3908 6562
414 342 491 411 εις
1822 358 1977 414 rem

2084 360 2208 418 ΤΙΟ.
3568 359 3639 415 ει

417 471 862 528 communionem
915 487 1038 527 cum
1095 470 1324 529 Paulino
1370 472 1659 533 ineundam
1712 476 1979 546 negabat;
2010 480 2060 540 Α
2085 479 2381 550 exquisitis
2411 488 2465 535 et
2501 478 2877 551 comportatis,
2907 493 3015 533 non
3046 478 3218 550 prima
3247 477 3426 548 specie
3446 491 3642 545 manus

422 565 625 635 quippe
649 579 773 618 eum
804 563 931 618 iniri
964 580 1072 619 non
1108 574 1312 635 posset,
1349 564 1481 639 quin
1512 567 1758 623 Meletius
1790 570 1985 638 reﬁce.-

421 661 595 715 retur,
618 653 712 724 qui
746 654 898 710 solus
915 654 1216 711 Antiochiae
1239 657 1512 728 legitimus
1534 665 1651 714 erat
1671 660 1980 729 episcopus.

419 744 621 800 Eadem
648 746 717 802 de
748 763 916 803 causa
959 748 1194 805 Basilius
1226 740 1422 823 (epist.
1458 751 1585 819 258,
1609 769 1665 807 n.
1692 753 1759 821 3)
1791 753 1987 808 leniter

419 837 771 908 reprehendit
804 840 858 894 in
908 839 1212 911 Epiphanio
1241 842 1432 896 initam
1467 858 1589 897 cum
1632 843 1842 898 Paulini
1880 843 1986 899 Ece

422 930 591 986 clesia
620 933 1063 988 communionem
1093 952 1106 987 :
1143 948 1253 988 non
1286 936 1431 1004 quod
1471 935 1633 989 unius
1673 936 1983 1006 hypostasis

420 1018 741 1079 defensores
770 1023 1342 1080 'excommunicandos
1385 1034 1438 1078 et
1477 1027 1547 1081 ah
1599 1024 1841 1082 Ecclesia
1879 1027 1982 1096 eji-

419 1111 647 1169 ciendos
670 1114 925 1180 duceret;
959 1116 1052 1170 sed
1088 1115 1374 1187 Epiphanii
1400 1120 1767 1173 constantiam
1801 1120 1985 1189 requi-

418 1204 598 1271 rebat,
628 1207 721 1275 qui
751 1220 875 1261 cum
905 1195 1014 1264 tres
1062 1208 1384 1280 hypostases
1431 1227 1659 1267 necesse
1685 1228 1809 1269 esse
1852 1227 1985 1267 con-

418 1294 564 1351 ﬁteri
611 1304 893 1363 censeret,
927 1313 1051 1352 cum
1087 1299 1400 1358 hominibus
1437 1318 1599 1357 unam
1642 1304 1983 1374 hypostasim

418 1388 802 1458 proﬁtentibus
851 1391 1385 1461 communicaverat,
1444 1404 1625 1463 spreta
1674 1403 1728 1449 et
1783 1394 1983 1464 rejecta

418 1477 619 1533 Meletii
696 1480 1106 1536 communione.
1174 1480 1325 1536 Fecit
1404 1483 1592 1539 eadem
1655 1468 1983 1540 defendendi

419 1568 620 1625 Meletii
699 1572 1033 1638 necessitas,
1112 1582 1175 1630 ut
1244 1575 1408 1631 unius
1475 1575 1788 1647 hypostasis
1852 1593 1983 1648 pro-

418 1660 628 1724 fessio,
689 1678 811 1732 quae
877 1679 1076 1735 magno
1131 1666 1317 1737 aliquo
1375 1668 1663 1723 commodo
1724 1684 1985 1740 compen-

418 1759 562 1816 sata,
596 1752 732 1809 levis
777 1754 895 1812 visa
939 1764 1106 1821 esset,
1150 1773 1275 1812 cum
1323 1759 1575 1815 maximis
1622 1760 1677 1815 in
1709 1760 1982 1816 Melctium

417 1842 639 1912 injuriis
677 1845 991 1915 conjuncta,
1042 1849 1323 1917 permagni
1373 1864 1497 1905 esse
1538 1851 1797 1906 momenti
1834 1852 1984 1907 vide-

419 1942 597 1991 retur.
623 1934 810 2006 Neque
833 1936 1000 1993 otiam
1039 1937 1111 1994 ab
1141 1940 1472 1995 Arianorum
1510 1942 1801 1998 calumniis
1831 1943 1986 1998 valde

417 2027 774 2083 metuendum
806 2028 1018 2093 fuisset,
1052 2030 1099 2086 si
1135 2047 1242 2086 una
1291 2033 1624 2104 hypostasis,
1669 2033 1836 2088 veluti
1876 2049 1983 2088 na:-

419 2136 523 2175 vus
544 2120 764 2191 quidam
786 2122 1088 2178 tolerabilis
1107 2131 1163 2178 et
1190 2125 1575 2194 ignoscendus,
1601 2126 1813 2180 veniam
1842 2126 1985 2196 apud

418 2211 737 2274 Catholicos
769 2213 1073 2279 habuisset,
1107 2215 1203 2271 sed
1232 2216 1277 2272 si
1319 2232 1590 2271 summum
1626 2218 1886 2273 honorem
1921 2234 1985 2274 ac

419 2305 789 2365 celebritatem
819 2304 1013 2376 adepta
1050 2316 1216 2372 esset,
1245 2323 1309 2363 ac
1337 2324 1531 2380 magna
1562 2307 1761 2365 Meletii
1795 2309 1983 2367 Eccle-

406 2392 504 2461 L‘sia
535 2394 736 2466 pusillo
757 2393 972 2453 Paulini
998 2400 1287 2454 conventui
1317 2399 1508 2457 fuisset
1538 2402 1814 2471 adjuncta,
1838 2403 1984 2459 velut

419 2489 468 2557 pi
498 2486 695 2543 ﬁumen
723 2487 901 2543 rivulo
930 2488 1289 2561 adjungatur;
1321 2500 1452 2551 tunc
1480 2494 1695 2549 Arianis
1718 2496 1984 2555 patuisset

396 2571 725 2645 latissimus
753 2578 822 2641 ad
854 2580 1299 2643 calumniandum
1327 2600 1574 2654 campus.

1119 2696 1146 2769 δ
1198 2694 1286 2753 lll.

416 2786 459 2855 1.
510 2787 845 2859 Vituperatus
897 2806 930 2843 a
986 2789 1257 2844 nonnullis
1299 2786 1357 2842 S.
1396 2787 1665 2852 Basilius,
1698 2790 1835 2859 quod
1888 2789 1984 2846 Dei

487 2858 700 2928 titulum
757 2858 984 2927 Spiritui
1046 2868 1231 2912 sancto
1285 2874 1389 2911 nou
1453 2875 1655 2928 semper
1712 2858 1978 2917 tribuerit.

483 2926 571 2999 ll.
597 2927 713 2982 Hoc
761 2926 1169 2999 temperamento
1204 2944 1333 2983 usus
1366 2938 1465 2988 est.
1493 2926 1571 2981 ut‘
1594 2931 1817 2998 inﬁrmis
1858 2949 1984 2986 con-

485 2998 681 3069 suleret
706 3008 755 3054 et
773 2998 1067 3069 Ecclesium
1097 3015 1249 3051 suam
1279 2999 1641 3052 ltwreticorum
1666 3001 1837 3069 furori
1858 3001 1983 3055 sub-

485 3068 735 3139 traheret.
800 3067 888 3129 Ill.
948 3067 1485 3139 Neutrum__prorsus
1557 3067 1978 3139 vituperandum.

2087 570 2301 627 dandas
2332 588 2456 628 esse
2482 579 2656 642 putet.
2688 571 2796 628 Sed
2827 571 2872 626 si
2924 570 3134 639 singula
3179 571 3511 639 vestigentur
3551 583 3643 622 ac-

2089 665 2361 733 curatius,
2402 665 2549 725 aliud
2590 678 2820 738 prorsus
2849 663 3054 719 feretur
3081 662 3147 719 de
3189 661 3246 717 S.
3281 661 3477 718 Basilio
3498 659 3643 732 judi—

2086 756 2253 813 cium.

2159 847 2220 902 ll.
2258 846 2487 919 Duabus
2524 847 2875 918 potissimum
2901 847 2967 903 de
3009 846 3192 903 causis
3225 845 3282 902 S.
3315 843 3494 901 doctor
3550 847 3644 899 Det

2086 957 2220 997 voce
2251 941 2526 996 interdum
2557 942 2613 994 in
2651 939 2996 1011 praedicanda
3023 938 3081 993 S.
3105 937 3339 1008 Spiritus
3365 936 3646 991 divinitate

2086 1035 2373 1089 abstinuit.
2396 1033 2577 1088 Prima
2600 1041 2737 1096 erat,
2761 1041 2821 1086 ut
2845 1032 3079 1088 inlirmis
3109 1029 3448 1084 consuleret:
3474 1027 3647 1082 altera

2086 1130 2147 1176 ut
2198 1122 2508 1177 furentibus
2540 1122 2812 1177 haereticis
2858 1121 3048 1175 locum
3081 1119 3395 1191 praeriperet
3434 1127 3648 1188 pertur-

2087 1211 2281 1265 banda-
2316 1219 2370 1265 et
2390 1211 2672 1266 vaStandae
2695 1210 3068 1281 Cappadociae.

2156 1303 2293 1358 Cum
2345 1303 2633 1360 Tarsensis
2682 1303 2925 1358 Ecclesia
2960 1304 3014 1357 in
3078 1302 3406 1357 Arianorum
3450 1312 3649 1357 manus

2087 1393 2398 1459 incidisset,
2431 1396 2685 1451 catholici
2717 1395 3016 1467 presbyteri
3042 1409 3164 1450 cum
3193 1394 3447 1465 episcopo
3475 1393 3649 1449 luere-

2088 1486 2197 1541 tico
2224 1488 2637 1542 communicare
2667 1487 2945 1552 nolebant,
2986 1501 3049 1542 ac
3082 1487 3334 1551 seorsim,
3361 1492 3418 1539 ut
3448 1484 3500 1538 in
3528 1485 3650 1555 plu-

2087 1578 2241 1634 ribus
2268 1579 2388 1634 aliis
2424 1578 2684 1635 Ecclesiis
2710 1578 2910 1633 factum
2942 1587 3045 1641 est.
3071 1578 3283 1648 plebem
3313 1591 3467 1632 suam
3491 1590 3647 1646 regeo

2087 1671 2241 1727 bant.
2281 1668 2387 1724 Sed
2424 1670 2569 1725 inter
2608 1685 2703 1725 eos
2743 1678 2933 1725 exorta
2969 1669 3259 1733 dissensio,
3306 1682 3370 1722 ac
3417 1666 3647 1738 Cyriaco
3726 1664 3731 1669 ’

2088 1759 2440 1830 presbytero,
2486 1758 2645 1829 cujus
2690 1756 2823 1815 ﬁdes
2881 1757 2937 1810 in
2970 1754 3338 1825 suspicionem
3386 1758 3647 1817 venerat,

2089 1852 2181 1905 alii
2209 1851 2512 1923 presbyteri
2546 1851 2890 1906 conditiones
2913 1848 3204 1903 nonnullas
3230 1846 3496 1905 ferebant,
3525 1844 3650 1915 qui-

2088 1943 2192 1999 bus
2223 1944 2313 1997 ille
2359 1944 2617 1998 assentiri
2657 1942 2892 1996 nolebat.
2923 1940 3223 1994 Consultus
3250 1937 3483 1993 Basilius
3509 1935 3649 1990 duas

2086 2048 2150 2089 ea
2179 2034 2246 2087 de
2269 2048 2327 2086 re
2358 2033 2622 2102 epistolas
2661 2031 2902 2100 scripsit,
2936 2031 3161 2083 alteram
3201 2027 3269 2080 ad
3302 2026 3651 2096 presbyteros

2087 2124 2411 2190 Tarsenses,
2463 2125 2689 2177 alteram
2733 2121 2801 2176 ad
2860 2122 3035 2191 ipsum
3071 2118 3379 2190 Cyriacum.
3412 2113 3647 2170 Demon-

2087 2226 2227 2274 strat
2266 2218 2461 2288 (epist.
2496 2214 2633 2284 M5)
2669 2212 3003 2284 presbyteris
3035 2212 3088 2265 in
3121 2226 3187 2265 eo
3226 2216 3370 2263 statu
3421 2223 3509 2261 res
3547 2205 3650 2262 Ec-

2085 2311 2268 2365 clesia:
2289 2308 2514 2370 versari,
2536 2314 2596 2360 ut
2622 2306 2756 2360 nihil
2785 2303 3066 2373 antiquius
3092 2316 3212 2357 esse
3241 2300 3455 2365 debeat,
3480 2311 3648 2368 quam

2086 2401 2327 2456 membra
2358 2399 2568 2457 divulsa
2587 2398 2957 2466 conjungere.
2991 2392 3109 2447 Fiet
3132 2402 3306 2446 autem
3323 2390 3647 2460 conjunctio,

2087 2492 2283 2563 inquit,
2315 2493 2362 2546 si
2400 2491 2637 2553 velimus,
2666 2486 2853 2557 quibus
2885 2486 2939 2538 in
2962 2484 3111 2539 rebus
3138 2484 3343 2555 animos
3368 2499 3472 2537 non
3494 2481 3650 2536 lwdi-

2084 2600 2232 2646 mus,
2265 2585 2321 2637 in
2351 2581 2428 2637 his
2480 2598 2574 2635 nos
2603 2579 2671 2632 ad
2694 2576 3015 2646 inﬁrmiores
3061 2575 3475 2629 accommodare.
3510 2570 3647 2628 Cum

2085 2674 2246 2744 igitur
2291 2689 2388 2726 ora
2434 2672 2600 2725 multa
2629 2673 2683 2724 in
2720 2668 2978 2738 Spiritum
3022 2675 3263 2720 sanctum
3299 2674 3480 2733 aperta
3515 2667 3644 2728 sint,

2086 2783 2147 2820 ac
2193 2766 2385 2835 lingua:
2422 2764 2491 2819 ad
2523 2761 2801 2832 jaciendas
2845 2764 2900 2816 in
2949 2760 3099 2814 illum
3150 2757 3497 2826 blaspltemias
3537 2757 3646 2811 sint

2084 2865 2341 2924 exacutw,
2373 2871 2618 2925 rogamus
2646 2872 2735 2909 vos
2771 2864 2850 2918 ut,
2879 2862 3133 2924 quantum
3158 2853 3212 2905 in
3251 2850 3394 2905 vobis
3430 2858 3528 2913 est,
3577 2847 3647 2903 ad

2083 2963 2301 3017 parvum
2348 2963 2619 3001 numerum
2659 2945 3081 3014 blasphemantes
3131 2942 3423 3012 redigatis:
3464 2949 3514 2995 et
3555 2940 3647 3010 qui

2086 3040 2344 3107 Spiritum
2389 3048 2628 3091 sanctum
2676 3046 2977 3093 creaturam
3023 3050 3133 3089 esse
3174 3050 3277 3087 non
3322 3033 3521 3093 dicunt,
3556 3048 3647 3085 eos

482 3135 574 3193 IV.
612 3124 1181 3210 Objecta‘solvuntur.
1213 3124 1285 3210 _v'.
1321 3138 1558 3210 Basilius
1598 3124 1802 3210 semper
1846 3124 1981 3195 me";
2007 3146 2052 3205 α
2085 3130 2349 3199 recipietis
2374 3130 2428 3184 in
2461 3129 2895 3189 communionem.
2925 3135 2984 3180 ιιι
3023 3125 3312 3196 blasphemi
3341 3124 3648 3192 relinquan-

483 3208 710 3263 sentiens
746 3226 848 3263 non
893 3225 1096 3277 semper
1126 3208 1305 3262 eodem
1332 3208 1486 3263 modo
1522 3211 1575 3263 in
1609 3209 1867 3272 luereticis
1900 3229 1983 3267 re-

482 3278 729 3349 fellendis
760 3289 1019 3335 versatur.

482 3393 528 3450 I.
548 3392 707 3451 Nunc
734 3393 883 3458 aliud
911 3392 1352 3465 reprehensionis
1379 3408 1576 3464 genus,
1608 3393 1768 3465 longe
1797 3394 1981 3451 diver-

414 3502 537 3556 sum
591 3486 882 3559 superiori,
919 3484 1353 3557 propulsandum
1403 3501 1435 3539 a
1474 3484 1531 3541 S.
1566 3484 1788 3541 Basilio.
1820 3486 1978 3554 Quod

411 3578 558 3641 enim
610 3577 886 3635 interdum
934 3577 1002 3634 de
1051 3587 1242 3633 sancto
1270 3575 1477 3647 Spiritu
1526 3578 1607 3633 sic
1644 3577 1885 3645 disserit,
1918 3588 1979 3634 ut

412 3684 615 3735 nomen
647 3668 743 3725 Dei
773 3684 881 3725 non
915 3669 1142 3732 tribuat,
1176 3668 1231 3723 id
1260 3676 1314 3724 et
1353 3668 1635 3727 nonnullis
1661 3669 1787 3723 olim
1833 3670 1980 3725 indi.

412 3762 723 3835 gnationem
752 3765 944 3829 movit,
976 3779 1078 3818 ncc
1108 3762 1309 3818 desunt
1348 3763 1510 3817 hodie
1540 3764 1634 3833 qui
1661 3763 1848 3818 Basilii
1874 3763 1977 3819 hac

410 3856 469 3911 in
498 3872 557 3911 re
591 3854 964 3915 fortitudinem
990 3857 1154 3910 animi
1190 3865 1243 3912 et
1266 3857 1636 3912 constantiam
1668 3858 1973 3924 requirant.

408 3945 624 4002 Prodiit
658 3949 847 4016 paucis
876 3951 945 4003 ab
979 3949 1107 4004 hinc
1130 3951 1292 4005 annis
1323 3951 1647 4020 opusculum
1673 3949 1974 4021 quoddam,

409 4035 466 4091 in
496 4051 606 4108 quo
642 4035 711 4092 de
735 4036 921 4093 Basilii
958 4038 1102 4099 facto
1140 4041 1452 4096 disseritur.
1498 4041 1760 4096 Basilium
1792 4057 1976 4113 repre‘

408 4126 603 4183 hendit
651 4132 846 4182 auctor
886 4128 1173 4197 opusculi,
1226 4143 1333 4182 non
1378 4137 1561 4184 tamen
1619 4130 1739 4186 sine
1793 4131 1975 4189 debita

406 4225 563 4275 tanto
594 4218 804 4274 doctori
850 4220 1196 4288 reverentia,
1239 4220 1388 4292 quod
1426 4221 1594 4275 animi
1640 4221 1972 4278 moderatio-

405 4325 533 4369 nem
576 4317 632 4365 et
679 4311 958 4366 lenitatem
1012 4310 1230 4381 longius
1283 4311 1625 4382 produxerit.
1688 4313 1975 4371 Existimat

405 4403 559 4458 illius
583 4403 877 4467 consilium
909 4418 1015 4481 non
1048 4404 1211 4458 modo
1231 4419 1325 4459 eos
1350 4406 1529 4461 exitus
1560 4422 1666 4461 non
1694 4407 1970 4475 habuisse,

2089 3230 2174 3275 tur
2198 3220 2319 3284 soli,
2358 3235 2421 3273 ac
2448 3217 2527 3273 rel
2551 3217 2749 3289 pudore
2786 3216 2977 3286 suffusi
3004 3216 3072 3269 ad
3107 3215 3374 3270 veritatem
3405 3210 3644 3275 redeant,

2086 3316 2184 3375 vel,
2216 3315 2262 3367 si
2301 3314 2355 3366 in
2396 3322 2609 3381 peccato
2652 3320 2898 3374 manent,
2954 3308 3268 3363 auctoritate
3319 3311 3534 3359 careant
3579 3300 3646 3355 ob

2085 3408 2425 3478 paucitatem.
2454 3403 2605 3458 Nihil
2645 3405 2807 3474 igitur
2852 3402 3083 3470 amplius
3130 3414 3513 3467 exposcamus:
3552 3394 3647 3450 sed

2084 3498 2372 3555 volentibus
2406 3496 2677 3551 nobiscum
2706 3494 2952 3564 conjungi
2988 3489 3246 3561 fratribus
3274 3490 3427 3554 ﬁdem
3462 3485 3651 3542 Nicas-

2085 3606 2205 3644 nam
2233 3602 2625 3657 proponamus:
2663 3602 2745 3648 ac,
2775 3586 2821 3639 si
2849 3584 2898 3640 ei
2941 3581 3319 3647 assentiuntur,
3350 3578 3483 3633 illud
3511 3597 3649 3650 qua-

2082 3700 2180 3751 que
2205 3683 2499 3752 exigamus,
2525 3678 2781 3747 Spiritum
2811 3685 3051 3731 sanetum
3072 3683 3370 3729 creaturam
3393 3672 3516 3725 duci
3539 3687 3651 3725 non

2084 3783 2335 3843 oportere.
2359 3781 2409 3826 et
2436 3787 2523 3825 eos
2567 3770 2657 3840 qui
2684 3768 2894 3829 dicunt,
2932 3765 3089 3834 recipi
3123 3768 3188 3817 ab
3225 3763 3353 3831 ipsis
3396 3761 3451 3814 in
3495 3776 3649 3813 com-

2082 3865 2380 3925 munionem
2436 3880 2541 3921 non
2592 3861 2794 3916 debere.
2850 3857 3002 3913 Nihil
3065 3866 3237 3911 autem
3298 3864 3490 3924 praeter
3529 3852 3650 3906 lucc

2080 3956 2463 4029 exposcendum
2507 3971 2622 4010 esse
2666 3969 2865 4007 censeo.
2915 3950 3096 4020 Ipsum
3130 3956 3308 4001 autem
3349 3942 3644 4017 Cyriacum

2080 4049 2336 4104 hortatur
2372 4048 2567 4118 (epist.
2594 4044 2746 4115 114),
2784 4050 2842 4096 ιιι
2878 4040 3038 4099 ﬁdem
3069 4038 3340 4095 Nicaanam
3384 4034 3650 4105 proﬁtea-

2079 4150 2189 4207 tur,
2225 4154 2326 4195 ncc
2371 4137 2536 4195 ullam
2573 4138 2627 4190 in
2653 4149 2716 4187 ea
2768 4146 2956 4186 vocem
2996 4128 3238 4198 rejiciat,
3284 4141 3345 4179 ac
3378 4132 3652 4196 prseterea

2084 4232 2347 4306 Spiritum
2384 4235 2630 4284 sanctum
2664 4232 2971 4279 creaturam
3009 4219 3117 4275 dici
3151 4234 3260 4272 non
3283 4218 3498 4278 debere,
3536 4231 3649 4271 nec

2080 4341 2204 4380 eum
2234 4323 2300 4379 iis
2325 4322 2418 4391 qui
2444 4320 2654 4384 dicunt,
2679 4310 3191 4371 communicandum
3214 4325 3338 4365 esse
3371 4309 3647 4363 declaret.

2080 4415 2199 4470 Non
2245 4410 2505 4482 probabat
2552 4421 2680 4477 ergo
2725 4403 2961 4459 Basilius
3004 4403 3144 4455 hanc
3193 4399 3368 4469 legem
3409 4395 3649 4467 Cyriaco

405 4509 548 4566 quos
593 4494 703 4551 sibi
740 4495 1113 4566 proponebat,
1147 4502 1205 4548 ut
1239 4496 1591 4564 placarentur
1639 4497 1966 4555 Pncumato-
2003 4503 2049 4558 D
2078 4505 2305 4576 imponi.
2341 4512 2400 4557 ut
2441 4499 2536 4554 Dei
2581 4513 2779 4555 nomen
2832 4493 3057 4565 Spiritui
3107 4500 3301 4549 sancto
3349 4492 3647 4555 tribueret,

405 4587 612 4653 machi,
654 4598 710 4644 et
759 4587 1154 4642 reducerentur
1194 4586 1417 4653 inﬁrmi,
1454 4589 1545 4645 sed
1601 4593 1762 4647 etiam
1794 4593 1971 4647 locum

408 4678 630 4735 dedisse
670 4681 907 4735 occultis
952 4678 1247 4745 haereticis,
1297 4682 1476 4752 qualis
1504 4691 1623 4737 erat
1658 4684 1973 4741 Eustathius

407 4770 769 4838 Sebastenus,
801 4788 922 4828 sese
951 4788 1074 4827 cum
1119 4767 1323 4829 Basilio
1361 4775 1765 4846 conjungeudi;
1802 4777 1974 4847 pluri-

403 4861 512 4922 bus
545 4873 729 4919 autem
777 4864 1128 4935 displicuisse
1175 4882 1283 4920 non
1319 4867 1498 4921 solum
1531 4870 1841 4933 monachis,
1875 4869 1971 4925 sed

402 4957 568 5010 etiam
630 4956 902 5028 episcopis
941 4973 1004 5012 ac
1060 4958 1164 5028 ipsi
1213 4959 1271 5013 S.
1323 4958 1557 5016 Meletio.
1608 4960 1778 5032 Negat
1828 4962 1969 5016 idem

403 5047 646 5117 scriptor
688 5057 840 5104 certo
887 5057 1142 5105 constare
1190 5065 1260 5107 an
1302 5050 1360 5107 S.
1394 5052 1698 5108 Athanasio
1745 5052 1969 5122 probata

400 5134 569 5199 fuerit
596 5136 785 5193 Basilii
817 5137 1010 5209 agendi
1052 5141 1193 5195 ratio
1220 5160 1232 5198 :
1259 5142 1469 5197 variam
1507 5158 1569 5197 ea
1596 5144 1663 5197 de
1697 5157 1756 5197 re
1781 5152 1968 5197 censet

402 5226 577 5283 fuisse
606 5227 855 5299 Gregorii
884 5228 1212 5295 Nazianzeni
1261 5234 1586 5289 sententiam
1616 5252 1630 5288 :
1682 5249 1746 5289 ac
1788 5234 1965 5304 ipsum

400 5318 569 5380 etiam
600 5318 885 5387 Basilium,
917 5338 1042 5378 cum
1087 5325 1301 5381 videret
1338 5341 1398 5380 se
1440 5340 1554 5381 rem
1612 5324 1965 5396 prmelarissi-

396 5425 547 5466 mam
583 5426 695 5466 non
741 5411 953 5478 facere,
1002 5414 1057 5469 in
1107 5417 1296 5487 gratim
1341 5418 1464 5471 loco
1509 5416 1614 5471 hoc
1665 5415 1888 5486 petiisse
1932 5430 1964 5470 a

400 5500 608 5572 Spiritu
658 5515 851 5561 saneto
894 5505 1124 5576 ejusque
1171 5506 1484 5562 divinitatis
1534 5503 1959 5570 defensoribus;

396 5601 589 5669 postea
618 5603 799 5650 autem
829 5596 933 5651 hoe
958 5604 1448 5667 temperamentum
1478 5595 1708 5651 missum
1743 5591 1958 5657 fecisse,

398 5700 507 5755 quo
518 5702 794 5758 nunquam
810 5704 944 5744 usus
958 5688 1108 5743 estin
1130 5686 1470 5743 defendendo
1483 5684 1957 5742 consubstantiali.

394 5774 565 5847 Nemo
595 5777 709 5843 fere
732 5788 815 5837 est
842 5777 936 5852 qui
964 5783 1045 5833 tot
1076 5776 1361 5832 rationum
1395 5777 1688 5833 momentis
1717 5774 1961 5847 undique

2076 4596 2239 4653 modo
2267 4609 2380 4648 rem
2410 4592 2515 4645 hoc
2543 4590 2762 4644 nomine
2798 4587 3158 4659 signiﬁcatam
3188 4584 3542 4638 conliteretur

2146 4683 2299 4752 Quod
2331 4690 2510 4736 autem
2548 4679 2825 4736 observari
2859 4677 3030 4733 voluit
3067 4675 3132 4730 ad
3162 4672 3437 4729 sanandos
3463 4681 3518 4726 et
3548 4687 3650 4728 rev

2074 4773 2352 4831 ducendos
2382 4771 2729 4834 inﬁrmiores.
2763 4770 2815 4827 id
2847 4770 2963 4841 ipse
3004 4765 3333 4830 observavit,
3362 4772 3421 4818 ut
3449 4780 3649 4834 pravo-

2073 4880 2195 4919 rum
2249 4863 2624 4917 haereticorum
2690 4862 2915 4917 insidias
2981 4859 3219 4913 Ecclesia
3281 4856 3650 4915 Cursariensis

2072 4955 2348 5025 ell‘ugeret.
2388 4951 2496 5008 Res
2530 4969 2558 5006 a
2596 4954 2654 5007 S.
2680 4952 2941 5022 Gregorio
2970 4950 3312 5005 Nazianzeno
3335 4948 3417 5002 sic
3444 4963 3649 5006 narra-

2072 5052 2179 5105 tur,
2208 5060 2290 5098 or.
2323 5042 2415 5106 20,
2443 5059 2495 5113 p.
2542 5042 2644 5097 364
2672 5061 2684 5096 :
2716 5042 3029 5111 Οἰκονομεῖν
3065 5039 3122 5097 δὲ
3167 5038 3291 5101 τοὺς
3342 5036 3532 5104 λόγους
3574 5038 3648 5091 ἐν

2070 5137 2268 5208 κρίσει,
2299 5135 2404 5188 τῶν
2435 5134 2742 5204 ἀναγκαίων
2768 5133 3001 5204 ἐνόμιζε,
3044 5129 3122 5201 τῷ
3154 5129 3280 5200 θείῳ
3308 5127 3471 5191 Δαὸὶδ
3501 5130 3647 5203 περὶ

2067 5227 2256 5281 τούτου
2290 5224 2888 5297 συμϐούλῳχρώμενος,
2923 5222 3018 5276 καὶ
3045 5221 3238 5297 μικρὸν
3265 5221 3388 5273 ὅσον
3416 5218 3506 5272 τὸν
3533 5219 3642 5277 τοῦ

2067 5317 2303 5388 πολέμου
2346 5317 2534 5388 καιρὸν
2575 5315 2866 5385 διαφέρειν,
2914 5314 3005 5375 καὶ
3050 5314 3145 5383 τὴν
3187 5311 3293 5365 τῶν
3337 5311 3646 5381 alpes-XCIV

2064 5408 2396 5472 δυναστείαν,
2430 5409 2534 5472 ἕως
2582 5408 2611 5464 ὁ
2658 5407 2755 5477 τῆς
2784 5403 3090 5477 ἐλευθερίας
3130 5401 3376 5455 ἐπιλάϐοι
3416 5401 3641 5473 καιρὸς,

2063 5502 2156 5554 καὶ
2197 5500 2270 5571 δῷ
2307 5503 2372 5570 τῇ
2416 5499 2632 5571 γλώσσῃ
2674 5497 2768 5569 τὴν
2810 5494 3138 5571 παρρησίαν.
3176 5494 3238 5547 Ol
3275 5494 3373 5563 μὲν
3396 5486 3645 5562 ’ἐζήτουν

2026 5642 2037 5655 ,
2063 5591 2320 5646 λαϐέσθαι
2345 5591 2553 5660 γυμνῆς
2584 5590 2681 5660 τῆς
2709 5587 2836 5659 περὶ
2864 5586 2958 5640 τοῦ
2984 5583 3296 5654 Πνεύματος
3320 5581 3523 5651 φωνῆς,
3550 5580 3647 5648 ὡς

2065 5685 2149 5755 εἴη
2179 5682 2310 5747 Θεὸς
2333 5683 2486 5753 (ὅπερ
2513 5680 2573 5733 ὃν
2600 5679 2816 5751 ἀληθὲς,
2839 5675 3034 5738 ἀσεϐὲς
3062 5671 3288 5735 ἐκεινοις
3312 5669 3646 5741 ὑπελαμϐά-

2063 5792 2204 5844 vero,
2228 5776 2319 5831 καὶ
2354 5774 2432 5847 τῷ
2468 5774 2622 5847 κακῷ
2649 5771 2927 5844 προστάτῃ
2966 5768 3062 5839 τῆς
3102 5765 3396 5839 ἀσεϐείας),
3422 5765 3509 5832 ῐνᾳ
3533 5763 3642 5829 ’ἱὸν
