3908 6566
458 355 532 414 27
1868 368 2263 428 PRAFATIO.
3616 373 3690 438 28

456 486 530 531 ex
562 472 825 541 Ecclesia,
851 489 972 546 quae
1004 491 1112 531 non
1155 492 1251 533 eos
1276 478 1569 550 recepisse,
1614 479 1706 537 sed
1740 482 1807 539 ab
1838 484 1919 540 eis
1943 500 2033 540 re-
2060 487 2109 546 Α
2136 504 2277 558 ergo,
2312 505 2406 544 nos
2436 490 2490 545 in
2523 492 2719 547 crimen
2750 496 2937 548 vacetis
2975 494 3089 566 (nee
3135 496 3271 549 enim
3301 493 3497 549 invidia
3531 504 3582 550 et
3610 511 3691 550 re-

458 574 616 637 cepta
651 567 963 635 videretur;
1009 569 1153 638 quod
1201 571 1420 640 quidem
1461 588 1736 641 nunquam
1777 577 2026 631 commit-

458 658 682 717 tendum
715 674 838 716 esse
876 661 1073 717 merito
1114 662 1272 718 docet
1312 663 1548 721 Basilius
1590 666 1645 721 in
1691 667 1851 726 epist.
1896 668 2023 723 266.

460 749 530 805 At
574 750 765 806 iisdem
804 752 1164 810 redeuntibus
1213 756 1333 810 sine
1385 757 1868 816 consubstantialis
1900 775 2029 830 pro-

462 840 719 905 fessione,
749 857 859 896 non
894 851 1073 900 tamen
1102 845 1220 901 sine
1247 845 1587 916 professione
1611 849 1734 904 ﬁdei
1766 850 1870 905 bac
1894 865 2028 905 voce

458 942 763 1003 contentae;
792 951 1078 991 numerum
1115 938 1351 993 ﬁliorum
1403 955 1626 994 suorum
1660 942 1889 1012 augebat
1921 941 2026 998 Ec-

460 1026 650 1092 clesia,
688 1027 949 1082 incolumi
987 1043 1212 1098 prorsus
1243 1030 1552 1087 traditionis
1580 1032 1850 1103 deposito.

534 1115 591 1170 3-
617 1113 910 1171 Sententiae
955 1131 1068 1171 sua:
1095 1132 1323 1188 magnos
1353 1121 1683 1191 ascriptores
1714 1130 1769 1178 et
1796 1123 2030 1177 imitato-

462 1221 556 1263 res
583 1207 772 1262 habuit
799 1206 1056 1264 Basilius.
1105 1212 1308 1266 Praeter
1354 1212 1736 1281 Athanasium,
1766 1214 1860 1286 qui
1882 1214 2031 1271 Basi-

464 1297 524 1352 lii
557 1298 758 1353 factum
790 1300 1038 1369 probavit
1061 1308 1116 1356 et
1148 1300 1410 1366 defendit,
1436 1314 1496 1360 ut
1523 1307 1681 1361 modo
1704 1307 2025 1375 videbimus,

464 1388 724 1444 Basilium
779 1390 1026 1445 imitatur
1076 1390 1375 1464 Gregorius
1412 1394 1787 1453 Nazianzenus
1832 1398 1887 1453 in
1911 1414 2032 1453 ora-

465 1476 613 1536 tione
642 1481 730 1547 44,
756 1497 809 1551 p.
856 1483 976 1547 7l0,
1027 1485 1119 1538 ubi
1163 1487 1242 1542 sic
1276 1487 1558 1559 loquitur:
1595 1490 1897 1562 Συμόῶμεν
1934 1492 2029 1546 ἀλ-

464 1574 645 1646 λήλοις
671 1575 1051 1645 πνευματικῶς
1069 1595 1083 1607 ·
1113 1576 1398 1649 γενώμεθα
1425 1580 1733 1652 φιλάδελφοι
1765 1582 1963 1653 μᾶλλον
1993 1583 2027 1655 ἢ

466 1665 733 1736 φίλαυτοι.
764 1665 892 1719 Δότε
926 1666 1024 1738 τὴν
1057 1668 1285 1739 δύναμιν
1316 1671 1416 1741 τῆς
1450 1671 1718 1743 θεότητος,
1755 1674 1844 1727 καὶ
1865 1672 2031 1726 δώσο-

470 1773 568 1828 μεν
611 1758 739 1828 ὑμῖν
779 1761 876 1829 τῆς
907 1759 1090 1829 φωνῆς
1128 1760 1228 1831 τὴν
1263 1760 1634 1833 συγχώρησινο
1669 1764 2031 1834 ὁμολογήσαιτε

2133 581 2471 647 prcltensione
2511 585 2675 653 premi
2711 584 2858 640 debet
2908 585 3213 653 hujusmodi
3263 588 3551 659 ascensus),
3600 602 3690 641 nec

2131 684 2225 722 nos
2248 670 2478 724 vicissim
2511 689 2629 727 eam
2666 691 2859 741 vocem,
2908 677 3059 746 cujus
3098 676 3255 731 modo
3298 694 3512 746 capaces
3540 680 3687 745 estis,

2131 758 2273 813 vobis
2316 760 2620 830 objiciemus
2669 780 2688 818 :
2743 766 2978 836 quandiu
3035 768 3155 821 alio
3196 769 3383 822 itinere
3433 769 3500 822 ad
3555 767 3690 823 idem

2132 850 2417 919 hospitium
2447 855 2706 934 feremini.
2756 857 2877 912 Non
2918 860 3056 913 enim
3101 861 3373 914 victoriam
3412 858 3691 925 ambimus,

2132 943 2222 996 sed
2248 954 2305 997 ut
2327 946 2545 1013 fratres,
2576 964 2801 1017 quorum
2834 953 3164 1020 separatione
3189 952 3597 1021 distorquemur,
3623 950 3690 1004 ad

2133 1049 2227 1089 nos
2257 1036 2490 1101 redeant,
2525 1038 2850 1096 laboramus.
2888 1040 3013 1097 Hec
3054 1042 3346 1113 Gregorius
3392 1042 3694 1098 disserebat

2132 1124 2602 1201 Constantinopoli
2658 1151 2671 1185 :
2729 1133 2957 1203 ejusque
3027 1134 3195 1188 animi
3264 1133 3692 1188 moderationem

2133 1217 2293 1286 paulo
2330 1226 2452 1288 post
2498 1219 2614 1288 ipsa
2650 1221 2889 1291 synodus
2929 1220 3528 1292 Constantinopolitana
3547 1222 3697 1292 judi-

2134 1307 2205 1363 cii
2236 1307 2319 1363 sui
2352 1311 2674 1366 auctoritate
2702 1312 3100 1384 comprobavit,
3133 1330 3253 1385 quae
3284 1313 3569 1369 Dominum
3597 1330 3699 1385 ap.-

2134 1399 2350 1469 pellavit
2393 1399 2652 1471 Spiritum
2699 1412 2945 1460 sanctum
2969 1445 2985 1471 ,
3033 1405 3127 1461 sed
3159 1413 3220 1460 ut
3259 1406 3327 1461 iis
3365 1407 3695 1472 consuleret,

2134 1503 2364 1557 quorum
2383 1492 2580 1547 animis
2604 1495 2916 1564 scrupulus,
2945 1494 3324 1550 subabsurdus
3346 1495 3435 1551 ille
3453 1495 3697 1565 quidem,

2137 1579 2228 1634 sed
2246 1587 2426 1636 tamen
2453 1581 2816 1652 ignoscendus
2834 1584 3122 1650 insidebat,
3144 1584 3238 1641 Dei
3262 1600 3446 1642 vocem
3472 1587 3525 1641 in
3555 1603 3704 1658 sym-

2136 1670 2317 1725 bolum
2346 1672 2688 1728 inserendam
2719 1691 2840 1731 esse
2870 1691 2979 1730 non
3006 1676 3243 1732 censuit.

2209 1762 2315 1818 Sed
2344 1763 2478 1820 forte
2502 1766 2838 1837 indulgentia
2861 1771 2915 1824 in
2939 1770 3183 1826 inﬁrmos
3207 1770 3322 1840 ipsa
3346 1769 3701 1828 humanitatis

466 1849 563 1921 τὴν
603 1850 764 1919 φύσιν
809 1853 865 1904 ὲν
906 1851 1096 1915 ἄλλαις
1123 1856 1348 1922 φωναῖς,
1402 1849 1492 1918 αἷς
1537 1854 1767 1908 αἰδεῖσθε
1798 1855 2027 1926 μᾶλλον⁸

2147 1854 2315 1922 specie
2345 1855 2578 1924 placebit
2599 1896 2611 1918 ,
2645 1864 2699 1911 at
2738 1859 2918 1914 minus
2964 1860 3332 1922 considerata,
3364 1859 3701 1931 nimiumque

467 1943 561 1996 καὶ
591 1943 665 2007 ὡς
702 1942 943 2008 ἀσθενεῖς
972 1945 1115 2015 ὑμᾶς
1144 1946 1517 2018 ἰατρεύσομεν,
1544 1948 1689 2002 ἐστιν
1730 1948 1766 2003 ἃ.
1803 1949 1895 2003 καὶ
1925 1947 2033 2002 τῶν

467 2031 605 2103 πρὸς
634 2032 825 2105 ἡδονὴν
865 2034 1332 2106 παρακλέψαντες.
1376 2036 1609 2107 Αἰσχρδν
1653 2037 1751 2107 μὲν
1788 2036 1916 2109 γὰρ,
1951 2038 2035 2090 αἱ·

470 2126 631 2196 σχρδν
672 2132 764 2180 καὶ
799 2128 996 2191 ἱκανῶς
1039 2127 1245 2196 ἄλογον,
1296 2128 1435 2181 κατὰ
1459 2126 1634 2201 ψυχὴν
1672 2129 2033 2200 ἐρρωμένους,

473 2220 905 2291 μικρολογεῖσϐαι
940 2220 1065 2291 περὶ
1095 2220 1184 2272 τὸν
1223 2216 1374 2291 ἦχον,
1408 2220 1499 2272 καλ⁵
1527 2221 1786 2293 κρύπτειν
1817 2221 1908 2274 τὸν
1941 2222 2037 2293 θη-

471 2312 688 2383 σαυρὸν,
724 2310 910 2382 ὥσπερ
950 2311 1127 2373 ἄλλοις
1161 2297 1572 2380 βασκαίνοντας,
1612 2310 1645 2381 ἢ
1683 2310 1758 2382 μὴ
1811 2311 1903 2365 καὶ
1937 2311 2036 2382 τὴν

469 2399 720 2470 γλῶσσαν
767 2402 1028 2473 ἀγιάσητε
1076 2402 1406 2468 δεδοικότας’
1469 2403 1676 2473 ατο-χιον
1718 2403 1775 2463 δὲ
1829 2406 1962 2475 ἡμῖν
2007 2402 2037 2456 ὃ

470 2493 807 2564 ἐγκαλοῦμεν
855 2493 1066 2559 παθεῖν,
1097 2496 1191 2549 καὶ
1223 2494 1571 2566 μικρολογίαν
1610 2494 2040 2565 καταγινώσκον-

470 2602 589 2649 τας,
651 2586 844 2652 αὐτοὺς
900 2587 1337 2658 μικρολογεῖσθαι
1398 2589 1526 2660 περὶ
1590 2587 1656 2642 τὰ
1717 2588 2035 2659 γράμματα.

471 2677 618 2740 Μιᾶς
653 2675 923 2747 Θεότητος,
965 2673 1010 2732 ὦ
1048 2672 1213 2742 οὗτοι,
1247 2680 1347 2751 τὴν
1401 2680 1605 2751 Τριάδα
1647 2681 2037 2755 ὁμολογήσατε,

472 2768 603 2822 εἰδὲ
633 2769 906 2839 βούλεσθε,
945 2774 1071 2843 μιᾶς
1102 2773 1348 2842 φύσεως·
1395 2774 1488 2827 καὶ.
1534 2774 1633 2845 τὴν
1676 2774 1810 2839 Θεὸς
1855 2775 2039 2846 φωνὴν

474 2861 624 2933 παρὰ
651 2861 742 2915 τοῦ
770 2864 1077 2934 Πνεύματος
1106 2866 1232 2934 ὑμῖν
1270 2868 1584 2938 αἰτήσομεν.
1620 2866 1790 2921 Δὼσει
1819 2868 1946 2938 γὰρ,
1981 2859 2039 2920 εὗ

473 2949 610 3017 οἶδα,
632 2952 660 3006 ὁ
686 2953 747 3006 τὸ
771 2954 979 3025 πρῶτον
1008 2954 1130 3019 δοὺς
1162 2956 1253 3009 καὶ
1280 2957 1341 3010 τὺ
1375 2957 1642 3028 δεύτερον,
1668 2959 1762 3010 καὶ
1788 2959 2039 3028 μάλιστα,

474 3046 524 3098 εί
554 3045 721 3098 δειλία
751 3062 832 3107 τις
867 3044 949 3116 εἴη
984 3049 1345 3120 πνευματικὴ,
1386 3049 1519 3103 ἀλλὰ
1557 3050 1631 3120 μὴ
1659 3049 1902 3112 ἔνστασις
1925 3050 2043 3103 δια-

476 3132 660 3204 ϐολικὴ
688 3134 747 3187 τὸ
776 3135 1094 3205 μαχόμενον,
1125 3138 1244 3192 Ἔτι
1277 3138 1602 3209 σαφέστερον
1630 3139 1768 3193 εἴπω
1799 3140 1890 3192 καὶ
1918 3156 2042 3192 συν-

474 3226 800 3298 τομώτερον,
838 3227 973 3296 μήτε
1009 3228 1166 3295 ὑμεῖς
1195 3230 1341 3301 ἡμᾶς
1378 3229 1635 3300 εὐθύνητε
1665 3231 1762 3300 τῆς
1787 3230 2046 3301 ὑψηλοτέ-

478 3335 576 3391 ρας
629 3317 811 3387 φωνῆς
864 3318 1075 3388 (φθόνος
1123 3320 1231 3392 γάρ
1288 3321 1462 3385 οὐδεὶς
1510 3322 1869 3389 ἀναϐάσεως),
1920 3322 2045 3376 οὗτε

475 3410 635 3481 ἡμεῖς
662 3409 760 3481 τὴν
806 3411 1032 3481 ὲφικτὴν
1059 3412 1195 3473 τέως
1237 3413 1364 3483 ὑμῖν
1407 3414 1792 3485 ὲγκαλέσομεν,
1838 3415 1942 3479 ἕως
1981 3416 2047 3470 ἂν

476 3503 571 3556 καὶ
595 3502 662 3555 δι’
684 3502 846 3573 ἄλλης
864 3502 982 3556 ὁδοῦ
1014 3504 1148 3574 πρὸς
1171 3504 1231 3557 τὸ
1259 3505 1388 3557 αὐτὸ
1413 3504 1550 3576 φέρη
1560 3504 1649 3558 σθε
1674 3507 2012 3577 καταγώγιον
2030 3527 2044 3542 ο

476 3593 539 3646 οὐ
560 3593 670 3664 γὰρ
686 3592 903 3664 νικῆσαι
934 3593 1221 3665 ζητοῦμεν,
1255 3594 1389 3649 ἀλλὰ
1419 3596 1740 3668 προσλαϐεῖν
1767 3598 2047 3669 ἀδελφοὺς,

477 3676 554 3739 ὧν
578 3683 657 3755 τῷ
680 3684 940 3756 χωρισμῷ
970 3687 1390 3758 σπαρασσόμεθα
1419 3704 1433 3718 ⁸
1482 3688 1670 3743 Verum
1701 3692 2050 3757 spiritualiter

478 3777 616 3833 inter
640 3793 733 3831 nos
766 3776 900 3831 hanc
949 3781 1356 3834 controversiam
1386 3782 1738 3851 transigamus
1760 3798 1778 3834 :
1802 3783 2050 3852 fraterna:

477 3871 653 3940 potius
679 3870 956 3925 cltaritatis
981 3869 1237 3934 studium,
1266 3888 1424 3940 quam
1463 3873 1632 3926 nostri
1671 3890 1900 3929 amorem
1941 3890 2051 3943 prae

480 3963 629 4018 nobis
669 3962 921 4031 feramus.
963 3963 1081 4016 Vim
1137 3964 1427 4017 divinitatis
1476 3981 1539 4018 ac
1580 3966 1863 4033 potentiam
1904 3963 2050 4018 nobis

481 4054 623 4118 date,
657 4062 707 4107 et
752 4070 845 4108 nos
880 4054 1111 4108 vicissim
1160 4054 1449 4109 divinitatis
1483 4071 1655 4109 vocem
1693 4056 1835 4109 vobis
1873 4072 2053 4109 conce-

481 4144 685 4199 demus.
714 4142 983 4198 Naturam
1013 4144 1135 4199 aliis
1164 4146 1392 4211 vocibus,
1421 4146 1606 4215 quibus
1644 4147 1761 4216 plus
1799 4146 2048 4210 tribuitis,

482 4236 838 4305 conﬁteamini
872 4252 889 4290 :
929 4252 990 4289 ac
1036 4253 1145 4299 vos,
1185 4245 1241 4289 ut
1281 4237 1519 4305 inﬁrmos
1568 4236 1890 4296 curabimus.
1922 4255 2053 4291 non-

483 4327 634 4382 nulla
679 4326 820 4381 vobis
868 4337 1023 4397 grata
1079 4336 1127 4382 et
1173 4327 1415 4396 jucunda
1455 4327 1795 4397 sulfurantes.
1844 4326 2052 4382 Etenim

485 4426 633 4490 turpe
659 4419 866 4490 quidem
897 4419 1030 4473 illud
1063 4428 1162 4484 est,
1196 4432 1360 4488 turpe,
1394 4421 1631 4490 inquam,
1677 4437 1738 4473 ac
1768 4420 2053 4488 perabsur-

2133 1942 2362 1997 remissa
2409 1943 2681 1999 videbitur
2722 1946 2908 2003 Basilii
2960 1963 3084 2002 cum
3131 1949 3393 2018 improbis
3431 1948 3704 2004 haereticis

2134 2033 2327 2103 agendi
2358 2035 2521 2091 ratio.
2561 2034 2667 2091 Sed
2698 2045 2875 2093 tamen
2906 2042 2952 2095 si
2983 2040 3212 2095 alterum
3242 2040 3521 2110 probetur,
3560 2040 3702 2094 alte-

2134 2139 2256 2178 rum
2294 2124 2587 2195 improbari
2619 2142 2724 2182 non
2765 2136 2963 2199 potest.
3012 2128 3147 2184 Nam
3189 2146 3312 2184 cum
3356 2129 3571 2186 Arianis
3608 2131 3709 2184 ad-

2135 2217 2267 2270 itum
2292 2218 2347 2272 in
2373 2217 2770 2288 Cappadociam
2793 2221 2896 2274 hoc
2926 2228 3354 2292 temperamento
3377 2221 3709 2277 interclude-

2136 2315 2217 2360 ret
2245 2305 2498 2373 Basilius,
2552 2316 2705 2376 tunc,
2739 2310 2784 2365 si
2817 2325 3057 2379 unquam
3090 2311 3245 2376 alias,
3279 2311 3530 2381 plurimis
3559 2312 3711 2365 inﬁr—

2136 2400 2243 2454 mis
2275 2401 2619 2464 consulebat,
2651 2417 2790 2472 quos
2815 2403 3123 2472 persecutio
3153 2403 3211 2456 in
3240 2404 3531 2458 maximum
3561 2405 3712 2474 peri-

2138 2492 2319 2547 culum
2348 2494 2693 2562 coniecisset.
2726 2493 2928 2549 Deinde
2954 2509 3083 2549 vero
3104 2509 3212 2549 non
3241 2494 3462 2566 indigna
3484 2510 3570 2550 res
3587 2503 3711 2549 erat

2138 2583 2403 2639 charitate
2443 2583 2663 2651 Basilii,
2706 2600 2777 2639 ne
2809 2583 3117 2641 furentibus
3165 2585 3383 2655 quidem
3434 2585 3723 2641 lnereticis

2140 2674 2372 2743 amplius
2403 2673 2700 2743 quidquam
2733 2688 3032 2742 pr0ponere
3052 2712 3067 2737 ,
3098 2690 3262 2745 quam
3295 2675 3439 2744 quod
3481 2677 3723 2733 omnino.

2140 2766 2510 2820 necessarium
2545 2766 2612 2820 ad
2643 2766 2972 2821 catholicum
3006 2765 3200 2837 dogma
3222 2767 3551 2837 judicabat?

2213 2857 2345 2913 Illud
2385 2865 2563 2913 autem
2606 2858 2659 2911 in
2710 2858 2900 2927 primis
2928 2857 3327 2913 observandum
3367 2869 3470 2924 est,
3504 2874 3729 2930 nequa-

2141 2966 2309 3021 quam
2339 2950 2678 3006 commisisse
2709 2949 2994 3015 Basilium,
3026 2958 3085 3005 ut
3114 2950 3208 3006 Dei
3239 2966 3438 3005 nomen
3482 2950 3716 3021 Spiritui

2145 3053 2335 3102 sancto
2380 3047 2433 3101 in
2472 3045 2715 3102 Ecclesia
2749 3044 2919 3099 tribui
2971 3044 3279 3108 desineret,
3326 3044 3420 3100 sed
3450 3060 3593 3115 saepe
3635 3046 3717 3100 illi

2145 3139 2292 3193 hunc
2337 3140 2553 3193 titulum
2595 3145 2648 3192 et
2681 3151 2777 3207 per
2824 3151 2883 3191 se
2925 3144 2980 3192 et
3024 3150 3121 3207 per
3170 3135 3397 3190 alterum
3448 3136 3718 3206 seipsum,

2147 3231 2464 3301 Gregorium
2524 3228 2965 3294 Nazianzenum,
3024 3226 3306 3282 tribuisse.
3365 3225 3423 3280 ld
3481 3235 3720 3283 testatur

2147 3321 2439 3391 Gregorius
2457 3320 2851 3385 Nazianzenus,
2867 3320 2956 3390 qui
2970 3320 3074 3383 his,
3091 3332 3212 3388 quae
3230 3317 3389 3372 modo
3401 3319 3721 3384 retulimus,

2148 3414 2331 3469 statim
2375 3412 2521 3466 addit
2547 3415 2620 3481 (p.
2647 3410 2772 3482 364)
2804 3428 2819 3463 :
2869 3410 3019 3465 Ἐπεὶ
3060 3411 3141 3464 ὅτι
3172 3427 3235 3478 γε
3270 3409 3465 3473 παντὸς
3504 3409 3713 3478 μᾶλλον

2147 3504 2261 3575 ᾔδει
2295 3505 2356 3556 τὸ
2388 3504 2606 3574 Πνεῦμα
2638 3503 2791 3567 Θεὸν,
2823 3503 2981 3574 δῆλον
3018 3502 3117 3573 μὲν
3151 3500 3210 3566 ἐξ
3248 3496 3322 3557 ὧν
3348 3503 3444 3555 καὶ
3480 3501 3727 3572 δημοσίᾳ.

2148 3594 2305 3647 τοῦτο
2333 3593 2588 3658 πολλάκις
2619 3593 2901 3665 ἐκήρυξεν,
2926 3593 2979 3645 εἴ
3002 3610 3132 3647 ποτε
3157 3592 3348 3665 καιρὸς
3372 3588 3459 3663 ἢν,
3490 3593 3583 3646 καὶ
3616 3592 3730 3662 ἰδίᾳ

2147 3688 2259 3749 τοῖς
2288 3684 2529 3756 ἐρωτῶσι
2553 3683 2844 3757 προθύμως
2864 3684 3272 3755 ἀνωμολόγησε,
3305 3684 3641 3754 σαφέστερον
3667 3682 3729 3736 δὲ

2150 3779 2447 3848 πεποίηκεν
2486 3778 2543 3830 ὲν
2575 3778 2684 3839 τοῖς
2722 3776 2857 3846 πρὸς
2903 3775 3002 3846 ἐμὲ
3052 3775 3259 3844 λόγοις,
3296 3775 3432 3845 πρὸς
3464 3774 3522 3827 ὃν
3562 3773 3736 3827 οὐδὲν.

2151 3870 2458 3941 ἀπόρρητον
2499 3864 2567 3939 ἧν
2615 3866 2763 3937 αὐτῷ
2806 3867 2935 3938 περὶ⁸
2989 3866 3193 3920 τούτων
3238 3865 3727 3935 κοινολογουμένῳ,

2154 3956 2287 4024 μηδὲ
2329 3954 2512 4016 ἁπλῶς
2554 3953 2709 4007 τοῦτο
2752 3954 3205 4025 ἀποφηνάμενος,
3260 3952 3394 4017 ἀλλ’,
3427 3954 3456 4006 ὃ
3492 3954 3732 4024 μηδέπω

2152 4046 2415 4117 πρότερον
2447 4046 2705 4110 πολλάκις
2734 4046 3031 4115 πεποίηκεν
3050 4084 3064 4108 ,
3101 4043 3513 4115 ἐπαρασάμενος
3541 4044 3731 4115 ἑαυτῷ

2149 4137 2210 4190 τὸ
2251 4137 2712 4209 φρικωδέστατον,
2753 4137 2916 4191 αὑτοῦ
2958 4135 3051 4187 τοῦ
3101 4135 3417 4205 Πνεύματος
3449 4137 3730 4203 ἐκπεσεῖν,

2152 4230 2201 4282 εἰ
2248 4230 2322 4299 μὴ
2374 4228 2519 4282 σέϐοι
2554 4229 2616 4281 τὸ
2664 4227 2886 4298 Πνεῦμα
2920 4226 3056 4296 μετὰ
3089 4226 3300 4297 Πατρδς
3350 4227 3441 4279 καί
3471 4225 3602 4279 Υἱοῦ
3651 4226 3734 4291 ὡς

2151 4321 2433 4391 ὁμοούσιον
2459 4321 2551 4373 καὶ
2582 4320 2860 4390 ὁμότιμον.
2892 4318 2954 4370 Εἰ
2983 4316 3040 4370 δέ
3086 4317 3153 4387 μέ
3178 4334 3262 4379 τις
3289 4314 3501 4381 δέξαιτο
3530 4332 3737 4369 κοινω-

2153 4410 2240 4464 νὸν
2288 4410 2493 4465 ἐκείνου
2544 4410 2645 4462 κάν
2689 4410 2800 4471 τοῖς
2849 4405 3140 4487 τοιούτοιςή,
3174 4404 3512 4477 ὲξαγορεύσω
3543 4421 3595 4456 τι
3633 4405 3737 4457 καὶ

484 4511 635 4576 dum,
667 4528 785 4565 cum
808 4512 987 4567 animo
1024 4512 1214 4580 optime
1240 4512 1483 4574 valeatis,
1515 4514 1658 4566 circa
1705 4513 1841 4566 vocis
1868 4529 2042 4567 sonum

2153 4500 2261 4555 τῶν
2284 4505 2396 4565 τοῖς
2426 4499 2637 4563 πολλοῖς
2668 4499 2804 4563 τέως
2837 4497 3220 4568 ἀγνοουμένων
3240 4537 3253 4559 ,
3295 4496 3376 4548 ὅτι
3410 4493 3500 4548 τοῦ
3525 4495 3736 4564 καιροῦ

478 4600 687 4671 ιεῇιιηοε
711 4609 761 4655 et
792 4601 1017 4655 minutos
1045 4618 1134 4655 vos
1160 4600 1407 4670 prwbere,
1440 4618 1503 4655 ac
1540 4601 1841 4655 thesaurum
1872 4602 2049 4655 occul-

487 4700 620 4754 tare,
660 4692 815 4761 quasi
866 4691 986 4746 aliis
1030 4709 1147 4746 eum
1183 4692 1468 4748 invidentes
1513 4703 1606 4748 aut
1648 4703 1950 4756 metuentes,
1991 4710 2053 4747 ne

485 4782 722 4853 linguam
763 4800 963 4853 quoque
1018 4792 1243 4838 uestram
1276 4785 1657 4853 sancti/icetis;
1703 4787 1905 4853 turpius
1953 4800 2050 4837 au-

485 4882 592 4929 tem
628 4874 776 4928 nobis
818 4882 896 4928 est
927 4874 1104 4929 eodem
1148 4876 1273 4930 vitio
1312 4878 1510 4941 teneri,
1553 4875 1690 4945 quod
1740 4875 1878 4931 vobis
1920 4875 2053 4944 obji—

486 4965 677 5028 cimus,
702 4974 873 5034 atque,
906 4980 1021 5017 cum
1056 4965 1270 5018 anxiam
1293 4975 1516 5019 vestram
1552 4965 1615 5020 de
1661 4968 1877 5019 minutis
1903 4965 2052 5021 rebus

487 5057 867 5112 contentionem
905 5055 1235 5120 damnemus,
1268 5059 1569 5112 litterarum
1596 5068 1767 5111 tamen
1802 5059 2054 5111 minutias

490 5149 646 5203 anxie
668 5165 870 5219 urgere.
908 5148 1243 5214 Trinitatem,
1279 5167 1308 5203 ο
1352 5151 1473 5214 viri,
1512 5151 1667 5205 unius
1705 5149 1914 5204 deitatis
1946 5166 2057 5205 esse

492 5239 788 5310 fateamini,
818 5248 931 5306 aut,
964 5241 1012 5295 si
1034 5242 1204 5311 magis
1228 5242 1419 5311 placet,
1451 5245 1603 5296 unius
1630 5253 1874 5296 naturae:
1905 5251 2058 5312 atque

493 5330 629 5385 hanc
675 5348 869 5399 vocem,
921 5331 1085 5395 Deus,
1128 5351 1161 5387 a
1217 5333 1420 5403 Spiritu
1468 5333 1608 5387 vobis
1653 5332 2055 5402 postulabimus.

491 5421 655 5477 Dabit
682 5424 823 5477 enim
864 5425 1096 5494 profecto
1130 5425 1433 5488 secundant,
1479 5426 1569 5494 qui
1611 5426 1839 5495 primum
1890 5423 2056 5489 dedit,

494 5514 649 5586 idque
676 5517 1026 5586 potissimum,
1054 5519 1103 5572 si
1142 5517 1197 5571 id
1251 5517 1315 5572 de
1341 5535 1442 5590 quo
1486 5528 1770 5588 pugnatur,
1807 5518 2061 5587 spiritua-

498 5606 564 5663 lis
596 5607 838 5678 quaedam
871 5609 1129 5665 timiditas
1171 5610 1353 5680 fuerit,
1396 5626 1458 5664 ac
1489 5626 1592 5663 non
1633 5608 1897 5663 diabolica
1931 5625 2057 5663 con-

500 5699 676 5754 tentia.
714 5698 899 5765 Atque,
934 5709 991 5754 ut
1047 5702 1279 5770 apertius
1319 5710 1369 5756 et
1399 5700 1813 5769 compendiosius
1852 5698 2058 5771 loquar,

500 5793 578 5858 sic
598 5794 732 5851 inter
759 5810 852 5850 nos
884 5810 1124 5869 agamus,
1166 5803 1221 5848 ut
1264 5810 1353 5850 nec
1402 5810 1510 5863 vos,
1556 5791 1879 5848 sublimioris
1921 5792 2060 5847 vocis

2156 4590 2609 4663 στενοχωροῦντος
2640 4593 2805 4663 ἡμᾶς,
2834 4590 3009 4661 ἑαυτῷ
3040 4591 3137 4660 μὲν
3156 4590 3463 4658 οἰκονομίαν
3494 4587 3738 4659 ἐπέτρε-

2152 4684 2271 4754 ψεν,
2303 4686 2432 4755 ἡμῖν
2465 4684 2521 4738 δὲ
2555 4684 2651 4755 τὴν
2682 4684 3011 4757 παρρησίαν,
3051 4681 3144 4744 οὓς
3176 4680 3351 4743 οὐδεὶς
3379 4678 3565 4750 ἔμελλε
3597 4680 3737 4750 κρί-

2153 4792 2284 4841 νειν,
2314 4776 2433 4828 οὐδὲ
2462 4775 2781 4829 ἀποϐάλλειν
2820 4776 2918 4847 τῆς
2952 4774 3209 4845 πατρίδος
3242 4772 3474 4849 ἀφανείᾳ
3501 4786 3742 4843 τετιμη-

2158 4869 2366 4940 μένους,
2395 4867 2470 4929 ὼς
2502 4868 2560 4934 ἐξ
2583 4867 2906 4938 ἀμφοτέρων
2935 4866 3151 4936 ἰσχυρὸν
3177 4860 3317 4917 εἶναι
3345 4863 3405 4915 τὸ
3430 4861 3550 4916 καθ’
3574 4864 3741 4933 ἡμᾶς

2155 4960 2504 5029 Εὑαγγέλιον’
2542 4958 2681 5013 Nam
2734 4959 2870 5030 quod
2910 4957 3107 5028 alioqui
3145 4957 3333 5010 melius
3362 4972 3515 5027 quam
3555 4958 3741 5025 quivis

2156 5052 2273 5115 alii,
2304 5051 2557 5121 Spiritum
2595 5062 2835 5107 sanctum
2864 5052 3029 5106 Deum
3059 5059 3396 5121 agnosceret,
3426 5064 3542 5111 cum
3574 5064 3647 5103 ex
3675 5065 3743 5104 eo

2156 5148 2427 5218 perspicue
2473 5156 2711 5213 constat,
2757 5144 2894 5216 quod
2926 5156 2974 5200 et
3016 5144 3111 5199 hoc
3147 5161 3282 5212 sa'pe
3314 5142 3377 5196 de
3423 5141 3536 5196 loco
3569 5159 3745 5211 supe-

2157 5243 2323 5305 riore,
2354 5239 2526 5312 quoad
2556 5256 2646 5309 per
2682 5248 2879 5306 tempus
2916 5237 3133 5297 licebat,
3168 5234 3467 5304 prwdicavit
3488 5272 3503 5297 ,
3530 5243 3579 5287 et
3618 5235 3747 5303 pri-

2158 5334 2317 5387 vatim
2344 5334 2485 5404 apud
2507 5351 2613 5398 eos,
2667 5351 2698 5387 a
2724 5334 2909 5402 quibus
2945 5328 3397 5398 interrogabatur,
3426 5325 3567 5379 haud
3595 5342 3748 5379 curto

2160 5433 2363 5478 stanter
2391 5425 2657 5492 confessus
2688 5432 2764 5477 est
2787 5437 2806 5475 :
2832 5432 2940 5474 tum
2966 5437 3083 5476 vero
3112 5420 3165 5472 in
3193 5418 3303 5472 suis
3335 5416 3403 5470 ad
3426 5433 3504 5471 me
3528 5433 3748 5472 sermo-

2162 5516 2313 5570 nibus
2349 5517 2577 5584 apertius
2605 5515 2657 5567 id
2686 5513 3054 5568 demonstravit
3078 5510 3257 5581 (neque
3279 5511 3414 5563 enim
3441 5508 3749 5579 quidquam

2164 5620 2413 5672 unquam,
2472 5621 2589 5657 cum
2633 5603 2696 5657 de
2741 5602 2821 5656 Itis
2871 5601 3021 5655 rebus
3067 5617 3264 5653 mecum
3322 5600 3743 5669 colloqueretur.

2165 5696 2339 5750 animo
2391 5704 2576 5749 tectum
2619 5694 2975 5763 occultumque
3013 5691 3234 5760 habuit)
3269 5707 3371 5744 non
3419 5690 3735 5757 simplicite:

2166 5788 2260 5847 bac
2290 5788 2576 5863 affirmans,
2603 5786 2714 5853 sed,
2738 5786 2873 5858 quod
2897 5794 3049 5839 antea
3068 5783 3165 5852 ipsi
3193 5797 3408 5852 perraro
3442 5782 3751 5845 acciderat,
