3908 6522
189 392 256 448 ετ)
1625 385 2012 444 ΡΒᾸΞΕΑΤΙΟ.
3375 377 3444 433 50

192 511 290 562 sti
340 524 452 562 rem
488 508 731 562 omnium
789 507 1021 562 maxime
1043 552 1045 556 .
1069 505 1384 562 horrendam
1429 506 1772 577 imprecatus,
1806 514 1851 568 Α
1881 505 2056 560 thium
2089 516 2214 558 cum
2246 514 2313 557 eo
2340 496 2644 570 conjunxit,
2677 496 2768 553 sed
2795 496 2980 567 potius
3014 511 3221 551 summa
3253 496 3306 550 in
3342 496 3446 556 hoe

189 615 367 668 nempe
405 611 464 654 ut
514 604 583 654 ab
619 602 734 670 ipso
779 600 984 671 Spiritu
1014 599 1293 664 excideret,
1324 599 1426 654 nisi
1460 615 1578 653 cum
1612 598 1774 654 Patre

185 701 238 748 ιι
269 691 412 747 Filio
449 693 732 762 Spiritum,
767 704 825 748 ut
852 693 1348 748 consubstantialem
1377 701 1426 747 et
1455 693 1647 748 honore
1677 708 1775 762 pa-

186 800 316 846 mt,
351 796 716 842 ueneraretur.
753 785 908 852 Quod
942 787 989 840 si
1023 787 1137 856 quis
1167 802 1246 840 me
1284 787 1337 840 in
1374 787 1534 840 tantis
1574 801 1772 856 quoque

187 874 358 935 ratus,
384 874 536 929 illius
554 876 759 929 socium
786 875 1081 939 admiserit,
1107 875 1329 946 aliquid,
1361 876 1498 948 quod
1519 877 1775 947 plerisque

185 968 512 1036 incognitum
547 978 674 1021 ante
711 968 836 1037 fuit,
863 970 1136 1039 evulgabo.
1165 967 1311 1022 Nam
1343 986 1461 1022 cum
1494 979 1690 1039 tempus
1719 971 1773 1024 in

184 1076 420 1113 summas
451 1061 735 1128 angustias
772 1077 866 1112 nos
905 1059 1179 1130 redigeret,
1207 1060 1342 1114 hanc
1372 1060 1482 1128 ipse
1515 1061 1773 1115 rationem

184 1150 366 1212 inibat,
425 1159 485 1201 ut
537 1149 642 1202 sibi
691 1148 905 1218 quidem
958 1149 1335 1212 oeconomiam,
1368 1147 1516 1202 nobis
1576 1158 1771 1214 autem,

182 1257 306 1306 quos
334 1240 400 1291 ob
437 1240 672 1293 nominis
708 1240 1085 1294 obscuritatem
1116 1256 1264 1293 nemo
1299 1241 1352 1293 in
1385 1239 1647 1308 judicium
1677 1241 1774 1294 ad-

184 1329 464 1392 ducturus,
488 1330 777 1399 patriaque
807 1330 1067 1393 eiecturus
1097 1339 1252 1392 esset,
1286 1330 1529 1401 loquendi
1557 1331 1772 1385 liberta-

188 1429 280 1471 tem
313 1423 698 1476 committeret.
727 1422 896 1492 Atque
922 1423 1001 1476 ita
1032 1421 1371 1493 Evangelium
1415 1432 1652 1478 nostrum
1681 1425 1774 1492 ﬁr-

186 1529 318 1566 mum
356 1523 409 1565 et
447 1513 685 1566 calidum
715 1524 857 1576 erat,
888 1513 1162 1584 utriusque
1191 1514 1442 1582 prwsidio
1473 1515 1769 1584 stt/fultum.

247 1602 338 1659 iV.
368 1603 495 1658 lam
529 1621 662 1660 vero
692 1606 955 1675 perfacile
988 1606 1310 1661 refelluntur
1343 1622 1464 1676 quae
1497 1608 1770 1662 eruditum

181 1695 436 1762 apusculi
475 1705 762 1748 auctorem
812 1695 1198 1758 detinueruut,
1244 1695 1540 1764 quominus
1593 1695 1774 1750 sancti

183 1784 363 1840 Basilii
405 1787 609 1856 agendi
641 1787 911 1840 rationem
945 1787 1217 1869 probaret.
1265 1787 1420 1852 Quod
1458 1787 1532 1840 ait
1584 1787 1772 1841 consi-

1885 597 2134 670 dogmate
2168 594 2371 650 tuendo
2398 591 2706 649 constantia
2743 590 3023 659 disjunxit.

1951 751 2210 806 F‘ormula
2241 756 2442 813 autem,
2466 748 2557 804 cui
2598 747 2925 818 subscripsit
2962 746 3309 813 Eustathius,
3336 763 3446 803 non

1879 845 2053 901 solius
2109 841 2328 908 Basilii,
2369 841 2464 897 sed
2505 842 2668 896 etiam
2703 839 2966 896 Theodoti
2995 848 3049 895 et
3085 840 3280 895 Meletii
3312 857 3448 910 opus

1875 941 1980 999 est;
2008 941 2061 988 et
2103 947 2228 986 cum
2262 938 2694 1002 temperamento
2724 938 2778 986 et
2811 932 3311 986 accommodatione
3340 947 3450 987 non

1876 1031 2084 1086 careat,
2115 1037 2219 1078 nec
2249 1022 2515 1092 Spiritum
2560 1029 2808 1076 sanctum
2832 1020 3062 1090 appellet
3089 1019 3254 1075 Deum
3274 1059 3290 1085 ,
3321 1023 3448 1091 quis

1876 1115 2063 1170 credat
2110 1130 2235 1169 cum
2279 1113 2528 1184 opusculi
2579 1121 2836 1178 auctore,
2871 1111 3127 1183 Basilium
3163 1121 3448 1184 propterea

1882 1205 2159 1262 Theodoto
2205 1215 2258 1260 et
2290 1205 2506 1261 Meletio
2548 1207 2604 1260 in
2637 1205 2988 1262 oll‘ensionem
3019 1205 3255 1270 venisse,
3302 1206 3448 1276 quod

1878 1299 1970 1354 Dei
2000 1315 2198 1355 nomen
2229 1299 2506 1354 interdum
2538 1298 2764 1369 Spiritui
2796 1306 2987 1354 sancto
3017 1314 3126 1353 non
3152 1299 3448 1354 tribueret?

1879 1390 2084 1462 Magnae
2106 1390 2352 1462 profecto
2383 1391 2709 1446 exstiterunt
2723 1390 2988 1446 Theodoti
3008 1389 3369 1461 NicOpolitani
3391 1391 3446 1446 in

1874 1484 2132 1540 Basilium
2152 1484 2365 1554 injuriae
2390 1485 2495 1556 (ep.
2513 1486 2624 1554 99);
2640 1484 2733 1541 sed
2749 1483 2894 1538 illius
2908 1484 3244 1540 morositatis
3260 1499 3446 1554 causa,

1879 1573 2063 1629 Basilii
2103 1575 2416 1629 communio
2448 1590 2573 1630 cum
2619 1574 2926 1641 Eustathio,
2968 1589 3077 1629 non
3107 1575 3256 1630 vocis
3288 1575 3448 1631 unius

1877 1667 2290 1736 praetermissio.
2333 1667 2527 1722 Metuit
2558 1667 2874 1738 aliquandiu
2899 1667 3135 1724 Basilius
3161 1684 3228 1724 ne
3256 1667 3311 1724 S.
3339 1668 3446 1725 Me-

1878 1760 2025 1827 letio,
2083 1760 2137 1813 in
2166 1759 2233 1816 iis
2263 1775 2384 1830 quae
2409 1759 2476 1813 ad
2502 1759 2844 1815 Eustathium
2875 1762 3220 1830 spectabant,
3255 1777 3446 1832 parum

183 1875 308 1930 lium
340 1850 498 1930 illius
522 1892 626 1932 nec
656 1877 724 1930 ad
757 1850 1101 1930 reducendos
1128 1850 1392 1940 inﬁrmos,
1429 1891 1530 1930 nec
1558 1875 1624 1929 ad
1655 1877 1772 1947 pla-
1804 1861 1846 1914 Β
1875 1867 2031 1947 {Equo
2058 1859 2321 1947 υίθνθίξξῗξ
2356 1850 2461 1947 se}!
2493 1851 2675 1947 δεθείη)
2707 1858 2869 1922 atque
2900 1853 2955 1906 i“
2986 1853 3298 1947 Armeniam
3328 1869 3446 1924 υτο-

183 1967 388 2020 candos
463 1965 1008 2021 Pneumatomachos
1069 1964 1382 2035 profuisse,
1447 1965 1622 2020 fateor
1686 1981 1773 2021 me

184 2058 398 2111 nescire
449 2072 519 2111 ex
569 2057 774 2126 quibus
808 2056 862 2110 id
893 2057 1134 2112 fontibus
1167 2057 1433 2114 hauserit.
1463 2055 1598 2123 Quis
1626 2059 1770 2112 enim

185 2150 228 2202 ei
266 2149 410 2202 dixit
448 2164 644 2219 pacem
679 2150 825 2205 inter
860 2150 1209 2221 presbyteros
1249 2150 1551 2206 Tarsenscs
1585 2150 1769 2206 Basilii

185 2255 344 2308 opera
391 2242 713 2295 restitutam
757 2257 868 2297 non
916 2241 1122 2299 fuisse?
1149 2244 1276 2316 quis
1308 2243 1356 2298 ei
1396 2243 1533 2296 dixit
1562 2243 1771 2297 nullum

186 2329 385 2383 exitum
422 2329 689 2385 habuisse
721 2337 1012 2402 susceptos
1042 2332 1110 2385 ab
1144 2347 1209 2387 eo
1239 2332 1474 2395 labores,
1509 2339 1589 2394 ut,
1621 2340 1774 2402 quot-

185 2431 308 2489 quot
338 2422 626 2478 catholice
671 2423 998 2488 sentiebant,
1033 2439 1127 2481 eos
1169 2424 1225 2478 in
1266 2439 1430 2478 unam
1461 2425 1775 2479 consensio-

184 2530 301 2569 nem
337 2531 406 2569 ac
449 2516 900 2571 communionem
935 2517 1264 2583 adduceret;
1297 2531 1420 2571 cum
1471 2517 1771 2587 prassertim

183 2607 232 2657 in
262 2605 433 2676 epist.
459 2605 558 2670 69,
589 2605 659 2660 ad
703 2616 960 2662 sanctum
991 2609 1374 2674 Athanasium,
1409 2625 1560 2679 spem
1609 2608 1773 2678 hujus

182 2699 400 2752 consilii
429 2699 498 2752 ad
533 2699 741 2754 exitum
769 2699 1106 2770 perducendi
1139 2716 1248 2768 pra:
1279 2717 1336 2757 se
1367 2703 1506 2754 ferat
1536 2719 1549 2755 :
1588 2700 1642 2755 in
1668 2699 1773 2754 alia

182 2801 363 2844 autem
418 2791 490 2844 ad
523 2791 777 2846 eumdem
815 2791 1172 2847 Athanasium
1201 2793 1308 2864 (ep.
1359 2792 1447 2864 82)
1497 2793 1775 2862 aliquanto

182 2891 305 2951 post
326 2884 544 2953 scripta
569 2884 1104 2956 declaret,quidquid
1120 2885 1266 2941 circa
1283 2885 1440 2941 ﬁdem
1471 2900 1665 2940 sanum
1691 2892 1776 2943 est

181 2973 236 3026 in
269 2975 628 3044 Cappadocia
655 2983 710 3031 et
755 2976 950 3032 vicinis
989 2978 1124 3034 locis
1154 2994 1279 3034 vere
1322 2978 1389 3033 ad
1431 2994 1650 3046 eorum,
1682 2981 1775 3051 qui

182 3066 323 3121 idem
352 3067 631 3131 sentiunt,
663 3070 1106 3125 communionem
1147 3077 1201 3125 et
1245 3070 1508 3126 unitatem
1543 3085 1778 3141 propen-

183 3158 340 3213 dere?
385 3157 553 3224 Quod
586 3166 796 3231 spectat
838 3161 906 3216 ad
953 3160 1513 3228 Pneumatomachos,
1557 3178 1773 3234 semper
1799 3198 1840 3257 α

183 3251 256 3302 illi
285 3251 522 3320 quidem
548 3252 753 3307 bellum
783 3252 1114 3324 inexpiabile
1141 3267 1264 3307 cum
1289 3252 1490 3309 Basilio
1521 3269 1769 3324 gessere,

184 3342 274 3398 sed
311 3351 508 3397 tamen
543 3351 696 3397 certa
742 3352 797 3398 et
828 3345 1110 3416 explorata
1149 3360 1239 3400 res
1277 3352 1384 3410 est,
1417 3345 1772 3416 gravissimas

181 3448 301 3485 eum
348 3433 630 3503 procellas
663 3449 693 3487 a
742 3433 1089 3504 Cappadocia
1119 3435 1498 3506 propulsasse,
1529 3451 1642 3491 non
1677 3451 1772 3493 so-

183 3523 288 3576 lum
317 3524 547 3595 magnis
571 3524 774 3594 proeliis
806 3525 1166 3593 sustinendis,
1199 3529 1294 3584 sed
1319 3527 1480 3583 etiam
1515 3527 1772 3598 prudenti

184 3631 427 3680 secessu,
465 3632 595 3670 cum
625 3617 1005 3672 haereticorum
1038 3618 1266 3674 insidias
1296 3634 1441 3674 anno
1469 3620 1566 3672 571
1603 3619 1772 3674 decli-

185 3709 350 3762 navit.
387 3705 567 3760 Eraut
595 3707 742 3761 enim
773 3708 826 3760 in
861 3707 1080 3764 insidiis
1109 3709 1386 3770 collocati,
1416 3718 1476 3763 ut
1507 3724 1615 3762 una
1637 3725 1772 3765 voce

184 3817 240 3854 ex
274 3798 404 3866 ejus
439 3813 541 3853 ore
569 3807 827 3868 arrepta,
861 3800 1125 3870 impetum
1175 3799 1230 3853 iu
1277 3799 1578 3855 Ecclesium
1621 3799 1771 3855 face-

183 3897 320 3942 rent.
358 3887 552 3954 Quare
584 3896 663 3942 tot
695 3904 760 3943 ac
790 3897 942 3943 tanta
974 3889 1156 3960 praelia
1186 3905 1295 3946 non
1325 3897 1589 3946 certasset
1619 3890 1770 3947 Basi-

183 3983 307 4041 lius.
346 3982 459 4035 nisi
505 3989 671 4035 cauta
701 3990 756 4035 et
783 3982 1010 4052 provida
1037 3982 1266 4038 consilia
1309 3983 1722 4054 praecessissent
1753 4002 1766 4040 :

183 4089 285 4127 non
320 4080 408 4126 tot
439 4071 735 4126 fulsissent
764 4072 1050 4136 miracula,
1092 4087 1202 4126 non
1234 4072 1631 4142 Cappadociam
1665 4073 1772 4129 Va-

182 4162 297 4217 lens
325 4179 502 4216 unam
526 4177 595 4216 ex
627 4161 886 4216 omnibus
919 4163 1216 4232 provinciis
1249 4164 1502 4217 exin'tiam
1545 4163 1770 4219 habuis-

183 4264 284 4319 set,
311 4256 358 4310 si
390 4254 662 4308 Basilium
686 4269 797 4308 non
826 4255 950 4324 plus
979 4254 1240 4310 movisset
1261 4254 1631 4311 Ecclesiarum
1664 4256 1772 4313 uti-

183 4347 332 4409 litas,
378 4361 554 4417 quam
591 4346 916 4400 calidiorum
958 4345 1300 4417 ingeniorum
1339 4349 1593 4419 querelae.

249 4438 372 4492 Non
437 4437 633 4494 tutiori
687 4437 1044 4493 fundamento
1074 4438 1272 4493 nititur
1318 4439 1462 4510 quod
1508 4441 1584 4494 ait
1627 4440 1768 4496 idem

1875 1943 2071 2006 fectus,
2101 1942 2313 1997 consilii
2346 1944 2427 1996 sui
2454 1943 2718 1997 rationem
2746 1951 2938 1999 sancto
2968 1945 3140 2000 exsuli
3171 1947 3444 2015 exposuit,

1875 2049 2143 2088 summam
2175 2034 2320 2088 illius
2347 2035 2654 2103 aequitatem
2683 2044 2938 2103 expertus
2960 2045 3060 2090 est.
3086 2036 3238 2101 Quod
3264 2045 3445 2093 autem

1873 2130 2055 2192 egerat
2087 2121 2143 2175 in
2185 2120 2523 2176 defendenda
2560 2122 2796 2192 Spiritus
2833 2124 3134 2189 divinitate,
3167 2143 3444 2198 nunquam

1874 2214 1926 2268 id
1954 2215 2002 2269 ei
2038 2223 2130 2269 aut
2162 2216 2304 2286 apud
2341 2217 2505 2270 alium
2539 2217 2853 2290 episc0pum
2886 2220 3152 2290 purgandi
3184 2221 3269 2275 sui
3302 2221 3444 2275 labo-

1874 2320 1988 2358 rem
2013 2307 2224 2361 attulit.

1945 2417 2151 2471 Auctor
2194 2419 2444 2489 opusculi
2491 2436 2598 2476 non
2632 2422 2807 2476 solum
2861 2421 3201 2478 adversarios
3242 2422 3446 2493 aliingit

1878 2506 2101 2572 Basilio,
2131 2509 2226 2580 qui
2253 2510 2387 2564 nulli
2421 2511 2715 2579 exstitere;
2749 2511 2846 2568 sed
2885 2514 3047 2568 etiam
3077 2528 3215 2583 quos
3255 2514 3446 2588 habuit

1875 2600 2213 2667 defensores,
2248 2603 2315 2657 ab
2341 2619 2406 2657 eo
2435 2605 2668 2659 avellere
2706 2616 2955 2672 conatur,
2994 2603 3050 2658 S.
3083 2604 3445 2660 Athanasium

1874 2699 1927 2748 et
1961 2691 2020 2746 S.
2063 2690 2384 2765 Gregorium
2429 2693 2829 2750 Nazianzenum
2863 2713 2876 2747 :
2908 2711 2970 2751 ac
3007 2696 3074 2751 de
3112 2697 3283 2752 altero
3323 2698 3446 2767 qui-

1875 2785 1996 2840 dem
2029 2785 2262 2850 dubitat,
2295 2801 2361 2840 an
2393 2787 2591 2845 factum
2637 2787 2822 2842 Basilii
2852 2788 3144 2858 aliquando
3181 2789 3445 2858 probave-

1876 2879 1970 2941 rit,
1999 2878 2230 2932 alterum
2265 2895 2373 2933 non
2415 2895 2630 2950 semper
2659 2881 2920 2951 probasse
2949 2880 3250 2938 contendit.
3278 2879 3445 2951 Equi-

1875 2966 1996 3022 dem
2029 2983 2139 3022 non
2185 2968 2344 3023 video
2374 2969 2505 3038 quid
2552 2971 2712 3024 nobis
2746 2950 2993 3024 relictum
3028 2972 3118 3035 sit,
3151 2986 3259 3041 quo
3296 2950 3442 3025 nita-

1874 3074 1997 3112 mur
2027 3059 2080 3112 in
2113 3061 2276 3116 rebus
2319 3061 2544 3124 criticis,
2581 3062 2628 3116 si
2678 3061 2880 3117 Basilio
2924 3064 3282 3132 patrocinium
3331 3065 3444 3120 eri-

1873 3151 2054 3220 piatur
2096 3149 2155 3208 S.
2179 3153 2487 3210 Athanasii.
2527 3153 2756 3210 Exstant
2790 3155 2910 3210 dua:
2937 3156 3084 3211 illius
3114 3157 3357 3227 epistolae
3388 3157 3444 3212 in

1873 3244 2135 3300 Basilium
2169 3245 2602 3315 perhonorifica},
2633 3247 2801 3301 altera
2833 3248 2898 3301 ad
2924 3247 3247 3316 Palladium,
3276 3250 3444 3304 altera

1872 3337 1940 3394 ad
1968 3337 2231 3393 Joannem
2259 3346 2313 3392 et
2342 3337 2694 3392 Antiochum.
2725 3340 2783 3393 lu
2810 3347 3041 3412 utraque
3064 3340 3322 3395 Basilium
3349 3342 3447 3399 de-

1874 3430 2066 3496 fendit,
2099 3439 2415 3486 accusatum
2445 3447 2472 3484 a
2510 3433 2790 3489 monachis
2814 3431 3267 3499 Caesariensibus,
3299 3435 3444 3505 quod

1872 3522 1926 3576 in
1959 3522 2228 3595 dogmatis
2271 3521 2590 3578 defensioue
2634 3523 2922 3579 remissius
2972 3523 3179 3594 aliquid
3220 3525 3440 3595 egisset.

1872 3613 2027 3668 Unde
2069 3613 2400 3669 Athanasius
2432 3614 2540 3668 ait:
2568 3613 2627 3668 Si
2651 3624 2919 3684 suspectus
2945 3626 3078 3669 esset
3119 3616 3354 3672 Basilius
3390 3619 3446 3671 in

1871 3705 1934 3758 iis
1968 3720 2083 3774 qua:
2108 3703 2174 3757 ad
2207 3709 2471 3762 veritatem
2499 3713 2752 3773 spectant,
2785 3705 3102 3758 laudabile»:
3127 3707 3238 3775 fore
3263 3724 3443 3760 eorum

1871 3796 2270 3850 contentionem.
2304 3795 2555 3850 Declarat
2585 3812 2707 3851 cum
2742 3797 2910 3865 magis
2949 3812 3042 3864 pro
3070 3799 3284 3850 veritate
3329 3815 3442 3851 cer-

1873 3894 2004 3951 tare,
2049 3895 2098 3939 et
2147 3902 2234 3939 eos
2283 3886 2373 3956 qui
2400 3884 2641 3939 doctrina
2697 3895 2840 3956 egent
2894 3886 3124 3942 edocere.
3181 3885 3443 3940 Hortatur

1869 3979 2200 4045 monachos,
2251 3987 2330 4044 ut,
2365 3979 2696 4047 respicientes
2731 3979 2798 4031 ad
2833 3979 3161 4048 propositum
3203 3980 3440 4034 ueritatis

1870 4071 2014 4124 illius
2067 4078 2115 4124 et
2171 4070 2545 4133 wconomiam,
2610 4069 2905 4143 gloriﬁcent
2960 4069 3268 4134 Dominum,
3331 4078 3437 4124 ctc.

1869 4164 2126 4231 Quasnam
2166 4165 2257 4219 illa
2291 4164 2617 4230 mconomia,
2661 4180 2782 4234 quae
2813 4165 3097 4220 monachis
3126 4163 3312 4220 Basilii
3346 4179 3440 4219 ac-

1869 4256 2098 4313 cusandi
2133 4259 2415 4313 materiam
2443 4256 2632 4311 dedit?
2661 4256 2936 4327 quodnam
2966 4257 3161 4328 dogma
3185 4257 3337 4312 visus
3356 4263 3442 4312 est

1871 4348 2155 4404 remissius
2206 4347 2536 4403 defendere?
2583 4346 2728 4402 Nihil
2783 4364 2915 4404 sane
2966 4349 3208 4417 reperias
3244 4357 3442 4418 printer

1870 4439 2223 4509 quaestionem
2261 4439 2328 4493 de
2370 4438 2574 4509 Spiritu
2613 4447 2821 4495 sancto.
2877 4438 2995 4494 Huc
3040 4439 3252 4494 accedit
3291 4433 3443 4496 iesti-

183 4533 450 4600 scriptor,
509 4529 762 4584 occultos
812 4529 1131 4598 haereticos,
1181 4531 1358 4602 qualis
1401 4539 1518 4587 erat
1571 4531 1768 4588 Eusta-
1799 4554 1844 4610 ο
1876 4529 2117 4583 monium
2157 4527 2400 4598 Gregorii
2441 4525 2790 4592 Nazianzeni,
2821 4527 2978 4596 cujus
3016 4541 3080 4581 ex
3109 4527 3336 4596 epistola
3371 4527 3440 4580 27

185 4623 354 4689 thius,
389 4623 499 4675 hac
531 4621 720 4676 Basilii
745 4623 1251 4679 accommodatione
1273 4632 1327 4679 et
1350 4623 1610 4680 facilitate
1641 4640 1771 4682 usos

181 4729 324 4778 esse,
368 4724 432 4768 ut
467 4728 594 4769 sese
626 4729 749 4770 cum
783 4729 850 4770 eo
882 4717 1301 4787 conjungerent,
1339 4731 1403 4772 ac
1433 4718 1770 4786 gravissimis

182 4817 378 4876 postea
422 4807 584 4861 illum
635 4808 926 4864 calumniis
958 4817 1237 4868 vexarent.
1266 4809 1594 4866 Jamdudum
1639 4827 1771 4868 con-

180 4897 540 4966 junctissime
583 4910 709 4950 cum
741 4883 1034 4955 Eustathio‘
1057 4907 1111 4954 et
1151 4901 1526 4957 amantissime
1564 4902 1770 4957 vixerat

185 4986 466 5053 Basilius,
515 4996 812 5058 antequam
866 4989 980 5044 haec
1015 4989 1081 5046 de
1135 4989 1343 5061 Spiritu
1398 4995 1770 5053 controversia

183 5082 458 5152 prodiret.
488 5079 613 5136 Non
651 5083 826 5138 multo
854 5092 980 5154 post
1012 5093 1257 5138 exortam
1291 5086 1430 5141 hanc
1455 5096 1770 5142 controver-

186 5176 324 5228 siam
351 5174 604 5230 dissiluit
647 5190 840 5231 eorum
885 5177 1148 5243 amicitia,
1171 5190 1458 5250 propterea
1484 5180 1629 5250 quod
1669 5179 1772 5235 Ba-

185 5269 370 5332 silius,
415 5271 526 5324 etsi
576 5268 634 5323 in
685 5268 969 5339 probanda
999 5280 1054 5326 et
1093 5271 1452 5341 periclitanda
1490 5273 1772 5329 hominum

187 5370 583 5431 suspectorum
624 5360 733 5421 ﬁde
781 5377 1034 5419 morosus
1077 5380 1190 5426 non
1222 5373 1360 5432 erat,
1386 5367 1458 5421 ita
1492 5375 1674 5423 tamen
1716 5369 1773 5424 in

188 5452 623 5524 constringendo
665 5464 719 5510 et
748 5454 1076 5513 ﬁrmissimis
1104 5458 1264 5515 nodis
1302 5459 1536 5516 tenendo
1579 5458 1775 5518 Eusta-

189 5547 300 5600 thio
331 5555 535 5602 cautus
569 5545 671 5602 fuit
692 5588 707 5612 ,
742 5558 802 5603 ut
838 5562 963 5602 cum
1004 5547 1106 5606 iste
1137 5550 1254 5606 haec
1284 5551 1501 5608 vincula
1543 5552 1775 5625 eliugere

193 5652 296 5691 non
332 5648 548 5708 posset,
580 5640 768 5694 odium
799 5649 857 5696 et
890 5641 1226 5698 iracundiam
1264 5644 1322 5698 in
1372 5644 1630 5700 Basihum
1677 5662 1775 5716 pa-

196 5731 296 5786 lam
353 5740 408 5786 et
449 5741 642 5804 aperte
691 5735 1016 5790 evomuerit.
1069 5735 1256 5792 Basilii
1304 5753 1435 5809 ergo
1476 5739 1672 5795 lenitas
1718 5742 1773 5794 in

195 5822 535 5889 defendenda
587 5825 830 5905 Spiritus
869 5825 1148 5889 divinitate
1196 5845 1538 5909 nequaquam
1579 5833 1772 5893 Eusta-

1873 4619 2138 4675 discimus
2187 4617 2472 4685 Basiliam,
2525 4633 2648 4673 cum
2704 4618 2793 4672 die
2844 4618 2984 4674 festo
3035 4617 3092 4673 S.
3145 4616 3440 4689 Eupsychii

1872 4711 2040 4772 Deum
2063 4727 2169 4766 non
2197 4712 2527 4784 appellasset
2557 4709 2819 4784 Spiritum
2845 4719 3117 4776 sanctum,
3143 4711 3441 4764 monacho-

1871 4819 1990 4858 rum
2028 4804 2278 4875 querelas
2321 4803 2376 4858 in
2430 4819 2489 4859 se
2544 4803 2869 4858 concitasse.
2912 4801 3020 4856 Res
3066 4817 3193 4873 ergo
3225 4809 3279 4856 et
3316 4815 3441 4871 per-

1873 4913 2020 4953 sona:
2069 4905 2397 4968 congruunt.
2454 4894 2635 4970 Ipsum
2689 4896 2851 4950 etiam
2903 4895 3155 4966 congruit
3199 4901 3437 4963 tempus.

1870 4986 2005 5041 Nam
2041 4987 2277 5044 Basilius
2313 4987 2415 5042 hac
2463 5002 2598 5044 usus
2649 4994 2732 5042 est
2763 4986 3102 5054 oeconomia,
3135 4999 3199 5038 ac
3244 4984 3299 5037 in
3339 4985 3439 5039 has

1873 5079 2105 5141 incurrit
2130 5079 2584 5145 criminationes,
2616 5083 2910 5150 antequam
2955 5086 3176 5133 sanctus
3204 5075 3439 5131 Athana-

1874 5171 1990 5225 sius
2017 5186 2047 5225 e
2073 5171 2180 5224 vita
2209 5171 2526 5241 migrasset,
2551 5186 2746 5245 nempe
2776 5186 2918 5224 anno
2948 5169 3070 5223 571.

1945 5285 2100 5352 Quod
2145 5291 2353 5357 spectat
2394 5284 2462 5339 ad
2520 5283 2578 5340 S.
2625 5285 2945 5356 Gregorium
2995 5283 3434 5357 Nazianzenum,

1873 5385 2087 5450 tempus
2139 5379 2409 5451 assignari
2460 5393 2622 5450 posse
2683 5393 2792 5432 non
2841 5387 3008 5447 puto,
3063 5394 3171 5449 quo
3231 5380 3437 5436 factum

1875 5471 2036 5534 amici
2062 5472 2294 5542 probare
2315 5472 2558 5527 desierit.
2591 5469 2744 5524 Hanc
2773 5470 2918 5525 enim
2949 5471 3095 5528 illius
3129 5472 3294 5526 animi
3322 5487 3438 5528 mo-

1873 5563 2241 5632 derationem,
2285 5570 2340 5618 et
2375 5564 2590 5618 vivente
2636 5564 2754 5634 ipso
2795 5571 2848 5618 et
2903 5573 3140 5629 mortuo,
3174 5565 3434 5630 laudavit,

1875 5668 1974 5708 nec
2006 5653 2247 5708 laudavit
2290 5653 2499 5717 solum,
2547 5651 2642 5707 sed
2687 5653 2847 5708 etiam
2891 5654 3134 5710 imitatus
3178 5661 3280 5709 est.
3331 5652 3437 5709 Ubi

1876 5744 2106 5812 primum
2141 5752 2428 5799 accusatus
2455 5753 2538 5800 est
2566 5744 2620 5798 in
2642 5745 2875 5815 quodam
2905 5745 3154 5800 convivio
3180 5744 3435 5813 Basilius,

1881 5835 2085 5890 exarsit
2115 5835 2169 5890 in
2197 5835 2342 5892 illius
2375 5836 2817 5908 reprehensorcm
2844 5835 3140 5909 indignatio
3167 5835 3432 5910 Gregorii.
