3908 6574
449 345 516 426 3t
1887 371 2004 427 PRA

2111 374 2268 433 \TIO.
3595 393 3666 448 52

449 484 745 556 Postquam
767 486 914 542 venit
945 483 1467 556 Constantinopolim
1508 483 1800 558 Gregorius
1833 486 1929 560 (6),
1960 496 2020 544 ut
2046 493 2090 548 A
2122 490 2496 559 defenderent,
2521 498 2760 554 nondum
2782 506 2958 555 tamen
2978 501 3456 561 consubstantialis
3482 522 3666 564 vocem

451 577 529 634 ibi
556 578 876 632 catholicam
913 578 1066 632 ﬁdem
1103 593 1240 646 pene
1283 577 1602 632 exstinctam
1633 581 2010 646 exsuscitarct,

450 682 562 722 non
593 672 765 722 solum
795 669 844 721 in
872 667 1181 722 refellendis
1209 666 1476 721 haereticis
1497 683 1674 722 acrem
1705 683 1763 723 se
1788 677 1840 723 et
1869 669 2012 725 inde-

452 755 654 811 fessum
707 759 955 828 przebuit,
1006 759 1098 813 sed
1139 759 1301 812 etiam
1359 756 1433 813 in.
1465 759 1722 813 sanandis
1765 761 2011 828 exemplo

451 846 634 904 Basilii
690 849 917 904 infirmis
959 849 1132 904 lenem
1176 859 1230 904 et
1277 850 1634 913 moderatum,
1671 857 1731 903 ut.
1772 849 2010 904 declarat

452 940 598 994 illius
635 940 1025 1001 testimonium,
1061 941 1202 1010 quod
1242 957 1307 996 ex
1351 941 1598 996 oratione
1639 940 1709 993 44
1757 939 2015 1010 όθρι-οῐιιτ

452 1033 681 1102 psimus.
727 1032 996 1087 Reversus
1044 1032 1511 1104 Constantinopoli
1572 1032 1870 1087 orationem
1919 1031 2012 1086 ha-

453 1122 569 1177 buit
607 1121 661 1177 in
703 1122 888 1176 laudes
918 1122 1124 1185 Basilii,
1156 1123 1208 1176 in
1239 1139 1345 1194 qua
1376 1126 1516 1178 inter
1547 1124 1651 1177 alia
1694 1123 1840 1178 illius
1875 1138 2011 1193 prte-

452 1211 599 1266 clare
640 1210 781 1264 facta
822 1213 1136 1281 prudentem
1177 1213 1323 1266 illam
1351 1213 1736 1268 molestissimo
1769 1222 2010 1284 tempore

451 1302 1005 1358 aceommodationem
1033 1313 1296 1358 recenset.

522 1390 1025 1460 Temperamentum
1066 1409 1096 1446 a
1142 1393 1342 1450 Basilio
1384 1392 1686 1447 adhibitum
1733 1407 1800 1447 eo
1843 1392 2006 1448 etiam

453 1484 667 1538 nomine
697 1486 875 1539 minus
897 1486 1176 1554 probatur,
1204 1487 1350 1556 quod
1385 1501 1542 1541 suum
1572 1487 1686 1555 ipse
1714 1485 2004 1539 consilium

449 1578 831 1648 repudiaverit,
880 1596 978 1634 nec
1013 1581 1304 1652 quidquam
1355 1581 1529 1636 simile
1569 1581 1622 1634 in
1667 1579 2006 1635 defendendo

449 1669 899 1724 consubstantiali
943 1673 1295 1729 commiserit.
1349 1671 1650 1741 Utrumque
1700 1685 1795 1724 sua
1839 1677 2004 1738 poutc

448 1760 733 1815 refellitur.
760 1761 975 1814 Nullum
1003 1762 1377 1816 inconstantia:
1410 1761 1696 1831 vestigium
1727 1760 1828 1812 hac
1855 1760 1906 1812 in
1946 1773 2004 1812 re

2117 586 2294 654 palam
2336 595 2389 641 et
2433 599 2615 658 aperte
2659 602 2992 661 receperant.
3044 591 3234 647 Notum
3287 606 3369 650 est
3416 598 3666 654 omnibus

2118 685 2318 745 quanta
2357 678 2578 734 lenitate
2620 680 2948 736 Athanasius
2991 691 3043 737 et
3090 683 3324 740 Ililarius
3359 702 3479 740 cum
3517 688 3668 759 ejus-

2120 769 2263 825 modi
2290 768 2601 829 hominibus
2629 775 2892 844 agendum
2921 778 3250 833 censuerint.

2197 904 2458 960 Videntur
2483 909 2945 966 consubstantiale
2990 914 3228 968 nondum
3263 915 3533 986 recepisse
3573 919 3666 988 qui

2121 992 2241 1048 ﬁdei
2275 996 2670 1052 confessionem
2711 1016 2741 1054 e
2782 999 3078 1070 Scripturis
3112 1003 3481 1074 depromptam
3513 1009 3664 1075 (tom.

2116 1089 2182 1151 ll,
2210 1104 2262 1158 p.
2293 1089 2440 1155 223),
2465 1091 2736 1162 ἔγγραφον
2767 1093 3073 1163 ὁμολογίαν,
3100 1112 3129 1150 a
3155 1097 3354 1152 Basilio
3381 1105 3666 1168 petierunt.

2117 1182 2276 1238 Unde
2333 1183 2565 1238 Basilius
2615 1201 2800 1239 eorum
2841 1190 3131 1244 consulens
3183 1189 3482 1244 infirmitati
3538 1209 3667 1264 pro-

2114 1273 2282 1326 mittit
2323 1289 2382 1328 se
2434 1289 2542 1328 non
2597 1291 2821 1330 usurum
2873 1279 3168 1333 nominibus
3207 1290 3257 1334 et
3305 1281 3504 1345 verbis,
3554 1300 3670 1353 quin

2114 1365 2241 1433 ipsis
2282 1365 2468 1419 litteris
2505 1377 2552 1420 et
2589 1367 2810 1437 syllabis
2856 1386 2955 1424 non
2995 1372 3322 1438 reperiuntur
3367 1373 3570 1443 quidem
3613 1375 3670 1428 in

2112 1455 2289 1508 divina
2321 1456 2615 1523 Scriptura,
2653 1456 2743 1512 sed
2773 1469 2946 1515 tamen
2984 1462 3201 1514 insitam
3239 1461 3526 1531 Scriptura:
3551 1481 3641 1518 sei.

2113 1546 2326 1598 tentiam
2363 1557 2590 1602 servant.
2622 1549 2679 1602 In
2720 1550 2839 1605 ﬁdei
2876 1552 3239 1615 confessione,
3269 1568 3430 1622 quam
3469 1554 3534 1606 ad
3573 1570 3668 1610 eos

2114 1637 2298 1699 misit,
2360 1641 2824 1696 consubstantiale
2872 1658 2980 1697 non
3027 1643 3271 1699 adhibuit
3312 1645 3411 1714 (p.
3466 1644 3607 1716 224)
3647 1666 3662 1701 :

2111 1728 2255 1796 quod
2289 1729 2506 1797 quidem
2549 1730 2779 1785 Basilius
2818 1749 2939 1786 eum
2987 1742 3250 1790 metueret
3284 1751 3352 1790 ne
3379 1737 3670 1806 reprehen-

448 1867 624 1920 nequc
655 1851 707 1904 in
741 1853 996 1922 operibus
1041 1851 1248 1918 Basilii,
1281 1868 1455 1922 neque
1514 1819 1654 1920 apud
1688 1850 2005 1918 Gregorium
2039 1853 2080 1907 Β
2110 1819 2350 1922 flere?“
2383 1821 2620 1922 dedam!
2649 1825 2787 1922 idef'
2815 1826 2914 1922 5}“
2949 1828 3282 1922 ΡΓ⁰Ρ⁰⁸Ῐί¹¹¹¹Ϊ
3315 1844 3573 1922 ¹¹⁰¹¹ρθ⁵⁵θ
3603 1843 3691 1883 π’

447 1940 866 2007 Nazianzenum,
896 1943 987 2014 qui
1020 1958 1125 1997 non
1161 1952 1268 1996 tam
1303 1944 1523 1997 multam
1577 1957 1797 2010 operam
1829 1941 1880 1993 in
1915 1939 2009 1992 de-

451 2032 719 2089 fendendo
770 2035 944 2088 amico
991 2035 1390 2104 insumpsisset,
1436 2035 1481 2090 si
1534 2036 1617 2088 sui
1675 2031 1824 2086 illum
1882 2029 2009 2084 facti

449 2125 769 2180 credidisset
813 2127 1148 2194 paenituisse.
1199 2126 1378 2196 lpsum
1435 2125 1596 2181 etiam
1646 2124 2004 2178 consubstan-

449 2216 578 2272 tiale
620 2217 1007 2275 inﬁrmioribus
1063 2219 1260 2275 animis
1305 2219 1630 2274 condonavit
1663 2216 1914 2279 Basilius,
1949 2223 2007 2268 ut

448 2319 612 2375 supra
640 2306 895 2362 diximus.

521 2395 584 2451 ν.
611 2396 786 2466 Atque
823 2404 884 2451 ut
916 2404 1021 2450 tota
1057 2396 1202 2449 illius
1235 2395 1288 2448 in
1315 2393 1580 2463 ejusmodi
1613 2393 1776 2448 rebus
1811 2391 2005 2462 agendi

448 2489 588 2544 ratio
617 2488 995 2558 perspiciatur,
1033 2489 1130 2543 abs
1177 2502 1236 2541 re
1279 2501 1387 2540 non
1429 2486 1532 2541 erit
1580 2485 1814 2539 breviter
1837 2499 2006 2553 expo-

447 2595 599 2644 nere,
631 2579 757 2649 quid
781 2579 849 2634 ab
879 2580 1144 2634 haereticis
1177 2578 1530 2634 redeuntibus
1555 2584 1647 2631 aut
1673 2577 1740 2630 ab
1761 2576 2000 2632 homini-

447 2670 550 2727 bus
577 2671 845 2741 suspectis
871 2685 968 2740 pro
999 2677 1298 2739 temporum
1328 2670 1587 2723 varietate
1621 2666 1995 2737 postulaverit.

448 2760 608 2817 Sana:
650 2761 909 2816 doctrinae
946 2759 1177 2814 Basilius
1215 2761 1282 2814 ab
1321 2758 1548 2814 infantia
1594 2757 1661 2810 ad
1702 2765 2005 2812 extremum

446 2869 621 2923 usque
658 2851 906 2924 spiritum
951 2852 1411 2906 retinentissimus
1454 2849 1596 2904 fuit:
1631 2863 1910 2919 nunquam
1949 2848 2004 2902 in

445 2943 566 3014 ejus
594 2958 687 2998 cor
717 2943 810 2997 ulli
837 2942 1073 2998 sermoni
1105 2957 1133 2994 a
1165 2956 1298 2996 sana
1331 2941 1577 2995 doctrina
1616 2940 1792 2994 alieno
1833 2940 2007 3009 patuit

446 3034 662 3102 aditus;
697 3037 845 3090 nulla
879 3035 954 3089 illi
987 3035 1268 3090 sententiae
1298 3033 1527 3087 mutatio
1555 3033 1732 3104 aliingi
1762 3040 2004 3102 poterat;

445 3125 540 3182 sed
569 3135 748 3179 tamen
783 3134 1004 3195 accepta
1032 3140 1062 3178 a
1093 3124 1295 3179 teneris
1330 3122 1593 3179 doctrinae
1631 3123 1841 3177 semina
1872 3122 2006 3177 fate-

443 3229 535 3276 tur
561 3218 674 3289 ipse
702 3233 802 3272 usu
832 3193 1068 3273 crevisse
1085 3218 1188 3286 (ep.
1221 3216 1344 3278 204,
1375 3231 1429 3268 n.
1451 3215 1503 3281 6,
1536 3231 1588 3285 p.
1608 3215 1842 3284 506;ep.
1877 3214 2001 3278 225,
2032 3193 2074 3248 θ

443 3323 499 3363 n.
530 3309 585 3371 5,
611 3323 664 3377 p.
720 3307 925 3363 338.]n
972 3307 1037 3361 iis
1079 3315 1257 3361 autem
1308 3321 1428 3376 quae
1480 3321 1579 3360 usu
1629 3313 1682 3358 et
1739 3305 2004 3360 exercita-

443 3394 590 3451 tione
631 3395 706 3450 illi
751 3403 1118 3459 accesserunt,
1163 3395 1436 3449 numerari
1475 3403 1651 3464 potest
1677 3396 1918 3464 quaedam
1947 3395 2001 3448 in

443 3485 824 3556 dignoscendis
846 3487 1217 3542 haereticorum
1234 3488 1665 3543 cavillationibus
1696 3489 1997 3559 prudentia,

442 3593 564 3649 quae
602 3594 727 3634 cum
776 3579 830 3632 in
880 3579 1040 3633 horas
1095 3579 1293 3633 mutari
1334 3580 1593 3643 solerent,
1643 3596 1750 3634 non
1789 3595 1897 3633 uno
1949 3588 2004 3633 et

443 3671 632 3727 eodem
666 3670 825 3726 modo
859 3672 1039 3727 caveri
1077 3671 1396 3727 debuerunt.
1432 3671 1490 3726 In
1545 3687 1608 3726 ea
1652 3688 1834 3726 rerum
1886 3688 2006 3741 per-

445 3763 774 3828 turbatione,
807 3779 969 3834 quam
1007 3764 1332 3819 Arianorum
1364 3765 1430 3821 de
1465 3765 1628 3821 simili
1665 3773 1718 3820 et
1752 3765 2004 3821 dissimili

442 3855 596 3910 trioa:
625 3855 955 3910 induxerunt
981 3871 1124 3910 anno
1151 3857 1276 3921 560,
1297 3872 1394 3912 nec
1423 3857 1598 3912 simile
1615 3873 1713 3911 nec
1741 3857 2003 3912 dissimile

445 3944 934 4015 placebatBasilio,
961 3948 1056 4002 sed
1079 3947 1414 4004 identitatem
1450 3958 1657 4002 natura:
1691 3956 1744 4002 et
1766 3950 2004 4004 consub-

443 4035 698 4090 stantiale
747 4037 1101 4105 proﬁtebatur
1143 4038 1250 4109 (ep.
1289 4037 1341 4105 8,
1371 4054 1424 4108 p.
1463 4039 1574 4107 82).
1610 4038 1802 4094 Postea
1840 4040 2002 4096 rebus

443 4127 841 4190 mutatis,cum
872 4127 983 4197 jam
1012 4129 1080 4184 ab
1101 4130 1420 4183 Arianorum
1454 4129 1676 4198 perlidia
1714 4146 1820 4184 non
1856 4140 2002 4185 tanta

443 4223 628 4272 essent
656 4217 917 4288 pericula,
943 4219 1117 4274 simile
1149 4219 1443 4274 secundum
1489 4221 1781 4273 essentiam
1828 4221 2001 4275 susci-

443 4306 626 4376 piebat
651 4305 908 4373 Basilius,
947 4307 1106 4362 modo
1135 4306 1279 4361 illud
1313 4305 1624 4370 adderetur,
1659 4309 1791 4360 citra
1837 4309 2001 4362 ullam

443 4394 829 4464 differentiam;
881 4410 1040 4452 secus
1089 4411 1219 4450 vero
1268 4396 1408 4450 hanc
1457 4411 1645 4451 vocem
1695 4406 2002 4467 suspectam

442 4487 792 4542 existimabat
824 4489 932 4557 (ep.
963 4487 1017 4551 9,
1052 4504 1104 4543 n.
1137 4488 1209 4555 5).
1234 4487 1410 4558 Atque
1451 4487 1566 4542 haec
1610 4488 1826 4558 quidem
1858 4489 2004 4542 Basi-

442 4575 552 4632 lius
590 4591 701 4632 non
747 4593 846 4634 sua
876 4593 1039 4634 causa
1082 4580 1355 4634 statuebat
1397 4579 1534 4650 (ipse
1575 4581 1718 4634 enim
1761 4581 1999 4636 consub-

443 4669 700 4725 stantiale
737 4670 1132 4742 proﬁtebatur),
1161 4669 1252 4727 sed
1303 4670 1350 4726 si
1385 4671 1476 4740 qui
1516 4673 1752 4741 suspecti
1796 4683 1999 4735 essent,

441 4763 578 4820 satis
606 4777 728 4818 esse
766 4763 990 4834 putabat
1029 4763 1095 4818 ad
1128 4779 1316 4819 eorum
1352 4763 1508 4819 ﬁdem
1548 4765 1912 4834 purgandum,
1943 4773 2003 4818 ut

444 4854 609 4912 simili
633 4855 934 4910 secundum
961 4856 1252 4910 essentiam
1287 4855 1544 4912 adderent
1590 4856 1720 4910 illud
1749 4857 1887 4909 citra
1920 4856 2004 4909 ul-

444 4947 556 5001 lam
601 4946 948 5016 differentiam
984 4944 1180 5017 (ibid.).
1217 4947 1294 5001 Ex
1337 4963 1446 5016 quo
1490 4949 1621 5002 illud
1673 4949 1836 5002 etiam
1885 4964 2006 5018 per-

443 5037 584 5109 spici
615 5047 812 5108 potest,
858 5037 1116 5093 Basilium
1159 5039 1358 5094 nemini
1410 5039 1786 5094 necessitatem
1829 5041 2001 5108 impo-

443 5128 622 5186 suisse
645 5129 1126 5186 consubstantialis
1164 5129 1468 5199 proﬁtendi.
1496 5128 1678 5199 Neque
1715 5129 1767 5182 id
1806 5130 1999 5182 mirum

443 5216 616 5272 videri
644 5217 824 5274 debet.
855 5217 989 5273 Nam
1014 5235 1135 5275 cum
1169 5220 1454 5290 epistolam
1488 5235 1685 5274 nonam
1719 5219 2002 5283 scriberet,

441 5323 513 5364 ex
535 5323 643 5378 qua
672 5309 789 5365 haec
807 5310 1231 5382 desumpsimus,
1263 5312 1650 5368 communione
1682 5321 1737 5367 et
1767 5312 2007 5366 amicitia

445 5399 774 5469 conjunctus
811 5411 929 5457 erat
972 5417 1095 5459 cum
1142 5402 1362 5459 Silvano
1396 5401 1651 5460 Tarsensi
1681 5411 1732 5459 et
1758 5405 2004 5474 pluribus

451 5490 573 5547 aliis
602 5491 894 5564 episcopis,
926 5494 1038 5567 qui,
1073 5496 1178 5554 etsi
1221 5495 1378 5555 ﬁdem
1430 5496 1703 5552 Nicaeum)
1745 5496 2007 5554 acerrime

522 5743 601 5818 (6)
633 5741 787 5814 Nam,
817 5758 904 5820 ep.
933 5743 1025 5807 27.

2112 1911 2166 1963 in
2204 1912 2324 1966 aliis
2367 1913 2657 1980 operibus;
2703 1915 2846 1969 aliud
2897 1917 3040 1970 enim
3089 1933 3212 1972 esse
3261 1919 3540 1974 haereticos
3579 1936 3666 1974 re-

2109 2000 2328 2064 fallere,
2394 2003 2537 2056 aliud
2591 2019 2778 2059 sanam
2821 2005 2979 2060 ﬁdem
3022 2006 3337 2077 simpliciter
3397 2025 3670 2080 exponere

2113 2093 2188 2163 (p.
2214 2093 2362 2164 225).

2175 2201 2294 2257 Non
2334 2204 2558 2260 deerant
2595 2207 2749 2263 initio
2791 2209 3135 2280 episcopatus
3172 2211 3378 2280 Basilii,
3415 2216 3504 2286 qui
3530 2232 3663 2271 con-

2106 2295 2464 2352 substantiale
2500 2302 2738 2354 nondum
2762 2303 3116 2372 recepissent.
3149 2304 3256 2359 llos
3286 2305 3516 2363 Basilius
3542 2325 3672 2378 par-

2105 2389 2200 2442 tim
2232 2391 2636 2461 vituperandos,
2664 2394 2858 2463 partim
2911 2396 3067 2449 venia
3102 2396 3297 2466 dignos
3327 2398 3534 2468 judicat
3556 2401 3663 2472 (ep.

2105 2480 2196 2546 52,
2234 2481 2368 2545 n.1,
2406 2498 2460 2552 p.
2499 2483 2641 2552 MS).
2682 2483 2787 2539 Sed
2820 2484 3090 2553 ejusmodi
3134 2487 3381 2544 homines
3413 2494 3665 2561 perpauci

2103 2573 2357 2628 videntur
2418 2573 2604 2630 fuisse.
2657 2575 2802 2649 .Nam
2848 2584 2973 2646 post
3025 2578 3314 2632 concilium
3384 2580 3666 2652 Tyanense

2105 2664 2348 2734 plerique
2377 2665 2826 2722 consubstantiali
2854 2684 3048 2726 manus
3086 2669 3384 2736 dederunt,
3426 2676 3666 2743 exceptis

2107 2755 2328 2826 triginta
2381 2768 2612 2827 quatuor
2651 2759 2870 2816 Asianis
2918 2762 3211 2832 episcopis,
3261 2779 3397 2833 quos
3446 2765 3667 2820 minime

2106 2848 2302 2902 mirum
2356 2859 2440 2906 est
2482 2853 2754 2907 communi
2807 2855 3038 2910 consilio
3088 2856 3365 2912 obstitisse
3408 2857 3501 2927 (7).
3541 2856 3669 2912 Erat

2106 2938 2250 2992 enim
2285 2939 2399 2996 hate
2434 2942 2582 3012 regio
2633 2945 2714 2998 sic
2761 2945 3097 3015 emancipata
3137 2948 3330 3012 errori,
3368 2955 3423 3002 ut
3465 2951 3668 3018 gratias

2107 3027 2218 3082 Deo
2259 3029 2531 3086 habendas
2570 3033 2840 3088 existimet
2877 3033 3131 3099 Basilius,
3162 3036 3210 3089 si
3246 3041 3335 3106 qui
3368 3037 3575 3090 omnino
3609 3038 3666 3090 in

2110 3120 2305 3174 Asiana
2331 3130 2499 3176 tractu
2530 3134 2680 3178 extra
2711 3126 2879 3179 labem
2905 3127 3265 3182 Iucreticorum
3287 3133 3414 3183 sint.
3452 3127 3668 3184 Sensim

2109 3209 2291 3280 itaque
2317 3215 2514 3278 evenit,
2554 3223 2610 3268 ut
2631 3233 2696 3270 ex
2727 3218 2794 3272 iis
2814 3218 2906 3287 qui
2943 3219 3212 3274 catholico
3239 3221 3544 3275 sentiebant
3577 3220 3665 3274 vix

2107 3306 2393 3376 quisquam
2421 3311 2882 3368 consubstantiale
2909 3328 3015 3366 non
3049 3314 3357 3369 admitteret
3389 3315 3493 3385 (ep.
3518 3315 3663 3385 551).

2108 3395 2398 3466 Postquam
2438 3410 2612 3453 autem
2655 3402 2893 3472 grassari
2929 3405 3092 3472 ccepit
3144 3406 3365 3460 haeresis
3410 3405 3672 3460 Pneuma-

2108 3489 2510 3553 tomachorum,
2550 3498 2663 3543 tum
2720 3507 2850 3545 vero
2899 3508 3006 3546 non
3051 3494 3211 3547 modo
3261 3496 3394 3549 nihil
3433 3497 3666 3566 amplius

2106 3574 2401 3629 detractum
2427 3586 2509 3632 est
2539 3579 2604 3633 de
2647 3579 2750 3635 ﬁde
2783 3580 3023 3647 Nicaena,
3045 3583 3137 3638 sed
3162 3585 3324 3638 etiam
3360 3587 3558 3656 aliquid
3583 3588 3665 3640 vi—

2107 3679 2223 3717 sum
2250 3675 2329 3719 est
2354 3666 2478 3720 huic
2502 3667 2739 3724 formula:
2765 3671 3068 3726 addendum
3124 3673 3353 3729 Basilius
3375 3677 3663 3747 Cyriacum

2105 3755 2422 3813 Tarsensem
2442 3761 2810 3832 presbyterum
2828 3763 3076 3820 hortatur
3091 3770 3195 3838 (ep.
3219 3769 3338 3829 114,
3363 3785 3414 3838 p.
3442 3755 3585 3839 207),
3606 3776 3667 3822 ut

2105 3846 2260 3902 ﬁdem
2283 3846 2549 3904 Nicmnam
2575 3853 2818 3922 recipiat,
2844 3870 2943 3908 nec
2977 3856 3139 3910 ullam
3167 3858 3221 3911 in
3252 3873 3313 3912 ea
3335 3873 3517 3913 vocem
3539 3859 3670 3925 reji-

2104 3938 2238 4003 ciat;
2272 3939 2380 3994 imo
2435 3931 2561 3996 huic
2605 3943 2726 3996 fidei
2766 3943 2926 3998 addat
2969 3944 3224 4014 Spiritum
3275 3957 3514 3999 sanctum
3559 3946 3668 4001 dici

2103 4037 2396 4081 creaturam
2425 4046 2526 4082 non
2557 4043 2808 4098 oportere,
2840 4050 2931 4087 nec
2961 4050 3077 4086 cum
3105 4035 3169 4087 iis
3195 4036 3282 4103 qui
3311 4035 3491 4088 dicunt
3525 4052 3667 4088 com-

2104 4119 2494 4174 municandum.
2515 4121 2627 4175 Non
2651 4125 2820 4177 multo
2844 4132 2965 4192 post
2989 4124 3238 4187 Basilius,
3259 4141 3314 4179 re
3329 4142 3451 4178 cum
3475 4135 3667 4181 saneto

2104 4206 2316 4262 Melctio
2339 4217 2392 4264 et
2421 4208 2699 4264 Theodoto
2727 4212 3047 4276 deliberata,
3092 4214 3222 4267 illud
3264 4215 3424 4267 etiam
3471 4213 3668 4268 Eusta-

2103 4300 2214 4354 thio
2241 4301 2567 4371 prtescripsit
2593 4301 2697 4371 (ep.
2729 4303 2851 4367 125,
2876 4319 2928 4372 p.
2961 4304 3109 4374 216),
3137 4313 3195 4358 ut
3235 4302 3495 4374 Spiritum
3540 4321 3672 4360 san-

2105 4402 2248 4448 ctum
2280 4395 2462 4448 itidem
2488 4403 2544 4448 ut
2572 4394 2784 4448 Patrem
2809 4405 2862 4449 et
2885 4395 3080 4449 Filium
3104 4397 3431 4465 glorilicaret
3457 4417 3468 4452 :
3505 4406 3668 4467 atque

2103 4486 2243 4540 hanc
2291 4486 2738 4556 gloriﬁcationem
2778 4487 3052 4557 deinceps,
3087 4496 3146 4542 ut
3194 4504 3306 4543 rem
3354 4492 3666 4544 necessario

2104 4578 2404 4633 addendam
2447 4579 2654 4649 synodo
2693 4577 2941 4646 Nicaeum,
2985 4580 3287 4650 proposuit,
3329 4589 3389 4633 ut
3428 4581 3666 4651 perspici

2103 4678 2278 4740 potest
2318 4686 2382 4725 ex
2418 4671 2664 4740 epistolis
2717 4672 2820 4725 175
2855 4679 2909 4726 et
2947 4672 3074 4735 258,
3113 4689 3168 4726 n.
3203 4673 3256 4726 2.
3302 4671 3445 4726 Nihil
3493 4673 3669 4743 magis

2105 4761 2343 4816 incendit
2370 4760 2917 4828 Pneumatomaehos,
2941 4779 3102 4834 quam
3133 4764 3245 4820 haec
3293 4762 3529 4834 Spiritus
3554 4765 3670 4835 glo-

2105 4854 2334 4908 riﬁcatio
2357 4870 2478 4908 cum
2512 4853 2671 4909 Patre
2707 4865 2759 4910 et
2795 4853 2954 4910 Filio.
3005 4853 3112 4910 Sed
3154 4854 3388 4910 Basilius
3427 4856 3669 4910 declarat

2107 4946 2204 5012 (De
2239 4945 2382 5014 Spir.
2417 4945 2476 5000 S.
2505 4960 2552 4999 c.
2588 4944 2678 5012 29,
2727 4961 2780 5016 p.
2825 4947 2913 5016 65)
2947 4961 3005 5002 se
3043 4962 3142 5002 nec
3187 4946 3350 5017 gladii
3389 4961 3490 5000 nec
3526 4945 3668 5014 ignis

2105 5049 2252 5094 metu
2286 5039 2542 5093 usitatam
2581 5040 2852 5094 constanti
2895 5038 3186 5093 traditione
3219 5037 3668 5109 gloriﬁcationem

2106 5133 2444 5188 relicturum.
2476 5133 2589 5188 Hoc
2619 5142 2828 5187 tantum
2869 5133 2948 5190 eis
2983 5133 3232 5189 concedit
3267 5133 3361 5203 (ib.
3401 5146 3452 5185 c.
3485 5129 3575 5192 25,
3609 5144 3665 5198 p.

2107 5223 2196 5291 54)
2230 5232 2286 5276 ut
2311 5223 2559 5291 quamvis
2594 5223 2904 5293 praepositio
2947 5239 3064 5276 cum
3097 5224 3273 5293 aptior
3311 5222 3374 5276 sit
3411 5219 3476 5272 ad
3509 5218 3674 5288 glori~

2111 5311 2416 5366 ﬁcationem
2454 5313 2883 5382 pcrsolvendam,
2919 5313 2964 5368 si
3005 5321 3184 5368 tamen
3209 5312 3288 5366 uti
3322 5311 3512 5365 malint
3543 5324 3675 5362 con-

2102 5405 2405 5474 junctione,
2440 5412 2569 5468 etc.,
2600 5411 2658 5457 ut
2691 5405 2746 5460 in
2775 5405 3064 5475 baptismo,
3105 5403 3156 5458 id
3196 5402 3297 5469 eis,
3337 5401 3552 5458 nemine
3578 5413 3670 5456 re-

2103 5502 2400 5569 pugnante,
2436 5494 2614 5548 liceat.

2187 5742 2260 5816 (Ἰ)
2303 5739 2539 5805 Sozom.,
2569 5737 2660 5794 lib.
2693 5753 2768 5805 vr,
2803 5752 2852 5793 c.
2887 5737 2968 5792 l2.
