3908 6548
177 413 237 471 $3
1610 411 1998 472 ΡΒᾹΞΡΑΤΙΟ.
3347 420 3418 478 34

883 528 910 599 5
962 518 1049 583 iv.

173 617 209 671 Ι.
244 615 760 696 CeleberrimumS.
804 621 1000 696 Basilii
1045 619 1108 696 de
1143 625 1470 696 processione
1515 627 1748 696 Spiritus

233 686 514 761 cx_F‘ilio
573 691 934 742 testimonium
995 686 1237 761 refertur.
1306 695 1371 748 Il.
1447 686 1749 754 Griecorum

233 759 506 825 scriptura
556 761 764 827 magnis
821 759 1167 816 incommodis
1207 764 1434 820 laborat.
1467 769 1559 823 Ill.
1597 769 1750 824 Lati-

233 846 425 881 norum
448 830 614 900 lectio
647 838 768 896 apte
792 845 910 882 cum
938 831 1134 885 Basilii
1159 832 1422 900 doctrina,
1454 843 1746 895 necessario

230 916 349 950 cuni
403 899 520 968 ejus
574 900 978 954 ratiocinatione
1011 903 1252 957 cohaeret.
1305 899 1746 966 IV.’Latinorum

230 987 399 1023 causa
430 968 679 1024 codicum
707 988 836 1026 mss.
871 974 1187 1026 auctoritate
1215 975 1532 1044 defenditur.

228 1084 270 1138 ῐ.
302 1082 504 1138 Exstat
551 1084 710 1139 initio
756 1084 883 1140 libri
911 1086 1060 1140 tertii
1110 1087 1377 1145 Adversus
1421 1091 1747 1150 Eunomium

167 1174 395 1244 insignis
427 1175 612 1242 locus,
653 1176 896 1245 quicum
926 1177 1278 1234 manifestum
1310 1181 1510 1239 habeat
1541 1185 1607 1241 de
1630 1185 1749 1256 Spio'

165 1268 295 1319 ritus
325 1283 400 1320 ex
440 1265 590 1321 Filio
618 1269 975 1338 processione
1017 1271 1411 1340 testimonium,
1455 1276 1501 1331 si
1541 1277 1660 1333 sine
1690 1279 1750 1334 li-

166 1357 294 1410 turis
356 1370 432 1410 ac
479 1357 606 1440 sine
669 1358 1062 1416 additamentis
1120 1361 1350 1433 legatur,
1409 1369 1746 1438 gravissima:

165 1446 376 1502 Graecos
440 1449 590 1504 inter
636 1459 691 1505 et
744 1451 970 1509 Latinos
1018 1458 1412 1513 controversia
1461 1462 1746 1517 materiam

166 1538 320 1592 dedit.
372 1536 638 1594 Defendit
681 1540 785 1596 hoc
835 1542 1116 1598 catholicae
1145 1545 1394 1602 veritatis
1430 1549 1744 1617 praesidium

165 1628 220 1680 Κ.
242 1627 302 1680 Ρ.
331 1628 664 1685 Ludovicus
689 1630 901 1696 Vallée,
928 1637 1186 1691 emeritus
1229 1637 1513 1710 theologia
1543 1641 1746 1710 profes-

162 1735 244 1773 sor
278 1735 346 1775 ac
388 1722 748 1779 bibliothecae
782 1723 997 1780 Sanctae
1030 1725 1316 1784 Genovefae
1349 1731 1659 1800 praefectus,
1687 1735 1742 1789 in

159 1811 366 1866 erudita
399 1812 816 1881 dissertatione,
847 1830 990 1870 anno
1010 1815 1143 1870 i721
1168 1816 1392 1876 Parisiis
1421 1821 1565 1876 edita
1595 1823 1740 1893 apud

1777 547 1822 601 Α
1851 537 2152 605 dogmatum
2184 533 2644 592 innovationibus?
2669 533 2777 592 Cur
2815 534 2954 588 enim
2998 551 3200 590 necesse
3239 546 3337 601 est,
3368 540 3418 594 si

1849 626 2104 696 dignitate
2141 641 2202 678 ac
2239 625 2422 679 ordine
2458 626 2642 680 tertius
2678 635 2756 681 est
2780 625 3032 695 Spiritus,
3064 637 3258 682 natura
3289 645 3419 699 quo-

1848 732 1946 786 que
1969 715 2178 769 tertium
2201 717 2356 770 esse?
2388 715 2654 786 Dignitate
2680 716 2890 787 quidem
2919 718 3208 772 secundum
3237 735 3352 774 esse
3381 736 3418 774 α

1849 806 2019 872 Filio,
2049 811 2067 830 δ
2095 817 2151 860 ut
2182 807 2272 877 qui
2298 823 2408 861 esse
2459 807 2522 861 ab
2557 807 2652 860 illo
2683 807 2894 876 habeat,
2935 819 2986 863 et
3024 811 3090 864 ab
3123 811 3236 881 ipso
3275 812 3419 866 accio

1847 901 1980 971 piat,
2005 909 2052 953 et
2078 901 2351 953 annuntiet
2383 899 2531 953 nobis
2565 909 2615 954 et
2645 901 2856 956 omnino
2878 918 2943 956 ex
2969 902 3066 956 illa
3097 919 3261 958 causa
3287 921 3418 974 pen-

1847 993 1999 1046 deat‘
2020 993 2182 1046 tradit
2217 991 2488 1064 [fortasse]
2501 993 2709 1059 pietatis
2736 1010 2926 1050 sermo.
2945 997 3012 1048 At
3043 1003 3236 1051 natura
3257 997 3415 1052 tertia

1846 1088 1945 1150 uti,
1979 1102 2138 1155 neque
2165 1101 2230 1139 ex
2257 1086 2454 1139 sanctis
2497 1084 2785 1154 Scripturis
2815 1085 2986 1141 edocti
3014 1104 3217 1154 sumus,
3251 1105 3414 1160 neque

1845 1194 1910 1233 ea:
1948 1177 2235 1247 Scriptura:
2273 1177 2429 1232 dictis
2471 1181 2835 1234 consecutione
2879 1181 2991 1234 ulla
3021 1182 3201 1252 colligi
3220 1190 3410 1252 potest.

1917 1269 2368 1336 Quemadmodum
2396 1271 2534 1324 enim
2565 1269 2740 1326 Filius
2783 1271 2966 1326 ordine
2994 1274 3202 1342 quidem
3225 1291 3414 1329 secun-

1845 1355 1942 1408 dus
1960 1374 1992 1409 a
2015 1356 2175 1411 Patre
2203 1369 2299 1424 est,
2323 1359 2569 1428 quoniam
2594 1359 2657 1412 ab
2676 1359 2768 1414 illo
2789 1369 2887 1424 est,
2916 1371 2964 1414 et
2993 1361 3265 1432 dignitate,
3287 1365 3414 1434 quia

1846 1448 1988 1517 origo
2016 1447 2126 1516 ejus
2159 1457 2207 1502 et
2235 1465 2397 1503 causa
2426 1458 2526 1516 est,
2559 1459 2814 1519 quatenus
2847 1459 2924 1505 est
2953 1451 3100 1505 illius
3151 1452 3331 1522 Pater,
3362 1463 3412 1508 et

1843 1538 2087 1608 quoniam
2113 1553 2205 1606 per
2231 1538 2401 1606 ipsum
2429 1556 2667 1594 accessus
2696 1539 2970 1610 aditusque
2998 1551 3075 1596 est
3096 1543 3164 1596 ad
3183 1543 3346 1599 Deum
3360 1553 3412 1601 et

1846 1629 2089 1693 Patrem;
2123 1647 2224 1684 non
2255 1640 2430 1684 autem
2456 1640 2650 1686 natura
2680 1633 3222 1703 secundus,quoniam
3239 1637 3412 1692 deitas

1843 1721 1896 1774 in
1926 1731 2144 1791 utroque
2174 1738 2279 1775 una
2301 1731 2376 1776 est
2404 1738 2421 1776 :
2454 1723 2532 1776 ita
2560 1724 2790 1792 profecto
2823 1734 2872 1777 et
2906 1723 3136 1794 Spiritus
3173 1737 3409 1795 sanctus,

1844 1815 1940 1868 etsi
1971 1826 2079 1867 tum
2105 1817 2286 1869 ordine
2309 1826 2416 1869 tum
2431 1815 2684 1886 dignitate
2700 1817 2956 1871 secundus
2986 1827 3064 1872 est
3083 1836 3114 1872 a
3140 1818 3303 1882 Filio,
3329 1820 3411 1892 [ut

162 1901 467 1975 Delaunay,
501 1904 592 1959 via
621 1903 894 1963 Jacobaza.
922 1907 1068 1962 Nihil
1095 1911 1272 1979 potius
1307 1918 1401 1966 aut
1431 1888 1735 1970 melius—la-

1841 1905 1934 1959 hoc
1954 1908 2111 1963 etiam
2137 1909 2347 1963 omnino
2376 1907 2766 1980 concedamus.]
2796 1919 2968 1964 tamen
2998 1928 3101 1965 non
3123 1913 3248 1981 jure
3266 1915 3410 1983 sequi

159 2012 270 2051 cene
298 1996 556 2066 possint,
599 1999 692 2068 qui
737 2015 851 2053 rem
893 2001 1148 2056 omnibus
1199 2002 1444 2074 vestigiis
1485 2003 1745 2078 indagare

162 2092 364 2153 volunt,
403 2105 581 2161 quam
617 2091 666 2146 si
697 2092 958 2146 eximium
999 2093 1129 2147 illud
1160 2109 1296 2163 Opus
1335 2107 1590 2153 accurate
1619 2115 1741 2169 pcr-

166 2184 337 2251 legant
383 2198 401 2234 :
450 2181 606 2253 quod
659 2182 880 2253 quidem
933 2200 1056 2239 cum
1105 2187 1250 2239 omni
1299 2199 1740 2258 argumentorum

158 2290 347 2346 genere
391 2275 474 2328 ita
533 2275 875 2329 cumulatum
931 2285 984 2330 et
1027 2276 1358 2332 illustratum
1394 2281 1486 2347 sit,
1531 2289 1590 2334 ut
1637 2298 1740 2339 nec

159 2365 446 2421 dubitandi
498 2380 607 2420 nec
651 2365 886 2420 addendi
936 2367 1115 2422 locum
1153 2369 1457 2440 relinquat,
1508 2387 1739 2444 cumque

156 2476 255 2514 non
285 2458 651 2514 incommode
681 2473 806 2512 cum
831 2459 1036 2514 nostris
1070 2457 1128 2514 S.
1153 2459 1340 2514 Basilii
1370 2463 1736 2521 voluminibus

155 2553 430 2624 compingi
467 2552 685 2623 possit;
714 2551 948 2606 libenter
981 2567 1112 2608 sane
1148 2555 1595 2612 conticescerem.
1631 2558 1736 2614 Sed

154 2646 272 2714 quia
299 2643 710 2699 celeberrimus
732 2642 920 2697 Basilii
947 2643 1101 2700 locus
1126 2645 1182 2699 in
1214 2646 1318 2700 hat.
1338 2663 1477 2702 nova
1499 2650 1738 2707 editione

153 2734 224 2787 ita
259 2733 494 2802 prodiit,
533 2742 593 2786 ut
630 2732 686 2785 in
720 2730 1002 2788 codicibus
1033 2748 1168 2789 mss.
1221 2735 1322 2790 hac
1367 2739 1422 2790 in
1473 2739 1604 2794 urbe
1650 2756 1737 2796 ex-

152 2824 437 2881 Stantibus
467 2823 778 2892 legebatur,
815 2838 924 2877 non
951 2830 1010 2877 ut
1037 2824 1272 2879 aliorum
1300 2827 1550 2884 codicum
1578 2832 1736 2902 longe

150 2920 390 2990 plurium
428 2917 706 2986 longeque
735 2916 1103 2986 antiquiorum
1128 2921 1447 2987 auctoritas,
1472 2937 1535 2978 ac
1563 2925 1736 2994 ipsius

151 3011 443 3063 sententiae
495 3005 673 3059 series
717 3014 772 3058 et
822 3005 1082 3073 junctura
1130 3009 1508 3076 postulabant,
1558 3028 1737 3083 operae

149 3100 382 3170 pretium
419 3105 508 3150 est
539 3095 669 3149 huic
706 3094 1054 3148 incommodo
1093 3096 1316 3163 mederi,
1349 3106 1403 3153 et
1439 3115 1505 3154 ex
1539 3118 1737 3158 memo-

1841 2006 1898 2049 ut
1930 1997 2116 2050 aliena:
2147 1998 2216 2050 sit
2245 2005 2472 2062 naturae,
2505 1997 2623 2050 inde
2649 2007 2811 2064 patet,
2840 2007 2946 2053 etc.

1915 2085 2054 2140 Tum
2115 2086 2375 2155 Basilius,
2439 2097 2760 2158 argumento
2824 2103 2892 2144 ex
2953 2091 3159 2159 angelis
3216 2093 3408 2161 petito,

1841 2195 2076 2252 quorum
2121 2181 2323 2238 diversi
2376 2181 2602 2238 ordines
2641 2191 2696 2238 et
2731 2183 3012 2254 dignitatis
3052 2187 3274 2256 gradus,
3305 2203 3408 2246 nec

1839 2280 2021 2327 tamen
2053 2271 2266 2327 diversa
2317 2281 2533 2336 natura,
2567 2275 2646 2328 sic
2694 2274 2971 2328 concludit
2999 2294 3012 2330 :
3046 2275 3134 2330 Sic
3174 2280 3407 2349 profecto

1837 2375 1886 2419 et
1917 2363 2147 2433 Spiritus
2180 2376 2397 2417 sanctus
2427 2381 2446 2420 :
2477 2365 2576 2419 etsi
2604 2365 2860 2436 dignitate
2888 2368 3106 2436 inferior
3137 2381 3215 2424 est
3255 2381 3409 2442 atque

1838 2457 2016 2511 ordine
2050 2456 2130 2528 [ut
2167 2457 2370 2528 aiunt];
2408 2457 2699 2524 accepimus
2740 2459 2878 2512 enim
2917 2460 3112 2527 ipsum,
3164 2462 3406 2540 [inquit,]

1839 2554 2045 2607 tertium
2077 2570 2110 2605 a
2139 2552 2302 2607 Patre
2328 2562 2379 2607 et
2413 2551 2557 2606 Filio
2597 2565 2968 2622 numeratum;
2999 2573 3117 2610 cum
3151 2557 3406 2612 Dominus

1835 2648 1942 2715 ipse
1987 2647 2041 2700 in
2097 2647 2379 2700 traditione
2423 2647 2679 2701 salutaris
2737 2649 3069 2718 baptismatis
3127 2650 3405 2705 tradiderit

1835 2740 2090 2805 ordinem,
2145 2740 2226 2794 his
2255 2740 2421 2795 verbis
2452 2757 2472 2793 :
2509 2741 2735 2809 (Euntes
2773 2742 3044 2812 baptizate
3085 2743 3140 2797 in
3183 2745 3405 2800 nomine

1833 2830 2014 2888 Patris
2053 2838 2106 2886 et
2148 2831 2272 2885 Filii
2304 2840 2358 2886 et
2392 2830 2628 2900 Spiritus
2663 2832 2836 2886 sancti
2857 2833 2896 2902 ;)
2944 2819 3000 2886 dt
3033 2834 3089 2887 in
3116 2834 3401 2904 quamdam

1834 2932 2082 2978 naturam
2106 2925 2317 2977 tertiam
2343 2941 2376 2976 a
2399 2923 2543 2978 Filio
2575 2933 2623 2978 et
2647 2923 2809 2978 Patre
2837 2925 3058 2994 ejectum
3094 2943 3212 2980 eum
3238 2927 3404 2998 fuisse

1835 3032 2092 3085 mtsquam
2124 3014 2425 3069 didicimus.

1904 3105 2025 3160 Non
2089 3105 2304 3160 dillicile
2368 3111 2451 3161 est
2505 3105 2936 3162 animadvertere
2997 3107 3132 3162 illud
3198 3106 3406 3166 Graecis

147 3201 262 3246 rata
309 3187 717 3243 dissertatione
761 3185 817 3239 in
866 3185 1097 3256 gratiam
1146 3201 1372 3255 eorum,
1421 3193 1618 3262 quibus
1665 3194 1731 3249 ad
1761 3225 1807 3289 ρ
1835 3195 2071 3249 maxime
2109 3195 2398 3249 molestum
2431 3210 2577 3260 esse,
2632 3197 2774 3265 quod
2819 3195 3055 3266 Spiritus
3108 3197 3166 3253 S.
3203 3213 3234 3253 a
3264 3198 3404 3254 Filio

149 3286 321 3353 ipsum
346 3281 567 3335 fontem
597 3278 750 3332 adire
792 3293 901 3331 non
937 3288 1113 3344 vacat,
1161 3283 1421 3336 nonnulla
1465 3285 1731 3343 derivare.

215 3375 287 3430 Ut
313 3373 550 3428 facilius
571 3370 944 3440 perspiciatur
972 3372 1102 3441 quid
1141 3371 1338 3441 Graeci,
1382 3377 1511 3446 quid
1557 3377 1733 3435 Latini

150 3466 197 3518 in
225 3464 554 3520 testimonio
591 3462 780 3518 Basilii
813 3463 1041 3532 probent
1080 3474 1172 3518 aut
1208 3465 1482 3536 rejiciant,
1517 3471 1732 3528 uncinis

150 3555 496 3611 includemus
521 3570 647 3625 qua“:
672 3569 703 3608 a
731 3553 938 3610 Graecis
977 3553 1158 3610 addita
1191 3555 1370 3612 Latini
1405 3571 1729 3630 queruntur,

149 3649 428 3704 asteriscis
473 3661 610 3702 vero
658 3661 780 3717 quae
825 3662 855 3700 a
911 3645 1122 3704 Latinis
1169 3659 1511 3721 pr0pugnata
1558 3652 1732 3709 Graeci

147 3751 500 3797 aversantur.
1365 3757 1389 3788 ο

207 3837 372 3890 Initio
428 3834 562 3890 libri
603 3833 749 3888 tertii
807 3835 1061 3905 proponit
1105 3834 1336 3890 Basilius
1369 3837 1510 3892 hanc
1548 3837 1732 3893 Euno-

146 3928 231 3980 mii
277 3925 689 3997 blasphemiam
733 3925 807 3980 ita
849 3926 1168 3996 loquentis:
1220 3926 1352 3982 Cum
1402 3940 1576 3983 autem
1621 3931 1730 3985 Iiwc

145 4017 282 4069 nobis
311 4017 380 4070 de
420 4015 707 4084 Unigenito
757 4017 1035 4084 suﬂiciant,
1080 4033 1396 4085 consequens
1443 4019 1620 4088 luerit,
1673 4030 1732 4075 ut

138 4108 245 4176 jam
276 4109 341 4160 de
371 4107 666 4161 Paracleto
694 4123 893 4178 quoque
926 4107 1184 4171 dicamus,
1229 4125 1332 4162 non
1356 4110 1495 4180 vulgi
1527 4113 1732 4180 opinio-

143 4216 226 4253 nes
251 4200 580 4254 temerarias
609 4201 795 4262 secuti,
821 4199 912 4252 sed
945 4209 1246 4253 sanctorum
1278 4203 1330 4254 in
1362 4203 1600 4258 omnibus
1629 4204 1731 4258 do-

143 4294 370 4346 ctrinam
423 4302 696 4345 seruantes
725 4307 744 4344 .'
773 4307 806 4343 a
839 4291 1024 4361 quibus
1073 4308 1192 4345 cum
1244 4293 1584 4348 didicerimus
1611 4313 1729 4349 cum

140 4386 398 4454 dignitate
439 4392 494 4436 et
541 4382 726 4438 ordine
773 4383 1007 4448 tertium,
1042 4384 1253 4438 tertium
1286 4401 1487 4456 quoque
1531 4397 1729 4440 natura

141 4495 248 4531 esse
285 4475 594 4530 credimus.

207 4571 298 4622 Sic
336 4567 648 4637 respondet
683 4565 920 4622 Basilius
962 4587 975 4622 :

141 4671 376 4725 oportere
411 4661 467 4711 in
500 4659 734 4728 simplici
775 4676 836 4712 ac
875 4659 1018 4714 nuda
1067 4662 1351 4715 multorum
1381 4663 1482 4732 ﬁde
1505 4679 1726 4731 perma-

139 4770 278 4814 nere,
303 4753 400 4807 sed
431 4752 747 4820 artificiosis
771 4751 1084 4821 quibusdam
1123 4770 1184 4806 ac
1223 4755 1471 4824 captiosis
1496 4755 1726 4808 rationi-

141 4847 231 4900 bus
259 4848 549 4901 ceritatem
580 4861 768 4898 rursus
800 4844 868 4896 ad
901 4844 954 4896 id
986 4847 1123 4916 quod
1155 4847 1256 4900 sibi
1288 4847 1510 4913 videtur,
1547 4849 1726 4902 detru-

138 4940 277 5000 dere,
310 4939 451 4993 satis
481 4953 552 4990 ex
584 4937 652 4989 iis
679 4953 795 5007 qutc
821 4937 955 4990 dixit
989 4938 1235 4992 ostendit.
1262 4937 1407 4992 Nam
1438 4940 1725 4995 multorum

138 5030 384 5097 opinione
442 5036 764 5091 contempta,
810 5043 911 5098 qua
943 5026 1200 5097 Spiritum
1246 5037 1487 5083 sanctum
1519 5030 1726 5101 gloriﬁ-

140 5131 283 5185 cent,
329 5120 562 5173 simulat
614 5128 782 5173 tenere
830 5137 884 5174 se
928 5131 1230 5174 sanctorum
1275 5120 1571 5175 doctrinam
1612 5136 1630 5174 :
1670 5131 1724 5175 at

140 5228 220 5263 cas
250 5213 346 5280 qui
383 5225 508 5263 eam
546 5210 651 5277 ipsi
683 5209 1036 5274 tradiderunt,
1062 5220 1219 5273 tacet,
1266 5213 1428 5265 etiam
1470 5229 1606 5265 nunc
1633 5229 1726 5266 ea-

139 5301 251 5353 dem
293 5302 508 5370 faciens
539 5315 675 5369 quae,
721 5301 846 5354 dum
889 5302 952 5355 de
983 5300 1259 5373 Unigenito
1305 5304 1608 5365 dissereret,
1650 5304 1728 5372 fc-

138 5394 267 5446 cisse
300 5394 578 5446 convictus
622 5402 720 5447 est.
773 5392 970 5448 Deinde
1011 5394 1140 5449 dicit
1191 5411 1224 5448 a
1271 5396 1468 5449 sanctis
1512 5395 1725 5466 quidem

140 5499 190 5536 se
220 5484 506 5548 didicisse,
541 5485 751 5540 tertium
792 5502 904 5540 esse
943 5486 1124 5541 ordine
1169 5496 1217 5541 et
1259 5487 1516 5558 dignitate
1556 5486 1726 5556 Spiri-

141 5589 269 5641 tum,
295 5596 330 5630 a
362 5579 541 5646 seipso
574 5586 749 5632 autem
779 5579 1006 5641 credere,
1049 5591 1243 5634 natura
1280 5597 1480 5650 quoque
1513 5581 1724 5635 tertium

139 5683 265 5721 esse.
297 5669 410 5734 Qui
435 5686 561 5724 vero
601 5670 706 5722 sint
747 5671 922 5724 sancti
961 5670 1062 5731 illi,
1097 5681 1144 5724 et
1183 5673 1236 5724 in
1273 5671 1461 5741 quibus
1510 5673 1723 5740 scriptis

141 5764 268 5814 hanc
293 5763 608 5815 doctrinam
640 5761 920 5826 ediderint,
949 5763 1118 5816 dicere
1160 5780 1263 5817 non
1293 5773 1482 5832 potest.
1528 5761 1725 5816 Fuitne

142 5868 366 5924 nquam
422 5853 584 5924 homo
622 5854 699 5908 sic
741 5855 922 5909 audax
969 5855 1024 5910 in
1075 5855 1380 5913 inducendis
1422 5853 1721 5912 divinorum

1835 3301 1956 3342 esse
1981 3286 2180 3341 habere
2225 3286 2427 3340 dicitur
2458 3305 2471 3340 :
2505 3286 2697 3341 iisdem
2735 3298 2916 3342 autem
2949 3289 3242 3358 plurimum
3282 3290 3401 3361 pla-

1833 3393 1974 3440 cere,
2025 3391 2366 3447 qurecunque
2413 3377 2627 3432 uncinis
2677 3377 2888 3433 inclusa
2930 3393 2996 3434 eo
3043 3388 3310 3450 spectant,
3340 3389 3404 3436 ut

1833 3467 2066 3522 Basilius
2114 3483 2226 3521 non
2277 3475 2655 3522 asseveranter
2697 3470 3080 3538 pronuntiare,
3126 3471 3221 3526 sed
3255 3472 3404 3529 velut

1833 3558 2091 3613 haesitans
2146 3555 2447 3611 concedere
2495 3556 2745 3611 videatur
2789 3555 3054 3626 Spiritum
3103 3559 3297 3614 ordine
3347 3569 3405 3615 et

1831 3651 2097 3722 dignitate
2143 3650 2410 3703 minorem
2458 3646 2598 3704 Filio
2627 3662 2770 3704 esse.
2808 3647 3006 3704 Vident
3034 3649 3201 3715 enim,
3249 3651 3296 3707 si
3345 3651 3402 3706 id

1831 3743 2066 3798 Basilius
2094 3749 2392 3807 asseveret,
2421 3741 2558 3796 inde'
2587 3742 2742 3811 sequi
2768 3748 2831 3796 ut
2875 3741 3136 3812 Spiritum
3164 3759 3230 3797 ex
3262 3742 3403 3798 Filio

1830 3833 2126 3905 procedere
2171 3831 2485 3888 crediderit.
2541 3830 2649 3888 Sed
2707 3831 2823 3886 haec
2867 3833 3177 3902 scriptura,
3231 3850 3399 3904 quam

1831 3926 2001 3982 Graeci
2048 3941 2145 3996 per
2185 3923 2268 3980 fas
2311 3933 2366 3980 et
2405 3923 2562 3979 nefas
2607 3923 2990 3990 defenderunt,
3041 3925 3199 3996 longe
3242 3927 3397 3982 alteri

1829 4016 2225 4089 posthabenda,
2268 4016 2383 4071 sive
2427 4014 2687 4070 interiora
2730 4015 2977 4085 quaedam
3026 4017 3229 4071 indicia
3273 4034 3402 4088 spe-

1830 4117 2065 4174 ctentur,
2119 4117 2177 4163 ut
2221 4121 2524 4163 consensus
2569 4121 2695 4160 eum
2742 4107 2927 4162 Basilii
2969 4117 3402 4178 caeterorumque

1829 4201 2052 4257 Patrum
2079 4201 2351 4264 doctrina,
2381 4205 2436 4254 et
2467 4199 2750 4254 sententiae
2784 4199 2956 4269 ipsius
2985 4200 3155 4256 series
3180 4208 3234 4256 et
3264 4215 3400 4255 con-

1831 4294 2096 4360 tinuatio;
2149 4293 2264 4348 sive
2306 4307 2371 4346 ex
2416 4291 2768 4362 antiquorum
2813 4289 3064 4346 codicum
3110 4306 3246 4346 mss.
3296 4307 3397 4345 nuc

1831 4402 1982 4442 mero
2013 4393 2066 4439 et
2101 4385 2424 4438 auctoritate
2451 4398 2542 4436 res
2569 4382 2920 4448 dijudicetur.
2964 4379 3268 4452 Utrumque
3305 4398 3398 4437 ar-

1829 4487 2145 4552 gumentum
2173 4477 2412 4532 breviter
2443 4475 2879 4546 explanabimus,
2911 4475 2995 4531 his
3036 4475 3130 4546 qui
3180 4476 3398 4557 uberio-

1021 4567 1172 4635 Quod
1207 4570 1371 4640 igitur
1423 4587 1527 4624 non
1577 4579 1722 4638 putet
1754 4575 1798 4632 D
1828 4590 1942 4629 rem
2038 4571 2202 4640 hujus
2269 4567 2589 4639 quaestionis
2677 4567 3042 4636 cognitionem
3120 4566 3398 4638 percipere

1827 4665 2029 4727 volent,
2062 4662 2127 4716 ad
2157 4675 2321 4731 supra
2348 4659 2546 4714 dictam
2578 4659 3017 4714 dissertationem
3058 4658 3321 4714 dimissis.

1894 4756 1958 4810 ll.
1991 4754 2135 4810 Inest
2168 4770 2301 4811 sane
2334 4767 2592 4823 magnum
2624 4751 2729 4805 hoc
2764 4751 2953 4805 vitium
2986 4750 3204 4804 lectioni
3251 4749 3396 4804 Grae-

1825 4865 2035 4912 corum,
2055 4849 2201 4919 quod
2241 4846 2501 4902 Basilium
2547 4844 2768 4900 inducat
2793 4843 2861 4899 de
2879 4858 2937 4898 re
2955 4843 3209 4899 omnibus
3234 4849 3395 4895 testa-

1825 4949 1903 5002 ta,
1933 4939 2067 4995 etab
2096 4939 2214 5008 ipso
2262 4937 2462 4992 Basilio
2491 4951 2632 5006 saepe
2671 4935 2989 4992 conﬁrmata
3029 4933 3260 5002 turpiter
3291 4931 3394 4986 du-

1825 5031 2109 5086 bitantem.
2139 5029 2279 5096 Quid
2305 5029 2449 5083 enim
2486 5027 2798 5093 absurdius,
2829 5043 2991 5098 quam
3017 5025 3210 5080 Filium
3232 5023 3392 5080 Patre

1827 5123 2093 5177 minorem
2140 5121 2329 5175 ordine
2357 5127 2410 5176 et
2452 5118 2715 5191 dignitate
2757 5132 3092 5183 asseverare,
3125 5115 3390 5186 Spiritum

1826 5209 1962 5265 Filio
2005 5211 2268 5264 minorem
2313 5209 2506 5264 ordine
2544 5217 2598 5264 et
2629 5207 2892 5277 dignitate
2932 5207 3110 5260 dicere
3149 5219 3259 5258 non
3290 5219 3390 5258 an-

1827 5302 1992 5358 dere'.’
2021 5301 2134 5357 Hoc
2182 5301 2425 5371 profecto
2455 5314 2564 5354 non
2608 5300 2837 5354 cadebat
2875 5299 2928 5352 in
2971 5296 3252 5360 Basilium,
3294 5295 3390 5368 qui

1826 5395 2103 5463 conceptis
2145 5391 2326 5446 verbis
2367 5390 2527 5445 docet
2571 5391 2628 5445 iu
2662 5390 2806 5444 libro
2847 5387 2924 5441 De
2951 5384 3155 5455 Spiritu
3183 5393 3388 5451 sancto,

1826 5499 1947 5556 cap.
1993 5485 2080 5547 l7,
2111 5483 2359 5538 eumdem
2407 5483 2653 5538 ordinem
2680 5479 3015 5536 intercedere
3048 5478 3190 5535 inter
3213 5477 3390 5548 Spiri-

1827 5585 1941 5632 tum
1985 5591 2049 5630 ac
2099 5575 2318 5641 Filium,
2353 5590 2419 5630 ac
2449 5575 2592 5630 inter
2621 5573 2818 5628 Filium
2849 5580 2903 5628 et
2935 5571 3148 5628 Patrem
3179 5590 3191 5626 :
3229 5569 3296 5625 Ut
3332 5585 3392 5627 se

1828 5667 1978 5721 habet
2008 5664 2183 5720 Filius
2214 5665 2282 5719 ad
2308 5665 2544 5727 Patrem,
2579 5663 2776 5734 inquit,
2809 5665 2886 5716 sic
2913 5661 2982 5717 ad
3026 5661 3227 5717 Filium
3268 5658 3391 5727 Spi-

1827 5761 1961 5814 ritus
1995 5758 2279 5813 secundum
2325 5757 2466 5811 verbi
2503 5755 2601 5811 Dei
2629 5754 2864 5810 ordinem
2895 5757 2951 5809 in
2982 5755 3237 5824 baptismo
3275 5759 3392 5805 tra-

1827 5853 2018 5910 ditum.
2050 5850 2357 5908 Bidicutam
2401 5866 2532 5925 ergo
2576 5849 2921 5907 formidinem
2957 5847 3156 5903 Basilio
3185 5841 3392 5914 atlingit
