3908 6572
511 411 588 471 55
1961 419 2354 479 PREFATlO.
3668 426 3736 486 Μ

509 525 667 591 illud,
709 525 958 597 fortasse,
994 539 1057 581 ac
1103 526 1259 592 illud,
1302 538 1361 581 ut
1393 528 1489 584 hoc
1518 531 1679 586 etiam
1722 532 1935 587 omnino
1966 550 2091 588 con-
2116 550 2164 606 Α
2259 538 2563 606 Antequam
2621 535 2834 591 veniam
2883 537 2951 592 ad
3012 543 3402 607 propugnatam
3453 550 3482 589 a
3538 535 3738 595 Latinis

509 617 780 686 cedamus,
821 625 876 673 et
920 616 1083 682 infra,
1119 627 1178 671 ut
1222 619 1394 674 aiunt.
1427 619 1568 676 Huic
1605 622 1804 677 rationi
1846 639 1955 679 non
1993 641 2090 694 pa-

507 724 634 766 rum
678 709 830 764 addit
870 711 1128 766 momenti
1173 713 1319 782 quod
1366 712 1442 766 ait
1480 712 1721 769 Basilius
1761 714 2087 771 Eunomium

505 803 671 858 etiam
716 820 854 858 nunc
899 803 1080 858 eadem
1131 803 1334 869 facere,
1377 822 1494 876 quo:
1535 807 1661 860 dum
1711 806 1774 861 de
1813 806 2086 878 Unigenito

505 896 807 961 dissereret,
843 895 1028 965 fecisse
1071 897 1338 950 convictus
1371 907 1471 952 est.
1504 896 1713 953 lndicat
1755 900 1900 954 enim
1943 900 2090 957 Basi-

507 989 615 1046 lius
636 989 724 1045 his
747 989 932 1044 verbis
956 990 1170 1042 initium
1195 989 1318 1044 libri
1340 990 1522 1060 primi,
1547 992 1637 1046 ubi
1661 991 1829 1046 nudat
1857 993 2088 1049 artificia

506 1079 780 1146 Eunomii,
811 1081 1049 1150 quicum
1077 1082 1220 1149 riam
1250 1081 1611 1148 traditionem,
1635 1082 1860 1137 Patrum
1891 1084 2073 1154 fidem,

505 1173 710 1244 rejecta
751 1172 1118 1228 multitudinis
1161 1173 1421 1244 opinione
1463 1176 1844 1245 apposuisset,
1896 1177 2083 1231 statim

506 1265 575 1320 de
618 1280 720 1320 suo
764 1265 1098 1335 impietatem
1140 1273 1194 1320 et
1247 1266 1642 1336 blasphemiam
1698 1268 1946 1323 addebat.
1994 1268 2084 1322 Sic

504 1372 633 1428 ergo
666 1358 818 1412 illum
846 1361 1146 1427 interrogat
1173 1357 1407 1414 Basilius
1439 1379 1450 1412 :
1486 1359 1541 1412 in
1578 1359 1679 1414 hac
1706 1358 1810 1415 [ide
1858 1360 2076 1413 ubinam

503 1451 758 1517 scriptum
801 1459 900 1514 est,
939 1448 1214 1504 Credimus
1265 1451 1708 1520 ingenerationem
1751 1468 1866 1506 esse
1906 1469 2084 1507 essen-

505 1541 638 1594 tiam
676 1542 775 1596 Dei
819 1543 1220 1607 universorum;
1267 1551 1380 1609 aut,
1431 1541 1707 1597 Credimus
1747 1542 2082 1615 Unigenitum

503 1637 728 1690 essentia
757 1635 1073 1690 dissimilem
1105 1651 1215 1689 esse
1243 1634 1441 1690 Patri?
1476 1635 1822 1690 Demonstrat
1851 1652 1975 1691 eum
2002 1637 2082 1692 sic

504 1733 689 1794 aperte
753 1725 902 1795 loqui
961 1725 1251 1789 debuisse,
1310 1739 1421 1778 non
1488 1723 1717 1782 insidias
1782 1725 2081 1786 lectoribus

505 1825 736 1885 struere,
764 1827 814 1871 et
849 1818 1080 1885 opinioni
1110 1831 1220 1871 sum
1248 1815 1387 1870 velut
1417 1816 1574 1870 hamo
1604 1817 1673 1871 ad
1713 1828 1928 1873 mortem
1970 1829 2081 1873 tra-

2191 630 2502 693 lectionem,
2529 630 2658 686 libet
2684 631 2832 685 aliud
2862 630 3293 686 additamentum
3323 629 3738 697 animadvertere

2190 723 2246 776 in
2276 722 2362 777 his
2392 722 2605 777 verbis:
2642 723 2799 786 Τίνες
2826 723 2881 776 δὲ
2910 725 2958 775 oi.
2985 722 3130 791 ἆγιοι
3158 723 3251 775 καὶ
3281 723 3338 774 ὲν
3369 721 3537 786 ποίοις
3570 722 3740 791 λόγοις

2187 812 2287 883 τὴν
2355 810 2697 864 διδασκαλίαν
2782 811 3141 882 πεποίηνται,
3213 811 3382 863 εἰπεῖν
3441 810 3538 863 οὐκ
3599 810 3737 881 ἔχει·

2191 893 2296 971 Qui
2327 922 2443 960 vero
2483 905 2587 959 sint
2617 906 2787 958 sancti
2816 905 2919 968 illi,
2963 913 3011 957 et
3058 905 3109 956 in
3151 901 3335 974 quibus
3372 903 3575 972 scriptis
3614 903 3737 955 hanc

2187 998 2481 1052 doctrinam
2519 997 2796 1061 ediderint,
2838 996 3010 1051 dicere
3052 1013 3155 1051 non
3197 1005 3384 1065 potest.
3415 995 3538 1049 Ilaec
3564 995 3736 1058 verba,

2188 1089 2360 1141 εἰπεῖν
2389 1087 2490 1140 οὐκ
2521 1087 2657 1157 ἔχει,
2688 1086 2858 1140 dicere
2900 1104 3002 1140 non
3033 1096 3221 1156 potest,
3257 1101 3376 1156 qua)
3417 1100 3482 1140 ex
3518 1094 3738 1154 quatuor

2187 1179 2370 1248 Regiis
2407 1193 2541 1234 mss.
2574 1188 2728 1233 eruta
2767 1188 2916 1243 sunt,
2953 1179 3007 1232 in
3032 1179 3208 1233 tribus
3245 1186 3425 1233 autem
3458 1178 3578 1232 aliis
3605 1185 3656 1232 et
3685 1179 3740 1235 in

2186 1269 2426 1338 antiquis
2468 1270 2799 1326 editionibus
2859 1270 3090 1335 desunt,
3145 1270 3497 1325 manifestum
3547 1271 3739 1326 habent

2184 1359 2422 1428 perfidiae
2457 1369 2511 1416 et
2543 1361 2866 1431 corruptelae
2897 1361 3181 1415 indicium.
3227 1360 3363 1427 Quis
3391 1362 3534 1416 enim
3564 1363 3740 1418 credat

2183 1451 2444 1506 Basilium
2473 1453 2548 1507 ita
2577 1453 2635 1507 in
2663 1453 3034 1509 ecclesiastica
3067 1453 3360 1508 traditione
3397 1454 3661 1524 hospitem
3691 1463 3740 1510 et

2182 1544 2527 1613 peregrinum
2573 1543 2766 1608 fuisse,
2801 1551 2862 1598 ut
2905 1560 3030 1598 cum
3082 1544 3197 1614 ipse
3235 1544 3434 1600 Filium
3467 1546 3654 1601 ordine
3691 1555 3741 1600 et

2182 1635 2447 1705 dignitate
2473 1635 2737 1690 minorem
2767 1637 3104 1706 pronuntiet,
3148 1637 3296 1692 illius
3325 1637 3603 1700 doctrinm,
3631 1652 3741 1706 quae

2181 1725 2248 1782 de
2281 1724 2486 1795 Spiritu
2517 1727 2657 1782 idem
2688 1728 2873 1792 tradit,
2905 1736 3159 1784 auctores
3185 1730 3368 1784 nullos
3395 1729 3462 1783 ab
3488 1728 3741 1783 Eunomio

2182 1816 2342 1871 citari
2382 1832 2541 1886 posse
2585 1816 2833 1872 diceret?
2879 1817 3004 1874 Sive
3042 1819 3230 1876 Basilii
3279 1828 3430 1886 sunt,
3461 1836 3580 1891 quae
3608 1819 3741 1874 infra

503 1907 646 1963 henti
694 1910 1086 1977 simplicitatem
1134 1907 1279 1978 fidei,
1310 1923 1404 1962 ceu
1445 1924 1621 1962 escam
1659 1910 1945 1978 quamdam
1975 1913 2078 1964 cir-
2109 1927 2151 1980 Β
2179 1909 2450 1979 leguntur,
2482 1908 2612 1964 Cum
2645 1908 2902 1964 Dominus
2937 1908 3043 1978 ipse
3085 1913 3138 1966 in
3180 1913 3465 1967 traditione
3500 1914 3739 1966 salutaris

452 2001 458 2007 ’
503 1999 772 2066 cumdare,
804 2010 860 2054 ut
886 2001 1116 2070 imperiti
1149 2001 1216 2054 ad
1250 2001 1303 2055 id
1335 2003 1472 2072 quod
1514 2012 1727 2071 apparet
1755 2003 2078 2070 festinantes,

501 2093 712 2146 incaute
761 2091 1048 2160 impietatis
1090 2090 1280 2146 scelere
1311 2093 1723 2162 transﬁgantur.
1771 2090 1908 2146 Cum
1952 2109 2082 2164 ergo

502 2184 832 2238 Eunomium
863 2182 1100 2240 Basilius
1137 2183 1422 2255 disputare
1449 2185 1800 2255 incipientem
1843 2185 1909 2240 de
1954 2184 2080 2256 Spi-

501 2275 632 2339 ritu,
679 2273 869 2329 eadem
921 2274 1100 2330 facere
1147 2275 1316 2341 dicat,
1362 2291 1478 2345 quae
1525 2275 1650 2329 dum
1693 2275 1758 2330 de
1807 2274 2080 2346 Unigenito

500 2365 800 2431 dissereret,
840 2366 1025 2435 fecisse
1056 2367 1321 2420 convictus
1371 2376 1487 2430 est;
1536 2383 1762 2422 necesse
1809 2375 1894 2422 est
1933 2376 1993 2421 ut
2023 2370 2080 2423 in

501 2464 735 2527 utroque
763 2457 884 2512 loco
909 2456 1178 2526 principia
1205 2456 1320 2522 illa,
1352 2472 1473 2526 qua:
1504 2457 1772 2526 impietati
1810 2473 1936 2511 mox
1959 2459 2080 2513 elle-

504 2548 684 2603 rendaa
729 2547 876 2603 velut
901 2562 1086 2604 escam
1131 2547 1296 2601 hamo
1342 2547 1731 2618 praetendebat,
1778 2565 1879 2604 nec
1914 2550 2076 2606 dubia

508 2642 627 2697 visa
661 2639 866 2696 fuerint
897 2656 997 2695 nec
1024 2641 1232 2696 incerta
1262 2640 1486 2696 Basilio.

569 2732 627 2788 In
683 2748 749 2788 eo
787 2733 952 2788 etiam
997 2748 1183 2788 secum
1227 2741 1414 2803 aperte
1459 2741 1666 2804 pugnat
1707 2734 1981 2799 Basilius,
2028 2736 2075 2791 si

502 2824 811 2881 Graecorum
841 2817 1112 2896 scriptura
1144 2826 1464 2896 recipiatur,
1510 2827 1655 2897 quod
1685 2837 1976 2898 postquam
2008 2829 2078 2883 ab

498 2915 773 2973 Eunomio
793 2925 1046 2972 auctores
1076 2916 1338 2972 doctrinae
1377 2917 1544 2972 celari
1573 2917 1730 2983 dixit,
1767 2919 1942 2988 ipsum
1973 2919 2077 2973 Eu-

500 3011 743 3064 nomium
777 3010 918 3064 hanc
948 3009 1254 3064 doctrinam
1283 3025 1350 3064 ex
1382 3009 1587 3065 Christi
1617 3010 1798 3066 verbis
1832 3022 2077 3081 repetere

500 3111 731 3158 asserat.
778 3101 1010 3158 Simulat
1057 3118 1111 3156 se
1156 3119 1360 3156 servare
1406 3102 1705 3156 doctrinam
1735 3114 2073 3170 sanctorum;

499 3201 556 3245 at
601 3209 687 3247 eos
731 3195 820 3263 qui
861 3195 1011 3247 illam
1044 3194 1148 3263 ipsi
1186 3194 1521 3248 tradiderunt
1563 3203 1716 3248 tacet.
1765 3196 1832 3249 Et
1884 3196 2072 3253 infra:

2186 1999 2517 2065 baptismatis
2557 1998 2834 2052 tradiderit
2877 1999 3134 2064 ordinem,
3177 2010 3312 2063 etc..
3350 2003 3529 2072 ipsum
3572 2003 3742 2057 Domi-

2181 2105 2311 2144 num
2363 2090 2608 2160 agnoscit
2649 2089 2886 2146 Basilius
2933 2090 3098 2160 hujus
3133 2090 3402 2146 doctrinae
3448 2100 3737 2156 auctorem,

2179 2181 2381 2236 nedum
2430 2189 2686 2237 auctores
2735 2182 2916 2238 nullos
2961 2182 3195 2252 proferri
3243 2198 3407 2252 posse
3454 2183 3738 2239 existimet.

2182 2271 2306 2327 Sive
2351 2273 2618 2328 Eunomio
2662 2273 2953 2328 tribuenda
2995 2275 3110 2329 haec
3137 2275 3344 2341 verba;
3391 2291 3505 2331 non
3541 2277 3741 2331 laborat

2179 2370 2463 2417 auctorum
2512 2361 2776 2416 doctrinae
2824 2379 2938 2420 suae
2985 2365 3236 2436 penuria,
3275 2367 3372 2437 qui
3420 2367 3600 2438 ipsum
3644 2365 3744 2420 Do-

2177 2455 2384 2509 minum
2425 2455 2553 2510 citat
2585 2465 2887 2511 auctorem.
2929 2455 3186 2513 Mendose
3216 2473 3354 2530 ergo
3401 2460 3458 2513 in
3499 2459 3640 2514 hanc
3663 2472 3748 2512 ue-

2176 2564 2301 2602 vam
2347 2549 2639 2605 editionem
2681 2550 3022 2621 irrepserunt
3051 2552 3168 2608 haec
3197 2554 3377 2609 verba
3409 2573 3422 2608 ε
3455 2554 3548 2609 sed
3578 2564 3746 2608 tamen

2176 2655 2284 2694 non
2315 2656 2504 2710 parum
2538 2656 2769 2711 prosunt
2813 2644 2882 2698 ad
2915 2637 3405 2699 demonstrandam
3442 2644 3746 2700 Graecorum

2176 2731 2232 2784 in
2263 2731 2365 2785 hoc
2395 2730 2577 2786 Basilii
2609 2741 2869 2788 contextu
2896 2733 3252 2789 adulterando
3284 2737 3598 2792 audaciam.

2247 2825 2512 2878 Assentiri
2545 2824 2689 2878 enim
2717 2840 2824 2879 non
2852 2839 3074 2896 possum
3098 2825 3320 2882 erudito
3348 2825 3744 2882 dissertationis

2177 2914 2409 2981 auctori,
2442 2916 2534 2986 qui
2563 2913 2823 2970 Basilium
2859 2923 3014 2986 putat
3045 2916 3113 2971 ad
3145 2918 3372 2987 impiam
3406 2917 3659 2973 Eunomii
3683 2918 3748 2972 de

2175 3007 2334 3062 tertia
2385 3006 2688 3062 substantia
2736 3009 3064 3062 sententiam
3117 3008 3418 3078 respicere,
3452 3010 3581 3064 dum
3632 3009 3742 3062 ait:

2175 3096 2406 3152 Simulat
2450 3114 2504 3151 se
2524 3114 2730 3152 servare
2763 3107 3064 3151 sanctorum
3094 3095 3420 3163 doctrinam,
3459 3108 3516 3152 at
3546 3116 3633 3153 eos
3662 3097 3748 3169 qui

2173 3207 2290 3245 eam
2319 3191 2421 3258 ipsi
2464 3188 2815 3254 tradiderunt,
2856 3198 3010 3245 tacet.-
3060 3188 3362 3259 Distinguit
3399 3191 3547 3244 enim
3589 3197 3747 3244 accu-

498 3285 808 3356 Accepimus
854 3287 991 3340 enim
1040 3289 1234 3354 ipsum,
1276 3287 1464 3356 inquit,
1493 3288 1705 3340 tertium
1753 3304 1785 3339 a
1818 3287 1980 3342 Patre
2016 3298 2065 3342 ει
2095 3274 2135 3331 C
2170 3288 2285 3335 rate
2313 3281 2546 3335 Basilius
2583 3295 2646 3334 ea
2687 3296 2808 3350 qua:
2839 3279 3138 3334 Eunomius
3179 3297 3212 3332 α
3256 3291 3462 3334 sanctis
3505 3297 3559 3334 se
3606 3279 3746 3332 didi-

450 3392 455 3397 ‘
497 3373 643 3430 Filio
678 3377 944 3429 numerari
973 3392 991 3430 :
1024 3393 1141 3430 cum
1177 3377 1430 3431 Dominus
1461 3377 1640 3445 ipsein
1664 3377 1951 3433 traditione
1981 3397 2070 3434 sa-

499 3465 690 3520 lutaris
733 3467 1064 3535 baptismatis
1111 3465 1391 3521 tradiderit
1431 3465 1688 3531 ordinem,
1732 3468 1813 3522 Itis
1864 3472 2068 3524 verbis:

504 3574 524 3608 ι
563 3556 758 3612 Euntes
789 3557 1050 3626 baptizare
1082 3558 1149 3622 "‘,
1191 3576 1210 3610 ι
1244 3566 1351 3613 etc.
1391 3555 1544 3612 Licet
1563 3573 1694 3629 ergo
1732 3561 1906 3615 oculis
1935 3561 2070 3630 ipsis

499 3663 724 3703 cernere
765 3649 999 3719 perlidas
1036 3665 1250 3716 manus,
1281 3665 1402 3720 qua:
1454 3651 1599 3705 hunc
1644 3651 1824 3706 locum
1873 3668 2071 3708 corru-

498 3747 718 3809 perunt.
760 3739 908 3793 Nihil
942 3739 1084 3794 enim
1132 3740 1306 3810 magis
1335 3750 1623 3811 repugnat,
1664 3757 1827 3812 quam
1862 3750 1922 3796 ut
1964 3742 2072 3798 Eu-

499 3832 741 3886 nomium
774 3831 1010 3888 Basilius
1047 3841 1303 3887 auctorcs
1337 3833 1502 3903 hujus
1537 3833 1801 3889 doctrinae
1834 3838 2072 3893 tacuisse

497 3921 665 3986 dicat,
699 3939 857 3992 quem
894 3932 1071 3978 tamen
1099 3923 1344 3979 eamdem
1374 3924 1678 3980 doctrinam
1711 3923 1914 3979 Christi
1945 3943 2068 3981 ver-

498 4010 585 4066 bis
634 4020 914 4081 acceptam
965 4012 1198 4067 fateatur
1243 4014 1520 4069 retulisse.
1590 4014 1890 4070 Delendum
1939 4032 2070 4087 ergo

497 4100 657 4167 illud,
715 4103 903 4172 inquit,
956 4117 1019 4156 ac
1061 4101 1409 4156 manifestum
1457 4111 1542 4157 est
1586 4119 1693 4158 non
1743 4104 2067 4160 Eunomium

498 4191 590 4248 hic
634 4192 802 4262 loqui,
850 4192 946 4248 sed
1001 4190 1262 4248 Basilium
1317 4192 1411 4262 qui
1461 4192 1714 4249 Eunomii
1756 4195 1918 4250 verba
1959 4212 2068 4253 non

498 4286 635 4340 solet
679 4285 735 4339 in
783 4299 938 4340 suam
985 4284 1287 4339 orationem
1321 4284 1586 4350 intexere,
1635 4287 1740 4342 nisi
1777 4297 2065 4358 postquam

497 4392 562 4432 ea
595 4377 783 4432 ordine
829 4391 930 4431 suo
963 4377 1165 4430 retulit.
1207 4375 1274 4429 At
1324 4376 1487 4431 verba
1547 4377 1708 4432 modo
1756 4379 1918 4432 citata
1967 4395 2068 4432 nu-

498 4483 689 4538 squam
736 4466 900 4524 relert
933 4466 1167 4522 Basilius
1202 4475 1258 4521 ut
1288 4465 1539 4522 Eunomii
1582 4469 1766 4534 verba,
1813 4485 1914 4524 nec
1942 4485 2068 4540 pro-

497 4559 639 4615 fecto
667 4559 870 4616 referre
906 4561 1101 4631 potuit.

566 4649 685 4704 Jam
711 4666 860 4717 vero,
893 4653 940 4706 si
974 4653 1085 4706 haec
1134 4653 1320 4722 spuria
1353 4662 1503 4719 sunt,
1549 4655 1797 4724 sequitur
1830 4655 2063 4726 genuina

497 4759 618 4799 esse
647 4758 764 4813 quae
795 4743 848 4798 in
884 4743 1116 4798 lectione
1146 4743 1461 4801 Graecorum
1493 4745 1694 4801 desunt
1729 4747 1794 4802 de
1841 4762 2061 4816 proces-

498 4836 651 4892 sione
682 4833 918 4905 Spiritus
937 4852 1002 4890 ex
1041 4835 1198 4890 Filio.
1233 4837 1432 4892 Eadem
1466 4839 1612 4894 enim
1643 4854 1807 4892 manu
1850 4837 2062 4894 facinus

496 4937 790 4998 utrumque
818 4930 1192 4995 commissum,
1216 4945 1314 4984 nec
1363 4930 1470 4984 alio
1499 4931 1730 4985 consilio
1749 4939 1937 4985 assuta
1963 4930 2062 4984 du-

497 5019 778 5074 bitationis
823 5018 1045 5084 indicia,
1085 5021 1189 5074 nisi
1233 5029 1293 5075 ut
1332 5022 1513 5078 minus
1544 5023 1870 5077 miraremur
1906 5023 2062 5078 Basi-

498 5109 652 5175 lium,
700 5112 792 5181 qui
841 5111 909 5166 de
952 5109 1090 5164 Filio
1141 5111 1443 5180 disserens,
1491 5123 1749 5169 accurate
1803 5115 2062 5184 explicat,

494 5217 604 5273 quo
644 5219 806 5260 sensu
837 5206 1016 5259 minor
1047 5206 1116 5261 sit
1144 5206 1336 5261 ordine
1373 5214 1428 5261 et
1459 5205 1744 5277 dignitate,
1777 5222 1887 5262 non
1918 5208 2062 5263 idem

494 5293 657 5347 etiam
702 5293 769 5348 de
809 5293 1013 5364 Spiritu
1055 5294 1414 5350 disserentem
1472 5296 1688 5352 fecisse.
1744 5295 1874 5351 Erat
1917 5297 2061 5352 enim

496 5385 610 5439 haec
630 5385 919 5454 explicatio
950 5403 1175 5458 prorsus
1215 5388 1527 5442 necessaria
1562 5389 1901 5444 asseveranti
1934 5387 2062 5459 Spi-

494 5478 659 5532 ritum
687 5478 876 5534 ordine
905 5491 960 5534 et
997 5481 1260 5551 dignitate
1288 5481 1554 5536 minorem
1585 5497 1706 5538 esse
1739 5481 1914 5549 Filio;
1959 5481 2062 5536 du-

493 5565 688 5622 bitanti
751 5576 805 5622 et
868 5569 1137 5627 haesitanti
1204 5572 1386 5631 minus
1441 5573 1810 5630 necessariam
1882 5573 2057 5632 Graaci

494 5668 896 5716 ensumarunt.

557 5813 604 5848 "
639 5813 826 5872 Matth.
861 5833 1047 5886 xxvm,
1088 5818 1173 5875 l9.

2172 3375 2303 3427 cisse
2333 3373 2530 3438 aiebat,
2567 3387 2779 3442 nempe,
2817 3373 3027 3425 tertium
3051 3387 3163 3426 esse
3193 3371 3381 3426 ordine
3419 3384 3468 3428 et
3491 3373 3748 3444 dignitate

2172 3460 2450 3531 Spiritum,
2483 3463 2550 3517 ab
2583 3462 2651 3517 iis
2681 3477 2801 3532 quae
2839 3477 2897 3517 se
2926 3478 2958 3514 a
2987 3463 3154 3531 seipso
3177 3463 3409 3518 credere
3452 3464 3746 3534 fatebatur,

2169 3569 2385 3624 nempe,
2416 3564 2611 3608 natura
2633 3571 2832 3624 quoque
2857 3556 3066 3609 tertium
3094 3571 3224 3610 esse.
3257 3555 3417 3622 Quod
3438 3573 3573 3628 ergo
3602 3557 3748 3610 addit

2169 3637 2425 3704 Basilius,
2460 3640 2688 3706 Quinam
2713 3648 2887 3694 autem
2911 3643 3082 3696 sancti
3111 3642 3213 3705 illi,
3241 3651 3292 3695 et
3321 3643 3514 3713 quibus
3542 3644 3597 3697 in
3628 3643 3751 3697 scri-

2167 3734 2272 3803 ptis
2313 3733 2446 3787 Itanc
2478 3733 2771 3803 doctrinam
2811 3733 3058 3790 edidere?
3109 3734 3162 3788 id
3207 3750 3438 3803 prorsus
3476 3735 3756 3790 immerito

2170 3826 2472 3882 referretur
2501 3826 2569 3881 ad
2598 3842 2662 3882 ea
2687 3843 2807 3897 quae
2840 3842 2898 3882 se
2928 3826 3227 3882 Eunomius
3259 3844 3290 3880 a
3314 3829 3488 3896 seipso
3521 3825 3750 3888 credere,-

2169 3935 2280 3974 non
2307 3935 2337 3973 a
2369 3921 2574 3975 sanctis
2606 3922 2880 3990 accepisse
2920 3919 3118 3975 aiebat.
3148 3920 3326 3985 Quare
3354 3935 3483 3974 cum
3526 3936 3653 3975 eum
3677 3920 3754 3975 sic

2171 4011 2466 4082 interrogat
2499 4011 2730 4067 Basilius
2758 4031 2771 4066 :
2810 4013 3039 4078 Quinam
3079 4019 3254 4064 autent
3279 4020 3407 4064 sunt
3436 4015 3618 4065 sancti
3651 4012 3751 4075 illi,

2168 4113 2217 4157 et
2244 4105 2430 4173 quibus
2464 4104 2519 4156 in
2566 4105 2777 4172 scriptis
2813 4104 2947 4157 lianc
2996 4105 3288 4157 doctrinam
3334 4103 3598 4161 edidere?
3646 4121 3754 4158 non

2169 4196 2404 4252 obscure
2432 4197 2671 4251 declarat
2708 4195 3034 4250 Eunomium
3066 4196 3263 4250 callide
3304 4195 3602 4270 reticuisse
3629 4213 3755 4254 san-

2169 4295 2380 4342 ctorum
2432 4286 2744 4342 testimonia
2776 4302 2839 4340 ac
2867 4285 3164 4356 prtesertim
3195 4285 3398 4340 Christi
3445 4288 3646 4356 verba,
3692 4307 3756 4344 ex

2167 4377 2366 4448 quibus
2394 4375 2656 4446 Spiritum
2689 4383 2939 4429 sanctum
2963 4373 3155 4428 ordine
3184 4375 3403 4429 tertium
3436 4390 3568 4432 esse
3606 4379 3758 4433 colli-

2169 4471 2332 4538 gitur,
2367 4469 2516 4538 quia,
2547 4483 2673 4521 cum
2705 4467 2820 4521 huic
2849 4466 3013 4520 verba
3057 4464 3293 4536 Spiritus
3323 4469 3502 4522 sancti
3552 4469 3761 4524 divini—

2167 4571 2334 4618 tatem
2384 4561 2665 4616 evidenter
2715 4567 2984 4624 astruant,
3035 4559 3080 4614 si
3121 4573 3184 4614 ea
3231 4558 3516 4614 retulisset
3571 4562 3759 4616 Euno-

2166 4656 2330 4719 mius,
2378 4653 2719 4708 manifestior
2767 4651 3068 4706 exstitisset
3112 4665 3323 4716 eorum,
3369 4666 3498 4721 quae
3544 4653 3616 4710 de
3656 4669 3758 4710 suo

2167 4747 2348 4802 statim
2377 4746 2629 4812 addebat,
2661 4745 2931 4814 impietas.

2236 4834 2325 4891 Ill.
2359 4835 2661 4904 Scriptura,
2703 4847 2868 4903 quam
2907 4829 3211 4886 defendunt
3254 4828 3456 4896 Latini,
3494 4847 3612 4886 non
3659 4847 3755 4888 so-

2167 4930 2280 4984 lum
2313 4937 2437 4998 apte
2464 4934 2518 4982 et
2547 4925 2828 4981 commode
2853 4939 2976 4978 cum
2998 4930 3110 4976 tota
3140 4922 3320 4985 Basilii
3339 4922 3625 4990 doctrina,
3660 4924 3759 4980 sed

2167 5023 2328 5076 etiam
2355 5017 2668 5073 necessario
2713 5031 2837 5071 cum
2863 5016 3010 5070 illius
3038 5013 3461 5068 ratiocinatione
3513 5016 3758 5086 ejusque

2167 5111 2502 5180 argumentis
2549 5109 2802 5163 cohaeret.
2864 5105 3126 5177 Spiritum
3175 5121 3241 5161 ex
3290 5105 3446 5159 Patre
3497 5115 3556 5161 et
3614 5106 3761 5161 Filio

2165 5205 2459 5276 procedere
2486 5205 2569 5260 vel
2601 5204 2705 5257 hoc
2743 5219 2912 5257 unum
2945 5201 3320 5256 testimonium
3351 5199 3761 5256 demonstrare

2165 5297 2359 5370 possit,
2388 5297 2531 5366 quod
2562 5297 2664 5350 sub
2710 5295 2870 5351 tinem
2901 5295 3022 5350 libri
3071 5310 3110 5349 ιι
3141 5295 3193 5348 in
3225 5293 3549 5346 Eunomium
3583 5294 3764 5350 habe-

2163 5405 2304 5445 mus.
2338 5388 2471 5442 Nam
2503 5404 2627 5442 cum
2656 5387 2957 5443 Eunomius
3003 5386 3168 5456 impie
3193 5384 3389 5439 Filium
3421 5394 3756 5439 creaturam

2164 5480 2363 5546 Patris,
2406 5479 2668 5551 Spiritum
2700 5489 3009 5534 creaturam
3058 5477 3181 5532 Filii
3209 5483 3447 5539 vocaret,
3501 5475 3760 5532 Basilius

2163 5573 2493 5644 impietatem
2534 5572 2681 5627 illius
2718 5571 3104 5642 perhorrescit,
3137 5568 3282 5640 quod
3315 5575 3642 5622 creaturam
3679 5569 3764 5623 di-

2159 5673 2310 5724 ceret
2339 5663 2598 5737 Spiritum
2617 5673 2865 5721 sanctum
2887 5679 2982 5724 :ac
3000 5661 3196 5719 deinde
3227 5661 3377 5718 illum
3412 5659 3494 5715 sic
3533 5662 3760 5732 arguit,
