3908 6562
207 428 269 485 .57
1670 411 1830 468 PMB
1840 411 2062 476 FATIO.
3389 430 3460 490 38

208 543 343 613 quod
373 538 623 613 Spiritus
654 538 920 611 originem
948 553 1059 593 non
1091 531 1239 592 Patri
1264 543 1316 592 et
1345 534 1505 599 Filio,
1539 534 1639 590 sed
1680 533 1783 588 soli
1812 536 1861 591 Α
1886 552 1951 593 ex
1981 553 2104 610 cap.
2142 539 2210 594 17
2237 541 2357 597 libri
2391 541 2464 598 De
2490 541 2693 615 Spiritu
2730 552 2913 600 sancto
2929 543 3042 616 jam
3064 543 3228 601 citata
3254 566 3268 602 :
3304 546 3370 602 Ut
3403 564 3461 604 se

207 635 336 690 Filio
364 634 718 687 attribueret.
751 630 900 686 Illud
926 647 1063 696 vero,
1113 630 1286 700 inquit
1307 628 1381 700 (p.
1399 626 1550 698 270),
1572 626 1657 680 cui
1681 641 1788 680 non

204 739 361 796 patet,
380 727 526 797 quod
551 726 705 781 nulla
722 724 859 779 Filii
879 725 1112 793 operatio
1134 740 1166 777 a
1192 724 1350 777 Patre
1365 721 1535 776 divisa
1563 721 1662 786 sit,
1696 735 1788 773 nec

204 821 491 889 quidquam
518 820 594 872 sit
622 819 677 871 in
700 833 877 871 rerum
907 825 1120 880 natura,
1154 814 1294 886 quod
1315 813 1383 866 ad
1402 813 1605 868 Filium
1629 813 1791 882 perti-

206 920 341 969 neat.
363 919 416 963 et
452 926 485 962 a
516 908 685 962 Patre
722 908 953 961 alienum
974 907 1084 961 sit?
1123 923 1142 957 ι
1176 904 1375 960 Omnia
1406 906 1563 969 enim,
1597 905 1785 975 inquit,

206 1019 315 1056 mea
335 1011 432 1054 tua
454 1008 603 1064 sunt,
625 1008 677 1054 et
710 1010 805 1053 tua
835 997 1006 1052 mea'.
1035 1016 1053 1049 ι
1075 996 1346 1062 Quomodo
1364 998 1525 1068 igitur
1556 996 1788 1066 Spiritus

204 1110 425 1148 causam
473 1090 758 1161 Unigenito
793 1090 895 1144 soli
923 1089 1186 1154 attribuit,
1214 1097 1263 1143 et
1291 1090 1359 1142 ad
1389 1090 1503 1159 ejus
1534 1105 1790 1144 accusan‘

204 1186 325 1239 dam
353 1194 618 1238 naturam
648 1182 796 1236 illius
827 1181 1139 1235 creationem
1190 1183 1454 1250 usurpat?
1498 1179 1644 1236 Luce
1670 1180 1788 1234 cla-

205 1280 318 1331 rius
349 1285 443 1331 est
498 1274 769 1329 Basiliam
818 1273 961 1326 inter
988 1281 1042 1327 et
1075 1271 1403 1326 Eunomium
1444 1271 1787 1337 convenisse,

206 1368 450 1438 Spiritus
492 1365 768 1437 originem
814 1363 953 1419 Filio
1003 1363 1427 1429 attribuendam,
1475 1366 1571 1418 sed
1625 1365 1680 1417 in
1723 1378 1793 1419 eo

205 1461 648 1515 controversiam
681 1459 982 1521 exstitisse,
1012 1456 1159 1528 quod
1202 1456 1503 1512 Eunomius
1556 1457 1659 1511 soli
1699 1456 1791 1511 Fi-

206 1554 274 1620 lio
306 1552 672 1617 attribueret,
717 1548 957 1605 Basilius
984 1546 1133 1601 Patri
1161 1546 1401 1613 etFilio.
1451 1547 1790 1603 Sententiam

207 1658 361 1698 suam
412 1640 663 1697 Basilius
690 1655 803 1695 non
829 1638 1206 1710 perfunctorie
1235 1638 1450 1710 probat.
1497 1638 1792 1694 Contendit

206 1737 310 1791 duo
339 1735 465 1789 fore
494 1732 790 1804 principia,
827 1732 874 1787 si
912 1729 1147 1803 Spiritus
1174 1732 1333 1802 origo
1371 1731 1471 1786 soli
1517 1729 1657 1785 Filio
1692 1730 1794 1784 tri-

207 1830 432 1885 buatur.
466 1826 826 1882 Demonstrat
874 1839 999 1880 eum
1026 1837 1141 1878 non
1183 1822 1546 1879 dirimendum
1593 1836 1715 1878 esse
1759 1837 1792 1877 a

205 1922 405 1984 Patre,
467 1932 600 1973 cum
672 1925 727 1971 et
800 1916 1097 1985 Apostolus
1154 1916 1449 1985 conjunete
1529 1913 1790 1984 Spiritum

207 2011 415 2069 Christi
446 2018 503 2066 et
534 2009 802 2079 Spiritum
829 2008 923 2063 Dei
945 2007 1122 2061 Patris
1145 2008 1416 2078 appellet;
1447 2023 1508 2061 ac
1531 2006 1791 2061 Dominus

209 2100 474 2171 Spiritum
503 2101 748 2155 ueritatis
778 2099 927 2153 dicat
984 2100 1083 2172 (est
1109 2100 1247 2156 enim
1280 2100 1388 2168 ipse
1415 2097 1667 2155 Christus
1704 2115 1792 2154 ve-

207 2193 364 2264 ritas)
396 2199 451 2245 et
484 2190 555 2245 de
580 2207 643 2246 eo
669 2190 814 2244 dicat
840 2206 859 2244 :
899 2190 944 2244 Α
973 2190 1133 2245 Patre
1162 2190 1396 2260 procedit

274 2282 472 2354 Neque
503 2283 675 2338 etiam
704 2284 943 2338 obscure
982 2282 1311 2353 perspicitur
1343 2280 1527 2337 Basilii
1573 2287 1795 2336 senten-

210 2377 278 2431 tia
306 2391 374 2431 ex
412 2376 506 2430 bis
542 2376 728 2430 verbis
755 2374 918 2445 epist.
971 2374 1062 2439 52,
1104 2389 1162 2428 ιι.
1193 2373 1270 2429 2:
1321 2370 1441 2427 Non
1494 2372 1633 2427 enim
1677 2387 1793 2442 qua:

210 2469 445 2536 fratrum
474 2469 623 2522 inter
648 2484 703 2522 se
732 2466 1097 2537 cognationem
1139 2465 1351 2532 habent,
1397 2466 1645 2520 dicuntur
1671 2482 1794 2520 cou—

210 2560 631 2623 substamialia,
674 2558 729 2613 id
773 2559 911 2629 quod
941 2556 1155 2629 quidam
1175 2559 1514 2623 existimant,
1549 2558 1638 2612 sed
1676 2574 1794 2612 cum

210 2669 376 2707 causa
406 2662 460 2706 et
490 2651 553 2705 id
582 2650 723 2722 quod
744 2667 813 2706 ea:
838 2666 1001 2704 causa
1028 2650 1393 2704 eaxsistentiam
1433 2648 1609 2716 habet,
1652 2650 1795 2718 ejus-

210 2745 329 2798 dem
369 2754 499 2798 sunt
546 2751 774 2809 natum,
814 2740 1294 2795 consubstantialia
1322 2740 1589 2794 dicuntur.
1624 2740 1796 2794 Mani-

213 2835 353 2891 festa
382 2844 472 2891 est
502 2842 564 2889 et
590 2843 779 2903 aperta
807 2833 1112 2897 conclusio,
1144 2847 1306 2904 quam
1343 2832 1578 2902 theoIOgi
1607 2848 1670 2886 ex
1709 2833 1795 2886 bis

210 2927 397 2982 verbis
451 2926 756 2980 deducunt.
803 2921 940 2977 Nam
996 2923 1043 2980 si
1086 2939 1157 2979 ea
1205 2931 1420 2978 tantum
1460 2923 1567 2978 dici
1600 2923 1798 2978 debent

212 3017 736 3080 consubstantialia,
770 3029 1004 3084 quorum
1038 3014 1269 3069 alterum
1312 3029 1378 3069 ex
1422 3014 1591 3068 altero
1623 3007 1794 3085 origi—

214 3128 337 3167 nem
390 3110 601 3174 habet,
653 3122 766 3163 non
818 3107 994 3177 potuit
1044 3105 1284 3176 Spiritus
1330 3114 1410 3160 tot
1467 3107 1603 3161 locis
1654 3105 1797 3176 apud

1887 630 2041 686 habet
2069 629 2246 688 Filius
2286 633 2355 687 ad
2381 633 2618 701 Patrem,
2633 636 2708 690 sic
2733 635 2800 690 ad
2831 635 2881 689 F
2884 636 3035 690 ilium
3066 634 3322 707 Spiritus,
3347 646 3458 697 etc.

1887 722 2065 793 Atque
2111 722 2226 779 haec
2281 724 2474 780 relatio
2514 725 2692 783 fusius
2742 726 3047 799 explicatur
3104 728 3162 782 in
3218 742 3341 800 cap.
3391 728 3461 787 18

1888 813 2135 885 ejusdem
2162 815 2311 871 libri.

1958 908 2057 966 His
2089 909 2216 965 addi
2257 919 2490 981 possunt
2532 909 2794 967 nonnulla
2825 925 2895 965 ex
2937 910 3131 982 quinto
3172 912 3228 965 in
3279 911 3462 968 Eunoo

1890 1003 2055 1059 mium
2081 1005 2243 1072 libro,
2274 1006 2368 1076 qui
2392 1005 2529 1061 liber
2560 1005 2774 1061 etiamsi
2807 1005 2990 1061 Basilii
3012 1022 3124 1062 non
3155 1008 3246 1073 sit,
3288 1007 3340 1064 ei
3377 1016 3460 1063 ta-

1889 1114 2016 1155 men
2046 1114 2077 1155 a
2099 1098 2304 1156 Graecis
2331 1099 2700 1170 adjndicatur,
2733 1115 2797 1155 ac
2820 1107 2966 1155 totus
3004 1116 3071 1155 ex
3098 1100 3217 1170 ejus
3241 1110 3459 1157 senten—

1890 1193 1983 1249 tiis
2005 1193 2340 1263 compositus
2364 1200 2468 1249 est.
2500 1191 2580 1247 Ibi
2611 1192 2754 1264 (pag.
2784 1191 2910 1260 505)
2941 1192 3173 1262 legimus
3194 1193 3459 1263 Spiritum

1892 1297 2015 1339 esse
2043 1282 2269 1338 Verbum
2304 1280 2461 1348 Filii,
2497 1283 2777 1353 imaginem
2802 1281 2958 1351 Filii,
2995 1282 3257 1354 Spiritum
3300 1284 3457 1353 Filii,

1891 1375 2173 1445 procedere
2210 1390 2277 1430 ea:
2312 1374 2423 1429 Deo
2450 1389 2543 1443 per
2572 1373 2621 1427 F
2624 1375 2795 1429 ilium.
2846 1373 2959 1430 Nec
3009 1374 3311 1430 omittenda
3365 1377 3458 1432 illa

1893 1466 2123 1539 quaestio
2152 1467 2351 1541 (ibid.),
2385 1466 2496 1524 Cur
2514 1477 2565 1523 et
2592 1467 2823 1536 Spiritus
2842 1467 3017 1522 Filius
3039 1466 3172 1522 Filii
3198 1484 3299 1522 non
3324 1468 3460 1523 dici-

1895 1561 2018 1614 tur?
2061 1559 2192 1625 Qum
2220 1558 2440 1628 quidem
2470 1558 2809 1629 perabsurda
2842 1556 2968 1624 fuit,
2988 1557 3035 1613 si
3062 1572 3126 1612 ex
3159 1555 3458 1633 Filio’Spi-

1892 1651 2031 1706 ritus
2065 1665 2173 1704 non
2204 1649 2465 1721 procedit.

1962 1740 2118 1808 Quod
2143 1741 2191 1795 si
2210 1753 2449 1809 unquam
2478 1738 2711 1795 Basilius
2741 1738 3000 1809 Spiritum
3037 1752 3066 1792 a
3096 1736 3236 1793 Filio
3265 1752 3457 1809 proce-

1893 1829 2023 1886 dere
2051 1831 2258 1893 docuit,
2285 1837 2403 1883 tum
2420 1829 2654 1884 maxime
2682 1829 2848 1899 hujus
2864 1828 3464 1899 depromendatdoctri-

1893 1938 1976 1978 me
1992 1921 2362 1978 necessarium
2376 1920 2588 1975 exstitit
2614 1929 2849 1988 tempus,
2870 1933 2998 1975 cum
3028 1919 3178 1974 illum
3195 1918 3332 1974 Filio
3350 1918 3455 1972 mi-

1892 2027 2083 2068 norem
2117 2010 2309 2066 ordine
2335 2020 2387 2065 et
2409 2010 2673 2080 dignitate
2701 2025 2844 2071 esse,
2873 2010 2928 2064 in
2962 2017 3217 2078 suscepta
3257 2011 3456 2065 adver-

1894 2120 1991 2160 sus
2033 2103 2263 2161 subtiles
2305 2100 2598 2157 haereticos
2644 2100 3014 2170 disputatione
3059 2101 3459 2172 pronuntiavit.

1891 2195 2030 2252 Nam
2058 2196 2153 2267 qui
2188 2196 2255 2252 de
2284 2194 2424 2250 Filio
2451 2195 2628 2251 obiter
2664 2208 2851 2264 agens,
2888 2208 3015 2249 eum
3049 2193 3237 2249 ordine
3269 2201 3324 2249 et
3372 2193 3461 2249 di-

1895 2290 2100 2361 gnitate
2131 2288 2396 2344 minorem
2427 2286 2588 2342 Patre
2619 2300 2726 2341 non
2773 2301 2943 2341 ausus
2972 2294 3057 2340 est
3102 2284 3306 2352 dicere,
3347 2286 3457 2342 nisi

1895 2384 2077 2440 statim
2109 2396 2331 2437 causam
2360 2380 2601 2445 adderet,
2635 2379 2763 2449 quia
2797 2394 2829 2433 a
2872 2378 3032 2433 Patre
3055 2385 3161 2441 est,
3206 2386 3261 2433 et
3294 2376 3461 2434 Pater

1894 2474 2016 2544 ejus
2046 2474 2220 2543 origo,
2252 2483 2457 2542 quanto
2488 2471 2660 2540 magis
2690 2470 2805 2524 haec
2837 2469 2917 2523 illi
2940 2468 3124 2523 cautio
3151 2468 3462 2524 adhibenda

1896 2564 2022 2629 fuit,
2072 2566 2196 2620 cuin
2225 2561 2494 2633 Spiritum
2539 2571 2811 2626 sanctum,
2874 2560 2941 2615 de
2975 2575 3085 2631 quo
3114 2559 3242 2614 data
3290 2575 3458 2630 opera

1896 2655 2223 2732 disserebat,
2279 2652 2417 2708 Filio
2446 2654 2712 2708 minorem
2743 2653 2935 2708 ordine
2977 2663 3033 2707 et
3065 2651 3328 2722 dignitate
3370 2652 3459 2706 di-

1896 2746 2078 2803 ceret?
2103 2745 2411 2811 Quinetiam
2440 2758 2634 2799 manca
2659 2744 2765 2799 erit
2787 2744 2869 2799 vel
2894 2743 3078 2812 potius
3095 2743 3331 2799 absurda
3359 2742 3463 2796 Ba—

1898 2840 2006 2895 silii
2037 2838 2405 2901 ratiocinatio,
2434 2837 2541 2892 nisi
2577 2834 2843 2906 Spiritum
2880 2836 3019 2890 Filio
3046 2836 3315 2891 minorem
3337 2850 3464 2891 esse

1897 2930 2089 2985 ordine
2117 2937 2172 2982 et
2204 2929 2488 2999 dignitate,
2515 2927 2642 2997 quia
2668 2942 2697 2981 a
2734 2926 2870 2981 Filio
2899 2942 3023 2983 esse
3044 2925 3227 2991 habet,
3278 2926 3323 2983 si
3358 2926 3463 2981 mi-

1897 3036 2001 3075 nus
2028 3019 2248 3084 dixerit,
2300 3018 2491 3075 saltem
2528 3017 2847 3088 cogitaverit
2886 3026 2941 3072 et
2986 3015 3300 3072 crediderit.
3342 3015 3462 3072 Huc

1897 3111 2043 3166 enim
2088 3117 2202 3164 tota
2261 3108 2465 3163 rediret
2521 3108 2637 3163 haec
2680 3108 3064 3163 ratiocinatio:
3098 3106 3465 3173 Quemadmo-

212 3202 485 3256 Basilium
537 3193 1031 3253 consub’stantialis
1079 3196 1220 3252 Filio
1247 3197 1380 3261 dici,
1421 3198 1528 3252 nisi
1572 3212 1698 3252 eum
1728 3212 1792 3251 ex
1821 3216 1865 3274 (ς
1900 3200 2028 3253 dum
2058 3198 2229 3253 Filius
2255 3198 2346 3275 qui
2374 3213 2407 3251 a
2435 3194 2597 3251 Patre
2623 3212 2746 3252 esse
2782 3197 2966 3261 habet,
2986 3197 3180 3252 ordine
3204 3204 3259 3252 et
3275 3197 3460 3267 digni-

212 3291 354 3348 Filio
391 3291 668 3361 originem
712 3288 915 3343 habere
959 3296 1257 3344 constaret.
1293 3288 1553 3359 Equidem
1584 3290 1686 3344 hoc
1716 3297 1796 3344 te-

214 3384 545 3440 stimonium
586 3381 753 3452 paulo
791 3381 951 3435 aliter
980 3380 1373 3451 interpretatus
1394 3396 1512 3436 sum
1546 3396 1609 3435 ac
1639 3379 1798 3435 Peta-

213 3478 369 3543 vius;
400 3474 504 3531 sed
533 3474 673 3528 nihil
696 3472 766 3528 de
789 3471 1096 3542 argumenti
1126 3470 1368 3542 pondere
1391 3471 1622 3527 decedit.
1652 3470 1712 3526 In
1732 3487 1795 3526 ea

213 3570 384 3632 enim,
421 3582 596 3639 quam
645 3565 788 3620 infra
836 3564 1081 3631 alferam,
1133 3563 1591 3633 interpretatione
1638 3571 1797 3634 negat

214 3657 455 3713 Basilius
497 3671 567 3711 ea
614 3662 829 3710 tantum
860 3653 1091 3710 dicenda
1129 3652 1641 3715 consubstantialia,
1676 3667 1799 3721 quat

216 3753 464 3809 fraterna
517 3758 778 3806 tenentur
826 3749 1171 3819 cognatione,
1217 3754 1280 3801 ut
1322 3746 1570 3802 nonnulli
1613 3746 1800 3801 existi-

216 3845 480 3908 mabant;
538 3840 639 3896 sed
679 3848 829 3895 tunc
859 3840 1024 3893 etiam
1078 3839 1217 3893 hanc
1262 3852 1451 3892 vocem
1499 3851 1799 3906 congruere

216 3932 534 3995 contendit,
574 3947 693 3984 cum
723 3946 889 3982 causa
916 3936 964 3982 et
993 3927 1046 3982 id
1075 3928 1212 3999 quod
1246 3943 1312 3982 ex
1341 3943 1507 3981 causa
1541 3927 1796 3980 exsisten-

215 4032 344 4083 tiam
366 4029 551 4095 habet,
580 4025 815 4096 ejusdem
836 4033 961 4078 sunt
993 4033 1221 4080 naturas.
1259 4023 1338 4077 Ex
1376 4039 1485 4093 quo
1521 4030 1667 4092 patet
1698 4021 1798 4076 Ba-

216 4121 405 4173 silium
436 4120 588 4172 inter
612 4123 666 4170 et
707 4115 1051 4169 adversarios
1100 4112 1447 4179 convenisse,
1502 4112 1697 4167 Filium
1731 4127 1797 4166 ex

216 4211 402 4278 Patre,
440 4209 714 4280 Spiritum
735 4222 801 4261 ex
832 4204 993 4259 Patre
1014 4212 1070 4259 et
1100 4203 1238 4258 Filio
1281 4204 1652 4261 exsistentiam
1699 4203 1797 4256 lia-

218 4306 371 4366 bere,
401 4299 766 4369 ejusdemque
791 4312 916 4352 esse
943 4304 1173 4358 naturze,
1203 4295 1299 4351 sed
1318 4296 1427 4361 isti,
1467 4309 1783 4364 quanquam

217 4404 377 4449 erant
402 4392 699 4457 Catholici,
721 4404 823 4445 nec
845 4387 1038 4443 Filium
1073 4387 1242 4450 Patri,
1267 4401 1370 4441 nec
1393 4386 1657 4456 Spiritum
1695 4383 1796 4438 Pa-

216 4489 286 4541 tri
310 4494 367 4541 et
399 4483 548 4539 Filio
582 4480 1109 4537 consubstantialem
1139 4478 1322 4534 dicere
1350 4478 1625 4543 volebant,
1665 4478 1795 4547 quia

1898 3298 2008 3344 tate
2038 3288 2217 3343 minor
2243 3296 2328 3343 est
2359 3285 2538 3348 Patre,
2593 3302 2703 3341 non
2726 3294 2909 3341 tamen
2951 3294 3146 3341 natura
3172 3305 3188 3355 ;
3233 3287 3315 3343 sic
3339 3287 3465 3358 Spi-

1897 3384 2057 3445 ritus,
2096 3381 2191 3450 qui
2222 3396 2252 3435 a
2281 3379 2421 3434 Filio
2453 3395 2574 3436 esse
2602 3393 2713 3435 non
2734 3379 2915 3443 habet,
2972 3380 3165 3435 ordine
3194 3390 3249 3436 et
3278 3381 3464 3452 digni-

1897 3483 2004 3529 tate
2032 3473 2211 3527 minor
2241 3478 2325 3527 est
2345 3471 2504 3536 Filio,
2533 3486 2642 3526 non
2687 3477 2904 3525 natura.
2952 3470 3076 3536 Quo
3114 3471 3242 3542 quid
3268 3474 3465 3529 absur-

1895 3562 2666 3636 dius'lingipotest‘tNecesse
2694 3570 2778 3618 est
2830 3577 2961 3632 ergo
3008 3571 3069 3616 ut
3122 3578 3309 3629 causa,
3363 3578 3465 3618 cur

1899 3653 2135 3723 Spiritus
2161 3654 2354 3709 ordine
2390 3660 2445 3708 et
2470 3652 2732 3722 dignitate
2769 3652 2961 3707 tertius
2993 3654 3085 3716 sit,
3136 3652 3182 3707 si
3221 3655 3404 3709 minus
3431 3669 3465 3709 a

1896 3746 2098 3800 Basilio
2140 3745 2321 3800 verbis
2370 3758 2653 3814 expressa,
2699 3743 2892 3798 saltem
2949 3742 3098 3799 illius
3138 3744 3323 3798 animo
3365 3744 3465 3798 ot.-

1897 3841 2113 3888 versata
2148 3832 2239 3888 sit.
2267 3830 2373 3886 Sed
2409 3830 2574 3899 hujus
2607 3844 2809 3894 causae,
2854 3838 2913 3883 ut
2933 3830 3046 3899 jam
3086 3830 3220 3894 dixi,
3262 3845 3463 3889 conce-

1897 3920 2006 3990 ptis
2042 3918 2221 3974 verbis
2275 3916 2560 3973 eﬂerendm
2593 3916 2975 3971 necessitatem
3010 3916 3323 3987 imponebat
3356 3916 3465 3971 Eu-

1898 4013 2066 4068 nomii
2092 4011 2336 4082 perﬁdia,
2365 4009 2461 4080 qui
2483 4009 2588 4063 hoc
2623 4008 2955 4078 principium
2998 4007 3055 4061 in
3095 4007 3466 4063 alienissimos

1899 4121 2094 4161 sensus
2124 4102 2390 4174 rapiebat,
2440 4107 2493 4156 et
2524 4098 2787 4170 Spiritum
2833 4105 3029 4152 natura
3077 4097 3297 4152 tertium
3342 4112 3467 4154 esse

1898 4194 2025 4250 inde
2053 4193 2361 4264 colligebat.
2395 4190 2552 4245 Unde
2584 4189 2819 4245 Basilius
2869 4189 2926 4242 in
2957 4187 3096 4243 libro
3141 4187 3218 4242 De
3259 4187 3467 4258 Spiritu

1899 4298 2102 4352 sancto,
2139 4303 2261 4359 cap.
2294 4286 2351 4353 6,
2388 4283 2587 4340 Filium
2632 4292 2796 4355 negat
2830 4281 3147 4337 inferiorem
3175 4281 3463 4353 dignitate,

1898 4400 1963 4439 ac
1994 4398 2221 4454 prorsus
2254 4380 2516 4451 aequalem
2549 4392 2672 4433 esse
2703 4375 3005 4432 contendit.

1967 4474 2059 4530 1V.
2088 4473 2171 4528 Ad
2201 4480 2280 4526 tot
2305 4478 2359 4526 et
2392 4476 2538 4526 tanta
2550 4468 2822 4524 rationum
2845 4472 3138 4530 momenta,
3163 4480 3284 4535 quae
3300 4465 3465 4521 etiam

219 4580 516 4634 videbatur
546 4575 630 4631 eis
653 4575 744 4629 illa
771 4589 877 4628 vox
901 4572 1079 4626 minus
1120 4571 1435 4635 convenire,
1473 4586 1591 4623 eum
1631 4587 1794 4625 causa
1827 4559 1874 4616 Ι)
1904 4568 2021 4624 sine
2046 4563 2328 4620 codicibus
2356 4578 2489 4617 mss.
2528 4562 2792 4625 valerent,
2815 4559 3027 4614 accedit
3043 4558 3294 4613 codicum
3324 4573 3463 4614 mss.

221 4683 267 4727 et
292 4671 348 4725 id
373 4669 521 4740 quod
551 4683 619 4723 ea:
640 4683 804 4721 causa
824 4665 1184 4720 exsistentiam
1210 4663 1382 4731 habet,
1406 4662 1639 4732 ejusdem
1662 4672 1787 4717 sunt

222 4776 451 4816 ποιείτω.

289 4854 350 4909 In
376 4853 568 4909 eadem
596 4851 824 4922 epistola
845 4850 1078 4906 Basilius
1111 4857 1364 4905 sanctum
1406 4856 1460 4905 et
1490 4848 1782 4906 inviolabi-

221 4949 325 5003 lem
349 4963 479 5003 esse
501 4946 783 5000 contendit
820 4944 1064 5000 ordinem
1108 4960 1489 5015 personarum,
1534 4964 1685 5019 quem
1737 4948 1791 5001 in

222 5040 514 5109 Evangelia
539 5038 826 5092 didicimus
850 5055 882 5091 a
910 5036 1132 5090 Domino
1160 5036 1362 5091 dicente
1388 5052 1407 5090 :
1442 5058 1461 5089 ‹
1487 5037 1684 5094 Euntes
1709 5039 1795 5093 ba-

217 5134 422 5200 ptizare
456 5131 511 5182 in
530 5130 738 5182 nomine
769 5126 949 5180 Patris
975 5135 1023 5180 et
1048 5123 1174 5179 Filii
1191 5136 1239 5179 et
1270 5126 1500 5194 Spiritus
1517 5127 1787 5181 sancti’.s

222 5223 370 5276 Ideni
404 5221 570 5274 docet
605 5221 659 5272 in
693 5233 782 5287 ep.
828 5218 949 5279 1‘25,
984 5234 1037 5270 n.
1072 5218 1124 5271 5.
1180 5216 1371 5282 Qualis
1423 5218 1496 5271 sit
1543 5219 1630 5273 ille
1663 5220 1799 5273 ordo

224 5327 616 5382 personarum,
658 5309 1016 5381 perspicimus
1055 5325 1118 5363 ex
1161 5311 1254 5363 lib.
1291 5326 1306 5363 l
1348 5311 1403 5363 in
1445 5309 1785 5377 Eunomiam,

222 5406 313 5459 ubi
339 5405 421 5458 sic
447 5405 695 5473 loquitur
729 5419 743 5456 :
782 5398 895 5455 Nos
941 5414 1134 5468 autent,
1196 5402 1371 5471 inquit
1394 5405 1473 5471 ,(p.
1519 5402 1669 5475 25:2),
1707 5421 1792 5458 se-

221 5495 455 5549 cundum
512 5494 825 5548 relationem
873 5508 1155 5546 causarum
1198 5492 1267 5546 ad
1310 5510 1372 5547 ea
1413 5511 1526 5565 qua:
1560 5510 1625 5549 ea:
1662 5496 1792 5562 ipsis

223 5597 369 5650 sunt,
406 5584 630 5639 Patrem
672 5585 812 5639 Filio
849 5587 1083 5653 prwponi
1115 5585 1363 5639 dicimus.
1419 5586 1561 5642 Idem
1603 5596 1786 5644 autem

220 5680 289 5736 de
316 5689 518 5735 sancto
547 5676 755 5748 Spiritu
790 5676 1078 5733 dicendum
1110 5677 1610 5737 demonstrantth
1636 5682 1798 5739 verba

289 5836 313 5869 ⁸
342 5832 511 5892 Joan.
538 5849 674 5902 xvu,
710 5834 795 5890 l0.
873 5834 894 5866 ’
928 5827 1119 5887 Matth.
1155 5844 1355 5898 xxvm,
1397 5830 1483 5889 l9.

1900 4659 2219 4721 auctoritas,
2241 4670 2352 4712 non
2373 4670 2564 4712 eorum
2594 4655 2834 4725 quidem,
2870 4653 2964 4723 qui
2990 4669 3137 4708 nunc
3171 4638 3225 4706 in
3268 4652 3467 4706 biblio-

1898 4755 2073 4811 thecis
2091 4752 2299 4809 nostris
2328 4755 2569 4812 exstant,
2604 4743 2702 4801 sed
2732 4758 2920 4799 eorum
2968 4757 3108 4813 quos
3141 4742 3272 4796 olim
3299 4741 3468 4796 exsti-

1901 4848 2036 4903 tisse
2074 4842 2400 4899 certissimis
2452 4835 2823 4895 monumentis
2859 4833 3265 4904 cognoscimus.
3288 4830 3466 4901 :Hugo

1900 4937 2249 4997 Etherianus,
2278 4931 2459 4988 saeculi
2495 4927 2802 4985 duodecimi
2845 4925 3103 4995 scriptor,
3140 4919 3230 4992 qui
3263 4929 3376 4976 tres
3402 4922 3470 4975 li-

1903 5031 2034 5085 bros
2068 5027 2136 5082 ad
2167 5026 2485 5080 Latinorum
2526 5020 2896 5077 defensionem
2938 5013 3468 5070 Alcxandro’tertio

1905 5119 2239 5190 nuncupavit
2264 5132 2407 5170 anno
2444 5115 2597 5177 H77,
2630 5114 2761 5167 citat
2791 5111 2844 5164 in
2880 5107 3123 5165 secundo
3156 5104 3317 5171 libro,
3341 5119 3465 5174 cap.

1908 5214 1995 5277 19,
2021 5211 2151 5268 illud
2181 5210 2361 5264 Basilii
2390 5208 2453 5262 de
2487 5205 2695 5276 Spiritu
2724 5203 2950 5267 dictum,
2982 5216 3014 5251 a
3044 5196 3184 5251 Filio
3214 5213 3327 5251 esse
3362 5192 3468 5249 ha-

1908 5310 2050 5363 bens.
2087 5306 2142 5359 In
2172 5304 2311 5358 libro
2340 5301 2526 5361 tertio,
2559 5313 2680 5367 cap.
2725 5296 2811 5358 12,
2848 5306 3069 5350 sensum
3104 5291 3278 5360 magis
3301 5303 3467 5360 quam

1906 5401 2070 5457 verba
2102 5397 2284 5453 refert.
2317 5396 2385 5448 At
2408 5395 2463 5450 in
2491 5408 2611 5463 cap.
2655 5391 2719 5445 15
2750 5386 2992 5458 ejusdem
3028 5384 3151 5439 libri
3173 5384 3350 5438 locum
3386 5383 3470 5435 in-

1906 5503 2117 5564 tegrum
2160 5489 2328 5546 refert
2349 5488 2466 5543 sine
2507 5479 2891 5539 additamentis
2932 5476 3329 5533 dubitationem
3364 5470 3471 5526 Ba-
3568 5529 3573 5535 δ

1908 5561 2031 5644 silio
2058 5566 2456 5654 attingentibus,
2478 5594 2590 5634 non
2637 5590 2771 5632 vero
2802 5577 2921 5631 sine
2967 5561 3183 5644 insigni'
3201 5570 3293 5624 illa
3342 5580 3471 5622 sen-
3549 5574 3571 5607 ι’

1908 5682 2096 5748 tentia,
2127 5692 2246 5751 quae
2280 5676 2547 5747 Spiritum
2578 5686 2609 5726 a
2635 5669 2777 5726 Filio
2808 5682 2934 5725 esse
2955 5666 3158 5721 habere
3203 5659 3469 5718 declarat.
3568 5684 3571 5685 ν

3564 5774 3599 5809 si
