3908 6562
452 403 526 464 59
1914 401 2014 458 ΡΒ.

2118 401 2300 463 Άτιο.
3627 392 3700 453 ω

454 519 634 593 Atque
686 519 801 576 haec
841 517 1174 575 Etherianus
1224 518 1430 585 laudat,
1482 527 1543 574 ut
1589 517 1815 575 minime
1860 519 2026 575 dubia
2056 526 2106 584 Α
2130 535 2293 590 quam
2322 520 2379 576 in
2408 527 2671 577 contextu
2701 520 2888 578 Basilii
2910 525 3204 584 attentare,
3240 532 3309 572 an
3331 530 3471 589 quos
3502 520 3695 587 postea

456 613 785 682 minimeque
816 618 1195 667 controversa.
1240 608 1354 665 Nec
1384 607 1601 665 Nicetas
1644 609 2030 675 Maroniensis,

424 705 552 777 qui
580 702 935 760 Etherianum
965 702 1155 759 eodem
1205 702 1406 757 saeculo
1451 702 1811 772 Oppugnavit.
1860 702 2030 756 ullam

456 797 586 854 huic
616 796 934 853 testimonio
969 795 1337 866 suspicionem
1372 795 1493 850 falsi
1539 795 1768 864 injicere
1799 803 2031 850 conatus

453 898 559 957 est,
591 897 651 945 ut
670 889 936 946 discimus
964 895 1076 943 tum
1099 902 1165 943 ex
1182 886 1523 948 Bessarione,
1545 886 1640 956 qui
1667 901 1725 941 se
1748 886 1851 940 hoc
1881 884 2036 941 testi-

454 982 697 1038 monium
752 982 808 1037 in
851 982 992 1037 libro
1047 978 1247 1034 Nicetae
1287 978 1490 1034 vidisse
1535 978 2031 1049 testaturt8);tum

454 1074 694 1130 maxime
721 1088 787 1129 ex
821 1071 996 1128 Leone
1035 1071 1257 1134 Allatio,
1304 1070 1399 1140 qui
1433 1070 1538 1124 hoc
1580 1071 1953 1124 testimonium
1998 1083 2029 1122 a

452 1163 738 1232 Niceta,ut
768 1165 1061 1234 integrum,
1086 1171 1399 1231 susceptum
1437 1162 1606 1217 fuisse
1636 1169 1911 1216 asseverat
1930 1159 2028 1232 (9).

451 1253 643 1326 Neque
679 1256 839 1312 etiam
869 1255 1180 1319 codicibus,
1216 1254 1418 1323 quibus
1463 1253 1665 1308 sarculo
1706 1252 2029 1307 duodecimo

453 1347 708 1403 utebatur
739 1344 1066 1416 Euthymius
1096 1344 1424 1415 Zigabenus,
1453 1343 1668 1398 inerant
1712 1343 1899 1413 spuria
1928 1342 2028 1398 ad-

454 1437 775 1493 ditamenta.
812 1436 863 1493 ls
908 1438 1052 1493 enim
1084 1438 1141 1491 in
1191 1434 1460 1504 Panoplia
1490 1443 1721 1489 testatur
1764 1434 2027 1490 Basilium

454 1545 568 1587 non
602 1530 904 1593 dubitasse,
939 1546 1009 1584 an
1054 1528 1286 1598 Spiritus
1337 1537 1556 1583 sanctus
1583 1537 1717 1585 esset
1751 1529 1935 1583 ordine
1976 1537 2028 1583 et

453 1622 711 1694 dignitate
740 1623 1001 1691 posterior
1033 1620 1199 1675 Filio.

523 1712 737 1768 Saeculo
761 1712 976 1768 decimo
1003 1713 1170 1766 tertio
1205 1710 1424 1781 prodire
1450 1719 1736 1781 cmperunt
1769 1711 2021 1767 nonnulli

453 1807 693 1873 codices,
744 1807 802 1862 in
829 1806 1032 1878 quibus
1062 1805 1254 1861 deerat
1289 1806 1665 1861 testimonium
1706 1803 1912 1860 Grecis
1940 1806 2024 1859 in-

2136 612 2300 668 iidem
2339 612 2513 669 Graeci
2544 614 2598 667 in
2640 615 2760 684 ipso
2794 612 3168 668 contentionis
3209 618 3348 667 testu
3393 608 3693 680 protulere,

2133 720 2258 761 cum
2286 706 2421 760 nihil
2445 705 2513 760 ad
2547 718 2728 760 causae
2747 720 2860 760 suae
2881 704 3251 761 defensionem
3275 716 3383 755 non
3408 700 3691 755 auderent.

2132 796 2313 862 Quare
2361 812 2572 862 eorum,
2621 797 2712 867 qui
2770 796 2827 851 S.
2882 796 3069 852 Basilii
3122 792 3380 865 operibus
3417 792 3472 846 in
3517 790 3696 845 lucem

2131 889 2357 945 edendis
2410 891 2764 960 prznfuerunt,
2790 890 3004 945 videtur
3046 890 3103 943 in
3140 902 3205 942 eo
3254 882 3578 956 requirenda
3611 881 3698 945 die

2132 978 2372 1048 ligentia,
2404 982 2548 1051 quod
2585 979 2730 1033 nulla
2760 993 2987 1049 prorsus
3024 976 3215 1039 editio,
3263 975 3311 1030 si
3344 981 3524 1028 tamen
3549 969 3695 1026 excid

2130 1078 2248 1148 pias
2265 1074 2613 1145 Trapezuntii
2626 1072 2872 1127 Latinam
2890 1068 3415 1140 interpretationem,
3430 1064 3690 1122 eximium

2131 1170 2199 1227 de
2229 1169 2465 1240 Spiritus
2502 1166 2679 1221 sancti
2709 1163 3066 1235 processione
3089 1158 3466 1233 testimonium
3492 1157 3547 1211 in
3569 1154 3689 1210 avi-

2128 1269 2240 1316 tam
2268 1261 2450 1316 sedem
2484 1256 2808 1321 restituerit,
2865 1268 2931 1309 ac
2963 1266 3149 1309 naevos
3173 1251 3242 1307 de
3283 1247 3561 1304 industria
3607 1245 3692 1299 in-

2123 1354 2302 1426 jectos
2329 1350 2673 1423 cxpunxerit.

2840 1456 2976 1532 εν.

2128 1576 2172 1631 I.
2211 1574 2403 1630 Utrum
2444 1574 2506 1631 S.
2553 1574 2788 1629 Basilius
2838 1589 2900 1627 ea
2946 1579 3152 1626 tantum
3211 1562 3687 1623 consubstantialia

2197 1646 2494 1716 crediderit,
2521 1662 2744 1716 quorum
2777 1644 3002 1716 alterum
3030 1657 3095 1696 ea:
3118 1640 3286 1716 altera
3310 1638 3561 1706 originem
3588 1636 3690 1687 Ita-

2197 1717 2301 1772 bet.
2337 1716 2400 1770 ll.
2435 1714 2624 1770 Utrum
2679 1715 2933 1770 mundum
2972 1714 3218 1784 temporis
3249 1716 3506 1764 momento
3538 1721 3687 1761 crea-

2199 1798 2308 1842 tum
2338 1787 2633 1842 crediderit.

453 1900 822 1964 commodum,
861 1899 1234 1955 additamenta
1278 1915 1402 1955 cum
1457 1900 1562 1956 illis
1620 1899 1875 1956 facientia
1916 1916 2022 1955 non
2055 1876 2098 1934 Β
2192 1902 2236 1956 I.
2267 1900 2384 1956 Jam
2412 1898 2826 1957 observavimus
2854 1906 3233 1969 argumentum
3268 1908 3378 1949 non
3407 1892 3525 1947 leve
3557 1903 3688 1961 pro-

452 1993 698 2050 deerant.
733 1992 840 2049 Sed
876 1993 1038 2049 velim
1062 1992 1337 2048 laudatam
1377 1992 1825 2049 dissertationem
1868 1993 2023 2047 evol-

451 2096 601 2154 vant,
630 2087 724 2158 qui
763 2086 909 2141 scire
947 2094 1129 2152 avent,
1187 2088 1467 2156 quomodo
1521 2086 1749 2152 Beccus,
1796 2086 2027 2157 ejusque

450 2177 560 2232 duo
589 2178 816 2233 comites
843 2186 899 2233 et
931 2177 1329 2242 archidiaconi,
1360 2178 1766 2234 Constantinus
1817 2179 2023 2235 Melite-

448 2270 647 2333 niotes,
682 2282 736 2323 et
753 2268 1021 2339 Georgius
1053 2269 1341 2324 Metochita
1364 2270 1466 2323 hos
1497 2269 1717 2326 codices
1745 2280 1799 2324 et
1829 2286 2022 2326 recen-

448 2364 534 2413 tes
563 2372 687 2414 esse
722 2364 778 2412 et
809 2373 1117 2428 perpaucos
1155 2367 1211 2413 et
1245 2359 1313 2413 ab
1336 2359 1459 2415 aliis
1491 2360 1652 2430 longe
1691 2361 2024 2430 antiquiori-

448 2447 552 2503 bus
577 2446 781 2518 ubique
810 2455 1083 2503 terrarum
1132 2448 1398 2518 dispersis
1429 2447 1606 2504 refelli
1657 2450 2021 2507 ostenderint.

448 2536 706 2594 Eamdem
744 2553 971 2595 causam
1016 2546 1240 2595 strenue
1287 2536 1651 2595 defenderunt
1698 2541 1900 2597 saeculo
1928 2542 2021 2596 de-

449 2629 593 2685 cimo
614 2638 814 2701 quarto
846 2630 956 2686 duo
990 2630 1082 2684 alii
1116 2631 1259 2686 inter
1289 2628 1510 2686 Graecos
1537 2632 1846 2690 doctissimi
1882 2633 2021 2688 scri-

448 2732 654 2793 ptores,
690 2721 1004 2778 Demetrius
1031 2720 1314 2793 Cydonius
1345 2729 1401 2777 et
1431 2720 1644 2785 Manuel
1674 2721 1923 2778 Calecas.
1958 2721 2019 2778 in

450 2813 689 2869 concilio
712 2821 896 2869 autem
942 2812 1261 2872 Florentino
1309 2830 1406 2871 sex
1451 2815 1677 2885 prolatis
1712 2814 2017 2882 codicibus,

449 2921 594 2961 unus
649 2913 863 2961 tantum
910 2922 1252 2979 papyraceus
1301 2908 1507 2964 Graecis
1559 2906 1714 2972 favit,
1775 2909 2018 2978 quinque

352 3032 355 3035 η
449 2999 540 3053 alii
565 2997 812 3066 Latinis;
844 3014 1081 3069 quorum
1105 3000 1356 3056 codicum
1384 3010 1621 3072 quatuor
1648 3001 1703 3055 in
1737 3004 2015 3057 membra-

446 3091 536 3145 nis
577 3090 772 3161 scripti
816 3098 996 3147 erant.
1039 3091 1175 3148 Cum
1212 3102 1397 3148 autem
1451 3093 1507 3147 in
1553 3092 1740 3148 eodem
1781 3094 2016 3149 concilio

2125 1994 2390 2050 cessionis
2436 1991 2677 2064 Spiritus
2706 1991 2884 2047 sancti
2921 2005 2986 2046 ex
3016 1987 3155 2043 Filio
3201 1984 3425 2056 reperiri
3469 1983 3524 2036 in
3566 1980 3685 2052 epi-

2124 2088 2264 2143 stola
2296 2087 2366 2142 52
2398 2084 2455 2141 S.
2488 2068 2673 2142 Basilii
2702 2084 2769 2139 ad
2799 2082 3111 2140 canonicas.
3141 2078 3246 2135 Sed
3273 2077 3402 2148 quia
3426 2075 3569 2130 idem
3592 2074 3686 2129 ille

2122 2186 2279 2240 locus
2327 2184 2604 2254 negotium
2651 2182 2872 2239 facessit
2904 2176 3237 2234 doctissimis
3260 2171 3547 2242 theOIOgis,
3582 2168 3685 2222 ali-

2122 2277 2251 2349 quid
2285 2292 2465 2348 opera:
2491 2274 2874 2330 insumendum
2906 2273 2963 2328 in
2992 2287 3060 2327 eo
3087 2267 3428 2340 explicando.
3457 2263 3684 2320 Videtur
3761 2320 3767 2326 ,

2121 2371 2266 2427 enim
2297 2385 2362 2424 ea
2398 2370 2516 2424 sola
2553 2368 2867 2423 existimare
2903 2361 3411 2424 consubstantialia,
3451 2370 3683 2428 quorum

2122 2479 2290 2519 unum
2322 2462 2391 2516 ah
2419 2462 2590 2515 altero
2618 2458 2886 2529 originem
2917 2457 3146 2526 accepit.
3181 2452 3272 2509 Sic
3298 2462 3477 2508 autem
3508 2451 3683 2521 loqui-

2122 2562 2213 2608 tur
2235 2569 2355 2624 pag.
2390 2551 2512 2615 145,
2544 2567 2600 2604 n.
2626 2549 2664 2603 2
2688 2568 2700 2603 :
2734 2548 2810 2601 Οὐ
2837 2545 2946 2617 γὰρ
2966 2544 3037 2598 τὰ
3058 2543 3257 2611 ἀδελφὰ
3283 2540 3529 2612 ἀλλήλοις
3553 2540 3683 2607 ὁμο-

2117 2646 2276 2700 ούσια
2303 2644 2540 2712 λέγεται,
2567 2642 2702 2726 ὅπερ
2726 2639 2868 2701 τινὲς
2898 2636 3271 2708 ὑπειλήφασιν
3301 2631 3560 2726 autem»;
3584 2626 3681 2726 xei;

2117 2740 2178 2792 τὸ
2206 2738 2376 2791 αἴτιον
2402 2734 2496 2789 καὶ
2527 2734 2586 2787 τὸ
2620 2717 2686 2786 si
2712 2730 2805 2785 τοῦ
2827 2727 2998 2784 αἰτίου
3029 2728 3126 2798 τὴν
3157 2722 3387 2796 ὓπαρξιν
3417 2720 3559 2791 ἕχον,
3578 2717 3677 2788 τῆς

2117 2831 2287 2901 αὐτῆς
2317 2828 2537 2900 ὑπάρχῃ
2569 2825 2801 2895 φύσεως,
2831 2820 3090 2892 ὁμοούσια
3125 2816 3357 2885 λέγεται·
3396 2811 3519 2866 Νοη
3537 2810 3679 2864 enim

2116 2936 2233 2991 qua:
2258 2920 2487 2988 fratrum
2510 2918 2646 2969 inter
2674 2930 2728 2968 se
2758 2912 3015 2966 rationem
3042 2907 3250 2971 habent,
3280 2904 3528 2958 dicuntur
3547 2916 3678 2955 con-6

2118 3010 2517 3073 substantialia,
2545 3009 2598 3061 id
2632 3004 2770 3078 quod
2803 3004 3019 3075 quidam
3047 2999 3380 3060 existimant;
3425 2993 3514 3051 sed
3556 2999 3677 3047 cum

2116 3119 2279 3159 causa
2299 3110 2349 3155 et
2370 3099 2426 3153 id
2446 3096 2582 3168 quod
2600 3112 2664 3151 ea:
2691 3110 2851 3149 causa
2878 3088 3239 3147 exsislentiam
3259 3085 3430 3151 habet,
3442 3081 3679 3153 ejusdem

446 3183 664 3241 Marcus
711 3183 985 3256 Ephesius
1038 3185 1371 3253 dictitasset,
1411 3201 1470 3241 se
1508 3187 1652 3242 scire
1691 3186 1859 3242 libros
1891 3200 2013 3242 esse

2118 3204 2237 3249 sunt
2258 3202 2483 3255 naturae,
2506 3184 2979 3245 consubstantialia
3007 3182 3271 3236 dicuntur.
3294 3176 3478 3232 Basilii
3507 3172 3679 3229 verba

447 3276 591 3346 apud
617 3275 1147 3349 Constantinopolim
1167 3294 1330 3350 supra
1365 3280 1534 3342 mille,
1567 3280 1619 3333 in
1649 3280 1846 3349 quibus
1866 3279 2014 3335 Grae-

444 3381 635 3422 corum
662 3368 824 3424 lectio
849 3369 1261 3438 contineretur;
1286 3370 1632 3425 mendacium
1658 3372 1806 3426 illius
1837 3373 2014 3427 oculis

446 3459 567 3516 suis
588 3474 655 3515 ac
687 3461 942 3517 manibus
966 3462 1382 3533 comprehendit
1411 3462 1834 3534 Bessarion,qui
1863 3464 2013 3520 0οης-

446 3549 854 3621 stantinopolim
884 3567 1165 3618 reversus,
1219 3561 1279 3607 ut
1320 3555 1435 3624 ipse
1488 3563 1721 3611 testatur
1754 3557 1807 3611 in
1849 3556 2010 3627 epist.

446 3641 513 3696 ad
546 3640 798 3699 Alexium
824 3640 1126 3708 Lascarim,
1151 3646 1409 3702 omnibus
1441 3647 1702 3716 inspectis
1727 3648 2015 3705 bibliothe-

444 3733 550 3799 cis,
589 3734 881 3789 lectionem
915 3734 1122 3791 Graecis
1147 3737 1546 3792 incommodam
1592 3741 1746 3794 nullo
1784 3756 2012 3810 prorsus

445 3824 502 3878 in
529 3824 716 3880 codice
745 3824 953 3879 recenti
983 3840 1049 3879 ac
1093 3835 1215 3897 post
1242 3826 1639 3885 dissensionem
1688 3831 1894 3900 scripto
1926 3847 2012 3887 re-

444 3912 615 3983 perit;
648 3919 704 3967 at
732 3914 788 3967 in
811 3914 937 3968 aliis
986 3929 1096 3969 non
1146 3917 1497 3984 paucioribus
1541 3932 1606 3972 ac
1663 3919 1823 3989 longe
1866 3920 2011 3973 anti-

444 4004 727 4074 quioribus
771 4005 994 4073 reperit.
1025 4004 1082 4059 In
1112 4007 1304 4075 primis
1333 4014 1512 4063 autem
1544 4009 1896 4064 memorabile
1924 4016 2008 4064 est

443 4089 589 4165 quod
616 4094 683 4150 de
732 4094 969 4150 duobus'
998 4095 1284 4152 codicibus
1334 4097 1392 4153 in
1431 4100 1770 4156 monasterio
1802 4099 2008 4157 Christi

445 4187 742 4243 Salvatoris
772 4186 1121 4258 Pantepoptae
1160 4204 1192 4242 a
1222 4205 1283 4245 se
1333 4189 1568 4245 inventis
1604 4201 1824 4261 narrat;
1869 4210 2009 4265 quo-

443 4290 564 4330 rum
593 4275 650 4330 in
683 4276 854 4331 altero
881 4278 1267 4348 antiquissimo
1287 4288 1342 4335 et
1363 4282 1778 4339 membranaceo
1803 4286 2006 4343 veritas

439 4370 639 4424 violata
663 4370 860 4435 fuerat,
889 4371 1067 4442 spatio
1091 4388 1266 4430 vacuo
1299 4376 1481 4432 adhuc
1510 4377 2001 4451 facinustestante;

438 4459 494 4513 in
521 4459 692 4515 altero
742 4467 923 4514 autem
957 4476 1198 4533 papyreo
1242 4470 1298 4519 et
1329 4474 1457 4522 ante
1505 4482 1679 4524 annos
1728 4476 2001 4527 trecentos

2116 3289 2197 3345 sic
2224 3286 2457 3356 explicat
2496 3281 2745 3338 Petavius
2774 3279 2885 3348 (i0)
2926 3290 3052 3330 cum
3095 3272 3310 3335 Caleca,
3354 3268 3679 3325 Bessarione

2111 3390 2166 3436 et
2194 3378 2465 3433 Demetrio
2500 3374 2742 3445 Cydone,
2792 3379 2851 3425 ut
2879 3371 3033 3426 illum
3075 3380 3137 3423 ea
3181 3364 3399 3436 proprie
3438 3360 3679 3417 consub-

2112 3465 2387 3525 stantialia
2411 3464 2595 3520 dicere
2622 3460 2922 3524 existimet,
2950 3472 3071 3529 qua:
3098 3453 3323 3525 originis
3352 3450 3678 3508 habitudine

2105 3560 2443 3631 junguntur;
2487 3563 2681 3629 caetera
2715 3565 2844 3605 vero
2874 3549 3056 3604 minus
3094 3545 3330 3616 proprie,
3377 3551 3436 3598 ut
3476 3540 3679 3597 Petrus

2110 3626 2164 3709 et
2193 3626 2427 3704 Paulus:
2449 3626 2570 3702 Sed
2589 3644 2635 3700 si
2669 3641 2726 3698 S.
2759 3639 2939 3696 Patris
2973 3640 3139 3695 verba
3176 3636 3549 3708 expendantur
3580 3648 3677 3688 aea

2110 3744 2377 3804 curatius,
2401 3754 2511 3794 non
2542 3737 2755 3792 videtur
2784 3733 2889 3788 hoc
2909 3732 3032 3787 loco
3056 3729 3111 3785 id
3139 3744 3357 3800 negare,
3384 3727 3527 3798 quod
3554 3726 3678 3795 ipse

2110 3838 2390 3905 conceptis
2421 3833 2604 3889 verbis
2640 3836 2920 3884 asseverat
2967 3826 3022 3880 in
3070 3824 3231 3895 epist.
3278 3822 3368 3885 38,
3419 3820 3672 3875 homines

2108 3943 2233 3983 esse
2263 3928 2407 3982 inter
2434 3941 2495 3980 se
2523 3919 3051 3984 consubstantiales;
3087 3916 3181 3973 scd
3212 3930 3308 3969 eos
3343 3921 3550 3967 tantum
3582 3926 3671 3965 re-

2109 4019 2265 4083 fellit,
2293 4018 2387 4088 qui
2418 4013 2903 4071 consubstantialis
2945 4010 3221 4065 notionem
3248 4006 3413 4061 rebus
3445 4005 3586 4059 inter
3607 4018 3670 4058 se

2108 4110 2346 4165 fraterna
2371 4107 2695 4179 cognatione
2711 4103 2917 4174 junctis
2938 4102 3013 4155 ita
3034 4099 3251 4171 proprie
3275 4095 3667 4161 attribuehant,

2108 4208 2168 4255 ut
2196 4200 2397 4256 divinis
2431 4197 2605 4269 aptari
2634 4212 2744 4250 non
2780 4200 2982 4264 posset.

2176 4294 2231 4347 1·
2259 4291 2481 4347 Fatetur
2539 4290 2773 4344 Basilius
2823 4281 3308 4343 consubstantialis
3361 4278 3665 4340 notionem,

2105 4385 2283 4456 qualis
2310 4383 2681 4454 exponebatur
2714 4380 2782 4433 ab
2811 4376 3160 4440 adversariis,
3201 4375 3380 4429 locum
3423 4373 3668 4441 aliquem

2105 4479 2305 4533 habere
2342 4477 2395 4531 in
2435 4491 2542 4530 mre
2573 4480 2627 4529 et
2658 4470 2905 4527 conﬂatis
2955 4485 3019 4524 ex
3064 4482 3173 4523 aere
3217 4465 3661 4521 numistnatihus.

438 4553 643 4622 scripto
674 4552 893 4624 perfusa
919 4563 1040 4608 erat
1064 4563 1372 4613 atramento
1413 4566 1528 4613 tota
1544 4559 1636 4615 illa
1677 4577 1825 4632 pars,
1877 4580 1998 4635 quae
2028 4566 2075 4623 Β
2106 4570 2179 4625 Ibi
2212 4569 2355 4623 enim
2393 4576 2478 4623 est
2508 4563 2811 4621 substantia
2855 4560 3099 4630 quaedam
3152 4557 3411 4621 anterior,
3448 4571 3567 4625 qua:
3605 4555 3667 4610 in

439 4643 700 4714 Spiritum
728 4661 795 4702 ex
828 4645 969 4702 Filio
1005 4654 1263 4719 tanquam
1294 4667 1361 4707 ex
1391 4666 1557 4708 causa
1606 4654 1765 4710 docet
1796 4660 2003 4728 depen-

437 4736 586 4794 dere.

505 4849 783 4920 Ejusmodi
813 4851 1032 4908 codices
1067 4853 1283 4910 etiamsi
1317 4856 1371 4910 in
1402 4857 1751 4915 bibliothecis
1782 4858 2000 4917 Graeco-

436 4957 558 4998 rum
595 4943 727 4997 nulli
778 4943 890 5013 jam
938 4952 1236 5012 exstarent,
1282 4948 1419 5003 nihil
1456 4958 1636 5006 tamen
1685 4951 1753 5007 de
1806 4969 1995 5008 eorum

436 5034 761 5089 auctoritate
799 5034 1111 5102 decederet;
1142 5039 1342 5109 quippe
1371 5055 1494 5095 cum
1524 5044 1860 5100 certissimis
1909 5046 1994 5100 hi-

438 5125 620 5183 storia:
635 5126 1001 5183 monumentis
1027 5132 1079 5184 et
1108 5130 1439 5189 testimoniis
1462 5145 1854 5203 memorentur,
1873 5155 1995 5209 quas

435 5214 589 5271 nullo
616 5230 844 5284 prorsus
874 5215 1113 5273 facinore
1137 5216 1327 5284 deleri,
1376 5222 1528 5277 nullo
1552 5223 1697 5278 furto
1731 5225 1993 5281 abscondi

435 5312 684 5378 possunt.
711 5305 897 5376 Neque
923 5310 1086 5363 etiam
1131 5312 1443 5382 ambiguum
1488 5328 1610 5370 esse
1641 5316 1842 5385 possit,
1882 5319 1992 5371 utri

434 5395 649 5450 codices
682 5396 922 5465 potiores
958 5399 1067 5453 sint
1109 5400 1485 5467 existimandi,
1522 5404 1737 5475 antiqui
1781 5422 1849 5460 an
1902 5423 1993 5462 re-

433 5494 618 5542 centes
646 5505 659 5542 :
688 5487 876 5556 scripti
905 5498 1028 5544 ante
1059 5499 1301 5545 exortam
1330 5493 1398 5548 de
1428 5492 1635 5565 Spiritu
1653 5504 1843 5552 sancto
1859 5513 1994 5554 con-

432 5580 772 5646 troversiam,
795 5588 1085 5651 antequam
1114 5582 1429 5642 Graecorum
1492 5586 1786 5646 interesset
1833 5590 1994 5662 quid-

501 5753 581 5896 ἕὸ)
615 5753 710 5825 Ep.
740 5754 808 5810 ad
837 5754 993 5811 Alex.
1022 5755 1321 5815 Lascarim.

524 5823 578 5896 9)
608 5822 904 5894 Enchirid.,
943 5840 992 5881 c.
1022 5826 1112 5882 20.

524 5822 578 5897 9)
608 5822 904 5894 sicani-4.,
943 5840 992 5881 c.
1022 5826 1112 5882 20.

2104 4661 2272 4716 multa
2309 4659 2587 4713 dividitur.
2616 4656 2674 4709 2°
2714 4653 3146 4709 Examinandum
3186 4660 3272 4706 est
3312 4650 3531 4720 quinam
3575 4658 3660 4701 re-

2103 4752 2357 4807 fellantur
2385 4751 2470 4806 his
2495 4749 2676 4804 verbis
2701 4768 2715 4805 :
2744 4747 2864 4802 Non
2891 4747 3028 4801 enim
3056 4761 3173 4816 qua?
3194 4744 3421 4815 fratrum
3448 4742 3583 4794 inter
3605 4756 3662 4793 se

2102 4845 2355 4898 rationem
2376 4841 2583 4908 habent,
2619 4838 3093 4895 consubstantialia
3128 4837 3398 4899 dicuntur,
3436 4834 3489 4886 id
3522 4833 3664 4904 quod

2098 4936 2311 5007 quidam
2339 4936 2661 4989 existimant.
2703 4930 2820 4987 Non
2858 4946 2954 4987 eos
2999 4944 3132 4986 sane
3163 4927 3384 4992 refellit,
3423 4927 3516 4997 qui
3557 4925 3657 4979 Pc-

2099 5036 2241 5082 trum
2268 5035 2322 5082 et
2350 5026 2581 5081 Paulum
2626 5022 3097 5081 consubstantiale
3138 5036 3264 5078 esse
3298 5019 3551 5075 dicebant
3588 5018 3657 5071 ob

2097 5130 2303 5176 naturae
2326 5117 2761 5183 similitudinem,
2795 5132 2860 5171 ac
2883 5117 3009 5172 inde
3026 5116 3424 5172 concludebant
3444 5112 3661 5166 Patrem

2095 5221 2150 5269 et
2182 5210 2399 5278 Filium,
2452 5217 2638 5280 utpote
2695 5211 2876 5265 lumen
2916 5217 2970 5265 et
3005 5209 3208 5274 lumen,
3255 5222 3379 5264 esse
3423 5205 3635 5259 consuh

2096 5305 2400 5362 stantiales.
2433 5302 2531 5358 His
2560 5310 2771 5356 tantum
2807 5302 3148 5369 adversatur,
3180 5301 3275 5371 qui
3295 5298 3662 5354 consubstan-s

2095 5396 2222 5450 tiale
2260 5393 2602 5464 rejiciebant.
2639 5392 2744 5447 Sed
2774 5392 2906 5462 quid
2942 5393 2998 5447 in
3032 5392 3112 5448 eis
3144 5387 3533 5460 reprehendit?
3559 5385 3659 5440 Νι·-

2093 5490 2170 5545 hil
2210 5487 2355 5542 aliud
2405 5484 2671 5557 profecto,
2720 5485 2827 5540 nisi
2878 5484 3023 5555 quod
3072 5481 3540 5539 consubstantiale
3586 5479 3662 5539 iis

2093 5588 2305 5637 tantum
2335 5578 2717 5645 attribuerent,
2746 5594 2868 5650 quae
2894 5577 3192 5632 fraternam
3222 5571 3426 5630 habent
3452 5579 3665 5645 cognato

2161 5761 2272 5834 (10)
2307 5760 2382 5817 De
2410 5760 2603 5817 Trinit.
2644 5761 2738 5817 lib.
2769 5776 2867 5830 vn,
2891 5775 3013 5832 cap.
3034 5759 3091 5817 4.
