3908 6510
206 339 269 394 ιι
1655 343 1763 398 PR;

1875 342 2043 398 mo.
2947 304 2952 311 ’
3159 339 3164 344 ’
3373 348 3443 414 ιε

206 457 442 513 tionem.
484 453 641 511 Hanc
671 456 817 512 enim
848 458 1183 529 arripiebant
1210 474 1456 524 causam,
1485 476 1583 516 cur
1610 477 1639 515 a
1664 476 1783 531 per-
1813 467 1860 522 Α
1888 461 2291 532 παρεσκεύασεν
2317 480 2330 493 ·
2367 456 2577 537 Nesoli
2603 466 2871 522 ariditatis
2903 466 3055 523 terra:
3098 476 3312 527 causam
3362 487 3448 532 at-

203 547 360 604 tollis
389 546 623 612 divinis,
659 556 717 601 ut
750 547 1047 604 fraternam
1078 552 1482 623 cognationem,
1517 553 1588 606 ita
1621 553 1782 608 etiam

201 638 692 694 consubstantiale
739 641 1111 699 excluderent.
1147 642 1331 710 Quare
1374 659 1482 699 non
1522 652 1638 700 erat
1683 660 1783 700 cur

201 730 448 786 Basilius
499 730 558 785 in
603 733 943 787 contrarium
991 734 1183 788 vilium
1236 743 1502 801 curreret,
1549 744 1603 792 et
1637 737 1781 808 quod

198 823 514 878 adversarii
546 824 822 896 negabant
853 825 974 881 sine
1001 824 1240 881 fraterna
1271 829 1593 898 cognatione
1625 846 1782 900 posse

196 915 540 983 consistere,
574 917 629 972 id
663 933 786 971 cum
821 932 886 973 ea
915 919 1193 974 conciliari
1226 935 1337 976 non
1366 930 1527 992 posse
1554 924 1778 978 diceret.

197 1006 345 1061 Satis
387 1014 517 1061 erat
555 1008 867 1069 ostendere,
909 1024 1017 1064 non
1062 1025 1125 1064 ea
1163 1018 1369 1066 tantum
1400 1012 1505 1068 dici
1545 1017 1782 1070 consub-

194 1099 515 1164 stantialia,
546 1115 670 1170 quae
700 1098 999 1155 fraternam
1026 1101 1225 1158 habent
1246 1106 1624 1174 cognationem
1650 1126 1662 1161 :
1690 1106 1780 1162 sed

192 1209 309 1245 cum
349 1209 529 1247 causa
558 1203 610 1247 et
643 1193 699 1246 id
736 1193 875 1263 quod
905 1205 970 1248 ex
998 1211 1160 1249 causa
1201 1199 1562 1252 exsistentiam
1601 1199 1775 1264 habet,

191 1282 437 1350 ejusdem
475 1294 604 1338 sunt
640 1295 868 1351 natura,
914 1295 1043 1341 tunc
1080 1295 1229 1342 recte
1273 1286 1382 1342 dici
1417 1290 1778 1345 consubstan-

195 1375 367 1429 tislia.
400 1375 465 1431 5°
490 1374 615 1431 Non
667 1377 858 1432 leviter
904 1379 1278 1448 praetereunda
1321 1379 1435 1435 haec
1472 1381 1673 1445 verba,
1722 1380 1775 1434 id

192 1465 327 1533 quod
367 1465 602 1535 quidam
639 1467 969 1523 existimat.
1024 1467 1103 1522 Ex
1148 1468 1233 1525 his
1277 1471 1422 1525 enim
1471 1480 1618 1540 patet
1665 1488 1774 1526 non

191 1571 551 1613 communem
586 1575 616 1612 a
647 1558 852 1615 Basilio
883 1561 1195 1632 opinionem
1228 1562 1423 1627 refelli,
1458 1580 1619 1634 quam
1660 1565 1775 1635 ipse

190 1649 315 1703 alibi
347 1652 675 1719 proﬁtetur,
707 1661 766 1705 ut
797 1653 959 1706 modo
990 1653 1422 1721 observavimus,
1462 1657 1555 1711 sed
1588 1656 1774 1727 singu-

190 1742 301 1796 lare
334 1743 737 1797 nonnullorum
772 1744 1052 1799 hominum
1077 1757 1467 1812 commentum,
1501 1750 1592 1820 Qui
1616 1757 1773 1820 puta-

189 1832 320 1887 bant
361 1834 846 1890 consubstantialis
896 1847 1013 1891 race
1056 1836 1290 1893 exhiberi
1336 1841 1599 1895 notionem
1648 1841 1770 1896 sub-

188 1925 431 1987 stantite,
462 1934 516 1979 et
546 1941 728 1979 eorum
759 1944 874 2001 quae
896 1943 962 1981 ex
986 1927 1309 1993 substantia,
1341 1928 1468 1983 adeo
1507 1938 1563 1982 ut
1604 1930 1771 1985 diuisa

189 2016 496 2069 substantia
551 2018 959 2087 appellationem
1011 2021 1477 2076 consubstantialis
1532 2024 1770 2077 conciliet

189 2105 251 2160 iis
280 2107 335 2159 in
365 2124 494 2177 qum
521 2108 699 2161 diuisa
725 2118 824 2164 est.

253 2193 320 2250 ll.
358 2195 424 2252 S.
458 2195 657 2251 Basilii
690 2208 926 2252 mentem
963 2199 1143 2255 minus
1178 2200 1505 2268 calluerunt,
1530 2205 1621 2275 qui
1646 2220 1768 2259 eum

190 2284 242 2337 in
268 2299 446 2354 opere
482 2301 581 2341 sex
622 2287 836 2341 dierum
881 2289 1201 2359 eXpIicando
1233 2293 1314 2348 sic
1343 2296 1546 2350 versari
1580 2297 1771 2351 existi-

190 2384 437 2438 marunt,
475 2385 544 2430 ut
576 2379 840 2434 mundum
878 2382 1139 2450 temporis
1183 2393 1457 2440 momento
1505 2402 1628 2442 cum
1669 2404 1771 2444 suo

186 2474 388 2519 ornatu
427 2478 678 2523 creatum
705 2483 735 2522 a
768 2469 881 2524 Deo
906 2470 1114 2527 doceat.
1147 2471 1413 2531 Omnibus
1446 2485 1594 2533 certe
1621 2477 1771 2551 Moy-

186 2559 259 2614 sis
278 2560 539 2631 vestigiis
569 2563 983 2620 accuratissime
1009 2563 1231 2619 insistit.
1267 2564 1469 2633 Quaerit
1496 2568 1682 2624 homil.
1710 2570 1764 2635 2,-

186 2668 239 2706 ι.
271 2654 327 2715 Ι,
376 2668 509 2724 pag.
551 2653 644 2716 22,
680 2669 781 2709 cur
804 2664 949 2710 terra
982 2656 1198 2711 dicatur
1224 2657 1603 2727 incomposita,
1626 2660 1767 2717 idem

184 2762 315 2801 vero
339 2748 416 2801 de
447 2748 595 2801 caelo
631 2762 739 2802 non
768 2746 1000 2802 dicatur.
1032 2747 1257 2803 Terram
1288 2750 1408 2805 ideo
1440 2752 1768 2822 incomposi-

184 2845 291 2891 tam
327 2838 447 2893 dici
488 2839 707 2905 statuit,
753 2842 879 2909 quia
908 2838 1149 2894 nondum
1194 2842 1425 2911 plantas,
1459 2844 1684 2900 arbores
1713 2857 1767 2900 et

183 2926 349 2983 ﬂores
380 2929 718 2999 protulerat.
768 2930 837 2983 At
875 2932 1053 3000 ipsum
1101 2932 1298 2986 cmlum
1344 2934 1762 3005 incompositum

183 3018 357 3074 fuisse
389 3020 700 3075 contendit.
731 3020 861 3077 Hac
880 3026 1080 3089 eadem,
1106 3025 1299 3095 inquit,
1325 3036 1374 3081 et
1395 3026 1459 3080 de
1480 3028 1605 3081 calo
1623 3030 1765 3082 dixe-

1887 552 2248 617 tribueremus,
2295 556 2641 626 antiquiorem
2687 559 2815 614 solis
2847 563 3178 631 generatione
3218 567 3445 623 aridita-

1885 651 1983 697 tem
2015 656 2167 700 terra:
2195 648 2370 717 opifex
2397 649 2588 718 eﬂ‘ecit.
2638 648 2702 704 Ει
2743 651 2935 706 homil.
2976 652 3029 718 6,
3070 670 3127 708 n.
3156 654 3211 720 2,
3240 673 3294 727 p.
3326 657 3388 712 51
3424 666 3440 716 i

1883 728 2082 784 Caelum
2110 742 2159 786 et
2190 744 2329 788 terra
2358 748 2755 804 prwcesserant,
2799 751 2914 809 post
2964 742 3075 797 htec
3123 756 3303 799 creata
3351 746 3445 802 lux

1882 820 2075 889 fuerat,
2106 824 2215 878 dies
2245 835 2296 878 et
2327 842 2431 881 nox
2459 828 2699 883 discreta:
2729 829 2970 899 fuerant;
2996 833 3119 887 item
3146 835 3444 904 firmamen-

1882 920 2013 974 tum,
2053 923 2101 967 et
2149 917 2314 971 arida"
2353 919 2595 974 deiectio.
2651 920 2813 975 Terra
2855 926 3082 994 propriis
3120 928 3440 997 germinibus

1877 1014 1991 1056 erat
2033 1006 2249 1076 referta,
2290 1012 2707 1083 quandoquidem
2748 1023 2797 1069 et
2840 1016 3112 1071 innumera
3145 1021 3440 1088 protulerat

1878 1092 2161 1149 herbarum
2186 1114 2397 1168 genera,
2426 1110 2475 1154 et
2504 1103 2819 1159 omnimodis
2842 1101 3145 1173 planlarum
3176 1112 3440 1178 speciebus

1877 1186 2217 1243 exuberabat.
2252 1188 2491 1246 Necdum
2526 1203 2696 1248 tamen
2724 1206 2838 1251 erat
2865 1197 2967 1264 sol,
3003 1216 3162 1271 neque
3187 1202 3312 1257 luna
3334 1220 3352 1258 :
3377 1219 3440 1259 ne

1879 1271 2008 1328 lucis
2058 1286 2323 1331 auctorem
2363 1288 2414 1333 et
2459 1291 2659 1349 patrem
2707 1286 3030 1351 appellarent
3074 1290 3257 1356 solem,
3318 1310 3438 1348 nece

1876 1382 2049 1420 rerum
2080 1385 2107 1421 e
2137 1380 2277 1423 terra
2319 1375 2646 1428 nascentium
2679 1378 2917 1448 opiﬁcem
2946 1382 3036 1451 qui
3073 1381 3240 1437 Deum
3288 1387 3440 1456 igno-

1876 1466 1995 1510 rant
2021 1460 2401 1517 existimarent.

1942 1549 2061 1607 Jam
2100 1566 2225 1610 vero
2262 1556 2520 1625 perfacile
2566 1558 2648 1616 est
2687 1566 2959 1632 exponere
2993 1581 3102 1635 quo
3132 1570 3297 1627 sensu
3332 1559 3435 1626 Ba:

1873 1640 2029 1698 silius
2051 1645 2311 1700 mundum
2339 1651 2599 1713 temporis
2624 1660 2897 1707 momento
2926 1657 3249 1724 produbtum
3282 1660 3435 1719 dixea

1875 1733 1970 1787 rit.
2013 1733 2408 1793 Testimonium
2448 1741 2591 1811 quod
2629 1743 2906 1812 objicitur,
2941 1757 3118 1803 exstat
3156 1750 3340 1808 homil.
3377 1753 3433 1823 ί,

1872 1839 1926 1912 n.
1952 1820 2003 1890 6,
2033 1826 2123 1880 ubi
2145 1828 2226 1882 sic
2253 1830 2492 1900 loquitur
2525 1840 2537 1887 ἑ
2575 1824 2646 1886 Ἦ
2669 1835 2809 1906 τάχα
2833 1835 2919 1890 διὰ
2947 1839 3006 1891 τὸ
3027 1840 3310 1912 ἀκαριαῖον
3339 1820 3433 1900 καί

1869 1910 2094 1983 ἄχρονον
2114 1916 2211 1987 τῆς
2227 1916 2582 1990 δημιουργίας
2602 1923 2813 1995 εἴρηται
2831 1914 2911 1988 τὸ,
2937 1940 2955 1977 ‘t
2977 1927 3065 1982 Ἐν
3087 1910 3225 2003 ἀρχῇ
3249 1934 3434 2004 ἐποίηέ

1871 2019 1980 2069 σεν,
2010 2023 2028 2056 ι
2064 2007 2247 2078 ἐπειδὴ
2279 2011 2482 2081 ἀμερές
2515 2030 2566 2064 τι
2600 2015 2693 2066 καὶ
2713 2015 3030 2070 ἀδιάστατον
3072 2021 3104 2091 ή
3139 2022 3303 2094 ἀρχή.
3343 2014 3433 2088 Ὦᾴ

1868 2095 1975 2167 γὰρ
2010 2100 2043 2169 ή
2078 2099 2220 2173 ἀρχὴ
2247 2102 2345 2172 τῆς
2377 2103 2496 2157 ὁδοῦ
2525 2102 2675 2158 οὔπω
2695 2107 2832 2170 ὁδὸς,
2863 2109 2956 2162 καὶ
2984 2112 3018 2180 ἡ
3049 2111 3189 2184 ἀρχὴ
3220 2115 3319 2185 τῆς
3350 2117 3430 2169 οίέ

1869 2189 1991 2252 κίας
2024 2190 2123 2244 οὐκ
2159 2192 2325 2246 οἰκία·
2372 2194 2513 2247 οὕτω
2550 2197 2644 2250 καὶ
2681 2200 2713 2268 ἡ
2758 2199 2850 2252 τοῦ
2879 2201 3069 2272 χρόνου
3108 2205 3248 2277 ἀρχὴ
3279 2205 3432 2262 οὔπω

1866 2281 2076 2352 χρόνος,
2123 2283 2236 2337 ἀλλ’
2280 2284 2399 2338 οὐδὲ
2448 2287 2611 2358 μέρος
2651 2288 2814 2344 αὐτοῦ
2845 2291 2905 2344 τὸ
2940 2293 3287 2365 ἐλάχιστονά.
3313 2300 3430 2354 Ἵνα

1866 2371 2042 2426 τοίνυν
2067 2372 2400 2448 διδαχθῶμεν
2438 2378 2573 2449 ὁμοῦ
2598 2383 2663 2453 τῇ
2695 2381 2946 2456 βουλήσει
2979 2386 3074 2441 τοῦ
3104 2387 3238 2442 Θεοῦ
3267 2388 3431 2464 ἀχρόέ

1866 2479 1971 2527 νως
2000 2468 2390 2536 συνυφεστάναι
2416 2471 2507 2552 τὸν
2525 2473 2746 2544 κόσμον,
2770 2475 2982 2549 εἴρηται
3012 2478 3091 2545 τὸ,
3126 2499 3144 2532 α
3167 2482 3254 2536 Ἐν
3286 2484 3427 2557 ἀρχῇ

1865 2552 2136 2624 ἐποίησεν·
2160 2577 2178 2608 ι
2201 2558 2338 2629 ὅπερ
2370 2558 2545 2632 ἕτεροι
2573 2561 2682 2615 τῶν
2708 2565 3073 2645 ἑρμηνευτῶν,
3099 2552 3430 2646 σαφέστέρόῖ

1863 2646 1953 2699 τὸν
1975 2647 2098 2701 νοῦν
2120 2649 2436 2717 ἐκδιδόντες,
2462 2654 2765 2725 εἰρήκασιν.
2784 2675 2802 2706 ι
2828 2656 2913 2710 Ἐν
2942 2660 3218 2733 κεφαλαίῳ
3244 2663 3430 2738 ἐποίη-

1866 2754 1956 2791 σεν
1998 2740 2026 2792 ό
2072 2738 2223 2805 Θεὸς,
2257 2742 2573 2797 »τουτέστιν
2613 2744 2823 2817 ἀθρόως
2862 2748 2955 2801 καὶ
2995 2750 3053 2803 ὲν
3095 2750 3277 2823 ὀλίγῳ⁶
3319 2753 3428 2810 Aut

1863 2829 2093 2898 fortasse
2121 2829 2183 2884 ob
2213 2831 2413 2901 factam
2442 2835 2496 2888 in
2526 2845 2782 2891 momento
2807 2846 2857 2892 et
2885 2843 3022 2894 citra
3051 2851 3251 2914 tempus
3279 2856 3428 2902 crea-

1865 2922 2055 2975 tionem
2100 2922 2272 2977 dictus
2330 2934 2429 2989 est,
2470 2945 2489 2977 ι
2534 2925 2599 2980 In
2641 2929 2898 2998 principio
2926 2930 3047 3000 fecit
3072 2929 3116 2965 ¹⁶
3149 2951 3162 2988 :
3198 2954 3216 2987 ι
3260 2950 3427 3007 quan-

1862 3006 2159 3077 doquidem'
2183 3011 2416 3080 partium
2463 3023 2512 3068 et
2546 3014 2821 3071 divisionis
2858 3034 3047 3099 expers
3086 3006 3420 3094 principium.

183 3112 378 3173 rimus,
410 3110 649 3165 nondum
679 3112 815 3165 illud
856 3115 1115 3168 excultum
1157 3117 1339 3184 fuisse,
1378 3133 1468 3171 nec
1493 3122 1760 3188 proprium

1875 3098 2315 3165 Quemadmodum
2343 3106 2482 3159 enim
2507 3109 2823 3177 principium
2845 3098 2943 3166 uite
2966 3114 3194 3169 nondum
3214 3124 3291 3170 est
3317 3120 3422 3185 vid,

183 3208 441 3274 recepisse
462 3216 717 3259 ornatum
740 3222 757 3259 :
783 3217 959 3275 utpote
981 3208 1115 3278 quod
1145 3209 1370 3263 nondum
1394 3211 1501 3265 sole
1525 3228 1615 3266 nec
1637 3215 1761 3267 luna

1875 3201 1911 3245 2t
1940 3192 2126 3247 domus
2169 3197 2481 3265 principium
2525 3210 2849 3270 nequaquam
2885 3203 3072 3260 domus
3104 3215 3180 3260 est
3214 3222 3235 3260 :
3270 3208 3347 3262 sic
3372 3218 3425 3263 et

182 3297 591 3363 splendesceret,
640 3314 806 3367 neque
858 3310 1125 3354 astrorum
1173 3301 1344 3356 choris
1401 3314 1758 3359 coronaretur;

185 3388 442 3443 Nondum
485 3392 628 3443 enim
658 3392 803 3444 istac
832 3391 1045 3445 condita
1071 3403 1243 3447 erant.
1278 3394 1456 3461 Quare
1483 3412 1514 3448 a
1543 3397 1763 3450 veritate

182 3496 284 3534 non
313 3481 675 3541 aberrareris,
705 3481 752 3534 si
779 3482 1395 3550 calumincompositum
1423 3483 1588 3537 dicas.
1622 3482 1762 3539 Invi-

182 3573 389 3628 sibilent
419 3584 603 3626 autem
634 3582 833 3626 terram
865 3554 1144 3642 appellavit
1176 3574 1237 3628 ob
1268 3576 1400 3629 duas
1428 3593 1655 3641 causas;
1685 3578 1761 3631 uel

184 3664 317 3734 quod
360 3664 605 3717 nondum
649 3673 783 3718 esset
824 3664 967 3718 illius
1004 3674 1266 3733 spectator
1294 3665 1481 3732 homo;
1519 3668 1598 3722 uel
1622 3668 1759 3737 quod

185 3756 423 3810 demersa
456 3757 829 3810 innatantibus
869 3774 1021 3826 super
1058 3759 1222 3827 ipsius
1255 3760 1576 3827 superﬁciem
1609 3761 1758 3830 aquis

184 3848 343 3901 sideri
377 3865 487 3900 non
517 3858 713 3916 posset.
749 3845 994 3902 Nondum
1030 3851 1166 3903 enim
1197 3859 1348 3904 erant
1373 3867 1522 3920 aqua:
1550 3852 1605 3905 in
1633 3868 1756 3905 suas

183 3941 439 3993 stationes
483 3950 836 4010 congregata,
885 3957 1014 4012 quas
1049 3951 1229 4009 postea
1268 3952 1576 4014 aggregatas
1623 3944 1756 3999 Deus

183 4029 356 4081 uaria
390 4028 659 4097 appellavi
665 4036 703 4081 t.

251 4118 381 4173 Haec
414 4117 667 4189 profecto
704 4118 839 4171 nihil
874 4119 1118 4172 redolent
1157 4134 1224 4174 ex
1271 4120 1457 4176 subtili
1502 4122 1591 4177 illa
1638 4122 1756 4193 opi-

184 4214 370 4271 nione.
424 4224 554 4281 quia:
608 4209 868 4264 mundum
932 4226 1056 4264 cum
1109 4226 1209 4266 suo
1254 4225 1446 4268 ornatu
1498 4220 1754 4286 temporis

182 4313 390 4374 puncto
417 4301 695 4372 prodiisse
719 4309 923 4356 censet.
946 4300 1090 4355 Idem
1114 4305 1441 4373 perspicitur
1462 4321 1526 4361 ex
1552 4324 1700 4362 num.
1719 4310 1753 4364 3

183 4396 432 4465 ejusdem
502 4393 769 4457 homilite,
838 4409 893 4462 p.
950 4394 1040 4459 15,
1077 4402 1130 4448 et
1175 4410 1240 4450 ex
1288 4396 1477 4453 homil.
1511 4398 1576 4465 5,
1608 4416 1662 4455 n.
1696 4401 1749 4467 5,

1864 3286 2110 3352 temporis
2138 3288 2453 3356 principium
2489 3291 2721 3345 nondum
2760 3302 2958 3363 tempus
2987 3306 3085 3362 est,
3131 3297 3235 3351 imo
3262 3312 3425 3370 neque

1859 3392 1984 3445 pars
2013 3379 2173 3447 ipsius
2204 3381 2489 3438 minima...
2536 3381 2709 3454 Igitur
2754 3396 2809 3439 ut
2850 3388 3103 3442 mundum
3155 3389 3423 3447 uoluntate

1860 3467 1960 3523 Dei
1998 3471 2134 3524 citra
2179 3471 2347 3525 ullam
2394 3477 2633 3543 temporis
2678 3493 2878 3532 moram
2923 3480 3085 3535 simul
3127 3481 3423 3537 substitisse

1860 3561 2188 3627 edoceamur,
2216 3564 2417 3618 dictum
2445 3577 2522 3621 est
2549 3582 2568 3622 :
2604 3587 2623 3619 ι
2660 3566 2725 3622 In
2750 3572 3009 3638 principio
3044 3572 3188 3641 fecit:
3214 3592 3231 3625 ι
3266 3573 3420 3641 Quod

1861 3652 2031 3720 ipsum
2060 3655 2367 3724 interpretes
2392 3657 2509 3722 alii,
2541 3662 2851 3714 sententiam
2879 3660 3168 3718 dilucidius
3194 3664 3419 3719 reddetr.-

1861 3752 1957 3807 les,
2005 3744 2253 3799 dixerunt
2281 3763 2299 3800 :
2332 3766 2350 3799 ι
2394 3748 2458 3803 In
2488 3751 2721 3819 capitulo
2763 3752 2886 3820 fecit
2937 3753 3096 3818 Deus,
3135 3765 3153 3806 ι
3189 3755 3286 3810 hoc
3313 3765 3415 3820 est,

1857 3834 2030 3890 subito
2057 3845 2106 3889 et
2141 3838 2299 3890 brevi.
2338 3836 2442 3893 Sed
2475 3855 2539 3894 ex
2576 3840 2659 3894 his
2683 3841 2863 3895 verbis
2893 3842 3029 3896 nihil
3065 3843 3211 3898 aliud
3233 3844 3413 3917 colligi

1858 3937 2055 3999 potesr,
2090 3929 2193 3985 nisi
2227 3930 2279 3984 id
2316 3931 2462 4000 quod
2500 3930 2797 3988 Christiani
2838 3949 3029 3990 omnes
3076 3938 3292 4007 semper
3330 3946 3414 3994 te‘

1855 4026 2113 4086 nuerunt,
2140 4023 2321 4077 omnia
2357 4025 2618 4096 temporis
2649 4034 2922 4081 incruento
2945 4043 2974 4082 e
2999 4028 3165 4083 nihilo
3193 4029 3410 4097 educta,

1855 4124 1953 4167 nec
1987 4114 2282 4184 quidquam
2325 4114 2413 4170 Dei
2464 4116 2733 4172 restitisse
2772 4118 3056 4172 voluntati.
3096 4118 3235 4175 Hinc
3267 4121 3412 4177 idem

1853 4205 2009 4259 docet
2043 4203 2281 4261 Basilius
2314 4207 2380 4261 de
2415 4207 2481 4262 iis
2503 4224 2623 4277 qua:
2645 4208 2920 4279 sigillatim
2943 4211 3008 4264 ad
3038 4212 3225 4266 mundi
3250 4227 3414 4268 ornaJ

1853 4302 1966 4350 tum
2001 4298 2268 4367 prodiere.
2304 4295 2396 4353 Sic
2428 4300 2571 4353 enim
2599 4300 2666 4355 de
2696 4311 2852 4355 terra:
2876 4303 3210 4371 germinibus
3236 4305 3412 4375 loqui:

1852 4396 1942 4441 tur
1972 4388 2155 4443 homil.
2188 4387 2241 4451 5,
2277 4405 2330 4442 n.
2359 4389 2413 4451 5,
2451 4404 2571 4460 pag.
2600 4389 2668 4445 44
2699 4407 2713 4444 :
2748 4388 2815 4444 In
2844 4392 3061 4445 minimo
3094 4393 3255 4447 etiam
3280 4403 3411 4449 lema

184 4502 237 4557 ρ,
290 4486 385 4540 μ,
443 4483 705 4540 occurri;
758 4485 813 4538 in
858 4486 1041 4539 ιιοιηῖι,
1093 4486 1162 4550 4,
1203 4504 1258 4542 η,
1302 4489 1371 4554 4,
1429 4492 1554 4547 huic
1602 4509 1751 4563 qua-
1780 4498 1826 4555 ο
1851 4480 1993 4549 poris
2022 4491 2219 4547 puncto
2264 4498 2296 4534 a
2333 4483 2715 4552 germinatione
2754 4499 2944 4539 exorsa
2979 4494 3140 4546 terra,
3182 4486 3411 4541 utCon-

185 4576 348 4632 stioni
398 4596 415 4631 :
469 4574 532 4630 Si
572 4593 711 4647 aqua
754 4587 866 4630 erat
910 4590 1063 4647 super
1103 4589 1331 4643 terram,
1397 4597 1525 4636 cava
1572 4586 1751 4639 omnia

1851 4573 2042 4628 diloris
2069 4574 2200 4645 leges
2225 4585 2477 4639 servaret,
2501 4591 2593 4645 per
2621 4593 2823 4632 omnem
2853 4579 3162 4633 accretionis
3188 4580 3409 4646 speciem

184 4685 297 4737 ,με
341 4684 487 4721 nunc
527 4667 743 4737 pelagus
795 4671 1084 4735 ηοηιξηεηι,
1143 4671 1336 4741 referta
1393 4684 1566 4731 εγαηι,
1634 4676 1750 4742 Quo
1848 4664 2202 4735 progrediens,
2233 4666 2507 4737 confestim
2537 4670 2774 4738 germina
2801 4667 3017 4723 deduxit
3041 4668 3111 4723 ad
3132 4670 3408 4740 perfectio:

185 4764 345 4834 igitur
397 4760 713 4832 colligenda:
768 4771 918 4815 erant
964 4779 1148 4833 aqua,
1212 4766 1448 4819 concavis
1491 4766 1609 4836 jam
1662 4785 1750 4821 oc-

182 4859 431 4926 cupatis!
491 4854 583 4911 Sic
633 4857 972 4927 respondet:
1013 4859 1095 4912 Ad
1140 4859 1249 4914 haec
1290 4861 1744 4930 respondebimus,

185 4962 302 5004 tunc
327 4960 378 5017 et
422 4952 757 5020 receptacula
804 4949 964 5018 fuisse
1010 4961 1332 5019 prwparata,
1383 4969 1501 5007 cum
1550 4971 1743 5025 aquam

182 5042 414 5110 oportuit
469 5040 527 5093 in
576 5055 738 5092 unam
792 5041 989 5094 secerni
1036 5044 1501 5113 congregationem.
1561 5043 1739 5112 Neque

181 5137 317 5189 enim
342 5143 461 5188 erat
489 5132 626 5186 illud
651 5131 790 5202 quod
818 5143 894 5186 est
920 5140 1070 5186 extra
1099 5132 1269 5188 Gades
1296 5151 1463 5201 mare,
1496 5144 1603 5192 etc.

249 5226 348 5283 His
379 5226 587 5282 addere
623 5240 735 5280 non
782 5225 1004 5296 pigebit,
1046 5243 1166 5298 quae
1202 5227 1437 5285 Basilius
1481 5229 1549 5284 de
1593 5245 1746 5287 crea-

184 5321 327 5374 tione
355 5319 496 5374 solis
526 5324 785 5388 peracute
808 5316 1080 5395 observat.
1105 5309 1195 5375 Sic
1216 5319 1454 5391 loquitur
1473 5322 1658 5378 homil.
1685 5324 1742 5393 4,

183 5427 236 5466 n.
265 5412 321 5474 5,
349 5427 405 5482 ι).
436 5410 512 5466 57
541 5428 556 5464 ;
582 5410 699 5466 Ἵνα
730 5411 806 5482 μὴ
838 5408 916 5481 τῷ
942 5412 1078 5484 ἡλίῳ
1104 5413 1202 5481 τὴν
1229 5413 1322 5467 τοῦ
1360 5415 1739 5487 ἀναξηραίνειν

180 5503 271 5575 τὴν
316 5502 426 5574 γῆν
470 5500 650 5556 αἰτίαν
696 5500 1041 5573 προσθῶμεν,
1089 5504 1466 5580 πρεσὸυτέραν
1503 5508 1601 5580 τῆς
1643 5510 1737 5565 τοῦ

178 5594 325 5666 ἡλίου
362 5592 636 5665 γενέσεως
661 5594 762 5665 τὴν
790 5592 1058 5666 ξηρότητα
1091 5595 1192 5668 τῆς
1223 5596 1326 5667 γῆς
1351 5597 1379 5650 6
1405 5598 1742 5672 Δημιουργὺς

245 5754 289 5787 ⁸⁸
321 5751 466 5808 Pen.
501 5765 544 5812 ι,
584 5749 637 5803 id

492 5843 768 5903 ΡΑτιιοι.
801 5843 917 5905 Gn.
958 5830 1226 5906 XXXII.

1850 4774 1981 4813 nem.-

2540 4860 2680 4944 gn.

1850 4985 1889 5042 l.
1925 4976 2255 5058 Ti'aditionis
2304 4991 2602 5043 auctoritas
2636 4989 2861 5058 defensd
2905 4995 2936 5043 α
2979 4990 3163 5044 sancto
3202 4975 3407 5047 Basilio

1921 5057 2168 5114 adversus
2202 5058 2520 5112 Eunomium
2540 5069 2587 5113 et
2613 5057 3144 5114 Pneumatomachos.
3178 5059 3244 5115 ll.
3277 5059 3406 5113 ναίω

1921 5128 1984 5183 de
2021 5129 2181 5182 etiam
2218 5131 2487 5184 studiosus
2516 5131 2718 5183 exstitit
2752 5129 2997 5182 catholici
3028 5130 3282 5184 sermbnis
3314 5130 3407 5185 de-'

1920 5199 2179 5262 (audendi;
2212 5199 2352 5264 Quid
2395 5199 2458 5254 de
2498 5200 2735 5254 conciliis
2773 5201 2985 5254 sentiat.
3026 5199 3120 5255 Ill.
3151 5197 3259 5255 Cur
3306 5200 3406 5254 ad-

1924 5270 2183 5325 uersarios
2211 5270 2278 5322 ad
2313 5270 2644 5339 Scripturam
2672 5279 2934 5337 provocat.
2986 5268 3075 5323 IV.
3108 5269 3224 5334 Quo
3249 5275 3405 5326 sensit

1921 5341 2101 5395 omnia
2154 5341 2466 5409 Scripturis‘
2503 5341 2889 5409 conﬁrmanda,
2939 5340 3070 5394 nihil
3119 5339 3407 5408 Scripturis

1923 5410 2219 5482 addendum
2246 5404 2403 5464 dixit.
2553 5404 2668 5482 Quo
2701 5426 2853 5463 sensu
2887 5409 3153 5466 auditores
3183 5404 3408 5482 probare

1917 5480 2099 5535 debere
2130 5497 2246 5552 qua:
2276 5498 2307 5534 a
2337 5481 2603 5552 magistris
2632 5481 2898 5533 dicuntur.

1916 5602 1960 5658 ι.
2000 5600 2122 5659 Non
2167 5602 2393 5660 interest
2437 5617 2649 5669 eorum,
2697 5603 2789 5674 qui
2838 5613 3016 5660 sectas
3058 5618 3127 5658 ao
3162 5604 3408 5658 nectesta‘

3124 5840 3166 5909 2
