3908 6536
495 389 563 450 ;3
1508 348 1519 353 ’
1912 376 2299 434 primum.
3637 370 3701 426 tt

496 514 832 574 dissidentes
872 510 1192 575 defendunt,
1233 508 1287 563 in
1333 508 1419 562 his
1449 504 1802 577 argumentis,
1834 518 1952 575 qua
1986 502 2051 556 ad
2079 505 2128 563 Α
2157 523 2351 561 remus.
2388 503 2465 560 Ex
2518 503 2603 559 his
2635 499 2999 574 perspicimus
3027 495 3209 553 omnia
3239 491 3439 549 diaboli
3474 487 3700 545 artificia

458 678 464 684 ,
496 607 759 667 Ecclesia
790 614 844 662 et
883 603 1193 659 traditionis
1246 603 1296 658 ei
1330 601 1637 655 commissa
1669 597 2047 653 auctoritatem

496 707 768 775 spectant,
801 713 924 755 sese
956 696 1251 750 venditare.
1297 692 1432 747 Cum
1464 692 1608 745 enim
1639 689 1853 744 eventui
1891 688 2053 742 unius

500 808 693 867 pugna
725 806 824 848 sua
855 789 1035 844 omnia
1068 784 1434 847 committunt,
1471 782 1745 851 semelque
1771 768 1873 835 hac
1906 781 1961 834 in
1997 794 2054 833 re

499 889 661 943 victis
695 884 827 940 nihil
858 885 1106 952 superest
1157 875 1225 930 ad
1270 890 1450 930 causa
1489 871 1890 935 defensionem;
1938 880 2053 923 tum

498 995 628 1038 vero
661 993 726 1033 eo
767 974 979 1028 facilius
1009 973 1061 1025 in
1094 971 1195 1024 hoc
1221 967 1470 1037 dogmate
1499 979 1660 1035 quam
1700 964 1755 1017 in
1789 963 1908 1018 aliis
1937 963 2055 1015 vin-

497 1077 719 1133 cuntur,
751 1058 899 1137 quod
927 1078 993 1116 ne
1023 1060 1227 1115 erroris
1251 1056 1467 1129 quidem
1491 1055 1730 1110 novitate
1754 1055 2054 1109 molestiam

504 1162 803 1220 facessunt,
843 1152 938 1209 sed
968 1152 1209 1207 omnium
1248 1147 1654 1210 haretieorum,
1692 1147 1785 1217 qui
1820 1159 2056 1214 unquam

500 1251 779 1311 exstitere,
811 1244 1054 1315 vestigiis
1079 1241 1361 1297 insistunt.
1392 1238 1571 1292 Ausus
1593 1232 1675 1292 est
1701 1246 1879 1291 tamen
1904 1234 2059 1289 Scul-

500 1354 645 1401 tetus
686 1340 821 1413 (ω’)
859 1338 924 1394 ad
980 1335 1305 1390 acerrimum
1362 1329 1671 1386 traditionis
1718 1329 2056 1384 defensorem

499 1436 759 1492 Basilium
784 1444 1104 1503 provocare,
1139 1442 1241 1481 nec
1263 1424 1453 1479 timide
1485 1431 1578 1476 aut
1609 1421 1912 1476 verecunde
1940 1435 2059 1474 ver-

502 1538 655 1584 satur
683 1526 736 1580 in
774 1523 920 1578 illius
950 1517 1279 1576 testimoniis
1304 1513 1644 1586 colligendis.
1674 1512 1779 1567 Sed
1815 1522 1872 1565 ut
1899 1511 2055 1565 Sculn

501 1622 596 1676 teti
621 1618 911 1675 temeritas
939 1614 992 1669 in
1025 1620 1279 1686 promptu
1311 1608 1564 1664 omnibus
1605 1607 1711 1670 sit,
1752 1607 1939 1675 paucis
1966 1620 2060 1658 ex-

502 1711 749 1786 ponenda
775 1709 832 1763 S.
855 1707 1093 1763 doctoris
1121 1704 1383 1760 sententia
1415 1720 1429 1756 :
1460 1714 1771 1770 quanquam
1807 1699 2060 1753 Ecclesia

501 1807 847 1863 traditionem
866 1816 974 1856 non
997 1798 1170 1869 magis
1190 1795 1425 1853 eruditis
1450 1795 1687 1865 scriptis,
1709 1807 1870 1863 quam
1894 1793 2058 1847 rebus

503 1897 716 1953 fortiter
756 1893 924 1965 gestis
968 1888 1233 1946 defendit.
1268 1885 1385 1940 Non
1420 1885 1600 1955 segnis
1630 1899 1761 1939 Sane
1790 1890 1843 1937 ct
1873 1882 2058 1937 indili-

502 2006 635 2064 gens
675 2002 836 2057 opera
880 1983 1028 2041 illius
1075 1981 1135 2034 in
1184 1978 1518 2047 explicandis
1576 1975 1921 2046 Scripturis:
1965 1974 2059 2031 sed

504 2084 644 2140 idem
673 2077 970 2134 acerrimus
997 2072 1206 2128 exstitit
1237 2069 1547 2124 traditionis
1579 2067 1851 2123 defensor.
1888 2065 2063 2122 Probe

504 2175 649 2230 enim
697 2170 903 2227 sciebat
946 2166 1169 2220 verbum
1220 2161 1316 2217 Dei
1356 2177 1464 2217 non
1515 2162 1691 2214 solum
1744 2152 1947 2229 scripto
1995 2159 2062 2212 ab

505 2261 786 2333 apostolis,
820 2255 915 2311 sed
949 2254 1112 2309 etiam
1165 2253 1286 2305 viva
1330 2266 1463 2306 voce
1507 2250 1763 2304 traditum
1808 2249 2063 2303 Ecclesia

506 2355 709 2417 fuisse;
759 2358 812 2404 et
853 2346 995 2417 quod
1042 2343 1285 2399 Ecclesia
1314 2342 1366 2395 in
1400 2341 1654 2397 erunibus
1690 2341 1902 2396 saculis
1932 2356 2064 2393 con-

507 2453 715 2504 stanter
742 2440 946 2505 docuit,
982 2437 1034 2493 id
1085 2450 1191 2490 non
1230 2434 1446 2488 aliunde
1489 2449 1650 2503 quam
1693 2433 1762 2487 ab
1803 2433 2063 2499 apostolis

508 2545 787 2607 acceptum
838 2547 979 2594 esse,
1030 2543 1130 2583 nec
1172 2527 1241 2582 ab
1270 2541 1357 2587 eo,
1388 2524 1531 2595 quod
1562 2525 1897 2594 scripserunt
1937 2538 2065 2593 apo-

508 2632 654 2695 stoli,
683 2624 862 2683 divelli
888 2635 1073 2693 posse,
1098 2619 1203 2673 nisi
1228 2616 1374 2671 aliud
1403 2618 1609 2686 scripto
1637 2616 1891 2686 apostoli,
1918 2615 2062 2671 aliud

507 2725 631 2783 viva
655 2734 788 2776 voce
819 2714 1072 2772 docuisse
1099 2710 1388 2781 ﬁngantur.
1419 2707 1594 2777 Hujus
1623 2709 1904 2763 sententia
1933 2723 2065 2776 pra-

510 2816 717 2871 clarum
754 2807 974 2880 reliquit
1006 2803 1385 2862 testimonium
1425 2801 1483 2857 in
1512 2800 1651 2854 libro
1677 2800 1850 2870 primo
1883 2799 2066 2854 adver-

511 2924 603 2962 sus
650 2902 991 2964 Eunomium,
1034 2896 1127 2968 qui
1160 2910 1283 2950 cum
1320 2896 1374 2947 in
1411 2892 1658 2947 doctrina
1697 2891 1957 2946 divinitus
1986 2907 2068 2947 re-

512 2997 692 3055 velata
727 2990 971 3050 eamdem
1006 3004 1069 3043 ac
1098 2987 1152 3040 in
1184 2987 1346 3041 rebus
1376 2983 1769 3056 pbiiosopbicis
1794 2983 2067 3038 licentiam

518 3093 744 3162 peteret,
778 3098 843 3138 ac
870 3082 925 3137 in
952 3079 1262 3135 Catliolicos
1289 3077 1588 3146 iocaretur,
1620 3076 1778 3146 quasi
1802 3092 1866 3129 ea:
1892 3077 2070 3130 multi-

2154 604 2208 656 in
2237 597 2568 654 suscitandis
2607 594 2909 649 itaresibus
2949 605 3015 647 eo
3042 595 3343 659 spectasse,
3378 590 3439 637 ut
3486 589 3702 652 aposto-

2152 694 2311 747 licam
2340 689 2805 760 pradicationem,
2831 699 2992 755 quam
3023 679 3268 736 Ecclesia
3290 673 3457 733 veluti
3486 686 3702 729 sacrum

2155 789 2457 859 depositum
2487 783 2752 846 custodit,
2794 779 3014 853 penitus
3053 774 3417 837 convelleret;
3451 768 3544 825 sed
3584 765 3703 836 ejus

2156 886 2384 934 conatus
2435 875 2623 928 irritos
2670 872 2861 927 fuisse.
2903 866 3009 934 Qui
3058 879 3187 936 ergo
3238 860 3571 916 traditionem
3615 871 3704 927 per

2155 965 2478 1037 pra’teritum
2508 979 2656 1018 omne
2698 972 2894 1028 tempus
2934 955 3069 1027 apud
3105 962 3180 1009 tot
3204 960 3411 1007 sanctos
3447 947 3703 1019 praedica-

2160 1036 2268 1113 tam
2322 1057 2749 1127 impugnarunt,
2795 1050 2849 1105 lii
2899 1064 3011 1104 non
3063 1044 3327 1116 Spiritum
3373 1046 3616 1096 sanctum
3652 1036 3706 1089 in

2160 1123 2925 1219 Scriptor-isinterpretandis
2980 1136 3170 1190 ducem
3220 1130 3564 1190 habuerunt,
3613 1123 3707 1180 sed

2159 1242 2359 1298 diaboli
2411 1241 2478 1293 ad
2514 1234 2861 1293 evertendam
2898 1227 3199 1284 Ecclesiam
3233 1219 3500 1279 emissarii
3537 1217 3706 1272 fuere.

2160 1332 2299 1388 Hine
2331 1332 2597 1385 haresum
2646 1324 2909 1394 originem
2942 1335 3006 1374 ex
3050 1319 3359 1383 contemptu
3397 1317 3711 1365 sanctorum

2161 1425 2379 1480 Patrum
2408 1421 2602 1492 repetit
2630 1417 2865 1473 Basilius
2900 1413 2953 1467 in
2985 1403 3379 1463 commentario
3407 1403 3459 1455 in
3484 1399 3709 1454 Isaiam.

2160 1513 2419 1569 Nonnulli
2457 1489 2608 1573 sunt,
2648 1508 2823 1578 inquit
2870 1504 2943 1574 (p.
2974 1500 3130 1570 555),
3167 1497 3254 1567 qui
3292 1510 3411 1549 cum
3446 1489 3634 1545 Patres
3662 1496 3713 1542 et

2161 1605 2361 1661 tradita
2396 1602 2459 1657 ab
2486 1605 2560 1656 eis
2588 1600 2836 1671 dogmata
2866 1592 3167 1667 fastidiant,
3191 1588 3292 1660 ipsi
3330 1585 3584 1641 haeresum
3618 1597 3712 1634 cu-

2159 1699 2306 1767 piunt
2339 1711 2449 1750 esse
2471 1701 2732 1748 auctores.

2087 1856 2130 1910 B
2232 1832 2289 1886 Si
2320 1845 2427 1901 qua
2448 1843 2577 1885 sane
2603 1825 2855 1895 dogmata
2881 1821 2997 1877 sine
3028 1817 3316 1873 traditione
3336 1808 3552 1867 defendi
3584 1821 3714 1879 pos-

2168 1932 2286 1981 sent
2318 1897 2540 1994 pmpter
2569 1915 2914 1988 apertissima
2950 1910 3247 1979 Scriptura
3280 1899 3623 1963 testimonia,
3664 1897 3715 1951 id

2166 1991 2507 2086 potissimum
2535 2009 2601 2065 de
2621 2006 2741 2061 Filii
2769 2019 2833 2060 ac
2859 2002 3092 2074 Spiritus
3115 1995 3287 2053 sancti
3309 1991 3587 2048 divinitate
3606 1996 3717 2044 sta—

2166 2080 2245 2161 lui
2277 2105 2514 2161 deberet.
2549 2100 2705 2155 Nullo
2734 2106 2913 2151 tamen
2943 2094 2998 2148 in
3022 2092 3270 2161 dogmate
3292 2085 3475 2142 acrius
3496 2080 3719 2138 defensa

2164 2197 2404 2252 traditio.
2434 2195 2605 2260 Quam
2630 2186 2997 2245 necessarium
3026 2184 3098 2238 sit
3130 2182 3233 2235 hoc
3253 2173 3505 2232 Ecclesia
3526 2170 3719 2244 prasi-

2165 2296 2336 2358 dium,
2370 2292 2617 2364 pluribus
2647 2287 2780 2341 locis
2813 2283 3051 2341 declarat
3088 2276 3341 2333 Basilius.
3374 2274 3441 2327 At
3478 2285 3539 2325 ne
3569 2282 3718 2364 sepa-

2163 2405 2264 2451 res,
2302 2356 2479 2455 inquit
2518 2384 2572 2437 in
2611 2380 2798 2436 homil.
2828 2376 2901 2431 24
2937 2375 3013 2445 (p.
3046 2370 3193 2439 194),
3220 2384 3254 2420 a
3289 2364 3453 2455 Patre
3481 2370 3530 2415 et
3573 2356 3721 2412 Filio

2165 2452 2419 2548 Spiritum
2438 2483 2699 2536 sanctum,
2725 2470 3015 2525 absterreat
3055 2473 3103 2518 te
3134 2458 3371 2515 traditio.
3408 2454 3497 2511 Sic
3533 2452 3720 2508 Domi-

2165 2587 2261 2625 nus
2277 2569 2472 2631 docuit,
2496 2565 2840 2635 prwdicavere
2858 2555 3106 2629 apostoli,
3127 2552 3311 2609 Patres
3336 2559 3721 2610 conservavere,

2164 2664 2529 2734 conﬁrmauere
2543 2664 2818 2726 martyres.

2238 2816 2345 2874 Sed
2386 2814 2657 2886 praecipue
2696 2812 2749 2867 in
2774 2809 2916 2864 libro
2945 2807 3021 2862 De
3064 2804 3262 2876 Spiritu
3308 2810 3490 2860 sancto
3527 2816 3724 2857 omnes

2167 2908 2369 2980 ingenii
2398 2907 2541 2961 vires
2568 2906 2624 2959 in
2655 2900 2989 2958 defendenda
3017 2898 3269 2954 catholici
3310 2893 3576 2965 dogmatis
3602 2900 3722 2948 tra-

2169 3002 2372 3056 ditione
2393 2997 2691 3071 profundit.
2724 2994 2789 3049 Id
2824 2992 2962 3065 quod
2991 2992 3328 3062 impugnatur
3353 2986 3482 3059 ﬁdes
3510 2994 3610 3051 est,
3632 2987 3721 3041 in-

2170 3091 2288 3163 quit
2319 3090 2459 3163 (cap.
2490 3087 2557 3142 10
2576 3125 2592 3152 ,
2636 3101 2760 3156 pag.
2798 3084 2911 3149 21),
2943 3082 3087 3152 isque
3105 3094 3288 3147 scapus
3329 3086 3406 3132 est
3432 3074 3723 3131 communis

514 3180 696 3236 tudine
727 3191 904 3231 verum
944 3189 979 3226 a
1016 3171 1153 3241 falso
1190 3176 1531 3233 secernerent,
1573 3167 1765 3232 maiori
1804 3168 1945 3236 parti
1973 3168 2067 3220 tri-

2175 3185 2410 3241 omnibus
2440 3178 2752 3236 adversariis
2771 3186 2820 3230 et
2840 3190 2983 3229 same
3007 3173 3257 3226 doctrina.-
3281 3169 3528 3232 inimicis,
3558 3176 3616 3221 ut
3641 3183 3728 3222 κοί

511 3276 642 3330 buta
671 3271 868 3342 palma.
911 3282 972 3321 ac
1008 3265 1246 3335 priorum
1290 3262 1489 3332 agmini
1532 3277 1779 3314 concessa
1827 3261 2067 3324 victoria,

515 3381 670 3421 aures
696 3357 1069 3432 posterioribus
1102 3354 1430 3416 obturarent,
1460 3351 1546 3407 sic
1577 3367 1607 3405 a
1633 3360 1824 3408 sancto
1852 3351 2074 3408 doctore

516 3457 780 3515 refellitur
824 3458 900 3523 (p.
940 3450 1108 3522 210):
1154 3445 1293 3514 Quid
1340 3446 1509 3503 dicis?
1557 3448 1855 3515 palmamne
1890 3446 2072 3500 demus

517 3546 945 3621 antiquioribus?
971 3558 1032 3597 ne
1057 3555 1384 3596 revereamur
1408 3537 1793 3593 multitudinem
1814 3535 2076 3592 Christia-

517 3656 727 3701 norum,
758 3650 919 3705 neque
948 3648 1127 3688 eorum
1152 3630 1243 3701 qui
1271 3645 1407 3684 nunc
1429 3636 1572 3693 sunt,
1602 3644 1761 3698 neque
1784 3644 1961 3681 eorum
1988 3627 2076 3697 qui

518 3730 754 3800 fuerunt,
782 3740 848 3779 ea:
873 3739 972 3794 quo
1001 3721 1346 3790 pra'dicatum
1375 3727 1451 3773 est
1483 3716 1866 3788 Evangelium?
1894 3714 1975 3769 Ne
1995 3731 2076 3768 re-

518 3826 754 3887 putemus
803 3811 1114 3882 dignitatem
1155 3824 1356 3870 eorum,
1402 3807 1490 3877 qui
1524 3805 1676 3861 donis
1711 3804 2073 3869 spiritualibus

520 3906 870 3977 cujuscunque
897 3901 1097 3971 generis
1126 3900 1472 3961 claruerunt;
1501 3896 1686 3968 quibus
1716 3894 1952 3950 omnibus
1983 3895 2077 3947 ini-

521 3998 710 4051 micam
745 4003 795 4048 et
827 3992 1100 4045 adversam
1131 3991 1266 4044 hanc
1296 3992 1432 4045 viam
1462 3990 1743 4058 impietatis
1775 4003 1944 4042 recens
1984 4001 2077 4040 ea;-

520 4085 798 4157 cogitasti;
835 4082 923 4137 sed
951 4082 1147 4136 clausis
1173 4097 1387 4151 prorsus
1409 4082 1601 4134 anima:
1630 4081 1815 4143 oculis,
1833 4090 1881 4133 et
1907 4084 2077 4136 sancti

521 4178 799 4249 cujuslibet
819 4176 917 4230 uiri
940 4175 1190 4228 memoria
1211 4189 1237 4227 e
1266 4181 1432 4226 mente
1461 4171 1702 4240 depulsa,
1726 4173 2078 4240 unusquisque

522 4289 613 4326 cor
640 4279 874 4324 nostrum
902 4267 1127 4323 otiosum
1153 4281 1214 4319 ac
1242 4274 1519 4334 purgatum
1548 4263 1874 4332 captionibus
1903 4248 1965 4318 ac
1991 4281 2078 4319 so-

520 4360 796 4431 phismatis
823 4358 925 4411 tuis
951 4354 1279 4411 subdamus?
1306 4353 1518 4423 Ambigi
1550 4368 1656 4407 non
1695 4362 1871 4423 potest
1897 4361 2075 4409 utrutn

523 4454 743 4508 imitata
788 4450 899 4505 sint
946 4455 1193 4502 recentes
1246 4452 1426 4508 secta,
1487 4442 1747 4498 Basilium
1787 4459 1860 4498 an
1899 4444 2078 4499 Euno—

2173 3277 2427 3333 liditatem
2459 3273 2581 3343 ﬁdei
2613 3274 2666 3326 in
2713 3268 2978 3324 Christum
3016 3263 3349 3325 concutiant,
3381 3257 3728 3327 apostolicam

2174 3372 2509 3427 traditionem
2531 3368 2643 3422 solo
2667 3373 2923 3434 aequatam
2947 3357 3219 3415 abolendo.
3237 3353 3563 3428 fEapropter,
3586 3353 3731 3407 sicut

2171 3471 2259 3541 qui
2280 3468 2424 3522 bona:
2446 3464 2571 3537 ﬁdei
2603 3462 2858 3517 debitores
2884 3467 3025 3523 sunt,
3046 3455 3377 3527 probationes
3405 3468 3432 3506 e
3449 3448 3729 3517 Scriptura

2173 3560 2397 3614 clamore
2411 3558 2643 3626 exigunt,
2665 3551 2891 3606 Patrum
2913 3547 3285 3608 testimonium,
3314 3541 3450 3614 quod
3474 3541 3729 3609 scriptum

2172 3669 2273 3708 non
2296 3659 2393 3714 est,
2416 3649 2553 3704 velut
2577 3644 2776 3700 nullius
2804 3640 3051 3697 momenti
3073 3637 3381 3707 rejicientes.
3413 3632 3479 3687 Et
3506 3646 3629 3701 cap.
3659 3629 3730 3686 27

2175 3747 2250 3815 (p.
2279 3741 2369 3809 54)
2394 3760 2407 3796 :
2436 3739 2516 3793 Ex
2543 3733 2825 3791 asservatis
2853 3732 2908 3785 in
2936 3728 3173 3784 Ecclesia
3189 3723 3518 3796 dogmatibus
3532 3728 3580 3775 et
3591 3735 3732 3788 pra!-

2173 3812 2540 3897 dicationibus,
2574 3828 2683 3881 alia
2705 3824 2910 3897 quidem
2938 3821 3183 3876 habemus
3216 3835 3243 3872 e
3268 3814 3508 3871 doctrina
3532 3812 3730 3882 scripto

2172 3924 2401 3996 prodita,
2428 3923 2536 3976 alia
2561 3935 2676 3975 vero
2702 3917 2848 3972 nobis
2878 3916 2934 3969 in
2955 3911 3202 3984 mysterio
3226 3904 3422 3963 tradita
3441 3904 3731 3972 recepimus

2173 4030 2237 4069 ea:
2266 4012 2544 4067 traditione
2566 4007 2920 4077 apostolorum
2949 4015 3208 4073 :quarum
3229 3992 3447 4069 utraque
3465 3994 3566 4049 vim
3583 4008 3733 4046 eam-

2175 4105 2290 4158 dem
2323 4102 2510 4157 hsbent
2530 4098 2597 4154 ad
2629 4099 2900 4166 pietatem;
2929 4109 3020 4148 nec
3059 4093 3126 4147 iis
3155 4090 3428 4163 quisquam
3459 4082 3736 4138 contradi-

2176 4205 2251 4250 eet
2272 4209 2291 4249 :
2313 4192 2487 4247 nullus
2509 4198 2666 4252 certe,
2689 4188 2775 4258 qui
2802 4185 2875 4241 vel
2899 4183 3039 4237 tenui
3062 4179 3377 4250 experientia
3397 4174 3591 4229 noverit
3611 4190 3734 4244 qua:

2175 4289 2282 4343 sint
2312 4282 2560 4339 Ecclesia:
2589 4281 2854 4335 instituta.
2894 4275 3035 4330 Nam
3070 4275 3115 4329 si
3146 4267 3574 4331 consuetudines,
3610 4280 3734 4336 quae

2176 4380 2366 4447 scripto
2387 4373 2606 4446 prodita:
2631 4388 2733 4424 non
2761 4376 2901 4430 sunt,
2942 4377 3187 4435 tanquam
3219 4358 3358 4415 haud
3389 4357 3609 4413 multum
3638 4356 3738 4411 Ita-

2180 4446 2351 4529 bentes
2383 4468 2647 4528 momenti,
2694 4462 3063 4534 aggrediamur
3094 4454 3339 4525 rejicere,
3378 4446 3735 4519 imprudentes

521 4542 689 4635 mium
721 4559 734 4595 :
774 4550 954 4595 utrum
988 4554 1113 4635 cum
1149 4537 1349 4635 Basilio
1369 4547 1694 4635 sanctorum
1731 4536 1952 4593 Patrum
1982 4554 2078 4593 au-
2108 4532 2152 4588 D
2182 4563 2519 4635 Evangelia",
2547 4562 2602 4614 in
2648 4532 2777 4626 ipsi,
2801 4552 2954 4607 rebus
3000 4547 3274 4618 ρηεσεριξ,
3312 4541 3590 4603 (edemus,
3621 4541 3736 4593 imo

521 4633 849 4694 ctoritatem,
869 4645 932 4684 ac
948 4629 1347 4685 multitudinem
1361 4630 1793 4685 Christianorum
1811 4628 2075 4694 omniurn,

520 4732 635 4780 tum
663 4737 852 4778 eorum
885 4721 980 4791 qui
1019 4736 1164 4775 nunc
1193 4731 1344 4786 sunt,
1385 4729 1500 4775 tum
1531 4736 1717 4776 eorum
1750 4721 1845 4791 qui
1880 4721 1947 4776 ab
1976 4720 2078 4776 Ec-

522 4815 701 4871 clesia
722 4820 845 4868 ortu
875 4813 1225 4876 exstiterunt,
1256 4813 1502 4868 reverita
1531 4813 1675 4879 sint;
1711 4826 1781 4867 au
1815 4826 1941 4865 cum
1975 4810 2080 4865 Eu-

524 4907 711 4961 nomio
740 4914 944 4962 tantam
973 4907 1351 4961 auctoritatem
1379 4906 1533 4961 tricis
1554 4911 1608 4960 et
1637 4904 2078 4959 cavillationibus

526 4997 941 5067 exagitaverint.

599 5085 717 5141 Non
765 5086 993 5143 minoris
1044 5086 1302 5141 momenti
1343 5083 1596 5140 videntur
1646 5099 1769 5141 esse
1819 5098 1938 5154 qua
1992 5099 2078 5139 se-

528 5184 786 5248 quuntur.
814 5175 1013 5247 Magna
1047 5175 1297 5245 profecto,
1327 5175 1504 5245 inquit
1533 5173 1657 5243 (ib.,
1681 5190 1732 5246 p.
1759 5173 1917 5243 211),
1947 5174 2081 5244 [oret

496 5281 617 5357 tua
642 5271 895 5337 potentia,
930 5269 977 5322 si
1004 5283 1119 5337 qua:
1149 5266 1431 5335 multiplici
1460 5283 1555 5321 suo
1577 5268 1808 5335 artiﬁcio
1838 5266 2080 5321 diabolus

521 5368 827 5415 consecutus
853 5369 1077 5424 nonest,
1104 5376 1167 5414 ea
1196 5358 1289 5413 tibi
1327 5359 1442 5414 solo
1471 5361 1688 5430 imperio
1719 5360 1929 5429 assequi
1958 5377 2083 5414 con-

522 5453 777 5521 tingeret;
814 5453 859 5506 si
884 5451 1120 5506 uidelicet
1144 5467 1401 5521 persuasu
1426 5469 1489 5506 ac
1527 5453 1748 5507 inductu
1785 5463 1874 5507 tuo
1911 5452 2084 5506 tradi-

520 5544 734 5607 tionem,
758 5559 874 5611 quw
910 5559 1002 5612 per
1047 5545 1372 5611 praeteritum
1407 5560 1554 5599 omne
1591 5554 1793 5615 tempus
1832 5545 1972 5616 apud
2007 5552 2082 5597 tot

521 5645 728 5688 sanctos
773 5635 1033 5699 obtinuit,
1070 5637 1230 5704 impio
1270 5649 1440 5692 vestro
1472 5648 1764 5695 commento
1805 5648 2075 5711 postpone.

593 5788 728 5857 (ω’)
768 5786 1171 5857 Medul.theol.,
1206 5797 1347 5860 part.
1384 5804 1451 5845 Iv.
1491 5818 1497 5823 -

2176 4661 2347 4731 potius
2368 4653 2787 4727 pradicationem
2809 4646 2876 4701 ad
2904 4643 3100 4700 nudum
3131 4655 3314 4696 nomen
3341 4634 3733 4692 contrahemus.

2177 4725 2286 4808 Cur
2312 4725 2380 4804 ad
2409 4745 2753 4803 traditionem
2782 4736 3199 4809 confugiendum
3234 4731 3340 4794 sit,
3385 4735 3445 4782 ut
3476 4725 3735 4782 doctrina

2181 4842 2432 4898 Ecclesia
2466 4837 2826 4909 percipiatur,
2874 4832 3015 4887 hanc
3049 4828 3213 4884 etiam
3265 4820 3420 4879 aﬂ‘ert
3465 4818 3733 4873 rationem

2180 4937 2257 5009 (p.
2293 4934 2406 5002 55),
2448 4931 2592 5003 quod
2627 4945 2735 4984 non
2783 4926 2956 4983 solum
2998 4921 3177 4977 omnia
3217 4913 3514 4987 Scripturis
3545 4910 3735 4966 consi-

2180 5002 2340 5101 gnata
2371 5002 2481 5081 non
2513 5024 2735 5087 fuerint,
2764 5020 2857 5077 sed
2882 5017 3043 5073 etiam
3073 5013 3188 5083 ipsa
3212 5009 3492 5080 Scriptura
3530 5002 3736 5100 obscu-

2181 5087 2341 5173 ritate
2367 5114 2600 5187 quadam
2631 5110 2954 5166 involvatur.
2993 5102 3088 5158 Est
3116 5111 3289 5156 autem
3320 5092 3521 5151 silentii
3539 5087 3735 5157 species

2179 5211 2338 5265 etiam
2361 5179 2674 5269 obscuritas,
2693 5217 2798 5272 qua
2818 5200 2985 5253 utitur
3002 5195 3297 5264 Scriptura,
3320 5185 3580 5243 intellectu
3600 5179 3738 5248 difﬁ-

2180 5305 2331 5359 cilem
2362 5299 2579 5356 reddens
2599 5297 2899 5367 dogmatum
2925 5289 3235 5346 sententiam
3269 5282 3422 5352 idque
3459 5276 3527 5332 ad
3563 5274 3739 5342 legen-

2183 5398 2312 5450 tium
2342 5393 2618 5448 utilitatem
2651 5388 2726 5458 (p.
2757 5386 2905 5456 206).

2254 5548 2803 5624 δρθτθνίιιὸευιιειιιε
2829 5547 2940 5603 hac
2969 5544 3114 5603 eludi
3146 5559 3329 5618 posse,
3364 5545 3413 5602 si
3446 5546 3585 5601 hanc
3612 5556 3743 5615 par-

2183 5653 2291 5702 tem
2320 5645 2446 5700 libri
2477 5642 2550 5698 De
2578 5641 2784 5711 Spiritu
2804 5649 3008 5707 sancto,
3045 5654 3106 5696 ex
3149 5652 3257 5710 qua
3293 5646 3624 5709 postremum
3651 5642 3740 5692 te-
