3908 6518
202 377 261 432 ιδ
1575 384 1959 456 ΡΒᾸΞΕΑῩΙΟ.

199 489 487 546 stimouium
522 491 985 565 deprompsimus,
1012 513 1118 553 non
1173 499 1354 558 Basilii
1396 504 1562 561 letum
1601 524 1742 573 esse,
1775 526 1818 579 Α
1849 523 1954 568 tute
1982 513 2212 584 Spiritus
2237 521 2439 588 claros,
2482 525 2640 580 duces

196 581 483 638 sedmanus
506 585 702 639 alienae
724 584 972 655 facinus;
1005 600 1099 644 aut
1123 593 1316 648 saltem
1348 597 1603 654 Basilium
1636 602 1737 656 hoc

196 672 298 727 loco
324 687 428 727 non
456 673 527 728 de
551 678 842 748 praecipuis
870 677 994 734 ﬁdei
1015 683 1310 752 capitibus,
1347 688 1440 742 sed
1471 689 1538 746 de
1570 690 1743 744 ritua-

193 767 317 820 libus
344 767 772 834 traditionibus,
819 788 1046 841 quarum
1087 776 1209 830 alia:
1241 779 1438 834 nullius
1474 787 1740 849 momenti,

191 855 293 909 alia
311 871 372 909 ea:
396 857 676 912 hominum
708 863 959 915 memoria
988 864 1041 916 in
1084 865 1199 933 ipsa
1232 867 1468 925 Ecclesia
1506 871 1742 929 Romana

189 946 362 1013 pridem
385 947 597 1008 delent.
626 950 898 1008 disserere
923 955 1298 1023 responderet.

243 1035 475 1092 Primum
519 1041 658 1096 illud
689 1053 1078 1111 commentum,
1111 1049 1258 1118 quod
1289 1053 1504 1122 perﬁda:
1546 1070 1740 1113 manus

187 1168 504 1238 suspiciones
563 1172 617 1226 in
662 1173 862 1228 librum
916 1174 989 1230 De
1032 1176 1236 1246 Spiritu
1289 1193 1473 1237 sancto
1517 1187 1739 1257 injicere

186 1270 409 1323 conatur,
437 1261 523 1316 sic
549 1263 666 1332 jam
691 1266 760 1319 ab
788 1268 1042 1322 omnibus
1067 1271 1347 1339 explosum
1379 1284 1482 1339 est,
1516 1287 1575 1332 ut
1600 1296 1736 1336 nova

185 1366 322 1418 opera
352 1367 462 1406 non
493 1353 574 1407 sit
603 1355 977 1411 refellendum.
1010 1360 1166 1424 Quod
1208 1373 1388 1420 autem
1419 1381 1623 1438 spectat
1668 1374 1732 1427 ad

184 1445 379 1498 alteram
411 1444 645 1502 Sculteti
681 1453 1119 1521 responsionem,
1150 1472 1334 1510 verum
1359 1459 1490 1514 illud
1517 1464 1732 1532 quidem

181 1544 247 1587 est
276 1535 531 1590 Basilium
565 1540 672 1594 hoc
697 1541 818 1596 loco
850 1548 1112 1601 nonnulla
1159 1564 1585 1610 commemorare
1616 1572 1735 1626 quae

181 1623 235 1676 ad
268 1628 564 1682 essentiam
614 1645 1083 1691 sacramentorum
1129 1655 1236 1694 non
1269 1645 1536 1710 pertinent
1573 1665 1587 1700 :
1637 1650 1731 1703 sed

181 1730 269 1768 non
298 1716 502 1772 idcirco
543 1722 729 1778 minus
755 1726 1092 1794 exploratum
1117 1739 1200 1783 est
1235 1733 1352 1800 ejus
1387 1735 1728 1806 principium,

179 1821 344 1876 nempe
377 1820 616 1881 utraque
660 1815 905 1870 eamdem
946 1817 1055 1871 vim
1107 1819 1174 1873 ad
1221 1822 1473 1891 pietatem
1510 1825 1727 1893 habere,

179 1908 220 1949 et
245 1914 353 1966 qua:
395 1899 704 1971 Seripturis
745 1906 957 1974 prodita
995 1917 1142 1974 Sunt,
1178 1920 1230 1965 et
1275 1929 1394 1983 qua:
1427 1919 1727 1987 recepimus

177 2002 228 2040 ex
262 1990 550 2047 traditione
583 1997 977 2064 apostolorum.
1015 2000 1147 2056 Nam
1172 2003 1261 2056 illa
1289 2007 1475 2072 etiam,
1507 2025 1628 2079 qua:
1658 2009 1724 2063 ad

178 2083 443 2135 essentiam
471 2094 949 2143 sacramentorum
989 2107 1100 2147 non
1143 2097 1451 2163 pertinent,
1497 2115 1595 2170 par
1629 2101 1725 2154 ba-

177 2171 280 2226 bent
319 2184 695 2242 momentum,
743 2182 858 2235 sive
901 2181 1230 2253 Scripturis,
1279 2188 1392 2244 sive
1433 2193 1723 2250 traditione

178 2267 520 2332 apostolorum
553 2273 981 2341 contineantur;
1032 2278 1238 2344 pariter
1265 2283 1410 2336 enim
1441 2284 1720 2343 immutari

175 2365 391 2422 possent,
425 2361 894 2429 quemadmodum
924 2367 1061 2421 ritus
1095 2371 1368 2439 mergendi
1406 2373 1460 2426 in
1498 2389 1714 2445 aquam,

175 2445 247 2512 qui
272 2447 321 2500 in
346 2445 654 2518 Scripturis
688 2463 1019 2509 memoratur
1045 2471 1110 2510 ac
1137 2458 1255 2527 ipsa
1297 2460 1553 2529 baptismi
1583 2480 1715 2520 voce

173 2532 499 2602 signiﬁcatur,
531 2541 663 2609 quia
694 2550 872 2597 tamen
902 2545 967 2599 ad
1000 2549 1291 2603 essentiam
1326 2552 1578 2622 baptismi
1605 2573 1714 2612 non

173 2627 408 2694 pertinet,
455 2631 783 2687 immutatus
811 2642 894 2686 est
928 2635 995 2689 ali
1027 2635 1288 2694 Ecclesia.
1324 2637 1546 2699 Frustra
1585 2661 1713 2716 ergo

173 2714 220 2770 S.
241 2715 486 2772 Basilium
519 2721 762 2790 exagitat
794 2721 1089 2790 Scultetus,
1120 2730 1276 2796 quasi
1309 2731 1365 2785 in
1391 2733 1493 2788 hoc
1523 2714 1710 2792 Basilii

171 2807 270 2861 loco
299 2811 478 2880 regula
519 2827 651 2866 cum
693 2815 950 2884 exemplis
995 2825 1048 2872 et
1085 2823 1328 2892 exempla
1364 2840 1486 2879 cum
1526 2830 1708 2899 regula

171 2912 394 2969 pugnent.
436 2901 565 2956 Non
587 2905 732 2958 enim
760 2905 811 2959 id
835 2907 968 2961 dicit
995 2908 1248 2978 Basilius,
1281 2913 1627 2987 Evangelium
1653 2923 1707 2978 in

169 2995 418 3063 praecipuis
445 2997 702 3065 partibus
727 2998 877 3063 laedi,
912 3008 964 3055 et
1012 3002 1448 3072 praedicationem
1490 3013 1557 3066 ad
1604 3031 1706 3068 nu-

170 3083 273 3136 dum
303 3101 491 3141 nomen
523 3087 719 3159 redigi,
751 3092 798 3145 si
825 3092 960 3147 ritus
990 3097 1236 3150 nonnulli
1264 3099 1619 3158 immutentur
1638 3107 1704 3161 ab

3335 433 3404 488 ιθ

2685 545 2747 582 ac
2786 542 3036 599 patronos
3070 537 3225 608 hujus
3270 551 3405 606 vocis

1843 605 2153 663 exhibeam?
2198 609 2274 664 0b
2313 613 2423 667 huic
2454 615 2662 673 hostilis
2706 622 2802 675 illa
2846 626 2985 680 acies
3021 605 3268 688 adversus
3311 605 3404 694 nos

1842 711 2100 784 commota
2127 707 2529 784 estnomnisque
2554 711 2758 784 ciuitas,
2786 717 2927 772 uicus
2954 729 3005 774 et
3031 739 3206 779 omnes
3235 740 3404 784 extree

1844 767 1916 819 mi
1948 769 2077 837 lines
2109 773 2248 839 pleni
2268 787 2387 830 sunt
2411 767 2504 832 nos
2536 767 2978 842 calumniantium
3015 795 3242 850 vocibus.
3287 798 3405 853 Μο-

1842 859 1972 913 lesta
2003 863 2211 931 quidem
2255 866 2366 922 htec
2408 887 2471 924 ac
2511 871 2735 942 lugenda
2768 880 3014 936 cordibus
3057 891 3402 956 quwrentiuni

1837 967 2014 1020 pacem
2041 972 2060 1008 :
2084 962 2256 1011 rerum
2289 964 2537 1031 quoniam
2560 976 2637 1019 est
2667 985 2855 1039 magna
2885 977 3152 1042 patientia:
3182 998 3397 1045 merces,

1841 1045 2088 1101 toleratas
2108 1065 2201 1116 pro
2230 1053 2334 1119 ﬁde
2363 1056 2669 1124 aﬂlictiones
2692 1076 2958 1130 secutura,
2992 1082 3183 1137 prazter
3215 1075 3325 1129 haec
3350 1070 3398 1130 et

1835 1136 2046 1203 gladius
2079 1139 2427 1208 splendescat,
2458 1157 2506 1200 et
2539 1153 2738 1205 securis
2771 1136 3024 1222 acuatur,
3067 1172 3114 1214 et
3146 1165 3278 1233 ignis
3309 1184 3396 1220 ar—

1836 1225 1958 1279 deat
1984 1228 2304 1300 Babylonico
2328 1237 2419 1290 illo
2449 1238 2813 1306 vehementius,
2843 1257 2892 1300 et
2916 1254 3092 1306 omnia
3119 1225 3394 1325 supplicio-

1836 1335 1950 1370 rum
1982 1321 2328 1379 instrumenta
2356 1329 2408 1381 in
2437 1346 2531 1384 nos
2560 1348 2894 1399 moveantur;
2917 1344 3053 1410 quod
3083 1348 3152 1398 ad
3177 1366 3255 1404 me
3277 1339 3395 1422 qui-

1834 1410 1948 1464 dem
1978 1414 2184 1478 attinet,
2217 1417 2350 1470 nihil
2375 1421 2608 1475 arbitror
2650 1426 3058 1506 formidabilius,
3096 1454 3253 1506 quant
3289 1410 3392 1497 non

1833 1500 2119 1568 formidare
2141 1507 2332 1570 minus,
2355 1510 2486 1579 quas
2510 1500 2763 1572 Dominus
2791 1521 2842 1572 in
2873 1521 3130 1591 Spiritum
3155 1520 3392 1599 blasphe-

1833 1594 1965 1646 mias
1984 1594 2306 1662 jacientibus
2328 1601 2617 1659 intentavit.
2643 1606 2814 1677 Igitur
2836 1614 2973 1678 apud
3008 1594 3389 1675 cardatos'ho-

1831 1683 1992 1736 mines
2019 1685 2087 1736 ad
2113 1691 2473 1757 purgationem
2516 1696 2614 1748 mei
2655 1701 2914 1769 sufﬁciunt
2958 1707 3070 1760 hinc
3099 1727 3214 1778 qute
3246 1712 3389 1768 dicta

1829 1784 1968 1838 sunt,
1997 1777 2133 1845 quod
2164 1782 2439 1849 recipimus
2462 1791 2630 1840 vocem
2655 1790 2784 1845 adeo
2817 1805 3025 1863 gratam
3060 1817 3122 1853 ac
3151 1802 3387 1870 familia-

1759 1873 1802 1931 Β
1831 1881 1937 1917 rem
1959 1871 2176 1929 sanctis,
2206 1873 2420 1939 insuper
2441 1887 2488 1928 et
2512 1887 2620 1930 tam
2639 1880 2843 1937 diutino
2874 1903 2971 1940 usu
2995 1893 3377 1960 conﬁrmatam.

1829 1953 1971 2009 Nam
2009 1975 2073 2012 ea:
2113 1978 2211 2031 quo
2251 1973 2476 2033 tempore
2519 1982 2595 2023 est
2637 1978 3006 2032 annuntiatum
3047 1981 3383 2056 Evangelium'

1825 2063 1983 2117 usque
2021 2051 2089 2102 ad
2121 2069 2346 2120 prwsens
2368 2097 2381 2121 ,
2417 2065 2710 2117 ostenditur
2752 2069 2805 2120 in
2840 2069 3090 2128 Ecclesiis
3129 2079 3382 2134 usitatam

1821 2138 1984 2205 fuisse
2009 2155 2027 2193 :
2051 2154 2099 2195 et
2130 2145 2266 2213 quod
2293 2160 2366 2200 est
2399 2155 2631 2208 omnium
2662 2160 2969 2227 maximum,
3012 2166 3154 2234 pium
3200 2186 3261 2222 ac
3301 2187 3380 2227 re;

1822 2230 2062 2300 ligiosum
2087 2252 2294 2290 sensum
2318 2239 2505 2297 habere
2534 2244 2943 2307 demonstratur.

1887 2343 2002 2399 Non
2033 2348 2211 2405 minus
2241 2354 2436 2410 enituit
2465 2355 2646 2413 Basilii
2677 2362 2913 2420 studium
2946 2364 2999 2423 et
3023 2372 3188 2426 animi
3215 2357 3377 2433 ardor

1816 2433 1874 2488 in
1894 2435 2231 2495 defendenda
2257 2448 2612 2505 conciliorum
2645 2459 2990 2516 auctoritate.
3027 2462 3162 2521 Hinc
3188 2467 3374 2523 deela-

1815 2533 1897 2577 rat
1919 2527 2096 2596 (epist.
2132 2531 2252 2600 114)
2279 2543 2531 2594 trecentos
2561 2541 2735 2598 decem
2776 2539 2826 2600 et
2871 2562 2986 2605 octo
3029 2553 3239 2626 Patres,
3270 2576 3374 2615 nca

1811 2616 1923 2670 sine
1952 2617 2177 2686 Spiritus
2207 2629 2378 2681 sancti
2399 2631 2573 2699 afflatu
2593 2633 2790 2691 locutos
2816 2656 2944 2696 esse.
2971 2643 3228 2710 Quamvis
3245 2659 3372 2723 ergo

1811 2709 1879 2764 ab
1903 2725 1968 2765 eo
1999 2729 2104 2769 non
2149 2729 2442 2787 peteretur,
2473 2733 2525 2779 ul
2560 2741 2589 2780 a
2635 2734 2824 2800 synodi
2857 2737 2958 2793 lide
3009 2749 3062 2795 et
3103 2709 3370 2802 sententia

1809 2799 2126 2868 discederet,
2153 2810 2246 2862 sed
2277 2819 2487 2868 tantum
2513 2826 2571 2870 ut
2602 2799 2764 2876 unam
2795 2840 2979 2882 vocem
3011 2831 3157 2888 illius
3183 2844 3370 2892 auctoé

1806 2891 1966 2947 ritate
2009 2911 2380 2956 consecratam
2435 2905 2750 2976 imperatori
2808 2918 3022 2976 cederet
3073 2923 3222 2996 (ll);
3268 2945 3368 2984 nec

1805 2986 2008 3052 exsilii,-
2055 3005 2155 3045 nec
2193 3000 2587 3054 tormentorum
2631 3004 2829 3069 minis,
2876 3025 3008 3076 nec,
3053 3018 3196 3084 quod
3239 3034 3365 3074 san:

1804 3085 1894 3131 cto
1924 3081 2181 3152 episcopo
2208 3088 2427 3156 gravius
2460 3103 2582 3148 esise
2620 3095 2880 3164 debebat,
2927 3081 3172 3174 luporum
3218 3114 3363 3183 gregi

171 3172 377 3231 Ecclesia
407 3197 421 3232 :
451 3180 558 3234 sed
585 3197 651 3235 ex
682 3192 992 3254 contemptu
1022 3187 1332 3246 traditionis
1363 3191 1465 3247 hoc
1496 3198 1704 3264 gravis-
1729 3205 1769 3260 C
1806 3167 2200 3264 imminentium
2231 3187 2376 3235 mem
2407 3185 2600 3241 addUCi
2625 3191 2823 3258 Ροίυίίν
2861 3189 2916 3247 ut
2958 3196 3060 3252 hoc
3090 3200 3244 3259 "eras
3271 3205 3362 3259 δά·

170 3269 331 3321 simum
356 3271 765 3326 incommodum
801 3280 1058 3348 consequi
1089 3280 1266 3344 docet,
1291 3290 1350 3336 ut
1385 3284 1517 3338 nihil
1546 3303 1700 3356 pror-

168 3369 243 3409 sus
266 3359 313 3410 in
342 3360 605 3415 Ecclesiae
634 3365 780 3418 cultu
805 3375 856 3419 et
878 3367 1125 3423 doctrina
1149 3374 1383 3441 supersit
1405 3376 1696 3448 integrum,

168 3449 242 3501 sed
271 3450 375 3518 ipsa
398 3453 750 3510 eucharistiai
772 3462 1130 3526 consecratio,
1155 3467 1580 3526 conlirmationis
1619 3487 1698 3526 sa-

167 3552 489 3608 cramentum,
525 3545 642 3615 ipsa
671 3549 834 3602 etiam
863 3550 985 3605 ﬁdei
1010 3553 1279 3622 professio
1308 3557 1362 3611 in
1394 3557 1606 3616 Patrem
1643 3573 1696 3618 et

169 3627 327 3687 Filium
359 3645 411 3691 et
453 3639 728 3708 Spiritum
770 3650 1017 3697 sanctum
1061 3656 1371 3703 avertantur
1409 3650 1554 3722 (pag.
1583 3652 1688 3721 57).

166 3719 306 3790 Hujus
350 3733 638 3784 sententia:
680 3732 962 3787 veritatem
1016 3735 1394 3793 demonstrant
1433 3719 1692 3808 extemplo

166 3826 244 3868 suo
265 3831 500 3876 recentes
534 3833 724 3887 sectae,
759 3841 898 3892 quae,
939 3827 1228 3884 traditione
1260 3833 1424 3887 semel
1456 3835 1687 3902 rejecta,

163 3916 248 3956 non
275 3907 436 3963 solum
463 3912 588 3980 pios
620 3911 873 3969 Ecclesiae
901 3909 1057 3980 ritus,
1101 3919 1192 3973 sed
1239 3922 1402 3975 etiam
1439 3926 1690 3980 euchari-

165 3993 256 4047 stize
279 4002 738 4057 consecrationem
764 4045 778 4066 ,
819 4007 996 4074 qualis
1027 4022 1056 4059 a
1087 4007 1287 4064 Basilio
1328 4013 1685 4083 describitur,

164 4092 212 4132 ac
234 4097 619 4143 sacramentum
645 4093 1072 4150 conﬁrmationis
1104 4098 1460 4165 sustulerunt,
1483 4114 1535 4158 et
1553 4121 1688 4174 prai-

163 4169 446 4234 dicationem
486 4168 762 4252 Evangelii
793 4185 866 4238 ita
897 4187 962 4239 ad
995 4187 1194 4242 nudum
1227 4205 1426 4248 nomen
1465 4195 1686 4265 redege-

164 4275 281 4331 runt,
317 4279 372 4324 ut
403 4268 523 4327 tota
570 4275 758 4345 religio
799 4279 1062 4348 cujusque
1102 4277 1330 4338 arbitrio
1374 4294 1428 4340 et
1474 4286 1679 4341 libidini

163 4359 382 4422 permissa
411 4363 512 4425 sit,
536 4379 599 4418 ac
627 4377 694 4420 ne
728 4366 843 4435 ipsa
874 4370 1088 4437 quidem
1115 4364 1398 4430 Trinitatis
1436 4375 1682 4432 doctrina

163 4447 380 4507 adversus
411 4453 694 4511 Unitarios
722 4458 936 4513 delendi
965 4461 1156 4527 possit.

1802 3260 2054 3319 mitteret.

1870 3371 1954 3430 ιιι.
1985 3373 2183 3446 Objicit
2211 3378 2489 3440 Scultetus
2522 3389 2650 3444 illud
2684 3371 2870 3449 Basilii
2902 3413 2969 3452 ex
2998 3401 3156 3470 epist.
3204 3404 3304 3461 189
3342 3425 3356 3461 ε

1798 3460 2180 3533 Criminantur,
2216 3470 2394 3542 inquit
2425 3477 2499 3545 (p.
2535 3477 2660 3544 ΞΠ,
2692 3497 2748 3536 n.
2787 3485 2866 3554 5),
2899 3460 3046 3558 quod.
3062 3507 3222 3546 unam
3264 3460 3358 3550 bo?

1796 3554 2029 3622 nitatem,
2054 3568 2102 3612 et
2123 3577 2281 3614 unam
2295 3569 2598 3635 potentiam,
2623 3582 2672 3626 et
2690 3591 2847 3628 unam
2867 3577 3194 3636 divinitatem
3217 3585 3357 3639 dica-

1795 3659 1930 3699 mus.
1961 3644 2142 3716 Neque
2173 3652 2227 3703 id
2255 3663 2408 3707 extra
2436 3661 2700 3715 veritatem
2743 3681 2761 3717 :
2807 3665 3032 3724 dicimus
3061 3675 3218 3730 enim.
3251 3677 3356 3732 Sca‘

1792 3735 2117 3791 criminando
2146 3741 2425 3811 objiciunt,
2451 3764 2553 3801 non
2579 3751 2654 3804 sic
2677 3769 2830 3808 suam
2861 3757 3048 3813 habere
3078 3774 3353 3818 consuetus

1790 3823 1984 3890 dinem,
2017 3845 2107 3882 nec
2137 3829 2467 3900 Scripturam
2502 3843 2770 3897 assentiri.
2807 3845 2948 3910 Quid
2976 3850 3140 3918 igitur
3171 3855 3352 3910 adhoc

1787 3934 1986 3987 quoque
2017 3936 2110 3976 nos
2134 3925 2159 3978 ?
2182 3922 2304 3978 Non
2331 3937 2578 3993 putamus
2605 3949 2809 4003 wquum
2839 3955 2970 4004 esse,
3000 3952 3057 3995 ut
3101 3945 3351 4015 vigentem

1789 4008 1925 4075 apud
1957 4011 2096 4079 ipsos
2125 4017 2574 4086 consuetudinem,
2611 4035 2765 4078 recta:
2800 4027 3054 4086 doctrina:
3101 4008 3260 4105 legem
3299 4047 3350 4091 et

1787 4113 2024 4154 normam
2050 4103 2322 4162 ducamus.
2343 4109 2568 4176 Etenim,
2593 4115 2639 4168 si
2667 4117 2803 4171 valet
2827 4118 2896 4173 ad
2925 4133 3076 4178 recta:
3095 4127 3350 4184 doctrim'e

1783 4189 2277 4251 demonstrationem
2308 4205 2650 4269 consuetudo,
2684 4208 2802 4262 licet
2844 4222 2892 4264 et
2926 4215 3076 4270 nobis
3113 4220 3346 4288 profecto

1783 4283 2036 4336 usitatum
2065 4287 2205 4355 apud
2227 4305 2319 4343 nos
2348 4308 2542 4367 morem
2573 4314 2848 4366 opponere.
2883 4304 3035 4367 Quod
3059 4283 3270 4366 sivhunc
3289 4315 3347 4367 il-'

1782 4369 1821 4422 li
1845 4371 2105 4440 rejiciunt,
2138 4393 2298 4448 neque
2335 4364 2481 4438 nobis
2512 4364 2728 4453 prorsus
2772 4391 2892 4445 illos
2931 4398 3076 4465 sequi
3119 4416 3341 4458 necesse;

1782 4459 1968 4531 Itaque
1993 4465 2268 4535 Scriptura
2288 4471 2539 4530 divinitus
2562 4478 2818 4546 inspirata
2832 4485 2980 4540 nobis
2998 4459 3076 4542 sit
3103 4492 3304 4548 arbitra
3324 4513 3344 4560 ;

213 4578 261 4632 ll.
288 4581 454 4643 Testis
479 4599 566 4643 est
591 4589 754 4644 etiam
776 4592 1016 4662 locuples
1043 4594 1296 4664 Basilius,
1323 4608 1528 4668 quanto
1559 4602 1677 4655 ani-

1810 4556 1989 4622 tapud
2015 4573 2143 4626 quos
2175 4561 2386 4617 inventa
2419 4567 2618 4633 fuerint
2655 4571 2904 4652 dogmata
2943 4577 3135 4636 divinis
3176 4556 3341 4640 verbis

251 4622 261 4632 -
302 4622 454 4643 ιυδιιδ
479 4622 566 4643 cat
591 4622 754 4644 cuum
777 4622 1016 4662 tucuptca
1043 4622 1296 4664 DaSIIIUS,

159 4670 216 4723 tui
243 4676 417 4732 ardore
455 4678 677 4734 delendi
707 4681 897 4738 debeat
943 4687 1176 4744 usitatus
1223 4689 1275 4742 in
1322 4688 1562 4746 Ecclesia
1607 4693 1673 4747 ad

158 4760 313 4832 dogma
338 4774 746 4842 esprimendum
766 4792 963 4834 sermo.
980 4780 1136 4847 Nam,
1157 4799 1278 4837 cum
1298 4786 1406 4854 pati
1424 4801 1529 4840 non
1547 4802 1674 4856 pos-

158 4864 249 4909 sent
291 4857 759 4922 Pneumatomachi
806 4868 1065 4940 Spiritum
1103 4882 1350 4930 sanctum
1393 4892 1498 4930 una
1547 4893 1671 4933 cum

158 4940 282 5004 Patre
298 4963 347 5006 et
372 4953 513 5010 Filio
545 4958 840 5028 gloriﬁcari
862 5003 876 5027 ,
921 4965 1258 5022 demonstrat
1297 4968 1438 5022 hanc
1469 4969 1664 5036 gloriﬁ-

1780 4662 2029 4714 consona,
2061 4651 2129 4703 ad
2151 4668 2237 4707 eos
2272 4659 2478 4710 accedet
2500 4663 2714 4716 omnino
2739 4666 2974 4724 veritatis
3002 4673 3338 4744 suffragium.

1779 4736 1856 4791 Et
1880 4739 1965 4794 bis
1993 4743 2267 4798 concludit
2288 4743 2562 4805 Scultetus
2592 4754 2694 4806 soli
2740 4754 3034 4826 Scriptura:
3068 4736 3338 4830 judicium

1777 4843 1807 4881 a
1837 4829 2037 4886 Basilio
2067 4849 2130 4888 ac
2163 4837 2446 4892 arbitrium
2479 4843 2700 4898 attribui
2728 4853 3245 4911 controversiarum.

1849 4962 1999 5034 Saepe
2031 4965 2165 5023 alias
2204 4968 2349 5024 hunc
2376 4972 2555 5026 locum
2600 4973 2785 5031 Basilii
2819 4978 3183 5037 decantavere
3213 4983 3336 5041 Pro-

156 5037 280 5093 ωειᾶί
328 5045 586 5100 rationem
629 5055 685 5102 et
725 5054 865 5119 apud
900 5053 1153 5123 antiquos
1191 5055 1378 5123 Patres
1414 5057 1669 5112 usitatam

154 5134 266 5190 esse.
297 5133 424 5188 etin
477 5143 593 5190 toto
649 5135 940 5196 Occidente
985 5151 1040 5196 et
1088 5145 1143 5198 in
1196 5145 1415 5201 Oriente
1465 5147 1664 5216 vigere.

156 5211 316 5276 Deinde
344 5224 419 5280 sic
445 5227 688 5297 loquitur
709 5232 848 5302 (cap.
876 5232 964 5296 29,
997 5250 1118 5306 pag.
1150 5236 1239 5308 65)
1275 5257 1288 5292 :
1320 5238 1424 5305 Qui
1455 5211 1666 5308 ﬁt'igi-

155 5311 234 5369 ³³η.
267 5324 315 5364 ιιι
341 5331 424 5386 ego
456 5320 556 5372 sim
587 5320 882 5386 innovator,
919 5334 970 5378 et
1007 5329 1350 5382 recentiorum
1395 5327 1662 5383 verborum

156 5404 456 5466 architectus?
482 5428 601 5465 cum
629 5421 771 5468 totas
795 5418 1050 5479 nationes,
1079 5419 1332 5485 civitates,
1367 5431 1414 5474 et
1448 5437 1662 5479 consue-

157 5489 338 5548 Minein
366 5503 501 5554 omni
527 5501 795 5556 hominum
826 5509 1076 5561 memoria
1109 5511 1433 5563 vetustiorem
1455 5551 1470 5572 ,
1517 5512 1662 5564 insu-

153 5589 221 5641 Ρεν
239 5593 281 5634 ιι
305 5588 428 5643 viros
469 5589 721 5646 Ecclesia:
744 5595 1034 5658 columnas,
1066 5600 1204 5650 omni
1227 5599 1444 5653 scientia
1467 5617 1529 5653 ac
1557 5601 1660 5654 vir-

1774 5059 2039 5110 testantes
2070 5074 2093 5120 ι
2141 5061 2235 5114 sed
2291 5069 2471 5117 tamen
2506 5065 2638 5133 quid
2691 5069 2770 5123 eis
2810 5072 2982 5139 prosit
3012 5088 3123 5128 non
3154 5076 3330 5133 video.

1770 5142 1934 5209 Nam,
1963 5148 2015 5198 l°
2045 5150 2258 5205 etiamsi
2297 5152 2534 5211 Basilius
2576 5156 3084 5219 Pneumatomachis
3127 5183 3254 5224 vere
3283 5179 3334 5224 et

1769 5250 1835 5290 ex
1859 5239 2040 5292 animo
2071 5244 2432 5301 concessisset
2476 5253 2882 5317 controversae,
2914 5270 3076 5324 quam
3106 5275 3228 5314 cum
3254 5264 3332 5315 eis

1766 5325 2021 5392 habebat,
2067 5333 2333 5400 judicium
2386 5352 2452 5391 ex
2506 5340 2620 5394 sola
2677 5340 2958 5413 Scriptura
2989 5351 3331 5420 petendum;

1765 5421 1895 5488 quid
1929 5422 2031 5476 hoc
2082 5423 2284 5481 laceret
2338 5443 2460 5482 cum
2504 5429 2993 5494 Protestantibus?
3034 5442 3311 5500 Consuetn

1765 5509 1876 5564 dini
1928 5511 2248 5570 Caesariensi
2280 5533 2444 5572 unam
2475 5521 2530 5574 in
2584 5526 2831 5592 personis
2863 5527 3064 5586 divinis
3115 5535 3329 5589 bonita-

1765 5612 1892 5668 tem,
1931 5621 2092 5661 unam
2116 5613 2412 5678 potentiam
2444 5615 2762 5682 praedicanti
2791 5624 3126 5688 contrariam
3150 5625 3327 5681 Eccle-

208 5731 294 5809 (Η)
325 5737 495 5813 Nyes.,
545 5762 582 5810 ι,
643 5745 898 5813 Eunom.,
953 5765 1005 5819 p.
1054 5747 1186 5818 5H;
1233 5748 1580 5820 Tlieodoret.,
1622 5753 1717 5811 lib.
1758 5771 1831 5812 iv.
1862 5771 1910 5810 c.
1952 5759 2035 5817 l8.
