3908 6562
459 425 522 486 ιΠ
1810 427 2003 484 PBASF
2018 428 2201 484 ATIO.
3601 437 3672 493 ‘3

458 547 551 602 size
568 559 676 598 suae
689 543 1129 599 consuetudinem
1148 541 2012 614 apponebantPneumatomacbi‘:
2046 550 2087 604 Α
2118 547 2237 596 bum
2285 559 2433 599 omne
2472 551 2564 597 aut
2590 562 2670 600 res
2701 547 2997 603 testimonio
3033 547 3223 603 divina:
3257 547 3543 619 Scriptura
3579 550 3675 605 ob-

458 654 513 693 tn
539 638 640 692 hac
674 637 1126 691 consuetudinum
1163 637 1440 700 varietate,
1473 636 1602 706 quid
1635 634 1831 689 mirum
1864 634 1908 690 si
1943 634 2010 690 ad

458 728 793 798 Scripturam
849 737 1105 798 provocat
1146 727 1432 782 Basilius?
1488 727 1557 780 At
1602 726 1971 782 Protestantes
1996 765 2012 791 ,

461 835 587 873 eum
618 834 815 873 novum
856 818 1134 889 religionis
1163 833 1333 888 genus
1359 818 1738 881 condiderunt,
1773 832 1878 872 non
1915 817 2013 870 ha-

459 913 624 968 buere
675 910 1119 967 consuetudinem
1150 919 1241 965 aut
1290 911 1655 976 traditionem,
1698 923 1859 980 quam
1886 922 2018 962 con-

459 985 626 1060 stanti
656 1001 909 1057 Ecclesiai
937 1000 1214 1054 traditioni
1239 1008 1587 1071 opponerent.
1621 997 1708 1053 Uti
1737 1013 1866 1069 ergo
1907 1013 2016 1053 non

458 1102 688 1164 possunt
740 1091 1060 1146 auctoritate
1080 1089 1312 1161 Basilii,
1367 1089 1459 1161 qui
1510 1088 1854 1143 traditionem
1906 1103 2015 1142 non

461 1184 668 1255 rejicit,
725 1182 817 1239 sed
871 1182 997 1252 quia
1049 1181 1231 1238 inesse
1293 1181 1598 1251 fingebatur
1657 1181 1711 1234 in
1755 1179 2019 1236 Ecclesia-

460 1293 580 1332 rum
612 1276 1092 1332 consuetudinibus
1123 1275 1378 1339 varietas,
1411 1273 1477 1328 ad
1513 1273 1850 1344 Scripturam
1885 1287 2016 1327 con-

459 1369 615 1441 fugit.

527 1483 585 1536 2ο
622 1480 746 1536 llaec
776 1479 1082 1536 traditionis
1106 1478 1341 1535 varietas
1391 1491 1598 1531 merum
1626 1484 1710 1532 est
1740 1489 2018 1530 commen-

459 1582 573 1628 tum
603 1571 1245 1628 Pneumatomacborum.
1280 1567 1535 1624 Solebant
1554 1567 1699 1624 enim
1731 1576 1788 1621 ut
1819 1581 2016 1620 novum

457 1664 768 1734 exagitare,
823 1661 1086 1733 quidquid
1139 1658 1354 1715 illorum
1410 1658 1685 1714 evertebat
1747 1654 2015 1712 hzeresim.

458 1753 596 1808 Hinc
619 1753 1063 1809 consuetudinem
1092 1749 1429 1824 glorilicandi
1459 1764 1582 1803 cum
1619 1745 1777 1803 Patre
1798 1755 1851 1801 ct
1882 1745 2017 1800 Filio

460 1844 717 1915 Spiritus,
771 1858 935 1914 quam
973 1842 1208 1897 Basilius
1243 1842 1297 1896 in
1343 1840 1594 1896 omnibus
1629 1838 1889 1894 Ecclesiis
1939 1837 2018 1891 vi-

458 1951 583 2007 gere
635 1943 691 1991 et
729 1951 944 2006 semper
991 1936 1227 2006 viguisse
1269 1936 1624 1997 demonstrat,
1679 1932 1789 2003 (12)
1820 1947 2015 1986 novam
2047 1964 2088 2018 Β

457 2042 579 2082 esse
614 2035 669 2082 et
699 2028 767 2080 ab
800 2026 1035 2082 Ecclesia
1092 2026 1314 2082 minime
1365 2027 1645 2097 probatam
1673 2024 2012 2080 dictitabant.

458 2115 597 2182 Quin
627 2116 788 2172 etiam
818 2117 871 2171 in
904 2116 1005 2173 hac
1028 2120 1142 2190 ipsa
1175 2118 1401 2188 epistola
1436 2116 1559 2182 189,
1591 2125 1875 2188 postquam
1918 2113 2018 2168 Ec-

454 2192 636 2263 vclesiae
661 2223 772 2264 suae
799 2209 1247 2265 consuetudinem
1283 2209 1552 2278 obiecere,
1599 2209 1778 2263 statim
1808 2207 2019 2261 vanita-

457 2310 565 2354 tem
591 2308 644 2354 et
682 2300 1021 2355 mendacium
1052 2300 1392 2366 confitentur,
1420 2314 1483 2354 ac
1516 2315 1672 2353 unam
1724 2299 1777 2353 in
1830 2312 2017 2368 perso-

459 2391 545 2446 nis
575 2390 774 2446 divinis
800 2390 1051 2445 deitatem
1084 2406 1191 2445 non
1230 2390 1559 2462 improbant,
1587 2388 1763 2443 ’modo
1795 2387 1863 2442 ad
1894 2387 2017 2459 Spi-

459 2481 621 2536 ritum
675 2490 923 2537 sanctutn
966 2497 1074 2537 non
1122 2483 1463 2538 extendatur.
1513 2480 1617 2537 Sed
1651 2483 1904 2550 apertius,
1933 2480 2014 2535 in-

456 2574 575 2646 quit
602 2572 835 2631 Basilius
864 2572 942 2645 (n.
974 2574 1051 2640 4),
1085 2575 1339 2629 orationis
1388 2588 1498 2627 sua:
1532 2572 1733 2627 nudant
1774 2572 2014 2642 proposi-

460 2675 567 2719 tum
593 2683 612 2720 :
643 2665 794 2720 Patri
826 2666 1033 2737 quidem
1082 2667 1370 2730 convenire,
1412 2675 1469 2719 ut
1498 2664 1635 2719 Deus
1668 2665 1759 2728 sit,
1815 2679 1877 2718 ac
1929 2661 2019 2716 Fi-

458 2758 586 2813 lium
617 2758 859 2814 similiter
885 2758 1175 2813 divinitatis
1205 2759 1411 2812 nomine
1447 2757 1697 2812 honorari
1727 2758 2017 2811 assentien-

460 2860 533 2905 tes
558 2868 577 2917 ;
605 2850 863 2920 Spiritum
896 2867 1032 2909 vero.
1061 2852 1149 2921 qui
1188 2866 1293 2903 una
1318 2865 1434 2903 cum
1467 2848 1630 2903 Patre
1657 2859 1706 2903 et
1733 2847 1884 2904 Filio
1919 2865 2017 2903 nu-

458 2945 711 2998 meratur,
759 2936 1050 2990 divinitatis
1099 2936 1306 2989 notione
1358 2935 1569 2988 minime
1609 2933 2013 3003 comprehendi,

456 3025 548 3081 sed
596 3042 627 3079 a
676 3024 836 3080 Patre
872 3028 941 3078 ad
978 3024 1179 3077 Filium
1230 3039 1391 3094 usque
1445 3024 1725 3077 terminata
1769 3023 2016 3078 divinita-

456 3121 526 3173 tis
581 3118 838 3189 potentia,
888 3128 1133 3172 naturam
1165 3116 1394 3186 Spiritus
1439 3131 1472 3168 a
1522 3115 1701 3170 dicina
1727 3114 1897 3187 gloria
1935 3130 2017 3168 se-

455 3227 616 3266 cerni.

2119 635 2384 707 ﬁrmanda
2421 648 2541 691 sunt
2588 643 2656 692 ad
2693 640 2951 710 integram
2979 641 3373 710 persuasionem
3420 643 3673 698 bonorum

2115 736 2165 781 et
2199 727 2267 780 ad
2309 727 2570 781 malorum
2607 731 2984 786 verecundiam.
3024 730 3090 784 Et
3132 746 3245 801 reg.
3280 731 3371 796 80,
3419 747 3539 802 cap.
3578 732 3672 798 22,

2118 816 2209 872 ubi
2253 819 2441 873 statuit
2471 820 2747 888 proprium
2800 837 2923 876 esse
2957 820 3131 877 ﬁdelis
3178 822 3314 875 nihil
3342 838 3410 878 ex
3440 823 3525 878 his
3554 839 3677 894 quae

2118 911 2319 981 scripta
2350 918 2478 965 sunt
2510 912 2733 981 rejicere
2776 913 2975 968 audere
3021 921 3111 967 aut
3139 914 3429 983 quidquam
3459 915 3544 970 his
3570 915 3673 969 ad-

2116 1000 2263 1056 dere.
2301 1001 2527 1065 Etenim,
2554 1004 2727 1073 inquit
2758 1004 3013 1068 Basilius,
3040 1006 3087 1059 si
3118 1020 3267 1059 omne
3295 1006 3435 1074 quod
3466 1021 3570 1058 non
3598 1012 3678 1058 est

2115 1110 2179 1148 ex
2210 1093 2312 1163 ﬁde
2335 1105 2602 1162 peccatum
2640 1104 2738 1156 est.
2771 1104 2829 1150 ut
2859 1096 2933 1150 ait
2962 1095 3338 1166 Apostolus“,
3373 1115 3391 1146 ι
3428 1096 3558 1165 ﬁdes
3581 1111 3678 1148 au-

2118 1196 2217 1241 tem
2257 1203 2321 1242 ea:
2337 1185 2519 1240 auditu
2540 1197 2634 1250 est,
2660 1188 2870 1241 auditus
2887 1199 3058 1242 autem
3092 1202 3182 1255 per
3215 1187 3423 1240 verbum
3441 1186 3537 1241 Dei
3553 1187 3598 1218 ¹¹
3622 1203 3675 1251 ,s

2118 1295 2267 1333 omne
2319 1277 2455 1349 quod
2488 1289 2563 1332 est
2587 1288 2737 1333 extra
2784 1278 3015 1333 divinam
3050 1278 3400 1350 Scripturam,
3454 1295 3570 1332 cum
3614 1291 3681 1330 ea:

2118 1370 2220 1440 ﬁde
2248 1386 2347 1424 non
2380 1371 2469 1431 sit,
2516 1377 2783 1437 peccatum
2806 1378 2903 1423 est.
2937 1369 3080 1424 Idem
3116 1369 3393 1424 Scultetus
3418 1367 3679 1421 nonnulla

2120 1463 2224 1517 alia
2285 1461 2491 1532 colligit
2527 1461 2665 1525 loca,
2713 1462 2765 1514 in
2801 1462 3000 1532 quibus
3029 1462 3281 1517 similiter
3313 1461 3582 1523 sancitur,
3612 1474 3679 1514 ne

2118 1552 2249 1624 quid
2282 1553 2510 1607 addatur
2537 1561 2630 1607 aut
2658 1552 2975 1607 detrahatur
3002 1569 3173 1608 saera:
3204 1550 3516 1622 Scripturae.
3548 1548 3681 1615 Quae

2118 1653 2296 1699 autem
2352 1659 2458 1697 non
2490 1652 2618 1698 sunt
2669 1644 2909 1713 scripta,
2953 1659 3013 1698 ea
3046 1659 3144 1714 pro
3200 1643 3386 1697 liberis
3434 1639 3681 1695 habenda

2118 1733 2394 1791 concludit
2417 1750 2480 1789 ex
2513 1734 2598 1789 his
2635 1734 2819 1789 verbis
2865 1733 2976 1805 (iii)
3011 1751 3024 1786 :
3053 1735 3315 1800 Quoniam
3342 1734 3451 1786 alia
3472 1735 3523 1786 in
3560 1748 3681 1785 san-

2117 1835 2204 1881 cta
2264 1824 2538 1895 Scriptura
2593 1840 2684 1895 per
2748 1823 2962 1878 Domini
3023 1824 3330 1878 mandatum
3405 1822 3681 1876 declarata

2117 1924 2258 1980 sunt,
2291 1914 2399 1970 alia
2431 1914 2634 1969 silentio
2676 1915 3069 1982 praetermissa;
3107 1914 3170 1972 de
3209 1914 3276 1969 iis
3307 1912 3509 1984 quidem
3561 1927 3680 1983 qua!

2117 2012 2310 2073 scripta
2346 2016 2487 2073 sunt,
2528 2007 2659 2061 nulli
2705 2007 2917 2060 omnino
2975 2008 3094 2061 licet
3148 2016 3248 2064 aut.
3274 2004 3473 2075 aliquid
3506 2004 3682 2074 facere

2115 2116 2293 2154 eorum
2335 2115 2450 2171 qum
2481 2100 2638 2154 vetita
2688 2108 2830 2163 sunt,
2860 2109 2952 2152 aut
2985 2097 3182 2169 aliquid
3236 2098 3470 2151 omittere
3497 2112 3679 2151 eorum

2114 2208 2230 2262 qua
2257 2191 2414 2261 jussu
2459 2202 2648 2246 sunt...
2696 2192 2759 2246 de
2797 2191 2862 2244 iis
2896 2206 3014 2245 vero
3060 2204 3176 2259 qua:
3215 2187 3422 2243 silentio
3447 2201 3681 2257 praeter—-

2115 2284 2277 2338 missa
2305 2291 2447 2348 sunt,
2475 2282 2709 2354 regulam
2737 2282 2883 2336 nobis
2913 2281 3135 2336 tradidit
3159 2279 3424 2350 apostolus
3452 2277 3677 2346 Paulus,

2116 2391 2233 2428 cum
2297 2373 2430 2428 dixit
2469 2389 2489 2429 .'
2544 2392 2562 2425 ι
2594 2372 2786 2429 Omnia
2848 2373 2976 2426 mihi
3039 2371 3216 2435 licent,
3275 2369 3363 2425 sed
3409 2386 3511 2424 non
3565 2384 3677 2423 om-

2116 2462 2516 2531 niaexpcdiunt.
2558 2460 2728 2517 Nemo
2776 2461 2913 2532 quod
2953 2476 3105 2514 suum
3146 2470 3221 2534 est
3261 2468 3467 2530 quwrat
3520 2475 3538 2513 :
3587 2458 3677 2512 sed

2115 2553 2249 2625 quod
2289 2554 2511 2607 alterius
2540 2554 2912 2624 unusquisque.
2952 2573 2970 2604 ι
3006 2552 3182 2618 Quare
3222 2567 3425 2606 necesse
3463 2551 3680 2605 omnino

2115 2656 2191 2702 est
2218 2657 2309 2702 aut
2353 2647 2461 2703 Deo
2495 2663 2560 2701 ea:
2583 2648 2697 2718 ejus
2734 2652 2983 2702 mandato
3032 2646 3247 2718 subjici,
3290 2656 3382 2701 an:
3405 2647 3529 2700 aliis
3556 2661 3683 2713 pro-

2118 2749 2233 2808 pter
2281 2739 2590 2793 mandatum
2631 2740 2797 2795 illius.

2186 2847 2397 2906 Inutilis
2438 2863 2571 2903 sane
2600 2847 2825 2904 Sculteti
2864 2849 3016 2905 labor
3039 2849 3092 2903 in
3119 2848 3385 2918 ejusmodi
3425 2850 3678 2905 testimo-

2116 2939 2223 2993 niis
2245 2939 2587 3011 colligendis.
2615 2940 2673 2994 in
2701 2941 2876 3009 primo
2916 2940 3149 2996 Basilius
3194 2949 3385 2995 auctor
3404 2946 3507 3005 est,
3533 2948 3593 2994 ut
3619 2940 3679 2994 in

2116 3031 2455 3088 adhortando
2489 3041 2543 3087 et
2590 3032 2921 3102 increpando
2964 3032 3322 3087 adhibeantur
3383 3032 3685 3103 Scriptura:

2117 3121 2468 3189 testimonia;
2501 3120 2697 3178 deinde
2726 3123 2804 3177 ait
2836 3123 2892 3177 in
2917 3123 3164 3191 sequenti
3185 3122 3382 3192 capite,
3414 3124 3483 3176 iis
3515 3124 3680 3178 etiam

2115 3230 2230 3283 quae
2261 3213 2316 3267 in
2365 3226 2556 3268 natura
2614 3224 2705 3269 aut
2741 3215 3115 3270 consuetudine
3170 3214 3290 3268 vitae
3345 3225 3469 3268 nota
3509 3223 3683 3280 sunt,

524 3323 580 3376 5o
617 3321 737 3388 Quo
767 3329 1007 3391 tempore
1056 3320 1286 3375 Basilius
1320 3320 1385 3375 ad
1417 3319 1758 3376 Euslalhium
1806 3317 2016 3373 Μαικία.
2043 3304 2086 3362 C
2119 3304 2367 3358 utendum
2405 3321 2520 3361 esse
2558 3305 2627 3359 ad
2681 3307 3134 3376 conﬁrmationem
3184 3321 3364 3360 eorum
3390 3321 3507 3374 qua:
3543 3306 3679 3374 ﬁunt

454 3423 600 3469 trum
650 3413 791 3467 hanc
822 3412 1040 3482 scripsit
1092 3410 1395 3482 epistolam,
1427 3412 1713 3466 consilium
1753 3409 2012 3479 suscepit,

456 3502 818 3576 Amphilochii
881 3512 1090 3573 rogatu,
1130 3502 1403 3557 scribendi
1438 3502 1702 3558 adversus
1742 3499 2015 3556 Pneuma-

456 3594 736 3652 tomachos
795 3593 915 3648 libri
971 3592 1043 3647 De
1071 3592 1269 3661 Spiritu
1295 3601 1477 3647 sancto
1526 3608 1544 3646 :
1592 3602 1645 3649 et
1674 3608 1798 3648 cum
1828 3593 1883 3646 in
1913 3591 2015 3645 hoc

455 3699 619 3756 opere
661 3684 1002 3739 traditionem
1058 3691 1167 3737 tam
1201 3687 1398 3738 acriter
1439 3682 1711 3748 defendat,
1763 3697 1922 3738 nemo
1950 3681 2014 3735 il-

456 3778 564 3832 lam
597 3777 651 3832 in
681 3777 909 3847 epistola
940 3774 1193 3845 rejectam
1223 3775 1492 3846 suspicari
1523 3774 1716 3846 possit.
1750 3773 2015 3829 Przeterea

456 3883 580 3925 eum
607 3875 868 3939 provocat
895 3867 958 3922 ad
991 3867 1301 3937 Scripturas
1347 3864 1599 3931 Basilius,
1633 3880 1763 3929 non,
1795 3873 1854 3919 ut
1884 3863 2009 3919 Pro-

456 3967 738 4022 testantes,
767 3974 952 4014 earum
981 3956 1477 4026 interpretationem
1504 3954 1767 4024 cujusque
1786 3953 2015 4008 arbitrio

458 4051 738 4122 permittit.
769 4047 846 4104 Ne
875 4049 975 4117 ipsi
1007 4048 1221 4117 quidem
1250 4045 1733 4102 Pneumatomachi
1753 4044 1892 4097 hanc
1913 4042 2014 4097 sibi

458 4142 733 4196 licentiam
793 4138 1140 4209 arrogabant.
1191 4137 1454 4204 Quamvis
1481 4136 1623 4190 enim
1657 4135 1761 4190 sub
1789 4133 2014 4189 Valente

458 4233 752 4305 plurimum
789 4238 1033 4301 possent,
1086 4230 1212 4300 quia
1251 4238 1434 4284 tamen
1477 4228 1532 4281 in
1572 4226 1815 4282 Ecclesia
1845 4226 2018 4280 domi.

460 4326 580 4378 nari
629 4332 681 4377 et
712 4322 918 4393 plebem
952 4336 1105 4376 suam
1139 4320 1315 4375 facere
1351 4320 1637 4381 volebant,
1687 4320 2018 4386 cogebantur

459 4423 520 4470 nt
557 4414 843 4483 plurimum
876 4427 995 4467 sese
1031 4412 1097 4464 ad
1138 4411 1367 4466 usitatas
1397 4410 1451 4463 in
1491 4408 1731 4464 Ecclesia
1757 4409 2023 4477 interpre-

459 4509 695 4561 tationes
733 4502 1030 4573 Scriptura:
1080 4503 1509 4557 accommodare.
1564 4500 1703 4556 Hinc
1748 4515 1891 4555 anno
1918 4499 2015 4554 57i

460 4614 582 4654 cum
612 4597 868 4653 Basilium
905 4598 1048 4652 malo
1068 4595 1252 4650 animo
1280 4595 1655 4661 observarent,
1680 4594 1744 4649 de
1777 4594 2017 4664 Spiritus

462 4690 637 4745 sancti
720 4689 1003 4744 divinitate
1077 4688 1435 4743 disserentem
1504 4688 1766 4758 patienter
1836 4685 2021 4740 audie-

460 4792 589 4839 runt
625 4783 771 4853 (i3);
815 4791 868 4836 et
908 4797 1030 4836 cum
1060 4780 1320 4853 Spiritum
1358 4781 1674 4836 nominatim
1717 4778 1883 4833 Deum
1911 4792 2017 4832 non

462 4875 788 4945 appellasset
810 4913 824 4934 ,
858 4872 981 4927 belli
1003 4872 1052 4927 ei
1096 4872 1364 4928 inferendi
1393 4885 1613 4926 causam
1650 4871 1889 4941 arripere
1907 4884 2018 4923 non

463 4964 766 5019 valuerunt.
814 4963 973 5017 Anno
1018 4972 1201 5019 autem
1243 4963 1348 5018 57s
1379 4962 1480 5018 hoc
1506 4970 1719 5018 tantum
1758 4963 1813 5017 in
1843 4976 1908 5018 eo
1938 4975 2024 5015 re-

464 5053 893 5123 prehenderunt,
918 5053 1060 5124 quod
1121 5050 1382 5123 Spiritum
1426 5068 1549 5108 cum
1592 5051 1752 5109 Patre
1798 5061 1853 5108 et
1880 5049 2024 5106 Filio

465 5144 793 5213 glorificaret
815 5146 927 5218 (Η)
958 5161 972 5199 :
1005 5140 1202 5200 caetera
1227 5161 1334 5201 non
1363 5145 1479 5201 ausi
1510 5154 1636 5202 sunt
1659 5144 1978 5215 improbare.

536 5257 624 5315 iV.
669 5258 853 5314 Utitur
877 5258 1037 5315 etiam
1076 5255 1351 5313 Scultetus
1380 5257 1567 5327 regula
1611 5256 1802 5313 morali
1844 5257 2020 5312 sancti

466 5350 652 5406 Basilii
700 5349 791 5417 26.
845 5365 966 5422 cap.
1019 5351 1071 5410 Ι.
1121 5348 1213 5404 ubi
1269 5348 1349 5404 sic
1405 5348 1681 5404 habetur:
1716 5346 1868 5414 Quod
1903 5363 2022 5401 ver-

537 5527 581 5560 “
609 5524 767 5580 Rom.
805 5540 915 5589 xiv,
948 5524 1039 5580 25.
1117 5525 1160 5557 ¹²
1199 5523 1352 5579 ιὶοῐη.
1384 5540 1441 5592 x,
1482 5524 1573 5580 i7.

535 5658 646 5731 (i2)
686 5658 805 5731 Lib.
846 5658 924 5713 De
966 5659 1106 5731 Spir,
1133 5675 1183 5715 c.
1230 5660 1281 5727 Ι,
1310 5675 1366 5715 n.
1398 5661 1452 5727 5,
1478 5670 1530 5717 et
1558 5675 1609 5715 c.
1637 5658 1729 5727 27,
1761 5676 1817 5717 n.
1845 5660 1937 5729 65,
1972 5671 2024 5718 et

467 5744 521 5788 ο.
549 5729 639 5793 29,
668 5746 723 5785 n.
759 5730 845 5786 75.

540 5801 647 5872 US;
689 5802 836 5868 Nam,
860 5816 941 5857 or.
972 5799 1063 5864 20,
1093 5818 1142 5872 p.
1170 5800 1291 5855 361.

2117 3405 2210 3451 aut
2254 3397 2520 3453 dicuntur.
2571 3398 2707 3465 Quis
2770 3399 2895 3454 inde
2944 3399 3098 3469 sequi
3136 3399 3480 3469 suspicetur,
3511 3413 3687 3469 penes

2119 3487 2458 3560 Scripturam
2492 3490 2661 3544 solam
2708 3489 2995 3544 arbitrium
3036 3504 3159 3545 esse
3185 3500 3239 3544 et
3267 3491 3511 3545 nor'mam
3540 3488 3679 3542 diri-

2118 3579 2441 3635 mendarum
2469 3580 2985 3647 controversiarum,
3017 3595 3118 3635 nec
3145 3580 3290 3635 verbi
3314 3579 3503 3642 divini,
3532 3579 3682 3649 quod

2117 3671 2185 3727 ab
2216 3671 2478 3742 apostolis
2540 3672 2659 3726 viva
2701 3686 2835 3727 voce
2882 3672 3232 3742 praedicatum
3283 3679 3396 3726 tota
3438 3669 3687 3726 Ecclesia

2117 3764 2373 3829 custodit,
2395 3764 2698 3819 habendam
2718 3779 2840 3820 esse
2855 3763 3159 3820 rationem?

2186 3898 2321 3955 Cum
2378 3907 2521 3954 vetat
2559 3898 2791 3954 Basilius
2836 3916 2903 3955 ne
2929 3898 3059 3969 quid
3107 3896 3335 3953 addatur
3383 3897 3691 3967 Scriptura?

2117 3997 2210 4043 aut
2253 3990 2576 4045 detrahatur
2601 4031 2616 4057 ,
2660 4005 2998 4060 nequaquam
3033 3989 3274 4045 excludit
3309 3988 3682 4049 traditionem.

2116 4080 2283 4136 Docet
2312 4082 2454 4136 enim
2487 4080 2596 4152 (l6)
2630 4080 2934 4136 adhibenda
2961 4096 3084 4137 esse
3119 4082 3173 4136 in
3203 4081 3516 4138 refellendis
3571 4080 3687 4137 hae-

2118 4171 2304 4226 reticis
2328 4186 2391 4225 ea
2423 4173 2641 4226 nomina
2672 4182 2725 4228 et
2775 4173 2960 4236 verba,
3004 4190 3119 4243 qua:
3148 4175 3274 4242 ipsis
3307 4173 3515 4242 quidem
3541 4173 3693 4229 litter-

2119 4261 2192 4315 ris
2217 4270 2265 4313 et
2288 4260 2506 4331 syllabis
2548 4262 2601 4315 in
2650 4260 2926 4333 Scriptura
2982 4262 3157 4316 divina
3198 4280 3299 4316 non
3331 4265 3687 4332 reperiuntur,

2119 4351 2208 4407 sed
2240 4362 2410 4406 tamen
2437 4369 2552 4407 eam
2596 4370 2754 4424 quant
2789 4353 3001 4423 pra'fert
3048 4354 3327 4421 Scriptura
3364 4357 3688 4409 sententiam

2120 4453 2345 4499 servant.
2389 4444 2519 4511 Qua:
2568 4462 2687 4499 vero
2729 4454 2918 4515 prwter
2957 4445 3202 4500 dictionis
3252 4446 3533 4501 novitatem
3583 4463 3688 4501 no-

2122 4554 2241 4592 vum
2286 4538 2444 4591 etiam
2492 4554 2699 4592 sensum
2759 4549 2806 4593 et
2831 4540 3157 4609 peregrinum
3205 4539 3352 4593 nobis
3400 4539 3684 4602 exhibent,

2052 4640 2100 4698 ι)
2122 4644 2334 4699 quaeque
2366 4643 2470 4681 non
2524 4630 2859 4683 inveniuntur
2882 4638 3137 4698 usurpata
3178 4646 3211 4684 a
3248 4632 3468 4693 sanctis,
3497 4646 3559 4685 ea
3605 4631 3694 4684 uti

2124 4719 2394 4788 peregrina
2429 4729 2481 4773 et
2528 4735 2561 4772 a
2600 4721 2687 4789 pia
2710 4720 2813 4789 ﬁde
2859 4721 3035 4776 aliena
3067 4722 3308 4777 aversari
3339 4737 3399 4777 se
3422 4722 3686 4777 declarat.

2125 4807 2487 4865 Traditionem
2510 4825 2640 4881 ergo
2668 4810 2898 4867 Basilius
2919 4829 3025 4868 non
3042 4813 3299 4869 dissociat
3327 4828 3357 4866 a
3381 4813 3692 4883 Scriptura,

2128 4899 2224 4955 sed
2257 4916 2381 4970 qua:
2396 4899 2693 4957 traditione
2728 4904 3000 4969 nituntur,
3042 4913 3097 4960 et
3129 4918 3159 4958 a
3194 4905 3399 4961 sanctis
3428 4912 3689 4974 usurpata

2125 4998 2272 5053 sunt,
2305 5006 2369 5046 ea
2400 5002 2559 5063 negat
2601 4995 2883 5065 peregrina
2929 5005 2983 5051 et
3009 5011 3037 5050 a
3073 4995 3179 5051 fide
3218 4995 3417 5059 aliena,
3472 4994 3691 5050 etiamsi

2126 5081 2446 5136 nominatim
2481 5099 2590 5153 non
2643 5084 2889 5156 legantur
2929 5086 2984 5141 in
3021 5085 3339 5157 Scripturis.
3367 5085 3502 5140 iiinc
3526 5088 3693 5153 inte-

2127 5173 2405 5239 stimonio,
2459 5176 2601 5246 quod
2636 5176 3014 5250 depromptum
3065 5188 3152 5236 est
3180 5196 3247 5235 ex
3282 5195 3394 5250 reg.
3422 5194 3559 5233 mor.
3595 5179 3690 5247 80,

2128 5264 2350 5319 verbum
2383 5263 2649 5332 divinum,
2679 5269 2793 5324 sive
2824 5269 3087 5341 scriptum
3134 5272 3227 5336 sit,
3257 5272 3372 5328 sive
3398 5285 3532 5326 voce
3556 5285 3692 5340 pra:-

2128 5355 2385 5424 dicatum,
2416 5359 2566 5414 nullo
2589 5360 2747 5416 habet
2770 5361 3101 5419 discrimine.
3131 5362 3330 5420 Probat
3354 5364 3521 5431 enim,
3539 5361 3671 5434 quid

2201 5664 2310 5735 (14)
2339 5663 2458 5735 hic.
2495 5662 2571 5718 De
2607 5662 2773 5732 Spir.,
2810 5679 2928 5734 cap.
2967 5667 3021 5729 i,
3052 5682 3106 5720 η.
3142 5666 3199 5723 3.

2226 5733 2310 5806 i5)
2349 5733 2481 5806 Beg.
2514 5735 2661 5806 brev.
2694 5735 2745 5799 i,
2768 5733 2966 5806 p.564.

2216 5803 2307 5875 illi)
2348 5803 2499 5860 Toin.
2527 5804 2590 5871 li,
2621 5819 2743 5876 pag.
2770 5803 2876 5859 224
2913 5814 2964 5861 et
2988 5805 3112 5860 225.
