3908 6568
441 387 501 448 51
1815 383 1972 438 ΡΒᾸΞ

2087 382 2200 438 ΙΊΟ.
3586 391 3654 446 52

439 518 734 589 sponsum,
771 503 933 557 ducta
967 501 1374 587 comparatione
1406 516 1470 557 ex
1519 501 1606 571 his
1658 516 1778 572 quae
1811 501 1866 556 in
1907 517 1977 557 sa-

2102 499 2619 572 πεπληροφορησθαι
2653 498 2761 552 πᾶν
2799 498 2948 569 ῥῆμα
2991 496 3125 551 Θεοῦ
3166 498 3361 569 ἀληθὲς
3393 493 3528 554 εἶναι
3561 505 3658 556 καὶ

434 579 749 653 cerdotibus
785 595 1001 650 .veteris
1063 579 1197 666 legis
1250 594 1686 664 requirebantur.
1743 593 1880 647 Tum
1926 593 1994 648 de

434 686 814 744 sacerdotibus
859 701 1010 741 nova!
1043 687 1176 756 legis
1225 686 1305 741 sic
1347 688 1636 742 statuitur:
1694 686 1750 740 Ὁ
1792 685 1849 738 δὲ
1882 686 1993 738 Κύ-

435 797 551 850 ριος
599 779 792 848 λέγων,
818 776 1025 840 Μεῖζον
1055 778 1158 832 τοῦ
1191 777 1349 846 ἱεροῦ
1383 772 1498 831 ὧδε
1519 817 1534 843 ,
1574 776 1812 831 παιδεύει
1844 779 1994 848 ἡμᾶς

430 873 512 924 ὅτι
539 869 790 925 τοσοῦτον
817 870 1176 940 ἀσεϐέστερος
1204 871 1350 923 ἐστιν
1382 870 1412 922 ὁ
1442 868 1653 940 τολμῶν
1693 869 1990 941 ἱερατεύειν

428 961 494 1016 τὸ
521 961 677 1032 σῶμα
711 960 803 1014 τοῦ
855 959 1056 1031 Κυρίου
1085 952 1179 1012 τοῦ
1213 959 1391 1022 δόντος
1431 960 1618 1012 ἑαυτὸν
1657 959 1797 1030 ὑπὲρ
1835 959 1990 1031 ἡμῶν

429 1049 744 1122 προσφορὰν
780 1051 872 1102 καὶ
911 1048 1097 1102 θυσίαν
1138 1047 1216 1118 τῷ
1256 1047 1375 1117 Θεῷ
1404 1049 1484 1111 είς
1527 1047 1704 1119 ὀσμὴν
1742 1047 1985 1110 εὐωδίας,

429 1143 552 1196 ὅσον
588 1143 647 1195 τὸ
679 1142 836 1209 σῶμα
875 1140 969 1194 τοῦ
1009 1132 1325 1209 μονογενοῦς
1369 1139 1499 1192 Υίοῦ
1533 1137 1627 1192 τοῦ
1662 1138 1795 1192 Θεοῦ
1831 1139 1990 1210 ὑπερρ

428 1229 540 1298 ἑχει
563 1227 728 1299 κριῶν
774 1227 866 1279 καὶ
892 1225 1134 1294 ταύρωντ
1183 1225 1281 1277 οὐκ
1315 1224 1379 1277 ἐκ
1413 1224 1776 1295 συγκρίσεως,
1816 1223 1986 1291 ἀσύγ-

429 1336 611 1390 κριτος
643 1317 753 1390 γὰρ
799 1320 832 1388 ἡ
885 1318 1146 1388 ὑπεροχή·
1189 1316 1442 1370 Dominus
1469 1326 1640 1370 autem
1669 1333 1784 1369 cum
1824 1317 1986 1371 dicit:

433 1430 450 1462 ι
467 1409 677 1476 Templa
706 1408 881 1476 majus
904 1408 987 1461 hic
1022 1417 1099 1460 est
1122 1408 1220 1468 ",s
1245 1423 1338 1461 nos
1360 1407 1505 1461 docet
1537 1416 1682 1461 tanta
1699 1407 1864 1476 magis
1887 1407 1988 1459 im-

426 1503 568 1570 pium
595 1517 704 1554 esse
731 1517 879 1563 eum,
911 1501 1000 1569 qui
1034 1498 1188 1553 audet
1221 1500 1523 1567 sacriﬁcare
1559 1515 1745 1568 corpus
1773 1498 1986 1551 Domini

424 1581 514 1661 qui
540 1591 681 1645 dedit
727 1605 822 1658 pro
863 1590 1013 1645 nobis
1059 1591 1288 1658 seipsum
1325 1589 1432 1642 Deo
1462 1589 1775 1644 oblationem
1803 1598 1851 1642 et
1887 1589 1982 1640 ho-

423 1683 582 1736 stiam
621 1682 673 1734 in
708 1682 917 1734 odorem
949 1682 1225 1734 suavitatis
1262 1681 1325 1743 l',
1356 1689 1550 1749 quanto
1582 1696 1766 1748 corpus
1799 1680 1982 1749 unige-

424 1775 522 1826 niti
554 1771 685 1826 Filii
714 1772 808 1828 Dei
847 1772 1179 1826 excellentius
1231 1781 1309 1826 est
1368 1771 1618 1825 arietibus
1668 1787 1730 1824 ac
1773 1771 1980 1823 tauris:

2099 592 2322 647 δυνατὸν
2342 633 2356 657 ,
2388 591 2490 645 κᾶν
2523 593 2556 660 ἡ
2587 589 2746 660 φύσις
2778 590 3049 660 μάχηται·
3082 589 3312 644 ἐνταῦθα
3340 591 3449 662 γὰρ
3487 592 3582 646 καὶ
3625 595 3658 648 6

2099 683 2245 752 ἁγὼν
2296 683 2393 753 τῆς
2446 682 2699 744 πίστεως·
2753 680 2903 747 Quod
2943 696 3046 734 non
3077 690 3274 749 oportet
3305 681 3562 752 ambigere
3603 694 3655 738 et

2097 777 2344 832 dubitare
2382 776 2444 831 de
2467 777 2533 830 iis
2562 792 2677 846 qua:
2699 793 2732 828 a
2761 774 2984 829 Domino
3005 773 3291 832 dicuntur:
3318 775 3408 830 sed
3435 791 3654 844 persua-

2096 870 2207 923 deri
2236 885 2386 922 omne
2416 867 2510 921 Dei
2555 867 2760 921 verbum
2805 882 2979 920 verum
3007 881 3118 919 esse
3147 881 3208 919 ac
3238 865 3483 934 possibile
3506 905 3522 931 ,
3552 868 3652 921 etsi

2096 969 2298 1014 natura
2326 967 2574 1029 repugnat
2600 975 2619 1022 ;
2651 957 2734 1011 hic
2755 958 2890 1011 enim
2922 958 3082 1012 situm
3109 967 3186 1015 est
3218 957 3341 1028 ﬁdei
3365 967 3648 1014 certamen.

2095 1050 2177 1104 Ad
2226 1051 2366 1104 hanc
2396 1049 2636 1119 regulam
2675 1047 3132 1118 comprobandam
3178 1047 3319 1103 inter
3347 1049 3452 1102 alia
3483 1048 3652 1104 refert

2093 1142 2259 1195 illud:
2296 1140 2597 1209 Litigabant
2632 1157 2752 1210 ergo
2783 1138 2962 1197 Judwi
2999 1139 3065 1194 ad
3097 1141 3314 1198 invicem
3341 1181 3357 1208 ,
3385 1141 3652 1197 dicentes:

2096 1231 2374 1298 Quomodo
2410 1232 2492 1284 hic
2546 1239 2714 1300 potest
2750 1232 2896 1286 nobis
2933 1230 3061 1286 dare
3089 1249 3298 1290 carnem
3330 1233 3398 1286 ad
3425 1233 3652 1288 mandu-

2093 1323 2372 1378 candum?
2418 1321 2567 1375 Dixit
2619 1338 2738 1392 ergo
2779 1323 2887 1378 eis:
2921 1322 3084 1377 Amen
3139 1341 3289 1382 amen
3319 1324 3438 1378 dico
3474 1327 3648 1379 vobis:

2094 1413 2220 1469 Nisi
2240 1413 2676 1468 manducaveritis
2694 1428 2902 1466 carnem
2927 1410 3058 1469 Filii
3081 1414 3328 1478 hominis,
3345 1423 3395 1468 et
3417 1414 3649 1470 biberitis

2091 1505 2208 1574 ejus
2236 1505 2540 1574 sanguinem
2561 1543 2576 1567 ,
2613 1519 2715 1557 non
2745 1501 2945 1556 habetis
2974 1503 3134 1556 vitam
3167 1506 3223 1560 in
3247 1505 3389 1560 vobis
3411 1506 3472 1562 ¹⁹.

2162 1597 2417 1652 Pluribus
2463 1597 2515 1651 in
2561 1597 2694 1652 locis
2736 1603 3028 1666 pertractat
3060 1595 3292 1652 Basilius
3325 1597 3392 1652 de
3444 1598 3648 1668 optima

2090 1689 2530 1744 communicandi
2565 1690 2808 1753 ratione,
2841 1701 3002 1756 quam
3049 1689 3106 1742 in
3150 1703 3216 1744 eo
3257 1689 3490 1758 positam
3524 1706 3648 1745 esse

2091 1781 2284 1843 docet,
2310 1788 2369 1834 ut
2395 1795 2516 1834 cum
2552 1787 2703 1835 certo
2732 1780 3018 1835 credamus
3051 1781 3329 1835 Christum
3362 1796 3461 1850 pro
3487 1782 3647 1837 nobis

421 1864 561 1934 quod
593 1865 790 1918 dictum
819 1866 887 1918 sit
919 1866 1032 1918 sine
1077 1865 1467 1933 comparatione
1493 1902 1508 1926 ,
1550 1861 1982 1929 incomparabilis
2015 1860 2056 1914 B
2089 1869 2406 1923 cruciﬁxum
2456 1884 2578 1925 esse
2613 1908 2627 1930 ,
2672 1869 2898 1939 ejusque
2950 1884 3166 1924 carnem
3215 1879 3268 1924 et
3326 1872 3645 1940 sanguinem

421 1959 558 2019 enim
590 1967 668 2011 est
710 1958 1036 2011 excellentia.
1081 1956 1170 2010 Sic
1217 1957 1378 2011 etiam
1413 1956 1468 2010 in
1511 1956 1684 2025 capite
1723 1954 1886 2009 tertio
1913 1968 1978 2008 ex

422 2063 582 2118 poma
617 2048 685 2103 iis
730 2049 785 2102 in
843 2050 958 2120 lege
1009 2048 1259 2118 imposita
1289 2087 1304 2108 .
1349 2047 1441 2116 qui
1491 2056 1679 2102 sancta
1717 2044 1980 2099 immundi

421 2150 644 2212 tangere
663 2141 954 2208 audebant,
990 2141 1420 2203 demonstratur,
1453 2148 1714 2209 quantum
1747 2137 1819 2194 sit
1859 2151 1979 2193 sce-

419 2232 506 2286 lus
560 2245 789 2300 corpore
846 2229 1056 2284 Domini
1132 2229 1352 2298 indigne
1404 2229 1598 2283 vesci:
1666 2225 1816 2297 Ὀσῳ
1873 2225 1980 2297 γὰρ

419 2320 600 2373 πλεῖον
642 2319 734 2373 τοῦ
772 2320 916 2390 ἱεροῦ
962 2313 1085 2384 ὧδε,
1123 2318 1262 2372 κατὰ
1293 2318 1392 2388 τὴν
1420 2317 1512 2370 τοῦ
1537 2318 1741 2388 Κυρίου
1776 2316 1978 2385 φωνὴν,

417 2410 655 2484 τοσούτῳ
682 2411 980 2482 δεινότερον
1006 2411 1099 2464 καὶ
1123 2409 1490 2481 φοϐερώτερον
1527 2410 1586 2460 τὸ
1631 2410 1688 2460 ὲν
1723 2407 1979 2478 μολυσμῷ

416 2505 594 2576 ψυχῆς
621 2507 890 2577 τολμῆσαι
923 2505 1162 2574 liti/ualidi
1188 2505 1280 2558 τοῦ
1312 2507 1561 2574 σώματος
1593 2501 1685 2554 τοῦ
1720 2500 1975 2572 Χριστοῦ,

419 2595 569 2666 παρὰ
601 2597 661 2648 τὸ
691 2596 929 2665 ἅψασθαι
971 2597 1138 2668 κριῶν
1175 2596 1207 2665 ἢ
1237 2594 1449 2664 ταύρων
1469 2635 1483 2658 ,
1512 2593 1602 2646 τοῦ
1658 2592 1977 2646 Ἀποστόλου

416 2689 692 2752 εἰπόντος·
730 2691 905 2745 Ὥστε
935 2689 1002 2755 ὃς
1033 2687 1328 2757 ἂνὲσθίῃ,
1385 2696 1490 2743 etc.
1531 2705 1542 2739 :
1587 2687 1792 2752 Quanto
1839 2687 1976 2740 enim

415 2781 532 2847 plus
582 2782 772 2850 templo
820 2781 932 2835 illic
972 2790 1077 2842 est,
1117 2781 1280 2850 juxta
1314 2779 1528 2832 Domini
1573 2795 1775 2840 uocem,
1828 2787 1975 2832 tanto

415 2875 626 2943 gravius
646 2883 723 2927 est
756 2882 804 2927 et
833 2872 1224 2942 formidabilius
1263 2871 1316 2927 in
1364 2872 1554 2928 animo;
1586 2871 1975 2940 inquinamento

415 2963 607 3025 audere
658 2973 866 3033 tangere
916 2977 1102 3030 corpus
1161 2960 1396 3025 Christi,
1454 2977 1606 3030 quam
1652 2961 1836 3012 arietes
1885 2968 1975 3016 aut

417 3066 596 3112 tauros
653 3064 914 3123 tangere;
974 3069 1088 3106 cum
1147 3052 1426 3120 Apostolus
1484 3051 1666 3129 dicat,
1733 3068 1750 3100 ι
1789 3049 1975 3117 Itaque

413 3150 701 3218 quicunque
733 3145 1126 3198 manducauerit
1158 3146 1222 3204 ‘7,
1252 3164 1268 3194 ι
1322 3152 1428 3199 etc.
1470 3142 1614 3196 Nihil
1646 3157 1776 3197 sane
1813 3142 1865 3199 in
1889 3143 1974 3196 his

411 3245 590 3301 exstat
613 3237 959 3296 testimoniis,
989 3236 1134 3304 quod
1166 3235 1311 3289 eludi
1335 3235 1418 3288 vel
1443 3233 1750 3303 detorqueri
1782 3233 1970 3302 possit.

414 3327 772 3388 Sacrilicatur
821 3335 874 3384 et
922 3336 1276 3398 consecratur
1307 3341 1504 3395 corpus
1530 3325 1730 3380 Christi
1764 3342 1777 3373 :
1821 3324 1976 3378 Chri-

411 3425 531 3489 stus
572 3433 810 3488 praesens
855 3417 1009 3472 adest
1039 3417 1093 3470 in
1140 3417 1332 3481 altari,
1374 3434 1392 3466 ι
1425 3414 1636 3484 Templa
1685 3415 1857 3483 major
1894 3414 1977 3466 hic

409 3519 509 3574 est.
543 3528 561 3560 ι
613 3509 747 3562 Illud
785 3508 1082 3567 discrimen
1133 3509 1390 3564 statuitur
1436 3507 1579 3561 inter
1631 3510 1869 3572 antiquae
1923 3513 1976 3560 et

412 3615 565 3656 nova:
600 3599 732 3670 legis
769 3597 1061 3656 sacriﬁcia.
1091 3597 1236 3667 quod
1268 3597 1324 3652 in
1347 3597 1538 3666 primis
1569 3597 1724 3650 vituli
1750 3604 1804 3651 et
1835 3597 1975 3650 tauri

411 3692 580 3752 occisi
617 3691 850 3752 fuerint,
875 3690 928 3743 in
968 3692 1181 3744 nostris.
1199 3704 1399 3758 corpus
1427 3686 1629 3754 Christi
1670 3689 1928 3742 olieratnr
1958 3707 1969 3740 :

410 3784 710 3847 discrimen
734 3799 868 3844 sane
900 3781 1358 3841 commentitium.
1389 3782 1435 3836 si
1467 3780 1794 3848 sacriﬁcium
1827 3796 1976 3834 nova:

411 3873 544 3943 legis
590 3889 789 3942 corpus
822 3873 1067 3930 absentis
1097 3871 1301 3932 Christi
1337 3879 1724 3947 repraesentet;
1777 3871 1975 3942 quippe

409 3979 534 4027 cum
589 3965 729 4018 idem
790 3965 1142 4034 praestiterint
1218 3965 1489 4026 sacriﬁcia
1549 3965 1747 4018 veteris
1803 3962 1970 4030 legis;

412 4055 574 4123 idque
601 4070 666 4109 eo
698 4057 878 4124 aptius
923 4063 977 4108 et
1028 4055 1422 4126 significantius
1451 4095 1464 4116 ,
1516 4069 1626 4123 quo
1658 4052 1834 4107 caedes
1874 4054 1973 4104 ali-

409 4145 569 4213 cujus
601 4146 854 4215 animalis
879 4147 1058 4218 aptior
1091 4147 1156 4200 ad
1181 4153 1413 4210 mortem
1439 4143 1640 4198 Christi
1675 4159 1974 4213 repraesen-

407 4233 651 4307 tandam,
688 4251 850 4304 quam
884 4219 969 4290 res
1005 4235 1277 4297 inanimm.
1312 4235 1468 4304 panis
1502 4244 1556 4289 et
1586 4237 1792 4303 vinum.

479 4366 676 4420 Eadem
710 4367 980 4421 sententia
1031 4369 1382 4436 paucioribus
1409 4369 1590 4425 verbis
1619 4371 1875 4425 statuitur
1916 4370 1970 4424 in

407 4456 618 4527 Regalis
653 4458 997 4513 brevioribus.
1036 4457 1096 4513 Si
1126 4462 1240 4531 quis
1287 4470 1459 4514 autem
1483 4504 1498 4528 ,
1531 4463 1706 4535 inquit
1739 4462 1971 4517 Basilius

408 4551 666 4620 interrog.
693 4553 831 4613 509.
870 4568 987 4604 cum
1036 4553 1090 4605 in
1128 4553 1464 4608 immunditia
1505 4557 1612 4617 sit,
1662 4557 1873 4608 accedat
1903 4554 1970 4606 ad
2003 4563 2045 4614 l)

403 4651 622 4714 sancta;
656 4644 816 4711 etiam
857 4658 920 4696 ea:
962 4643 1132 4697 Veteri
1173 4644 1502 4700 Testamento
1554 4647 1783 4701 terribile
1829 4648 1972 4701 illius

403 4712 655 4792 discimus
684 4733 968 4802 judicium.
1002 4734 1153 4798 Quod
1198 4737 1243 4793 εἱ
1291 4737 1516 4805 amplius
1548 4737 1731 4806 templo
1761 4738 1841 4792 hic
1872 4749 1969 4801 est,

401 4838 496 4878 nos
533 4823 710 4889 utique
745 4823 897 4877 modo
932 4828 1098 4895 magis
1126 4826 1470 4894 formidanda
1519 4829 1719 4892 docebit
1745 4830 1971 4898 Aposto-

401 4910 507 4974 lus,
537 4916 627 4983 qui
653 4915 832 4968 dixit:
879 4934 896 4966 ι
920 4917 1024 4982 Qui
1053 4919 1342 4972 manducat
1374 4930 1422 4973 et
1461 4919 1590 4974 bibit
1616 4921 1854 4992 indigne,
1880 4923 1972 4991 ju-

401 5004 593 5068 dicium
622 5007 724 5073 sibi
750 5009 1034 5074 manducat
1062 5019 1110 5063 et
1138 5011 1264 5064 bibit
1300 5013 1360 5064 '3.
1387 5032 1408 5064 ι

474 5143 537 5194 Il.
570 5143 806 5214 Basilius
835 5153 979 5213 inter
1008 5164 1091 5209 ea,
1117 5163 1237 5218 qua:
1261 5157 1412 5204 certo
1437 5151 1658 5213 credere
1680 5153 1962 5218 debemus,

399 5237 613 5298 etiamsi
662 5248 926 5314 repugnet
978 5250 1172 5301 natura
1201 5283 1216 5307 ,
1264 5245 1656 5313 eucharistiam
1696 5257 1964 5308 numerat.

399 5325 553 5395 llanc
604 5330 748 5384 enim
807 5333 863 5387 in
910 5332 1196 5388 Moralium
1247 5337 1388 5391 libro
1431 5337 1694 5395 habemus
1726 5341 1967 5414 regulam

398 5422 536 5492 (reg.
567 5423 620 5487 8,
653 5439 706 5492 p.
741 5425 1029 5495 240);Ὂτι
1060 5429 1118 5480 ού
1151 5428 1230 5481 δεῖ
1259 5429 1649 5502 διακρίνεσθαι,
1672 5431 1764 5485 καὶ
1790 5432 1969 5494 διστά-

2088 1957 2247 2011 nobis
2282 1957 2478 2026 apponi
2505 1999 2520 2023 ,
2563 1957 2664 2011 hac
2699 1959 2846 2014 illius
2874 1958 3147 2028 passionis
3173 1959 3552 2028 recordatione
3574 1960 3645 2019 ad

2086 2064 2208 2101 eum
2262 2049 2548 2102 amandum
2603 2049 2983 2104 accendamur.
3037 2048 3128 2104 Sic
3168 2049 3226 2104 in
3279 2027 3465 2120 regula
3521 2051 3644 2106 bre-

2087 2143 2236 2193 viore
2272 2139 2373 2192 172
2408 2140 2522 2194 haec
2563 2141 2869 2194 instituitur
2902 2143 3130 2211 quaestio
3154 2183 3168 2206 ,
3205 2143 3438 2213 Ποταπῷ
3471 2143 3642 2215 φόϐῳ,

2085 2235 2118 2305 ἢ
2155 2237 2282 2307 ποίᾳ
2325 2236 2696 2309 πληροφορίᾳ,
2734 2237 2767 2308 ἢ
2812 2238 2940 2309 ποίᾳ
2977 2239 3212 2293 διαθέσει
3254 2241 3646 2313 μεταλάϐωμεν

2083 2328 2176 2380 τοῦ
2225 2327 2472 2398 σώματος
2510 2329 2604 2382 κα)⁸
2637 2329 2727 2381 τοῦ
2772 2331 3000 2401 αἵματος
3037 2330 3129 2383 τοῦ
3176 2331 3412 2401 Χριστοῦ
3443 2349 3456 2397 ;
3483 2332 3646 2398 Quali

2084 2435 2202 2471 cum
2253 2420 2472 2483 timore,
2525 2429 2620 2472 aut
2666 2438 2769 2490 qua
2805 2423 2971 2476 animi
3008 2424 3377 2491 persuasione,
3422 2434 3514 2476 aut
3539 2441 3646 2494 qua

2085 2509 2277 2576 a/fectu
2305 2510 2584 2578 participes
2629 2511 2793 2564 simus
2828 2515 3058 2580 corporis
3092 2522 3140 2566 et
3177 2514 3451 2583 sanguinis
3482 2513 3643 2568 Chrin

2082 2601 2151 2653 sti
2170 2602 2194 2654 ?
2222 2600 2557 2670 Argumento
2584 2609 2667 2656 est
2701 2601 2965 2671 ejusmodi
2997 2604 3351 2674 interrogatio
3386 2619 3642 2675 magnum

2081 2691 2298 2759 aliquod
2344 2693 2428 2762 agi
2469 2693 2791 2762 mysterium
2820 2733 2834 2757 ,
2871 2695 3016 2765 quod
3069 2704 3355 2750 tremorem
3399 2695 3644 2752 incutere

2081 2780 2292 2844 debeat,
2327 2797 2687 2852 magnamque
2721 2783 2878 2838 [idem
2911 2799 2974 2838 ac
3003 2785 3344 2839 sanctitatem
3373 2786 3637 2854 postulet.

2150 2913 2558 2985 lnterrogationi
2624 2916 2738 2970 haec
2792 2917 3079 2986 subjicitur
3133 2917 3473 2986 responsio:
3537 2918 3643 2971 Τὸν

2082 3006 2178 3076 μὲν
2223 3007 2382 3074 φόϐον
2414 3007 2648 3061 διδάσκει
2695 3009 2838 3078 ἡμᾶς
2884 3011 2912 3061 ὁ
2943 3006 3257 3071 Ἀπόστολος
3282 3047 3296 3069 ,
3339 3007 3535 3076 λέγων·
3574 3008 3640 3064 Ὁ

2076 3096 2292 3150 ἐσθίων
2320 3097 2416 3152 καὶ
2436 3099 2624 3152 πίνων
2644 3099 2900 3164 ἀναξίως
2920 3100 3094 3168 κρῖμα
3115 3099 3304 3164 ἐαυτῷ
3329 3100 3510 3153 ἐσθίει
3540 3099 3643 3153 καὶ

2002 3212 2044 3269 c
2078 3188 2264 3240 πίνειρ
2307 3188 2405 3260 τὴν
2453 3188 2507 3241 δὲ
2561 3189 2927 3261 πληροφορίαν
2962 3193 3177 3261 ἐμποιεῖ
3220 3194 3252 3262 ἡ
3304 3192 3485 3254 πίστις
3528 3191 3642 3243 τῶν

2078 3280 2333 3349 ῥημάτων
2363 3279 2455 3332 τοῦ
2484 3282 2685 3350 Κυρίου
2713 3282 2973 3346 εἰπόντος·
3016 3283 3193 3336 Τοῦτο
3220 3284 3349 3337 ἐστι
3378 3281 3642 3350 τὰσῶμά

2071 3390 2210 3439 μου,
2254 3371 2319 3424 τὸ
2357 3374 2509 3442 ὑπὲρ
2538 3373 2704 3442 ὑμῶν
2735 3373 3064 3443 διδόμεν-ον’
3097 3375 3272 3429 τοῦτο
3305 3374 3520 3428 ποιεῖτε
3551 3377 3639 3440 εις

2075 3463 2358 3533 τὴνὲμὴν
2383 3465 2743 3535 ἀνάμνησιν,
2775 3475 2881 3523 etc.
2911 3488 2922 3522 ι
2956 3469 3215 3524 Timorem
3249 3468 3456 3538 quidem
3491 3465 3639 3521 docet

2078 3571 2171 3608 nos
2220 3556 2502 3625 Apostolus
2529 3596 2542 3620 ,
2579 3574 2697 3611 cum
2749 3559 2861 3612 ait:
2913 3577 2932 3609 ι
2958 3560 3064 3626 Qui
3101 3560 3386 3614 manducat
3425 3569 3474 3614 et
3509 3560 3638 3613 bibit

2077 3647 2314 3717 indigne,
2347 3648 2607 3717 judicium
2640 3651 2739 3703 sibi
2769 3651 3054 3707 manducat
3082 3661 3130 3706 et
3173 3654 3299 3706 bibit
3325 3654 3370 3684 ¹⁰
3397 3668 3416 3706 :
3449 3671 3468 3704 ι
3518 3668 3635 3716 per-

2076 3741 2370 3793 suasionem
2403 3750 2576 3795 autem
2607 3741 2756 3810 eﬁicit
2799 3743 2927 3812 ﬁdes
2974 3743 3244 3797 verborum
3277 3744 3518 3808 Domini,
3545 3745 3638 3814 qui

2076 3830 2211 3885 dixit
2234 3850 2251 3885 :
2287 3852 2306 3884 ι
2331 3833 2444 3887 Hoc
2494 3843 2569 3888 est
2611 3851 2798 3904 corpus
2849 3853 3018 3890 meum
3048 3839 3183 3906 quod
3216 3853 3311 3907 pro
3354 3837 3492 3891 vobis
3524 3847 3637 3890 tra-

2073 3920 2254 3976 ditur:
2299 3923 2394 3976 hoc
2428 3924 2586 3991 facite
2632 3925 2684 3976 in
2725 3941 2894 3978 meam
2935 3928 3479 3983 commemorationem
3511 3928 3576 3979 ³⁸.
3605 3946 3630 3978 ι

2075 4012 2210 4066 Item
2237 4029 2302 4068 ea:
2327 4015 2430 4082 ﬁde
2469 4017 2758 4069 testimonii
2782 4015 3027 4084 Joannis,
3057 4020 3148 4086 qui
3172 4029 3459 4072 memorata
3485 4019 3634 4088 prius

2087 4105 2235 4158 Verbi
2257 4107 2455 4174 gloria,
2488 4106 2704 4175 posthac
2741 4107 3132 4162 lncarnationis
3163 4110 3374 4162 modum
3401 4110 3633 4174 induxit,

2072 4196 2151 4249 his
2191 4197 2390 4250 verbis:
2437 4215 2457 4248 ι
2497 4197 2718 4252 Verbum
2752 4216 2875 4252 caro
2900 4199 3099 4267 factum
3129 4210 3206 4253 est
3239 4203 3306 4266 “,
3341 4221 3358 4252 ι
3395 4209 3498 4254 etc.
3533 4199 3634 4252 lti-

2072 4288 2188 4340 dem
2213 4289 2462 4365 quoniam
2483 4289 2766 4356 Apostolus
2795 4290 3039 4357 scripsit:
3068 4308 3085 4340 ι
3111 4289 3216 4356 Qui
3237 4305 3356 4342 cum
3386 4287 3633 4357 informa

2071 4381 2171 4435 Dei
2200 4389 2334 4435 esset
2351 4381 2417 4445 ³³,
2452 4401 2469 4433 ι
2501 4389 2605 4435 etc.

2146 4521 2315 4575 Nemo
2338 4528 2420 4575 est
2446 4560 2460 4584 ,
2498 4517 2592 4589 qui
2640 4517 2754 4574 haec
2787 4532 2967 4588 tegens
2996 4531 3103 4572 non
3135 4516 3292 4572 facile
3316 4515 3630 4587 perspiciat,

2076 4613 2130 4666 ιφ
2157 4611 2362 4667 Christi
2390 4611 2553 4672 verba
2573 4651 2588 4675 ,
2621 4609 2734 4663 Hoc
2769 4619 2840 4662 est
2872 4624 3059 4676 corpus
3096 4625 3296 4674 meum,
3328 4617 3389 4664 ut
3431 4610 3630 4664 ﬁrmis-

2076 4706 2211 4766 sima
2269 4703 2371 4770 tide
2418 4702 2688 4758 credenda
2717 4740 2732 4763 ,
2789 4717 2820 4754 a
2862 4701 3063 4762 Basilio
3116 4702 3375 4772 proponi;
3428 4700 3484 4754 2°
3519 4715 3628 4755 non

2074 4796 2258 4849 minus
2285 4802 2434 4848 certo
2465 4791 2734 4847 credenda
2775 4806 2918 4854 esse,
2959 4806 3122 4860 quam
3147 4791 3428 4860 sequentia
3451 4830 3465 4853 ,
3503 4789 3629 4844 Ver-

2074 4887 2196 4942 bum
2223 4901 2346 4950 caro
2384 4867 2590 4952 ’factum
2637 4893 2749 4947 est,
2791 4891 2896 4937 etc.
2941 4882 3046 4949 Qui
3078 4897 3195 4940 cum
3237 4883 3292 4935 in
3332 4882 3506 4950 forma
3539 4880 3632 4935 Dei

2072 4986 2235 5037 esset,
2275 4985 2383 5029 etc.
2413 4974 2654 5046 Utraque
2699 4974 2845 5030 enim
2881 4973 3228 5038 testimonia,
3265 4981 3382 5028 tum
3409 4987 3530 5041 quae
3561 4971 3629 5026 ad

2071 5053 2482 5131 eucharistiam,
2509 5074 2622 5120 tum
2647 5080 2769 5143 quae
2801 5063 2869 5118 ad
2902 5063 3325 5121 incarnationem
3361 5069 3626 5132 spectant,

2075 5161 2262 5215 eodem
2299 5174 2526 5230 prorsus
2563 5157 2725 5212 modo
2760 5163 3171 5231 proponuntur,
3213 5161 3272 5214 ut
3299 5153 3479 5208 verbis
3508 5152 3631 5222 qui-

2072 5253 2192 5307 dem
2221 5253 2368 5317 clara
2390 5259 2444 5307 et
2469 5259 2654 5321 aperta
2674 5291 2690 5318 ,
2719 5248 2813 5306 sed
2851 5247 3092 5319 mysterii
3123 5246 3498 5318 magnitudine
3518 5245 3629 5300 dif-

2072 5344 2235 5398 ﬁcilia
2261 5362 2274 5398 :
2309 5343 2384 5406 ita
2422 5351 2482 5396 ut
2510 5342 2873 5412 explicatione
2901 5356 3011 5398 non
3043 5339 3317 5410 indigeant
3349 5337 3418 5391 ad
3450 5341 3628 5393 lucem

2072 5437 2253 5494 verbis
2313 5435 2637 5496 alierendam
2673 5475 2689 5499 ,
2744 5435 2838 5491 sed
2893 5434 2996 5488 fide
3047 5433 3112 5486 ad
3166 5448 3255 5487 res
3305 5429 3626 5486 credendas.

398 5513 514 5581 ζειν
561 5513 652 5564 ἐπὶ
705 5517 818 5578 τοῖς
870 5517 976 5584 ύπὺ
1029 5518 1125 5572 τοῦ
1185 5518 1381 5591 Κυρίου
1438 5519 1783 5593 λεγομένοις,
1835 5522 1971 5592 ἀλλὰ

2087 5524 2511 5592 Necouisouam
2564 5532 2647 5581 est
2694 5523 2939 5597 proiecto
2970 5566 2985 5594 ,
3032 5523 3123 5592 qui
3153 5561 3168 5585 ,
3223 5521 3268 5583 si
3317 5520 3489 5592 prima
3535 5534 3630 5574 co-

470 5669 514 5701 "
550 5668 736 5724 Matth.
766 5687 861 5735 xu,
893 5671 945 5726 6.

1027 5675 1070 5745 '3
1103 5675 1298 5745 Ephes.
1328 5695 1378 5739 ν,
1415 5678 1467 5731 2.
1548 5679 1588 5709 ¹⁷
1621 5677 1639 5730 1
1672 5678 1799 5732 Cor.
1834 5695 1909 5744 χι,
1940 5679 2028 5732 27.

2112 5679 2155 5753 ξι
2180 5679 2317 5738 ibid.
2356 5679 2446 5734 29.
2527 5679 2757 5753 "Joan.
2798 5694 2872 5746 Vl,
2909 5678 2996 5747 εδ,
3031 5676 3117 5730 st.
3229 5673 3329 5746 ut.
3381 5673 3510 5730 Cor.
3546 5689 3628 5738 ιι,

569 5743 608 5772 ³³
644 5741 774 5796 Luc.
817 5759 948 5806 xm,
995 5744 1079 5798 19.
1149 5737 1382 5801 "'Joan.
1425 5765 1461 5814 ι,
1497 5748 1580 5811 Η.
1659 5751 1703 5782 ’³
1739 5737 1966 5833 Philipp.
2000 5766 2058 5820 ιι,
2096 5749 2148 5804 6.
