3908 6516
195 338 260 398 ﬂ
1541 373 1923 438 PREFATIO.

3356 395 3427 453 54

192 460 650 583 findere,
694 474 940 531 secunda
973 477 1096 536 'non
1136 483 1328 542 eodem
1369 491 1534 549 modo
1569 499 1761 567 prodat
1787 513 1832 568 Α
1861 519 1987 558 caro
2037 504 2239 574 factum
2289 515 2367 561 est
2405 507 2486 572 ³⁸,
2535 514 2590 563 et
2629 507 2825 573 Pauli,
2870 509 2977 577 Qui
3014 529 3131 566 cum
3168 515 3222 567 in
3252 481 3426 583 [arma

187 548 459 607 cludenda.

246 681 542 792 Dostqnam
592 693 827 755 Basilius
882 706 1133 774 exposuit
1177 725 1286 780 quo
1312 712 1509 773 timore
1562 727 1616 775 et
1645 737 1753 792 qua

187 789 339 874 animi
397 789 770 852 persuasione
822 798 1343 858 communicandum
1402 808 1520 874 sit,
1578 789 1753 870 tertiae

185 869 629 945 interrogationis
655 884 841 953 parti,
867 903 978 958 quo
1023 890 1219 948 affectu
1268 869 1637 958 accedendum
1680 869 1753 963 sit

182 965 242 1016 ad
268 964 723 1065 hoc-mysterium
746 1016 762 1042 ,
813 980 896 1034 sic
938 984 1243 1042 satisfacit:
1284 988 1415 1045 Cum
1445 993 1610 1065 igitur
1635 1001 1751 1053 ani-

182 1069 282 1156 mus
327 1054 408 1111 his
459 1069 517 1113 et
562 1065 774 1157 talibus
812 1070 984 1127 verbis
1034 1076 1194 1144 ﬁdem
1237 1054 1527 1152 adhibens,
1565 1087 1751 1157 gloriae

181 1146 500 1241 najatatem
533 1153 823 1226 didicerit,
875 1161 1292 1241 humilitatisque
1344 1183 1393 1229 et
1440 1146 1780 1235 obedientite-

180 1239 593 1307 magnitudinem
626 1248 928 1308 admiratus
961 1256 1161 1326 fuerit,
1196 1239 1337 1332 quod
1373 1267 1499 1321 talis
1532 1286 1594 1323 ac
1633 1279 1750 1325 tan-

180 1336 253 1382 tus
277 1332 345 1384 ad
368 1345 605 1391 mortem
634 1356 798 1409 usque
814 1344 971 1401 Patri
1001 1349 1371 1423 obtemperavit
1400 1360 1521 1414 vitce
1549 1374 1747 1418 nostris

178 1437 354 1487 uua,
400 1443 531 1483 eum
574 1435 813 1490 arbitror
856 1440 934 1494 ita
982 1444 1154 1512 affici,
1200 1456 1258 1501 ut
1298 1449 1459 1504 simul
1499 1451 1669 1509 Deum
1696 1466 1746 1511 et

178 1513 375 1612 Patrem
413 1520 658 1592 diligat,
694 1530 785 1597 qui
807 1536 1021 1602 proprio
1056 1534 1200 1592 Filio
1223 1557 1326 1595 non
1360 1548 1622 1612 pepercit,
1656 1551 1746 1603 sed

172 1620 254 1706 pro
279 1608 431 1706 stibis
471 1614 726 1672 omnibus
754 1621 981 1677 tradidit
1004 1626 1177 1693 illum,
1225 1608 1387 1686 simul
1412 1608 1743 1706 unigenitum

173 1699 271 1765 ejus
301 1698 509 1797 Filium
537 1746 555 1797 ,
584 1710 677 1777 qui
707 1711 934 1768 obediuit
972 1734 1134 1788 usque
1164 1720 1235 1775 ad
1273 1733 1492 1779 mortem
1505 1698 1618 1797 'pro
1648 1747 1742 1784 no-

172 1798 273 1887 {tre
296 1790 661 1861 redemptione
681 1810 730 1854 et
756 1802 950 1859 salute.
986 1807 1146 1863 Addit
1193 1826 1316 1867 eum
1343 1855 1358 1880 ,
1394 1815 1488 1887 qui
1522 1790 1621 1874 usic
1657 1817 1739 1873 af-

172 1875 330 1970 fectus
360 1889 419 1937 et
472 1898 821 1958 praeparatus
865 1902 947 1949 est
973 1935 989 1960 ,
1041 1875 1506 1970 adimplerevillud
1536 1906 1690 1964 Pauli
1722 1928 1736 1966 :

172 1965 397 2028 Charitas
430 1977 585 2033 enim
611 1979 815 2038 Christi
850 1997 997 2058 urget
1028 2005 1122 2045 nos
1160 1965 1229 2061 ’ᾖ
1270 2002 1379 2052 etc.
1422 1995 1514 2053 Sic
1559 1965 1738 2057 autem

174 2060 291 2162 spici
323 2074 377 2120 et
413 2074 725 2140 preparari
773 2075 973 2135 debere
1009 2060 1324 2153 concludit,
1359 2088 1613 2160 quisquis
1641 2107 1740 2162 pas

172 2154 244 2209 nis
276 2164 329 2211 et
356 2162 557 2229 poculi
594 2164 654 2219 lit
677 2169 968 2241 particeps.

226 2286 421 2383 Eadem
462 2294 728 2355 doctrina
770 2305 1030 2362 statuitur
1074 2307 1132 2365 in
1175 2310 1390 2383 Regulis
1424 2316 1733 2383 moralibus,

171 2386 215 2430 et
251 2380 478 2477 in-libro
510 2403 529 2441 ι
572 2387 646 2444 De
677 2390 960 2461 baptismo.
1011 2399 1102 2455 Sic
1141 2380 1284 2459 enim
1328 2404 1384 2458 in
1419 2406 1604 2477 regula
1640 2380 1731 2472 at.

169 2485 271 2568 cap.
295 2474 331 2528 2
366 2477 526 2547 (tum.
572 2479 635 2547 ll,
674 2500 728 2554 p.
761 2485 912 2558 255).
942 2489 1201 2562 legimus:
1231 2494 1386 2562 Quod
1415 2474 1507 2568 qui
1534 2498 1733 2554 accedit

166 2563 225 2615 ad
267 2573 696 2629 communionem
750 2594 855 2634 non
903 2584 1237 2641 considerata
1274 2590 1373 2643 hac
1410 2592 1619 2645 ratione
1655 2610 1734 2648 se-

167 2655 374 2750 cundum
414 2678 588 2730 quam
618 2671 855 2736 corporis
889 2682 939 2727 et
984 2678 1256 2747 sanguinis
1289 2678 1487 2736 Christi
1513 2685 1732 2750 partici-

165 2746 292 2842 patio
319 2749 487 2806 datur
511 2794 531 2817 ,
578 2757 625 2810 is
660 2759 865 2814 nullam
890 2778 956 2817 ea:
1002 2781 1067 2819 ea
1090 2746 1394 2824 utilitatem
1422 2746 1640 2842 capiat:
1679 2786 1729 2830 et

166 2838 284 2937 quod
311 2841 399 2911 qui
413 2843 647 2937 indigne
666 2854 910 2919 assumit,
928 2857 1302 2915 condemnatus
1322 2866 1408 2917 sit.
1522 2881 1642 2937 cap.
1660 2869 1725 2924 ὃς

167 2925 270 2990 Qua
317 2935 538 2990 ratione
589 2941 1019 3002 manducandum
1065 2951 1138 3004 sit
1175 2969 1362 3022 corpus
1415 2925 1630 3013 Domitii
1679 2969 1728 3015 et

166 3024 359 3091 sanguis
408 3025 673 3086 bibendus
723 3035 779 3087 in
825 3044 1374 3099 commemorationem
1426 3047 1729 3106 obedientits

164 3112 361 3213 Domini
400 3137 576 3194 usque
605 3125 676 3181 ad
716 3138 972 3197 mortem,
1021 3142 1079 3188 ut
1107 3137 1197 3205 qui
1238 3138 1448 3203 vivunt,
1485 3159 1585 3196 non
1606 3143 1732 3213 jam

165 3205 253 3260 sibi
274 3211 469 3277 eiram,
497 3215 599 3270 sed
619 3218 669 3273 ei
705 3221 795 3289 qui
816 3237 910 3290 pro
931 3223 1059 3291 ipsis
1098 3238 1337 3284 mortuus
1368 3242 1448 3287 est
1470 3243 1520 3288 et
1552 3205 1728 3291 resur-

166 3299 368 3358 rexit".
428 3303 707 3364 Similiter
745 3312 801 3365 in
834 3313 974 3370 libro
1008 3332 1025 3370 ι
1065 3316 1143 3373 De
1176 3321 1471 3391 baptismo,
1509 3340 1631 3397 cap.
1672 3329 1726 3393 5,

166 3397 428 3481 postquam
481 3398 680 3454 eadem
714 3400 1012 3473 Scriptura:
1049 3411 1358 3466 testimonia
1387 3417 1611 3481 retulit,
1663 3435 1728 3476 ac

166 3477 212 3585 in
252 3481 385 3585 libro
438 3486 764 3556 Moralium,
828 3510 1021 3568 nempe
1070 3517 1136 3556 ex
1184 3518 1306 3574 cap.
1350 3523 1401 3560 vr
1435 3477 1607 3579 (vers.
1636 3512 1726 3585 54)

164 3564 366 3629 Joannis
398 3594 413 3630 :
443 3578 621 3633 Arnen
646 3621 661 3645 ,
703 3599 854 3638 amen
893 3586 1013 3643 dico
1061 3590 1202 3646 vobis
1223 3631 1239 3658 ,
1271 3592 1395 3649 Nisi
1442 3564 1726 3654 manduca:

166 3661 318 3715 seritis
350 3681 575 3721 carnem
601 3669 730 3724 Filii
750 3674 975 3731 hominis
999 3718 1015 3744 ,
1045 3688 1152 3734 etc.
1180 3719 1195 3744 ,
1229 3690 1284 3737 et
1315 3700 1378 3738 ex
1415 3684 1724 3745 Matthzco"

164 3758 207 3801 et
228 3750 387 3811 Paulo
411 3760 457 3789 "
496 3761 905 3822 institutionem
936 3771 1285 3829 eucharistia:
1325 3778 1721 3849 referentibus;

166 3848 261 3934 tum
290 3863 419 3903 vero
448 3852 542 3906 sic
564 3856 876 3912 concludit:
906 3860 1048 3926 Quid
1070 3863 1233 3934 igitur
1259 3866 1506 3924 utilitatis
1533 3848 1724 3927 habent

165 3931 258 3986 hac
289 3939 492 3996 verba?
531 3941 599 3996 Ut
629 3945 836 4004 edentes
872 3960 921 4004 et
954 3931 1183 4011 bibentes
1202 3996 1217 4020 ,
1251 3973 1448 4027 semper
1474 3978 1721 4020 memores

166 4026 309 4083 simu
331 4032 471 4100 ejus,
514 4037 603 4105 qui
636 4054 732 4107 pro
755 4039 905 4096 nobis
936 4054 1176 4101 mortuus
1207 4057 1285 4103 est
1313 4060 1361 4104 et
1400 4056 1723 4123 resurrercit;

164 4116 317 4185 sicque
360 4122 643 4181 discamus
697 4133 991 4187 necessario
1042 4151 1249 4192 servare
1294 4155 1473 4196 coram
1520 4143 1629 4198 Deo
1671 4155 1722 4202 et

165 4204 350 4308 libr-isto
397 4214 577 4283 ipsius
630 4220 884 4275 traditum
934 4226 999 4278 ab
1053 4227 1304 4294 Apostolo
1360 4231 1592 4304 dogma,
1630 4240 1721 4308 qui

162 4298 305 4352 dicit:
338 4322 358 4355 r
388 4305 651 4363 Charitas
692 4310 893 4368 Christi
921 4328 1064 4388 urget
1106 4335 1201 4374 nos
1223 4362 1237 4385 ,
1268 4298 1717 4394 iudicantes/ioc,

164 4391 300 4457 quod,
330 4397 376 4449 si
406 4413 552 4454 unus
577 4416 675 4469 pro
714 4406 953 4462 omnibus
980 4419 1219 4466 mortuus
1245 4424 1357 4479 est,
1389 4433 1509 4487 ergo
1541 4437 1717 4476 omnes

164 4488 335 4541 mortui
368 4501 537 4557 sunt,
586 4505 635 4550 et
683 4513 778 4565 pro
811 4501 1053 4558 omnibus
1100 4517 1337 4563 mortuus
1378 4519 1485 4575 est;
1531 4522 1589 4567 ut
1628 4517 1719 4585 qui

166 4576 350 4648 vitant,
382 4600 496 4639 non
526 4589 753 4657 amplius
786 4593 889 4646 sibi
921 4595 1113 4660 vivant,
1149 4598 1240 4652 sed
1265 4601 1313 4654 ei
1348 4604 1439 4672 qui
1471 4619 1566 4671 pro
1591 4576 1717 4674 ipsis

166 4679 373 4727 mortuus
398 4684 487 4729 est
514 4686 565 4731 et
595 4685 885 4737 resurrexit
913 4687 978 4741 ³⁸.
1006 4706 1026 4739 ι
1069 4687 1214 4744 Nihil
1240 4692 1423 4749 verbis
1451 4710 1589 4765 opus
1611 4708 1715 4764 est,

164 4764 213 4844 ut
237 4758 286 4814 in
323 4763 408 4820 bis
439 4767 583 4823 locis
612 4772 861 4828 eamdem
910 4791 1138 4844 prorsus
1175 4758 1502 4838 sententiam
1539 4799 1602 4840 ac
1658 4758 1714 4842 in

163 4843 345 4948 [isquiis
399 4856 728 4918 brevioribus
786 4843 1048 4924 constitui
1089 4880 1292 4940 pateat.
1345 4876 1453 4932 Res
1504 4894 1600 4948 per
1654 4895 1713 4935 se

162 4937 287 5039 clara
317 4954 370 5001 et
415 4950 732 5007 manifesta.
765 4937 1235 5021 Quemadmodum
1274 4966 1420 5019 enim
1454 4937 1711 5039 in'Regu-

164 5027 218 5082 lis
245 5032 559 5095 brevioribus
587 5042 677 5098 hic
717 5047 882 5102 animi
905 5049 1131 5107 allectus
1162 5055 1226 5109 ad
1266 5027 1705 5116 communionem

161 5127 433 5194 requiritur
456 5172 474 5197 ,
505 5142 567 5187 ut
608 5150 677 5190 ex
722 5141 1079 5208 persuasione
1111 5186 1128 5211 ,
1173 5163 1336 5219 quam
1375 5151 1575 5208 animis
1610 5168 1710 5209 no-

162 5218 274 5311 Sitis
307 5225 467 5280 verba
499 5226 746 5293 Christi,
795 5231 910 5287 Hoc
951 5244 1028 5290 est
1069 5218 1260 5308 corpus
1296 5258 1467 5296 meum
1494 5244 1574 5311 ³³,
1608 5245 1710 5299 im-

162 5304 371 5371 primere
416 5314 659 5383 debent,
698 5317 830 5375 item
858 5337 922 5377 ex
958 5304 1444 5396 verbis‘Joannis,
1485 5304 1708 5388 Verbum

245 5489 285 5565 ξ’
307 5490 355 5565 η
374 5494 501 5552 Cor.
545 5516 600 5565 ν,
639 5500 728 5556 is.
832 5504 879 5536 ιι
901 5506 1033 5563 ibid.
1079 5507 1163 5563 l5.

168 5551 202 5584 ³⁸
224 5554 398 5618 κιαι).
421 5551 727 5634 uva-'26."
765 5573 813 5605 ³⁸
837 5551 1191 5643 “animi;
1272 5583 1309 5613 "

220 5717 343 5792 (16‘)
374 5725 573 5787 Nedul.
612 5733 795 5800 theol.,
828 5747 965 5808 part.
1003 5756 1075 5809 tv,
1102 5759 1155 5814 p.
1194 5744 1319 5802 229.

1345 5512 1549 5589 jlaltlt.
1592 5533 1737 5583 xxvr,
1771 5518 1840 5573 26
1870 5536 1992 5589 sqq.

1856 594 1955 650 Dei
1985 607 2119 652 esset
2142 597 2209 662 ⁸¹,
2241 607 2350 654 etc.
2373 637 2389 664 ,
2414 599 2483 654 ad
2509 615 2634 655 eum
2669 601 2986 669 amandum,
3013 605 3104 674 qui
3138 621 3238 675 pro
3268 608 3426 666 nobis

1857 695 2109 744 mortuus
2158 697 2279 755 est,
2314 691 2712 758 accendamur;
2747 693 2821 748 ita
2862 694 2919 749 in
2952 694 3106 753 libris
3134 695 3422 753 Moralium

1851 784 1908 832 et
1962 776 2039 832 De
2087 777 2347 848 baptismo
2403 779 2649 837 eamdem
2704 796 2930 852 prorsus
2983 788 3423 844 communicandi

1853 869 1994 925 ratio
2023 869 2078 925 in
2121 872 2702 929 commemorationem
2733 875 3008 933 passionis
3039 878 3252 934 Domini
3288 897 3424 952 prae-

1853 961 2081 1033 cipitur.

1921 1094 2263 1153 Perabsurde
2285 1114 2415 1170 ergo
2434 1098 2713 1156 Scultetus
2731 1101 2860 1173 (16')
2874 1117 3058 1158 secum
3079 1102 3256 1160 facere
3269 1114 3423 1176 putat

1850 1187 1983 1242 illud
2014 1189 2197 1244 Basilii
2226 1208 2239 1244 :
2269 1190 2411 1257 Quid
2428 1192 2587 1261 igitur
2612 1193 2860 1249 utilitatis
2890 1194 3079 1250 habent
3097 1197 3206 1251 hac
3224 1198 3423 1257 verba?

1856 1278 1925 1333 Ut
1952 1280 2157 1335 edentes
2200 1291 2247 1336 et
2289 1281 2516 1338 bibentes
2541 1323 2557 1347 ,
2589 1300 2789 1355 semper
2818 1302 3073 1342 memores
3097 1287 3208 1358 ejus
3230 1292 3418 1357 simus,

1848 1374 1957 1445 qui,
1987 1381 2093 1429 etc.
2120 1373 2277 1442 Nam,
2305 1375 2569 1433 l°Modus
2600 1377 2689 1434 ille
2716 1381 3158 1436 communicandi
3190 1383 3243 1436 in
3269 1398 3420 1439 com-

1850 1466 2304 1523 memorationem
2344 1466 2554 1524 Domini
2591 1472 2853 1540 repetitur
2877 1511 2893 1536 ,
2929 1479 2988 1525 ut
3011 1472 3121 1543 jam
3155 1472 3416 1540 diximus,

1845 1570 1913 1609 ex
1962 1556 2066 1612 lide
2106 1564 2161 1614 et
2206 1559 2602 1628 persuasione,
2655 1577 2818 1632 quam
2864 1563 2917 1616 in
2964 1564 3163 1620 animis
3214 1568 3418 1624 nostris

1845 1643 2057 1703 echere
2117 1648 2319 1705 debent
2376 1651 2542 1706 verba
2594 1652 2849 1720 Christi,
2916 1653 3034 1709 Hoc
3095 1665 3171 1711 est
3230 1673 3417 1728 corpus

1844 1756 2050 1806 meum,
2079 1749 2134 1798 ct
2160 1743 2267 1798 alia
2292 1745 2606 1799 testimonia
2625 1788 2641 1814 ,
2670 1746 2870 1817 quibus
2897 1747 3019 1819 ejus
3052 1747 3312 1805 divinitas
3362 1759 3418 1807 et

1844 1831 2151 1889 incarnatio
2203 1850 2268 1889 ac
2318 1837 2502 1906 passio
2556 1839 2930 1895 continentur.
2994 1839 3053 1893 2°
3105 1840 3226 1895 Non
3282 1843 3417 1897 dicit

1842 1924 2318 1983 manducationem
2369 1930 2623 2000 corporis
2674 1930 2890 1986 Domini
2948 1939 3002 1987 et
3054 1941 3241 2003 potum
3293 1935 3415 2005 ejus

1840 2017 2125 2087 sanguinis
2196 2018 2252 2073 in
2315 2022 2838 2078 commemoratione
2900 2023 3074 2093 ipsius
3137 2025 3412 2095 passionis

1839 2109 2071 2178 positam
2108 2125 2267 2177 esse;
2308 2112 2403 2167 sed
2436 2112 2567 2167 illud
2614 2129 2817 2185 corpus
2858 2114 2938 2169 sic
2969 2114 3286 2170 manducari
3311 2159 3326 2184 ,
3355 2127 3412 2173 et

1838 2201 2159 2272 sanguinem
2192 2202 2271 2257 sic
2304 2203 2415 2258 bibi
2449 2204 2647 2260 debere
2672 2245 2689 2270 ,
2737 2214 2800 2260 ut
2834 2199 3410 2263 commemorationem

1839 2289 1988 2345 illius
2028 2292 2303 2361 passionis
2336 2292 2702 2350 celebremus.
2762 2295 2819 2350 5°
2862 2294 2968 2351 Eos
3006 2296 3167 2351 etiam
3199 2298 3294 2367 qui
3325 2298 3412 2353 in-

1835 2381 1997 2452 digne
2026 2384 2470 2450 communicant,
2504 2401 2706 2458 corpus
2734 2396 2788 2442 et
2827 2388 3152 2458 sanguinem
3191 2388 3409 2445 Domini

1835 2487 2051 2528 sumere
2078 2473 2134 2527 in
2167 2479 2741 2531 commemorationem
2778 2478 3054 2548 passionis
3092 2479 3239 2534 illius
3262 2519 3278 2543 ,
3312 2481 3409 2536 sed

1832 2578 1943 2617 non
1992 2563 2045 2618 in
2090 2564 2286 2635 seipsis
2326 2566 2468 2622 hanc
2501 2570 2818 2625 memoriam
2866 2569 3172 2641 exprimere
3202 2570 3404 2629 docet:

1834 2654 1939 2721 Qui
1975 2658 2112 2711 enim
2142 2657 2249 2712 edit
2278 2668 2328 2713 et
2354 2658 2516 2727 bibit,
2548 2661 2765 2732 inquit.
2798 2662 3038 2718 videlicet
3061 2662 3131 2717 ad
3158 2663 3411 2719 indelebi-

1833 2748 1932 2802 lem
1957 2752 2265 2805 memoriam
2299 2750 2428 2806 Iesu
2462 2750 2659 2809 Christi
2688 2754 2902 2810 Domini
2936 2758 3138 2824 nostri,
3179 2758 3269 2827 qui
3310 2775 3406 2828 pro

1831 2839 1977 2894 nobis
2006 2853 2244 2898 mortuus
2274 2852 2352 2898 est
2387 2854 2435 2898 et
2464 2849 2791 2913 resurrexit,
2830 2850 3091 2903 rationem
3141 2866 3260 2904 vero
3299 2868 3407 2904 me-

1831 2933 2013 2987 moriae
2045 2932 2353 2988 obedientiaa
2388 2934 2601 2990 Domini
2644 2954 2809 3009 usque
2847 2939 2916 2991 ad
2955 2948 3172 2993 mortem
3195 2981 3211 3005 ,
3239 2939 3404 3009 juxta

1828 3027 2123 3081 doctrinam
2173 3028 2416 3095 Apostoli
2461 3046 2565 3084 non
2614 3030 2897 3100 adimplet,
2947 3034 3065 3103 qui,
3098 3042 3156 3086 ut
3203 3033 3401 3087 dictum

1828 3127 1927 3181 est,
1954 3119 2029 3172 ait
2049 3160 2063 3183 ,
2099 3137 2117 3171 ι
2141 3114 2389 3174 Charitas
2420 3121 2618 3177 Christi
2647 3133 2794 3179 uraet
2827 3142 2943 3191 nos,
2970 3144 2989 3177 ι
3023 3132 3154 3193 etc.,
3193 3127 3238 3180 is
3271 3127 3403 3181 nihil

1756 3214 1797 3269 C
1830 3210 1970 3278 capit
2014 3211 2286 3270 utilitatis.

1901 3345 2032 3412 Quae
2067 3355 2373 3418 sequuntur
2394 3388 2409 3413 ,
2455 3364 2486 3404 a
2515 3350 2847 3407 Combeﬁsio
2885 3360 2942 3406 ut
2972 3353 3194 3410 duriora
3228 3362 3283 3409 et
3312 3370 3401 3410 se-

1828 3438 2039 3492 veriora
2089 3440 2581 3510 reprehenduntur.
2648 3442 2914 3499 Pra'terea
2987 3446 3090 3500 sibi
3145 3448 3247 3516 ipsi
3312 3464 3402 3502 ac-

1829 3531 1985 3583 cersit
2035 3533 2123 3601 qui
2172 3531 2433 3600 ejusmodi
2470 3544 2550 3588 est
2593 3535 2854 3605 judicium
2912 3554 3114 3608 quoque
3162 3540 3405 3608 Apostoli

1828 3621 2046 3677 dicentis
2067 3640 2086 3677 :
2127 3642 2144 3674 ι
2180 3624 2281 3691 Qui
2309 3625 2595 3680 manducat
2632 3638 2680 3681 et
2715 3628 2843 3682 bibit
2870 3629 3079 3701 indigne
3099 3670 3113 3694 ,
3134 3631 3399 3700 judicium

1826 3712 1925 3764 sibi
1952 3711 2236 3766 manducat
2264 3723 2313 3768 et
2357 3713 2485 3767 bibit
2514 3755 2531 3779 ,
2583 3732 2686 3769 non
2724 3715 3026 3785 dijudicans
3058 3732 3244 3785 corpus
3293 3717 3401 3771 Do-

1826 3805 1956 3858 mini
1986 3804 2052 3858 3'.
2083 3824 2100 3856 ι
2141 3806 2348 3860 Etenim
2369 3807 2686 3861 horrendum
2707 3807 2973 3876 judicium
3002 3818 3081 3863 est
3113 3826 3215 3863 non
3243 3809 3400 3863 modo

1824 3895 1906 3957 ei,
1958 3895 2046 3965 qui
2075 3896 2129 3949 in
2172 3897 2350 3951 carnis
2382 3914 2445 3950 ac
2488 3899 2706 3964 spiritus
2753 3899 3146 3967 inquinamento
3187 3900 3400 3970 indigne

1825 3986 2022 4045 accedit
2053 3987 2120 4040 ad
2152 3998 2371 4055 sancta,
2414 4007 2533 4044 cum
2571 3993 2709 4045 enim
2745 3991 2947 4045 accedit
2976 4032 2991 4056 ,
3037 4010 3154 4047 reus
3186 3994 3251 4064 ﬁt
3280 4010 3400 4048 cor-

1822 4077 1964 4144 poris
1996 4086 2045 4131 et
2075 4080 2347 4149 sanguinis
2398 4079 2657 4146 Domini;
2691 4080 2783 4135 sed
2812 4082 2972 4135 etiam
3011 4084 3061 4136 ei
3103 4085 3195 4153 qui
3233 4085 3400 4138 otiose

1822 4169 2181 4241 inutiliterque
2227 4171 2337 4227 edit
2387 4190 2448 4228 ac
2498 4174 2649 4229 bibit.
2701 4172 2827 4230 Haec
2860 4190 3091 4246 prorsus
3123 4175 3399 4231 immerito

1821 4262 2216 4332 vituperantur.
2267 4265 2315 4322 ls
2372 4268 2519 4322 enim
2570 4267 2748 4323 otiose
2803 4268 3184 4339 inutiliterque
3233 4269 3398 4325 edere

1821 4352 2057 4419 dicitur,
2090 4356 2182 4426 qui
2234 4357 2353 4413 sine
2399 4358 2668 4415 cbaritate
2708 4360 2859 4427 edit;
2894 4360 3059 4431 idque
3098 4369 3242 4431 patet
3269 4377 3396 4416 cum

1820 4460 1886 4499 ex
1908 4448 2288 4517 superioribus
2316 4451 2521 4516 verbis,
2554 4461 2667 4507 tum
2695 4469 2758 4507 es
2786 4453 3021 4516 ratione,
3055 4470 3217 4523 quam
3243 4453 3397 4509 addit

1753 4553 1792 4606 υ
1827 4536 2058 4594 Basilius
2082 4580 2097 4605 ,
2131 4556 2232 4596 cur
2278 4542 2549 4611 ejusmodi
2584 4544 2857 4601 hominem
2892 4545 3222 4601 horrendum
3247 4545 3397 4616 }udi‘-

1816 4627 1959 4681 cium
2008 4638 2266 4687 maneat:
2306 4634 2461 4700 Quod
2487 4676 2501 4701 ,
2539 4636 2756 4705 inquit,
2806 4653 2912 4690 non
2953 4652 3045 4706 per
3087 4639 3397 4691 memoriam

1814 4715 1943 4771 Iesu
1982 4718 2181 4776 Christi
2208 4723 2423 4779 Domini
2450 4728 2650 4791 nostri,
2698 4728 2788 4798 qui
2816 4744 2910 4797 pro
2953 4727 3103 4781 nobis
3153 4738 3392 4782 mortuus

1813 4818 1891 4863 est
1936 4820 1986 4864 et
2025 4816 2356 4880 resurrexit,
2407 4828 2578 4872 servat
2620 4817 2763 4888 quod
2803 4818 3002 4874 dictum
3043 4828 3161 4874 est:
3209 4837 3227 4870 ι
3253 4817 3396 4873 Cha-

1813 4902 1945 4957 ritas
1968 4896 2175 4960 Christi
2200 4920 2347 4979 urget
2382 4926 2510 4974 nos,
2543 4928 2562 4961 ι
2612 4921 2718 4967 etc.

1892 5060 1977 5116 Ill.
2004 5061 2127 5117 Alio
2155 5063 2327 5117 utitur
2357 5064 2542 5121 Basilii
2575 5060 2893 5122 testimonio
2917 5065 3216 5129 Scultetus,
3242 5067 3392 5138 quod

1820 5153 1901 5207 sic
1928 5153 2132 5210 refert:
2168 5155 2396 5213 Carnem
2440 5168 2491 5212 et
2521 5160 2833 5230 sanguinem
2880 5167 3046 5212 totam
3095 5175 3247 5213 suam
3281 5176 3395 5231 my-
3458 5164 3467 5175 '

1817 5247 2004 5300 sticam
2027 5251 2473 5305 conversationem
2502 5251 2562 5304 in
2589 5267 2761 5305 carnes
2798 5258 2855 5304 et-
2883 5249 3183 5305 doctrinam
3214 5250 3396 5308 Evan-

1818 5340 1941 5409 gelii
1993 5341 2193 5395 vocavit
2243 5339 2510 5398 Christus.
2566 5341 2722 5398 Unde
2779 5342 3057 5398 concludit
3116 5342 3395 5400 Scultetus

2104 5522 2148 5553 ”
2185 5519 2202 5575 l
2225 5522 2362 5594 Cor.
2393 5539 2470 5590 tu,
2493 5523 2566 5578 25‘
2587 5540 2707 5594 sqq.

1806 5590 1848 5621 ³³
1887 5593 1901 5644 l
1937 5592 2062 5648 Cor.
2104 5609 2181 5661 xi,
2215 5592 2305 5650 29.

2823 5522 2908 5577 “l
2940 5523 3066 5579 Cor.
3098 5539 3151 5589 v,
3182 5521 3268 5590 14,
3299 5519 3390 5580 15.
