3908 6562
473 335 543 397 53
1860 370 2245 439 ΡΒᾸΞΕΑἸΊΟ.
2730 408 2738 415 ’
3615 415 3682 470 56
3766 436 3769 437 '

464 550 767 647 sanguinem
800 555 1000 647 bibere,
1029 577 1183 631 quam
1216 568 1305 637 qui
1334 570 1481 637 fideli
1512 577 1668 639 corde
1713 583 1815 638 ista
1832 550 2023 647 omnia

464 636 565 705 sibi
591 641 891 711 applicarit.

533 771 639 864 Sed
679 774 903 833 Sculteti
955 780 1009 841 in
1054 783 1158 841 hoc
1217 792 1529 852 testimonio
1585 799 1871 863 referendo
1911 822 2016 864 non

431 860 784 963 elaudahi-lior
813 870 968 938 ﬁdes.
1009 893 1170 947 quam
1212 882 1266 939 iu
1304 887 1627 955 explicando
1666 860 1879 963 peritia.

454 950 600 1053 enim
662 955 805 1014 hunc
873 962 1049 1019 locum
1113 968 1341 1040 legimus
1378 950 1458 1028 ‘iu
1511 950 1682 1047 epist:
1727 982 1785 1046 8,
1841 950 1898 1042 ἡ.

455 1040 548 1143 υ]ιί
584 1044 821 1109 Basilius
862 1054 1062 1124 objecti
1120 1061 1187 1115 ab
1225 1061 1447 1124 Ariauis
1491 1040 1654 1138 hujus
1694 1040 2005 1143 testimonii,

452 1129 565 1225 Eyo
617 1138 729 1193 vivo
775 1155 985 1214 propter
1032 1147 1247 1210 Patrem
1291 1155 1337 1187 ³³
1366 1198 1382 1220 ,
1445 1129 1770 1218 solutionem
1810 1129 2003 1225 aﬁ'ert;

447 1223 677 1327 ρύναται
706 1231 764 1285 δὲ
804 1237 896 1289 καὶ
924 1236 1068 1311 ζωὴν
1095 1242 1275 1312 λέγειν
1297 1287 1310 1311 ,
1352 1249 1419 1327 ἢν
1451 1250 1517 1322 ζῇ
1551 1254 1579 1306 ὁ
1611 1255 1875 1326 Χριστὸς,

446 1314 610 1412 λογονΔ
638 1321 730 1412 τοῦ
769 1324 902 1396 Θεοῦ
942 1329 1080 1403 ἔχων
1117 1335 1177 1387 ὲν
1217 1314 1393 1412 cauch
1417 1359 1431 1372 ε
1468 1314 1559 1397 καὶ
1595 1314 1676 1399 ὄτί
1705 1314 1999 1405 τοῦαιῖάὲστι

441 1403 504 1465 τὸ
529 1406 853 1506 βηλούμενον
876 1455 890 1479 ,
926 1418 990 1472 ὲκ
1019 1419 1115 1473 τοῦ
1146 1403 1541 1500 ἐπιφερομένου
1572 1435 1846 1506 είσόμεθαι

439 1495 673 1576 φώνων
684 1520 762 1577 με
781 1546 794 1569 ,
822 1509 953 1579 φησὶ
976 1552 991 1575 ,
1022 1510 1258 1579 (Vicerat
1287 1495 1363 1571 dt‘
1381 1495 1515 1590 ius.
1564 1495 1860 1601 Τρὼγομεν
1888 1530 1996 1603 γὰρ

438 1589 602 1650 αὑτοῦ
633 1593 733 1673 τὴν
763 1599 939 1670 σάρκα
962 1642 977 1666 ,
1009 1606 1103 1659 καὶ
1136 1609 1362 1679 πίνομεν
1399 1615 1561 1669 αὑτοῦ
1589 1618 1649 1672 τὸ
1679 1615 1817 1691 αἷμα
1840 1663 1854 1689 ,
1888 1640 1996 1676 κοί·

436 1684 590 1739 νωνοὶ
633 1687 928 1759 γινόμενοι,
975 1693 1063 1750 διὰ
1118 1700 1217 1769 τῆς
1254 1703 1714 1779 ὲνανθρωπήσεως
1741 1684 1849 1766 ’καί
1895 1714 1992 1786 τῆς

432 1772 694 1847 αἰσθητῆς
727 1778 912 1876 ςωῆς,
951 1785 1043 1840 τοῦ
1086 1788 1243 1858 λόγου
1283 1797 1375 1849 καὶ
1414 1772 1515 1868 σῆς
1558 1772 1776 1871 σοφίας·
1814 1772 1989 1876 σάρκα

2133 593 2365 652 Basilius
2388 636 2405 663 ,
2443 607 2500 653 ut
2557 602 2964 662 similitudinem
3002 610 3335 669 demonstret
3379 617 3519 673 inter
3553 635 3675 676 eam

2126 687 2320 752 vitam,
2369 707 2527 760 quam
2589 709 2653 749 ex
2707 697 3033 756 eucharistia
3083 702 3373 772 ducimus,
3424 718 3479 765 et
3525 699 3671 778 eam,

2121 791 2282 845 quam
2334 795 2489 834 sacra
2556 782 2865 841 humanitas
2932 805 3054 845 cum
3105 789 3283 848 Verbo
3335 795 3673 867 hypostatice

2120 871 2420 940 conjuncta
2452 875 2583 930 vivit
2612 916 2639 949 λ
2670 878 2809 934 hanc
2840 881 3003 936 vitam
3033 883 3099 937 ad
3131 886 3361 939 animam
3399 890 3672 958 pertinere

2114 961 2395 1020 admonet.
2423 965 2493 1020 At
2522 967 2731 1027 inutilis
2763 987 2988 1042 prorsus
3019 975 3334 1042 admonitio,
3364 980 3410 1034 si
3445 995 3666 1041 carnem

2110 1057 2164 1105 et
2198 1054 2516 1124 sanguinem
2544 1073 2653 1115 non
2682 1074 2798 1125 ore,
2824 1060 2918 1117 sed
2949 1064 3063 1118 sola
3089 1076 3267 1122 mente
3296 1071 3663 1140 percipimus:

2112 1142 2446 1209 perabsurda
2483 1146 2648 1200 etiam
2689 1157 2797 1205 tota
2823 1155 3153 1222 comparatio
3176 1195 3190 1220 ,
3224 1159 3267 1212 si
3318 1174 3440 1213 cum
3472 1160 3667 1217 huma-

2107 1232 2251 1289 nitas
2279 1234 2481 1293 Christi
2509 1254 2631 1294 cum
2678 1239 2855 1297 Verbo
2883 1244 3217 1317 hypostatice
3244 1251 3530 1322 conjuncta
3566 1255 3661 1325 sit,

2105 1341 2208 1381 nos
2232 1329 2345 1384 sola
2377 1339 2556 1388 mente
2597 1349 2720 1391 cum
2772 1336 2922 1395 illius
2949 1354 3113 1399 carne
3150 1350 3203 1398 et
3234 1345 3496 1416 sanguine
3524 1362 3661 1402 con-

2096 1415 2401 1488 jungimur.

2168 1566 2259 1651 Iv:
2297 1597 2392 1654 liis
2443 1601 2568 1656 addi
2621 1604 2817 1660 debent
2869 1623 2990 1677 quae
3044 1609 3097 1663 in
3146 1611 3287 1669 libro
3331 1614 3404 1670 De
3450 1615 3656 1686 Spiritu

2095 1699 2280 1745 sancto
2333 1691 2624 1764 leguntur,
2677 1712 2784 1752 non
2840 1697 3024 1757 Basilii
3074 1704 3293 1771 solum,
3351 1708 3442 1763 sed
3486 1710 3651 1766 etiam

2091 1781 2335 1836 omnium
2385 1781 2821 1843 Christianorum
2857 1791 3014 1847 ﬁdem
3054 1797 3402 1854 exhibentia:
3437 1800 3514 1855 Τὰ
3548 1804 3650 1874 τῆς

421 1866 539 1943 γὰρ
572 1869 663 1923 καὶ
691 1865 825 1943 αἷμα
871 1879 1048 1933 πᾶσαν
1083 1882 1246 1937 αὑτοῦ
1276 1885 1372 1957 τὴν
1407 1865 1676 1963 μυστικήν
1701 1865 1992 1968 ἐπιδημίαν
2022 1893 2064 1948 Β
2093 1871 2432 1968 ὲῖτικλήσεως
2466 1877 2684 1948 ῥήματα
2717 1880 2808 1934 ἐπὶ
2845 1886 2912 1955 τῇ
2941 1886 3203 1954 ἀναδείξει
3226 1890 3319 1943 τοῦ
3354 1892 3513 1963 ἄρτου
3547 1894 3651 1963 τῆς

426 1956 712 2030 ὠνόμασε,
761 1968 855 2031 καὶ
901 1971 999 2041 τὴν
1044 1974 1109 2027 ὲκ
1156 1956 1464 2050 πρακεξικῆς
1502 1984 1594 2038 καὶ
1629 1956 1876 2059 qustu-71;"
1898 1992 1993 2045 καὶ

428 2046 743 2125 θεολογικῆς
797 2061 1139 2124 συνεστῶσαν
1191 2046 1538 2126 διδασκαλίαν
1596 2046 1871 2147 ὲὲήλωὲξ
1922 2082 1990 2135 δι’

422 2137 491 2239 ᾖς
525 2146 783 2217 τρέφεται
831 2152 1010 2229 ψυχὴ.
1056 2161 1150 2213 καὶ
1182 2163 1319 2232 πρὸς
1362 2166 1458 2236 τὴν
1497 2167 1606 2221 τῶν
1643 2137 1810 2226 ὄντων
1853 2137 1990 2239 iam;

423 2230 653 2305 θεωρίαν
708 2230 1236 2314 παρασκευάζεται(
1268 2254 1450 2313 Potest
1501 2270 1671 2315 autem
1726 2274 1775 2318 et
1826 2267 1985 2325 vitam

417 2324 629 2392 dicere,
669 2348 825 2402 quam
876 2336 998 2392 vivit
1048 2340 1291 2399 Christus
1317 2385 1332 2411 ,
1381 2347 1603 2406 Verbum
1657 2353 1751 2409 Dei
1790 2355 1982 2416 habens

417 2417 474 2482 in
532 2423 720 2491 seipse.
794 2428 964 2500 Atque
1021 2436 1076 2488 id
1136 2439 1306 2508 ipsum
1365 2460 1478 2499 esse
1511 2487 1526 2512 ,
1580 2449 1717 2519 quod
1777 2453 1982 2523 signi/i-

413 2524 601 2577 cqtur,
653 2534 717 2572 ea:
762 2519 844 2578 his
890 2542 1007 2596 qua:
1047 2544 1332 2602 sequuntur
1376 2538 1676 2596 videbimus.
1728 2562 1746 2595 ι
1890 2519 1979 2617 qui

413 2605 700 2666 manducat
729 2629 828 2677 me,
859 2616 1049 2687 inquit,
1085 2622 1205 2677 vivit
1238 2638 1449 2697 propter
1478 2648 1559 2686 me
1584 2633 1647 2686 ³⁸.
1681 2655 1700 2687 ι
1754 2605 1976 2695 Edinius

409 2696 549 2757 enim
580 2699 746 2769 ipsius
777 2721 984 2768 carnem
1009 2752 1024 2773 .
1068 2724 1119 2768 et
1164 2714 1394 2775 bibimus
1446 2723 1610 2790 ipsius
1642 2730 1971 2796 sanguinem,

406 2789 686 2859 participes
743 2796 905 2864 facti,
956 2818 1048 2871 per
1095 2789 1514 2867 incarnationem
1571 2826 1620 2870 et
1677 2822 1972 2877 sensibilem

406 2877 571 2943 vitam
592 2920 608 2939 .
650 2881 804 2950 Verbi
833 2897 881 2942 et
920 2893 1212 2960 sapientiae.
1256 2897 1478 2955 Carnem
1514 2905 1649 2957 enim
1675 2917 1724 2959 et
1758 2911 1971 2978 sangui-

404 2984 542 3038 nem,
578 2983 741 3029 totam
763 2995 915 3034 suam
948 2988 1221 3053 mysticam
1254 2990 1307 3044 in
1338 3008 1493 3048 carne
1524 3002 1965 3056 conversationem

403 3065 642 3128 vocavit,
686 3079 734 3124 et
778 3070 1077 3132 doctrinam
1125 3095 1190 3133 ea:
1238 3085 1475 3150 practica
1528 3098 1580 3142 et
1630 3092 1865 3146 naturali
1916 3105 1965 3159 et

402 3151 693 3225 theologica
729 3163 940 3218 notione
979 3178 1300 3225 constantem
1333 3173 1659 3233 declaravit:
1686 3196 1779 3249 per
1807 3200 1962 3252 quam

397 3251 451 3297 et
478 3250 713 3309 nutritur
741 3253 941 3317 anima,
969 3267 1021 3310 et
1039 3258 1110 3319 ad
1147 3277 1325 3331 eorum
1346 3280 1461 3335 qua:
1489 3277 1612 3328 sunt
1641 3250 1962 3342 contempla-

398 3338 593 3407 tionem
625 3342 840 3401 interim
868 3363 1223 3420 pra'paratur.

464 3478 757 3557 Comparat
793 3502 923 3555 ergo
973 3489 1209 3551 Basilius
1235 3496 1399 3551 vitam
1428 3540 1443 3565 ,
1480 3515 1643 3579 quam
1672 3519 1825 3560 sacra
1857 3506 1961 3561 hu-

392 3573 630 3632 munitas
667 3592 790 3633 cum
848 3579 1029 3638 Verbo
1076 3585 1412 3657 hypostatice
1458 3574 1751 3663 conjuncta
1800 3599 1954 3670 vivit,

391 3680 516 3727 cum
580 3671 739 3739 vita,
792 3692 957 3746 quam
1011 3696 1076 3735 ex
1145 3683 1471 3741 eucharistia
1559 3688 1832 3750 ducimus.
1896 3694 1953 3753 ln

390 3767 630 3830 utroque
677 3775 854 3822 autem
904 3758 1232 3828 catholicum
1276 3775 1474 3846 dogma
1523 3781 1749 3838 miriﬁce
1800 3801 1953 3841 com-

387 3850 650 3915 mendat,
690 3865 744 3910 et
778 3858 905 3914 dum
942 3878 1043 3919 nos
1092 3864 1299 3920 Christi
1348 3883 1572 3925 carnem
1606 3873 1766 3930 edere
1797 3885 1851 3932 et
1890 3879 1954 3932 il-

385 3936 493 4003 lius
541 3949 861 4014 Sanguinem
905 3953 1090 4010 bibere
1126 3956 1293 4021 dicit,
1339 3969 1393 4016 et
1429 3963 1557 4017 dum
1597 3964 1720 4020 vita:
1755 3984 1946 4037 genus,

384 4046 548 4101 quam
604 4051 669 4091 ex
724 4039 872 4096 illius
929 4058 1096 4102 carne
1153 4058 1207 4102 et
1268 4054 1533 4120 sanguine
1594 4058 1945 4128 percipimus,

380 4124 624 4191 exponit.
660 4125 794 4185 lllud
843 4124 992 4187 certe
1029 4138 1307 4208 conceptis
1351 4142 1531 4197 verbis
1568 4124 1809 4201 declarat
1845 4166 1946 4207 nos

379 4212 457 4271 ita
499 4231 719 4273 carnem
758 4221 965 4279 Christi
1000 4227 1201 4291 edere,
1242 4230 1470 4303 ejusque
1510 4239 1828 4307 sanguinem
1863 4243 1945 4298 hi-

378 4304 547 4369 bore.
590 4319 649 4364 ut
692 4312 852 4367 simul
894 4318 1186 4388 participes
1216 4319 1408 4381 ﬁamus
1449 4304 1703 4382 Verbi—et
1729 4333 1942 4401 sapien-

374 4398 488 4465 tiae,
514 4399 643 4469 quia
676 4403 861 4459 carnis
892 4414 947 4460 et
976 4411 1260 4479 sanguinis
1291 4416 1603 4472 nominibus
1643 4427 1755 4474 tota
1783 4398 1942 4478 Chri-

374 4490 447 4545 sti
486 4505 719 4561 persona
744 4536 759 4559 ,
796 4503 910 4551 tota
953 4498 1098 4555 illius
1137 4501 1191 4556 in
1242 4519 1407 4560 carne
1444 4510 1675 4578 mystica
1717 4527 1940 4569 conver-

371 4583 551 4646 satio,
592 4582 709 4639 sive
744 4589 1006 4656 mysticus
1044 4590 1345 4656 adventus,
1380 4595 1717 4669 designatur.
1754 4603 1859 4659 Sed
1888 4606 1934 4660 si
1974 4588 2016 4643 Ῐ)

369 4683 593 4729 carnem
624 4683 678 4727 et
708 4677 1028 4746 sanguinem
1051 4678 1253 4735 Christi
1287 4699 1395 4738 non
1436 4702 1494 4741 re
1515 4727 1531 4752 ,
1565 4688 1657 4744 sed
1686 4691 1799 4745 sola
1832 4692 1935 4750 ﬁde

367 4777 706 4828 sumeremus
730 4808 744 4833 ,
797 4768 1096 4828 absurdum
1145 4773 1295 4831 dictu
1342 4785 1488 4833 esset
1520 4795 1619 4835 nos
1659 4798 1755 4852 per
1792 4783 1933 4840 hanc

366 4869 588 4917 carnem
620 4864 675 4912 et
712 4860 1028 4930 sanguinem
1072 4866 1366 4938 participes
1406 4868 1518 4925 ﬁeri
1552 4870 1711 4928 Verbi
1756 4883 1808 4929 et
1841 4892 1930 4931 sa-

366 4944 604 5015 pientiae.
644 4948 798 5006 Tunc
844 4954 989 5008 enim
1041 4965 1095 5011 et
1151 4975 1280 5016 caro
1337 4969 1392 5017 et
1444 4960 1680 5020 Verbum
1738 4968 1927 5022 eodem

362 5036 527 5097 modo
565 5053 917 5100 sumerentur
940 5087 956 5113 ,
1007 5064 1201 5120 nempe
1247 5052 1369 5109 ﬁdei
1407 5053 1688 5110 beneﬁcio.
1726 5057 1928 5115 Deinde

360 5144 493 5186 vero
525 5146 629 5187 cur
665 5137 1081 5202 monet‘Christi
1130 5159 1300 5201 carne
1346 5156 1398 5201 et
1438 5147 1703 5217 sanguine
1750 5159 1923 5204 totum

356 5216 567 5276 Christi
609 5224 921 5290 mysticum.
943 5229 996 5283 in
1029 5246 1194 5289 carne
1223 5235 1515 5291 adventum
1612 5238 1729 5297 sive
1757 5246 1922 5294 totam

356 5305 507 5372 illius
548 5324 837 5379 personam
864 5318 1171 5392 designari;
1196 5340 1317 5388 cur,
1348 5328 1593 5397 inquam,
1634 5329 1688 5384 id
1719 5340 1922 5396 monet,

352 5398 464 5466 nisi
504 5407 564 5454 ut
600 5404 759 5464 nobis
792 5423 901 5463 non
952 5412 1247 5471 inanimam
1277 5433 1498 5473 carnem
1524 5460 1538 5484 ,
1573 5436 1680 5475 non
1709 5437 1739 5475 a
1784 5423 1923 5478 divi-

351 5487 525 5546 nitate
568 5504 878 5563 separatam
913 5506 1114 5574 apponi
1154 5507 1528 5566 demonstret?
1565 5510 1670 5568 Sed
1708 5513 1754 5568 si
1804 5514 1920 5570 haec

350 5594 480 5647 caro
520 5583 636 5640 sola
668 5584 772 5643 ﬁde
820 5594 1157 5664 percipitur,
1191 5599 1313 5670 quis
1347 5603 1621 5671 metuendi
1656 5604 1809 5663 locus
1840 5624 1919 5677 ne

427 5760 469 5805 ’.'
490 5760 645 5829 δοίη).
682 5782 755 5833 γι,
795 5768 879 5837 58.
958 5772 1001 5803 ³⁸
1035 5773 1165 5845 ibid.

2091 1963 2440 2037 εὐχαριστίας
2472 1970 2566 2022 καὶ
2594 1971 2688 2025 τοῦ
2714 1976 2970 2046 ποτηρίου
2998 1978 3097 2048 τῆς
3125 1979 3371 2049 εὐλογίας
3389 2022 3404 2045 ,
3432 1984 3516 2047 τίς
3537 1984 3648 2040 τῶν

2089 2055 2259 2123 ἁγίων
2308 2059 2598 2130 ἐγγράφως
2647 2064 2779 2134 ἡμῖν
2832 2067 3260 2138 καταλέλοιπενς
3309 2075 3382 2127 Οὐ
3432 2075 3539 2148 γὰρ
3577 2076 3645 2156 δὴ

2085 2147 2295 2213 τούτοις
2321 2151 2635 2224 ἀρκούμεθα
2658 2196 2673 2219 ,
2704 2149 2778 2209 ὧν
2802 2158 2831 2209 ὁ
2879 2159 3198 2227 Ἀπόστολος
3232 2162 3264 2236 ἢ
3308 2165 3368 2219 τὸ
3401 2147 3646 2236 Εὐαγγέλ

2084 2236 2196 2291 λιον
2227 2239 2542 2315 ἐπεμνήσθη
2563 2285 2577 2309 ,
2614 2245 2747 2301 ἀλλὰ
2779 2246 2871 2302 καὶ
2905 2250 3239 2324 προλέγομεν
3264 2256 3357 2308 καὶ
3401 2257 3645 2327 ἐπιλέγοη

2085 2347 2184 2401 μεν
2228 2332 2389 2404 ἔτερα
2428 2335 2506 2399 ὡς
2551 2339 2792 2412 μεγάλην
2836 2342 3025 2414 ἔχοντα
3051 2346 3187 2416 πρὸς
3234 2347 3296 2400 τὸ
3346 2351 3643 2422 μυστήριον

2079 2422 2178 2492 τὴν
2232 2426 2420 2496 ἰσχὺν,
2453 2429 2517 2482 ἐκ
2571 2431 2669 2501 τῆς
2717 2434 2963 2506 ἀγράφου
3005 2438 3353 2506 διδασκαλίας
3397 2444 3644 2515 παραλα-

2078 2511 2263 2579 ϐόντες
2287 2529 2300 2543 °
2340 2515 2691 2577 lnvocationis
2722 2514 2893 2588 verba,
2940 2529 3113 2598 inquit
3145 2531 3283 2602 (cap.
3320 2533 3409 2599 27,
3441 2511 3493 2589 n'.
3520 2535 3634 2607 66),

2076 2620 2192 2657 cum
2243 2610 2519 2675 con/icitur
2559 2615 2712 2683 panis
2752 2621 3087 2675 eucharistiw
3137 2633 3187 2677 et
3242 2626 3483 2690 poculum
3541 2627 3633 2682 bes

2075 2696 2383 2755 nedictionis
2410 2742 2424 2765 ,
2474 2706 2588 2774 quis
2633 2718 2936 2765 sanctorum
2978 2714 3031 2767 in
3073 2717 3270 2785 scripto
3314 2720 3459 2773 nobis
3509 2720 3632 2774 reli-

2071 2788 2222 2857 quit?
2258 2788 2366 2845 Nec
2391 2794 2529 2848 enim
2559 2795 2640 2852 his
2669 2803 2896 2855 contenti
2921 2820 3101 2860 sumus
3126 2847 3141 2870 ,
3183 2825 3298 2879 qua:
3327 2827 3636 2867 commemo-

2071 2889 2155 2934 rat
2192 2881 2475 2951 Apostolus
2519 2898 2611 2942 aut
2660 2889 3001 2963 Evangelium
3028 2937 3042 2961 ,
3074 2915 3250 2954 verum
3295 2903 3404 2957 alia
3431 2922 3635 2977 quoque

2068 2984 2191 3027 ante
2234 2984 2283 3033 et
2332 2988 2449 3044 post
2497 2981 2724 3038 dicimus
2761 3023 2776 3048 ,
2814 2996 3060 3058 tanquam
3116 2996 3337 3050 multum
3386 2990 3633 3057 habentia

2067 3069 2313 3120 momenti
2363 3070 2433 3122 ad
2485 3077 2787 3141 mysterium
2824 3119 2838 3142 ,
2893 3096 3009 3150 quae
3058 3099 3123 3136 ea:
3184 3087 3467 3144 traditione
3522 3108 3629 3147 non

2063 3158 2262 3226 scripta
2295 3163 2604 3231 accepimus.
2655 3166 2823 3225 Nemo
2866 3176 3142 3242 negaverit
3174 3178 3419 3236 indicari
3464 3197 3492 3235 a
3530 3181 3632 3237 Bas

2068 3247 2190 3301 sitio
2237 3250 2333 3306 has
2382 3270 2611 3324 preces,
2670 3258 2792 3330 quae
2847 3262 2902 3320 iu
2953 3264 3167 3338 liturgia
3214 3269 3317 3340 ipsi
3363 3274 3625 3333 attributa

2068 3338 2320 3407 leguntur
2346 3346 2519 3410 (tom.
2556 3348 2616 3413 ιι,
2649 3367 2702 3420 p.
2734 3351 2906 3424 679):
2934 3354 3135 3411 Ἐλθεῖν
3180 3338 3247 3413 τδή
3273 3361 3496 3435 Πνεῦμα
3528 3382 3625 3423 σω

2063 3428 2122 3481 τὸ
2152 3429 2303 3498 ἅγιον
2334 3436 2419 3503 ἐφ’
2449 3438 2597 3508 ἡμᾶς
2638 3442 2765 3506 τοὺς
2803 3443 3021 3510 δούλους
3053 3465 3148 3502 σου
3177 3451 3269 3505 ἐπὶ
3305 3453 3371 3507 τά
3405 3428 3625 3527 κροκείεη

2066 3520 2201 3588 μενά
2240 3539 2333 3576 σου
2380 3526 2527 3613 δῶρα
2568 3532 2779 3601 ταῦτα,
2816 3537 2911 3598 καὶ
2953 3539 3175 3607 ἁγιάσαι
3211 3546 3302 3605 καὶ
3346 3520 3620 3613 ἀναδεῖξαι

2061 3612 2191 3681 ἅγια
2219 3617 2386 3685 ἁγίων
2408 3637 2423 3651 ’
2468 3612 2565 3677 καὶ
2600 3628 2795 3701 ποιήσῃ
2834 3629 2925 3684 τὸν
2954 3632 3051 3701 μὲν
3079 3633 3261 3705 ἄρτον,
3295 3639 3476 3694 τοῦτον
3528 3642 3617 3712 γί-

2059 3706 2242 3762 νεσθαι
2270 3713 2349 3774 εἰς
2371 3712 2433 3766 τὸ
2465 3714 2618 3784 ἅγιον
2663 3717 2821 3789 σῶμα
2852 3722 3013 3775 αὐτοῦ
3053 3724 3146 3784 τοῦ
3190 3729 3393 3800 Κυρίου
3429 3731 3485 3785 δὲ
3524 3706 3619 3786 καὶ

2057 3796 2191 3852 Θεοῦ
2220 3803 2313 3855 καὶ
2336 3804 2586 3878 Σωτῆρος
2620 3809 2775 3881 ἡμῶν
2816 3814 2987 3886 Ἰησοῦ
3014 3817 3248 3888 Χριστοῦ
3268 3796 3292 3886 ξ
3321 3823 3400 3886 είς
3424 3823 3619 3891 ἄφεσιν

2055 3889 2369 3963 ἁμαρτιῶν,
2402 3899 2497 3951 καὶ
2540 3902 2618 3964 είς
2659 3903 2804 3976 ζωὴν
2839 3907 2938 3979 τὴν
2970 3908 3190 3963 αἰώνιον
3212 3914 3325 3975 τοῖς
3357 3912 3415 3978 ἐξ
3449 3889 3615 3968 αὑτοῦ

2058 3983 2565 4074 μεταλαμϐάνουσι·
2620 3993 2683 4047 τὸ
2718 3995 2776 4050 δὲ
2809 4000 3062 4073 ποτήριον
3105 4002 3296 4067 τοῦτο,
3337 4004 3397 4059 τὸ
3434 4006 3616 4074 τίμιον

2052 4063 2192 4140 αἷμα
2221 4073 2282 4125 τὸ
2316 4076 2417 4146 τῆς
2450 4081 2658 4151 Καινῆς
2691 4063 2962 4159 Διαθήκηξ
2993 4089 3157 4143 αὑτοῦ
3193 4063 3293 4145 τοῦ,
3320 4063 3522 4165 Κυρίου
3554 4095 3614 4151 δὲ

2051 4163 2142 4214 καὶ
2188 4164 2323 4219 Θεοῦ
2372 4169 2464 4221 καὶ
2511 4172 2763 4245 Σωτῆρος
2785 4177 2940 4247 ήμῶν
2973 4180 3145 4250 Ἰησοῦ
3173 4163 3427 4253 Χριστοῦ»,
3464 4195 3567 4241 etc.
3590 4206 3608 4240 :

2054 4253 2122 4309 Ut
2166 4260 2337 4313 veniat
2371 4261 2597 4331 Spiritus
2638 4278 2852 4322 sanctus
2905 4284 3025 4326 tuus
3066 4289 3221 4343 super
3262 4291 3387 4339 nos,
3433 4295 3611 4335 servos

2050 4356 2185 4413 tuos,
2209 4359 2258 4403 et
2287 4368 2443 4420 super
2463 4360 2733 4424 proposita
2765 4360 2874 4415 lucc
2902 4361 3040 4416 dona
3064 4374 3153 4417 tua
3176 4405 3192 4430 ,
3220 4370 3610 4441 sancti/iretque

2045 4448 2093 4492 et
2128 4440 2327 4510 efﬁciat
2381 4461 2444 4499 ea
2494 4458 2678 4516 sancta
2725 4462 3053 4510 sanctorum.
3111 4454 3179 4510 Et
3218 4459 3385 4529 faciat
3416 4478 3604 4531 panem

2044 4531 2251 4597 quidem
2288 4534 2448 4588 istum
2504 4538 2621 4607 [ieri
2672 4557 2861 4606 corpus
2918 4555 3157 4603 sanctum
3201 4550 3365 4618 ipsius
3392 4552 3607 4608 Domini

2042 4620 2140 4675 Dei
2166 4633 2217 4677 et
2239 4622 2534 4685 Saluatoris
2567 4635 2735 4686 nostri
2757 4633 2883 4688 .Iesu
2916 4636 3133 4706 Christi,
3164 4643 3218 4695 in
3242 4645 3600 4699 remissionem

2039 4724 2368 4778 peccatorum
2417 4729 2468 4773 et
2517 4722 2676 4775 vitam
2709 4734 2994 4791 (sternam,
3026 4745 3091 4782 ea:
3134 4731 3230 4786 illo
3270 4735 3597 4803 participan-

2040 4805 2208 4870 tibus;
2241 4818 2291 4862 et
2348 4812 2563 4866 calicem
2588 4815 2757 4881 hunc,
2804 4821 3087 4888 pretiosum
3127 4827 3432 4895 sanguinem
3479 4830 3596 4883 novi

2040 4903 2337 4954 testamenti
2370 4903 2537 4971 ipsius
2586 4905 2801 4962 Domini
2850 4910 2946 4964 Dei
2992 4922 3043 4966 et
3089 4914 3382 4972 Saluatoris
3430 4921 3598 4975 nostri

2034 4986 2161 5045 Iesu
2199 4990 2433 5059 Christi,
2470 5002 2578 5051 etc.
2614 4994 2767 5053 Unde
2804 5008 2984 5055 autem
3027 5005 3292 5074 ejusmodi
3323 5024 3512 5077 preces
3537 5008 3592 5064 in

2032 5082 2285 5137 omnibus
2328 5082 2585 5145 Ecclesiis
2611 5128 2627 5153 ,
2671 5092 2778 5146 nisi
2833 5110 2897 5148 ex
2940 5097 3247 5153 certissima
3287 5099 3429 5164 ﬁde,
3484 5117 3589 5171 qua

2028 5170 2328 5230 Christiani
2376 5193 2567 5238 omnes
2594 5198 2787 5253 panem
2837 5195 2890 5241 et
2927 5188 3108 5243 vinum
3137 5193 3330 5246 mutari
3376 5193 3430 5246 in
3469 5208 3590 5248 cor-

2029 5279 2133 5337 pus
2185 5274 2240 5321 et
2279 5273 2600 5340 sanguinem
2646 5274 2851 5333 Christi
2906 5279 3241 5335 credebant?
3294 5280 3394 5336 Cui
3443 5283 3587 5337 enim

2026 5356 2080 5415 id
2116 5361 2330 5429 precari
2386 5364 2441 5418 in
2484 5374 2715 5427 mentem
2761 5370 3036 5426 venisset?
3070 5373 3195 5443 quis
3235 5373 3333 5428 has
3373 5390 3587 5443 preces,

2028 5456 2277 5521 tanquam
2325 5455 2549 5510 multum
2591 5456 2837 5517 habentes
2883 5466 3130 5519 momenti
3169 5466 3237 5518 ad
3283 5468 3587 5536 mysterium

2027 5540 2329 5600 addidisset
2362 5548 2542 5605 verbis
2578 5553 2937 5621 evangelicis,
2982 5555 3027 5609 si
3054 5555 3311 5612 Ecclesiae
3340 5559 3588 5642 proposi-

2024 5638 2140 5690 tum
2172 5650 2280 5697 non
2311 5645 2429 5693 erat
2461 5643 2813 5711 mutationem
2851 5644 3176 5725 impetrare?
