3908 6550
185 412 244 467 57
1606 415 1850 474 PREFA
1860 417 1992 474 TIO.
3318 417 3385 472 58

869 549 896 620 ς
933 547 1064 604 vm.

183 686 222 746 Ι.
259 692 318 743 δ.
366 686 561 740 Basilii
593 685 898 739 testimonia
937 685 999 737 de
1030 695 1359 751 peccatorum
1397 684 1735 753 confessione.

251 757 309 811 ll.
360 757 572 812 Invidia
621 765 668 809 et
709 755 819 824 alia
863 754 1121 824 ejusmodi
1154 765 1366 823 peccata
1399 756 1736 824 confessionis

249 829 348 898 legi
409 827 666 898 subjecta.
724 823 810 878 Ill.
848 823 926 878 De
967 833 1174 892 peccato
1217 823 1615 895 originalier.
1662 823 1739 880 De

249 900 448 954 Christi
477 897 674 967 gratia.

245 1034 285 1090 1.
322 1033 568 1103 Longius
593 1071 609 1096 ,
643 1045 805 1102 quam
844 1029 975 1084 mihi
1006 1028 1344 1099 propositum
1375 1037 1492 1094 est,
1526 1041 1736 1100 tempus

176 1125 539 1186 estraherem,
571 1123 616 1176 si
653 1122 706 1174 in
743 1121 998 1174 omnibus
1027 1118 1347 1188 colligendis
1394 1125 1733 1185 immorarer,

175 1230 514 1285 quaecunque
540 1229 606 1267 ex
635 1211 692 1267 S.
737 1210 922 1265 Basilii
949 1211 1203 1280 operibus
1229 1211 1295 1265 ad
1321 1213 1567 1282 dogmata
1606 1228 1736 1268 con-

176 1307 436 1362 ﬁrmanda
463 1306 587 1360 erui
610 1314 859 1374 possunt.
885 1301 1063 1368 Quare
1087 1303 1226 1356 hanc
1254 1302 1500 1359 ﬁniemus
1528 1312 1737 1374 pertra-

175 1399 463 1454 ctationem
497 1396 764 1465 appositis
799 1394 866 1451 de
890 1404 1230 1462 peccatorum
1252 1393 1623 1458 confessione,
1669 1394 1736 1450 de

175 1497 393 1560 peccato
418 1487 676 1557 originali
705 1493 760 1540 et
791 1485 859 1538 de
889 1483 1084 1537 Christi
1123 1484 1297 1554 gratia
1333 1485 1677 1540 testimoniis.

237 1598 661 1654 Confessionem
702 1603 1048 1666 peccatorum
1095 1594 1461 1648 necessariam
1495 1608 1618 1649 esse
1665 1594 1734 1648 ad

175 1694 380 1747 veniam
409 1705 438 1742 a
484 1689 597 1742 Deo
622 1685 1062 1756 consequendam
1094 1687 1252 1738 docet
1285 1684 1520 1740 Basilius
1549 1687 1603 1740 in
1635 1687 1732 1740 ho—

172 1778 276 1829 mil.
321 1777 376 1827 in
411 1774 559 1842 psal.
591 1789 775 1827 nm:
823 1771 945 1826 Vult
978 1773 1054 1825 tui
1081 1773 1318 1826 misereri
1337 1771 1532 1841 iudex,
1565 1774 1736 1843 inquit

172 1877 242 1936 (p.
276 1866 429 1936 154),
464 1876 618 1933 teque
660 1864 1051 1918 miserationum
1079 1879 1294 1918 suarum
1322 1863 1492 1934 facere
1519 1867 1735 1934 partici-

169 1974 303 2024 pem;
342 1960 394 2012 si
440 1958 602 2010 modo
638 1966 751 2025 post
781 1965 1047 2025 peccatum
1091 1957 1337 2026 repererit
1380 1965 1426 2011 te
1464 1957 1734 2026 humilem,

170 2053 448 2104 contritum
470 2091 486 2113 ,
520 2066 685 2118 prava
723 2064 880 2116 opera
911 2049 1131 2102 multum
1166 2049 1521 2118 deplorantem
1540 2089 1554 2115 ,
1584 2067 1646 2104 ac
1674 2067 1736 2106 ea

170 2155 272 2210 qua
307 2139 458 2190 clam
491 2138 642 2206 facta
669 2145 790 2190 sunt
828 2136 1149 2206 evulgantem
1180 2139 1314 2193 citra
1343 2138 1616 2205 pudorem,
1648 2156 1736 2193 ro-

169 2239 368 2301 gantem
393 2229 600 2297 fratres
623 2227 717 2279 tibi
740 2236 795 2279 ut
824 2228 929 2280 sint
959 2227 1258 2296 adjnmento
1283 2227 1351 2282 ad
1381 2229 1736 2299 accipiendam

169 2320 440 2375 adlatam.
500 2319 562 2373 In
633 2317 838 2389 Regulis
894 2317 1210 2374 brevioribus
1265 2319 1380 2373 haec
1434 2320 1738 2375 instituitur

169 2412 389 2482 quaestio
413 2412 644 2481 (quaest.
672 2409 798 2480 229)
825 2427 838 2463 :
871 2408 1055 2463 Utrum
1089 2418 1326 2478 oporteat
1357 2412 1540 2464 vetitas
1571 2413 1740 2466 actio-

167 2523 240 2559 ιις
261 2505 409 2558 citra
440 2501 808 2556 verecundiam
833 2501 1070 2554 omnibus
1099 2499 1351 2570 detegere,
1385 2517 1452 2554 an
1475 2499 1736 2571 aliquibus

168 2597 428 2649 Ιιιηιαεαι
461 2610 480 2646 :
513 2603 563 2647 et
602 2594 817 2662 quinam
845 2593 899 2644 hi
925 2593 1026 2646 sint
1053 2609 1071 2646 :
1108 2592 1188 2645 sic
1217 2592 1509 2661 respondet
1541 2590 1598 2646 S.
1633 2591 1736 2644 Ba-

167 2690 313 2742 silius
340 2706 355 2740 :
393 2684 676 2740 Servanda
702 2693 778 2738 est
809 2685 946 2736 ratio
971 2682 1148 2736 eadem
1179 2685 1230 2737 in
1254 2692 1584 2752 peccatorum
1612 2699 1736 2737 con-

167 2780 409 2840 fessione,
446 2794 569 2848 qua:
603 2778 657 2830 in
689 2775 982 2845 detegendis
1026 2776 1257 2843 corporis
1298 2774 1494 2829 morbis
1521 2775 1734 2829 adhibe-

166 2882 263 2925 tur.
325 2867 796 2934 Quemadmodum
852 2866 1012 2935 igitur
1069 2866 1300 2932 corporis
1378 2865 1583 2919 morbos
1635 2881 1737 2918 non

167 2963 404 3017 )mnibus
448 2959 784 3029 patefaciunt
823 2957 1054 3011 homines
1075 2997 1089 3020 ,
1124 2974 1280 3026 neque
1305 2957 1567 3027 quibusvis
1594 3011 1606 3024 ,
1647 2956 1737 3013 sed

165 3057 224 3110 iis
260 3056 354 3124 qui
381 3056 578 3106 horum
611 3049 962 3104 curandorum
987 3047 1141 3108 periti
1167 3057 1288 3102 sunt
1312 3062 1329 3100 :
1353 3049 1430 3101 ita
1462 3049 1577 3117 ﬁeri
1606 3064 1735 3117 quo-

166 3165 251 3217 que
273 3146 428 3201 debet
459 3155 798 3214 peccatorum
830 3141 1080 3208 confessio
1111 3157 1285 3192 coram
1322 3141 1388 3193 iis
1427 3141 1513 3209 qui
1553 3156 1737 3194 curare

166 3240 266 3293 “ure
289 3239 528 3309 possint,
547 3244 702 3305 prout
720 3235 970 3301 scriptum
995 3242 1070 3285 est
1093 3248 1109 3284 :
1131 3251 1149 3284 ι
1173 3230 1271 3285 Vos
1295 3233 1383 3300 qui
1405 3231 1563 3301 fortes
1588 3232 1734 3295 estis,

165 3303 510 3400 .n/irinitates
549 3303 808 3382 debilium
855 3333 1055 3395 portate
1081 3325 1147 3389 ³⁵,
1176 3343 1193 3374 ι
1232 3325 1326 3377 hoc
1357 3339 1463 3384 est,
1509 3340 1636 3377 cura
1675 3339 1736 3376 ac
1766 3303 1807 3362 ε

168 3423 440 3494 liligentia
486 3431 660 3475 vestra
707 3418 895 3477 tollite.
939 3417 1143 3472 Similis
1185 3425 1267 3470 est
1312 3413 1540 3482 qurestio
1573 3413 1678 3469 288
1719 3432 1732 3468 :

167 3516 266 3582 Qui
312 3517 426 3569 rult
481 3511 727 3580 conﬁteri
786 3517 998 3577 peccata
1052 3524 1184 3567 sua,
1237 3505 1448 3559 debetne
1501 3505 1737 3574 conﬁteri

169 3607 407 3660 nauibus
449 3616 506 3659 et
544 3602 896 3673 quibuslibet,
940 3617 1008 3653 an
1056 3599 1211 3653 certis
1251 3597 1607 3668 quibusdam?
1646 3596 1738 3651 Sic

167 3697 463 3768 respondet
510 3693 788 3749 Basilius:
836 3691 1125 3749 Consilium
1175 3689 1512 3758 benignitatis
1553 3688 1644 3741 Dei
1682 3689 1736 3740 in

170 3789 510 3844 sectantibus
540 3785 881 3853 manifestum
917 3792 1016 3844 est,
1038 3781 1278 3859 jumtaid
1313 3778 1449 3850 quod
1488 3779 1739 3846 scriptum

171 3894 239 3937 est
257 3899 276 3934 :
295 3900 312 3932 ι
340 3880 397 3934 Ν
401 3898 473 3934 οη
487 3878 606 3932 volo
631 3885 849 3930 mortem
873 3875 1178 3941 peccatoris,
1207 3871 1296 3925 sed
1326 3879 1380 3923 ut
1411 3879 1740 3929 convertatur

170 3991 294 4045 φη,
322 3984 376 4027 et
408 3973 553 4025 vivat
575 3971 637 4021 ³⁸.
672 3989 691 4020 ι
727 3967 990 4032 Quoniam
1016 3967 1178 4035 igitur
1207 3964 1522 4033 ptenitentiae
1551 3962 1739 4022 modus

172 4063 310 4114 leber
342 4068 566 4128 peccato
605 4070 914 4125 congruere,
947 4070 1005 4107 ac
1027 4055 1187 4108 etiam
1220 4069 1354 4120 opus
1377 4061 1452 4106 est
1485 4052 1739 4120 fructibus

172 4155 340 4223 tignis
365 4151 712 4220 paenitentia,
756 4149 916 4218 juxta
942 4147 1076 4199 hanc
1103 4146 1417 4199 sententiam
1441 4185 1455 4206 ,
1493 4163 1510 4195 ι
1557 4144 1742 4198 Facite
1775 4197 1781 4202 ,

169 4247 378 4300 fructus
409 4244 604 4313 dignos
637 4239 961 4309 pwnitentite
977 4240 1043 4301 ³⁷,
1078 4258 1094 4288 ι
1126 4246 1182 4288 ut
1216 4254 1276 4290 ne
1301 4237 1565 4304 fructuum
1582 4251 1741 4304 penu-

170 4343 249 4391 ria
308 4339 489 4390 locum
549 4333 777 4386 habeant
830 4348 904 4384 ere
970 4346 1086 4400 qua:
1133 4328 1518 4396 subsequuntur
1566 4328 1740 4381 minae.

170 4449 188 4482 ι
230 4431 399 4491 Nam,
453 4428 626 4497 inquit
663 4466 677 4486 ,
724 4425 892 4480 omnis
923 4424 1081 4476 arbor
1125 4439 1226 4476 non
1263 4423 1458 4490 faciens
1515 4421 1744 4490 fructum

171 4525 391 4582 bonum,
415 4517 766 4582 “scinditur,
784 4525 832 4569 et
863 4517 916 4568 in
938 4517 1107 4584 ignem
1129 4513 1358 4566 mittitur
1378 4513 1454 4578 ’8;
1479 4532 1496 4564 ι
1530 4523 1745 4581 peccata

1767 544 1812 600 Α
1851 547 2012 593 tatem
2038 552 2154 590 erui
2180 551 2358 606 posse.
2389 535 2493 590 Sed
2521 531 2769 590 eludendi
2798 535 2972 587 locum
3002 550 3107 607 non
3137 535 3389 606 relinquit

1846 631 2069 701 petitum
2104 645 2166 683 ex
2200 629 2478 698 corporeis
2507 628 2707 682 morbis
2734 628 3056 696 exemplum,
3083 635 3192 680 tum
3223 629 3387 682 etiam

1843 723 1984 794 quod
2018 723 2093 776 ait
2146 721 2379 776 Basilius
2414 722 2745 791 paenitentiae
2787 720 3124 789 imponenda:
3170 723 3384 774 modum

1847 819 2068 882 peccato
2098 827 2395 882 congruere
2423 811 2637 866 debere.
2675 810 2950 876 Quomodo
2984 812 3128 865 enim
3165 813 3387 868 morbus

1839 903 2005 956 animi
2031 903 2331 966 curabitur,
2366 902 2409 957 si
2441 909 2782 972 peccatorum
2818 916 3078 956 numerus
3116 908 3167 956 et
3195 916 3385 970 graves

1839 992 2262 1046 circumstantiae
2288 990 2566 1045 celentur?
2593 997 2684 1043 aut
2711 992 2979 1060 quomodo
3009 1005 3165 1059 paena
3197 1007 3386 1060 pecca-

1839 1071 2018 1116 torum
2051 1077 2277 1116 numero
2309 1071 2362 1116 et
2403 1060 2756 1130 magnitudini
2801 1070 3060 1130 congruet
3085 1101 3098 1124 ,
3131 1063 3233 1115 nisi
3274 1063 3387 1113 sin-

1841 1153 1962 1224 gula
2013 1161 2231 1222 peccata
2283 1161 2336 1206 et
2379 1151 2801 1206 circumstantiae
2861 1151 3206 1220 aperiantur?
3255 1151 3387 1204 Illud

1841 1252 2042 1309 autem,
2077 1245 2174 1314 τῆς
2211 1244 2542 1313 ἐπιστροφῆς
2572 1245 2600 1295 ὁ
2631 1243 2848 1313 τρόπος,
2894 1242 3042 1297 reddi
3074 1243 3251 1306 debet,
3281 1260 3387 1311 pa:-

1837 1336 2070 1390 nitentite
2103 1332 2424 1404 imponenda:
2455 1334 2639 1388 modus
2659 1374 2673 1398 ,
2705 1337 2781 1389 vel
2825 1349 2985 1402 paena:
3019 1336 3200 1388 modus
3231 1348 3249 1387 :
3287 1335 3389 1387 mi-

1834 1425 1977 1479 nime
2008 1440 2157 1487 vero,
2201 1426 2547 1480 conversionis
2577 1427 2779 1480 modus.
2814 1424 2964 1478 Hanc
3000 1426 3143 1478 enim
3175 1425 3228 1478 in
3263 1440 3386 1479 sen-

1834 1517 2056 1572 tentiam
2089 1516 2341 1586 usurpari
2387 1517 2525 1571 solet
2562 1531 2624 1571 ea
2658 1531 2761 1570 vox
2798 1517 2854 1570 in
2889 1515 3155 1585 ejusmodi
3205 1517 3338 1572 locis
3370 1535 3384 1571 :

1837 1607 1995 1677 cujus
2028 1607 2106 1662 rei
2138 1608 2308 1661 multa
2339 1614 2628 1678 suppetunt
2661 1609 2799 1678 apud
2843 1607 3096 1663 Basilium
3123 1608 3386 1677 exempla,

1838 1707 1897 1754 ut
1925 1700 1979 1754 in
2017 1701 2179 1771 epist.
2223 1701 2309 1755 75.
2347 1700 2573 1755 Frustra
2607 1715 2733 1770 ergo
2779 1699 3049 1753 Scultetus
3097 1699 3388 1754 conﬁtendi

1835 1793 2216 1846 necessitatem
2239 1833 2252 1857 ,
2283 1792 2349 1846 de
2385 1807 2489 1862 qua
2533 1793 2584 1845 in
2621 1799 2813 1862 quaest.
2853 1791 2956 1845 288
2996 1792 3195 1861 agitur,
3233 1792 3285 1844 in
3323 1806 3387 1846 eo

1840 1882 2068 1951 positam
2108 1897 2229 1938 esse
2271 1882 2588 1945 contendit,
2646 1882 2824 1950 quod,
2869 1883 2914 1936 si
2963 1883 3086 1950 quis
3137 1883 3388 1935 conﬁteri

1836 1974 1968 2028 velit
2001 1984 2252 2045 peccata,
2289 1975 2538 2043 quamvis
2574 1990 2797 2029 necesse
2829 1974 2881 2027 id
2911 1991 3020 2029 non
3063 1975 3156 2036 sit,
3202 1975 3246 2028 is
3279 1991 3386 2028 non

1835 2065 1957 2121 aliis
1988 2064 2232 2119 conﬁteri
2270 2064 2491 2128 debeat,
2534 2080 2692 2134 quam
2726 2066 2792 2118 iis
2825 2065 3024 2134 quibus
3056 2066 3260 2118 credita
3305 2075 3388 2118 est

1834 2157 2164 2227 dispensatio
2190 2158 2568 2228 mysteriorum
2598 2157 2711 2212 Dei.
2745 2156 2802 2209 Si
2828 2156 3099 2211 confessio
3125 2157 3388 2226 cujusque

1835 2248 2063 2301 arbitrio
2102 2248 2364 2317 permissa
2409 2255 2588 2309 esset,
2624 2263 2724 2301 nec
2757 2248 2864 2299 ulla
2905 2255 3050 2301 esset
3093 2248 3386 2302 conﬁtendi

1834 2330 2169 2394 necessitas;
2203 2331 2374 2384 satius
2409 2332 2576 2384 multo
2611 2346 2673 2384 ac
2717 2331 2887 2384 tutius
2919 2329 3054 2384 foret
3085 2331 3225 2398 apud
3257 2345 3388 2398 pru-

1834 2412 2021 2470 dentes
2055 2429 2117 2468 ac
2153 2415 2351 2484 pietate
2386 2415 2625 2484 insignes
2674 2414 2819 2468 viros
2852 2422 3070 2482 peccata
3106 2411 3387 2476 conﬁteri,

1837 2522 2001 2576 quam
2026 2506 2167 2575 apud
2201 2507 2566 2577 presbyteros,
2598 2507 2689 2576 qui
2718 2521 2824 2558 non
2859 2521 3070 2574 semper
3103 2489 3387 2574 prudentia

1836 2611 1899 2650 ac
1933 2596 2133 2665 pietate
2164 2597 2451 2650 excellunt.
2487 2595 2665 2661 Quare
2696 2595 2968 2664 Basilius,
3019 2610 3139 2649 ριιιιι
3173 2595 3246 2646 ait
3293 2609 3386 2648 ne-

1834 2704 1988 2744 cesse
2020 2704 2143 2743 esse
2181 2697 2401 2758 peccata
2442 2688 2508 2742 iis
2539 2687 2813 2751 conﬁteri,
2844 2688 3042 2756 quibus
3070 2687 3272 2739 credita
3305 2694 3388 2745 est

1835 2779 2164 2850 dispensatio
2187 2778 2562 2848 mysteriorum
2588 2777 2703 2841 Dei,
2733 2777 2892 2831 simul
2916 2785 2968 2830 et
2988 2777 3384 2830 confessionem

1835 2870 2040 2940 peccati
2097 2869 2459 2924 necessariam
2513 2885 2668 2932 esse,
2717 2877 2767 2922 el
2820 2869 3192 2938 paenitentiam
3248 2871 3390 2921 inter

1836 2961 2174 3018 sacramenta
2207 2966 2593 3018 numerandam
2624 2977 2744 3016 esse
2770 2961 3121 3014 demonstrat.

1903 3089 2056 3144 Mitto
2083 3091 2242 3144 aliam
2278 3090 2671 3145 cavillationem
2709 3090 2935 3145 Sculteti
2955 3132 2968 3152 ,
2996 3087 3087 3158 qui
3119 3101 3386 3142 memora-

1837 3188 1919 3236 tas
1972 3196 2001 3234 a
2058 3181 2115 3236 S.
2174 3180 2374 3236 Basilio
2435 3189 2779 3250 peccatorum
2839 3179 3214 3234 confessiones
3267 3187 3391 3230 ante

1841 3273 2198 3342 baptismum,
2251 3287 2351 3328 nec
2396 3273 2738 3342 praescriptas
2763 3271 2964 3334 fuisse,
2999 3285 3099 3325 nec
3150 3269 3392 3338 singulo-

1838 3377 1955 3413 rum
1990 3370 2338 3429 peccatorum
2386 3362 2849 3416 enumerationem
2891 3360 3146 3415 habuisse
3177 3359 3387 3429 objicit.

1835 3454 1904 3510 At
1952 3456 2174 3511 minime
2217 3455 2409 3526 probat
2455 3457 2539 3512 his
2571 3456 2833 3526 exemplis
2869 3456 2946 3509 uti
2983 3470 3088 3508 non
3139 3454 3394 3509 debuisse

1837 3549 2130 3613 Basilium,
2178 3558 2236 3602 ut
2281 3550 2349 3604 ad
2392 3551 2762 3619 praescriptam
2815 3563 2846 3602 a
2888 3549 3106 3604 Christo
3150 3547 3391 3602 omnium

1835 3649 2181 3710 peccatorum
2235 3640 2630 3698 confessionem
2691 3641 3025 3702 hortaretur,
3055 3647 3108 3694 et
3153 3651 3183 3690 a
3229 3651 3393 3706 pravo

1839 3732 2042 3804 pudore
2069 3739 2342 3787 avocaret.

1908 3868 2093 3924 Utitur
2129 3869 2290 3922 etiam
2329 3865 2599 3921 Scultetus
2649 3865 2833 3935 regula
2867 3865 3112 3919 breviore
3152 3864 3252 3917 llo
3275 3903 3290 3926 ,
3339 3863 3392 3916 in

1839 3976 1944 4030 qua
1987 3959 2318 4030 praecipitur,
2371 3967 2430 4013 ut
2471 3959 2709 4030 virgines
2750 3973 2847 4028 per
2891 3954 3230 4027 praafectam,
3283 3955 3396 4009 sive

1841 4054 2107 4106 seniorem
2149 4065 2304 4107 suam
2351 4050 2665 4121 presbytero
2711 4049 3091 4104 conﬁteantur.
3140 4047 3245 4101 Sed
3295 4047 3398 4100 hoc

1839 4143 2032 4197 vitium
2091 4143 2432 4212 superiorum
2486 4141 2786 4195 editionum
2834 4143 2889 4193 in
2951 4140 3050 4192 hac
3103 4138 3399 4192 novissima

1841 4232 2185 4288 emendatum
2219 4241 2322 4297 est,
2354 4248 2455 4286 nec
2477 4232 2774 4301 quidquam
2802 4229 2948 4284 aliud
2980 4229 3219 4298 principit
3249 4227 3402 4282 Basi-

1841 4329 1968 4388 lius,
2005 4327 2110 4382 nisi
2142 4335 2200 4379 ut
2230 4325 2372 4380 adsit
2403 4325 2586 4379 decori
2621 4338 2788 4377 causa
2816 4322 3069 4392 praelecta
3105 4321 3398 4390 virginum,

1843 4419 1973 4473 dum
2023 4432 2244 4472 sorores
2293 4417 2618 4470 conﬁtentur
2674 4415 3010 4483 presbytero.
3054 4411 3195 4464 Idem
3242 4419 3400 4464 antea

1846 4510 2257 4585 praescripserat
2294 4509 2346 4560 in
2393 4523 2505 4576 reg.
2539 4505 2675 4570 108,
2729 4514 2787 4558 ut
2835 4504 3144 4573 prazfectus,
3179 4503 3402 4556 absente

171 4613 242 4665 iis
283 4608 535 4676 conﬁteri
580 4622 784 4659 necesse
828 4614 939 4667 est,
991 4602 1180 4674 quibus
1229 4603 1602 4673 mysteriorum
1650 4602 1744 4655 Dei
1776 4638 1820 4695 υ
1849 4602 2127 4673 [ιι-ίιξΐθειίι,
2159 4616 2282 4657 cum
2319 4601 2606 4655 sororibus
2635 4599 2703 4653 de
2735 4598 2897 4653 rebus
2924 4596 2990 4651 ad
3023 4596 3141 4652 ﬁdei
3167 4594 3402 4656 aediﬁca-

172 4702 483 4757 :ancredita
525 4698 848 4766 dispensatio
885 4705 963 4750 est
1000 4696 1064 4748 ³⁹.
1106 4693 1196 4749 Sic
1237 4695 1374 4747 enim
1404 4703 1452 4746 et
1499 4695 1586 4762 qui
1615 4692 1742 4746 olim

170 4793 542 4847 "nitentium
572 4799 791 4858 egerunt
815 4831 830 4851 ,
865 4803 1044 4841 coram
1081 4789 1281 4841 sanctis
1326 4786 1509 4850 fecisse
1537 4801 1742 4851 compe-

171 4887 414 4937 rixatur.
439 4881 712 4948 Scriptum
745 4887 823 4932 est
858 4879 1017 4940 enim,
1051 4879 1104 4930 in
1135 4876 1415 4946 Evangelia
1437 4875 1645 4945 quidem
1674 4874 1740 4938 ⁸ο,

171 4974 311 5045 quod
335 4981 559 5041 peccata
588 4987 685 5024 sua
714 4968 912 5023 Joanni
950 4969 1203 5036 Baptista:
1240 4967 1658 5035 conﬁtebantur;
1690 4965 1742 5018 in

172 5069 320 5120 Actis
355 5081 476 5117 vero
501 5064 570 5126 “,
600 5062 853 5129 apostolis
885 5062 1037 5130 ipsis,
1063 5077 1094 5112 a
1116 5059 1303 5129 quibus
1325 5059 1483 5112 etiam
1511 5057 1744 5126 baptiza-

171 5161 378 5212 bantur
419 5155 618 5207 cuncti.
666 5151 804 5206 Vide
842 5151 1289 5206 commentarium
1330 5150 1384 5201 in
1436 5146 1638 5201 Isaiam
1672 5157 1740 5216 'p.

172 5247 296 5301 553.

242 5359 420 5428 Negat
465 5353 746 5412 Scultetus
777 5353 888 5421 (l7)
921 5366 988 5406 ex
1021 5351 1108 5405 his
1141 5350 1278 5405 locis
1312 5349 1598 5420 specialem
1625 5363 1750 5419 pec-

172 5463 430 5508 extorum
467 5444 940 5502 enumerationem
980 5452 1074 5496 aut
1111 5439 1474 5497 confessionis
1509 5439 1749 5497 necessi-

244 5587 292 5620 ³⁸
327 5587 489 5640 ltom.
526 5599 614 5649 xv,
649 5581 702 5646 t;
728 5579 847 5635 Gal.
873 5593 948 5644 vr,
979 5577 1035 5633 2.
1109 5578 1153 5609 ⁸*
1177 5576 1372 5634 Ezecb.
1411 5577 1709 5642 suun“.

176 5672 261 5725 In,
294 5658 352 5713 6.
430 5656 473 5685 "
515 5656 640 5708 Act.
680 5667 794 5713 nx,
818 5649 871 5702 8.

249 5795 363 5852 «17)
397 5790 600 5848 ΜεάιιΙ.
629 5788 814 5850 theol.,
850 5793 989 5853 part.
1026 5801 1095 5848 tv,
1130 5799 1180 5856 ιι.
1205 5783 1328 5838 9.36.

1788 5577 1830 5608 ³⁷
1867 5576 1998 5634 Luc.
2021 5593 2100 5632 ιιι.
2130 5577 2181 5631 8.

1846 4699 2048 4750 tionem
2077 4692 2474 4764 pertinentibus
2509 4706 2613 4744 non
2655 4691 2924 4758 loquatur.
2961 4687 3064 4742 Sed
3112 4704 3179 4742 ne
3211 4701 3400 4756 pecca-

1849 4798 2025 4843 torum
2072 4784 2346 4840 confessio
2376 4782 2553 4851 excipi
2586 4782 2782 4837 debere
2831 4780 3123 4843 videretur,
3170 4779 3295 4832 huic
3323 4776 3400 4830 rei

1848 4879 2242 4936 occurrendum
2274 4891 2396 4930 esse
2427 4874 2600 4928 duxit.

1920 5008 2068 5062 Hanc
2094 5005 2280 5062 Basilii
2310 5005 2611 5060 doctrinam
2638 5003 2958 5058 conﬁrmant
2987 5009 3096 5055 tres
3123 4999 3268 5053 illius
3293 4996 3406 5067 epi-

1850 5101 2002 5156 stola:
2018 5097 2310 5161 canonicze,
2337 5110 2456 5164 quae
2483 5095 2606 5172 dum
2635 5095 2816 5149 varias
2835 5101 3174 5163 peccatorum
3196 5091 3407 5159 Species

1855 5201 1908 5246 et
1939 5188 2140 5260 gradus
2173 5196 2427 5242 accurate
2457 5194 2877 5257 persequuntur,
2911 5200 3069 5255 quam
3110 5192 3258 5237 arcte
3287 5199 3404 5237 ser-

1853 5289 2033 5334 vatum
2077 5276 2240 5331 fuerit
2287 5277 2577 5330 conﬁtendi
2626 5284 2949 5346 praeceptum
2997 5273 3405 5338 demonstrant;

1853 5381 2166 5441 quantaque
2208 5368 2482 5424 exstiterit
2519 5367 2896 5438 episcoporum
2942 5364 2994 5416 in
3030 5363 3266 5431 peccatis
3311 5378 3408 5431 pro

1853 5463 2051 5518 merito
2085 5460 2372 5531 puniendis
2401 5459 2695 5528 diligentia.
2731 5456 2980 5511 Mulieres
3012 5455 3270 5509 adulterae
3300 5454 3409 5523 (ep.

2259 5576 2302 5608 ³⁸
2334 5574 2463 5634 ibid.
2499 5573 2552 5632 9.
2635 5572 2723 5626 “l
2757 5572 2884 5629 Cor.
2913 5587 2983 5638 tv,
3019 5573 3068 5625 Ι.
3142 5573 3186 5602 ⁸ο
3221 5569 3410 5626 Matth.
