3908 6540
498 391 562 447 59
1916 378 2300 437 PMFATIO.
3622 365 3691 422 60

495 506 622 570 200,
648 519 768 559 can.
802 503 891 575 ’54)
911 546 927 571 ,
961 504 1044 557 vel
1077 511 1270 575 sponte
1300 502 1593 568 confessae,
1626 516 1711 557 vel
1753 499 2047 562 convictas,

2157 495 2317 547 κόπου
2368 492 2428 546 τὸ
2461 489 2696 544 τοιοῦτον
2747 483 3089 554 ἐξιλάσασθαι
3134 482 3322 546 πάθοςο
3374 479 3476 546 Qui
3521 491 3693 553 autem

496 614 606 653 non
654 599 1046 669 percurrebant
1087 597 1268 654 varios
1307 597 1638 668 paenitentiae
1681 593 1917 665 gradus,
1953 593 2047 650 sed

497 691 642 747 inter
683 690 1048 746 consistentes
1095 697 1310 760 tempus
1335 689 1644 758 explebant.
1676 685 1872 740 Cautio
1905 685 2047 739 enim

495 791 613 836 erat
640 797 706 836 ne
735 782 788 835 in
820 781 1121 852 periculum
1154 781 1349 834 mortis
1386 779 1811 848 conjicerentur,
1845 775 1891 830 si
1926 791 2046 844 pec-

497 882 679 928 catum
717 873 1049 942 vulgaretur.
1082 868 1208 936 Sed,
1228 870 1274 924 si
1292 870 1498 924 nullum
1526 867 1966 925 erat-confitendi
1996 875 2050 922 et

498 963 760 1033 puniendi
802 963 1011 1032 peccati
1053 970 1417 1032 praeceptum,
1464 976 1564 1015 cur
1603 975 1709 1033 non
1757 960 1846 1033 illa
1885 959 2048 1013 etiam

497 1030 871 1088 remittebatur
932 1030 1071 1086 inter
1120 1030 1484 1086 consistentes
1531 1030 1879 1100 pmnitentia,
1929 1042 2050 1097 qua:

497 1127 740 1196 periculo
772 1139 1000 1196 prorsus
1034 1137 1146 1178 non
1185 1123 1448 1178 carebat?
1478 1137 1576 1176 cur
1606 1121 1735 1175 furti
1769 1123 1891 1190 (ep.
1921 1118 2047 1183 217,

497 1234 620 1274 can.
665 1216 767 1289 6i)
827 1218 1106 1273 convictus
1132 1215 1296 1285 duplo
1328 1215 1626 1286 graviorem
1664 1227 1876 1284 pmnam
1927 1227 2051 1266 sus-

495 1305 720 1367 tinebat,
776 1319 938 1377 quam
969 1312 1162 1374 sponte
1187 1303 1508 1360 confessus?
1537 1301 1704 1356 Nemo
1727 1316 1953 1372 prorsus
1981 1300 2051 1355 ab

500 1397 603 1450 hac
672 1396 789 1466 lege
853 1395 1282 1450 confitendorum
1358 1403 1705 1464 peccatorum
1773 1392 2046 1447 immunis.

498 1484 805 1556 Presbyteri
835 1492 890 1540 et
929 1483 1143 1539 diaconi
1171 1484 1317 1554 (can.
1349 1482 1436 1555 70)
1456 1523 1470 1545 ,
1501 1483 1592 1553 qui
1620 1499 1678 1537 se
1707 1482 1864 1536 labiis
1893 1488 2050 1536 tenus

496 1576 1197 1648 peccasse'conlitebantur,
1227 1574 1547 1631 excidehant
1587 1573 1755 1644 gradu
1801 1588 1900 1629 suo
1932 1591 1946 1627 :
1986 1587 2051 1628 ac

497 1683 568 1723 ne
598 1668 704 1725 illis
733 1668 952 1738 quidem
979 1668 1290 1723 communio
1318 1683 1441 1721 cum
1469 1667 1799 1737 presbyteris
1821 1672 1912 1720 aut
1935 1665 2052 1719 dia-

499 1759 652 1815 cnuis
683 1759 1106 1830 relinquebatur,
1147 1758 1194 1815 si
1226 1758 1356 1831 quid
1409 1758 1642 1828 amplius
1674 1771 1927 1816 peccasse
1954 1755 2050 1812 de-

498 1851 986 1922 prehenderentur.

567 1986 631 2043 ll.
685 1986 741 2040 ln
785 1987 869 2042 his
908 1989 1206 2042 canombus
1253 1985 1526 2051 avaritiae,
1568 1974 1783 2040 invidiae
1827 1993 1881 2040 et
1928 1977 2049 2040 aliis

496 2080 765 2148 ejusmodi
825 2081 970 2136 vitiis
1021 2081 1181 2135 nullae
1253 2081 1571 2135 nominatim
1642 2081 2050 2134 constituuntur

497 2188 691 2243 poenae.
725 2170 828 2228 Sed
860 2189 966 2227 non
1005 2174 1212 2227 idcirco
1247 2173 1543 2243 putandum
1573 2179 1656 2226 est
1692 2170 2049 2225 confessionis

498 2265 603 2336 legi
650 2266 892 2335 subjecta
932 2282 1039 2320 non
1077 2265 1263 2321 fuisse.
1291 2265 1424 2319 Nam
1469 2264 1704 2320 Basilius
1748 2267 1801 2318 in
1845 2263 2049 2334 Regalis

499 2357 856 2423 brevioribus,
912 2366 1196 2427 postquam
1229 2358 1376 2428 (reg.
1420 2357 1542 2427 288)
1602 2358 1790 2410 statuit
1830 2362 2051 2425 peccata

501 2447 568 2503 iis
599 2449 731 2503 solis
767 2449 1074 2503 confitenda
1101 2463 1222 2503 esse
1246 2487 1260 2510 ,
1287 2449 1483 2517 quibus
1508 2446 1710 2502 credita
1737 2455 1820 2502 est
1839 2449 2052 2518 dispen-

499 2540 638 2594 satio
661 2540 1040 2610 mysteriorum
1075 2539 1186 2604 Dei,
1216 2539 1356 2594 hanc
1389 2543 1741 2609 quaestionem
1770 2540 2005 2596 instituit
2034 2561 2046 2596 :

510 2629 568 2683 '0
603 2631 934 2701 μετανοήσας
968 2632 1059 2683 ἐπὶ
1099 2632 1491 2702 ἁμαρτήματι,
1525 2633 1618 2686 καὶ
1656 2632 1814 2686 πάλιν
1862 2634 1942 2696 εἰς
1989 2633 2050 2685 τὸ

495 2715 627 2770 αὐτὸ
677 2714 930 2785 ἐμπεσὼν
981 2716 1314 2788 ἁμάρτημα,
1353 2717 1406 2770 τί
1460 2718 1672 2787 ποιήσει
1717 2721 1849 2787 (reg.
1891 2717 2049 2786 289);

499 2805 606 2873 Qui
633 2806 985 2875 paanitentiam
1023 2808 1123 2876 egit
1153 2807 1377 2874 peccati,
1420 2823 1481 2860 ac
1509 2823 1689 2860 rursus
1723 2807 1777 2860 in
1803 2806 1935 2860 idem
1967 2809 2050 2860 la-

499 2900 641 2952 bitur
667 2907 954 2965 peccatum,
992 2897 1116 2969 quid
1147 2898 1346 2966 faciet?
1375 2897 1622 2953 Declarat
1649 2896 1880 2952 Basilius
1905 2898 2052 2966 ejus-

497 2989 644 3044 modi
686 2990 930 3044 homines
970 2990 1174 3044 idcirco
1207 2990 1396 3053 relabi,
1429 2995 1556 3060 quia
1579 2989 1815 3043 radicem
1842 2990 2048 3059 peccati

497 3095 606 3135 non
633 3081 876 3136 tollunt:
919 3096 982 3136 ac
1022 3081 1227 3152 profert
1273 3083 1503 3150 exempli
1539 3083 1659 3136 loco
1702 3082 1956 3136 invidiam
1995 3091 2047 3138 et

491 3170 764 3243 iurgium,
794 3189 914 3243 quae
952 3189 1018 3228 ex
1061 3174 1240 3228 radice
1281 3175 1484 3230 amoris
1528 3174 1712 3244 gloria:
1750 3175 2034 3243 pullulant.
2079 3167 2123 3224 C

501 3263 655 3319 Unde
698 3265 778 3319 sic
815 3265 1127 3319 concludit:
1189 3265 1248 3320 Si
1297 3267 1412 3334 quis
1438 3307 1452 3331 ,
1502 3268 1683 3336 igitur,
1715 3269 1803 3320 ubi
1837 3283 1891 3322 se
1937 3269 2045 3337 ipse

499 3357 657 3410 semel
698 3356 1110 3411 condemnaverit
1151 3357 1359 3412 invidia:
1408 3367 1502 3411 aut
1530 3357 1728 3428 jurgii,
1763 3359 1816 3412 in
1871 3358 2046 3413 eadem

501 3463 684 3502 rursus
730 3449 959 3512 incidat;
993 3450 1189 3503 noverit
1229 3466 1282 3502 se
1321 3466 1384 3503 ex
1423 3451 1678 3519 primaria
1725 3452 1933 3506 invidia:
1962 3460 2052 3504 aut

490 3539 661 3612 jurgii
690 3558 872 3606 causa,
899 3544 1078 3611 gloriae
1117 3545 1290 3598 studio
1316 3547 1370 3598 in
1394 3545 1587 3598 intimis
1615 3542 1876 3598 laborare.

571 3677 852 3747 Ejusmodi
909 3695 1040 3748 ergo
1090 3691 1309 3748 peccata
1360 3691 1700 3736 sacerdotum
1755 3681 2055 3750 prudentia:

499 3773 741 3826 curanda
782 3773 1270 3842 permittebantur:
1320 3771 1415 3826 sed
1454 3789 1558 3826 non
1602 3774 1806 3828 idcirco
1841 3773 2054 3828 confes—

499 3863 674 3918 sionis
716 3864 818 3934 legi
867 3865 1346 3919 suhtrahebantur.
1396 3866 1571 3935 Atque
1628 3866 1683 3920 id
1732 3865 2056 3919 conﬁrmare

500 3967 793 4020 possumus
823 3955 1134 4008 testimonio
1166 3954 1411 4025 Gregorii
1445 3955 1693 4026 Nysseni,
1725 3956 1816 4024 qui
1848 3971 1968 4008 cum
2001 3956 2055 4009 in

501 4043 730 4111 epistola
762 4045 1022 4098 canonica
1045 4054 1324 4114 queratur,
1353 4047 1496 4116 quod
1532 4047 1598 4100 de
1628 4047 1902 4101 nonnullis
1931 4061 2057 4116 pec-

503 4133 678 4194 catis,
730 4135 908 4202 qualia
958 4142 1086 4189 sunt
1149 4138 1392 4190 convicia
1442 4137 1518 4207 (p.
1569 4138 1726 4209 119),
1771 4141 2055 4195 maledicta

504 4228 583 4292 (p.
631 4224 792 4294 121).
828 4241 992 4280 usura
1036 4236 1089 4281 et
1134 4228 1434 4282 alienarum
1484 4244 1664 4282 rerum
1712 4229 1812 4283 sub
1855 4230 2054 4300 negotii

502 4322 764 4384 praetextu
795 4327 1018 4386 raptus,
1051 4319 1254 4372 conditi
1299 4335 1327 4371 a
1368 4319 1619 4374 Patribus
1663 4335 1900 4377 canones
1947 4339 2057 4378 non

504 4407 728 4469 fuerint,
775 4424 873 4462 nec
917 4418 1123 4463 tantum
1156 4411 1256 4465 sibi
1294 4413 1638 4468 auctoritatis
1687 4425 1967 4480 assumat,
1998 4425 2057 4470 ut

2153 585 2337 639 latenti
2357 582 2622 636 ablatione
2649 579 2749 634 sibi
2775 595 2881 633 rem
2909 577 3140 631 alienam
3163 579 3400 640 usurpat,
3430 588 3490 624 ac
3510 568 3694 624 deinde

2151 692 2240 745 per
2286 675 2665 744 confessionem
2697 681 2962 742 peccatum
2999 685 3148 723 suum
3191 664 3446 722 sacerdoti
3493 663 3694 731 aperit,

2148 785 2238 840 per
2266 767 2590 822 contrarium
2629 765 2752 819 vitio
2792 763 3023 817 studium
3062 758 3416 830 (egritudinem
3448 755 3694 808 curabit:

2147 861 2262 914 dico
2303 867 2475 913 autem
2497 897 2511 921 ,
2545 853 2840 926 largiendo,
2874 868 2990 924 qua:
3032 851 3218 916 habet,
3259 847 3568 919 pauperibus
3593 886 3608 911 ,
3636 853 3697 900 ut

2148 955 2272 1008 dum
2301 969 2417 1024 qua:
2452 951 2603 1006 habet
2627 949 2927 1020 profundit,
2966 963 3020 1002 se
3047 947 3111 1000 ab
3142 944 3377 1000 avaritia:
3411 941 3590 996 morbo
3628 941 3698 994 li-

2151 1047 2328 1102 berum
2355 1055 2528 1116 aperte
2563 1042 2806 1098 ostendat
2839 1054 2856 1092 :
2891 1040 2971 1094 sin
3005 1047 3175 1092 autem
3209 1035 3337 1090 nihil
3369 1033 3512 1087 aliud
3553 1049 3696 1101 prce-

2151 1147 2384 1208 terquam
2436 1136 2606 1191 solum
2653 1150 2838 1204 corpus
2880 1130 3086 1194 habeat,
3121 1128 3263 1197 jubet
3297 1125 3570 1195 Apostolus
3605 1139 3700 1192 per

2149 1228 2377 1282 laborem
2407 1226 2731 1295 corporalem
2764 1226 2812 1280 ei
2847 1223 3025 1278 morbo
3057 1220 3247 1275 mederi
3271 1218 3336 1270 “.
3366 1215 3570 1271 Similia
3597 1214 3699 1268 ha-

2147 1319 2236 1374 bet
2259 1317 2491 1372 Basilius
2519 1317 2586 1372 de
2627 1315 2810 1372 usuris
2836 1315 2977 1384 (can.
3011 1312 3098 1376 14,
3127 1326 3213 1382 ep.
3244 1308 3388 1380 188),
3429 1321 3563 1377 quas
3601 1307 3697 1376 qui

2148 1408 2378 1478 accepit,
2409 1422 2533 1463 eum
2577 1421 2607 1460 a
2637 1404 2942 1461 sacerdotio
2969 1419 3080 1458 non
3110 1402 3378 1465 excludit,
3415 1400 3573 1455 modo
3605 1399 3699 1452 in-

2142 1501 2347 1571 justum
2380 1499 2592 1554 lucrum
2632 1499 2689 1552 in
2721 1510 2984 1568 pauperes
3013 1496 3249 1550 insumat
3276 1499 3330 1546 et
3361 1493 3429 1547 ab
3456 1489 3701 1546 avaritia:

2149 1589 2342 1645 morbo
2368 1589 2597 1645 liberum
2624 1603 2685 1645 se
2711 1587 2980 1644 exhibeat.

2185 1721 2304 1781 'lll.
2363 1721 2674 1786 Peccatum,
2722 1718 2865 1790 quod
2920 1733 2986 1773 ex
3020 1716 3196 1787 primo
3249 1728 3436 1768 omnes
3471 1717 3702 1781 parente

2075 1835 2120 1891 Β
2149 1816 2436 1881 traximus,
2472 1816 2552 1870 sic
2578 1811 2837 1882 praedicat
2857 1807 3109 1872 Basilius,
3137 1815 3197 1859 ut
3223 1803 3381 1857 facile
3410 1807 3584 1873 pateat
3609 1800 3701 1853 ni-

2152 1908 2226 1962 hil
2255 1907 2399 1960 aliud
2433 1905 2491 1960 S.
2525 1902 2888 1973 Augustinum
2929 1907 3122 1954 contra
3163 1895 3480 1965 Pelagianos
3507 1890 3701 1945 defen-

2147 2001 2332 2073 disse,,
2361 1999 2462 2054 nisi
2512 1995 2654 2066 quod
2709 1998 2966 2066 perpetua
3013 1989 3269 2044 Ecclesia:
3319 1983 3702 2057 praedicatione

2156 2093 2456 2149 constabat.
2505 2087 2748 2152 Exsolve,
2786 2083 2960 2154 inquit
2990 2081 3220 2136 Basilius
3265 2077 3451 2132 homil.
3504 2075 3557 2128 in
3607 2073 3702 2141 fa-

2149 2202 2280 2239 mem
2333 2200 2387 2254 p.
2449 2183 2547 2244 70,
2604 2187 2874 2250 peccatum
2929 2171 3322 2244 primigenium,
3381 2168 3702 2220 cibariorum

2151 2275 2445 2344 largitione.
2484 2267 2930 2336 Quemadmodum
2966 2264 3102 2318 enim
3143 2260 3313 2314 Adam
3346 2255 3576 2326 improbo
3605 2271 3703 2308 esu

2147 2371 2412 2434 peccatum
2462 2359 2750 2414 transmisit
2798 2369 2818 2410 :
2856 2355 2931 2409 sic
2981 2370 3073 2406 nos
3125 2350 3461 2405 insidiantem
3525 2361 3700 2400 escam

2150 2457 2440 2516 abolemus,
2481 2453 2527 2506 si
2565 2450 2750 2522 fratris
2795 2447 3151 2501 necessitatem
3207 2441 3494 2510 famemque
3541 2451 3704 2489 cura-

2150 2565 2288 2602 mus.
2321 2545 2380 2600 Et
2414 2546 2469 2598 in
2505 2542 2641 2612 psal.
2676 2556 2804 2595 xxix
2866 2537 2955 2604 (p.
2996 2534 3132 2606 199)
3167 2551 3183 2588 :
3225 2530 3450 2586 Pulcher
3491 2525 3704 2597 quidem

2149 2655 2316 2700 eram,
2367 2637 2562 2706 inquit,
2618 2630 2899 2688 secundum
2944 2637 3210 2688 naturam,
3250 2621 3339 2678 sed
3383 2620 3702 2690 languidus,

2149 2739 2422 2800 propterea
2447 2723 2584 2797 quod
2613 2739 2678 2779 ea:
2706 2719 2953 2788 serpentis
2993 2715 3200 2770 insidiis
3228 2721 3435 2781 peccato
3459 2719 3704 2764 mortuus

2150 2838 2315 2877 eram.
2340 2820 2479 2874 Alibi
2522 2819 2598 2881 (in
2627 2815 2763 2883 psal.
2811 2827 2984 2876 xxx",
3022 2825 3077 2880 p.
3132 2805 3253 2878 132)
3290 2811 3444 2860 vocat
3477 2816 3704 2870 serpen-

2151 2922 2259 2970 tem
2312 2911 2518 2983 peccati
2559 2915 2859 2962 auctorem.
2919 2901 3122 2957 ibidem
3157 2899 3231 2968 (p.
3278 2895 3400 2962 135)
3431 2912 3444 2948 :
3478 2892 3704 2959 Propter

2155 3002 2634 3062 condemnationem
2665 2999 2716 3052 in
2748 3013 2841 3049 nos
2866 2994 2928 3047 ob
2962 3000 3230 3062 peccatum
3268 2987 3532 3056 prolatam
3559 2992 3706 3036 terra

2155 3095 2399 3154 dicimur,
2449 3107 2541 3144 nos
2568 3088 2657 3160 qui
2699 3102 2729 3138 a
2765 3085 2869 3141 Deo
2916 3081 3211 3138 audivimus
3243 3093 3261 3130 :
3303 3094 3322 3127 ι
3363 3075 3524 3128 Terra
3553 3088 3629 3134 es,
3651 3081 3704 3124 et

2156 3187 2210 3239 in
2239 3195 2429 3237 terram
2458 3182 2577 3234 ibis.
2613 3197 2631 3230 ι
2667 3175 2728 3232 Et
2759 3176 2811 3228 in
2841 3174 2978 3243 psal.
3017 3185 3186 3225 xxxm
3219 3169 3292 3236 (p.
3331 3165 3454 3234 158)
3481 3182 3494 3218 :
3520 3162 3706 3229 Quan-

2155 3276 2431 3349 doquidem
2460 3275 2518 3336 ii,
2549 3273 2637 3343 qui
2667 3270 2780 3325 ideo
2812 3266 2974 3321 creati
3003 3271 3151 3319 erant
3186 3269 3244 3313 ut
3275 3257 3492 3311 Domino
3517 3253 3705 3349 lserpi-

2155 3341 2304 3432 rent,
2358 3364 2452 3419 sub
2500 3341 2699 3416 inimici
2743 3357 2988 3414 servitute
3043 3347 3436 3409 detinebantur,
3485 3341 3704 3395 illorum

2163 3463 2366 3517 animas
2387 3458 2612 3527 pretioso
2636 3470 2731 3509 suo
2760 3451 3014 3522 sanguine
3034 3445 3273 3500 redimet.

2225 3591 2376 3660 Saepe
2402 3589 2536 3642 alias
2564 3585 2797 3640 Basilius
2824 3582 2890 3636 de
2927 3585 3146 3649 peccato
3180 3571 3486 3660 primorum
3507 3578 3706 3660 paren-

2156 3696 2266 3740 tum
2313 3655 2575 3752 loquitur,
2610 3685 2669 3731 ut
2710 3676 2776 3730 de
2811 3673 2970 3741 culpa
3022 3677 3361 3736 nequaquam
3408 3655 3601 3752 Adami
3649 3662 3708 3709 et

2155 3775 2277 3829 Evae
2307 3750 2545 3844 propria,
2593 3769 2685 3824 sed
2737 3766 2805 3821 ad
2851 3777 3037 3820 eorum
3089 3767 3330 3829 posteros
3379 3750 3704 3822 pertinente.

2155 3867 2411 3929 Adamus,
2448 3864 2620 3934 inquit
2659 3862 2712 3915 in
2739 3858 2927 3913 homil.
2969 3855 3036 3910 de
3093 3865 3180 3911 eo,
3233 3845 3382 3913 Quod
3428 3845 3706 3934 Deusnon

2154 3969 2233 4014 est
2287 3967 2471 4012 auctor
2503 3931 2767 4009 malorum
2813 3952 2965 4009 (tom.
2999 3944 3061 4008 ll,
3101 3960 3155 4013 p.
3187 3940 3299 4010 79),
3345 3931 3620 3991 secedendo
3671 3947 3707 3983 a

2157 4051 2262 4104 Deo
2298 4058 2513 4103 mortem
2551 4044 2794 4098 conscivit
2827 4040 2927 4094 sibi
2963 4037 3084 4107 ipsi,
3102 4035 3261 4103 juxta
3303 4029 3356 4083 id
3397 4024 3534 4096 quod
3573 4022 3708 4077 scri-

2155 4153 2298 4212 ptum
2327 4149 2403 4194 est
2437 4154 2456 4193 :
2495 4158 2511 4189 ι
2545 4137 2674 4191 Ecce
2700 4136 2786 4205 qui
2809 4133 3049 4199 elongant
3081 4142 3134 4179 se
3163 4142 3192 4176 a
3225 4131 3290 4184 te,
3321 4118 3557 4187 peribunt
3579 4114 3646 4168 “.
3681 4132 3702 4166 ι

2157 4233 2246 4288 Sic
2275 4247 2375 4285 non
2404 4229 2594 4282 creavit
2626 4226 2763 4279 Deus
2798 4229 3036 4281 mortem,
3065 4214 3153 4270 sed
3177 4230 3266 4266 nos
3301 4210 3452 4264 nobis
3479 4207 3606 4274 ipsis
3641 4220 3709 4258 ex

2157 4342 2318 4392 prava
2344 4331 2510 4377 mente
2541 4337 2654 4373 eam
2680 4313 3066 4370 accersivimus.
3108 4306 3220 4359 Non
3247 4299 3599 4357 omittendum
3623 4304 3712 4352 est

2160 4389 2370 4488 insigne
2414 4411 2782 4469 testimonium
2825 4422 2889 4461 ex
2939 4403 3096 4473 epist.
3139 4398 3264 4460 261,
3301 4411 3356 4449 ιι.
3405 4392 3460 4455 2,
3507 4390 3596 4445 ubi
3625 4389 3712 4488 sic

503 4497 771 4563 ejusmodi
817 4499 1114 4553 constituat
1163 4517 1431 4567 canones;
1472 4503 1585 4558 haec
1615 4513 1793 4560 tamen
1838 4518 2054 4576 peccata
2087 4513 2134 4572 ι)
2159 4481 2393 4579 loquitur
2417 4503 2684 4559 Basilius:
2731 4498 2929 4566 Itaque,
2965 4495 3010 4549 si
3060 4491 3270 4545 Domini
3309 4488 3365 4540 in
3418 4499 3572 4538 carne
3609 4481 3714 4533 ad-

502 4585 834 4643 confessioni
906 4591 1149 4660 subjecta
1202 4609 1324 4649 esse
1375 4595 1660 4652 manifeste
1707 4597 1942 4661 indicat,
1991 4615 2055 4654 ac

503 4695 719 4736 summo
762 4681 943 4736 studio
987 4699 1016 4736 a
1065 4686 1440 4742 sacerdotibus
1483 4690 1746 4745 curanda.
1788 4690 1877 4746 Sic
1914 4693 2057 4747 enim

503 4767 744 4838 loquitur
764 4770 830 4824 de
855 4771 947 4825 illo
977 4771 1117 4827 inter
1143 4777 1533 4845 negotiandum
1559 4781 1746 4836 alienae
1767 4783 1841 4838 rei
1868 4791 2057 4852 raptu:

514 4859 574 4913 '0
600 4860 658 4912 δὲ
681 4860 747 4912 δι’
775 4861 1112 4932 ὑφαιρέσεως
1135 4865 1498 4940 λανθανούσης
1528 4871 1975 4944 σφετεριζόμενος
2000 4873 2060 4925 τὸ

502 4949 797 5023 ἀλλότριον,
845 4947 960 5006 εἶτα
1021 4955 1086 5008 δι’
1136 4956 1534 5030 ὲξαγορεύσεως
1575 4963 1636 5015 τὸ
1685 4963 2061 5035 πλημμέλημα

505 5039 668 5093 αὐτοῦ
699 5041 776 5112 τῷ
803 5043 937 5114 ἱερεῖ
964 5045 1302 5116 φανερώσας,
1331 5049 1431 5118 τῆς
1458 5051 1582 5120 περὶ
1610 5051 1670 5104 τὸ
1701 5051 1940 5109 ἐναντίον
1966 5053 2060 5105 τοῦ

509 5129 711 5193 πάθους
741 5132 940 5204 σπουδῇ
977 5134 1302 5205 θεραπεύσει
1330 5138 1427 5209 ιτὴν
1460 5141 1768 5210 ἀρρωστίαν
1789 5157 1802 5169 ·
1836 5141 1978 5210 λέγω
2005 5142 2061 5195 δὲ

505 5218 593 5270 διὰ
623 5221 715 5272 τοῦ
749 5222 817 5274 τὰ
847 5225 1115 5294 προσόντα
1145 5227 1400 5298 παρέχειν
1432 5233 1544 5292 τοῖς
1583 5229 1826 5299 πένησιν,
1861 5232 1945 5284 ἵνα
1988 5232 2063 5304 τῷ

507 5304 767 5389 προέσθαι
800 5306 835 5360 ἃ
867 5308 1013 5378 ἔχει,
1046 5312 1274 5382 φανερὸς
1329 5313 1554 5385 γένηται
1600 5316 1916 5388 καθαρεύων
1962 5318 2060 5389 τῆς

505 5388 651 5443 κατὰ
679 5391 986 5461 πλεονεξίαν
1012 5397 1165 5451 νόσου
1190 5416 1202 5429 ·
1226 5399 1273 5451 εἰ
1297 5399 1354 5452 δὲ
1378 5400 1542 5471 μηδὲν
1572 5401 1703 5472 ἔχοι,
1737 5405 1894 5475 μόνον
1918 5406 1972 5460 δὲ
2002 5388 2062 5459 ab

508 5483 666 5553 σῶμα
700 5483 832 5553 ἔχοι,
867 5488 1074 5542 κελεύει
1104 5494 1132 5545 ὁ
1161 5491 1491 5558 ’Δπόστολος,
1525 5493 1610 5546 διὰ
1633 5494 1725 5548 τοῦ
1755 5499 2062 5569 σωματικοῦ

580 5751 624 5782 ⁸³
661 5750 859 5818 Ephes.
895 5767 966 5819 tr,
1001 5751 1092 5806 28.
1168 5751 1210 5782 "
1241 5752 1568 5822 Psal.t.xxn,
1597 5752 1684 5807 27.

2159 4576 2338 4658 ventus
2364 4614 2465 4653 non
2506 4595 2625 4666 fuit,
2654 4609 2755 4646 non
2785 4589 2926 4643 dedit
2955 4584 3261 4651 Redemptor
3289 4596 3382 4648 pro
3417 4576 3561 4631 nobis
3590 4591 3714 4644 pre-

2160 4697 2290 4749 tium
2320 4691 2500 4751 morti,
2523 4704 2612 4742 nec
2635 4701 2724 4754 per
2753 4683 2976 4749 seipsum
3009 4677 3192 4731 mortis
3225 4687 3436 4741 regnum
3463 4667 3708 4722 resecuit.

2167 4782 2222 4838 Si
2258 4782 2393 4835 enim
2423 4775 2569 4832 aliud
2591 4784 2744 4837 esset,
2783 4769 2922 4842 quod
2955 4765 3138 4822 mortis
3170 4762 3382 4830 imperio
3420 4757 3713 4826 subjectum

2164 4885 2296 4937 erat,
2328 4871 2474 4926 aliud
2503 4867 2638 4938 quod
2661 4872 2985 4931 assumptum
3025 4877 3056 4911 a
3095 4855 3312 4909 Domino
3336 4868 3354 4916 ;
3394 4867 3492 4904 non
3523 4847 3715 4901 desiis-

2164 4977 2240 5021 set
2269 4981 2406 5018 mors
2437 4979 2498 5016 ea
2518 4976 2633 5031 qua:
2671 4974 2771 5012 sua
2803 4964 2943 5015 sunt,
2985 4949 3211 5020 operari,
3243 4961 3332 4999 nec
3364 4944 3565 4996 lucrum
3615 4955 3718 4993 no-

2165 5071 2333 5114 strum
2368 5058 2522 5124 facta:
2557 5054 2775 5123 fuissent
2815 5047 3023 5115 deifera:
3052 5041 3224 5097 carnis
3250 5036 3516 5106 passiones
3553 5049 3571 5086 :
3606 5048 3719 5085 non

2164 5149 2504 5205 interemisset
2541 5152 2808 5215 peccatum
2850 5141 2901 5193 in
2952 5152 3104 5190 carne
3141 5151 3158 5187 :
3201 5149 3301 5185 non
3343 5127 3550 5180 Christo
3580 5125 3716 5178 viri-

2167 5239 2311 5309 ﬁcati
2337 5238 2638 5308 fuissemus,
2671 5232 2760 5301 qui
2788 5243 2996 5284 eramus
3029 5226 3083 5278 in
3121 5223 3323 5276 Adamo
3353 5217 3580 5279 mortui;
3609 5231 3720 5267 non

2175 5307 2437 5386 resartum
2471 5326 2678 5396 fuisset,
2703 5319 2839 5392 quod
2877 5318 3162 5386 collapsum
3190 5321 3338 5373 erat;
3380 5325 3481 5362 non
3513 5307 3724 5359 instau-

2172 5431 2369 5487 ratum,
2434 5395 2570 5490 quod
2613 5414 2978 5483 confractum;
3037 5423 3139 5461 non
3197 5401 3526 5471 conjunctum
3582 5395 3723 5462 Deo,

2176 5512 2312 5587 quod
2343 5487 2590 5579 serpentis
2616 5503 2801 5576 fraude
2838 5503 3008 5574 fuerat
3037 5495 3412 5552 abalienatum.
3441 5489 3496 5544 In
3534 5487 3679 5543 libro
3705 5501 3724 5541 l
