3908 6538
132 391 184 449 οι
1531 395 1730 452 ΡΒᾸΞἘ

1804 396 1914 455 [ιο.
2488 459 2497 470 ,
3286 403 3349 460 es

133 503 204 560 Ds
250 504 527 570 baptismo
585 503 702 558 haec
746 502 1002 573 leguntur
1051 505 1192 573 (cap.
1223 502 1278 570 2,
1308 502 1452 574 n.-,7)
1493 522 1507 559 :
1553 503 1699 559 Illud
1728 512 1777 570 Α
1803 523 1905 561 non
1948 507 2231 576 accepisti?
2271 506 2406 578 quod
2448 507 2495 561 si
2534 508 2692 562 etiam
2744 509 3006 577 accepisti,
3063 527 3185 580 quia
3241 516 3347 583 glo.

131 595 863 667 igitur,sdenuo,sarbitror
887 596 1078 664 prioris
1105 596 1474 666 generationis,
1504 613 1626 668 quae
1648 599 1705 652 in
1806 603 1966 657 riaris
2013 606 2168 674 quasi
2223 621 2324 658 non
2374 606 2639 674 acceperis
2678 607 2763 661 "3
2817 625 2836 658 ι
2900 604 3022 660 Non
3077 619 3132 662 tu
3185 608 3350 666 Deum

127 697 463 756 peccatorum
495 686 744 741 sordibus
773 687 921 756 facta
961 695 1059 751 est,
1087 686 1501 742 emendationem
1525 700 1702 743 osten-

125 786 260 842 dae.
291 799 418 835 cum
445 781 555 836 Job
583 780 726 835 dicat
756 782 834 836 δ’(
869 780 1038 835 Nemo
1073 796 1238 850 purus
1274 791 1352 835 est
1375 798 1407 834 a
1432 781 1702 850 sordibus,

126 892 184 930 ne
205 875 254 927 si
287 891 434 928 unus
465 873 682 943 quidem
730 872 842 926 dies
869 872 939 926 sit
967 873 1078 925 vita
1118 872 1230 942 ejus
1260 871 1336 936 “;
1384 891 1404 924 ι
1439 881 1488 925 et
1532 871 1703 927 David

127 966 320 1034 lugeat,
347 980 414 1017 ac
447 962 648 1016 dicat:
684 979 704 1013 ι
743 959 812 1014 In
853 959 1214 1030 iniquitatibus
1256 969 1530 1031 conceptus
1563 979 1701 1026 sum,

123 1071 169 1110 ct
191 1058 245 1110 in
264 1056 505 1124 peccatis
539 1051 769 1122 concepit
791 1068 872 1105 me
903 1059 1066 1105 mater
1093 1068 1208 1106 mea
1232 1051 1306 1117 "‘;
1329 1071 1347 1104 ›
1364 1062 1410 1106 et
1423 1053 1704 1122 Apostolus

125 1150 200 1201 ita
219 1157 558 1201 contestetur
581 1160 601 1198 :
639 1162 658 1196 ι
708 1142 900 1199 Omnes
931 1144 1066 1197 enim
1087 1152 1447 1213 peccaverunt,
1483 1157 1531 1198 et
1559 1153 1706 1214 egent

123 1240 293 1310 gloria
327 1238 456 1303 Dei,
483 1238 774 1308 iustificati
812 1237 980 1307 gratis
1021 1251 1112 1304 per
1153 1234 1383 1304 gratiam
1415 1235 1578 1303 ipsius
1615 1249 1705 1303 per

125 1333 542 1399 redemptionem
570 1347 687 1401 qua:
709 1339 788 1384 est
823 1331 876 1384 in
899 1327 1115 1384 Christo
1155 1324 1305 1392 Jesu,
1341 1342 1491 1396 quem
1518 1341 1706 1396 propo-

126 1426 227 1478 suit
286 1423 437 1477 Deus
509 1423 936 1491 propitiationem
986 1438 1078 1491 per
1132 1419 1288 1490 fidem
1347 1421 1403 1474 in
1454 1421 1704 1489 sanguine

129 1516 288 1582 ipsius
324 1514 397 1568 “.
434 1533 454 1566 ι
494 1514 831 1582 Quapropter
847 1513 1004 1567 etiam
1030 1522 1360 1588 peccatorum
1379 1512 1526 1566 venia
1547 1510 1706 1565 datur

129 1606 485 1672 credentibus,
523 1605 749 1659 Domino
779 1606 893 1673 ipso
913 1604 1113 1659 dicente
1141 1620 1159 1658 :
1196 1621 1214 1654 α
1251 1603 1355 1657 Hie
1374 1611 1451 1658 est
1486 1603 1702 1673 sanguis

128 1717 264 1754 meus
313 1699 444 1753 novi
485 1699 823 1759 testamenti,
862 1697 950 1767 qui
984 1713 1091 1766 pro
1121 1695 1301 1750 multis
1337 1696 1624 1764 effunditur
1650 1697 1704 1750 in

128 1791 495 1845 remissionem
529 1787 916 1857 peccatorum"
936 1806 950 1842 :
973 1805 990 1838 ι
1011 1786 1447 1858 quemadmodum
1480 1787 1704 1854 Aposto-

1804 697 2087 764 cognovisti
2120 711 2210 764 per
2248 706 2390 750 tuam
2421 696 2827 767 justitiam;sed
2864 698 3004 754 Deus
3044 703 3277 772 cognovit
3307 709 3350 760 te

1803 795 2014 853 propter
2039 803 2190 840 suam
2219 785 2519 842 bonitatem.
2549 806 2568 839 ‹
2607 787 2738 843 Cum
2783 792 3122 860 cognoveritis
3164 792 3350 860 Deum,

1802 874 1994 945 inquit,
2039 877 2128 943 qui
2157 877 2331 944 potius
2371 877 2564 947 cogniti
2611 879 2729 932 sitis
2763 895 2796 931 a
2825 878 2933 933 Deo
2961 881 3028 934 ".
3071 899 3090 933 ι
3132 880 3255 937 Non
3299 891 3352 936 tu

1803 966 2188 1036 apprehendisti
2209 969 2478 1024 Christum
2501 986 2592 1040 per
2621 972 2883 1037 virtutem,
2914 973 3003 1028 sed
3036 973 3278 1031 Christus
3305 985 3350 1032 ts

1807 1080 1900 1134 per
1927 1079 2079 1117 suum
2104 1063 2378 1119 adventum
2407 1065 2763 1134 apprehendit.
2797 1084 2817 1118 ι
2855 1065 3129 1138 Insequar,
3161 1069 3352 1139 inquit,

1802 1155 1849 1208 si
1872 1155 2030 1208 etiam
2058 1155 2461 1224 apprehendam,
2491 1157 2547 1209 in
2581 1172 2681 1226 quo
2708 1163 2758 1210 et
2778 1157 3127 1225 apprehensus
3173 1175 3288 1212 sum
3320 1177 3352 1214 a

1803 1242 2010 1298 Christo
2035 1245 2100 1297 ".
2129 1243 2252 1298 Non
2281 1261 2368 1298 vos
2395 1261 2475 1299 me
2517 1245 2769 1314 elegistis,
2806 1246 2971 1315 inquit
3008 1245 3265 1302 Dominus
3284 1249 3352 1317 ",

1803 1331 1892 1388 sed
1917 1349 2009 1404 ego
2038 1333 2166 1404 elegi
2197 1351 2304 1388 vos.
2345 1354 2364 1387 ι
2392 1333 2474 1388 Αη
2507 1336 2754 1404 quoniant
2793 1336 2988 1390 honore
3032 1337 3250 1406 affectus
3277 1355 3354 1405 es,

1801 1424 2046 1494 gloriaris
2073 1433 2122 1478 et
2144 1426 2554 1481 misericordiam
2586 1428 2908 1482 occasionem
2936 1429 3128 1497 arripis
3178 1444 3354 1498 super-

1804 1511 2013 1568 bisndi?
2043 1511 2111 1566 Et
2139 1523 2260 1568 tunc
2314 1531 2597 1585 cognoscas
2645 1517 2862 1585 teipsum
2881 1555 2897 1579 ,
2931 1519 3048 1587 quis
3096 1518 3194 1582 sis,
3221 1518 3354 1574 velut

1801 1599 1972 1655 Adam
2003 1603 2194 1668 eiectus
2223 1619 2250 1657 e
2280 1603 2552 1671 paradiso,
2577 1603 2715 1658 velut
2740 1603 2871 1658 Saul
2895 1604 3130 1661 desertus
3157 1624 3191 1661 a
3222 1606 3348 1677 Spi-

1802 1692 1909 1752 ritu
1933 1691 2046 1757 Dei,
2070 1693 2204 1752 velut
2221 1693 2390 1748 Israel
2412 1712 2445 1748 a
2466 1694 2644 1752 radice
2668 1705 2852 1750 sancta
2880 1707 3128 1752 resectas.
3156 1717 3174 1749 ι
3201 1697 3353 1762 Fide,

1803 1783 1989 1853 inquit,
2016 1793 2127 1840 stas
2159 1802 2177 1838 .'
2207 1769 2313 1840 noli
2344 1786 2509 1840 altum
2548 1803 2749 1857 sapere,
2793 1788 2882 1843 sed
2929 1790 3052 1843 time
3101 1789 3169 1843 ".
3206 1809 3225 1838 ι
3256 1789 3356 1843 Ju-

130 1883 202 1933 lus
231 1895 429 1932 rursus
466 1888 721 1940 testatur,
756 1877 931 1932 dicens
971 1894 990 1930 :
1025 1895 1044 1928 ‹
1087 1876 1382 1932 Secundum
1423 1875 1705 1944 beneplaci.
1738 1859 1777 1914 Β
1802 1872 1998 1927 dicium
2046 1874 2278 1944 sequitur
2327 1877 2593 1944 gratiam;
2637 1886 2685 1930 et
2727 1877 2984 1947 quomodo
3039 1877 3180 1932 datis
3223 1896 3351 1935 usus

128 1980 228 2021 tum
260 1968 571 2022 voluntatis
614 1984 747 2029 suta,
789 1967 840 2019 in
889 1965 1096 2020 laudem
1123 1966 1306 2036 gloria:
1338 1965 1527 2035 gratiae
1567 1981 1698 2028 suat,

129 2059 176 2110 in
199 2075 302 2126 qua
341 2057 685 2126 grati/icavit
716 2073 809 2109 nos
835 2056 891 2108 in
913 2054 1122 2116 dilecto,
1143 2055 1196 2107 in
1227 2070 1328 2124 quo
1352 2053 1599 2108 habemus
1626 2069 1702 2107 re-

130 2149 486 2217 demptionem
513 2163 608 2214 per
642 2147 948 2215 sanguinem
986 2145 1119 2214 ejus,
1149 2145 1500 2199 remissionem
1519 2159 1702 2213 pecca-

131 2246 308 2296 torum,
352 2235 663 2287 secundum
705 2233 918 2288 diuitias
949 2233 1132 2303 gratia:
1161 2232 1274 2301 ejus
1309 2233 1372 2286 de
1409 2249 1512 2303 qua
1541 2234 1693 2287 nobis

130 2324 412 2390 impertivit
461 2322 700 2376 ubertim
745 2324 824 2386 ‘3;
879 2341 899 2374 ›
943 2332 1000 2379 ut
1032 2322 1470 2392 quemadmodum
1525 2332 1703 2377 statua

130 2418 347 2470 contrita
381 2432 451 2467 ac
503 2414 806 2482 confracta,
855 2416 1054 2469 amissa
1103 2415 1236 2485 regis
1272 2415 1446 2485 forma
1484 2416 1701 2478 eximia,

129 2503 283 2557 denuo
313 2503 707 2572 conformatur
737 2520 769 2556 a
803 2504 1036 2571 sapiente
1067 2504 1272 2572 artifice
1304 2521 1367 2558 ac
1407 2504 1540 2558 bono
1589 2505 1705 2572 opi-

130 2599 231 2661 fice,
259 2595 513 2664 gloriam
547 2594 717 2661 operis
769 2594 852 2646 sui
904 2593 1248 2657 resarciente,
1285 2603 1442 2664 atque
1476 2595 1701 2661 pristino

128 2685 392 2752 splendori
462 2685 771 2739 restituitur
815 2699 833 2738 :
879 2685 955 2738 sic
1007 2685 1164 2738 etiam
1205 2701 1297 2738 nos
1338 2684 1400 2738 ob
1457 2686 1701 2754 pracepti

132 2778 612 2848 transgressionem
651 2775 789 2830 male
840 2776 1044 2843 affecti,
1091 2775 1226 2830 velut
1274 2777 1528 2845 scriptum
1586 2787 1698 2842 est,

136 2889 153 2920 ι
187 2867 362 2922 Homo
397 2884 530 2920 cum
557 2868 615 2919 in
643 2867 836 2921 honore
889 2876 1040 2931 esset,
1095 2883 1196 2922 non
1233 2869 1511 2936 intellexit,
1562 2887 1704 2923 com-

130 2970 339 3026 paratus
362 2969 448 3013 est
459 2959 728 3028 jumentis
771 2958 1155 3027 insipientibus,
1193 2968 1243 3013 et
1289 2961 1479 3015 similis
1529 2962 1700 3031 factus

131 3063 198 3110 est
222 3057 331 3107 illis
357 3054 431 3118 δ’,
476 3073 500 3107 s
537 3056 606 3106 ad
635 3053 913 3121 pristinam
948 3053 1190 3124 imaginis
1229 3053 1324 3107 Dei
1356 3053 1581 3125 gloriam
1613 3071 1698 3108 re-

130 3163 385 3208 ιοεειηιιτ.

194 3323 281 3379 ιγ.
323 3323 423 3378 Sic
463 3321 722 3378 allectum
751 3321 1031 3385 hominem
1062 3321 1324 3392 indigere,
1357 3331 1415 3376 ut
1443 3336 1566 3377 eum
1603 3319 1699 3376 Dei

135 3418 299 3486 gratia
331 3416 664 3486 praeveniat,
699 3421 754 3468 et
791 3428 988 3468 novam
1033 3414 1084 3472 ei
1127 3415 1457 3471 creationem
1505 3414 1707 3482 imper-

137 3511 250 3571 tiat,
286 3508 534 3562 mirifice
573 3506 824 3576 pluribus
862 3505 1013 3560 .locis
1058 3505 1396 3560 demonstrat
1442 3505 1697 3570 Basilius,

137 3600 289 3667 cujus
323 3597 656 3652 testimonia
697 3596 956 3651 nonnulla
1009 3595 1098 3650 hic
1152 3610 1508 3666 apponemus.
1558 3594 1704 3649 Unde

140 3705 248 3741 vero
272 3687 520 3756 facultas
565 3686 716 3748 mihi,
754 3684 934 3754 inquit
970 3684 1026 3738 in
1076 3685 1215 3754 psal.
1260 3701 1387 3738 xxxx
1430 3684 1506 3755 (p.
1554 3685 1700 3755 125),

142 3789 186 3830 te
208 3775 489 3830 excitandi
521 3790 542 3827 :
576 3773 841 3840 Quoniam
875 3783 929 3827 tu
951 3790 1029 3828 me
1055 3775 1379 3841 prteveniens
1413 3775 1704 3842 suscepisti.

147 3868 420 3962 Perspicgte
444 3867 610 3929 dixit,
647 3884 666 3918 ι
708 3865 1000 3935 Suscepisti
1033 3882 1132 3930 me,
1179 3885 1198 3918 ›
1233 3882 1327 3934 pro
1373 3884 1393 3916 Ι
1428 3865 1708 3920 sublevasti

143 3980 237 4023 ne,
279 3983 297 4015 ι
337 3957 390 4016 ξι
430 3962 758 4031 superiorem
809 3957 1196 4028 insurgentibus
1240 3958 1294 4011 in
1352 3973 1430 4011 me
1467 3957 1702 4026 effecisti.

150 4052 317 4107 Veluti
351 4054 403 4106 si
430 4053 552 4121 quis
573 4066 789 4119 puerum
821 4050 1113 4118 quempiam
1143 4047 1365 4101 natandi
1407 4048 1707 4115 imperitum

143 4161 296 4195 manu
326 4143 645 4209 suscipiens,
672 4156 792 4194 eum
819 4140 968 4209 aquis
1000 4139 1242 4192 altiorem
1285 4139 1563 4192 sustineat.
1605 4137 1710 4204 Qui

141 4235 320 4303 igitur,
352 4231 654 4301 opitulante
683 4229 814 4294 Deo,
843 4247 875 4283 a
913 4245 1037 4283 casu
1058 4230 1314 4298 exsurgit,
1348 4229 1393 4282 is
1424 4229 1562 4298 grati
1593 4231 1709 4281 ani-

145 4327 215 4376 uti
245 4323 648 4394 significatione
684 4338 775 4390 per
811 4321 946 4374 bona
989 4336 1146 4388 opera
1190 4321 1564 4375 exaltationem
1602 4321 1708 4374 Deo

144 4415 441 4485 pollicetur.
471 4414 579 4466 Aut
617 4414 750 4466 velut
781 4413 826 4465 si
853 4395 967 4480 quis
1007 4411 1226 4466 debilem
1267 4413 1560 4482 quempiam
1632 4412 1710 4466 lu-

1803 1963 1986 2032 fueris,
2015 1966 2254 2034 expendit
2290 1966 2477 2034 judex.
2525 1967 2582 2021 In
2618 1967 2701 2022 his
2744 1983 2862 2036 quae
2894 1975 3197 2038 sequuntur
3228 1985 3352 2039 per-

1803 2057 2120 2110 severantiae
2147 2055 2346 2110 donum
2380 2056 2791 2111 commendatur
2821 2075 2834 2111 :
2879 2058 3030 2122 Quod
3059 2061 3106 2113 si
3161 2077 3222 2114 ne
3251 2060 3354 2115 hoc

1801 2145 2006 2214 quidem
2027 2146 2295 2217 intelligis,
2332 2147 2491 2216 fuisse
2525 2156 2572 2201 te
2600 2150 2829 2218 gratiam
2856 2160 3212 2214 consecutum,
3255 2163 3348 2206 aut

1801 2237 1848 2290 si
1867 2253 1975 2305 pre
2009 2238 2174 2292 nimia
2210 2238 2511 2307 stupiditate
2534 2248 2678 2293 tuam
2707 2241 3348 2310 ipsiusvirtutemexisti-

1802 2340 1915 2376 mas
1947 2327 2179 2394 gratiam
2207 2343 2337 2390 esse,
2370 2344 2474 2381 non
2495 2344 2547 2381 es
2579 2329 2727 2383 beato
2763 2329 2922 2384 Petro
2947 2333 3181 2400 apostolo
3219 2348 3357 2401 prte-

1801 2414 2046 2467 stentior.
2089 2412 2200 2469 Nec
2223 2416 2362 2469 enim
2400 2415 2684 2469 Dominum
2729 2432 2909 2470 amore
2948 2418 3139 2485 majori
3184 2433 3360 2486 prose—

1799 2504 1888 2573 qui
1934 2506 2156 2571 poteris,
2208 2522 2364 2576 quam
2406 2507 2496 2575 qui
2555 2507 2635 2559 ita
2684 2506 3004 2560 vehementer
3059 2507 3244 2561 dilexit
3302 2519 3359 2563 ut

1799 2595 1960 2646 e‘iam
1997 2595 2214 2648 voluerit
2249 2611 2343 2663 pro
2374 2594 2486 2664 ipso
2531 2594 2686 2648 mori.
2723 2593 2848 2658 Sed,
2880 2593 3129 2663 quoniam
3183 2594 3358 2649 animo

1799 2682 2013 2738 elatiore
2044 2684 2246 2738 locutus
2277 2693 2352 2737 est
2415 2700 2533 2737 cum
2557 2683 2692 2736 dixit
2725 2699 2743 2736 :
2771 2675 2799 2735 ἰ
2845 2682 2963 2736 Etsi
2997 2700 3171 2738 omnes
3210 2700 3360 2737 scan-

1799 2773 2022 2828 dz'izati
2045 2774 2237 2844 fuerint
2262 2774 2316 2827 in
2343 2784 2412 2838 te,
2457 2790 2548 2844 ego
2582 2782 2754 2827 tamen
2791 2791 3053 2838 nunquam
3097 2773 3361 2827 scandali-

1802 2868 1964 2920 zabor
1983 2868 2050 2930 ⁸⁸,
2086 2885 2104 2918 ›
2137 2865 2412 2918 timiditati
2434 2863 2677 2919 humana:
2695 2865 2925 2919 traditus
2956 2875 3054 2929 est,
3081 2864 3361 2935 ceciditque

1801 2959 1856 3013 in
1883 2959 2275 3028 inficiationem,
2308 2957 2462 3026 lapsu
2503 2956 2818 3011 erudiendus
2854 2957 2920 3011 ad
2966 2967 3161 3011 metum
3211 2966 3361 3026 atque

1802 3049 1871 3102 ad
1910 3051 2219 3112 cautionem,
2260 3047 2648 3118 edorendusque
2689 3048 2916 3116 infirmis
2954 3065 3167 3116 parcere
3194 3058 3243 3102 et
3270 3048 3361 3103 de-

1804 3140 2011 3203 bilibus,
2057 3139 2194 3210 quod
2245 3149 2294 3194 et
2349 3157 2499 3193 suam
2556 3141 2796 3209 cognovit
2850 3139 3247 3208 infirmitatem,
3309 3147 3358 3192 et

1735 3215 1776 3273 θ
1808 3232 2069 3300 perspicue
2094 3231 2350 3284 intellexit
2380 3231 2516 3300 quod
2558 3229 2990 3296 quemadmodum
3025 3247 3140 3283 cum
3183 3230 3236 3283 in
3271 3245 3360 3299 pe-

1805 3322 1920 3392 lago
1947 3331 2278 3393 mergeretur,
2328 3339 2419 3392 per
2469 3321 2670 3378 Christi
2719 3321 2988 3375 dexteram
3025 3331 3204 3376 erutus
3258 3329 3357 3386 est,

1805 3414 1880 3467 ita
1904 3415 1958 3468 in
1980 3413 2219 3468 scandali
2246 3414 2479 3484 procella
2501 3415 2562 3467 ob
2589 3414 3011 3468 incredulitatem
3036 3415 3087 3466 in
3111 3412 3360 3483 pereundi

1803 3506 2090 3573 periculum
2143 3507 2368 3572 veniens,
2415 3503 2609 3560 Christi
2645 3507 2834 3559 virtute
2875 3514 3110 3560 servatus
3154 3505 3242 3558 sit.
3294 3504 3361 3558 In

1803 3596 1937 3664 psal.
1972 3612 2162 3661 xxxnt,
2193 3614 2248 3650 n.
2270 3597 2304 3650 2
2331 3617 2342 3651 :
2382 3596 2562 3666 Neque
2592 3599 2728 3650 enim
2762 3598 2817 3650 in
2849 3598 3083 3665 potentia
3112 3595 3357 3662 hominis,

1805 3703 1963 3756 neque
1994 3687 2047 3739 in
2081 3687 2361 3754 sapientia,
2384 3686 2473 3740 sed
2501 3688 2555 3740 in
2590 3686 2687 3740 Dei
2711 3689 2887 3757 gratia
2915 3687 3062 3740 salus
3093 3694 3190 3742 est.
3225 3684 3362 3741 Vide

1806 3776 2079 3830 homiliam
2114 3778 2165 3831 in
2197 3777 2334 3846 psal.
2384 3791 2494 3841 vn,
2532 3777 2599 3830 ad
2636 3775 2748 3830 haec
2789 3775 2954 3829 verba
2997 3793 3010 3829 :
3046 3773 3112 3827 Et
3164 3772 3356 3844 diriges

1796 3867 2022 3936 justum.
2049 3867 2139 3921 Sic
2168 3866 2408 3935 loquitur
2441 3865 2498 3918 in
2537 3864 2757 3918 homilia
2781 3865 2834 3918 in
2872 3864 3006 3932 psal.
3031 3878 3200 3924 xxx",
3240 3877 3293 3916 n.
3324 3861 3360 3917 5

1807 3957 1882 4027 (p.
1922 3958 2042 4027 157)
2093 3980 2103 4012 :
2146 3958 2313 4026 Atque
2352 3957 2513 4010 etiam
2557 3956 2781 4009 multum
2827 3965 2904 4008 est
2949 3954 3266 4008 discriminis
3307 3955 3362 4008 in

1804 4050 2025 4119 peccatis
2050 4065 2110 4102 ac
2130 4059 2261 4103 recte
2294 4049 2448 4118 factis
2475 4049 2621 4100 :hwc
2644 4048 2776 4100 enim
2811 4047 2939 4100 lente
2971 4045 3195 4108 vendita,
3233 4045 3282 4098 vi
3309 4046 3363 4098 in

1805 4149 2010 4210 peccato
2037 4149 2133 4207 est,
2159 4141 2257 4194 illa
2281 4157 2396 4195 vero
2419 4138 2482 4193 ab
2505 4139 2654 4194 initio
2671 4139 2851 4192 heram
2888 4138 3076 4194 bonam
3103 4148 3280 4196 nacta.
3305 4137 3360 4191 in

1807 4232 2103 4302 virginitate
2141 4233 2365 4286 educata
2406 4241 2505 4286 est.
2549 4229 2658 4285 Cur
2711 4230 2819 4283 hare
2871 4230 3060 4298 affecta
3115 4229 3362 4297 beneﬁcio

1807 4324 1909 4391 sit,
1936 4323 2032 4376 illa
2068 4339 2184 4376 vero
2216 4325 2562 4376 condemnata
2586 4338 2604 4374 :
2627 4330 2674 4375 et
2704 4320 2828 4391 quid
2855 4321 2924 4373 sit
2960 4320 3231 4388 unicuique
3273 4318 3365 4370 ho-

1807 4432 1924 4474 rum
1953 4433 1985 4469 a
2005 4414 2183 4484 judice
2221 4413 2647 4477 retribuendum;
2679 4412 2863 4482 quibus
2911 4410 3149 4466 omnibus
3191 4410 3283 4463 tibi
3309 4410 3364 4463 in

145 4512 403 4557 ctatorem
431 4501 760 4569 snffulciens,
791 4499 854 4552 ab
884 4499 1180 4554 imminente
1223 4501 1373 4569 lapsu
1407 4501 1606 4564 liberet,
1647 4517 1708 4555 ac
1739 4545 1788 4604 ο
1813 4515 2030 4561 mentem
2062 4507 2396 4574 venientibus,
2422 4507 2592 4576 cogita
2626 4505 2718 4558 Dei
2737 4503 2945 4573 judicia
2973 4502 3189 4572 abyssos
3219 4517 3353 4562 esse,

146 4596 469 4650 eolluctante
500 4592 684 4647 reddat
718 4593 1030 4662 superiorem
1063 4609 1081 4647 :
1115 4593 1197 4646 illi
1233 4595 1441 4664 quidem
1484 4595 1712 4650 victoria:
1739 4592 1784 4604 "
1812 4616 1903 4653 nec
1928 4617 1959 4652 a
1979 4599 2202 4668 quolibet
2223 4598 2380 4668 facile
2411 4595 2773 4667 comprehendi
2809 4611 2980 4664 posse,
3027 4593 3164 4663 quod
3194 4594 3249 4645 in
3281 4592 3365 4644 di-

144 4688 338 4756 prcbet
367 4686 717 4744 occasionem.
747 4685 864 4738 huic
897 4702 1013 4740 vero
1039 4695 1336 4755 conceptam
1363 4687 1428 4741 de
1447 4687 1599 4756 lapsu
1627 4689 1708 4743 al-

147 4783 311 4836 terius
345 4780 589 4833 latitiam
612 4779 819 4832 adimit.
852 4777 988 4833 Vide
1009 4779 1253 4848 ejusdem
1284 4779 1524 4835 homilia‘.
1552 4797 1610 4834 n.
1655 4782 1710 4845 5,

1809 4690 1940 4743 vinis
1971 4689 2228 4743 thesauris
2259 4688 2509 4742 conclusa
2537 4695 2679 4740 sunt.
2718 4684 2824 4740 Sed
2865 4694 2914 4738 et
2957 4683 3200 4738 credendi
3233 4682 3363 4735 data

1808 4781 2083 4850 promissio
2111 4790 2184 4833 est
2216 4796 2250 4833 a
2277 4779 2409 4842 Deo,
2437 4779 2699 4840 videlicet,
2734 4795 2752 4827 ε
2782 4776 2929 4830 Dabo
2963 4776 3055 4828 tibi
3097 4774 3364 4828 thesauros

146 4890 197 4944 p.
242 4872 388 4935 126;
421 4879 479 4926 et
525 4887 584 4926 n.
633 4871 686 4935 5,
733 4886 790 4941 p.
837 4869 960 4936 129,
1011 4879 1065 4926 et
1115 4870 1276 4924 aliam
1333 4873 1610 4928 homiliam
1657 4875 1713 4929 in
1809 4869 2137 4924 absconditos
2173 4877 2222 4924 et
2269 4869 2558 4924 invisibiles
2602 4868 2668 4921 “.
2716 4887 2736 4920 ι
2774 4867 3060 4938 Postquam
3106 4867 3265 4936 igitur
3303 4880 3367 4918 ea

144 4963 412 5031 psalmum
436 4975 584 5024 sur,
611 4975 668 5014 n.
698 4959 752 5024 4,
777 4968 830 5014 et
855 4974 969 5030 reg.
992 4960 1184 5015 moral.
1210 4959 1299 5025 55,
1323 4969 1378 5016 et
1404 4963 1460 5016 in
1482 4959 1706 5028 Isaiam,

146 5071 198 5125 ρ.
240 5054 374 5110 610.
421 5051 491 5106 Bt
531 5052 587 5106 in
640 5052 864 5106 homilia
917 5051 994 5106 De
1048 5053 1345 5109 humilitate
1396 5053 1472 5125 (p.
1526 5055 1650 5127 159)
1691 5074 1707 5111 :

151 5144 304 5198 Nihil
354 5142 496 5196 unde
540 5142 764 5213 gloriari
818 5158 1011 5212 queas,
1073 5143 1314 5198 relictum
1375 5155 1453 5199 est
1509 5145 1632 5208 tibi,
1681 5164 1710 5201 o

401 5234 546 5299 Quid
575 5235 756 5303 igitur,
783 5233 888 5299 dic,
910 5251 1107 5304 quaeso,
1139 5244 1186 5289 te
1212 5236 1321 5304 ipse
1347 5238 1499 5306 quasi
1514 5237 1577 5292 de
1607 5239 1710 5292 tuis

147 5327 311 5391 ipsius
341 5323 494 5377 bonis
514 5322 690 5391 effers,
740 5338 859 5378 cum
909 5321 1117 5377 deberes
1162 5339 1258 5393 pro
1303 5327 1527 5394 acceptis
1559 5327 1710 5382 donis

145 5419 381 5488 gratiam
412 5417 663 5486 largitori
689 5414 917 5478 habere?
960 5434 979 5468 ι
1025 5416 1167 5483 Quid
1200 5417 1336 5470 enim
1379 5420 1535 5473 habes
1577 5423 1712 5489 quod

237 5597 286 5629 “
313 5595 433 5664 Job,
463 5611 571 5660 xlv,
597 5595 649 5660 4,
677 5595 833 5664 juxta
859 5594 1018 5650 LXX.
1120 5596 1164 5629 “
1197 5596 1341 5652 Psal.
1378 5615 1432 5654 1..
1493 5599 1546 5651 7.

147 5669 253 5725 5-8.
331 5668 378 5697 δ’
410 5663 559 5720 Psal.
602 5681 792 5725 xum,
829 5666 914 5721 15.
988 5667 1080 5722 ⁸⁰Ι
1112 5667 1238 5721 Cor.
1269 5685 1339 5728 Iv,
1371 5669 1421 5721 7.

145 5755 219 5806 xi,
252 5738 345 5802 20,
383 5736 474 5792 17.
553 5736 598 5766 "
629 5736 821 5800 Matth.
856 5753 1004 5804 xm,
1037 5739 1122 5793 55.
1200 5738 1244 5769 ⁸⁸
1280 5737 1383 5802 lsa.
1419 5755 1542 5804 xm,
1579 5739 1630 5796 3.

1494 5599 1546 5651 7.
1647 5598 1690 5629 “
1727 5597 1881 5653 Rom.
1923 5614 2002 5660 Ill,
2029 5597 2218 5654 23-25.
2291 5598 2334 5631 ‘7
2399 5597 2586 5652 Matth.
2647 5612 2797 5663 xm,
2850 5597 2939 5652 28.
3014 5597 3050 5628 “

1494 5669 1536 5699 "
1574 5666 1690 5722 Gal.
1730 5685 1800 5731 tv,
1832 5669 1885 5725 9.
1959 5670 2004 5700 "
2037 5668 2266 5738 Philipp.
2297 5684 2378 5736 ιιι,
2415 5668 2498 5722 12.
2574 5668 2617 5699 "
2651 5667 2808 5728 ioan.
2845 5686 2932 5735 xv,
2972 5667 3050 5722 ιδ.

1730 5685 1800 5731 Iv,
1832 5685 1885 5725 υ.
1959 5685 2004 5700 ν’
2037 5685 2212 5738 rmnp
2254 5711 2260 5723 .

1720 5741 1762 5772 ⁸⁷
1787 5739 1970 5796 Matth.
2008 5756 2139 5804 χχιι,
2177 5685 2260 5794 ἀ.

1814 4963 2123 5033 cognitione,
2167 4978 2282 5031 qua:
2317 4970 2396 5016 est
2437 4961 2572 5030 facie
2621 4960 2690 5018 ad
2734 4959 2940 5030 faciem,
3004 4959 3146 5030 digni
3201 4956 3368 5011 habiti

1815 5055 2086 5120 fuerimus,
2109 5055 2266 5107 etiam
2293 5070 2382 5107 eas
2406 5069 2520 5124 quis
2544 5055 2600 5106 in
2622 5052 2718 5106 Dei
2757 5050 3016 5105 thesauris
3053 5056 3173 5102 sunt
3200 5047 3362 5118 abys-

1814 5163 1898 5202 sos
1944 5146 2278 5201 intuebimur.
2337 5144 2489 5211 Quod
2529 5146 2574 5198 si
2615 5161 2679 5198 ea
2728 5159 2844 5214 quas
2885 5144 2939 5196 in
2989 5139 3264 5209 Scriptura
3304 5141 3368 5192 de

1814 5237 2021 5290 utribus
2061 5236 2204 5290 dicta
2241 5244 2384 5299 sunt,
2418 5235 2708 5306 collegeris,
2748 5233 3064 5304 prophetica:
3093 5232 3363 5285 sententia:

1816 5327 2214 5398 intelligentiam
2260 5327 2427 5396 magis
2464 5327 2774 5397 assequeris.
2812 5324 2874 5377 Et
2911 5341 2964 5377 η.
3002 5323 3032 5374 7
3073 5337 3089 5376 :
3132 5321 3199 5376 Et
3239 5339 3366 5392 quo-

1819 5420 1962 5473 niam
2001 5418 2152 5472 multi
2185 5427 2304 5472 sunt
2328 5417 2518 5481 vocati,
2551 5417 2704 5486 pauci
2738 5431 2856 5471 vero
2883 5413 3034 5468 electi
3061 5414 3129 5478 ⁸⁷,
3162 5412 3368 5467 beatum

2291 5598 2334 5631 ‘7
2399 5597 2586 5652 Matth.
2647 5612 2797 5663 xm,
2850 5597 2939 5652 28.
3014 5595 3058 5628 ⁸⁸
3093 5593 3287 5696 Ephesi.
3327 5608 3363 5652 l.

2297 5684 2378 5717 In-
2415 5668 2498 5717 12.
2574 5668 2617 5699 ⁸³
2651 5667 2808 5717 .Ioun.
2845 5686 2932 5717 xv.
2972 5667 3050 5717 ιϐ.
3155 5666 3173 5694 ⁸
3205 5661 3363 5717 Rom.
