3908 6564
550 388 622 446 es
1424 468 1433 479 δ
1911 402 2299 469 summo.
3672 405 3740 460 δι

549 503 676 555 θέσθ’
723 521 826 559 "0"
868 514 1138 577 υοεαίκιη,
1187 521 1284 566 εεσ
1321 512 1559 569 defiunt
1617 515 1813 573 Beatus
1858 534 2098 590 namque.
2129 526 2171 581 A
2202 524 2454 590 immittit,
2493 544 2525 580 a
2574 536 2739 581 morte
2773 536 2975 596 peccatt
3007 540 3258 581 renovans
3302 522 3507 577 animas
3536 530 3739 575 nostras

548 609 698 663 quem
725 596 898 668 elegit.
942 599 1075 666 Qum
1116 615 1291 657 autem
1339 605 1678 662 beatitudinis
1714 612 1918 663 causa?
1989 609 2099 664 Ea:-

547 695 786 755 spectata
848 687 1101 746 bonorum
1144 703 1455 749 a'ternorum
1512 697 1855 754 harreditas...
1887 698 2098 764 [Salvus

553 784 727 831 autem
765 781 826 848 ﬁt
862 798 963 836 non
996 784 1184 849 quivis,
1207 786 1297 840 sed
1335 787 1572 857 reliquite
1616 790 1786 844 solum
1817 793 2098 847 secundum

549 867 848 1014 elecstionem
896 875 1086 944 gratiis
1130 875 1196 931 ³⁸.
1236 874 1372 933 Vide
1417 877 1605 934 homil.
1661 879 1719 933 in
1764 881 1904 950 psal.
1949 896 2095 947 cstv,

550 974 607 1013 ιι.
678 1002 692 1014 .
718 976 770 1014 o.
795 961 920 1014 202.

550 974 607 1013 ιι.
639 961 692 1025 5,
717 976 770 1031 p.
795 961 920 1018 202.

622 1067 767 1124 Satis
795 1079 938 1141 patet
966 1086 1033 1128 ex
1062 1071 1148 1130 his
1174 1088 1296 1144 quae
1340 1076 1640 1141 attulimus,
1682 1086 1942 1149 quantum
1984 1081 2100 1135 eni-

546 1162 658 1214 teat
699 1160 880 1216 divina
916 1166 1155 1234 potentia
1175 1167 1229 1221 in
1264 1167 1482 1224 humani
1512 1170 1694 1225 cordis
1724 1173 2095 1229 conversione.

550 1248 656 1304 Sed
686 1262 944 1321 praeterea
978 1256 1032 1308 in
1067 1256 1309 1311 eamdem
1338 1262 1663 1315 sententiam
1714 1262 1974 1316 nonnulla
2010 1278 2098 1317 re-

550 1338 790 1396 ferenda.
820 1343 1182 1416 Subjiciamur
1207 1366 1327 1418 ergo
1356 1349 1484 1413 Deo,
1512 1352 1684 1422 inquit
1718 1352 1792 1421 (in
1819 1353 1954 1421 psal.
1984 1370 2095 1419 ut,

508 1446 604 1495 ,n.
636 1431 714 1503 2),
750 1435 885 1504 quod
938 1439 1173 1494 salutare
1221 1441 1286 1494 ab
1337 1443 1448 1510 ipso
1489 1452 1586 1498 est.
1644 1442 1779 1508 Quid
1825 1456 1995 1498 autem
2030 1447 2097 1499 sit

545 1522 802 1589 salutare,
839 1528 1083 1609 explicat.
1131 1529 1251 1587 Non
1284 1532 1429 1586 nuda
1457 1538 1696 1603 quwdam
1737 1543 1816 1589 est
1840 1537 2093 1605 operatio,

546 1614 779 1685 aliquam
817 1619 964 1675 nobis
1017 1620 1410 1691 beneﬁcentiam
1464 1624 1707 1693 aﬁ'erens,
1748 1642 1853 1695 qua
1897 1625 1962 1678 ab
2010 1627 2096 1679 in-

545 1704 799 1773 ﬁrmitate
849 1709 1162 1777 liberemur,
1225 1713 1457 1786 bonaque
1506 1717 1740 1786 corporis
1791 1716 2096 1772 habitudine

545 1803 776 1851 utamur.
810 1796 912 1853 Sed
945 1802 1068 1870 quid
1105 1814 1184 1857 est
1210 1805 1485 1861 salutare?
1514 1826 1533 1858 ι
1577 1806 1787 1862 Etenim
1820 1809 1928 1878 ipse
1956 1808 2095 1863 Deus

546 1901 709 1949 meus,
737 1899 787 1941 et
813 1889 1060 1944 Salvator
1093 1910 1258 1958 meus,
1304 1906 1573 1965 susceptor
1617 1915 1783 1965 meus,
1829 1915 1932 1953 non
1983 1917 2097 1953 mo-

544 1976 695 2032 vebar
735 1982 955 2033 multum
985 1984 1051 2036 ".
1102 2003 1120 2034 ι
1167 1984 1342 2041 Filius
1394 1988 1483 2058 qui
1525 2004 1590 2043 ea:
1632 1988 1743 2044 Deo
1800 1999 1899 2057 est,
1956 1991 2094 2046 Deus

543 2077 717 2122 noster
742 2080 839 2124 est.
863 2070 1010 2126 Idem
1037 2075 1194 2129 etiam
1229 2074 1478 2132 Salvator
1498 2087 1576 2134 est
1604 2082 1808 2150 generis
1849 2081 2090 2147 humani,

541 2155 859 2214 debilitatem
901 2172 1137 2218 nostrain
1184 2164 1429 2234 fulciens,
1482 2185 1544 2223 ac
1587 2173 1986 2227 commotionem
2030 2188 2097 2227 ea:

549 2254 920 2307 tentationibus
951 2257 1143 2310 animis
1182 2259 1375 2313 nostris
1425 2261 1775 2316 advenientem
1810 2264 2091 2333 corrigens.

548 2339 680 2397 Vide
730 2342 916 2398 homil.
960 2346 1015 2398 in
1057 2347 1195 2414 psal.
1248 2364 1419 2415 xxxn,
1464 2366 1522 2405 ιι.
1561 2352 1623 2414 3,
1659 2367 1713 2421 p.
1764 2352 1899 2416 155.
1940 2362 1995 2408 et
2039 2355 2095 2407 in

539 2435 676 2504 psal.
707 2450 899 2501 χχχιιι,
939 2453 995 2490 ιι.
1017 2437 1071 2496 4.
1105 2453 1158 2507 p.
1181 2437 1302 2504 146,
1323 2447 1378 2494 et
1405 2438 1605 2496 Homil.
1637 2441 1703 2497 de
1729 2442 1852 2513 fide,
1886 2459 1942 2514 p.
1968 2444 2092 2510 155,

540 2539 655 2596 reg.
683 2526 874 2581 moral.
902 2525 990 2591 55,
1020 2541 1140 2597 cap.
1168 2528 1220 2582 1.

606 2658 953 2713 Divinitatem
974 2656 1095 2713 Filii
1117 2658 1449 2716 demonstrat
1482 2661 1717 2719 Basilius
1763 2678 1830 2719 ex
1876 2678 2093 2719 summo

538 2751 685 2806 illius
714 2751 769 2805 in
805 2751 1070 2806 humanas
1112 2758 1325 2807 mentes
1362 2752 1611 2823 imperio.
1667 2752 1830 2810 Petra
1876 2753 2091 2823 dicitur,

539 2840 715 2910 inquit
743 2840 798 2893 in
819 2841 957 2895 libro
984 2839 1060 2894 De
1097 2839 1298 2909 Spiritu
1330 2852 1536 2906 sancta,
1587 2857 1640 2898 c.
1681 2843 1736 2905 8.
1785 2860 1839 2914 p.
1893 2844 1981 2913 15,
2033 2862 2093 2900 eo

538 2929 674 3001 quod
703 2929 934 2985 validum
962 2931 1031 2985 sit
1061 2941 1110 2986 et
1138 2932 1527 2998 inconcussum,
1560 2944 1611 2989 et
1637 2936 1820 3004 quavis
1843 2953 1962 2992 arce
1993 2939 2092 3007 ﬁr-

541 3020 676 3073 mius
706 3020 1148 3090 propugnaculum
1180 3019 1440 3089 ﬁdelibus.
1480 3020 1544 3075 Et
1571 3038 1694 3093 pag.
1749 3024 1815 3079 16
1854 3045 1865 3080 :
1901 3024 2094 3082 Omnia

540 3122 713 3165 autem
734 3113 862 3183 facit
896 3122 1139 3167 contactu
1179 3113 1423 3179 virtutis,
1462 3130 1524 3168 ac
1552 3115 1818 3170 voluntate
1846 3116 2089 3173 bonitatis

539 3219 781 3272 operaus.
815 3203 1019 3267 Pascit,
1062 3203 1349 3271 illuminat,
1394 3205 1516 3271 alit,
1558 3206 1787 3270 deducit,
1835 3208 2088 3274 medetur,
2117 3199 2159 3257 C

535 3294 708 3363 erigit.
743 3292 874 3358 Quae
903 3308 1004 3345 non
1028 3302 1170 3356 sunt,
1210 3292 1337 3362 facit
1368 3303 1425 3347 ut
1471 3294 1597 3361 sint,
1634 3295 1845 3351 condita
1883 3313 2093 3352 conser-

537 3392 646 3439 vat.
678 3381 792 3437 Hoc
821 3382 972 3436 modo
994 3382 1126 3437 bona
1148 3398 1213 3438 ex
1237 3384 1345 3438 Deo
1375 3400 1466 3455 per
1500 3383 1702 3442 Filium
1737 3387 1805 3441 ad
1845 3405 1938 3443 nos
1975 3404 2092 3457 per-

537 3477 767 3541 veniunt,
822 3477 1023 3547 majore
1065 3478 1328 3532 celeritate
1381 3478 1437 3532 in
1490 3480 1711 3552 singulis
1771 3490 2089 3550 operantem,

536 3584 694 3640 quam
730 3569 871 3623 ullus
904 3585 1071 3623 sermo
1094 3569 1377 3638 exprimere
1404 3570 1595 3627 valeat.
1624 3571 1802 3642 Neque
1821 3573 1956 3627 enim
1987 3572 2094 3643 ful-

536 3675 695 3728 gura,
738 3674 897 3729 neque
949 3658 1077 3713 lucis
1127 3676 1219 3730 per
1268 3676 1441 3714 aerem
1481 3671 1588 3716 tam
1643 3663 1790 3717 velox
1823 3664 2091 3720 discursus

536 3758 637 3816 est,
679 3765 783 3803 non
815 3749 1084 3804 oculorum
1122 3749 1310 3806 celeres
1346 3752 1503 3818 ictus,
1547 3769 1649 3807 non
1687 3755 1850 3824 ipsius
1892 3755 2094 3809 intellec

537 3848 651 3895 ctus
681 3840 847 3894 nostri
874 3850 1043 3896 motus
1071 3857 1088 3896 :
1117 3840 1205 3896 sed
1242 3842 1429 3897 horum
1456 3841 1690 3915 quodque
1732 3846 1897 3915 magis
1928 3846 2092 3898 vinci-

539 3939 626 3986 tur
671 3931 861 3986 divina:
894 3933 1211 4002 operationis
1254 3934 1535 3996 celeritate,
1588 3951 1745 4005 quam
1801 3936 2093 3989 animantia

538 4038 655 4094 qua:
685 4033 808 4077 sunt
849 4023 988 4092 apud
1025 4041 1118 4078 nos
1153 4027 1381 4080 maxime
1430 4026 1626 4096 segnia,
1661 4042 1763 4080 non
1810 4026 1983 4080 dicam
2004 4043 2093 4082 vo-

538 4115 788 4178 latilium,
819 4131 977 4186 neque
1020 4126 1311 4177 uentorum,
1361 4133 1522 4187 neque
1570 4118 1853 4171 cwlestium
1885 4119 2091 4174 orbium

538 4208 753 4272 impetu,
783 4204 871 4260 sed
900 4207 1063 4274 ipsius
1102 4209 1288 4262 mentis
1334 4219 1532 4263 nostrae
1572 4219 1715 4263 motu
1750 4223 2087 4280 superantur.

538 4293 684 4349 Nam
704 4311 805 4365 quo
836 4296 1047 4350 tandem
1088 4298 1332 4366 temporis
1371 4299 1540 4367 spatio
1572 4311 1738 4371 egeat,
1781 4302 1870 4371 qui
1912 4312 2092 4373 portat

538 4388 718 4442 omnia
768 4386 919 4442 verbo
958 4389 1164 4443 virtutis
1210 4406 1340 4454 sum,
1384 4392 1572 4460 quique
1611 4407 1701 4445 nec
1746 4378 2091 4465 corporaliter

538 4490 803 4551 operatur,
836 4497 994 4550 neque
1038 4498 1288 4535 manuum
1329 4498 1485 4551 opera
1531 4482 1600 4536 ad
1645 4486 1926 4541 creandum
1960 4502 2087 4556 opus

536 4572 711 4639 habet,
740 4572 828 4626 sed
857 4589 1036 4627 eorum
1066 4589 1184 4643 qua:
1212 4574 1347 4643 ﬁunt
1370 4586 1620 4629 naturam
1642 4575 1795 4631 habet
1824 4578 2087 4636 voluntate

536 4680 642 4719 non
661 4674 846 4720 coacta
877 4664 1249 4736 obsequentem.

602 4775 763 4831 Nullo
801 4777 915 4832 alio.
945 4786 1264 4846 argumento
1291 4778 1549 4834 libentius
1587 4780 1762 4835 utitur
1793 4782 1858 4837 ad
1888 4783 2090 4839 divini-

536 4876 700 4925 tatem
734 4870 908 4924 sancti
939 4866 1175 4940 Spiritus
1202 4870 1698 4927 demonstrandam.
1733 4871 1910 4944 Neque
1948 4879 2089 4930 enim

536 4962 654 5033 ﬁeri
671 4970 859 5031 potest,
909 4961 1085 5030 inquit
1131 4969 1272 5029 (cap.
1304 4960 1387 5025 12,
1415 4978 1470 5032 p.
1514 4961 1628 5033 25).
1656 4972 1714 5016 ut
1742 4960 1939 5017 Filium
1970 4967 2087 5034 quis

536 5052 719 5107 adoret
743 5054 845 5107 nisi
870 5053 925 5107 in
951 5063 1135 5106 sancto
1161 5052 1386 5122 Spiritu,
1428 5066 1518 5108 aut
1555 5064 1612 5107 ut
1647 5054 1861 5109 Patrem
1890 5057 2089 5113 invocet

536 5146 640 5198 nisi
671 5146 725 5198 in
769 5144 1065 5213 adoptionis
1110 5143 1330 5213 Spiritu.
1368 5143 1502 5200 Vide
1541 5160 1659 5214 cap.
1702 5146 1790 5208 15.
1833 5154 1887 5200 et
1923 5145 2084 5215 epist.

534 5236 625 5296 38.
675 5253 730 5291 ιι.
780 5236 835 5292 4.
888 5236 1231 5292 Demonstrat
1275 5237 1330 5291 in
1375 5251 1497 5307 cap.
1542 5238 1610 5292 15
1647 5237 1891 5307 ejusdem
1935 5237 2083 5302 liliri,

537 5326 797 5396 Spiritum
850 5337 1097 5382 sanctum
1149 5343 1179 5382 a
1221 5326 1381 5384 Patre
1413 5339 1467 5384 et
1513 5327 1648 5384 Filio
1692 5328 1927 5400 disjungi
1975 5345 2084 5385 non

532 5432 695 5490 posse
729 5418 802 5488 (p.
829 5418 942 5490 29),
982 5421 1028 5476 si
1053 5420 1268 5491 quidem
1303 5420 1356 5476 in
1387 5420 1654 5491 baptismo
1685 5423 1787 5476 vim
1823 5420 2083 5491 viviﬁcan:

2199 618 2256 671 in
2302 619 2583 688 pristinam
2622 621 2783 674 vitam
2828 634 2940 675 :ae
2988 620 3145 673 vitam
3198 625 3432 671 nostram
3480 622 3737 682 operatur.

2200 709 2267 764 Et
2294 727 2412 782 cap.
2455 711 2543 776 19,
2576 728 2698 783 pag.
2728 713 2790 767 41
2820 730 2834 766 :
2868 711 2988 767 Sive
3011 711 3128 782 quis
3168 709 3481 763 creationem
3523 702 3741 771 accipiat

2199 801 2263 855 de
2291 803 2665 857 exstinctorum
2695 803 3049 858 reviviscentia
3066 817 3084 865 ;
3117 817 3184 854 an
3222 816 3324 853 non
3358 812 3549 867 magna
3577 793 3742 858 Spiri~

2199 901 2283 947 tus
2312 896 2564 961 operatio,
2590 897 2682 964 qui
2715 893 2860 948 nobis
2895 892 3187 961 suppeditat
3224 892 3382 946 vitam
3407 904 3473 945 ex
3514 900 3741 941 resurre-

2197 984 2385 1045 ctione.
2435 994 2486 1038 et
2534 983 2602 1037 ad
2652 983 2979 1052 spiritualem
3006 981 3156 1035 illam
3202 981 3361 1034 vitam
3405 978 3611 1032 animus
3650 990 3743 1028 no-

2198 1083 2339 1128 stras
2377 1075 2639 1143 adoptat?
2662 1073 2781 1130 Sive
2817 1075 3012 1128 creatio
3040 1074 3247 1128 dicatur
3280 1086 3391 1126 esse
3419 1084 3616 1130 eorum,
3655 1065 3741 1134 qui

2196 1165 2281 1218 hic
2323 1179 2415 1233 per
2461 1175 2727 1234 peccatum
2764 1165 2902 1235 lapsi
2953 1175 3097 1230 sunt,
3139 1165 3193 1218 in
3239 1162 3503 1217 meliorem
3544 1165 3740 1215 statum

2197 1259 2420 1312 mutatio
2470 1260 2615 1328 (nam
2660 1259 2739 1313 ita
2793 1274 2994 1329 quoque
3039 1269 3408 1324 nonnunquam
3462 1257 3745 1319 usurpatur

2190 1347 2352 1416 juxta
2395 1344 2678 1415 Seripturte
2727 1345 3170 1405 consuetudinem,
3200 1343 3335 1397 velut
3366 1356 3483 1395 eum
3532 1335 3735 1391 Paulus

2196 1439 2347 1502 dicit,
2382 1456 2400 1489 ι
2434 1437 2495 1493 Si
2527 1455 2631 1508 qua
2668 1439 2722 1492 in
2744 1437 2953 1493 Christo
2991 1453 3122 1491 nova
3152 1444 3396 1489 creatura
3416 1432 3505 1495 “l,
3534 1448 3553 1480 s
3590 1442 3744 1481 reno-

2197 1533 2332 1586 vatio
2371 1548 2487 1593 qute
2522 1531 2606 1585 hic
2629 1532 2709 1601 ﬁt,
2754 1540 2804 1584 et
2845 1548 2879 1584 a
2916 1530 3024 1584 vita
3055 1527 3285 1583 terrestri
3334 1540 3397 1578 ac
3439 1518 3743 1575 turbulentis

2198 1622 2469 1693 affectibus
2494 1623 2721 1677 obnoxia
2745 1622 2814 1675 ad
2841 1623 3094 1676 caelestem
3114 1616 3550 1674 conversationem
3571 1621 3747 1665 trans-

2196 1715 2439 1776 mutatio,
2472 1730 2587 1783 quae
2614 1713 2675 1784 ﬁt
2705 1715 2759 1767 in
2786 1713 2936 1768 nobis
2962 1729 3052 1780 per
3088 1710 3363 1779 Spiritum,
3393 1704 3462 1760 ad
3486 1716 3745 1760 summam

2198 1803 2598 1857 admirationem
2628 1801 2838 1856 deducit
2883 1803 3087 1855 animos
3114 1808 3345 1854 nostros.
3398 1793 3659 1850 Similiter
3691 1791 3745 1843 in

2199 1894 2360 1961 epist.
2390 1891 2445 1954 8,
2480 1908 2535 1946 ιι.
2564 1892 2625 1945 11
2656 1911 2669 1946 :
2702 1891 2831 1946 Tria
2861 1890 3138 1945 creationis
3167 1903 3352 1959 genera
3386 1886 3441 1939 in
3471 1882 3748 1950 Scriptura

2196 1982 2464 2036 nominata
2492 1984 2798 2036 invenimus.
2848 1980 3020 2035 Unum
3060 1979 3263 2049 quidem
3306 1993 3367 2030 ac
3402 1975 3650 2044 primum,
3682 1985 3747 2026 ea:

2194 2072 2356 2127 nihilo
2395 2072 2785 2143 productionem
2828 2071 3155 2127 :secundum
3196 2085 3334 2133 vero,
3379 2082 3442 2121 ea:
3477 2063 3650 2133 pejore
3693 2064 3747 2114 in

2194 2165 2379 2219 melius
2406 2165 2855 2227 immutationem;
2886 2163 3115 2223 tertium,
3153 2157 3578 2215 resurrectionem
3604 2166 3748 2205 mor-

2195 2264 2422 2310 tuorum.
2457 2253 2521 2308 In
2555 2255 2636 2309 his
2669 2254 2889 2323 reperies
2937 2252 3191 2322 Spiritum
3226 2258 3463 2304 sanctum
3490 2261 3597 2298 una
3628 2258 3748 2297 cum

2197 2348 2358 2403 Patre
2401 2357 2451 2402 et
2489 2345 2634 2401 Filio
2674 2355 2988 2415 operantem.
3025 2343 3177 2413 Saepe
3211 2343 3348 2396 alias
3394 2338 3575 2394 cordis
3614 2351 3750 2390 con-

2193 2441 2373 2496 versio
2422 2445 2648 2493 vocatur
2699 2452 2836 2493 nova
2888 2436 3126 2496 creatio,
3182 2442 3240 2487 ut
3287 2434 3339 2487 in
3374 2430 3509 2501 psal.
3558 2441 3748 2491 sun,

2192 2546 2313 2603 pag.
2348 2531 2480 2596 138;
2514 2538 2566 2586 et
2592 2531 2647 2584 in
2690 2529 2933 2588 homilia.
2966 2526 3115 2593 Quod
3163 2525 3300 2579 Deus
3330 2540 3432 2578 non
3462 2529 3539 2575 est
3560 2530 3750 2573 auctor

2194 2624 2549 2693 malorum,p.
2597 2622 2700 2687 75,
2748 2629 2803 2677 et
2849 2620 2944 2675 lib.
3002 2635 3037 2673 ν
3097 2618 3344 2672 adversus
3392 2612 3747 2672 Eunomium,

2192 2732 2248 2788 p.
2273 2716 2398 2781 503,
2426 2724 2480 2770 et
2505 2714 2807 2770 Comment.
2842 2712 2897 2766 in
2929 2709 3152 2776 Isaiam,
3181 2726 3233 2781 p.
3264 2708 3392 2763 425.

2260 2860 2529 2929 Quantum
2563 2859 2775 2915 ﬁduciae
2820 2857 2875 2912 in
2905 2857 3086 2913 divina
3128 2856 3299 2928 gratia
3333 2862 3552 2927 poneret
3588 2850 3749 2909 Basi-

2193 2946 2298 3010 lius
2327 2969 2395 3008 ει
2422 2953 2507 3007 his
2532 2951 2763 3022 perspici
2795 2958 2992 3020 potest,
3021 2964 3143 3019 qua:
3164 2946 3231 3003 de
3254 2944 3608 3002 conciliandis
3633 2944 3749 2997 An-

2193 3044 2456 3100 tiochense
2485 3042 2737 3097 Ecclesiae
2764 3038 3196 3095 dissensionibus
3224 3037 3463 3107 loquitur
3494 3034 3548 3089 in
3581 3033 3749 3104 epist.

2193 3137 2281 3203 66,
2309 3154 2364 3207 p.
2395 3135 2497 3190 160
2525 3156 2538 3189 :
2578 3133 2704 3189 Hcce
2724 3149 2841 3188 vero
2867 3131 3172 3194 conciliare,
3202 3130 3397 3200 inquit,
3423 3138 3474 3183 et
3495 3127 3563 3182 ad
3589 3128 3751 3181 unius

2191 3231 2424 3299 corporis
2449 3227 2779 3282 harmoniam
2815 3225 3065 3295 redigere,
3086 3221 3236 3276 illius
3261 3230 3336 3276 est
3374 3220 3557 3284 solius,
3584 3219 3680 3289 qui
3700 3227 3751 3272 et

2189 3320 2340 3374 siccis
2368 3317 2593 3383 ossibus,
2622 3325 2681 3370 ut
2702 3316 2771 3370 ad
2799 3330 2978 3373 nervos
2999 3321 3048 3367 et
3079 3327 3290 3367 carnem
3315 3310 3482 3377 denuo
3506 3308 3750 3370 redeant,

2190 3426 2293 3465 non
2335 3408 2623 3465 enarrabili
2653 3423 2750 3462 sua
2776 3415 3030 3478 potestate
3066 3393 3313 3475 largitur.
3352 3400 3608 3456 Dominus
3648 3415 3755 3454 au-

2191 3510 2292 3557 tem
2315 3500 2525 3556 omnino
2558 3515 2748 3569 magna
2778 3512 2866 3566 per
2893 3513 3000 3559 eos,
3028 3495 3192 3566 quise
3219 3491 3364 3564 digni
3393 3500 3537 3552 sunt,
3569 3489 3751 3558 efﬁcit.

2190 3592 2257 3648 Et
2287 3593 2341 3648 in
2387 3592 2547 3663 epist.
2576 3590 2682 3646 203
2708 3590 2783 3662 (p.
2814 3588 2939 3661 300)
2964 3607 2979 3644 :
3010 3587 3134 3643 Non
3162 3585 3299 3641 enim
3337 3584 3619 3654 ignoratis,
3655 3598 3756 3636 nos

2189 3687 2369 3753 palam
2413 3682 2651 3738 omnibus
2682 3681 2996 3751 propositos,
3040 3677 3197 3734 veluti
3242 3674 3477 3746 scopulos
3506 3674 3564 3728 in
3603 3674 3757 3730 mari

2189 3778 2534 3846 prominentes
2556 3815 2572 3841 ,
2618 3775 2850 3845 furorem
2890 3774 3144 3843 fluctuum
3204 3769 3565 3824 haereticorum
3608 3766 3760 3820 exci-

2189 3883 2350 3938 pere;
2380 3881 2565 3937 eosque
2582 3865 2706 3919 dum
2733 3865 2873 3919 circa
2899 3880 2991 3918 nos
3014 3862 3344 3933 franguntur,
3369 3875 3431 3913 ea
3462 3873 3578 3938 qua:
3602 3866 3756 3911 retro

2191 3932 2285 4013 nos
2304 3967 2447 4019 sunt,
2466 3932 2567 4011 non
2600 3955 2816 4009 alluere.
2842 3953 2989 4010 Illud
3016 3932 3208 4017 autem,
3227 3969 3247 4003 ι
3272 3966 3388 4014 nos,
3409 3966 3427 4000 ι
3452 3932 3571 4002 cuit
3602 3947 3757 4014 dics,

2192 4066 2297 4109 non
2334 4049 2403 4102 ad
2443 4046 2699 4101 humanas
2727 4046 2893 4115 refero
2919 4044 3071 4106 vires,
3110 4041 3199 4097 sed
3253 4040 3320 4095 ad
3359 4038 3453 4094 Dei
3491 4037 3757 4110 gratiam,

2192 4140 2282 4209 qui
2313 4140 2368 4193 in
2393 4137 2659 4192 hominum
2690 4135 3048 4190 imbecillitate
3076 4134 3362 4202 potentiam
3392 4147 3543 4187 suam
3566 4128 3759 4184 decla-

2192 4239 2298 4296 rat,
2334 4227 2771 4301 quemadmodum
2800 4229 2875 4282 ait
2911 4228 3158 4296 propheta
3194 4240 3259 4280 εει)
3284 4240 3505 4294 persona
3529 4223 3760 4278 Domini

2191 4324 2409 4378 dicens:
2439 4341 2459 4375 ι
2488 4321 2573 4376 An
2620 4337 2700 4375 me
2745 4336 2847 4375 non
2884 4317 3148 4382 timebitis,
3199 4318 3289 4387 qui
3338 4331 3556 4369 arenam
3606 4316 3761 4371 mari

2192 4417 2474 4471 terminum
2517 4414 2665 4482 posui
2686 4413 2768 4466 "‘l
2802 4431 2821 4463 ι
2850 4409 2990 4464 Nam
3023 4408 3254 4464 omnium
3285 4407 3660 4477 inﬁrmissima
3693 4426 3761 4464 ac

2194 4507 2453 4563 vilissima
2499 4521 2574 4569 re,
2620 4520 2803 4567 arena,
2848 4504 3023 4572 ingens
3060 4518 3121 4556 ac
3167 4516 3321 4571 grave
3359 4499 3571 4570 pelagus
3621 4518 3765 4556 con-

2189 4598 2402 4653 strinxit
2454 4595 2811 4663 Omnipotens.
2863 4592 3071 4649 Similia
3114 4591 3280 4646 habes
3317 4590 3374 4644 in
3421 4589 3651 4644 bomilia
3703 4593 3762 4646 in

2189 4690 2328 4759 psal.
2359 4702 2507 4742 χχιιι
2529 4686 2605 4755 (p.
2638 4685 2758 4754 158)
2786 4704 2799 4739 :
2829 4683 2962 4739 Cum
2985 4684 3146 4753 igitur
3187 4682 3417 4736 audieris
3450 4684 3763 4752 quempiam

2191 4798 2380 4853 magna
2407 4779 2752 4839 minitantem,
2788 4776 3174 4846 jactantemque
3216 4790 3271 4828 se
3312 4773 3405 4826 tibi
3446 4774 3618 4828 omnis
3660 4791 3762 4845 ge—

2190 4875 2330 4930 neris
2361 4885 2643 4932 terumnas,
2674 4868 2891 4931 damna,
2923 4876 3015 4920 aut
3050 4865 3257 4935 plagas,
3289 4875 3380 4917 aut
3423 4874 3647 4917 mortem
3687 4867 3762 4919 il-

2192 4968 2446 5027 laturum,
2475 4963 2668 5027 respice
2710 4960 2778 5014 ad
2812 4960 3087 5015 Dominum
3116 4959 3346 5029 gentium
3379 4956 3599 5012 consilia
3635 4960 3763 5013 dis-

2192 5059 2464 5125 sipantem,
2495 5064 2544 5109 et
2566 5052 2877 5123 populorum
2904 5052 3239 5122 cogitationes
3270 5050 3651 5120 reprobantem.
3685 5050 3761 5104 Et

2189 5156 2393 5223 postea,
2434 5163 2489 5201 n.
2523 5147 2555 5202 9
2585 5147 2662 5216 (p.
2712 5145 2835 5214 140)
2866 5163 2878 5198 :
2909 5143 3084 5214 Neque
3124 5144 3285 5214 igitur
3331 5158 3424 5197 rea:
3475 5157 3540 5197 ea:
3574 5145 3759 5199 armis

2189 5239 2443 5309 sufﬁciens
2472 5236 2540 5291 ad
2561 5235 2781 5290 salutent
2810 5234 3068 5289 auxilium
3095 5234 3267 5299 habet,
3303 5248 3463 5302 neque
3488 5233 3642 5302 fortis
3669 5236 3761 5287 vir

2189 5331 2291 5387 sibi
2319 5329 2388 5384 ad
2423 5329 2600 5384 omnia
2636 5328 2860 5397 sufﬁcere
2899 5335 3087 5396 potest.
3123 5325 3465 5405 Imbecillitas
3514 5325 3657 5378 enim
3702 5336 3758 5382 et

2196 5421 2483 5489 inﬁrmitas
2514 5428 2635 5473 sunt
2681 5419 2856 5474 omnia
2897 5417 3055 5472 simul
3084 5416 3334 5482 humana,
3377 5415 3424 5469 si
3466 5430 3585 5469 cum
3617 5429 3759 5470 vera

606 5698 657 5731 ⁸⁸
682 5695 840 5751 Rom.
876 5713 950 5762 ιι,
986 5700 1038 5755 5.
1116 5701 1162 5733 "
1188 5700 1331 5759 Psal.
1367 5718 1475 5769 ut,
1511 5703 1561 5757 6.
1639 5704 1682 5736 "
1721 5701 1760 5758 ll
1794 5704 1917 5759 Cor.
1955 5722 1987 5759 ν
2037 5706 2093 5759 17

2194 5707 2232 5737 ⁶¹
2263 5704 2457 5762 Jerem.
2488 5722 2539 5774 ν,
2577 5704 2665 5759 2‘2.
