3908 6560
225 419 276 471 σε
1199 409 1556 466 ELENCHUS
1585 409 1918 468 VETERUM
1953 409 2319 467 Li‘BROBU‘M.
3298 414 3367 474 66

227 531 388 603 retenti.
447 538 827 596 comparentur.
876 525 1160 596 PrOpterea
1215 550 1233 583 ‹
1263 531 1486 601 Inﬁrma
1528 533 1712 586 mundi
1745 542 1789 596 Α
1885 533 2086 602 Agmen
2130 533 2342 586 claudet
2383 533 2590 602 insigne
2618 533 3008 597 testimonium,
3049 533 3191 603 quod
3227 547 3258 588 e
3298 532 3359 589 S.

222 621 334 687 elegit
359 617 502 679 Deus,
532 629 586 670 ut
626 619 912 687 confundat
935 619 1098 687 fortia
1122 620 1186 676 ".
1215 619 1302 686 Et,
1333 637 1397 676 ea:
1424 638 1511 675 ore
1534 623 1710 692 infan-
1815 624 1999 680 Basilii
2032 624 2270 695 Liturgia
2308 625 2681 694 depromptum
2713 625 2906 680 Petrus
2948 624 3218 679 Diaconus
3251 626 3361 698 (18)

222 711 317 759 tim
341 716 382 760 et
409 707 699 760 lactentium
728 708 945 776 perfecit
979 708 1210 773 laudem,
1247 718 1302 761 ut
1345 709 1579 782 destruat
1611 711 1715 762 ini-
1813 713 1944 767 citat
1967 718 2020 766 in
2052 713 2188 767 libro
2226 712 2300 766 De
2328 714 2687 767 incarnatione
2720 724 2768 767 et
2795 715 2969 783 gratia
2991 730 3108 783 cap.
3134 715 3199 769 8:
3224 714 3362 768 Hinc

220 817 366 852 meum
391 809 435 851 et
473 799 690 853 ultorem
715 800 794 865 ⁶³;
827 819 844 850 ι
883 817 1004 853 nam
1036 801 1212 855 divina
1243 803 1418 872 gratia
1444 803 1498 854 in
1534 802 1712 870 infan-
1812 804 1995 870 etiam,
2041 803 2234 873 inquit,
2273 803 2453 858 beatus
2502 804 2735 858 Basilius
2770 803 3112 859 Cwsariensis
3160 806 3364 873 episco-

220 891 321 942 tibus
349 907 401 942 ac
421 891 632 945 rudibus
662 909 906 961 operam,
943 895 1170 948 maxime
1205 894 1544 964 resplenduit.
1569 893 1714 949 Prm—
1812 909 1908 962 pus
1951 894 2002 947 in
2035 895 2268 947 oratione
2317 894 2458 947 sacri
2491 893 2700 956 altaris,
2730 910 2884 962 quam
2935 909 3058 962 pene
3089 895 3360 948 universus

222 983 529 1034 clarissimum
573 994 656 1036 est
687 984 900 1037 initium
950 986 1108 1054 epist.
1165 986 1286 1051 161,
1337 985 1406 1040 ad
1443 987 1714 1056 Amphilo-
1814 986 2110 1054 frequentat
2159 983 2364 1046 Oriens,
2395 985 2529 1037 inter
2565 993 2754 1038 cwtera
2786 998 2803 1037 :
2838 984 3004 1049 Dona,
3033 987 3220 1055 inquit,
3257 985 3361 1040 Do-

217 1073 355 1127 chium
383 1091 394 1124 :
423 1073 725 1128 Benedictus
767 1075 927 1140 Deus,
969 1079 1058 1147 qui
1084 1077 1188 1132 sibi
1221 1078 1481 1146 placentes
1511 1079 1564 1131 in
1604 1080 1714 1132 sin-
1816 1078 1981 1141 mine,
2019 1081 2269 1129 virtutem
2298 1084 2351 1130 et
2377 1083 2755 1140 tutamentum,
2786 1077 2976 1140 malos,
3019 1092 3356 1146 quaesumus,

218 1165 318 1233 gulis
342 1165 569 1219 atatibus
615 1168 779 1237 eligit,
821 1168 1184 1240 electionisque
1228 1172 1445 1224 secernit
1479 1186 1626 1232 vasa,
1663 1177 1711 1223 et
1813 1167 1987 1221 bonos
2016 1165 2199 1232 facito,
2234 1165 2405 1219 bonos
2454 1167 2508 1218 in
2551 1166 2797 1220 bonitate
2830 1181 3130 1232 conserva;
3178 1169 3361 1222 omnia

215 1259 272 1308 his
293 1258 434 1308 utitur
458 1256 523 1308 ad
548 1260 892 1314 ministerium
926 1264 1368 1333 sanctorum:qui
1399 1274 1708 1317 nuncetiam
1813 1256 1954 1310 cnim
1985 1263 2158 1325 potes.
2191 1264 2243 1308 el
2285 1269 2390 1309 ηοη
2436 1262 2518 1307 εει
2546 1255 2638 1323 (ιιιί
2681 1253 3018 1307 contradicat
3057 1254 3155 1308 tibi
3189 1271 3201 1307 ε
3237 1269 3360 1307 Cum

216 1357 265 1410 te,
290 1364 384 1398 cum
415 1349 634 1418 fugeres.
667 1360 725 1404 ut
760 1361 921 1405 tumet
963 1353 1168 1416 dixisti,
1203 1371 1305 1407 ηοη
1349 1371 1462 1417 nos,
1498 1355 1676 1409 θεά-ολ
1811 1348 1954 1407 etum
2005 1347 2260 1411 volueris,
2301 1346 2498 1407 salvas,
2540 1353 2594 1400 et
2639 1345 2818 1400 nullus
2840 1344 3044 1399 resistit
3104 1343 3359 1398 voluntati

215 1439 417 1490 rationem
445 1455 598 1509 quam
636 1459 729 1510 per
758 1461 853 1497 nos
882 1446 1114 1513 futuram
1141 1444 1516 1513 suspicabaris,
1553 1447 1711 1499 inevi-
1812 1450 1933 1498 tua}.
1984 1437 2119 1495 Ecce
2174 1453 2327 1506 quant
2381 1436 2626 1500 breviter,
2675 1452 2927 1506 quamque
2975 1434 3123 1489 docte
3180 1437 3361 1488 doctor

215 1530 409 1581 tabilibus
434 1533 616 1599 gratia:
644 1535 840 1589 retibus
871 1537 1108 1606 illigavit,
1145 1553 1207 1588 ac
1230 1539 1282 1588 in
1312 1535 1536 1590 mediam
1566 1537 1707 1592 Pisi-
1808 1537 2040 1606 egregius
2068 1532 2194 1588 olim
2223 1527 2342 1582 huic
2379 1529 2741 1582 controversia
2766 1528 2919 1597 ﬁnem
2953 1524 3144 1596 posuit,
3171 1526 3359 1582 docens

211 1619 315 1669 diem
340 1618 537 1672 deduxit
572 1633 629 1676 ut
668 1625 898 1678 homines
934 1625 1149 1680 Domino
1181 1628 1378 1695 capias,
1417 1638 1466 1681 et
1503 1643 1566 1681 ex
1595 1645 1708 1697 pro-
1809 1644 1899 1696 per
1930 1627 2060 1678 hanc
2090 1641 2291 1694 precem
2322 1637 2427 1678 non
2459 1637 2491 1672 a
2520 1620 2722 1690 seipsis,
2755 1620 2844 1673 sed
2868 1637 2899 1673 a
2931 1619 3038 1674 Deo
3077 1618 3244 1672 malos
3268 1617 3361 1670 Ito-

213 1712 334 1778 (sndo
373 1714 637 1780 pertrahas
681 1714 750 1766 ad
787 1717 971 1780 lucem,
1010 1733 1137 1786 quos
1182 1717 1313 1785 cepit
1348 1717 1611 1782 diabolus,
1649 1729 1706 1773 ut

1816 1719 1972 1771 mines
2005 1716 2161 1769 bonos
2195 1717 2331 1784 ﬁeri,
2359 1733 2448 1769 nec
2481 1729 2582 1771 sua
2606 1713 2814 1776 virtute,
2853 1710 2942 1764 sed
2972 1710 3160 1764 divina:
3177 1708 3359 1780 gratiae

209 1816 320 1853 suam
344 1802 493 1855 iusius
523 1802 723 1854 faciant
755 1804 1091 1857 uoluntatem.
1810 1809 2073 1878 adjutorio
2099 1807 2152 1860 in
2181 1807 2294 1874 ipsa
2327 1808 2553 1862 bonitate
2587 1819 2935 1880 perseverare.

257 1979 290 2009 "
315 1980 328 2032 Ι
356 1977 472 2036 Cor.
504 1993 542 2041 l,
577 1978 673 2033 27.
748 1979 796 2011 ⁸³
823 1978 966 2035 Psal.
997 1997 1114 2046 vni,
1141 1981 1194 2048 5;
1230 1981 1418 2036 Matth.
1451 1997 1564 2050 χιι,
1601 1982 1686 2040 16.

256 2133 344 2202 (l8)
378 2132 619 2186 Biblioth.
648 2132 826 2197 Patr.,
863 2142 992 2189 tom.
1030 2133 1123 2199 x1,
1156 2150 1210 2207 p.
1239 2133 1360 2193 198.

232 2289 3342 2325 ___—____.________.______________________

1345 2566 2160 2697 ELENCHUS

225 2887 469 2954 Veterum
511 2891 818 2956 librorum
850 2896 925 2957 ad
957 2913 1116 2959 auos
1163 2899 1370 2957 exacta
1418 2900 1470 2954 et
1508 2896 1831 2957 emendata
1871 2902 2008 2957 sum
2060 2894 2263 2957 Basilii
2322 2913 2532 2976 opera,
2579 2915 2718 2977 qua;
2746 2898 2818 2976 in;
2858 2898 2976 2963 hoc
3003 2897 3317 2964 volumina

1551 2999 1965 3060 continentur.

249 3396 380 3458 Liber
411 3403 482 3459 De
508 3403 707 3473 spiritu
741 3413 921 3459 sancto
951 3405 1182 3462 collatus
1211 3420 1334 3460 cum
1366 3405 1604 3476 quinque
1635 3405 1816 3478 Regiis
1849 3407 2129 3462 codicibus
2161 3413 2215 3462 et
2249 3423 2356 3461 uno
2384 3407 2714 3462 Colbertino.

248 3517 310 3570 Ad
356 3517 610 3587 Epistolas
645 3519 704 3574 S.
747 3519 923 3574 Basilii
965 3535 1160 3590 magno
1187 3521 1444 3574 exstitere
1477 3521 1728 3590 praesidio
1777 3532 1888 3576 tres
1926 3520 2265 3590 potissimum
2308 3518 2524 3574 codices
2567 3519 2951 3599 antiquissimi,
2993 3518 3357 3580 Coislinianus

201 3624 240 3664 υ.
260 3611 362 3675 257,
389 3617 579 3671 saeculo
611 3616 836 3671 circiter
865 3617 1152 3670 undecimo
1183 3617 1420 3686 scriptus
1447 3635 1460 3682 ;
1494 3615 1830 3680 llarlaaanus,
1872 3617 2082 3671 decimo
2116 3626 2208 3669 aut
2249 3615 2559 3679 undecimo,
2583 3623 2636 3669 et
2665 3614 2971 3679 Medicaeus,
3000 3631 3158 3686 quem
3196 3632 3357 3670 manu

201 3721 271 3760 sua
303 3711 698 3765 accuratissime
746 3726 868 3763 cum
908 3711 1064 3766 editis
1115 3712 1344 3765 contulit
1382 3711 1464 3765 vir
1503 3713 1642 3766 inter
1679 3713 1945 3766 litteratos
1985 3711 2371 3763 celeberrimus
2412 3710 2680 3764 Antonius
2723 3711 2886 3765 Maria
2923 3710 3214 3766 Salvinius.
3262 3710 3357 3767 His

201 3798 331 3855 tribus
351 3782 644 3864 codicibus,
677 3803 864 3856 saltem
889 3819 1010 3857 cum
1035 3807 1176 3859 inter
1198 3819 1256 3858 se
1273 3805 1640 3867 consentiunt,
1663 3804 1781 3875 plus
1804 3803 1978 3856 visum
2006 3810 2092 3856 est
2112 3802 2476 3867 tribuendum,
2509 3819 2668 3873 quam
2696 3804 2816 3858 aliis
2850 3805 3120 3860 omnibus.
3143 3803 3358 3860 Primus

200 3893 516 3959 complectitur
544 3894 814 3964 epistolas
841 3895 966 3958 551,
997 3893 1313 3950 Harlmanus
1346 3895 1470 3959 249,
1501 3894 1787 3950 Mediczcus
1808 3895 1930 3948 525.

248 3999 336 4057 Huc
359 4020 636 4064 accessere
679 4008 849 4064 codex
889 4009 1021 4080 Reg.
1060 4010 1221 4074 2295,
1255 4011 1381 4065 olim
1415 4011 1708 4065 cardinalis
1735 4010 2011 4075 Mazarini,
2039 4010 2404 4080 complectens
2432 4011 2686 4080 epistolas
2709 4009 2833 4065 272.
2867 4007 2964 4063 llic
2995 4008 3166 4063 codex
3188 4022 3353 4062 anno-

201 4105 284 4144 l’llll
303 4105 372 4150 est
397 4099 515 4162 500,
545 4109 602 4156 et
635 4101 846 4170 primus
877 4102 1078 4174 Regius
1108 4120 1136 4157 a
1168 4105 1327 4159 nobis
1358 4115 1600 4158 vocatur.
1627 4104 1804 4159 Codex
1831 4105 1959 4172 Reg.
1990 4103 2151 4167 2897,
2181 4121 2337 4174 quem
2366 4106 2660 4160 secundum
2683 4119 2960 4168 vocamus,
2987 4103 3357 4172 complectitur

200 4186 399 4250 epistolas
428 4193 552 4246 554.
586 4191 772 4247 Codex
807 4194 938 4264 Reg.
971 4195 1134 4260 2896,
1175 4197 1464 4251 continens
1503 4197 1762 4268 epistolas
1793 4197 1881 4251 55.
1914 4198 2095 4251 Codex
2122 4197 2252 4268 Reg.
2277 4197 2436 4264 2502,
2462 4201 2742 4252 continens
2772 4197 3027 4266 epistolas
3063 4196 3153 4250 29.
3177 4196 3356 4251 Codex

201 4279 298 4350 lh’g.
333 4285 473 4354 1824,
504 4290 560 4344 in
594 4306 706 4359 quo
741 4298 853 4344 tres
891 4292 1153 4360 epistolae,
1188 4309 1378 4363 nempe
1407 4294 1496 4356 45,
1527 4293 1631 4347 245
1655 4295 1744 4347 eti

1813 4295 1857 4346 0.
1885 4292 2060 4348 Codex
2093 4293 2224 4365 Reg.
2272 4295 2426 4358 1906,
2456 4295 2509 4348 ἰη
2542 4310 2646 4364 quo
2678 4292 2915 4363 epistolae
2942 4292 3080 4354 dure,
3112 4305 3299 4360 nempe
3323 4290 3356 4344 2

198 4380 235 4422 et
252 4371 322 4427 16.
356 4376 525 4435 Codex
559 4380 698 4453 Reg.
734 4383 890 4448 1908,
923 4384 978 4438 in
1014 4400 1123 4454 quo
1152 4386 1420 4453 reperitur
1448 4383 1675 4452 epistola
1710 4383 1776 4437 ad
1811 4384 2108 4438 Chilonem.

251 4493 511 4559 Habuimus
552 4505 721 4560 etiam
760 4508 939 4560 varias
973 4506 1234 4561 lectiones
1263 4522 1330 4561 ex
1365 4507 1645 4562 codicibus
1673 4505 2103 4572 Combeﬁsianis,
2140 4506 2432 4575 Bigotianis
2465 4505 2696 4570 duobus,
2727 4504 3144 4559 Claromontano
3171 4499 3357 4570 Angli-

201 4601 335 4657 ωπον
384 4597 432 4651 in
482 4615 594 4669 quo
644 4601 886 4670 epistolae
939 4601 1044 4665 28,
1104 4601 1399 4665 Vaticano,
1457 4602 1511 4656 in
1561 4617 1670 4670 quo
1725 4602 1964 4672 epistolae
2011 4603 2136 4666 527,
2195 4618 2295 4656 nec
2339 4617 2445 4656 non
2475 4598 2703 4670 insignis
2738 4598 2987 4656 Ecclesiae
3033 4595 3357 4652 Parisiensis

200 4688 362 4752 codice,
408 4697 495 4762 qui
547 4696 693 4750 idem
747 4695 961 4750 videtur
1005 4712 1130 4751 esse
1176 4712 1239 4751 ac
1282 4696 1687 4766 Bigotianorum
1729 4698 1882 4752 alter.
1938 4697 2314 4766 Suppeditavit
2361 4695 2688 4751 bibliotheca
2743 4693 3071 4749 Coisliniana
3115 4689 3356 4744 codicem

199 4771 292 4840 288,
315 4781 359 4835 in
385 4800 486 4854 quo
521 4788 769 4858 cpistola:
807 4788 929 4850 528,
959 4803 1119 4857 quem
1151 4787 1544 4842 Coislinianum
1578 4787 1874 4842 secundum
1911 4801 2168 4840 vocamus
2197 4803 2212 4852 ;
2243 4793 2296 4839 et
2328 4786 2462 4841 alios
2493 4785 2804 4847 nonnullos,
2839 4782 2893 4836 in
2925 4781 3122 4850 quibus
3155 4778 3354 4846 aliquot

200 4863 340 4924 Basilii
375 4879 626 4945 epistolae.
670 4878 921 4934 Canones
960 4877 1146 4932 Basilii
1187 4877 1369 4933 collati
1413 4876 1633 4932 fuerunt
1680 4892 1804 4932 cum
1848 4877 2094 4946 pluribus
2138 4875 2416 4932 codicibus
2457 4876 2696 4945 ejusdem
2741 4873 3096 4935 bibliothecae,
3129 4885 3195 4924 ex
3233 4869 3355 4937 qni-

200 4953 276 5010 bus
297 4963 439 5018 codex
461 4966 566 5022 209
592 4968 726 5023 noni
755 4983 877 5026 esse
906 4969 1088 5024 saeculi
1117 4969 1483 5035 existimatur,
1511 4975 1565 5022 et
1591 4983 1714 5021 cum

1811 4967 1927 5040 :giis
1958 4968 2236 5024 codicibus
2257 4968 2416 5032 2058,
2445 4966 2606 5033 2059,
2627 4965 2788 5031 2015,
2814 4963 2975 5029 2044,
3003 4961 3167 5029 2502,
3193 4959 3354 5028 2505,

348 5055 494 5126 2509,
525 5059 686 5116 5027.
2399 5053 2418 5068 ’
