3908 6550
555 374 616 430 τι
1334 384 1347 393 ~
1876 367 1934 423 s.
1974 362 2216 424 BASILII
2254 362 2469 426 uilem
3688 380 3753 435 γε

552 487 882 541 momentum
924 478 978 534 in
1027 489 1317 548 utramque
1357 475 1602 547 partem?
1626 473 1759 530 Nam
1794 475 1840 531 si
1874 490 1941 530 ex
1991 476 2086 547 legi

2203 488 2319 534 εστι
2345 497 2411 534 τα
2438 481 2577 537 αύτά
2604 482 2696 537 καὶ
2723 482 2932 555 μεγάλα
2954 501 2967 514 ο
3004 484 3081 557 τῷ
3112 487 3210 557 μὲν
3240 488 3489 560 συντόμῳ
3512 490 3608 560 τῆς
3634 509 3753 564 προ-

550 587 653 627 nec
678 585 845 625 unum
892 569 1004 624 iota
1042 583 1144 623 nec
1172 582 1306 637 apex
1351 581 1490 621 unus
1530 566 1827 636 prieteribit
1865 567 1931 631 ⁸⁷,
1968 581 2104 637 quo-

547 663 709 718 modo
745 662 903 717 nobis
950 669 1126 714 tutum
1172 658 1336 713 fuerit
1381 659 1467 711 vel
1505 657 1867 712 minutissima
1907 658 2105 713 transi-

548 757 687 811 lire?
730 759 799 807 At
845 768 965 823 quae
1014 760 1129 807 tute
1178 737 1221 805 a'
1268 751 1425 806 nobis
1474 751 1747 806 enucleari
1795 751 2102 820 postulasti,

548 848 735 904 eadem
775 846 972 915 exigua
1014 852 1143 899 sunt
1171 850 1225 899 et
1250 858 1448 914 magna
1483 858 1496 892 :
1530 844 1857 913 prolationis
1885 845 2102 915 quidem

548 937 870 1009 compendio
898 937 1113 1007 exigua,
1146 943 1309 1006 atque
1338 936 1408 990 oh
1432 935 1484 989 id
1513 935 1743 991 fortasse
1769 936 2101 1005 contemptui

545 1031 804 1093 obnoxia,
852 1029 944 1084 sed
995 1042 1181 1083 rerum
1223 1026 1648 1098 signiﬁcatarum
1680 1028 1732 1082 vi
1764 1043 1959 1098 magna
1988 1045 2002 1082 :
2031 1027 2098 1082 ad

546 1120 961 1179 similitudinem
989 1120 1216 1189 sinapis,
1250 1118 1394 1189 quod
1429 1134 1552 1173 cum
1580 1119 1652 1174 sit
1680 1120 2102 1174 minutissimum

546 1212 878 1270 inter'arida
911 1212 1141 1274 semina,
1187 1210 1233 1264 si
1283 1225 1413 1265 cura
1457 1210 1637 1265 debita
1667 1208 2005 1276 adhibeatur,
2045 1211 2099 1265 in

544 1306 883 1361 altitudinem
926 1304 1061 1359 satis
1088 1317 1336 1373 magnam
1384 1303 1648 1374 exsurgit,
1693 1303 1783 1358 ubi
1832 1304 1913 1359 vis
1954 1288 2101 1358 ineo

543 1398 724 1453 latens
760 1412 881 1453 sese
929 1396 1254 1466 explicuerit
1291 1394 1356 1448 ⁸⁸.
1386 1392 1541 1460 Quod
1566 1394 1613 1449 si
1642 1394 1766 1466 quis
1797 1394 1957 1462 ridet,
2001 1410 2101 1450 no-

543 1501 713 1547 stram
744 1490 931 1546 videns
968 1490 1114 1544 circa
1150 1488 1407 1560 syllabas,
1433 1495 1491 1542 ut
1516 1488 1707 1558 psalmi
1743 1488 1921 1544 verbis
1953 1497 2096 1560 utar,

541 1581 930 1637 fabulationem
982 1581 1073 1648 “;
1124 1557 1240 1650 ipse
1284 1557 1529 1650 quidemr
1557 1578 1796 1634 futurum
1841 1557 2007 1648 sciat:
2043 1588 2101 1634 ut

540 1672 921 1742 infrugiferum
967 1673 1054 1728 sui
1109 1673 1256 1728 risus
1302 1670 1537 1725 fructum
1582 1679 1749 1726 metat
1789 1690 1803 1729 :
1837 1688 1939 1728 nos
1971 1686 2100 1728 vero

541 1763 961 1834 haudquaquam
1010 1762 1266 1818 cedentes
1316 1762 1595 1816 hominum
1647 1762 1933 1829 conviciis,
1997 1777 2099 1818 nec

540 1857 757 1911 illorum
807 1855 1206 1924 vituperatione
1257 1853 1387 1909 victi
1441 1852 1682 1908 studium
1738 1854 2100 1926 investigandi

540 1950 883 2005 deseramus.
919 1946 1154 2002 Tantum
1184 1946 1328 2001 enim
1358 1945 1535 2009 abest,
1572 1954 1632 2000 ut
1666 1961 1751 2002 me
1792 1946 1982 2001 barum
2015 1960 2099 2002 re-'

537 2057 659 2096 rum
705 2048 963 2110 tanquam
1010 2039 1340 2093 minutarum
1387 2039 1603 2109 pudeat,
1645 2044 1702 2091 ut
1730 2037 1777 2092 si
1816 2037 1901 2091 vel
1933 2036 2099 2090 mini-s

536 2146 682 2185 mam
712 2130 993 2202 dignitatis
1018 2144 1208 2184 earum
1255 2137 1462 2199 partem
1492 2128 1776 2197 attingam,
1807 2134 1921 2180 tum
1964 2126 2098 2181 mihi

536 2226 904 2298 gratulaturus
952 2224 1090 2287 sim,
1156 2229 1217 2277 ut
1262 2236 1455 2293 magna
1503 2221 1746 2294 quaedam
1804 2226 2098 2284 assecuta,

537 2327 649 2373 tum
679 2317 832 2372 fratri
854 2315 1137 2373 nobiscum
1166 2316 1279 2371 haec
1302 2315 1663 2386 perscrutanti
1692 2329 1800 2368 non
1825 2312 2098 2368 mediocre

535 2412 747 2464 lucrum
790 2408 921 2463 hinc
969 2407 1219 2464 dicturus
1261 2408 1567 2463 obvenisse.
1618 2406 1823 2476 Itaque,
1868 2420 1992 2461 cum
2041 2404 2098 2459 in

536 2502 779 2558 minimis
823 2501 1006 2557 verbis
1046 2500 1381 2571 conspiciam
1434 2506 1705 2555 certamen
1765 2496 2097 2561 maximum,

535 2610 630 2665 spe
676 2594 883 2666 pratmii
931 2610 1039 2650 non
1084 2594 1326 2648 detrecto
1365 2591 1600 2648 laborem
1641 2608 1654 2645 :
1690 2595 1842 2644 ratus
1892 2602 2100 2643 sermo-

535 2704 658 2745 nem
685 2696 800 2743 tum
838 2687 970 2742 mihi
1001 2687 1118 2742 fore
1165 2686 1375 2750 utilem,
1419 2692 1535 2739 tum
1581 2682 1929 2738 audientibus
1963 2680 2099 2738 satis

2207 572 2381 641 φορᾶς
2414 570 2650 643 βραχέα,
2685 574 2778 627 καὶ
2813 574 2901 628 διά
2940 576 3094 630 τοῦτο
3124 577 3251 642 ἴσως
3279 579 3751 652 εὐκαταφρόνηταο

2203 667 2270 731 τῇ
2299 664 2357 718 δὲ
2388 665 2611 736 δυνάμει
2639 664 2746 719 τῶν
2786 667 3195 738 σημαινομένων
3231 670 3462 740 μεγάλα,
3497 671 3636 726 κατά
3665 672 3756 746 την

2204 758 2386 810 εἰκονα
2413 756 2506 810 τοῦ
2548 758 2834 823 σινάπεως,
2865 758 2894 812 ὃ
2923 760 3248 831 μικρότατον
3275 760 3333 815 ὃν
3355 762 3462 816 τῶν
3504 781 3756 836 φρυγανι-

2205 849 2315 902 κῶν
2342 846 2689 921 σπερμάτων,
2721 852 2820 922 τῆς
2849 852 3234 924 προσηκούσης
3261 855 3572 928 ἐπιμελείας
3604 856 3755 921 ἀξιω-

2203 939 2314 1007 θὲν,
2364 942 2443 1004 είς
2477 940 2609 1010 ὕψος
2645 940 2917 1014 αὔταρκες
2955 943 3311 1011 διανίσταται,
3346 948 3444 1018 τῆς
3472 965 3756 1022 συνεσπαρο

2206 1032 2371 1105 μένης
2395 1034 2454 1086 ἐν
2481 1033 2627 1105 αὐτῷ
2648 1033 2926 1105 δυνάμεως
2958 1035 3317 1108 ἀπλωθείσης.
3342 1039 3406 1091 Εἰ
3426 1039 3482 1092 δέ
3508 1057 3589 1104 τις
3608 1042 3752 1115 γελᾷ,

2205 1121 2414 1192 βλέπων
2442 1123 2541 1194 τὴν
2569 1123 2828 1198 περὶβάς
2862 1123 3127 1189 συλλαϐὰς
3164 1126 3340 1197 ἡμῶν,
3370 1126 3654 1198 ψαλμικῶς
3680 1132 3754 1184 εί·-

2202 1218 2354 1277 πεῖν,
2409 1215 2739 1287 ἀδολεσχίαν,
2800 1216 2961 1281 αὐτὸς
3009 1218 3106 1288 μὲν
3160 1218 3271 1289 (28)
3332 1218 3462 1272 ἵστω
3513 1220 3755 1293 ἀνωφελῆ

2201 1306 2410 1378 καρπὸν
2440 1305 2535 1359 τοῦ
2575 1306 2807 1375 γέλωτος
2850 1308 3206 1381 δρεπόμενοςν
3254 1312 3413 1381 ἡμεῖς
3458 1310 3515 1363 δὲ
3551 1310 3625 1381 μὴ
3652 1313 3756 1374 τοῖς

2199 1397 2422 1452 ὀνείδεσι
2442 1398 2549 1452 τῶν
2577 1399 2671 1452 ἀνθ
2683 1397 2877 1472 ρώπων
2903 1401 3139 1466 ἐνδόντες
3160 1442 3173 1466 ,
3204 1405 3339 1474 μήτε
3371 1402 3447 1474 τῷ
3472 1402 3753 1474 φαυλισμῷ

2201 1491 2380 1545 αύτῶν
2429 1491 2783 1562 ἡττηθέντες,
2821 1494 2920 1566 τὴν
2957 1494 3181 1565 ἔρευναν
3209 1495 3621 1566 καταλίπωμεν.
3657 1497 3753 1550 Το-

2201 1580 2386 1635 σοῦτον
2405 1580 2514 1653 γάρ
2535 1582 2722 1653 ἀπέχω
2746 1582 2952 1648 τούτοις
2977 1584 3051 1649 ὡς
3076 1589 3289 1656 μικροῖς
3312 1584 3750 1657 ἐπαισχύνεσθαι,

2198 1670 2359 1737 ὥστε,
2392 1674 2440 1725 εί
2468 1671 2561 1726 καὶ
2587 1673 2875 1727 πολλοποῦ
2909 1674 3107 1747 μέρους
3131 1676 3228 1747 τῆς
3260 1676 3415 1743 ἀξίας
3455 1677 3634 1730 αὐτῶν
3665 1679 3755 1747 ἐφά

2201 1763 2435 1836 ικοίμην,
2465 1764 2683 1836 ἐμαυτῷ
2711 1782 2770 1819 τε
2797 1766 2863 1821 ἂν
2900 1768 3218 1840 συνησθείην
3252 1768 3327 1832 ὡς
3360 1768 3610 1840 μεγάλων
3639 1770 3754 1836 ἀξιά

2131 1837 2172 1892 Β
2199 1852 2419 1920 ωθὲντι,
2448 1853 2525 1925 τῷ
2561 1871 2622 1907 τε
2662 1837 3096 1925 συνδιερευνῶντι
3127 1837 3239 1928 (έθ)
3275 1837 3403 1929 ἡμίν
3442 1858 3654 1931 ἀδελφῷ
3692 1857 3750 1913 οὔ

2203 1944 2394 2017 μικρὸν
2417 1947 2483 2000 ἂν
2509 1946 2672 2018 φαίην
2693 1948 2939 2002 ἐντεῦθεν
2959 1948 3327 2021 ἀπηντηκέναι
3349 1950 3410 2003 τὸ
3430 1949 3637 2021 κέρδος.
3653 1948 3755 2005 Μέ-

2198 2051 2381 2103 γιστον
2408 2032 2500 2089 οὖν
2523 2037 2662 2108 δρῶν
2689 2039 2747 2090 ἐν
2775 2041 2989 2110 μικροῖς
3021 2039 3227 2111 ῥήμασι
3250 2038 3310 2091 τὸ
3332 2037 3638 2110 ἀγώνισμα,
3672 2038 3752 2091 ἐλ-

2201 2129 2314 2182 πίδι
2345 2128 2453 2183 τῶν
2481 2128 2685 2200 μισθῶν
2727 2129 2818 2183 τὸν
2849 2130 3007 2183 πόνον
3049 2131 3147 2184 οὐκ
3177 2129 3505 2201 ἀναδύομαι,
3536 2130 3752 2202 ἐμαυτῷ

2198 2237 2257 2274 τε
2297 2220 2597 2292 ἡγούμενος
2640 2220 2917 2293 ἔγκαρπον
2951 2222 3042 2277 τὸν
3073 2223 3228 2291 λόγον
3270 2220 3508 2287 ἔσεσθαι,
3541 2225 3656 2287 τοῖς
3695 2232 3751 2276 τε

2198 2313 2454 2367 ἀκούουσι
2478 2312 2674 2385 διαρκῆ
2702 2314 2801 2385 τὴν
2830 2313 3090 2383 ὠφέλειαν
3117 2313 3395 2385 ὑπάρξειν.
3429 2314 3631 2386 Διόπερ
3657 2314 3750 2385 ήδη

2200 2405 2296 2458 σὺν
2320 2402 2468 2475 αύτῷ
2496 2420 2581 2473 γε,
2609 2404 2771 2473 φάναι
2801 2403 2937 2475 (50),
2968 2403 3044 2475 τῷ
3074 2403 3211 2476 ἁγίῳ
3235 2403 3513 2475 Πνεύματι
3542 2402 3753 2474 βαδιοῦ-

2201 2511 2298 2566 μαι
2338 2495 2473 2567 πρὸς
2501 2495 2599 2567 τὴν
2636 2494 2912 2566 ἐξήγησιν.
2956 2496 3064 2549 Καὶ
3101 2497 3149 2549 εἰ
3189 2495 3366 2565 βούλει
3396 2495 3535 2550 ὥστε
3570 2513 3642 2567 με
3680 2497 3755 2558 εἰς

2196 2586 2313 2641 ὁδὸν
2364 2586 2696 2657 καταστῆναι
2735 2585 2829 2638 τοῦ
2866 2584 3045 2654 λόγου,
3095 2584 3289 2657 μικρὸν
3320 2585 3414 2638 ἐπὶ
3452 2585 3551 2656 τὴν
3583 2582 3756 2657 ἀρχὴν

2196 2678 2290 2732 τοῦ
2326 2677 2708 2750 προϐλήματος
2741 2676 3062 2749 ὑποστρέφω
3095 2677 3226 2748 (51).

534 2800 786 2856 magnum
833 2784 1067 2840 fructum
1113 2782 1422 2836 allaturum.
1453 2779 1792 2850 Quapropter
1828 2792 1952 2832 cum
1983 2778 2102 2847 ipso
2134 2775 2243 2847 jam
2274 2774 2588 2845 (dicendum
2614 2774 2755 2828 enim
2801 2773 2905 2843 est)
2969 2780 3157 2827 sancto
3191 2770 3396 2843 Spiritu
3436 2772 3504 2827 ad
3571 2769 3756 2843 expla~

534 2880 813 2934 nationem
846 2877 1120 2933 accedam.
1149 2874 1214 2930 Et
1245 2876 1293 2931 si
1323 2874 1406 2930 vis
1433 2880 1491 2929 ut
1515 2888 1599 2929 me
1622 2873 1677 2927 in
1704 2870 2095 2943 disputationis
2130 2870 2273 2926 viam
2306 2868 2586 2933 inducam,
2643 2866 2711 2921 ad
2741 2865 2905 2935 hujus
2945 2865 3261 2937 quaestionis
3299 2864 3560 2934 originem
3624 2877 3756 2933 pau-

532 2972 701 3044 lisper
728 2972 1009 3028 divertam.

601 3067 655 3122 5.
690 3064 873 3134 Nuper
913 3063 1155 3134 precanti
1207 3061 1341 3117 mihi
1376 3076 1498 3116 cum
1529 3059 1752 3131 populo,
1790 3065 1846 3114 et
1870 3066 2097 3129 utroque

2270 3056 2324 3110 ὅ.
2366 3051 2790 3126 Προσευχομένῳ
2832 3068 2922 3122 μοι
2948 3049 3137 3123 πρώην
3171 3049 3308 3121 μετά
3335 3048 3428 3103 τοῦ
3470 3049 3624 3118 λαοῦ,
3664 3053 3754 3106 καὶ

531 3157 694 3213 modo
731 3154 1177 3227 glorificationem
1226 3154 1527 3211 absolventi
1569 3153 1680 3209 Deo
1717 3168 1781 3208 ac
1806 3152 1976 3217 Patri,
2007 3153 2086 3207 in-

2195 3148 2518 3220 ἀμφοτέρως
2565 3147 2665 3217 τὴν
2713 3144 3019 3213 δοξολογίαν
3065 3144 3467 3216 ἀποπληροῦντι
3506 3145 3584 3217 τῷ
3639 3145 3754 3217 Θεῴ

532 3248 743 3305 terdum
792 3262 917 3303 cum
965 3244 1101 3300 Filio
1126 3260 1233 3300 una
1262 3260 1386 3300 cum
1418 3251 1609 3299 sancto
1649 3242 1876 3314 Spiritu,
1922 3244 2085 3297 inter-

530 3341 666 3397 dum
693 3355 785 3410 per
823 3338 1018 3393 Filium
1057 3339 1111 3393 in
1157 3346 1347 3393 sancto
1391 3336 1636 3408 Spiritu;
1666 3337 1886 3408 quidam
1921 3352 1987 3392 ex
2018 3337 2089 3392 iis

529 3432 624 3503 qui
653 3433 898 3496 aderant,
932 3431 1140 3485 crimen
1171 3429 1542 3496 intenderunt,
1571 3430 1814 3486 dicentes
1844 3445 1943 3486 nos
1976 3445 2086 3484 non

530 3529 692 3584 modo
714 3528 1011 3600 peregrinis
1039 3541 1102 3582 ac
1145 3530 1300 3583 novis
1332 3528 1410 3582 uti
1436 3529 1678 3591 vocibus,
1705 3544 1892 3583 verum
1918 3529 2084 3583 etiam

529 3621 676 3676 inter
715 3636 775 3677 se
814 3620 1200 3692 pugnantibus.
1251 3619 1330 3675 Tu
1378 3624 1542 3690 porro'
1582 3621 1817 3675 maxime
1867 3620 2084 3675 illorum

529 3713 750 3768 utilitati
791 3712 1101 3778 consulens,
1137 3719 1230 3766 aut
1273 3712 1318 3766 si
1347 3725 1572 3782 prorsus
1610 3711 1713 3781 ipsi
1754 3710 2083 3766 insanabiles

526 3806 659 3872 sint,
690 3812 869 3889 tamen
902 3812 1121 3876 propter
1157 3819 1369 3867 eorum,
1396 3804 1489 3874 qui
1519 3803 1572 3857 in
1611 3804 1877 3873 ejusmodi
1914 3803 2087 3857 homi—

527 3919 625 3958 nes
684 3901 953 3967 incidunt,
1005 3904 1374 3967 securitatem,
1428 3902 1714 3972 postulasti
1773 3900 2081 3972 quampiam

526 3992 820 4048 dilucidam
847 3993 1149 4048 doctrinam
1171 3994 1239 4048 ile
1268 3993 1319 4048 vi
1347 3991 1543 4046 harum
1575 3992 1901 4062 syllabarum
1933 3992 2084 4046 evul-

525 4083 661 4154 gari.
687 4082 804 4138 Jam
836 4084 998 4152 igitur
1023 4083 1179 4138 nobis
1200 4082 1434 4136 breviter
1453 4080 1741 4135 dicendum
1767 4089 1872 4148 est,
1906 4096 2084 4151 quan-

527 4184 640 4227 tum
665 4175 896 4228 orationi
948 4182 1126 4227 ratum
1168 4172 1444 4243 quoddam
1473 4179 1528 4226 et
1556 4172 1891 4243 exploratum
1927 4173 2083 4245 prin-

526 4265 727 4336 cipium
757 4264 1083 4335 ponentibus
1110 4264 1221 4318 fieri
1253 4272 1451 4334 potest.

2193 3241 2287 3293 καὶ
2311 3238 2505 3310 Πατρὶ,
2533 3236 2626 3290 νῦν
2663 3236 2760 3306 μὲν
2803 3235 2939 3306 μετά
2963 3234 3056 3288 τοῦ
3088 3235 3215 3289 Υίοῦ
3246 3236 3340 3288 σὺν
3373 3233 3450 3306 τῷ
3475 3235 3754 3306 Πνεύματι

2190 3330 2269 3402 τῷ
2295 3330 2453 3401 ἁγίῳ,
2486 3329 2581 3383 νῦν
2614 3328 2669 3382 δὲ
2707 3328 2795 3381 διὰ
2822 3327 2913 3381 τοῦ
2936 3326 3067 3379 Υἱοῦ
3096 3328 3151 3379 ἐν
3174 3327 3253 3397 τῷ
3279 3326 3389 3398 (52)
3414 3326 3554 3398 ἁγίῳ
3581 3324 3759 3383 Πνεύ-

2195 3439 2355 3493 ματι,
2395 3419 2709 3492 ἐπέσκηψάν
2746 3434 2890 3482 τινες
2926 3415 3034 3470 τῶν
3068 3417 3367 3488 παρόντων,
3418 3415 3757 3484 ξενιζούσαις

2192 3515 2338 3585 ἡμᾶς
2366 3515 2567 3581 φωναῖς
2606 3511 2900 3585 κεχρῆσθαι
2923 3511 3189 3580 λέγοντες,
3221 3510 3315 3564 καὶ
3343 3510 3457 3580 ἅμα
3483 3511 3625 3582 πρὸς
3663 3508 3757 3564 ἁλ-

2191 3605 2356 3679 λήλας
2381 3607 2718 3671 ὑπεναντίως
2749 3605 3020 3676 ἐχούσαις.
3063 3605 3135 3657 Σὺ
3170 3603 3226 3657 δὲ
3257 3602 3489 3675 μάλιστα
3521 3602 3625 3673 μὲν
3653 3602 3755 3672 τῆς

2190 3698 2370 3753 αὐτῶν
2436 3698 2659 3752 ἐκείνων
2720 3697 2904 3751 ἕνεκεν
2968 3694 3253 3766 ὠφελείας,
3308 3696 3357 3750 εί
3407 3694 3463 3749 δὲ
3514 3695 3751 3758 ἀνιάτως

2190 3791 2372 3863 έχουσι
2400 3790 2698 3858 παντελῶς,
2738 3790 2825 3845 διὰ
2851 3782 2913 3844 τδ
2940 3790 3051 3844 τῶν
3090 3789 3519 3860 ἐντυγχανόντων
3560 3789 3751 3851 αὐτοῖς

2185 3884 2421 3955 ἀσφαλὲς
2462 3884 2701 3955 ὴξίωσάς
2755 3901 2878 3937 τινα
2931 3882 3157 3957 εὐκρινῆ
3202 3880 3329 3952 περὶ
3368 3881 3466 3950 τῆς
3515 3880 3572 3932 ἐν
3631 3881 3752 3943 ταῖς

2186 3969 2473 4032 συλλαϐαῖς
2522 3968 2744 4032 ταύταις
2780 3967 3061 4039 δυνάμεως
3109 3964 3453 4022 διδασκαλίαν
3491 3965 3752 4035 ἐκφωνη-

2183 4061 2359 4134 θῆναι.
2386 4061 2615 4114 Λεκτέον
2637 4060 2701 4132 δὴ
2727 4056 2818 4113 οὖν
2845 4062 2977 4131 ἡμῖν
3005 4059 3091 4113 διά
3129 4057 3395 4129 βραχέων,
3421 4058 3498 4120 ὡς
3531 4050 3652 4110 οἷόν
3688 4072 3750 4109 τε

2180 4157 2353 4229 ἀρχήν
2373 4171 2493 4210 τινα
2519 4154 2951 4226 ὁμολογουμένην
2980 4152 3058 4224 τῷ
3083 4152 3226 4223 λόγῳ
3265 4151 3508 4214 διδόντας
3536 4150 3682 4224 (55).

594 4380 637 4411 ⁸⁷
688 4379 873 4434 Matth.
906 4380 1077 4444 ν,18.
1151 4382 1197 4414 ⁸⁸
1250 4382 1435 4436 Matth.
1470 4396 1592 4449 xm,
1618 4382 1705 4448 51,
1740 4368 1828 4439 32.
1908 4385 1951 4417 θ’
1998 4383 2086 4438 Psa

2195 4399 2367 4448 :xvut,
2396 4384 2485 4439 85.

594 4535 913 4611 (28)Αὐζὸς
944 4534 1078 4611 μέν.
1112 4537 1245 4611 ῌθε.
1274 4537 1667 4611 ιεςιὶιιξ-αύτδς
1705 4537 1802 4611 μὲν
1830 4537 2077 4611 ἀνωφελῆ

2197 4539 2491 4611 pterponit.
2524 4539 2620 4593 σὺν
2652 4537 2788 4611 Qui»;
2814 4537 2858 4591 δ’
2889 4536 3166 4611 εἰρήσθω,
3191 4532 3327 4609 quod
3357 4536 3561 4611 quidem
3623 4549 3744 4593 cum

522 4604 733 4678 καρπὸν
755 4604 848 4678 τοῦ
885 4604 1097 4678 γελοίου
1125 4604 1422 4677 δρέπέσθω.
1456 4606 1679 4663 Videtur
1706 4604 1982 4665 Erasmus
2002 4604 2076 4664 ita

524 4676 719 4750 legisse
744 4693 758 4741 ;
800 4676 879 4750 sic
904 4677 1070 4750 enim
1089 4676 1476 4747 interpretatur
1501 4696 1514 4731 :
1538 4678 1656 4748 Ipse
1683 4678 1888 4750 quidem
1907 4678 2077 4748 infrua

520 4749 745 4820 giferum
775 4747 910 4820 risus
939 4748 1021 4801 sui
1044 4746 1480 4820 [ructum_i_uetat.

591 4817 701 4889 (29)
733 4816 1250 4889 Συνδιερευνῶιὴτι.
1283 4816 1395 4872 Hac
1426 4832 1561 4873 voce
1591 4818 1825 4889 BaSilius
1851 4834 1956 4874 non
1979 4819 2073 4873 add

518 4887 751 4959 jutorem
789 4896 843 4959 e_t
872 4887 1099 4959 socium
1128 4887 1359 4959 aliquem
1390 4890 1571 4958 operis
1600 4888 1868 4959 designat,
1894 4897 1951 4943 ut
1976 4906 2070 4945 su-

522 4956 763 5027 spicatur
796 4956 1193 5027 Tillemontius,
1220 4956 1313 5011 Sed
1340 4956 1593 5014 lectorem
1627 4956 1951 5027 studiosum,
1982 4960 2068 5013 id-

522 5026 639 5099 que
654 5029 814 5099 paulo
838 5037 963 5099 post
982 5026 1223 5099 declarat
1252 5029 1512 5099 apertius.

591 5094 701 5179 (δῦ)
736 5094 859 5151 Σὺῦ
886 5094 1168 5179 Λαότῆγε,
1200 5094 1413 5179 salii-ot,
1439 5097 1529 5153 Sic
1567 5097 1745 5179 reddit
1790 5096 2066 5179 Erasmus,

520 5183 637 5239 cuiu
671 5166 804 5235 ipso,
840 5177 898 5221 ut
916 5169 1001 5239 ita
1018 5166 1219 5239 dicam,
1250 5166 1482 5236 Spiritu;
1506 5170 1660 5239 quasi
1684 5178 1947 5224 metueret
1972 5170 2068 5225 Ba-

520 5237 675 5292 silius
707 5253 777 5309 ne
807 5238 967 5307 paulo
1004 5237 1286 5309 audacior,
1306 5238 1419 5292 haec
1461 5237 1716 5309 loquendi
1746 5240 1884 5293 ratio
1914 5239 2066 5297 vides

521 5314 686 5377 retur.
720 5305 847 5363 Visa
890 5316 975 5363 est
1001 5306 1327 5363 Combelisio
1356 5309 1501 5364 rudis
1533 5305 1756 5363 'Erasmi
1780 5311 2064 5377 expressio,

520 5391 582 5448 ac
617 5376 747 5430 illud
778 5377 940 5447 φάναι
972 5378 1026 5432 in
1062 5377 1327 5448 ejusmodi
1360 5379 1493 5434 locis
1516 5394 1706 5434 vacare
1733 5376 2065 5446 pronuntiat.

520 5443 623 5501 Sed
648 5443 817 5501 multo
859 5449 1039 5504 minus
1071 5443 1200 5503 mihi
1242 5450 1503 5518 probatur
1534 5443 1842 5504 Combelisii
1883 5452 2068 5503 obser-

521 5518 682 5582 vatio,
705 5531 867 5587 quam
897 5518 1069 5587 ipsius
1103 5517 1472 5588 interpretatio
1510 5518 1741 5574 Erasini.
1775 5517 1893 5574 Non
1920 5520 2064 5574 enim

515 5589 688 5659 otiose
716 5590 951 5659 positum
978 5603 1121 5653 esse,
1164 5599 1217 5645 et
1258 5604 1366 5659 quo
1391 5605 1553 5645 sensu
1589 5588 1961 5659 accipiendum
1991 5589 2064 5645 sit

516 5656 662 5728 illud
676 5657 1105 5728 rcpo'tvatperspici
1136 5656 1314 5728 potest
1341 5674 1406 5713 ex
1439 5661 1572 5714 libro
1596 5656 1835 5715 secundo
1875 5658 2061 5713 adver-

514 5743 604 5782 sus
639 5726 972 5798 Eunomium,
999 5726 1066 5798 _p.
1095 5726 1224 5793 256,
1260 5729 1352 5782 ubi
1394 5728 1626 5785 Basilius
1653 5730 1882 5787 diliicilis
1912 5731 2062 5786 Seria

516 5808 684 5868 pturae
732 5797 1029 5855 testimonii
1075 5799 1487 5869 explicationem
1549 5802 1892 5872 promittens,
1944 5801 2057 5856 haec

2180 4608 2289 4664 Deo
2320 4608 2520 4663 dictum
2547 4611 2634 4663 sit.
2667 4608 2876 4675 Quibus
2907 4608 3090 4679 verbis
3124 4608 3523 4679 signiﬁcantius
3550 4620 3745 4666 mouet

2181 4695 2241 4735 se
2270 4696 2378 4734 non
2413 4681 2528 4735 suis
2555 4680 2780 4742 viribus,
2823 4679 2917 4733 sed
2958 4677 3049 4734 Dei
3096 4677 3300 4734 auiilio
3348 4678 3647 4735 conlidere.
3684 4680 3744 4734 Si

2178 4750 2304 4819 quis
2342 4758 2519 4805 autem
2565 4750 2814 4805 observet
2866 4748 2991 4805 inde
3033 4757 3215 4804 natam
3246 4748 3370 4805 libri
3404 4747 3487 4819 De
3525 4747 3737 4816 Spiritu

2178 4817 2357 4874 sancto
2390 4819 2661 4875 scribendi
2690 4818 3030 4874 occasionem
3062 4819 3250 4890 fuisse,
3289 4819 3433 4890 quod
3461 4817 3740 4890 Ppeuma-

2177 4891 2415 4944 tomachi
2456 4890 2614 4943 luriis
2660 4890 3018 4950 exarsissent.
3054 4906 3177 4944 cum
3223 4886 3457 4945 Basilius
3498 4886 3651 4942 Patri
3682 4899 3740 4945 et

2173 4958 2311 5013 Filio
2337 4975 2458 5043 cum
2489 4956 2694 5041 Spiritu
2722 4968 2913 5013 sancto
2934 4960 3164 5043 gloriam
3196 4958 3554 5043 redderetais
3574 4958 3743 5043 facile

2174 5030 2465 5100 perspiciet
2492 5046 2598 5084 non
2631 5030 2749 5084 sine
2774 5029 3221 5086 causa'Basilium
3260 5029 3390 5083 illud
3432 5029 3593 5098 φάναι
3624 5029 3732 5084 ad-

2172 5101 2320 5164 dere,
2354 5100 2447 5154 sed
2475 5099 2890 5180 ut‘indicetsibi
2919 5101 3354 5180 adversariorum
3383 5099 3561 5170 minas
3590 5100 3738 5180 tanti

2172 5185 2280 5223 non
2324 5184 2465 5234 esse,
2502 5178 2559 5223 ut
2593 5170 2731 5225 hanc
2772 5170 3021 5239 loquendi
3061 5171 3348 5234 rationem,
3384 5185 3502 5223 cum
3544 5179 3736 5224 saucio

2173 5238 2397 5308 Spiritu,
2437 5254 2600 5308 quam
2635 5242 2688 5294 in
2716 5238 2966 5296 toto’hoe
2996 5241 3135 5295 libro
3165 5239 3425 5306 defendit,
3461 5253 3737 5308 usurpare

2172 5310 2409 5365 desinat.
2462 5310 2747 5366 Basilianae
2798 5326 2927 5380 ergo
2980 5312 3262 5367 sontentiai
3316 5325 3515 5366 nervos
3573 5309 3737 5364 elidit

2170 5380 2548 5451 Combelisius,
2579 5396 2702 5435 cum
2739 5382 2814 5451 ita
2856 5379 3345 5444 reddendumqesse
3384 5380 3734 5451 pronuntiat,

2170 5451 2291 5522 ipso
2312 5448 2521 5522 Spiritu
2546 5452 2746 5522 favente
2774 5450 2993 5522 beneque
3027 5452 3271 5522 propitio.

2241 5517 2367 5591 (δυ’
2404 5517 2809 5591 Ὑποστρέψω.
2839 5517 2929 5576 Sic
2957 5517 3081 5576 libri
3123 5517 3364 5579 veteres.
3408 5517 3550 5575 Editi
3601 5517 3735 5591 ἐπι-

2170 5590 2401 5663 στρέψω.
2426 5590 2626 5647 Ibidem
2652 5590 2785 5661 Reg.
2815 5603 3044 5662 quartus
3071 5592 3486 5664 προσευχομένῳ
3504 5607 3592 5662 μοι
3614 5590 3732 5646 πά-

2168 5659 2275 5725 λαι,
2300 5679 2378 5716 me
2408 5661 2671 5732 quondam
2692 5673 2952 5732 precante.
3527 5731 3531 5732 ί
3578 5730 3605 5732 Α

2261 5701 2275 5725 ,
2300 5680 2378 5716 me
2408 5680 2671 5734 quonaam
2692 5680 2952 5732 precante.

2260 5732 2348 5804 gis)
2385 5734 2486 5804 ‘Er
2510 5732 2608 5799 τῷ.
2628 5732 2904 5804 Articulus
2924 5732 3229 5804 additus_ex
3257 5730 3731 5804 mss._codicibus_.

2258 5798 2348 5876 55)
2375 5798 2675 5870 Διεόντας.
2716 5802 2832 5860 Duo
2878 5802 3094 5860 codices
3137 5800 3287 5871 Regii
3328 5799 3525 5864 δοῦσιν.
3570 5798 3732 5858 uuod
