3908 6556
443 412 536 469 ’Ἷδ

450 640 514 695 ,Ε
536 638 801 695 mmidana
843 638 1173 709 philosophia
1205 650 1385 694 natam
1421 656 1533 694 esse
1584 639 1648 694 de
1695 639 1918 710 syllabis
1944 660 2033 697 so-

882 711 1158 775 phisticam
1190 710 1618 781 disputationem.

526 801 590 857 5.
622 801 839 856 lnduxit
887 818 1053 873 porro
1103 802 1252 872 ipsos
1286 802 1341 856 in
1386 801 1529 857 hunc
1567 818 1809 860 errorem
1849 814 2031 860 exter-

462 908 659 947 norum
706 908 924 963 quoque
969 892 1300 962 scriptorum
1348 893 1680 958 observatio,
1709 897 1799 966 qui
1844 912 2029 961 voces,
2066 876 2069 883 ί

444 1001 523 1040 μετ
564 1002 667 1056 quo
711 993 765 1041 et
794 1002 885 1054 per
923 1001 1095 1056 quem,
1131 986 1296 1041 rebus
1339 995 1535 1040 natura
1563 987 1833 1055 separatis
1876 989 2035 1041 attri-

460 1079 716 1132 buerunt.
746 1076 1023 1149 Siquidem
1061 1077 1136 1131 illi
1175 1086 1367 1146 putant
1409 1078 1493 1133 his
1532 1079 1777 1142 vocibus,
1817 1095 1882 1133 ea:
1908 1096 2030 1149 quo,

443 1169 756 1240 signiﬁcari
802 1168 1127 1235 materiam;
1181 1170 1266 1224 his
1299 1185 1448 1233 vero,
1492 1185 1583 1239 per
1621 1186 1795 1241 quem,
1830 1170 2035 1235 instru-

460 1271 702 1318 mentum
744 1261 1043 1331 designari,
1098 1262 1147 1332 5
1213 1272 1306 1316 aut
1367 1277 1595 1334 prorsus
1642 1264 2028 1321 ministerium.

447 1352 558 1408 ’γει
597 1355 781 1424 potius
812 1353 966 1423 (quid
993 1355 1138 1407 enim
1167 1361 1334 1416 vetat,
1379 1365 1489 1408 tota
1525 1354 1741 1410 illorum
1784 1355 2031 1410 doctrina

461 1444 710 1514 repetita,
748 1445 937 1514 paucis
982 1460 1234 1515 arguere,
1274 1454 1329 1501 et
1367 1460 1528 1515 quam
1556 1447 1642 1501 isti
1674 1447 1924 1503 homines
1948 1446 2033 1501 di-

457 1543 586 1590 cant
616 1551 645 1588 a
682 1551 808 1590 vero
836 1532 1164 1591 dissidentia
1193 1545 1247 1590 et
1278 1551 1441 1606 quam
1482 1537 1583 1607 ipsi
1628 1554 1737 1592 non
1774 1545 2031 1594 constent

459 1626 655 1698 sibi?)
700 1626 797 1697 qui
851 1628 1001 1682 inani
1054 1627 1414 1698 philosophiae
1467 1627 1739 1682 dederunt
1773 1644 2025 1699 operam,

455 1716 585 1772 dum
608 1719 959 1773 multifariam
993 1728 1273 1790 exponunt
1295 1734 1475 1774 causa:
1501 1728 1770 1782 naturam,
1802 1736 2029 1791 eamque

456 1814 510 1867 in
562 1812 784 1883 propria
823 1812 1129 1883 signiﬁcata
1175 1811 1450 1874 dividunt,
1508 1811 1643 1866 alias
1698 1814 1849 1867 aiunt
1905 1829 2029 1870 esse

1837 410 1895 465 S.
1936 408 2180 469 BASILII
2221 411 2437 469 MAGNI

1057 523 1285 582 CAPUT
1328 521 1417 580 iu.
2059 533 2106 589 Α

3633 415 3700 472 76

2657 528 3049 584 ΚΕΦΑΑΑῘΟΝ
3101 529 3171 582 I".

2136 643 2263 695 Ὀτι
2306 641 2374 694 ἐκ
2404 640 2515 710 τῆς
2534 641 2772 713 ἔξωθεν⁸
2791 640 2900 709 (39)
2927 644 3149 710 σοφίας
3173 644 3211 710 ἡ
3238 643 3369 713 περὶ
3402 640 3520 696 τῶν
3546 643 3697 698 συλ-

2619 710 2819 764 λαϐῶν
2839 713 3209 782 τεχνυλογία.

2202 800 2255 855 5.
2308 801 2651 873 Ὑπηγάγετο
2699 804 2881 874 μέντοι
2919 804 3116 866 αὐτοὺς
3162 803 3298 875 πρὸς
3337 802 3437 874 τὴν
3484 803 3697 873 ἀπάτην

2132 891 2333 963 ταύτην
2363 895 2457 946 καὶ
2483 896 2516 965 ἡ
2545 894 2652 947 τῶν
2681 893 2879 960 ἔξωθεν
2906 895 3306 965 παρατήρησις,
3331 893 3381 948 οἱ
3404 896 3484 957 τὸ,
3507 895 3575 959 ἐξ
3600 891 3694 959 οὗ.

2132 984 2226 1036 καὶ
2251 982 2330 1048 τὸ,
2364 982 2439 1038 δι’
2474 981 2569 1051 οὗ,
2605 986 3027 1057 κεχωρισμένοις
3058 984 3201 1038 κατὰ
3238 984 3334 1056 τὴν
3370 985 3529 1056 φύσιν
3562 988 3701 1057 πρά-

2131 1090 2303 1145 γμασι
2356 1076 2793 1147 προσδιένειμαν.
2856 1076 3079 1129 Ἐκεῖνοι
3126 1075 3235 1146 γὰρ
3276 1074 3477 1131 οἴονται
3508 1077 3567 1130 τὸ
3603 1075 3701 1148 μὲν

2130 1168 2198 1231 ἐξ
2214 1163 2285 1222 οὗ
2311 1166 2407 1237 τὴν
2425 1166 2556 1238 ὓλην
2586 1166 2800 1239 δηλοῦν,
2828 1167 2890 1220 τὸ
2916 1167 2973 1221 δὲ
3004 1167 3078 1221 δι’
3104 1164 3176 1222 οὗ
3207 1168 3269 1220 τὸ
3298 1168 3528 1240 ὄργανον
3558 1186 3700 1242 παρ-

2134 1258 2304 1327 ιστᾷν.
2338 1256 2371 1328 ἢ
2410 1256 2546 1325 ὅλως
2586 1258 2685 1327 τὴν
2723 1257 3042 1327 ὑπουργίαν.
3078 1256 3295 1311 Μᾶλλον
3342 1257 3399 1312 δὲ
3452 1258 3544 1331 (τί
3592 1260 3698 1331 γάρ

2130 1346 2347 1411 κωλύει,
2380 1348 2557 1401 πάντα
2580 1347 2675 1402 τὸν
2704 1347 2926 1401 ἐκείνων
2953 1347 3108 1417 λόγον
3134 1347 3522 1412 ἀναλαϐόντας,
3556 1348 3615 1402 τό
3639 1365 3699 1403 τε

2129 1437 2265 1510 πρὸς
2287 1437 2386 1509 τὴν
2414 1437 2671 1509 ἀλήθειαν
2698 1438 3067 1510 ἁσυνάρτητον
3093 1439 3187 1491 καὶ
3213 1438 3275 1491 τὸ
3295 1438 3432 1508 πρὸς
3460 1437 3699 1502 ἐκείνους

2129 1530 2324 1595 αὐτοὺς
2352 1531 2462 1601 (40)
2495 1530 2824 1603 ἀσύμφωνον
2857 1530 2964 1584 τῶν
3008 1530 3216 1602 ἀνδρῶν
3245 1530 3451 1586 τούτων
3481 1530 3539 1582 ὲν
3570 1528 3700 1601 βρα-

2127 1625 2213 1692 χεῖ
2237 1622 2503 1691 διελέγξαι
2524 1623 2578 1693 ;)
2605 1624 2654 1677 οἳ
2677 1623 2804 1695 περὶ
2832 1623 2930 1694 τὴν
2956 1622 3189 1692 ματαίαν
3212 1620 3523 1690 φιλοσοφίαν
3540 1622 3693 1691 ὲσχο-

2125 1715 2370 1781 λακότες,
2395 1716 2486 1768 τοῦ
2516 1716 2690 1769 αίτίου
2714 1715 2813 1787 τὴν
2839 1715 2998 1783 φύσιν
3023 1713 3304 1784 πολλαχῶς
3323 1711 3694 1784 ἐξηγούμενοι,

2127 1806 2219 1861 καὶ
2245 1806 2404 1860 τοῦτο
2435 1808 2516 1871 είς
2539 1807 2607 1860 τά
2640 1810 2816 1860 οἰκεῖα
2845 1806 3216 1878 σημαινόμενα
3245 1804 3595 1877 διαιροῦντες,
3627 1804 3698 1858 τὰ

454 1920 653 1962 causas
685 1905 1034 1976 principales,
1068 1906 1205 1959 alias
1234 1914 1614 1975 cooperantes,
1653 1916 1747 1958 aut
1781 1921 2021 1962 concau-

2129 1898 2229 1968 μὲν
2284 1899 2730 1971 προκαταρκτικά
2774 1898 2989 1966 λέγουσι
3022 1898 3130 1950 τῶν
3192 1898 3380 1951 αἰτίων
3435 1892 3592 1960 εἶναι,
3626 1897 3697 1950 τά

454 1996 619 2061 sales,
665 1996 802 2049 alias
855 2002 1035 2050 autem
1086 1995 1228 2049 banc
1277 1997 1547 2050 rationem
1576 1995 1777 2050 habere
1818 2005 1877 2050 ut
1907 1998 2026 2055 sine

453 2085 521 2142 iis
556 2085 693 2141 nihil
726 2082 1012 2140 eﬁlciatur.
1051 2084 1225 2154 Atque
1248 2085 1441 2139 barum
1471 2084 1670 2155 cuique
1696 2086 2022 2154 peculiarem

448 2177 612 2233 etiam
641 2176 947 2232 attribuunt
968 2176 1383 2247 appellationem
1401 2216 1416 2241 ,
1442 2177 1517 2230 ita
1543 2186 1603 2231 ut
1634 2177 1792 2231 aliter
1820 2178 2022 2248 opifex,

449 2270 610 2325 aliter
685 2252 1108 2323 instrumentum:
1177 2267 1537 2338 signiﬁcetur.
1627 2267 1762 2323 Nam
1843 2269 2022 2339 opilici

449 2373 755 2431 congruere
801 2358 1120 2413 existimant
1181 2356 1337 2421 illud,
1403 2374 1436 2412 a
1486 2374 1638 2426 quo;
1686 2359 1841 2413 aiunt
1876 2359 2020 2415 enim

450 2451 673 2525 proprie
718 2448 849 2515 dici,
890 2464 920 2504 a
973 2450 1127 2505 fabro
1164 2449 1365 2504 factum
1401 2449 1568 2506 fuisse
1602 2465 1883 2506 scamnum
1921 2470 1934 2506 :
1967 2460 2023 2506 at

450 2546 820 2601 instrumento
863 2543 1162 2598 convenire
1211 2542 1378 2606 illud,
1429 2560 1522 2614 per
1567 2560 1771 2615 quem;
1831 2545 2023 2599 dicunt

448 2636 622 2697 enim.
652 2650 750 2707 per
780 2634 1015 2690 securim
1060 2642 1115 2688 et
1147 2634 1466 2689 terebellum
1502 2643 1557 2688 et
1596 2636 1822 2706 reliqua.
1854 2634 2021 2691 Simi-

440 2728 572 2783 liter
604 2726 746 2782 banc
775 2726 1119 2798 particulam,
1142 2740 1211 2780 ea:
1238 2741 1362 2796 quo,
1394 2725 1472 2781 illi
1505 2724 1708 2781 faciunt
1746 2729 2019 2798 propriam

447 2819 732 2886 materiae;
784 2818 1054 2888 siquidem
1097 2832 1129 2872 e
1176 2817 1404 2873 materia
1436 2819 1497 2874 ﬁt
1520 2819 1819 2889 opiﬁcium.
1847 2819 2021 2878 Porro

446 2907 797 2979 particulam,
840 2907 1006 2977 juxta
1056 2907 1218 2977 quod,
1262 2916 1459 2977 putant
1488 2909 1800 2980 signiﬁcare
1823 2927 2023 2968 conce-

450 3008 603 3068 ptum
667 2998 891 3065 animo,
946 2997 1031 3052 vel
1084 2998 1429 3054 extrinsecus
1489 2999 1765 3070 obiectum
1821 3002 2039 3058 artiﬁci

450 3088 748 3159 exemplar.
789 3086 886 3143 Vel
918 3088 1063 3143 enim
1093 3088 1245 3158 prius
1272 3090 1600 3160 cogitatione
1637 3092 1747 3147 sibi
1776 3091 2021 3163 depingit

447 3178 502 3232 id
534 3178 682 3247 quod
722 3177 903 3235 facere
946 3178 1203 3243 destinat,
1243 3188 1297 3234 et
1326 3181 1406 3234 sic
1434 3181 1578 3250 quod
1609 3182 1792 3237 animo
1820 3198 2013 3238 conce-

438 3269 545 3339 pit,
568 3268 634 3324 ad
659 3283 798 3339 opus
828 3270 1078 3339 perducit
1112 3287 1125 3322 :
1156 3271 1240 3326 vel
1263 3270 1332 3325 ad
1357 3272 1641 3341 exemplar
1666 3272 1781 3342 jam
1810 3273 2017 3329 editum

447 3361 786 3431 respiciens,
838 3362 912 3416 ad
972 3362 1122 3418 illius
1166 3362 1581 3418 similitudinem
1644 3366 2019 3436 operationem

440 3453 659 3524 dirigit.
686 3452 840 3509 lianc
878 3468 1060 3511 autem
1095 3456 1441 3526 particulam,
1481 3466 1693 3527 propter
1724 3458 1887 3529 quod,
1923 3475 2021 3516 vo-

444 3546 568 3601 hiut
589 3554 901 3617 competere
942 3546 1076 3612 (iui;
1113 3562 1396 3601 scamnum
1450 3548 1594 3602 enim
1644 3564 1768 3606 esse
1818 3552 2019 3607 factum

442 3641 513 3695 ad
565 3656 725 3696 usum
770 3640 1075 3696 hominum.
1125 3621 1370 3710 Denique
1410 3642 1495 3697 his
1540 3641 1743 3708 verbis,
1792 3644 1847 3698 in
1896 3661 2019 3715 qua,

446 3742 664 3803 tempus
696 3740 793 3788 aut
825 3733 1004 3787 locum
1046 3731 1302 3787 indicari.
1343 3731 1575 3799 Quando
1625 3734 1773 3789 enim
1818 3734 2019 3790 factum

444 3823 572 3879 est?
600 3823 657 3878 in
692 3824 785 3878 tali
819 3832 1083 3895 tempore.
1129 3821 1231 3879 Ubi
1262 3822 1465 3878 factum
1496 3824 1628 3879 est?
1662 3824 1718 3879 in
1749 3825 1843 3878 tali
1874 3826 2015 3882 loco.

445 3913 572 3969 Hec
601 3923 785 3970 autem
816 3916 1033 3971 tametsi
1080 3916 1216 3971 nihil
1242 3902 1532 3971 conferunt
1564 3916 1633 3971 ad
1680 3917 1732 3971 id
1764 3917 1908 3987 quod
1939 3916 2017 3981 ﬁt,

446 4014 628 4061 tamen
661 4007 869 4076 absque
918 4006 1004 4060 his
1051 4007 1186 4061 nihil
1241 4014 1421 4076 potest
1463 4005 1600 4060 ﬁeri.
1654 4004 2018 4076 Operantibus

442 4095 589 4150 enim
638 4105 693 4150 ct
750 4096 872 4150 loco
915 4104 970 4149 et
1010 4103 1254 4166 tempore
1293 4110 1433 4165 opus
1462 4104 1566 4151 est.
1603 4095 1714 4151 Has
1758 4098 2014 4153 observa-

445 4184 624 4240 tiones
661 4201 729 4242 ex
782 4186 1040 4241 inanibus
1072 4185 1380 4255 disciplinis
1420 4200 1484 4241 ac
1524 4201 1663 4240 vana
1699 4186 2018 4258 deceptione

443 4275 768 4348 desumptas
797 4293 920 4333 cum
955 4277 1050 4331 isti
1077 4275 1367 4331 didicerint
1399 4288 1562 4347 atque
1594 4276 1846 4335 admirati
1885 4282 2015 4349 sint,

441 4383 537 4425 eas
560 4373 722 4425 etiam
750 4368 819 4424 ad
847 4369 1151 4440 simplicem
1170 4377 1225 4423 et
1252 4376 1370 4424 arte
1397 4370 1548 4424 omni
1578 4379 1855 4427 carentem
1888 4371 2013 4445 Spi-

442 4464 584 4519 ritus
608 4462 915 4518 doctrinam
969 4462 1330 4529 transferunt,
1364 4471 1426 4517 ut
1469 4470 1523 4519 et
1568 4462 1735 4519 Deum
1773 4464 2012 4523 Verbum

2125 1989 2181 2043 δὲ
2220 1989 2454 2060 συνεργὰ
2495 1989 2526 2059 ἢ
2564 1991 2831 2054 συναίτια,
2865 1988 2932 2043 τά
2969 1989 3026 2042 δὲ
3054 1988 3165 2043 τῶν
3197 1981 3273 2041 ὧν
3308 1990 3409 2043 οὐκ
3440 1989 3567 2042 ἄνευ
3605 1987 3693 2041 λό-

2125 2098 2218 2148 γον
2245 2082 2461 2151 ὲπέχειν
2488 2081 2620 2153 (4i).
2665 2081 2912 2151 Ἐκάστῳ
2946 2079 3126 2152 μέντοι
3152 2080 3357 2134 τούτων
3389 2080 3697 2146 ἰδιάζουσαν

2124 2174 2218 2226 καὶ
2261 2174 2359 2243 τὴν
2407 2173 2716 2245 ὲκφὼνησιν
2760 2174 3142 2245 ἀφορίζουσιν·
3194 2173 3335 2227 ὥστε
3383 2173 3557 2238 ἄλλως
3603 2173 3697 2227 τὸν

2122 2264 2448 2336 δημιουργὸν
2495 2264 2875 2338 σημαίνεσθαι,
2907 2267 3002 2321 καὶ
3030 2267 3090 2320 τὸ
3117 2266 3345 2338 ὄργανον
3377 2266 3568 2331 ἄλλως.
3604 2267 3697 2338 Τῷ

2126 2357 2227 2428 μὲν
2257 2356 2364 2429 γὰρ
2399 2357 2715 2430 δημιουργῷ
2744 2358 2973 2430 πρέπειν
3015 2360 3213 2412 οίονται
3247 2359 3308 2412 τὸ
3334 2360 3434 2427 ὑφ’
3457 2355 3529 2415 οὗ
3556 2376 3570 2389 ·
3597 2376 3696 2412 κυο

2126 2450 2253 2521 ρίως
2278 2450 2386 2521 γάρ
2415 2467 2546 2519 φασι
2565 2449 2818 2519 λέγεσθαι
2843 2451 2948 2505 ὑπὸ
2974 2449 3069 2505 τοῦ
3090 2452 3343 2514 τέκτονος
3366 2450 3696 2523 γεγενῆσθαι

2120 2542 2180 2595 τὸ
2227 2541 2425 2613 βάθρον
2444 2559 2457 2571 ·
2511 2540 2588 2612 τῷ
2618 2541 2673 2594 δὲ
2699 2541 2917 2613 ὀργάνῳ
2946 2542 3008 2595 τὸ
3040 2541 3115 2595 δι’
3147 2538 3219 2597 οὗ
3239 2559 3252 2572 ·
3302 2541 3391 2596 διά
3433 2542 3541 2613 γὰρ
3569 2558 3697 2593 σκε-

2122 2636 2326 2708 πάρνου
2355 2636 2508 2705 φασὶ,
2535 2635 2629 2688 καὶ
2656 2635 2934 2707 τερέτρουζ
2965 2635 3057 2689 καὶ
3076 2635 3183 2687 τῶν
3205 2634 3426 2688 λοιπῶν.
3460 2633 3695 2704 ὐμοίως

2119 2729 2176 2782 δὲ
2209 2720 2304 2781 καὶ
2326 2727 2386 2780 τὸ
2412 2725 2481 2791 ἐξ
2510 2720 2583 2781 οὗ
2618 2726 2718 2797 τῆς
2759 2725 2892 2798 ῦλης
2924 2726 3053 2779 ίδιον
3086 2725 3323 2780 τίθενται
3362 2727 3585 2778 ἐκείνοι·
3627 2725 3696 2777 ὲκ

2121 2819 2280 2887 ξύλου
2324 2819 2432 2890 γὰρ
2481 2814 2623 2872 εἶναι
2667 2820 2728 2871 τὸ
2762 2817 3182 2889 δημιούργημα·
3217 2817 3279 2870 τὸ
3309 2817 3367 2870 δὲ
3404 2817 3531 2871 καθ’
3564 2815 3595 2869 ὃ
3632 2814 3699 2869 τὸ

2121 2911 2374 2983 ἐνθύμιον
2433 2909 2719 2982 δηλοῦν,ἢ
2774 2909 2834 2962 τὸ
2885 2908 3199 2980 ἐκκείμενον
3255 2907 3556 2977 ὑπόδειγμα
3614 2906 3699 2977 τῷ

2121 3002 2357 3074 τεχνίτῃ.
2395 3003 2466 3055 Ἦ
2493 3001 2601 3074 γὰρ
2633 3000 3213 3072 προαναζωγραφήσας
3246 3002 3311 3070 τῇ
3345 2999 3552 3069 διανοίᾳ
3581 2998 3694 3068 (42)

2121 3095 2183 3148 τὸ
2226 3092 2676 3164 κατασκεύασμα,
2717 3090 2886 3154 οὕτως
2933 3092 3012 3153 είς
3058 3089 3216 3161 ἔργον
3254 3092 3351 3160 τὴν
3392 3089 3694 3158 φαντασίαν

2124 3187 2332 3259 ἤγαγεν
2354 3204 2368 3217 ·
2398 3187 2431 3258 ἢ
2463 3186 2599 3258 πρὸς
2621 3185 2722 3256 ἤδη
2745 3183 3060 3255 ἐκκείμενον
3088 3182 3436 3254 παράδειγμα
3462 3181 3697 3235 ἀποϐλέ-

2124 3296 2263 3345 πων,
2299 3278 2419 3333 καθ⁸
2449 3277 2708 3349 ὁμοίωσιν
2735 3276 2945 3331 ἐκείνου
2982 3274 3080 3347 τὴν
3112 3274 3393 3347 ἐνέργειαν
3421 3274 3528 3345 (15)
3561 3289 3697 3327 κατ-

2121 3372 2354 3426 ευθύνει.
2399 3372 2473 3425 To
2513 3372 2570 3425 δὲ
2611 3369 2686 3425 δι’
2738 3368 2770 3423 ὃ
2828 3367 2906 3440 τῷ
2947 3368 3088 3422 τέλει
3137 3370 3436 3441 προσήκειν
3476 3367 3697 3438 βούλον-

2118 3481 2243 3520 ται·
2273 3465 2377 3518 ’διά
2406 3464 2514 3535 γὰρ
2554 3462 2652 3534 τὴν
2683 3461 2884 3532 χρῆσιν
2923 3460 3020 3532 τὴν
3050 3460 3155 3514 τῶν
3201 3460 3502 3533 ἀνθρώπων
3531 3476 3695 3528 γεγο-

2121 3556 2268 3610 νέναι
2297 3555 2355 3609 τὸ
2388 3555 2613 3626 βάθρον·
2642 3553 2702 3606 τὸ
2734 3551 2791 3606 δὲ
2817 3551 2887 3605 ἐν
2927 3544 2975 3618 ᾧ
3010 3551 3102 3605 τὸν
3142 3551 3332 3622 χρόνον
3360 3551 3628 3623 παριστᾷν
3659 3550 3694 3622 ἢ

2121 3642 2211 3696 τον
2241 3642 2423 3695 τόπον.
2462 3641 2598 3694 Πότε
2631 3642 2739 3712 γάρ
2783 3638 3043 3707 γέγονενς
3086 3640 3175 3693 Ἑν
3208 3640 3342 3711 τῷδε
3374 3640 3452 3710 τῷ
3492 3639 3693 3711 χρόνῳ.

2122 3734 2230 3787 Καὶ
2257 3731 2359 3787 ποῦ
2381 3750 2395 3798 ;
2440 3734 2528 3785 ‘Ev
2554 3731 2689 3802 τῷδε
2713 3728 2792 3802 τῷ
2828 3731 2997 3802 τόπῳ.
3029 3730 3214 3785 Ταῦτα
3237 3731 3293 3784 δὲ
3320 3732 3379 3784 εί.
3398 3732 3491 3785 καὶ
3528 3731 3698 3803 μηδὲν

2118 3824 2196 3895 τῷ
2233 3824 2500 3895 γινομένῳ
2538 3822 2927 3895 συμϐάλλεται,
2968 3822 3081 3875 ἀλλ’
3116 3818 3208 3877 οὖν
3251 3824 3351 3876 οὐκ
3392 3823 3520 3877 ἄνευ
3565 3823 3696 3875 τού-

2120 3931 2226 3966 των
2253 3913 2477 3967 δυνατόν
2512 3929 2565 3966 τι
2591 3912 2862 3981 γενέσθαι.
2907 3913 3080 3984 Χρεία
3120 3912 3228 3985 γάρ
3266 3913 3363 3966 καὶ
3389 3912 3557 3966 τόπου
3584 3912 3699 3966 -καὶ

2118 4003 2310 4074 χρόνου
2339 4006 2449 4067 τοῖς
2481 4002 2786 4074 ἐνεργοῦσι.
2824 4001 3010 4055 Ταῦτα
3047 4002 3308 4072 μαθόντες
3343 4003 3437 4056 καὶ
3477 4002 3697 4073 θαυμά-

2120 4111 2309 4158 σαντες
2338 4094 2448 4166 χιι)
2478 4090 2622 4148 οῦτοι
2661 4094 2730 4148 τά
2764 4096 2828 4147 ἐκ
2854 4095 2950 4166 τῆς
3002 4093 3364 4167 ματαιότητος
3397 4096 3492 4150 καὶ
3529 4099 3699 4168 κενῆς

2117 4186 2334 4257 ἀπάτης
2362 4189 2826 4258 παρατηρήματα,
2871 4186 2964 4238 καὶ
2990 4188 3081 4239 ἐπὶ
3105 4187 3203 4258 τὴν
3234 4185 3412 4257 άπλῆν
3442 4190 3536 4242 καὶ
3568 4190 3700 4243 ἁτε-

2117 4278 2439 4349 χνολόγητον
2476 4276 2568 4330 τοῦ
2618 4277 2933 4349 Πνεύματος
2982 4277 3328 4332 διδασκαλίαν
3392 4281 3702 4350 μετακομίο

2118 4370 2321 4435 ζουσιν,
2352 4371 2432 4434 είς
2468 4368 2763 4423 ἐλάττωσιν
2801 4370 2900 4440 μὲν
2927 4368 3020 4423 τοῦ
3064 4368 3199 4423 Θεοῦ
3241 4370 3448 4439 Λόγου,
3498 4370 3701 4443 ἀθέτη-

2120 4480 2203 4516 σιν
2243 4462 2300 4516 δὲ
2351 4462 2445 4519 τοῦ
2485 4462 2638 4531 ἁγίου
2692 4461 2804 4534 (45)
2850 4462 3199 4534 Πνεύματος·
3245 4462 3301 4515 οῖ
3344 4480 3407 4532 γε
3459 4461 3558 4537 τὴν
3597 4464 3699 4518 ἐπὶ

440 4553 773 4618 diminuant,
823 4560 877 4607 et
927 4550 1190 4623 Spiritum
1252 4561 1502 4607 sanctum
1558 4554 1809 4624 rejiciant
1853 4574 1867 4611 :
1920 4558 2013 4627 qui

2129 4557 2344 4628 ἀψύχων
2393 4556 2662 4629 ὀργάνων,
2711 4556 2744 4627 ἢ
2790 4558 2890 4627 τῆς
2935 4556 3244 4627 ὑποχειρίου
3297 4557 3391 4611 καὶ
3426 4557 3702 4626 ταπεινῆς

442 4645 664 4718 quidem
693 4660 882 4701 vocem
913 4645 1295 4701 instrumentis
1330 4646 1589 4701 inanimis
1622 4656 1716 4700 ant
1746 4648 1932 4703 servili
1954 4664 2017 4704 ac

442 4753 671 4812 prorsus
704 4737 897 4794 humili
940 4736 1250 4792 ministerio
1295 4751 1325 4791 a
1367 4738 1614 4809 profanis
1650 4740 2015 4809 scriptoribus

442 4831 797 4902 assignatam,
822 4829 1016 4900 loquor
1037 4829 1104 4884 de
1132 4829 1388 4896 dictione,
1421 4847 1513 4900 per
1542 4846 1714 4902 quem.
1739 4834 1807 4887 ad
1841 4832 2019 4889 Domi.

442 4938 573 4978 num
617 4922 998 4979 universorum
1043 4936 1154 4976 non
1200 4921 1355 4977 veriti
1387 4929 1516 4977 sunt
1546 4924 1882 4991 transferre;
1914 4941 2017 4981 nec

443 5017 607 5087 pudet
632 5013 975 5070 Christianos
1002 5026 1168 5069 serrae
1202 5020 1297 5067 aut
1328 5012 1508 5068 mallei
1538 5016 1863 5072 vocabulum
1898 5018 2039 5083 uni:

440 5121 614 5162 versae
642 5113 906 5162 creatum
931 5105 1211 5162 Conditori
1243 5110 1558 5165 attribuere.

510 5283 624 5358 (39)
649 5288 777 5358 _'Ozt
807 5288 878 5342 ἐκ
902 5287 1015 5358 τῆς
1042 5287 1284 5353 ἔξωθεν.
1330 5288 1448 5344 Huc
1487 5289 1787 5344 transferre
1835 5295 2011 5347 coacti

440 5356 636 5427 sumus
648 5356 795 5412 hunc
817 5356 1035 5413 titulum
1058 5374 1090 5412 a
1119 5359 1357 5415 librariis
1373 5358 1513 5413 infra
1535 5368 1660 5414 ante
1682 5360 1796 5414 haec
1819 5363 2009 5427 verba,

437 5427 487 5482 οι
520 5425 651 5500 περί
701 5428 802 5500 τῂν
835 5428 1328 5500 ματαίαν,χίιὶοω
1358 5444 1604 5500 prorsus,
1660 5438 1720 5484 ut
1762 5439 1909 5499 patet
1940 5425 2005 5487 ex

435 5496 775 5619 ﬁereutbesi',
827 5496 994 5568 quam
1041 5496 1375 5580 .adjicimus,
1420 5496 2007 5570 appositumﬁlbidem

488 5581 574 5619 ea.
606 5574 800 5619 tertius
826 5567 1107 5619 συλλαὸων
1137 5567 1402 5619 θεολογία.
1974 5606 1981 5615 .

488 5581 574 5639 eg.
606 5568 800 5639 tertius
812 5638 815 5639 ν
826 5567 1107 5622 συλλαϐῶν
1127 5567 1402 5639 θεολογία.

509 5636 623 5705 (40)
661 5637 968 5703 Ἐκείνους
1017 5640 1260 5705 αὐτούς.
1291 5636 1384 5695 Sic

433 5705 630 5771 αὐτοὺς
655 5707 913 5772 ἐκείνους.

508 5775 954 5853 μηζεετέχσιν.
991 5775 1110 5853 Non
1155 5780 1295 5853 male
1338 5780 1393 5834 in
1434 5794 1544 5837 uno
1588 5796 1652 5836 ex
1675 5780 1870 5853 Regiis
1894 5782 2005 5837 ὕπο

434 5844 609 5919 ἀχεινζ
634 5844 976 5920 Paulo'post
1008 5849 1271 5908 articulus
1302 5866 1371 5907 ex
1408 5865 1542 5908 mss.
1588 5844 2002 5911 coddfadditus

1426 5639 1552 5694 libri
1594 5648 1828 5696 veteres.
1863 5606 2006 5698 eain

2120 4649 2397 4713 παντελῶς
2428 4650 2733 4722 ὑπηρεσίας
2763 4651 2945 4722 φωνὴν
2973 4650 3360 4721 ἀφωρισμένην
3390 4648 3543 4722 παρὰ
3581 4648 3700 4703 τῶν

2121 4739 2339 4804 ἔξωθεν,
2378 4739 2476 4810 τὴν
2511 4735 2677 4795 διὀὖ
2712 4739 2874 4807 λέγω,
2917 4738 3119 4809 ταύτην
3157 4739 3251 4791 ἐπὶ
3290 4740 3381 4793 τὸν
3413 4737 3700 4808 Δεσπότην

2117 4830 2223 4883 τῶν
2260 4830 2397 4884 ὃλων
2442 4832 2544 4885 οὐκ
2584 4829 2838 4902 ὤκνησαν
2870 4830 3203 4902 μεταθεῖναι,
3245 4833 3339 4886 καὶ
3374 4832 3471 4886 οὐκ
3498 4831 3703 4902 αἰσχύ-

2122 4938 2301 4975 νονται
2329 4922 2379 4973 οἱ
2401 4922 2716 4993 Χριστιανοὶ
2738 4922 2954 4994 πρίονος
2976 4921 3008 4992 ἢ
3035 4921 3245 4994 σφύρας
3268 4922 3345 4993 τῷ
3375 4922 3701 4993 δημιουργῷ

2117 5013 2217 5082 τῆς
2246 5014 2474 5076 κτίσεως
2510 5013 2692 5085 φωνὴν
2727 5012 3092 5084 ἀφορίζοντες.

2117 5305 2241 5350 ante
2276 5296 2541 5358 τέκτονος.
3506 5322 3509 5327 -

2187 5364 2298 5439 (th
2332 5364 2412 5439 Τῇ
2442 5365 2697 5439 διανοίᾳ.
2728 5364 2846 5439 Duo
2872 5365 3089 5439 codices
3115 5380 3248 5422 mss.
3276 5370 3333 5420 ὲν
3357 5366 3696 5439 τῇηδιανοίᾳ.
3724 5410 3743 5423 ρ

2186 5436 2301 5556 (4‘5)
2345 5432 2705 5504 Ἐνέργειιιν.
2733 5436 2822 5489 Sic
2845 5435 3063 5492 codices
3100 5452 3232 5492 mss.
3269 5432 3571 5493 sex."Editi
3597 5432 3703 5508 ὲρ-

2191 5522 2222 5556 σ
2245 5522 2331 5556 αν.

2114 5522 2331 5575 γασιαν.
2966 5560 2989 5575 ί,

2185 5575 2297 5641 (44)
2328 5576 2435 5629 Kal
2468 5575 2905 5641 θαυμάσαντες,
2940 5574 3061 5629 "me
3089 5575 3288 5631 desunt
3322 5577 3376 5630 in
3411 5575 3700 5631 nonnullis

2114 5645 2398 5718 codicibus
2426 5661 2559 5701 mss.
2584 5645 2753 5718 Paulo
2785 5655 2907 5715 post
2937 5647 3067 5701 editi
3104 5645 3204 5718 τὴν
3226 5646 3321 5718 τοῦ
3347 5646 3696 5718 Πνεύματος,

2114 5716 2209 5771 sed
2244 5717 2452 5785 primus
2493 5716 2756 5785 articulus
2797 5732 2903 5769 non
2941 5716 3219 5770 invenitur
3261 5717 3314 5771 in
3350 5716 3698 5772 mss.‘codd.

2184 5774 2677 5857 (ιδγΐοῦᾴάγιου.
2728 5785 2841 5857 Duo
2871 5787 3081 5857 antiqui
3121 5787 3342 5845 codices
3386 5785 3482 5840 τοῦ
3515 5785 3700 5843 θείου.

2116 5855 2231 5911 Duo
2259 5854 2348 5911 alii
2381 5854 2474 5910 τοῦ
2501 5854 2647 5911 θείου
2684 5857 2783 5910 καὶ
2816 5854 3020 5924 ἁγίου.’
3250 5884 3255 5889 γ
