3908 6542
522 384 613 442 '79
881 371 887 376 ’
1869 375 1924 430 S.
1968 374 2206 432 BASlLll
2252 373 2462 429 MAGNI
3663 373 3753 433 -80

548 497 804 567 Spiritum
855 503 1102 550 sanctum
1149 497 1202 546 in
1248 495 1581 548 consortium
1641 492 1830 547 barum
1867 508 2079 548 vocum,

2196 493 2254 546 οὐ
2288 489 2679 563 παραδέχεται·
2709 490 2842 561 ὅπερ
2876 489 2910 560 ή
2947 490 3104 559 καινὴ
3136 488 3244 562 (50)
3273 487 3473 543 τούτων
3500 488 3754 561 κληροδο-

541 603 608 643 ex
635 604 757 659 quo,
792 595 907 653 aut,
936 601 1026 654 per
1070 600 1242 654 quem,
1287 586 1429 655 quod
1471 594 1650 640 tamen
1692 599 1829 640 nova
1869 585 2079 640 istorun

2196 586 2286 638 σία
2318 584 2586 654 διώρισεν.
2618 576 2722 646 Εἷς
2761 582 2902 648 Θεὸς
2943 581 3051 652 (51)
3085 582 3180 635 καὶ
3215 581 3434 650 Πατὴρ,
3469 581 3537 645 ἐξ
3573 577 3646 637 οὗ
3680 582 3752 636 τὰ

543 677 857 733 distributio
912 674 1123 730 deﬁnit.
1175 673 1320 729 Unus
1377 676 1516 729 Deus
1558 687 1606 730 et
1653 675 1832 741 Pater,
1888 691 1951 729 ea:
1995 690 2094 746 quo

544 769 721 823 omnia
752 785 770 822 :
793 777 842 822 et
873 784 1009 822 unus
1046 765 1303 823 Dominus
1329 767 1485 823 Jesus
1519 769 1780 834 Christus,
1825 787 1914 840 per
1946 785 2094 841 quem

543 859 721 912 omnia
749 859 815 910 ⁷³.
846 857 965 913 Νοη
1011 866 1140 914 sunt
1169 858 1250 914 lue
1294 874 1455 915 voces
1492 860 1660 930 legem
1707 861 1950 926 ferentis,
1999 861 2094 916 sed

547 951 868 1021 bypostases
908 949 1324 1021 distinguentis:
1349 950 1466 1006 Non
1500 953 1641 1007 enim
1682 960 1740 1006 ut
1777 961 1983 1008 naturae
2015 952 2096 1007 in-

541 1044 768 1098 duceret
807 1043 1199 1109 diversitatem,
1241 1045 1336 1100 sed
1369 1053 1426 1100 ut
1458 1045 1798 1102 iuconl‘usam
1830 1044 2009 1100 Patris
2041 1054 2094 1101 et

495 1141 500 1148 '
544 1133 663 1189 Filii
726 1136 1002 1191 notionem
1037 1136 1335 1200 exhiberet,
1383 1137 1455 1192 ita
1507 1137 1721 1194 locutus
1778 1138 2088 1208 Apostolus.

540 1223 672 1278 Nam
703 1225 846 1294 quod
879 1224 962 1278 ha!
1003 1240 1166 1280 voces
1198 1225 1338 1282 inter
1378 1241 1436 1281 se
1479 1228 1768 1282 contrariae
1808 1243 1916 1282 non
1959 1227 2090 1290 sint,

542 1331 715 1386 neque
743 1316 888 1370 velut
931 1316 984 1370 in
1019 1317 1202 1386 praelio
1236 1325 1501 1388 separatae
1544 1318 1807 1374 adversus
1843 1318 2091 1374 hostilem

539 1409 734 1471 aciem,
787 1406 854 1462 ad
885 1406 1086 1460 bellum
1126 1407 1270 1462 inter
1299 1422 1359 1463 se
1385 1395 1680 1478 gerendum
1722 1408 1960 1464 excitent
2000 1424 2096 1463 na-

539 1509 692 1556 turas
734 1498 798 1553 ad
848 1514 985 1569 quas
1033 1498 1408 1563 accesserint,
1460 1499 1585 1554 inde
1628 1499 1816 1569 liquet.
1867 1498 2094 1570 Collegit

539 1593 730 1648 ambas
760 1592 815 1646 in
849 1607 956 1647 una
986 1597 1040 1646 et
1079 1590 1266 1647 eadem
1307 1605 1538 1662 persona
1569 1591 1758 1646 beatus
1785 1591 1834 1660 7
1866 1591 2095 1662 Aposto-

539 1687 625 1740 lus
667 1684 856 1740 dicens
894 1701 908 1737 :
953 1682 1220 1750 Quoniam
1250 1698 1314 1737 ea:
1347 1683 1482 1752 ipso,
1519 1693 1566 1736 et
1607 1699 1698 1751 per
1737 1683 1926 1749 ipsum,
1961 1693 2010 1737 et
2039 1684 2092 1737 in

536 1781 710 1848 ipsum
754 1779 933 1832 omnia
975 1777 1043 1832 ⁸⁸.
1094 1775 1251 1842 Quod
1303 1785 1481 1831 autem
1532 1775 1647 1830 haec
1697 1777 1763 1831 ad
1805 1776 2088 1831 Dominum

2194 677 2387 731 πάντα
2407 693 2420 706 σ
2452 675 2550 728 καὶ
2577 670 2663 740 εἷς
2688 677 2899 744 Κύριος
2937 674 3161 740 Ἰησοῦς
3186 674 3455 742 Χριστὸς,
3483 671 3553 726 δι’
3582 668 3653 728 οὗ
3679 671 3752 725 τὰ

2193 767 2406 822 πάντα.
2449 759 2618 820 Αῦται
2653 765 2754 820 οῦκ
2799 768 2904 819 εἰσι
2942 751 3352 835 νομοθετοῦντος
3393 765 3584 834 φωναὶ,
3618 762 3752 817 ἀλλὰ

2192 860 2660 932 διευκρινουμένου
2681 860 2777 923 τὰς
2815 857 3156 920 ὑποστάσεις.
3196 857 3268 910 υύ
3304 857 3412 928 γὰρ
3454 858 3538 909 ἵνα
3568 855 3628 909 τὸ
3655 855 3752 910 ἁλ-

2192 953 2400 1025 λότριον
2444 952 2543 1022 τῆς
2573 950 2785 1021 φύσεως
2826 949 3122 1022 εἰσαγάγῃ,
3165 947 3276 1003 ἀλλ’
3317 949 3404 1002 ἵνα
3449 948 3752 1019 ἀσύγχυτον

2193 1045 2404 1118 Πατρὸς
2451 1046 2546 1098 καὶ
2604 1042 2732 1096 Υἱοῦ
2792 1041 2887 1112 τὴν
2947 1041 3149 1095 ἔννοιαν
3197 1040 3556 1112 παραστήσῃ,
3607 1037 3754 1093 οὕτω

2193 1138 2525 1209 προήνεγκεν
2549 1135 2578 1188 6
2622 1131 2958 1197 ’Λπόστολος.
2999 1133 3148 1186 Ἐπεὶ
3174 1133 3254 1185 ὅτι
3285 1149 3346 1200 γε
3371 1132 3425 1184 αἰ
3457 1131 3629 1200 φωναὶ
3658 1129 3754 1184 ἀλ-

2192 1230 2380 1300 λήλαις
2423 1229 2522 1281 οὐκ
2561 1225 3004 1288 ἀντιτάσσονται,
3048 1224 3154 1277 οὐδ’
3190 1223 3376 1294 ὥσπερ
3426 1225 3484 1276 ὲν
3531 1221 3753 1293 πολέμῳ

2193 1322 2329 1391 πρὸς
2365 1319 2652 1374 ἀντίπαλον
2692 1318 2841 1384 τάξιν
2871 1317 3252 1388 ἀποκριθεῖσαι
3293 1313 3750 1386 συνεκπολεμοῦσι

2191 1413 2290 1477 τὰς
2315 1411 2502 1482 φύσεις
2519 1405 2603 1473 αῖς
2623 1407 3067 1481 προσεχώρησαν,
3087 1406 3292 1460 ἐκεῖθεν
3315 1406 3489 1473 δῆλον.
3515 1406 3753 1476 Συνήγα·

2192 1523 2286 1575 γεν
2303 1505 2413 1576 (52)
2431 1501 2742 1574 ἀμφοτέρας
2759 1502 2848 1553 ἐπὶ
2868 1500 2985 1564 ἐνὸς
2999 1498 3191 1554 καὶτοῦ
3211 1496 3372 1552 αὐτοῦ
3391 1499 3420 1550 ὑ
3432 1497 3752 1568 ποκειμένου

2193 1599 2221 1651 6
2257 1596 2522 1667 μακάριος
2563 1593 2772 1656 Παῦλος
2810 1591 3008 1646 εἰπών’
3041 1593 3165 1646 Ὅτι
3193 1591 3262 1656 ἐξ
3286 1591 3493 1654 αὐτοῦ,
3539 1591 3635 1645 καὶ
3675 1589 3752 1644 δι’

2190 1687 2394 1750 αὑτοῦ,
2419 1686 2513 1740 καί
2536 1687 2622 1751 εἰς
2651 1683 2836 1738 αὐτόν
2864 1683 2934 1738 τὰ
2955 1683 3166 1737 πάντα.
3194 1682 3362 1736 Τοῦτο
3384 1683 3441 1736 δὲ
3472 1683 3755 1755 προδήλως

2191 1781 2270 1842 εἰς
2291 1777 2379 1831 τὸν
2409 1757 2610 1847 Κύριον
2641 1774 2826 1845 φέρειν
2854 1776 2958 1836 πᾶς
2997 1790 3080 1837 τις
3108 1772 3173 1827 ἂν
3210 1773 3353 1825 εἴποι
3379 1773 3407 1825 6
3436 1773 3527 1824 καὶ
3555 1770 3751 1842 μικρὸν

537 1846 758 1934 referat,
789 1868 966 1940 quivis
1005 1868 1276 1931 fatebitur,
1314 1868 1404 1938 qui
1453 1867 1539 1922 vel
1571 1868 1802 1924 tenuiter
1837 1869 2079 1938 inspiciat

2190 1869 2266 1941 τῷ
2307 1846 2603 1940 βουλήματι
2641 1867 2736 1938 τῆς
2769 1865 2964 1932 λέξεως
2989 1866 3302 1937 ἐπιστήσας.
3330 1863 3608 1936 Προτάξας
3639 1863 3755 1936 γὰρ

537 1970 770 2016 mentem
809 1958 1092 2015 orationis.
1139 1958 1273 2012 Cum
1325 1957 1468 2013 enim
1515 1958 1811 2029 Apostolus
1843 1960 1994 2029 prius
2023 1974 2090 2014 ex

536 2053 688 2108 Isaiae
715 2052 992 2123 prophetia
1018 2055 1294 2122 posuisset
1328 2051 1459 2105 illud
1494 2070 1506 2105 :
1543 2052 1673 2118 Quis
1704 2053 1937 2124 cognovit
1976 2069 2094 2107 sen-

534 2161 651 2198 sum
683 2143 915 2210 Domini,
955 2151 1046 2196 aut
1077 2143 1192 2213 quis
1238 2143 1574 2197 consiliarius
1618 2143 1732 2209 ejus
1768 2144 1919 2212 fuit?
1961 2144 2092 2199 sub-

529 2235 704 2305 jecit:
740 2234 1000 2301 Quoniam
1032 2249 1096 2287 ea.
1128 2233 1262 2302 ipso,
1305 2242 1352 2286 et
1395 2247 1484 2300 per
1511 2234 1698 2299 ipsum,
1729 2242 1777 2287 et
1824 2235 1878 2287 in
1920 2234 2090 2303 ipsum

530 2336 654 2381 sunt
696 2327 870 2380 omnia
899 2327 966 2380 ει.
1007 2325 1136 2390 Quae
1167 2332 1313 2379 certe
1351 2323 1419 2379 de
1460 2321 1570 2378 Deo
1603 2322 1776 2379 Verbo
1803 2326 2087 2380 universo-

533 2435 654 2474 rum
700 2417 982 2474 conditore
1010 2417 1154 2471 dicta
1199 2431 1322 2472 esse
1365 2431 1393 2469 a
1438 2415 1723 2486 propheta,
1760 2431 1824 2472 ex
1861 2417 1928 2472 iis
1969 2434 2089 2487 qua:

533 2510 868 2583 pia-cedunt,
920 2509 1100 2564 discas
1139 2507 1340 2563 licebit.
1383 2507 1513 2573 Quis
1559 2523 1768 2562 mensus
1813 2518 1890 2562 est
1930 2527 2087 2563 manu

535 2618 749 2673 aquaut,
801 2610 850 2655 et
892 2599 1073 2654 ca’lum
1112 2600 1310 2668 palmo,
1355 2607 1404 2652 et
1440 2608 1602 2652 totant
1638 2609 1826 2654 terram
1871 2604 2089 2671 pugno?

534 2695 664 2761 Quis
698 2693 887 2748 statuit
911 2701 1107 2746 montes
1153 2693 1208 2746 in
1257 2691 1422 2755 libra,
1457 2701 1507 2746 et
1539 2691 1695 2746 colles
1747 2693 1800 2746 in
1840 2703 2040 2748 statera
2062 2697 2088 2750 ?

532 2787 662 2850 Quis
697 2785 932 2855 cognovit
969 2799 1174 2839 sensum
1205 2783 1440 2847 Domini,
1475 2793 1573 2846 aut
1605 2784 1720 2852 quis
1748 2782 2085 2837 consiliarius

527 2877 610 2932 illi
641 2877 741 2948 fuit
767 2879 811 2910 ⁸⁸
835 2877 858 2931 ?
884 2875 1018 2932 Nam
1046 2877 1162 2932 haec
1187 2875 1376 2939 dictio,
1407 2875 1546 2945 quis,
1587 2873 1674 2929 hic
1715 2890 1824 2930 non
1863 2892 2086 2945 prorsus

529 2969 582 3025 id
616 2968 764 3040 quod
787 2969 976 3024 haberi
1015 2969 1222 3040 nequit,
1256 2967 1545 3038 significat,
1583 2967 1675 3023 sed
1711 2967 1857 3037 quod
1885 2976 1970 3022 est
1999 2983 2087 3022 ra-

529 3077 650 3114 rum
683 3077 696 3112 :
731 3061 876 3116 velut
927 3064 980 3115 in
1025 3059 1128 3115 hoc
1165 3077 1178 3112 :
1217 3057 1348 3124 Quis
1387 3061 1616 3129 insurget
1661 3057 1789 3112 mihi
1837 3057 2084 3112 adversus

516 3167 757 3221 perverse
785 3161 992 3222 agentes
1021 3151 1106 3207 3’?
1131 3150 1231 3206 Et:
1267 3151 1399 3219 Quis
1434 3161 1510 3206 est
1539 3151 1692 3205 homo
1733 3151 1822 3221 qui
1869 3149 1976 3205 vult
2013 3150 2087 3203 uio

527 3253 637 3296 tam
676 3244 761 3298 “1’
791 3242 856 3296 Et
888 3262 902 3299 :
933 3243 1064 3310 Quis
1113 3243 1356 3298 ascendet
1392 3244 1444 3298 in
1500 3253 1724 3298 montem
1766 3242 1978 3296 Domini
2001 3242 2088 3294 εει

525 3338 789 3393 Similiter
823 3349 875 3393 et
903 3337 1006 3393 hoc
1035 3339 1155 3394 loco
1172 3337 1376 3394 dictum
1405 3356 1418 3391 :
1453 3338 1582 3404 Quis
1612 3347 1689 3392 est
1715 3337 1803 3408 qui
1840 3338 2080 3406 cognovit

522 3444 732 3482 sensum
768 3427 1004 3494 Domini,
1038 3438 1086 3482 et
1125 3428 1334 3483 consilii
1373 3427 1518 3483 illius
1552 3429 1810 3498 particeps
1860 3429 1957 3497 [uit
1991 3427 2082 3480 “‘3

523 3518 686 3573 Pater
713 3519 851 3572 enim
889 3517 1063 3589 diligit
1095 3517 1316 3582 Filium,
1348 3529 1397 3572 et
1428 3519 1605 3572 omnia
1635 3519 1861 3582 ostendit
1895 3519 1978 3573 illi
2006 3519 2073 3573 ⁸⁷.

523 3605 621 3662 llic
649 3615 732 3663 est
763 3608 855 3677 qui
904 3608 1150 3663 continet
1190 3618 1414 3672 terram,
1459 3623 1688 3679 eamque
1717 3625 1898 3680 pugno
1929 3625 2079 3665 com-

519 3701 713 3770 plenus
742 3708 862 3768 est;
893 3701 986 3772 qui
1017 3708 1213 3756 cuncta
1253 3699 1480 3771 digessit
1512 3702 1565 3756 in
1601 3703 1866 3767 ordinem,
1905 3718 2079 3774 eaque

519 3791 735 3846 ornavit
762 3810 778 3857 ;
810 3793 902 3862 qui
931 3802 984 3848 et
1011 3799 1223 3846 montes
1256 3791 1536 3861 aequaliter
1561 3791 1798 3857 libravit,
1833 3800 1887 3846 et
1920 3793 2077 3861 aquis

519 3878 776 3932 terminos
818 3876 1173 3947 praescripsit,
1221 3886 1274 3932 et
1318 3877 1573 3933 omnibus
1618 3893 1738 3948 quae
1780 3878 1833 3931 in
1875 3878 2076 3934 mundo

517 3976 667 4030 sunt,
699 3981 856 4021 suum
889 3968 1191 4038 designavit
1220 3969 1464 4023 ordinem
1503 3987 1516 4022 :
1550 3969 1642 4038 qui
1673 3977 1842 4024 totum
1871 3969 2070 4023 coelum

516 4057 729 4113 modica
759 4057 926 4113 totius
954 4074 1066 4114 suae
1095 4059 1382 4129 potestatis
1417 4059 1680 4128 particula
1714 4075 1830 4114 com
1841 4063 2071 4131 prehen-

515 4147 598 4202 dit
630 4162 826 4218 :quam
858 4163 1038 4204 sermo
1072 4150 1421 4219 propheticus
1452 4148 1676 4219 ﬁgurate
1707 4151 1942 4218 palmum
1974 4169 2070 4224 ap-

515 4241 752 4310 pellavit.
794 4241 950 4297 Unde
978 4250 1346 4311 congruenter
1390 4242 1684 4311 Apostolus
1707 4241 1905 4311 adjecit
1939 4263 1951 4298 :
1987 4245 2072 4299 Ea:

584 4421 630 4490 τ’
659 4421 679 4475 Ι
707 4420 834 4477 Cor.
864 4437 982 4484 vm,
1014 4421 1068 4476 6.
1141 4422 1186 4453 °°
1219 4419 1376 4475 Rom.
1411 4439 1484 4487 xI,
1514 4422 1601 4478 56.
1677 4422 1718 4453 ⁶¹
1752 4422 1883 4476 ibid.
1913 4421 2001 4482 54,
2032 4422 2140 4488 36;
2173 4423 2275 4479 lsa.
2311 4439 2399 4490 κι,
2434 4424 2517 4479 l5.

513 4491 556 4521 '“
585 4489 730 4547 Psal.
761 4506 956 4557 xxxtu,
987 4493 1070 4546 15.
1143 4491 1189 4523 ⁸⁸
1222 4490 1366 4547 Psal.
1401 4509 1560 4558 nui,
1591 4495 1644 4551 3.
1719 4493 1764 4524 "
1797 4493 1897 4548 lsa.
1932 4510 2019 4560 ιι,
2052 4495 2074 4547 l

2214 4495 2258 4525 ⁸⁷
2289 4489 2442 4550 Ιοαίη.
2474 4510 2528 4557 v,
2556 4493 2648 4550 20.

2189 1965 2218 2017 6
2269 1960 2583 2024 Ἀπόστολος
2619 1962 2685 2012 ὲκ
2733 1959 2830 2028 τῆς
2874 1957 3206 2030 προφητείας
3253 1956 3345 2009 τοῦ
3402 1956 3620 2009 ’11σαῖου
3665 1955 3750 2022 τὸ,

2195 2054 2290 2119 Τίς
2317 2052 2468 2122 ἔγνω
2497 2050 2648 2106 νοῦν
2671 2050 2927 2118 Κυρίου;
2949 2048 3045 2102 καὶ
3074 2049 3164 2114 τίς
3191 2049 3532 2118 σύμϐουλος
3563 2046 3751 2100 αὐτοῦ

2188 2143 2457 2214 ἐγένετο;
2485 2143 2781 2213 ἐπήγαγεν·
2812 2141 2941 2203 ἸΟτι
2968 2139 3036 2204 ἐξ
3073 2138 3278 2200 αὑτοῦ.
3310 2138 3406 2192 καί
3435 2137 3507 2190 δι’
3539 2137 3751 2202 αὐτοῦ,

2189 2236 2286 2290 καὶ
2317 2238 2403 2302 εἰς
2434 2233 2619 2289 αὐτὸν
2654 2233 2727 2287 τὰ
2755 2231 2970 2286 πάντα.
3009 2232 3186 2304 "Amp
3216 2231 3298 2284 ὅτι
3327 2231 3452 2302 περὶ
3483 2229 3577 2284 τοῦ
3610 2229 3752 2284 Θεοῦ

2187 2329 2360 2397 Λόγου
2381 2327 2474 2381 τοῦ
2495 2325 2824 2399 δημιουργοῦ
2847 2326 3024 2396 πάσης
3044 2323 3272 2387 κτίσεως
3297 2322 3508 2396 εἴρηται
3525 2321 3600 2393 τῷ
3624 2339 3754 2393 προ-

2190 2421 2450 2492 φήτῃ,.ὲκ
2477 2419 2584 2472 τῶν
2614 2419 2842 2472 κατόπιν
2868 2418 2976 2489 (55)
3005 2417 3071 2472 ἂν
3104 2417 3313 2489 μάθοις.
3340 2417 3440 2484 Τίς
3459 2417 3754 2485 ἐμέτρησε

2188 2510 2261 2579 τῇ
2289 2511 2434 2581 χειρὶ
2460 2511 2523 2565 τὸ
2551 2511 2725 2578 ὕδωρ,
2762 2510 2859 2564 καὶ
2885 2510 2991 2563 τὸν
3023 2511 3281 2579 οὐρανὸν
3323 2508 3611 2578 σπιθαμῇ,
3647 2509 3750 2562 καὶ

2188 2601 2391 2656 πᾶσαν
2433 2601 2546 2681 τὴν
2588 2600 2704 2671 γῆν
2732 2601 2934 2669 δρίικί;
2995 2601 3084 2667 Τίς
3127 2601 3353 2666 ἔστησε
3395 2599 3468 2652 τὰ
3521 2599 3622 2668 ὄρη
3681 2599 3754 2652 ὲν

2187 2693 2426 2764 σταθμῷ
2455 2692 2552 2747 καὶ
2602 2695 2706 2759 τὰς
2744 2694 2935 2760 νάπας
2964 2694 3034 2746 ἐν
3076 2691 3255 2763 Curti);
3299 2693 3391 2759 Τίς
3418 2691 3568 2762 ἔγνω
3598 2691 3753 2746 νοῦν

2187 2786 2424 2854 Κῳίου,
2479 2784 2576 2840 καὶ
2621 2786 2708 2852 τίς
2761 2787 3105 2856 σύμϐουλος
3148 2784 3333 2838 αὑτοῦ
3367 2782 3636 2854 ἐγένετω
3675 2783 3754 2837 Τδ

2187 2877 2312 2949 γὰρ,
2350 2878 2440 2943 τίς
2462 2876 2695 2931 ἐνταῦθα
2732 2878 2852 2947 οὑχί
2881 2876 2941 2930 τὸ
2966 2876 3166 2948 ἄπορον
3197 2874 3494 2940 παντελῶς,
3523 2875 3658 2929 ἀλλὰ
3687 2875 3750 2928 τὸ

2189 2971 2412 3023 σπάνιον
2441 2969 2607 3040 δηλοῖ,
2656 2970 2731 3034 ὡς
2771 2971 2862 3023 ἐπὶ
2907 2969 2998 3023 τοῦ
3025 2985 3036 2999 ·
3077 2970 3169 3035 Τίς
3200 2967 3606 3034 ἀναστήσεταί
3649 2985 3752 3034 μοι

2185 3061 2283 3116 ἐπὶ
2311 3062 2826 3132 πονηρευομένους
2843 3063 2952 3132 (54)
2975 3079 2988 3127 ;
3012 3062 3230 3128 καί,Τίς
3254 3062 3421 3115 ἐστιν
3439 3060 3752 3129 ἅνθρωπος

2189 3157 2220 3207 ό
2251 3155 2439 3209 θέλων
2467 3153 2651 3220 (mur;
2692 3155 2802 3217 καὶ,
2840 3155 2932 3219 Τίς
2975 3153 3335 3220 ἀναϐήσεται
3368 3155 3453 3220 εἰς
3495 3153 3559 3207 τὸ
3607 3152 3751 3221 ὄρος

2189 3245 2293 3297 τοῦ
2334 3245 2588 3312 Kvplov;
2614 3243 2769 3298 υῦτω
2801 3244 2864 3316 δὴ
2899 3239 2991 3297 οῦν
3031 3245 3123 3298 καὶ
3155 3243 3384 3297 ἐνταῦθά
3415 3244 3550 3310 ἐστι,
3589 3244 3686 3310 Τίς
3718 3247 3752 3298 d

2186 3335 2355 3402 εἰδὼς
2379 3335 2486 3389 τὸν
2511 3335 2660 3390 νοῦν
2688 3335 2793 3390 τοῦ
2822 3337 3064 3405 Κυρίου.
3099 3337 3194 3390 καὶ
3220 3335 3330 3404 τῆς
3360 3333 3596 3403 ,βουλῆς
3633 3338 3750 3391 αὑ-

2183 3427 2290 3480 τοῦ
2315 3427 2596 3492 κοινωνός
2619 3442 2637 3488 ,'
2673 3427 2734 3480 '0
2763 3427 2871 3496 γὰρ
2893 3426 3091 3495 Πατὴρ
3119 3427 3315 3497 ἀγαπᾷ
3348 3427 3452 3481 τὸν
3466 3428 3618 3495 Υιὸν,
3644 3426 3750 3482 καί

2180 3516 2373 3572 πάντα
2399 3517 2710 3572 δείκνυσιν
2733 3517 2910 3584 αὐτῷ.
2937 3513 3102 3582 Οὗτός
3137 3520 3282 3572 ἐστιν
3308 3521 3336 3573 6
3376 3518 3608 3590 συνέχων
3646 3520 3750 3590 τὴν

2179 3611 2302 3682 γῆν,
2331 3610 2426 3664 καὶ
2451 3611 2939 3683 περιδεδραγμένος
2965 3611 3165 3681 αὐτῆς
3207 3614 3235 3664 6
3273 3614 3351 3675 εἰς
3384 3611 3534 3678 τάξιν
3567 3611 3750 3666 πάντα

2179 3702 2274 3755 καί
2303 3700 2659 3774 διακόσμησιν
2692 3702 2946 3771 ἀγαγὼν’
2986 3702 3015 3755 6
3051 3702 3144 3756 καὶ
3187 3701 3367 3773 ὄρεσιν
3403 3701 3746 3772 ἰσορροπίαν,

2178 3794 2269 3847 καί
2302 3792 2454 3847 ῦδασι
2501 3794 2700 3867 μέτρα,
2740 3795 2836 3848 κα)¹
2869 3795 3000 3848 πᾶσι
3047 3797 3158 3858 τοῖς
3205 3797 3262 3848 ὲν
3296 3792 3374 3864 τῷ
3406 3793 3592 3864 κόσμῳ
3639 3796 3749 3866 τὴν

2177 3886 2379 3941 οἰκείαν
2403 3886 2555 3952 τάξιν
2584 3886 2979 3959 ἀποκληρώσας
3010 3887 3122 3958 (55)
3142 3903 3155 3916 ο
3184 3886 3213 3940 6
3248 3886 3339 3940 τὸν
3370 3885 3594 3957 οὐρανὸν
3619 3885 3747 3940 ὅλον

2180 3978 2357 4049 μικρῷ
2390 3979 2541 4051 μέρει
2563 3979 2661 4050 τῆς
2686 3980 2813 4052 ὅλης
2838 3979 3028 4034 ἑαυτοῦ
3053 3979 3332 4048 δυνάμεως
3358 3978 3643 4049 περιέχων,
3677 3980 3746 4050 ἦν

2178 4067 2453 4138 σπιθαμὴν
2486 4069 2762 4138 τροπικῶς
2805 4072 2834 4123 6
2881 4069 3214 4140 προφητικὸς
3262 4067 3508 4138 ὠνόμασε
3561 4068 3744 4137 λόγος.

2178 4157 2339 4212 Ὅθεν
2371 4159 2584 4222 οἰκείως
2627 4161 2904 4231 ἐπήγαγεν
2934 4162 2962 4213 6
3008 4157 3323 4222 Ἀπόστολος
3366 4157 3446 4222 τὸ,
3497 4158 3591 4222 Ἐξ
3626 4162 3745 4215 αὑ-

2175 4250 2300 4313 τοῦ,
2331 4249 2427 4304 καί
2456 4249 2528 4302 δι’
2557 4251 2742 4304 αὑτοῦ
2763 4291 2776 4316 ,
2812 4252 2906 4306 καί
2943 4253 3028 4317 εἰς
3054 4250 3241 4306 αὑτὸν
3279 4251 3350 4306 τὰ
3394 4250 3606 4306 πάντα.
3652 4255 3748 4321 Ἐξ

2595 4424 2640 4502 ξι
2668 4422 2772 4480 lsa.
2806 4437 2895 4492 ιι,
2927 4423 3015 4490 te,
3047 4425 3131 4482 ιδ.
3207 4429 3253 4462 ει
3279 4430 3422 4490 Psal.
3456 4445 3605 4502 xcm,
3643 4439 3741 4496 ιδ.

832 4604 1030 4690 καινή.
1063 4604 1179 4690 Duo
1207 4606 1426 4663 codices
1461 4623 1591 4663 mss.
1625 4619 1679 4663 et
1713 4607 1854 4663 alius
1898 4609 2069 4678 prima
2103 4613 2145 4666 D
2175 4609 2412 4680 pretari:
2446 4609 2710 4690 Quoniam
2748 4625 2816 4690 eg
2859 4611 2972 4690 ipso
3005 4621 3066 4690 _et
3111 4631 3201 4684 per
3231 4617 3399 4685 ipsum
3429 4629 3477 4673 et
3530 4621 3584 4674 in
3616 4621 3744 4690 ipso

511 4673 684 4747 manu;
713 4673 910 4747 habent
944 4673 1165 4747 n’xsvﬁ.

582 4742 691 4816 (5t)
717 4738 820 4810 Εἷς
849 4738 1010 4820 Θερξ.
1031 4738 1216 4820 _'l‘otus
1243 4747 1342 4820 hic
1363 4749 1622 4820 locusisic
1656 4748 1853 4820 legitur
1879 4749 1931 4802 in
1963 4746 2071 4802 Re-

507 4809 599 4894 gio
619 4809 820 4894 quarto
852 4833 870 4894 :_
899 4809 993 4894 Εζξ
1023 4815 1153 4894 Θεος
1179 4818 1447 4894 ὁ-ῐΙατῂρ,
1477 4818 1537 4884 ἐξ
1565 4813 1624 4873 οῦ
1651 4809 1946 4894 τὰῖπᾲντα.
1979 4820 2073 4894 καὶ

511 4882 772 5006 δι’
811 4883 1008 4938 αὐτοῦ·
1047 4888 1139 4941 καὶ
1185 4884 1264 4952 εἰς
1299 4882 1612 4960 Κύ’ῥιος.ζ...
1661 4890 1753 4942 καὶ
1785 4891 1943 4961 ἡμεῖς
1991 4891 2070 4951 εἰς

510 4970 690 5008 αυτον.

580 5023 691 5099 (52)
721 5026 1083 5099 Συνήγατεν.
1129 5028 1347 5083 Addunt
1391 5029 1520 5099 editi
1547 5028 1655 5099 γὰρ
1685 5031 1797 5092 καί,
1841 5028 1934 5084 sed
1984 5028 2067 5083 lue

509 5096 714 5149 vocula:
763 5096 979 5153 absu‘nt'
1015 5100 1083 5154 ab
1137 5099 1374 5154 antiuuis
1424 5096 1724 5154 codicibus.
1779 5099 2061 5153 Erasmum

507 5165 683 5239 carpit
717 5164 1098 5239 Combeﬁsius,
1141 5164 1282 5239 quod
1325 5169 1637 5239 ἀμφοτέρας
1677 5169 2063 5239 interpretatur

509 5237 1175 5316 ambas,“ac_reddendum
1203 5253 1342 5316 esse
1357 5237 1645 5316 contendit
1656 5237 1935 5316 utrasque
1957 5247 2058 5316 tres

507 5305 671 5372 ipsas.
703 5304 871 5362 Venia
905 5325 1014 5365 non
1043 5315 1254 5364 careret
1293 5309 1602 5364 observatio
1629 5304 1960 5373 Combelisii,
2009 5308 2055 5362 si

506 5373 662 5447 illud,
691 5377 770 5447 εἰς
819 5379 1004 5447 αὐτόν,
1035 5379 1173 5435 idem
1215 5386 1360 5434 esset
1391 5393 1454 5432 ac
1490 5380 1544 5432 in
1568 5379 1698 5447 ipso.
1733 5377 1884 5431 Tunc
1909 5378 2053 5433 enim

505 5445 700 5499 inerito
722 5445 999 5504 diceretur
1036 5449 1269 5504 Basilius
1294 5456 1414 5531 tres
1447 5448 1568 5531 illas
1589 5445 1858 5531 loquendi
1889 5448 2054 5528 ratio-

506 5529 628 5579 nes,
661 5531 725 5569 ea:
747 5533 868 5586 quo,
895 5535 987 5588 per
1012 5536 1183 5590 quem,
1208 5519 1339 5574 et‘in
1358 5535 1480 5588 quo,
1505 5518 1572 5572 de
1597 5521 1794 5588 quibus
1821 5533 1941 5572 eum
1971 5518 2053 5572 in-

504 5591 589 5637 ter
609 5593 664 5640 et
686 5585 1208 5644 Pneumatomacbos
1232 5598 1350 5643 erat
1371 5589 1762 5654 controversia,
1792 5603 1856 5643 ex
1885 5585 2055 5641 Paulo

503 5654 807 5732 collegisse.
845 5658 915 5711 At
971 5658 1125 5722 illud,
1175 5659 1256 5732 εἰς
1287 5659 1552 5732 αὐτόνηίη
1599 5660 1799 5732 ipsum,
1842 5657 2054 5732 sive_a_d

504 5727 695 5791 ipsum,
729 5740 834 5781 non
859 5734 976 5782 erat
1013 5729 1239 5783 materia
1260 5728 1662 5783 cavillationum
1693 5731 1761 5784 ab
1789 5727 2056 5782 haereticis

503 5793 864 5852 inventarum.
896 5795 1050 5854 Unde
1095 5799 1266 5854 miror
1299 5796 1357 5852 S.
1388 5799 1733 5855 Ambrosium
1778 5800 1854 5855 sic
1886 5800 2052 5854 iutcr-

2173 4678 2292 4734 sunt
2324 4682 2520 4759 omnia,
2542 4708 2544 4711 -
2568 4680 2661 4736 lib.
2699 4696 2737 4734 ιι
2769 4678 2846 4759 De
2875 4678 3077 4759 Spiritu
3106 4678 3316 4759 saucio,
3341 4704 3459 4759 cap.
3488 4690 3558 4757 9;
3603 4678 3740 4749 ciam

2173 4751 2469 4830 praesertim
2499 4761 2750 4830 sanctus
2771 4751 2962 4805 doctor
2993 4753 3122 4830 illud
3151 4756 3231 4830 εἰς
3261 4751 3423 4812 αὐτόν
3448 4751 3743 4830 εἰς’νκριί-

2170 4827 2278 4891 get,
2307 4821 2462 4890 quasi
2497 4821 2636 4876 idem
2670 4821 2844 4891 valeat
2874 4837 2936 4875 ac
2963 4824 3144 4879 omnia
3182 4827 3234 4879 in
3265 4843 3386 4882 eum
3425 4821 3736 4891 intuentur.

2171 4888 2300 4960 Ejus
2325 4888 2494 4944 verba
2531 4905 2652 4960 mox
2692 4889 2943 4946 referam.

2240 4960 2349 5038 (55)
2400 4961 2499 5013 Ἐκ
2522 4959 2641 5038 τῶν
2664 4961 3216 5038 κατόπινῖμΕΓαειηυε
3251 4986 3262 5021 :
3291 4984 3354 5021 ea:
3373 4969 3452 5024 Itis
3473 4986 3587 5038 qua:
3607 4973 3738 5026 sub.

2160 5028 2402 5110 jiciun’t;
2442 5029 2574 5110 sed,
2615 5039 2673 5084 ut
2709 5046 2850 5101 saepe
2889 5031 3045 5098 alias,
3096 5035 3178 5110 ita
3211 5038 3298 5092 hic
3335 5028 3550 5110 quoque
3576 5039 3735 5098 desi-

2166 5109 2404 5169 gnantur
2466 5100 2568 5178 hac
2601 5100 2917 5178 voce,_’qua:
2948 5115 3103 5178 ⁸τεοῖο
3136 5107 3249 5178 sive
3297 5100 3532 5178 superius
3579 5110 3733 5168 dicta

2165 5181 2306 5251 sunt,
2331 5182 2419 5251 _u_t__
2444 5174 2710 5251 observat
2736 5171 3114 5251 Combelisius.
3149 5175 3271 5251 Mox
3314 5171 3372 5232 ἐν
3407 5182 3731 5251 ρτωροεὶιὶο

2164 5237 2249 5294 bis
2279 5241 2460 5294 addita
2490 5257 2554 5296 ex
2585 5240 2800 5296 duobus
2825 5241 2977 5298 libris
3007 5247 3298 5303 veteribus.

2203 5308 2908 5431 égifg-Homevoyérovc.
2927 5312 3155 5373 Codices
3175 5317 3414 5390 quinque
3436 5337 3730 5395 πονηρευο-

2162 5392 2362 5449 μενοις.
2470 5392 2474 5398 ·

2229 5449 2340 5533 (55)
2384 5451 2859 5533 ᾈςτοκληρώσαςῖ
2888 5454 2980 5510 Sic
3029 5459 3504 5533 utraqueeditio;
3557 5471 3725 5533 atque

2161 5517 2303 5600 hanc
2324 5517 2650 5600 lectionem;
2669 5532 2727 5579 ut
2754 5517 3014 5600 aptiorem
3036 5535 3089 5580 et
3113 5517 3558 5600 signiticatiorem
3589 5517 3718 5588 reti:

2161 5594 2401 5665 nuimus,
2433 5594 2684 5665 quamvis
2741 5597 2981 5665 quinque
3026 5594 3246 5653 codic'es
3295 5616 3427 5657 mss.
3485 5602 3722 5658 habeant

2161 5611 2401 5651 "ulmus,
2437 5611 2684 5661 quamVIs
2781 5611 2981 5665 umque
3026 5611 3246 5653 coutces
3295 5616 3427 5657 mss.
3486 5611 3721 5658 habeant

2156 5659 2580 5742 ἐστο-πληρώσας.
2603 5611 2773 5742 Quod
2818 5667 2980 5742 etiam
3015 5667 3186 5736 prima
3219 5683 3383 5742 manu
3421 5674 3629 5729 exstitit
3656 5673 3721 5727 in

2161 5731 2494 5801 Colbertiuo,
2527 5734 2621 5790 sed
2657 5744 2840 5807 postea
2871 5731 3091 5793 inducta
3123 5741 3370 5796 mutatio.
