3908 6546
1229 466 1428 524 LIBER
1466 467 1552 524 DE
1593 467 1865 526 SPlRlTU
1906 469 2195 528 SA'NCTO.

3251 464 3336 520 82’

205 585 319 642 αὑτοῦ
343 583 432 655 γὰρ
453 585 554 647 τοῖς
582 578 728 637 οὖσιν
760 584 793 654 ἡ
826 583 970 637 alsia
998 585 1090 638 τοῦ
1125 579 1262 640 εἶναι
1305 587 1444 640 κατὰ
1487 587 1546 641 τὸ
1580 586 1662 640 Θέ-

1770 587 1898 656 ipso,
1931 596 1981 641 et
2023 603 2114 657 per
2146 589 2338 657 ipsum,
2374 592 2425 639 et
2470 584 2524 639 in
2572 583 2742 653 ipsum
2792 579 2968 635 omnia
3008 579 3075 635 ".
3110 578 3188 634 Ex
3217 580 3321 638 hoc

202 681 305 748 λημα
327 675 404 728 τοῦ
429 674 551 728 Θεοῦ
590 676 681 729 καὶ
717 677 926 747 Πατρὸς
968 677 1192 745 γίνεται.
1244 679 1320 732 Δι’
1359 679 1521 733 αὐτοῦ
1558 683 1669 744 τοῖς

200 770 318 821 πᾶσιν
339 766 366 836 ή
389 765 595 836 διαμονὴ
624 765 714 817 καὶ
754 767 787 836 ἡ
822 766 1106 830 σύστασις·
1151 768 1244 821 τοῦ
1280 770 1564 834 κτίσαντος
1601 771 1670 825 τά

197 860 341 920 cana,
362 858 439 911 καὶ
463 858 525 911 τά
549 857 681 929 πρὸς
707 859 976 930 σωτηρίαν
1002 861 1214 933 ἑκάστῳ
1232 861 1339 916 τῶν
1363 865 1668 935 γενομένων

196 947 553 1019 ἐπιμετροῦντος.
584 949 672 1008 Διὸ
693 949 757 1020 δὴ
791 951 886 1003 καὶ
911 953 990 1015 εἰς
1017 953 1179 1006 αὐτὸν
1207 954 1575 1028 ὲπέστραπται
1601 954 1669 1009 τὰ

198 1041 432 1111 σύμπαντα,
453 1042 653 1111 ἀσχέτῳ
675 1041 785 1111 (56)
806 1043 914 1095 τινὶ
939 1045 1084 1114 πόθῳ
1108 1047 1199 1098 καὶ
1222 1047 1444 1118 ἀρρήτῳ
1468 1051 1664 1119 στοργῇ

196 1134 290 1202 τρὶς
324 1133 399 1186 τὸν
438 1133 667 1203 ἀρχηγὸν
703 1135 800 1204 τῆς
833 1133 976 1206 ζωῆς
1024 1136 1116 1190 καὶ
1161 1142 1392 1209 χορηγὸν
1433 1139 1665 1194 ἀποϐλέ-

194 1241 328 1285 ποντα,
361 1221 482 1275 κατά
523 1223 583 1276 τὸ
612 1225 1027 1295 γεγραμμένον·
1077 1230 1140 1281 Ol
1189 1230 1478 1300 ὀφθαλμοὶ
1521 1230 1669 1287 πάν-

189 1333 270 1368 των
286 1317 356 1380 εις
377 1315 442 1368 σὲ
465 1314 766 1376 ἐλπίζουσι
786 1334 800 1347 °
835 1319 925 1370 καὶ
964 1319 1155 1380 πάλιν·
1178 1321 1377 1375 Πάντα
1408 1323 1557 1390 πρὸς
1594 1324 1668 1378 σὲ

189 1405 487 1470 προσδοκῶσι
508 1423 521 1436 ο
567 1409 682 1472 καὶ,
736 1407 1010 1478 Ἀνοίγεις
1046 1410 1127 1464 σὺ
1171 1411 1284 1480 τὴν
1323 1411 1492 1482 χεῖρά
1527 1430 1664 1478 σου,

190 1495 254 1546 zal
273 1494 530 1564 ἐμπιπλᾷς
561 1493 685 1550 πᾶν
707 1494 853 1556 ζῶον
883 1498 1179 1566 εὐδοκίας.
1404 1498 1420 1504 ’

229 1761 267 1815 8.
299 1762 350 1815 Ei
381 1762 431 1816 δὲ
458 1762 586 1833 πρὸς
615 1763 822 1836 ταύτην
856 1767 1010 1838 ἡμῶν
1041 1769 1138 1841 τὴν
1170 1771 1393 1845 ἐκδοχὴν
1427 1775 1667 1831 ἐνίσταν-

183 1869 257 1915 ται,
278 1852 341 1914 τίς
361 1855 542 1917 αὐτοὺς
572 1855 917 1927 ἐξαιρήσεται
944 1859 1098 1929 λόγος
1126 1863 1219 1916 τοῦ
1248 1865 1322 1937 μὴ
1355 1866 1472 1937 οὐχὶ
1501 1885 1663 1937 φανε-

1767 679 2030 750 siquidem
2067 680 2132 735 iis
2163 694 2282 749 qua:
2322 683 2470 740 sunt,
2502 689 2668 731 causa
2700 680 2759 729 ut
2782 673 2893 729 sint
2931 680 3135 737 manat,
3167 673 3324 743 juxta

1766 771 2098 826 voluntatem
2123 768 2214 826 Dei
2241 777 2294 826 et
2310 768 2510 824 Patris.
2537 765 2642 822 Per
2671 767 2850 839 ipsum
2874 773 3226 839 perseverant
3259 779 3323 820 ac

1766 863 2073 919 consistunt
2134 861 2354 927 omnia;
2420 859 2796 917 universorum
2854 857 3134 916 conditore
3195 856 3322 910 uni-

1766 953 1964 1023 cuique
1991 953 2070 1010 rei
2099 961 2300 1009 creatae
2334 967 2397 1008 ea
2437 953 2602 1008 etiam
2638 967 2760 1023 qua:
2793 951 2857 1006 ad
2910 949 2996 1006 sui
3030 954 3322 1005 conserva-

1766 1046 1968 1101 tionem
2015 1045 2329 1102 necessaria
2398 1051 2524 1100 sunt
2591 1043 2925 1100 dimetiente.
2984 1040 3324 1112 Quapropter

1767 1153 1897 1193 sane
1940 1139 2100 1194 etiam
2163 1121 2417 1193 univei‘sa
2478 1152 2601 1192 sese
2649 1137 2716 1191 ad
2765 1135 2916 1191 illum
2975 1139 3319 1195 convertunt,

1766 1227 2066 1283 invincibili
2115 1236 2278 1299 atque
2322 1227 2610 1283 insedabili
2639 1215 2874 1298 quodam
2928 1224 3224 1289 desiderio,
3268 1229 3326 1276 ct

1766 1331 1968 1372 arcano
2023 1315 2217 1372 affectu
2275 1315 2343 1371 ad
2391 1323 2667 1371 auctorem
2713 1326 2768 1370 et
2832 1314 3147 1384 largitorem
3201 1311 3323 1365 vitae

1765 1410 2134 1479 respicientia,
2163 1410 2325 1480 juxta
2356 1409 2487 1463 illud
2525 1407 2668 1481 quod
2706 1394 2966 1478 scriptum
3006 1413 3089 1461 est
3123 1420 3136 1455 :
3171 1402 3350 1459 Oculi-

1765 1501 1996 1554 omnium
2040 1502 2094 1555 in
2125 1510 2172 1556 te
2202 1511 2416 1571 sperant
2441 1501 2521 1566 ⁸⁹;
2557 1507 2610 1554 et
2639 1513 2856 1554 rursum
2911 1514 2925 1549 :
2968 1495 3162 1552 Omnia
3203 1511 3236 1548 a
3277 1503 3326 1548 te

1764 1598 2063 1658 exspectant
2093 1591 2138 1622 9°
2168 1609 2183 1657 ;
2211 1599 2264 1644 et
2295 1609 2307 1644 :
2338 1590 2522 1659 Aperis
2545 1602 2599 1642 tu
2625 1605 2837 1644 manum
2871 1596 3037 1652 tuam,
3055 1594 3105 1640 et
3141 1583 3324 1652 imples

1765 1698 1914 1737 omne
1942 1683 2139 1737 animal
2169 1682 2516 1738 benedictione
2543 1683 2613 1739 ".

1835 1773 1889 1828 8.
1922 1772 2077 1840 Quod
2111 1775 2157 1830 si
2197 1775 2459 1830 adversus
2485 1775 2625 1828 hanc
2656 1780 2899 1828 nostram
2927 1769 3323 1842 expositionem

1768 1863 2067 1929 instabunt,
2123 1880 2242 1934 qua:
2311 1866 2431 1920 illos
2492 1865 2630 1919 ratio
2686 1863 2959 1926 liberabit,
3030 1860 3324 1932 quominus

184 1943 258 2013 ρώς
279 1945 457 2008 ἑαυτοῖς
485 1949 868 2019 περιπίπτειν;
894 1953 956 2005 Et
985 1954 1092 2025 γὰρ
1123 1955 1196 2026 μὴ
1226 1929 1322 2010 ι’πὶ
1344 1929 1662 2031 τοῦΙΚῦρίου

1770 1955 2039 2011 evidenter
2076 1955 2130 2009 in
2160 1971 2219 2010 se
2249 1957 2398 2026 ipsos
2429 1955 2747 2010 incurrant?
2771 1953 2982 2008 Etenim
3015 1953 3062 2007 si
3094 1967 3325 2008 conces-

181 2033 345 2087 δώσουσι
363 2037 450 2100 τὰς
472 2043 618 2109 τρεῖς
655 2041 904 2113 εἰρῆσθαι
934 2047 1135 2113 φωνὰς,
1158 2049 1257 2118 τήν
1283 2065 1341 2101 τε
1370 2049 1438 2114 ἐξ
1461 2051 1665 2116 αὑτοῦ,

183 2127 245 2179 καὶ
279 2127 336 2180 δι’
363 2131 553 2196 αὐτοῦ,
586 2134 686 2186 καὶ
724 2137 812 2201 εις
857 2137 1043 2192 αὑτὸν
1093 2138 1227 2211 (57),
1259 2141 1471 2214 ἀνάγκη
1518 2144 1668 2199 πᾶσα

181 2221 476 2288 προσοικειοῦν
508 2224 585 2294 τῷ
608 2223 729 2296 Θεῷ
749 2228 844 2280 καὶ
881 2229 1075 2301 Πατρί.
1113 2232 1205 2286 Ἐκ
1232 2232 1286 2286 δὲ
1314 2235 1502 2288 τούτου
1537 2254 1668 2308 προ-

180 2310 298 2381 δήλως
320 2313 480 2378 αὐτοῖς
506 2315 850 2372 διαπεσεῖται
886 2321 946 2373 τὸ
976 2323 1369 2394 παρατήρημα.
1403 2325 1665 2396 Εὑρίσκε-

181 2419 237 2453 ιιι
257 2404 339 2474 γὰρ
371 2407 424 2458 οὔ
461 2407 620 2476 μόνον
653 2409 715 2462 τὸ
749 2409 818 2474 ἐξ
846 2407 939 2476 οὗ,
969 2412 1103 2467 ἀλλὰ
1137 2415 1229 2467 καὶ
1265 2416 1323 2468 τὸ
1351 2416 1424 2469 δι’
1449 2412 1542 2482 οὗ,
1591 2416 1666 2488 τῷ

179 2493 301 2566 [Izth
335 2499 746 2569 προσαγόμενον.
782 2503 956 2574 Ὅπερ
996 2507 1044 2558 εἰ
1094 2505 1191 2575 μὲν
1233 2507 1384 2560 οὐδὲν
1415 2509 1665 2564 ταπεινὸν

178 2588 393 2655 ἐμφαίνει,
438 2593 486 2644 τί
536 2593 740 2664 δήποτε
789 2595 865 2659 ὡς
922 2597 1307 2669 ὑποδεέστερον
1349 2598 1664 2670 ἀφορίζουσι

260 2680 377 2752 Υἱῷ;
421 2686 464 2736 εἰ
502 2685 558 2739 δὲ
606 2687 828 2751 πάντως
873 2689 988 2742 ἐστὶ
1031 2689 1303 2755 διακονίας
1349 2692 1662 2763 δηλωτικὸν,

176 2770 584 2842 ἀταρινάσὸωσαν
635 2780 794 2849 ἡμῖν’
833 2779 890 2833 'U
927 2781 1057 2846 Θεὸς
1096 2783 1195 2853 τῆς
1229 2784 1384 2855 δόξης
1421 2785 1513 2838 καὶ
1558 2787 1666 2838 Πα-

173 2861 244 2930 τὴρ
277 2864 351 2918 τοῦ
391 2868 620 2936 Χριστοῦ
678 2871 824 2935 τίνος
870 2873 1015 2927 ἐστὶν
1061 2873 1316 2944 ἄρχοντος
1355 2875 1661 2946 ὑπηρέτης;

181 2949 348 3007 Ἐκεῖνοι
383 2957 472 3024 μὲν
507 2953 602 3011 οῦν
638 2958 812 3022 οὕτως
852 2961 940 3029 ὑφ’
979 2963 1184 3016 ἑαυτῶν
1225 2965 1661 3036 περιτρέπονται,

173 3043 262 3110 ἡμῖν
290 3044 335 3097 δὲ
365 3047 696 3119 ἑκατέρωθεν
733 3051 790 3104 τὸ
822 3053 1036 3122 ἰσχυρὸν
1083 3055 1499 3127 φυλαχθήσεται.
1542 3059 1663 3113 Ἐάν

170 3135 307 3206 τεγὰρ
329 3143 504 3212 νικήσῃ
529 3143 664 3213 περὶ
694 3143 785 3196 τοῦ
828 3145 955 3198 Υἱοῦ
989 3143 1125 3200 εἶναι
1170 3147 1260 3200 τὸν
1295 3128 1472 3216 λόγον,
1511 3151 1665 3222 εὑρε-

171 3224 330 3295 θήσεται
363 3232 416 3284 τὸ
440 3234 505 3297 ἐξ
533 3231 607 3291 οὗ
643 3234 719 3305 τῷ
749 3236 860 3306 rus
900 3239 1277 3310 προσαρμόζον
1303 3257 1314 3269 ·
1363 3240 1458 3294 ὲάν
1497 3242 1555 3294 τέ
1582 3261 1663 3306 τις
1691 3276 1732 3332 C

172 3318 379 3393 φιλονεικῇ
421 3325 526 3398 (58)
556 3327 657 3379 ἐπὶ
701 3327 791 3380 τὸν
824 3328 954 3382 Θεὸν
995 3330 1287 3403 ἀναφέρειν
1323 3331 1416 3386 τοῦ
1450 3336 1664 3404 προφή-

171 3423 233 3459 του
251 3414 327 3480 τὴν
356 3413 505 3482 λέξιν,
537 3416 706 3470 πάλιν
735 3416 832 3488 τὴν
863 3418 936 3472 δι’
963 3415 1033 3473 οὗ
1065 3421 1247 3490 φωνὴν
1275 3420 1351 3489 τῷ
1385 3422 1500 3494 Θεῷ
1530 3424 1662 3495 πρέ-

171 3515 254 3553 τείν
283 3502 449 3566 δώσει,
500 3509 596 3561 καὶ
639 3510 739 3578 τὴν
780 3507 898 3579 ἴσην
945 3509 1056 3574 ’ἐξει
1100 3510 1254 3576 ἀξίαν
1287 3511 1538 3584 ἑκατέρα,
1585 3514 1663 3585 τῷ

171 3591 268 3644 κατὰ
287 3595 360 3646 τὸν
385 3598 490 3651 ἴσον
515 3597 678 3666 λόγον
701 3599 792 3651 ἐπὶ
820 3599 951 3652 Θεοῦ
981 3599 1366 3672 παρειλῆφθαι.
1396 3603 1503 3656 Καὶ
1523 3603 1663 3656 οὕτω

168 3696 208 3744 γε
237 3685 458 3750 κάκείνως
492 3690 752 3760 ὁμότιμοι
794 3689 1048 3760 ἀλλήλαις
1089 3692 1541 3763 ἀναφανήσονται.
1578 3693 1662 3762 ἐφ’

168 3771 250 3835 ἑνὸς
270 3779 527 3848 προσώπου
556 3783 655 3836 καὶ
686 3781 779 3835 τοῦ
812 3783 974 3836 αὑτοῦ
1001 3785 1348 3855 τεταγμέναι.
1399 3786 1533 3839 Ἀλλ’
1571 3787 1661 3839 ἐπὶ

167 3861 206 3914 τὸ
234 3870 546 3941 προκείμενον
593 3873 995 3945 ἐπανέλθωμεν.

277 4132 480 4204 Γράφων
508 4142 536 4193 ό
580 4140 902 4205 Ἀπόστολος
933 4144 1066 4215 πρὸς
1107 4143 1385 4214 Ἐφεσίους
1407 4187 1421 4209 ,
1459 4147 1621 4217 φησίν
1642 4163 1655 4179 ⁸

177 4222 513 4322 ἀληθεύοντες
548 4231 622 4284 δὲ
648 4233 717 4284 ἐν
735 4233 952 4302 ἀγάπῃ,
978 4234 1333 4306 αὐξήσωμεν
1359 4241 1444 4305 εἰς
1476 4240 1661 4294 αὑτὸν

167 4314 220 4408 fit
241 4314 434 4408 adma,
471 4321 538 4387 ὅς
589 4321 764 4376 ἐστιν
794 4325 834 4392 ἡ
885 4327 1119 4395 κεφαλὴ
1161 4329 1442 4396 Χριστὸς,
1487 4331 1555 4395 ἐξ
1587 4327 1658 4387 οὗ

164 4406 250 4492 ἀτᾶν
270 4406 321 4460 τὸ
358 4408 517 4481 σῶμα
551 4419 1204 4487 συναρμολογούμενον
1240 4419 1338 4473 καὶ
1380 4422 1660 4492 συμϐιϐά-

163 4488 346 4561 (dum
387 4503 476 4557 διὰ
515 4505 724 4574 πάσης
753 4507 911 4576 ἀρῆς
942 4508 1048 4576 τῆς
1082 4488 1483 4581 ἐπιχορηγίας,
1531 4516 1655 4569 κατ’

1769 2048 1884 2103 suri
1920 2062 2027 2101 non
2058 2056 2185 2102 sunt
2215 2047 2283 2102 de
2335 2045 2564 2102 Domino
2593 2047 2765 2101 dictas
2805 2059 2928 2100 esse
2966 2043 3065 2099 has
3093 2053 3205 2098 tres
3231 2057 3326 2097 vo-

1765 2156 1878 2206 ces,
1925 2155 1990 2195 ea:
2026 2141 2161 2210 ipso,
2199 2150 2254 2195 et
2289 2155 2377 2209 per
2422 2141 2615 2208 ipsum,
2657 2147 2710 2193 et
2750 2139 2805 2191 in
2849 2137 3020 2206 ipsum
3050 2151 3069 2189 :
3102 2134 3324 2190 omnino

1765 2247 2048 2288 necessum
2076 2239 2184 2303 est,
2211 2239 2270 2285 ut
2303 2230 2411 2287 Deo
2456 2238 2508 2284 et
2541 2229 2690 2284 Patri
2732 2228 2950 2300 proprie
2991 2226 3320 2282 tribuantur.

1765 2322 1942 2393 Atque
1988 2323 2115 2377 hinc
2169 2323 2343 2392 palam
2393 2321 2695 2376 conciderit
2728 2320 2944 2374 illorum
2987 2315 3321 2373 observatio.

1767 2411 2052 2482 Reperitur
2083 2413 2224 2467 enim
2255 2427 2362 2466 nun
2395 2412 2575 2474 modo,
2613 2424 2676 2464 ex
2715 2425 2838 2480 quo,
2870 2406 2966 2463 sed
3005 2405 3191 2470 etiam,
3231 2421 3326 2477 per

1764 2521 1938 2574 quem,
1976 2503 2373 2559 accommodari
2417 2502 2482 2556 ad
2529 2501 2766 2556 Patrem.
2808 2499 2939 2566 Quae
2969 2513 3071 2554 vox
3111 2498 3162 2553 si
3185 2497 3328 2552 nihil

1766 2611 1875 2666 prae
1915 2611 1973 2650 se
2020 2594 2122 2650 fert
2154 2595 2376 2658 humile,
2405 2609 2566 2664 quam
2589 2591 2808 2647 tandem
2844 2593 2916 2646 ob
2945 2604 3169 2645 causam
3202 2602 3323 2644 eam

1764 2688 1910 2743 velut
1937 2686 2212 2742 inferioris
2241 2687 2525 2758 dignitatis
2567 2684 2853 2756 assignant
2885 2681 3062 2737 Filio?
3092 2680 3247 2748 Quod
3274 2679 3322 2736 si

1764 2780 1984 2834 omnino
2008 2779 2248 2834 declarat
2277 2777 2666 2841 ministerium,
2715 2773 3273 2850 respondeant'nobis
3307 2792 3322 2827 ι

1764 2871 1906 2928 Deus
1941 2871 2126 2942 gloriae
2171 2881 2224 2926 et
2269 2868 2428 2925 Pater
2466 2868 2694 2931 Christi.
2740 2867 2901 2937 cujus
2935 2866 3200 2937 principis
3241 2873 3324 2920 est

1765 2961 2044 3016 minister?
2077 2959 2242 3028 Igitur
2286 2961 2376 3016 isti
2408 2959 2626 3031 quidem
2661 2959 2719 3029 8
2747 2959 2814 3012 ad
2858 2958 3004 3012 hunc
3041 2956 3259 3011 modum
3292 2971 3322 3008 a

1765 3055 1958 3126 seipsis
1986 3054 2223 3124 undique
2247 3055 2658 3115 subvertuntur,
2685 3051 2842 3106 nobis
2869 3059 3047 3105 autem
3069 3051 3323 3120 utrinque

1763 3147 1906 3218 quod
1950 3146 2162 3201 ﬁrmum
2208 3153 2291 3199 est
2337 3143 2664 3199 servabitur.
2702 3141 2913 3197 Etenim
2952 3142 3066 3198 sive
3097 3141 3162 3197 de
3190 3140 3325 3196 Filio

1764 3239 1984 3296 evicerit
2009 3239 2213 3293 dictum
2245 3253 2364 3293 esse
2389 3235 2532 3307 quod
2566 3235 2934 3300 recitavimus,
2966 3233 3325 3305 compcrietur

1767 3333 1880 3386 haec
1925 3330 2214 3401 particula,
2257 3343 2321 3382 ea:
2358 3344 2479 3397 quo,
2515 3325 2652 3383 Filio
2681 3326 3018 3382 convenire:
3049 3327 3163 3381 sive
3200 3328 3322 3396 quis

1763 3425 2056 3479 contendat
2083 3423 2355 3494 propheta:
2386 3421 2547 3475 verba
2581 3419 2644 3473 ad
2671 3418 2836 3474 Deum
2865 3433 2986 3474 esse
3021 3416 3322 3480 referenda,

1765 3529 1957 3568 rursus
1982 3511 2244 3567 concedet
2292 3526 2477 3567 vocem
2513 3510 2673 3580 hanc,
2710 3526 2800 3578 per
2828 3525 3000 3580 quem,
3051 3507 3158 3563 Deo
3188 3523 3324 3563 con-

1763 3620 1991 3676 gruere;
2036 3613 2089 3660 et
2138 3610 2367 3673 utraque
2433 3618 2534 3657 vox
2596 3616 2778 3674 parem
2848 3600 3169 3671 dignitatem
3228 3599 3326 3654 ob-

1763 3692 1975 3757 tinebit,
2027 3707 2092 3747 eo
2145 3692 2289 3763 quod
2331 3691 2448 3762 pari
2494 3690 2705 3744 ratione
2751 3689 2817 3743 de
2868 3688 2975 3744 Deo
3011 3698 3322 3756 usurpetur.

1762 3787 1938 3854 Atque
1960 3782 2112 3852 juxta
2136 3782 2353 3837 modum
2387 3790 2698 3849 utrumque,
2732 3778 3075 3849 perspicuum
3101 3776 3204 3831 erit
3225 3775 3325 3830 has

1764 3875 2059 3946 particulas
2088 3888 2269 3944 parem
2299 3873 2439 3926 inter
2474 3887 2533 3927 se
2571 3870 2772 3924 habere
2801 3868 3142 3940 dignitatem,
3161 3867 3320 3936 quod

1763 3967 1828 4021 de
1863 3982 1967 4020 una
2022 3965 2319 4036 eademque
2363 3961 2595 4036 persona
2632 3968 2908 4031 usurpata:
2951 3960 3082 4016 sint.
3117 3957 3222 4014 Sed
3255 3957 3323 4012 ad

1762 4060 2096 4132 propositum
2126 4067 2480 4115 revertamur.

1831 4150 1883 4204 9.
1930 4151 2223 4221 Apostolus
2256 4151 2504 4206 scribens
2545 4147 2832 4218 Ephesiis,
2881 4149 3001 4203 ait:
3040 4145 3324 4202 Veritatem

1763 4251 1933 4296 autem
1988 4233 2250 4312 loquentes
2285 4243 2339 4295 in
2385 4240 2675 4305 cltaritate,
2717 4255 3014 4296 crescamus
3059 4241 3115 4294 in
3151 4241 3324 4309 ipsum

1760 4348 1850 4402 per
1880 4333 2075 4400 omnia,
2104 4333 2194 4403 qui
2223 4347 2299 4387 est
2329 4340 2484 4400 caput
2509 4330 2768 4393 Christus,
2791 4344 2855 4384 ea:
2881 4345 2982 4399 quo
3015 4337 3179 4382 totum
3209 4343 3326 4381 cor-

1760 4439 1856 4493 pus
1881 4426 2005 4478 dum
2033 4424 2379 4494 compingitur
2410 4430 2458 4476 et
2485 4422 2826 4482 connectitur,
2859 4435 2949 4489 per
2974 4435 3171 4473 omnem
3194 4418 3326 4487 jun-

1761 4527 1963 4571 cturam
2000 4516 2501 4572 subministrationis
2522 4557 2534 4574 .
2569 4513 2850 4568 secundum
2891 4513 3239 4581 operationem
3267 4511 3322 4563 in

161 4581 396 4680 W10?
443 4597 503 4650 ἐν
559 4598 755 4668 μέτρῳ
798 4601 935 4667 ἐνὸς
981 4601 1240 4658 ἑκάστου
1276 4605 1510 4674 μέρους,
1547 4607 1654 4678 (59)

1770 4626 2005 4668 mensura
2046 4608 2451 4678 uniuscujusque
2479 4607 2644 4672 partis
2687 4606 3058 4659 incrementum
3091 4603 3320 4672 corporis

162 4676 241 4743 τὴν
272 4685 505 4756 αὔξησιν
543 4689 653 4744 τοῦ
703 4691 974 4761 σώματος
1021 4696 1289 4752 ποιεῖται.
1343 4697 1446 4752 Καὶ
1496 4676 1662 4754 πάλιν·

1770 4701 1893 4770 facit
1919 4702 1986 4756 ".
2037 4699 2102 4754 Et
2144 4676 2337 4754 rursus
2369 4676 2422 4753 in
2455 4697 2696 4768 Epistola
2740 4697 2807 4752 ad
2839 4694 3224 4758 Colossenses,
3252 4691 3319 4745 ad

221 4776 270 4845 τῇ
296 4781 412 4850 πρὸς
448 4785 786 4849 Κολασσαεῖς
829 4787 962 4858 πρὸς
1007 4791 1131 4853 τοὺς
1169 4792 1268 4844 οῦκ
1303 4791 1523 4862 ἔχοντας
1559 4794 1653 4848 τοῦ

160 4857 425 4935 Μαιογενοῦς
450 4874 545 4944 τὴν
596 4875 798 4942 γνῶσιν
824 4876 1057 4946 εἴρηται,
1083 4880 1164 4932 ὅτι
1205 4881 1268 4934 '0
1293 4883 1520 4950 κρατῶν
1542 4884 1657 4953 τὴν

160 4960 400 5028 unum
446 4967 704 5021 τουτέστι-
742 4969 831 5023 τδν
885 4971 1155 5041 Χριστὸν,
1199 4973 1268 5036 ἐξ
1314 4970 1384 5029 οὗ
1428 4975 1550 5029 πᾶν
1590 4978 1656 5030 τὸ

1762 4809 1857 4848 eos
1882 4793 1973 4862 qui
2024 4807 2131 4846 non
2180 4791 2452 4846 habebant
2497 4788 2769 4860 Unigeniti
2819 4787 3064 4843 notitiam
3112 4783 3319 4839 dictum

1762 4891 1846 4939 est
1879 4901 1892 4937 :
1924 4884 2027 4950 Qui
2069 4893 2202 4938 tenet
2248 4892 2432 4952 caput,
2483 4882 2586 4937 hoc
2634 4892 2744 4945 est,
2775 4879 3075 4940 Christum,
3117 4892 3180 4931 ea:
3218 4891 3318 4946 quo

1765 4986 1932 5031 totum
1955 4991 2162 5044 corpus,
2193 4989 2282 5043 per
2307 4976 2584 5045 iuncturas
2618 4983 2666 5027 et
2699 4971 3040 5026 connexianes
3064 4967 3317 5022 submini-

203 5129 381 5192 "Rom.
412 5156 485 5208 xi,
525 5141 617 5197 36.
693 5141 738 5173 ⁸⁸
768 5141 910 5200 Psal.
944 5161 1119 5209 θεων,
1153 5147 1238 5201 15.
1313 5149 1359 5180 ὀ
1391 5147 1529 5204 Psal.
1559 5164 1675 5216 cm,
1703 5149 1790 5204 9.7.
1867 5152 1908 5183 θ’
1941 5150 2082 5206 Psal.
2113 5167 2292 5216 cutv,
2326 5150 2412 5205 l6.
2487 5153 2534 5183 ³⁸
2561 5150 2757 5222 Ephes.
2791 5165 2864 5213 Iv,
2900 5148 2984 5214 l5,
3017 5145 3102 5200 16.

207 5286 294 5375 (εβ)
328 5293 723 5375 ᾉσχέτφ,“ειο;
751 5295 841 5375 Sic
864 5299 1037 5353 reddit
1063 5300 1204 5354 hunc
1235 5301 1498 5375 locum_S.
1527 5302 1648 5358 Am-

158 5352 452 5444 ifﬁilishlib:
489 5352 547 5444 μ’
569 5352 647 5421 De
682 5352 1121 5444 Spirituisancto.
1142 5352 1644 5444 ἀοῖ-*Ιιῖ

269 5436 370 5488 est?
402 5436 537 5500 Quia
568 5427 745 5492 omnia
793 5437 1095 5493 admirabili
1121 5427 1345 5508 quodam
1389 5427 1648 5498 desiderio

156 5505 188 5542 et
210 5505 511 5576 inenarrabili
536 5524 714 5562 amore
742 5518 1002 5562 auctorem
1028 5505 1144 5564 vine
1167 5521 1214 5564 et
1239 5514 1649 5569 ministratorem

155 5576 292 5656 illi}?
323 5589 532 5656 samiae
571 5579 805 5656 muneris'
854 5580 1139 5656 intuentur,
1185 5583 1465 5636 secundum
1513 5586 1651 5656 quod

157 5648 451 5720 fnptunrest
477 5663 495 5700 :
529 5667 547 5698 ι
593 5647 750 5704 Oculi
775 5649 1027 5720 omnium,
1067 5671 1086 5702 ι
1117 5659 1223 5706 etc.
1266 5653 1320 5705 In
1363 5647 1653 5709 Commen-

157 5707 258 5795 ?Iip
280 5713 325 5764 in
345 5711 536 5795 lsaiam
566 5733 688 5795 cap.
717 5734 768 5783 v,
798 5735 850 5790 p.
881 5707 1024 5795 477,,
1044 5720 1156 5775 haec
1199 5707 1481 5792 leguntur:
1521 5707 1650 5780 Uni-

158 5785 305 5864 [tum
340 5785 511 5864 ipsum
559 5785 768 5864 bonum.
799 5785 937 5864 quod
977 5801 1222 5864 appetunt
1248 5785 1464 5858 'onmia,
1499 5796 1648 5864 cujus

160 5857 268 5901 sator
291 5858 512 5912 naturali
534 5868 581 5914 et
609 5857 956 5915 inenarrabili
991 5857 1142 5916 modo
1182 5865 1412 5919 omnium
1445 5857 1649 5921 ratione

1751 5308 2008 5360 utentium
2047 5309 2237 5361 animis
2268 5309 2576 5361 instillatus.

1822 5377 1932 5447 (57)
1971 5378 2079 5447 Καὶ
2111 5380 2196 5443 εἰς
2227 5379 2431 5430 αὐτόν.
2460 5378 2680 5432 Addunt
2705 5374 2834 5431 editi
2865 5382 2919 5430 et
2945 5373 3093 5447 Beg.
3125 5390 3315 5447 secun-

1752 5445 1856 5501 dus
1888 5445 1954 5500 τὰ
2011 5446 2203 5501 πάντα.
2246 5449 2351 5502 Sed
2392 5449 2504 5502 haec
2544 5462 2766 5516 prorsus
2820 5445 3063 5512 inutilia,
3106 5461 3209 5502 nec
3258 5446 3314 5500 in

1754 5518 1994 5587 quinque
2033 5517 2154 5572 aliis
2185 5517 2465 5587 codicibus
2495 5517 2859 5587 reperiuntur.

1824 5587 1934 5657 (58)
1963 5586 2299 5654 Φιλονεικῇ.
2329 5587 2418 5641 Sic
2443 5587 2710 5642 editiones
2731 5586 3070 5657 _Basileenses
3092 5594 3146 5642 et
3169 5587 3312 5657 anti-

1754 5655 1846 5738 qui
1874 5655 2110 5712 cedices.
2145 5658 2290 5713 Unus
2324 5672 2445 5711 cum
2470 5657 2705 5737 editione
2730 5655 2905 5714 Paris.
2941 5656 3310 5778 cptlovatxqa.

1755 5728 2048 5778 Aliuuanto
2083 5735 2203 5778 post
2243 5735 2452 5778 veteres
2491 5730 2699 5778 alluuot
2737 5728 2861 5778 libri
2900 5729 3007 5778 Καὶ
3042 5725 3184 5778 οὕτω
3293 5763 3310 5778 .

1755 5725 2048 5796 Aliquanto
2083 5735 2203 5795 post
2243 5735 2452 5782 veteres
2491 5727 2699 5796 aliquot
2737 5728 2861 5782 libri
2899 5725 3007 5783 και
3042 5725 3311 5782 abnuo}.

1826 5797 1938 5867 (59)
1977 5797 2226 5866 Μέρους.
2251 5798 2611 5854 Consentium
2645 5798 2698 5852 in
2725 5799 2828 5852 hac
2856 5813 2990 5855 voce
3010 5812 3198 5854 omnes
3227 5809 3316 5849 co-

1754 5867 1903 5925 dices
1933 5883 2064 5924 mss.
2107 5867 2318 5924 llabent
2350 5877 2530 5925 tamen
2566 5869 2697 5926 editi
2729 5868 2941 5938 μέλους.
