3908 6554
477 396 548 455 85
1811 412 1866 469 S.
1907 412 2148 470 BASILH
2187 410 2400 470 MAGNI
3632 420 3705 481 84

477 528 733 585 stratum,
793 523 1023 593 augescit
1081 535 1358 594 auanrnto
1414 526 1513 580 Dei
1560 529 1629 586 ".
1688 530 1845 604 Quod
1894 533 2035 587 enim

2140 532 2327 602 σῶμα,
2357 532 2453 587 διὰ
2482 533 2600 587 τῶν
2625 532 2794 604 ἁφῶν
2815 533 2915 588 καὶ
2936 534 3296 605 συνδέσμων
3321 537 3702 609 ἐπιχορηγού-

479 607 729 667 Christus
758 622 921 684 caput
964 623 1049 671 est
1098 615 1387 682 Ecclesiae,
1420 618 1526 675 alio
1557 619 1678 676 loco
1720 622 2039 688 didicimus,

477 700 739 771 Apostolo
768 703 858 758 dic
880 713 1015 760 tute:
1042 704 1109 759 Et
1139 708 1310 778 ipsum
1336 708 1479 763 dedit
1503 721 1659 780 caput
1689 728 1842 782 super
1864 715 2038 775 omnia

477 789 729 847 Ecclesia:
751 795 817 847 ’⁸.
858 793 964 852 Et:
1010 795 1059 850 E
1092 799 1414 871 plenitudine
1439 801 1553 871 ejus
1604 807 1897 878 accepimus
1948 824 2040 861 nos

479 901 655 940 omnes
678 887 744 940 ".
777 885 840 940 Et
863 888 977 958 ipse
1007 887 1271 945 Dominus
1300 910 1312 947 :
1349 892 1424 952 De
1449 910 1558 947 meo
1592 896 1829 965 accipiet,
1865 907 1914 952 et
1948 916 2043 952 an-

478 979 741 1031 nuntiabit
776 979 918 1035 vobis
947 980 1011 1036 ".
1046 983 1112 1036 Et
1152 982 1205 1037 in
1253 1000 1503 1051 summa,
1535 984 1819 1058 diligenter
1846 990 2038 1060 legenti

478 1070 612 1124 varii
653 1086 783 1127 usus
820 1072 1152 1128 videbuntur
1190 1075 1336 1130 illius
1361 1093 1426 1130 e1:
1447 1095 1569 1153 quo.
1602 1079 1733 1134 Nam
1767 1090 1820 1134 et
1855 1081 2040 1141 Domi—

477 1176 582 1216 nus
607 1180 619 1217 :
654 1161 810 1226 Novi,
838 1163 1036 1233 inquit,
1056 1165 1295 1224 virtutem
1311 1181 1375 1220 ea:
1398 1183 1475 1221 me
1492 1169 1680 1223 exiisse
1697 1170 1762 1227 ".
1783 1170 2044 1228 Similiter

476 1264 657 1308 autem
685 1261 738 1309 et
760 1253 826 1309 de
857 1253 1063 1325 Spiritu
1085 1257 1461 1327 compluribus
1484 1259 1618 1314 locis
1635 1260 2042 1317 observavimus

477 1345 648 1405 illud,
690 1362 754 1399 ea:
802 1363 940 1416 quo,
986 1347 1222 1417 positum
1274 1365 1419 1405 esse.
1476 1350 1580 1418 Qui
1605 1353 1776 1415 enim,
1833 1354 2038 1424 inquit,

474 1439 693 1495 seminat
725 1439 776 1490 in
807 1436 1032 1506 Spiri'u,
1063 1456 1090 1493 e
1116 1439 1316 1508 Spiritu
1341 1450 1490 1498 metet
1516 1444 1672 1497 vitam
1704 1454 1951 1499 arternam
1973 1445 2037 1500 ⁸⁸.

473 1526 603 1583 Item
625 1527 864 1583 Joannes
896 1528 1015 1584 :Ex
1048 1530 1143 1585 hoc
1168 1534 1524 1603 cognoscimus
1550 1534 1686 1605 quod
1705 1537 1759 1589 in
1781 1536 1924 1590 nobis
1940 1546 2038 1601 est,

471 1640 499 1677 e
524 1621 722 1691 Spiritu
760 1640 909 1694 quem
959 1624 1107 1679 nobis
1135 1626 1346 1680 donavit
1372 1627 1440 1682 “.
1473 1625 1539 1681 Et
1582 1629 1808 1698 angelus
1846 1649 1858 1684 :
1888 1628 2040 1696 Quod

470 1714 608 1769 enim
649 1716 701 1769 in
732 1733 794 1773 ea
822 1726 1124 1786 generatum
1147 1727 1246 1781 est,
1268 1710 1310 1772 ἐ
1346 1715 1543 1786 Spiritu
1584 1728 1766 1774 sancto
1795 1731 1873 1774 est
1904 1721 1939 1773 ί.
1976 1719 2041 1774 Ει

472 1805 734 1863 Dominus
764 1808 872 1863 ait:
920 1807 1074 1875 Quod
1124 1819 1307 1862 natum
1348 1819 1424 1864 est
1467 1827 1495 1864 e
1526 1809 1762 1879 Spiritu.
1813 1810 2037 1881 Spiritus

469 1907 545 1952 est
575 1901 616 1953 ’.
649 1899 824 1968 Atque
852 1898 905 1952 id
935 1898 1153 1967 quidem
1183 1900 1423 1991 adohunc
1463 1901 1626 1956 habet
1654 1902 1896 1955 modum.

2137 642 2341 695 μενον,
2379 625 2548 691 αὔξει
2586 624 2700 694 τὴν
2739 625 3001 695 αὔξησιν
3046 625 3152 681 τοῦ
3204 628 3372 683 Θεοῦ.
3430 630 3549 684 ’Ότι
3596 632 3702 703 γὰρ

2141 716 2370 788 Χριστὸς
2420 718 2628 789 κεφαλὴ
2658 719 2756 789 τῆς
2792 718 3155 789 Ἐκκλησίας,
3196 719 3420 793 ἑτέρωθι
3455 722 3703 793 μεμαθή-

2141 824 2335 879 καμεν,
2371 808 2462 869 τοῦ
2504 810 2827 863 Ἀποστόλου
2858 810 3133 878 λέγοντος·
3165 811 3275 865 Kal
3305 811 3491 866 αὐτὸν
3521 813 3702 866 ἔδωκε

2141 900 2413 972 κεφαλὴν
2438 900 2588 970 ’ὑπὲρ
2614 902 2808 955 πάντα
2829 900 2902 970 τῇ
2926 894 3273 969 Ἐκκλησία·
3310 903 3424 967 καὶ,
3443 969 3447 977 ν
3467 905 3565 958 Ἐκ
3595 905 3701 959 τοῦ

2143 992 2254 1062 (60)
2286 993 2673 1065 πληρώματος
2706 993 2893 1048 αὑτοῦ
2926 994 3096 1064 ἡμεῖς
3138 994 3361 1059 πάντες
3388 996 3698 1066 ἐλάϐομεν.

2141 1084 2251 1140 Καὶ
2282 1086 2443 1148 αὐτὸς
2474 1088 2501 1138 6
2548 1083 2744 1156 Κύριος
2766 1125 2783 1152 ,
2816 1087 2898 1139 ὅτι
2945 1087 3044 1140 Ἐκ
3073 1087 3178 1141 τοῦ
3214 1087 3359 1157 ἐμοῦ
3404 1086 3655 1155 λήψεται
3681 1127 3696 1153 ,

2141 1176 2237 1228 καὶ
2276 1175 2595 1252 ἀναγγελεῖ
2622 1175 2780 1246 ὑμῖν.
2818 1178 2927 1230 Καὶ⁵
2962 1177 3099 1241 ὅλως
3130 1177 3209 1248 τῷ
3242 1177 3545 1247 φιλοπόνως
3572 1178 3703 1231 ἀνα-

2140 1267 2412 1338 λεγομένῳ
2446 1266 2773 1340 πολύτροποι
2804 1270 2858 1321 αἱ
2884 1271 3111 1340 χρήσεις
3139 1269 3575 1341 ἀναφανήσονται
3604 1269 3702 1323 τοῦ

2139 1358 2207 1423 ἐξ
2241 1354 2335 1413 οὗ.
2382 1357 2487 1415 Καὶ
2514 1357 2623 1436 γὰρ
2650 1359 2743 1413 καὶ
2785 1360 2813 1411 6
2849 1362 3068 1431 Κύριος,
3113 1362 3365 1431 Ἕγνων,
3400 1362 3565 1430 φησι,
3596 1360 3700 1415 δύω

2139 1466 2318 1518 ναμιν
2356 1448 2732 1513 ἐξελθοῦσαν
2765 1449 2835 1517 ἐξ
2867 1451 3032 1521 ἐμοῦ.
3090 1452 3321 1524 Ὁμοίως
3359 1451 3415 1506 δὲ
3444 1454 3537 1507 καὶ
3577 1453 3705 1522 περὶ

2138 1541 2233 1594 τοῦ
2283 1541 2597 1613 Πνεύματος
2649 1545 3036 1615 τετηρήκαμεν
3091 1544 3359 1615 πολλαχοῦ
3401 1545 3463 1599 τὸ
3515 1545 3584 1610 ἐξ
3625 1540 3700 1601 οὗ

2140 1632 2410 1702 κείμενον.
2461 1634 2524 1686 '0
2562 1637 2672 1702 γὰρ
2694 1635 2977 1703 σπείρων,
3013 1636 3197 1705 φησὶν,
3235 1638 3323 1702 εὶς
3360 1634 3426 1689 τὸ
3464 1636 3702 1705 Πνεῦμα

2138 1724 2207 1777 ἐκ
2242 1724 2346 1778 τοῦ
2393 1726 2736 1795 Πνεύματος
2774 1727 2994 1795 θερίσει
3029 1726 3181 1795 ζωὴν
3220 1728 3490 1782 αἰώνιονο
3535 1727 3627 1781 καὶ
3671 1728 3701 1779 6

2154 1815 2438 1885 Ἰωάννης·
2485 1817 2586 1870 Ἐκ
2636 1818 2851 1871 τούτου
2893 1817 3285 1887 γινώσκομεν,
3321 1817 3409 1871 ὅτι
3452 1818 3521 1870 ἐν
3563 1816 3701 1884 ἡμῖν

2073 1885 2111 1937 Β
2135 1907 2323 1972 ἐστιν,
2355 1909 2423 1967 ἐκ
2465 1911 2572 1964 τοῦ
2616 1911 2956 1980 Πνεύματος
2996 1905 3069 1965 οὖ
3109 1885 3252 1978 ἡμῖν
3291 1908 3505 1967 ἔδωκε·
3542 1909 3631 1962 καὶ
3670 1908 3700 1962 6

467 1994 696 2064 ἄγγελος
716 2010 730 2024 ⁸
775 1995 845 2049 Τὸ
874 1995 984 2067 γὰρ
1011 1995 1080 2049 ἐν
1099 1995 1255 2064 αὐτῇ
1278 1997 1571 2065 γεννηθὲν
1600 1998 1669 2051 ἐκ
1692 1999 2034 2066 Πνεύματός
2070 2001 2240 2055 ἐστιν
2265 2004 2456 2068 ἁγίου.
2493 2004 2596 2060 Καὶ
2627 2008 2655 2059 ὀ
2678 2004 2875 2078 Κύριός
2903 2023 3035 2075 φησι
3069 2005 3179 2077 (61)
3199 2022 3212 2036 ⁸
3288 2004 3358 2059 Τὸ
3424 2020 3699 2076 γεγεννη-

463 2089 649 2158 μένον
674 2090 741 2143 ἐκ
770 2089 875 2144 τοῦ
902 2091 1244 2161 Πνεύματος
1263 2091 1505 2161 Πνεῦμα
1536 2093 1687 2146 ἐστι.
1720 2092 1891 2146 Τοῦτο
1936 2094 2033 2165 μὲν
2069 2095 2133 2168 δὴ
2170 2098 2426 2154 τοιοῦτον.
2666 2104 2670 2112 ‘

540 2185 625 2240 10.
660 2184 778 2239 iam
819 2201 948 2242 vero
991 2184 1480 2243 demonstrandum
1526 2197 1610 2242 est
1652 2188 1791 2242 hanc
1823 2204 2034 2254 vocem,

463 2294 557 2333 uer
594 2294 780 2342 quem,
819 2279 1023 2348 pariter
1053 2286 1109 2334 et
1153 2279 1221 2333 de
1267 2278 1447 2342 Patre,
1477 2287 1530 2334 et
1573 2279 1642 2335 de
1671 2278 1848 2347 Filio,
1877 2291 1932 2335 et
1971 2282 2037 2336 de

468 2369 675 2441 Spiritu
712 2377 908 2426 sancto
952 2370 1006 2423 in
1041 2369 1343 2439 Scripturis
1372 2370 1646 2441 usurpari.
1688 2371 1766 2425 Ae
1800 2370 1869 2427 de
1901 2372 2038 2427 Filio

465 2477 599 2518 sane
650 2476 1115 2531 supervacaneum
1176 2460 1339 2517 fuerit
1396 2460 1640 2533 proferre
1688 2462 2032 2528 testimonia,

466 2562 581 2607 tum
606 2555 735 2624 quia
764 2554 864 2607 hoc
896 2559 1084 2606 uotum
1116 2561 1235 2615 est,
1263 2560 1377 2606 tum
1405 2551 1548 2622 quod
1597 2552 1700 2605 hoc
1741 2551 1918 2621 ipsum
1966 2553 2033 2607 ab

462 2646 794 2701 adversariis
844 2645 1127 2700 astruitur.
1182 2642 1293 2698 Nos
1334 2659 1497 2715 porro
1538 2642 2033 2701 demonstrabimus

465 2738 607 2792 hanc
639 2736 989 2807 particulam,
1023 2751 1115 2805 per
1142 2751 1292 2806 quem
1314 2776 1329 2798 ,
1365 2735 1528 2790 etiam
1564 2735 1633 2789 de
1664 2733 1825 2789 Patre
1861 2732 2034 2788 fuisse

463 2829 719 2899 positam.
752 2822 976 2892 Fidelis,
1008 2827 1207 2897 inquit,
1242 2825 1400 2890 Deus,
1427 2842 1519 2895 per
1540 2842 1689 2896 quem
1715 2826 1885 2879 vocati
1906 2828 2032 2887 estis

462 2922 517 2974 in
571 2921 891 2974 consortium
923 2919 1054 2972 Filii
1115 2918 1277 2986 ipsius
1304 2918 1354 2981 ³;
1388 2926 1441 2971 et
1476 2936 1490 2972 :
1521 2916 1724 2971 Paulus
1764 2916 2032 2986 apostolus

461 3009 590 3065 Iesu
621 3009 822 3066 Christi
841 3028 932 3081 per
952 3010 1272 3065 voluntatem
1302 3008 1399 3062 Dei
1418 3009 1437 3040 ⁵
1457 3025 1471 3074 ;
1494 3017 1549 3063 et
1573 3018 1821 3064 rursum:
1844 3007 2031 3077 Itaque

463 3120 565 3156 non
595 3120 648 3156 es
673 3102 791 3172 jam
819 3118 996 3157 servus
1016 3140 1032 3165 ,
1066 3100 1157 3155 sed
1185 3099 1329 3169 ﬁlius
1348 3139 1364 3162 ,
1395 3109 1444 3154 et
1478 3099 1644 3155 hwres
1673 3117 1765 3170 per
1797 3099 1961 3154 Deum
1985 3101 2027 3152 ³.

2212 2193 2296 2247 10.
2323 2195 2442 2248 ’Ὁτι
2467 2194 2523 2248 δὲ
2548 2194 2646 2266 τὴν
2671 2193 2747 2248 δι’
2767 2190 2838 2250 οὗ
2863 2193 3043 2265 φωνὴν
3071 2192 3270 2264 ὁμοίως
3293 2190 3385 2244 ἐπι
3404 2207 3462 2244 τε
3490 2188 3699 2260 Πατρδς

2141 2285 2233 2337 καὶ
2264 2282 2395 2337 Υἱοῦ
2424 2284 2519 2338 καὶ
2553 2285 2712 2353 ἁγίου
2747 2283 3062 2355 Πνεῦματος
3099 2284 3133 2355 ὴ
3166 2281 3357 2354 Γραφὴ
3397 2279 3697 2355 παραδέχε-

2136 2392 2247 2439 ται,
2280 2375 2380 2446 ήδη
2422 2375 2678 2429 δεικτέον.
2727 2375 2848 2428 Ἐπὶ
2879 2354 2977 2445 μὲν
3005 2373 3069 2446 δὴ
3115 2354 3209 2426 τοῦ
3254 2370 3385 2424 Υἱοῦ
3432 2354 3701 2441 παρὲλκον

2134 2463 2204 2540 ᾂν
2237 2465 2322 2536 εἴη
2356 2466 2655 2537 μαρτυρίας
2688 2464 2954 2535 κομίζειν,
2989 2463 3078 2517 διά
3105 2480 3164 2515 τε
3192 2462 3251 2515 τὸ
3277 2459 3570 2532 γνώριμον,
3605 2460 3699 2518 καὶ

2136 2558 2223 2612 διὰ
2250 2557 2311 2610 τὸ
2344 2556 2495 2627 παρὰ
2521 2554 2630 2609 τῶν
2661 2554 2916 2609 ἐναντίων
2942 2555 3073 2608 αὐτὸ
3100 2553 3257 2607 τοῦτο
3292 2550 3699 2614 κατασκευάζε-

2139 2654 2260 2708 σθαι
2278 2671 2293 2686 ο
2327 2656 2487 2726 ἡμεῖς
2513 2654 2570 2706 δὲ
2601 2653 2904 2723 δείκνυμεν,
2937 2654 3018 2706 ὅτι
3044 2654 3135 2705 καὶ
3161 2653 3252 2705 ἐπὶ
3284 2650 3376 2705 τοῦ
3402 2648 3612 2721 Πατρὺς
3636 2647 3699 2702 ἰδ

2136 2748 2210 2800 δι’
2255 2744 2324 2802 οὖ
2373 2747 2652 2800 τέτακται.
2694 2744 2950 2811 Πιστὸς,
2994 2747 3177 2815 φησὶν,
3226 2746 3257 2797 ό
3302 2741 3478 2807 Θεὸς,
3516 2740 3588 2794 δι’
3621 2735 3697 2795 οὗ

2135 2836 2425 2903 ἐκλήθητε
2465 2835 2574 2905 (69.)
2623 2839 2710 2903 είς
2747 2836 3061 2890 κοινωνίαν
3110 2833 3216 2888 τοῦ
3271 2832 3407 2887 Υίοῦ
3471 2830 3655 2886 αὐτοῦ
3680 2849 3695 2862 ο

2137 2927 2250 2990 καὶ,
2280 2927 2515 2992 Παῦλος
2562 2927 2905 2992 ἀπόστολος
2951 2924 3142 2992 Ἰησοῦ
3175 2923 3431 2993 Χριστοῦ
3472 2922 3567 2976 διὰ
3604 2926 3702 2976 θε-

2136 3014 2402 3086 λήματος
2438 3015 2586 3071 Θεοῦ
2607 3032 2621 3046 ·
2656 3016 2749 3068 καὶ
2796 3014 2988 3068 πάλιν·
3030 3014 3207 3066 Ὥστε
3235 3013 3432 3067 οὐκέτι
3471 3009 3528 3066 εἷ
3562 3010 3702 3065 δοῦ-

2135 3114 2264 3178 λος.
2299 3109 2458 3165 ἀλλὰ
2486 3110 2649 3174 υἱόςο
2690 3111 2742 3163 εὶ
2785 3108 2852 3161 δὲ
2889 3108 3040 3174 υἱὸς,
3070 3106 3170 3161 καὶ
3199 3106 3563 3175 κληρονόμος
3598 3104 3701 3159 διὰ

464 3195 592 3250 Item
625 3195 757 3250 illud
791 3194 1292 3271 {Quemadmodum
1320 3195 1550 3248 surrexit
1582 3193 1821 3248 Christus
1844 3210 1875 3245 a
1896 3209 2035 3247 mor-

2140 3172 2287 3256 Θεοῦ
2310 3219 2323 3232 ⁸
2350 3203 2444 3256 καὶ
2467 3200 2550 3254 τό*
2588 3172 2816 3267 ἰιίὶσειτερ
2851 3172 3069 3267 ἠγέρθη
3098 3172 3350 3266 Χριστὸς
3375 3172 3703 3263 ἐκννεκρῶν

462 3287 566 3341 tuis
610 3303 704 3356 per
745 3288 970 3358 gloriam
1011 3285 1195 3340 Patris
1228 3288 1268 3340 ⁸.
1302 3285 1366 3339 Et
1396 3287 1565 3342 Isaias
1611 3304 1625 3341 :
1671 3285 1790 3350 Vw,
1824 3285 2027 3360 inquit,

460 3381 550 3450 qui
569 3378 824 3448 profunde
845 3378 1023 3448 facitis
1047 3379 1345 3439 consilium,
1368 3387 1415 3431 et
1439 3394 1540 3431 non
1565 3392 1657 3446 per
1688 3375 1969 3433 Dominum
1986 3376 2028 3430 '.

461 3469 601 3538 Quin
631 3478 683 3525 et
726 3470 793 3525 de
844 3469 1047 3539 Spiritu
1094 3478 1286 3524 sancto
1344 3475 1572 3538 possunt
1618 3469 1782 3523 etiam
1833 3465 2033 3537 apponi

461 3566 632 3620 multa
663 3563 827 3633 huius
861 3564 1011 3618 vocis
1050 3563 1381 3618 testimonia.
1421 3559 1606 3614 Nobis'
1634 3568 1829 3617 autem.
1864 3558 1921 3630 9
1954 3558 2035 3613 in-

460 3654 615 3725 quit,
653 3653 791 3708 Deus
824 3653 1068 3707 revelavit
1111 3670 1203 3723 per
1249 3652 1506 3722 Spiritum
1527 3653 1569 3713 ⁸,
1604 3652 1670 3707 Et
1719 3654 1826 3709 alio
1857 3657 1977 3709 loco
2017 3673 2030 3709 :

460 3747 664 3801 Bonum
688 3745 981 3815 depositum
1009 3746 1216 3801 custodi
1235 3762 1327 3814 per
1342 3745 1595 3814 Spiritum
1624 3756 1864 3800 sanctum
1889 3748 1945 3808 ’;
1971 3763 2035 3802 ac

460 3853 653 3892 rursus
684 3855 696 3890 :
722 3837 831 3891 Alii
876 3836 1085 3909 quidem
1128 3852 1219 3906 per
1264 3835 1524 3907 Spiritum
1553 3838 1709 3892 datus
1746 3847 1824 3892 est
1863 3855 2033 3893 sermo

461 3930 736 3998 sapientia:
768 3931 832 3982 “.

532 4018 618 4071 Η.
650 4016 849 4072 Eadem
880 4033 1010 4071 vero
1035 4026 1089 4072 et
1116 4018 1183 4072 de
1214 4017 1421 4088 syllaba
1441 4056 1457 4079 ,
1489 4018 1541 4070 in
1562 4057 1576 4079 ,
1609 4016 1791 4071 dicere
1840 4032 2034 4087 possu-

461 4124 584 4165 mus
606 4148 621 4170 ,
652 4107 800 4177 quod
841 4108 1004 4162 etiam
1027 4108 1171 4163 hanc
1202 4108 1270 4163 de
1311 4106 1419 4164 Deo
1460 4114 1514 4162 et
1544 4106 1703 4162 Patre
1752 4106 2033 4179 Scriptura

462 4198 763 4269 usurparit,
794 4198 942 4254 velut
972 4198 1025 4251 iu
1057 4197 1241 4253 Veteri
1274 4199 1624 4253 Testamento
1657 4196 1761 4253 z'ln
1795 4198 1922 4264 Deo,
1952 4201 2035 4255 in-

458 4292 611 4363 quit,
642 4291 903 4359 faciamus
945 4292 1187 4346 uirtulem
1216 4291 1292 4357 ";
1321 4302 1406 4346 οι·
1440 4290 1506 4345 In
1555 4303 1603 4349 te
1637 4295 1869 4347 cantatio
1916 4310 2032 4348 mea

459 4397 657 4448 semper
686 4383 750 4446 ";
777 4391 829 4436 et
858 4397 1081 4438 rursus:
1104 4380 1168 4436 In
1193 4382 1400 4439 nomine
1431 4392 1521 4438 tuo
1551 4383 1827 4439 exsultatio
1862 4384 1902 4415 ⁸³
1931 4401 1945 4449 ;
1978 4393 2033 4438 et

461 4471 603 4542 apud
635 4470 861 4525 Paulum
884 4471 983 4526 ειη
1010 4471 1136 4534 Deo,
1164 4471 1362 4543 inquit,
1384 4473 1477 4542 qui
1500 4474 1735 4527 condidit
1761 4474 1938 4528 omnia
1964 4474 2028 4540 ης

459 4574 534 4628 et,
567 4563 771 4618 Paulus
801 4581 863 4618 ac
893 4564 1138 4620 Silvanus
1178 4573 1226 4619 et
1264 4564 1566 4619 Timotheus
1598 4563 1850 4619 Ecclesia:
1880 4565 2033 4620 Thes-

460 4656 864 4713 salonicensium
881 4657 935 4710 in
954 4656 1057 4710 Deo
1082 4657 1238 4711 Patre
1259 4656 1299 4688 ³⁵
1322 4664 1426 4720 ;et,
1448 4655 1506 4710 Si
1526 4655 1732 4712 tandem
1749 4655 2033 4724 aliquando

459 4766 769 4823 prosperum
798 4751 899 4805 iter
927 4748 1148 4804 habeant
1178 4750 1230 4803 in
1260 4748 1526 4803 voluntate
1552 4747 1664 4812 Dei,
1694 4746 1933 4805 veniendi
1965 4746 2033 4802 ad

531 4956 584 4989 ⁸³
611 4955 731 5010 Col.
765 4970 826 5019 ιι,
858 4955 947 5009 i9.
1034 4955 1082 4987 “
1111 4953 1310 5022 Ephes.
1369 4968 1408 5014 ι,
1439 4952 1529 5005 92.
1616 4952 1663 5022 ’ξ
1712 4949 1869 5006 Joan.
1938 4966 1975 5022 ι.

2034 4951 2118 5004 16.
2194 4950 2241 4983 ⁸⁸
2265 4948 2425 5005 Joan.
2457 4966 2567 5013 svt,
2603 4950 2689 5004 14.
2764 4951 2809 4983 ’⁷
2843 4949 2975 5007 Luc.
3006 4951 3239 5012 vm..46.

2132 3291 2228 3346 διὰ
2260 3290 2367 3359 τῆς
2395 3291 2582 3357 δόξης
2616 3289 2721 3343 τοῦ
2752 3289 2977 3356 Πατρός
2996 3305 3009 3318 ·
3053 3289 3147 3341 καὶ
3178 3289 3206 3340 6
3245 3287 3489 3349 Ἡσαΐας,
3519 3286 3663 3339 Οὐαὶ
3685 3325 3699 3349 ,

2133 3381 2315 3451 φησὶν,
2353 3383 2407 3434 οἱ
2441 3377 2674 3444 ,βαθέως
2706 3377 2950 3444 βουλὴν
2983 3376 3295 3441 ποιοῦντες
3318 3416 3333 3440 ,
3371 3376 3467 3431 καὶ
3500 3377 3570 3429 οὐ
3601 3374 3702 3429 διὰ

2132 3466 2369 3533 Κυρίου.
2402 3465 2609 3528 Πολλὰς
2646 3465 2704 3518 δὲ
2740 3466 2832 3519 καὶ
2855 3464 2946 3518 ἐπὶ
2978 3463 3072 3517 τοῦ
3102 3464 3418 3534 Πνεύματος
3452 3464 3551 3535 τῆς
3581 3481 3701 3532 φω-

2132 3556 2230 3626 νῆς
2252 3555 2454 3630 ταύτης
2482 3556 2785 3629 μαρτυρίας
2809 3555 2982 3621 ἔξεστι
3014 3555 3376 3628 παραθέσθαι.
3420 3555 3583 3625 Ἡμῖν
3605 3555 3699 3618 δὲ.

2132 3648 2317 3719 φησὶν,
2347 3651 2380 3702 ό
2404 3648 2547 3714 Θεὸς
2570 3647 2927 3716 ἀπεκάλυψε
2946 3647 3043 3702 διὰ
3070 3648 3176 3702 τοῦ
3201 3649 3541 3717 Πνεύματος
3563 3646 3700 3713 (ὃὸιο

2131 3736 2225 3788 καὶ
2255 3735 2480 3807 ἑτέρωθι
2497 3754 2510 3767 ·
2549 3737 2667 3804 Τὴν
2704 3736 2903 3806 καλὴν
2929 3736 3281 3805 παραθήκην
3304 3738 3577 3806 φύλαξον
3602 3737 3703 3793 διὰ

2130 3828 2473 3898 Πνεῦματος
2497 3828 2603 3883 τοῦ
2631 3829 2804 3898 ἁγίου
2827 3845 2839 3858 °
2874 3828 2966 3882 καὶ
3000 3827 3158 3881 πάλιν
3177 3844 3190 3858 ·
3223 3822 3300 3898 ’ᾯ
3325 3827 3442 3897 μὲν
3462 3829 3570 3897 γὰρ
3598 3826 3703 3882 διὰ

2130 3919 2235 3972 τοῦ
2266 3922 2608 3991 Πνεύματος
2634 3919 2858 3974 δίδοται
2886 3919 3066 3989 λόγος
3097 3918 3338 3987 σοφίας.

2146 3997 2152 4003 ’
2202 4010 2289 4064 Η.
2326 4010 2408 4064 Τὰ
2432 4010 2571 4064 αὐτὰ
2596 4010 2653 4064 δὲ
2680 4010 2853 4064 ταῦτα
2873 4010 2968 4063 καὶ
2994 4009 3120 4080 περὶ
3147 4008 3250 4078 τῆς
3269 4047 3283 4071 ,
3317 4009 3405 4071 ἐν,
3432 4007 3704 4079 συλλαϐῆς

2130 4103 2307 4156 εἰπεῖν
2341 4100 2558 4173 ἔχομεν,
2591 4103 2671 4156 ὅτι
2702 4103 2797 4155 καὶ
2829 4102 2919 4155 ἐπὶ
2944 4100 3038 4154 τοῦ
3071 4099 3206 4154 Θεοῦ
3237 4100 3330 4154 καὶ
3365 4100 3575 4172 Πατρὸς
3598 4100 3704 4171 τὴν

2131 4192 2327 4266 χρῆσιν
2370 4193 2540 4263 αὐτῆς
2585 4195 2617 4264 ἡ
2651 4193 2842 4265 Γραφὴ
2888 4192 3318 4265 παραδέδεκται,
3354 4192 3429 4255 ὡς
3475 4191 3566 4244 ἐπὶ
3596 4192 3704 4261 μὲν

2132 4285 2395 4350 Παλαιᾶς,
2440 4285 2536 4338 Ἐν
2568 4284 2654 4352 τῷ,
2675 4284 2815 4351 Θεῷ,
2846 4287 3000 4357 φησὶ,
3038 4285 3380 4356 ποιήσωμεν
3397 4285 3506 4355 (64)
3528 4284 3706 4338 δύναρ

2129 4393 2255 4445 μιν’
2285 4376 2403 4442 καὶ,
2465 4377 2565 4431 Ἐν
2589 4376 2688 4430 σοὶ
2712 4378 2749 4445 ri
2778 4377 3037 4446 ὕμνησίς
3060 4395 3179 4447 μου
3201 4379 3525 4442 διαπαντός
3548 4393 3562 4407 ·
3604 4376 3704 4429 καὶ

2138 4467 2318 4523 πάλιν·
2338 4469 2433 4522 Ἐν
2452 4466 2533 4534 τῷ
2559 4470 2806 4539 ὀνόματί
2829 4486 2945 4523 σου
2965 4468 3427 4539 ἀγαλλιάσομαι.
3458 4466 3615 4539 Παρὰ
3642 4467 3704 4521 δὲ

2141 4559 2355 4631 Παύλῳ,
2400 4560 2502 4614 Ἐν
2525 4558 2605 4626 τῷ
2635 4560 2775 4629 Θεῷ,
2803 4563 2956 4633 φησὶ,
2988 4560 3067 4628 τῷ
3086 4564 3159 4633 τὰ
3181 4561 3376 4615 πάντα
3404 4562 3700 4615 κτίσαντα

2145 4652 2257 4716 καὶ,
2293 4652 2535 4719 Παῦλος
2568 4653 2665 4705 καὶ
2687 4655 3016 4720 Σιλουανὸς
3046 4653 3142 4707 καὶ
3170 4654 3436 4723 Τιμόθεος
3454 4651 3526 4721 τῇ
3566 4653 3706 4707 Ἑκ-

2143 4744 2369 4812 κλησίᾳ
2416 4747 2905 4803 Θεσσαλονικέων
2946 4746 3016 4799 ἐν
3049 4744 3169 4811 Θεῷ
3192 4747 3395 4815 Πατρίσ
3419 4747 3512 4800 καὶ
3548 4744 3663 4815 (65)
3687 4788 3703 4811 ,

3314 4952 3360 4983 "'
3390 4951 3511 5006 Gal.
3539 4965 3614 5013 Vl,
3648 4952 3705 5006 8.

462 5028 510 5059 "
541 5024 555 5077 I
589 5024 748 5079 Joan.
779 5018 860 5087 ιιι,
892 5026 982 5079 24.
1063 5026 1077 5055 ¹
1112 5018 1300 5077 Matth.
1336 5040 1373 5081 ι.
1408 5022 1500 5075 20.
1575 5023 1596 5052 ’
1625 5020 1781 5075 Joun.
1817 5038 1893 5077 ιιι.
1925 5020 1978 5074 6.

2155 5020 2281 5076 Cor.
2314 5037 2351 5079 ι.
2398 5021 2452 5075 9.
2526 5021 2548 5052 ⁸
2586 5018 2625 5073 ΙΙ
2657 5021 2782 5075 Cor.
2816 5038 2890 5086 Iv,
2927 5022 2975 5076 Ι.
3050 5022 3071 5053 ⁵
3108 5019 3226 5075 Gal.
3259 5038 3329 5082 IV,
3363 5021 3414 5077 Ἰ.
3489 5022 3509 5051 ⁸
3540 5020 3706 5074 Rern.

406 5082 411 5087 ’
464 5095 615 5159 γι,4.
691 5099 710 5128 ⁷
744 5082 858 5150 Ιειιί
883 5112 1031 5159 χχιχ,
1063 5094 1150 5148 15.
1224 5094 1247 5123 ⁸
1283 5095 1296 5145 1
1331 5095 1458 5145 (lor.
1493 5108 1550 5154 II,
1586 5092 1669 5145 10.
1744 5092 1764 5122 ⁹
1791 5090 1831 5142 ll
1866 5090 2007 5148 Tim.

2149 5092 2195 5143 ι.
2275 5092 2317 5123 ¹⁰
2349 5090 2366 5143 I
2395 5090 2522 5146 Cor.
2581 5107 2681 5157 xu,
2710 5091 2763 5146 8.
2843 5082 2883 5122 ιί

2942 5090 3087 5147 Psal.
3148 5105 3280 5158 cm,
3314 5091 3400 5144 14.
3478 5093 3520 5124 η
3550 5089 3707 5146 Psat.

465 5182 592 5228 tu,
625 5166 677 5220 6.
758 5166 801 5197 ⁸³
829 5164 975 5221 Psal.
1010 5179 1276 5219 Lxxxvm.
1308 5163 1395 5217 Π.
1476 5162 1519 5193 ’δ
1550 5160 1744 5231 Eplzes.
1778 5176 1860 5222 ιιι,
1893 5162 1972 5216 9.·
2025 5164 2035 5193 ¹

2140 5164 2144 5214 l
2174 5160 2367 5216 Thess.
2400 5178 2438 5225 ι,
2468 5163 2519 5215 i.

535 5386 647 5455 (60)
688 5386 814 5450 Καὶ,
849 5387 950 5440 Ἐκ
986 5386 1111 5444 τοῦ.
1152 5394 1255 5439 etc.
1292 5382 1383 5455 Sic
1430 5397 1620 5455 ornpes
1649 5380 1869 5436 codices
1898 5397 2032 5437 mss.

461 5455 605 5511 Editi
632 5451 766 5509 'vero
804 5457 899 5509 καὶ
927 5458 956 5526 6
997 5458 1269 5526 Ἰωάννης,
1323 5454 1419 5526 Ἐκ
1447 5451 1563 5526 τοῦ,
1595 5461 1696 5507 etc.

535 5526 647 5595 (61)
678 5527 856 5593 Φησί.
914 5524 1064 5580 Hanc
1117 5522 1668 5595 vocetnqatldidimus
1700 5530 2032 5595 ex_quatuor

464 5587 762 5651 codicibus.
782 5611 913 5652 mss.
969 5595 1164 5650 Statim
1207 5593 1337 5650 editi
1383 5593 1552 5647 Τοῦτο
1595 5594 1691 5665 μὲν
1737 5587 1851 5654 οὖν,
1881 5593 2039 5665 aliter

463 5676 699 5734 quatuor
744 5667 961 5722 codices
1008 5683 1163 5725 mss..
1221 5680 1359 5735 ιιιιοε
1411 5663 1604 5719 εεευῑι
1639 5678 1849 5717 smnus.
1897 5663 2039 5717 Sub-

462 5738 592 5808 inde
621 5738 838 5792 codices
868 5748 977 5808 tres
1015 5736 1116 5808 ἠδη
1153 5735 1389 5789 λεκτέον.

536 5801 650 5883 (62)
698 5801 1050 5883 Ἐκλήθηξεὶ
1079 5801 1281 5883 Regius
1309 5801 1932 5883 ‘|.¥‘P.'T'."9.'F*“l°!1l‘i"-

535 5872 649 5962 (6ῧὶ
679 5878 783 5936 Διὰ
805 5872 912 5938 τοῦ
936 5872 1299 5948 Πνεύματος.
1335 5874 1476 5933 Editi
1500 5872 1704 5931 addunt
1725 5872 1915 5942 αὑτοῦ,
1942 5872 2036 5929 sed

2137 5394 2199 5435 ea
2229 5395 2329 5434 vos
2364 5380 2416 5433 in
2451 5381 2599 5433 mullo
2627 5395 2690 5433 ex
2725 5382 2923 5434 nostris
2956 5379 3235 5434 codicibus
3264 5389 3495 5449 reperta.
3530 5378 3712 5436 Paulo

2139 5459 2437 5523 postumus
2465 5451 2584 5523 cod.
2623 5448 2960 5523 Reguxaliqv
2998 5448 3487 5523 παρακαταθήκην.

2210 5519 2319 5593 (δᾴ)
2360 5519 2724 5593 Ποιήσωμεν.
2766 5519 3158 5593 Βεςςιιιιιιηιιε
3189 5519 3500 5593 ποιήσομεν.

2210 5591 2323 5659 (ϐὃὶ
2354 5590 2461 5644 Καὶ
2491 5593 2540 5644 εὶ
2569 5589 2807 5655 δήποτε.
2841 5589 2978 5644 Editi
3010 5599 3058 5644 et
3103 5589 3310 5645 veteres
3338 5589 3541 5660 aliquot
3571 5590 3715 5644 libri

2139 5662 2233 5715 καὶ
2262 5662 2543 5732 taque-reﬂ
2572 5662 2937 5732 Combetlsius
2962 5662 3239 5728 legendum
3276 5670 3423 5730 putat
3451 5676 3515 5732 ex
3550 5669 3713 5714 textu

2143 5729 2321 5803 sacro,
2352 5729 2665 5803 EinwgﬁBg
2702 5731 2852 5803 ποτέ.
2906 5729 3087 5803 Sceuti
3129 5729 3318 5803 sumus
3370 5731 3712 5803 scripturam

2144 5801 2277 5885 lies.
2331 5800 2600 5885 secundi.’
2626 5800 2800 5885 Paulq
2842 5802 3137 5885 pt'tstuitletlt
3189 5800 3356 5885 codex
3406 5802 3715 5872 καυχᾶσαι,

2141 5869 2249 5929 Alii
2285 5870 2530 5929 nonnulli
2559 5869 2859 5943 καυχᾶσθε.
2887 5869 3028 5928 Editi
3061 5870 3382 5941 καυχᾶσθαι.
