3908 6520
192 561 254 612 τὸ
269 560 356 610 νῦν
383 558 687 611 ἀποστάσει
702 559 763 610 τὸ
787 554 926 611 εἶναι
957 562 1318 630 καταμετρεῖν
1336 559 1450 621 πῶς
1472 559 1592 629 οὑχ).
1615 559 1748 630 πρὸς

190 651 256 720 τῇ
294 648 513 720 ἀσεϐείᾳ
555 649 638 702 ἐτι
670 651 763 702 καὶ
796 651 974 703 πᾶσαν
1017 649 1319 721 ὑπερϐολὴν
1364 650 1551 712 ἀνοίας
1598 649 1744 718 ἔχει’

189 738 487 810 εἶτερααθ
515 741 577 793 ὃν
604 742 806 811 τρόπον
846 741 914 795 τά
942 743 1000 795 ὲν
1035 741 1242 810 γενέσει
1269 741 1362 794 καὶ
1398 739 1573 812 φθορᾷ
1618 740 1749 811 πρό-

187 851 313 904 τερα
336 830 471 886 εἶναι
496 833 747 904 ἀλλήλων
773 833 1010 901 λέγεται,
1035 835 1174 886 κατὰ
1200 833 1290 886 τὸν
1313 834 1474 887 αὑτὸν
1498 834 1694 905 τρόπον
1721 835 1749 886 ὁ

185 930 313 991 Θεὸς
337 928 430 980 καὶ
461 929 654 999 Πατὴρ
680 927 760 999 τῷ
795 927 907 998 Υἱῷ
932 929 1024 982 καὶ
1056 927 1173 999 Θεῷ
1199 927 1278 998 τῷ
1309 929 1605 998 ὑπάρχοντι
1644 927 1749 999 πρὸ

182 1021 288 1073 τῶν
307 1019 518 1074 αἰώνων
539 1020 1062 1092 παραμετροῦμενος
1083 1019 1339 1092 ὑπερέχοι
1359 1035 1376 1086 ;
1407 1020 1567 1074 Ἀλλά
1587 1019 1744 1091 γάρὴ

180 1114 312 1182 πρὸς
340 1112 400 1164 τὸ
443 1113 559 1166 ἀνω
598 1112 841 1184 ὑπεροχὴ
897 1112 990 1166 τοῦ
1039 1113 1250 1185 Πατρὸς
1295 1111 1639 1183 ἀθεώρητος,
1671 1109 1748 1181 τῷ

177 1203 509 1268 ἁπαξαπλῶς
545 1205 685 1274 μήτε
733 1204 1048 1275 ἐνθύμησιν,
1087 1206 1221 1276 μήτε
1253 1203 1375 1258 τινὰ
1409 1203 1614 1257 ἔννοιαν
1651 1202 1748 1274 τὴν

175 1294 265 1347 τοῦ
291 1295 497 1368 Κυρίου
524 1295 779 1366 γέννησιν
808 1295 1141 1367 ὑπεραίρειν,
1168 1295 1346 1366 καλῶς
1367 1296 1461 1350 τοῦ
1504 1295 1747 1351 Ἰωάννου

170 1384 257 1436 δια
284 1385 378 1436 δύο
405 1385 602 1451 φωνῶν
635 1387 767 1438 εἵσω
803 1387 1190 1458 περιγράπτων
1213 1387 1478 1458 ὄρωντὴν
1511 1387 1747 1441 διάνοιαν

172 1474 615 1538 ἀποκλείσαντος.
638 1477 698 1528 ὲν
723 1476 800 1547 τῷ
822 1479 993 1530 εἰπεῖν
1009 1495 1022 1508 ο
1063 1479 1164 1532 Ἑν
1185 1477 1343 1548 ἀρχῇ
1371 1474 1450 1548 ἦν
1474 1482 1506 1533 ό
1537 1480 1744 1548 Λόγος.

184 1565 507 1618 Ἀνέκϐατον
541 1567 641 1635 μὲν
685 1566 794 1639 γάρ
826 1568 1084 1630 διανοίαις
1126 1569 1186 1620 τὸ
1226 1568 1339 1637 ἦν·
1371 1568 1746 1639 ἀνυπέρϐατον

168 1658 222 1710 δὲ
252 1658 582 1724 φαντασίαις
604 1659 717 1729 (78)
768 1660 932 1731 ἀρχή.
984 1660 1152 1712 Ὅσον
1186 1659 1295 1732 γὰρ
1330 1659 1395 1713 ἂν
1431 1659 1747 1733 ἀναδράμῃς

169 1750 228 1818 τῇ
257 1747 472 1818 διανοίᾳ
494 1749 588 1801 ἐπὶ
605 1749 667 1802 τὸ
688 1749 818 1813 ἀνω,
854 1749 954 1802 οὑκ
976 1749 1246 1813 ὲκϐαίνεις
1267 1749 1327 1802 τὸ
1349 1745 1447 1820 ἦν.
1480 1750 1589 1804 Καὶ
1621 1750 1743 1801 ὅσον

1320 347 1516 403 LIBER
1559 347 1645 402 DE
1687 349 1952 404 SPIRITU
1999 347 2286 404 SANCTO.

196 468 374 537 χρόνον
393 466 488 519 καὶ
520 467 729 529 πάντας
744 467 950 530 αἰῶνας
969 467 1337 540 ὑπερεχούσης
1363 466 1506 538 ζωῆς
1525 472 1590 539 τῇ
1620 469 1755 540 πρὸς
1782 485 1826 540 Α

1803 613 1806 618 .
1853 558 2255 632 quodammodo
2280 555 2577 628 app’areant
2603 557 2854 625 przrsenti
2875 553 3104 623 tempori
3130 553 3413 607 viciniora.

3345 345 3416 401 90

1856 470 1997 525 senti
2032 470 2130 538 ιι
2165 477 2444 537 tempore:
2486 473 2541 520 et
2585 464 2699 520 haec
2747 463 2853 518 illis
2895 462 3227 532 posteriora,
3271 464 3416 533 quod

1848 655 1920 708 At
1958 653 2080 723 ejus
2125 652 2278 716 vitae,
2308 665 2430 720 qua:
2459 664 2621 703 omne
2661 656 2876 718 tempus
2905 654 2959 700 et
2996 645 3175 700 omnia
3217 647 3416 700 saecula

1851 745 2227 809 transcendit,
2265 741 2644 798 exsistentiam
2687 740 2867 794 metiri
2905 738 3161 796 distantia
3209 755 3238 791 a
3281 754 3416 808 pra:-

1849 837 1990 894 senti
2023 845 2296 906 tempore,
2327 850 2396 888 an
2429 849 2538 889 non
2569 839 2762 903 praeter
2804 833 3165 904 impietatem,
3201 845 3416 885 onmem

1849 929 2008 984 etiam
2061 927 2385 990 dementiam
2429 933 2686 996 superat;
2732 923 2778 979 si
2823 923 3275 994 quemadmodum
3324 937 3414 978 res

1848 1020 2180 1090 generationi
2208 1018 2652 1090 corruptionique
2688 1017 2936 1072 obnoxia:
2951 1057 2966 1082 ,
2989 1017 3110 1072 aliis
3132 1017 3250 1070 alia:
3268 1015 3416 1086 prio-

1849 1129 1937 1169 res
1959 1128 2083 1168 esse
2111 1112 2384 1174 dicuntur,
2416 1109 2667 1166 eumdem
2698 1108 2765 1163 ad
2801 1109 3020 1164 modum
3052 1107 3194 1164 Deus
3223 1117 3278 1162 et
3305 1107 3412 1161 Pa-

1849 1213 1950 1266 ter,
1984 1203 2214 1258 collatus
2246 1217 2370 1256 cum
2409 1199 2546 1255 Filio
2575 1207 2629 1255 et
2661 1198 2771 1256 Deo
2800 1199 2893 1270 qui
2921 1207 3007 1253 est
3036 1208 3162 1254 ante
3189 1199 3410 1262 saecula,

1849 1294 2110 1364 superat?
2154 1297 2222 1346 At
2272 1292 2416 1348 enim
2465 1294 2674 1346 Patrem
2723 1307 2844 1347 esse
2887 1291 3212 1346 anteriorem
3254 1305 3412 1344 nemo

1849 1386 2022 1457 possit
2051 1387 2234 1438 animo
2265 1384 2574 1454 concipere,
2607 1399 2672 1438 eo
2699 1381 2843 1453 quod
2871 1381 3081 1437 Domini
3110 1381 3410 1452 generatioo

1848 1492 1970 1532 nem
2000 1491 2100 1530 nec
2137 1475 2244 1529 ulla
2290 1489 2518 1543 prorsus
2554 1473 2845 1543 cogitatio,
2885 1487 3060 1540 neque
3105 1471 3215 1525 ulla
3261 1470 3414 1524 notio

1848 1565 2226 1620 transcendat:
2264 1564 2468 1618 Joanne
2502 1563 2723 1634 pulchre
2761 1562 2974 1617 duabus
3007 1561 3232 1616 vocibus
3260 1561 3413 1627 cogi-

1848 1657 2104 1712 tationem
2138 1656 2278 1710 intra
2304 1653 2753 1724 circumscriptos
2782 1653 3045 1708 terminos
3075 1652 3408 1716 recludentc,

1847 1764 1970 1803 cum
1999 1750 2112 1802 ait:
2147 1747 2214 1802 In
2255 1747 2509 1814 principio
2547 1746 2662 1800 erat
2721 1745 2937 1798 Verbum
2963 1745 3028 1800 ⁸⁸.
3075 1743 3208 1798 Nam
3237 1760 3412 1814 neque

169 1839 231 1891 ἀν
272 1839 537 1910 διαταθῇς
599 1840 727 1894 ἰδεῖν
765 1839 860 1894 τοῦ
895 1839 1021 1894 Υἱοῦ
1059 1841 1129 1894 τὰ
1163 1841 1418 1894 ἐπέκεινα
1441 1840 1733 1914 ,νὺπεράνα

1848 1856 1913 1896 ex
1940 1841 2040 1894 hac
2067 1855 2216 1902 voce.
2245 1850 2384 1902 erat,
2415 1839 2673 1908 cogitatio
2694 1838 2898 1892 exitum
2931 1841 3170 1908 reperire
3200 1845 3409 1906 potest;

165 1933 416 1998 γενέσθαι
459 1932 563 2001 τῆς
602 1933 778 2003 ἀρχῆς
819 1934 881 1985 οὐ
912 1933 1137 2007 δυνήσῃ.
1187 1933 1422 1996 Εὑσεδὲς
1457 1929 1552 1986 οὖν
1598 1931 1738 1985 κατὰ

164 2025 351 2076 τοῦτον
385 2025 485 2077 τὸν
516 2026 720 2096 τρόπον
755 2026 874 2096 ἅμα
904 2031 1043 2082 νοεῖν
1083 2029 1176 2081 τὸν
1203 2028 1330 2082 Υίὸν
1364 2026 1442 2098 τῷ
1467 2027 1661 2097 Πατρί.

1843 1949 2017 2002 neque
2048 1933 2375 2003 principium
2428 1931 2746 2002 imaginatio
2795 1929 3197 1986 transcendere.
3230 1929 3412 1995 Quan-

1842 2023 2044 2078 turnvis
2081 2023 2228 2078 enim
2277 2023 2604 2093 cogitatione
2651 2037 2844 2078 curras
2889 2020 2958 2076 ad
3005 2021 3308 2075 anteriora:
3342 2035 3412 2076 ex

165 2133 316 2204 voce,
372 2127 515 2182 erat,
581 2120 787 2174 exitum
811 2136 924 2176 non
979 2123 1209 2192 reperis.
1279 2121 1344 2176 Et
1377 2123 1730 2192 quantumvis
1763 2119 2026 2174 institeris
2057 2117 2237 2173 videre
2284 2133 2403 2187 quae
2439 2118 2550 2172 sint
2603 2118 2744 2172 ultra
2793 2115 3010 2180 Filium,
3053 2130 3162 2169 non
3209 2113 3410 2185 poteris

162 2216 344 2264 tanien
377 2225 642 2290 superare
673 2211 1021 2282 principium.
1062 2211 1249 2283 Itaque
1280 2213 1427 2283 pium
1468 2221 1553 2267 est
1588 2213 1746 2282 juxta
1785 2211 1928 2265 hanc
1947 2210 2212 2264 rationem
2241 2207 2434 2262 Filium
2460 2209 2621 2264 simul
2645 2224 2767 2262 cum
2795 2206 2952 2260 Patre
2986 2205 3304 2272 intelligere.

229 2300 322 2354 15.
363 2301 427 2353 ΕΞ
463 2301 510 2354 δ’
541 2301 618 2366 ὡς
660 2304 718 2356 ἐν
745 2304 896 2375 τόπῳ
923 2305 1262 2377 ὑποκειμένῳ
1308 2305 1571 2358 ὑπόϐασίν
1614 2322 1734 2358 τινα

159 2391 248 2443 τοῦ
283 2392 418 2444 Υἱοῦ
472 2393 652 2446 νοοῦσι
689 2394 826 2466 πρὸς
880 2396 970 2449 τὸν
1013 2398 1250 2468 Πατέρα,
1297 2396 1436 2449 ὥστε
1485 2397 1737 2466 ὑπεράνω

160 2483 256 2550 μὲν
290 2481 385 2533 τὸν
423 2482 646 2550 Πατέρα
684 2483 973 2553 καθῆσθαι,
1010 2481 1143 2550 πρὸς
1167 2482 1222 2535 δὲ
1259 2483 1319 2536 τὸ
1349 2481 1545 2553 ἐφεξῆς
1574 2485 1654 2546 εἰς
1677 2483 1738 2536 τὸ

158 2573 308 2624 κάτω
349 2571 439 2624 τὸν
478 2573 604 2626 Υἱὸν
648 2573 948 2639 ἀπεῶσθαι,
982 2574 1410 2644 ὀμολογείτωσαν
1442 2574 1615 2639 τοῦτο,
1645 2576 1738 2628 καὶ

157 2666 325 2731 ἡμεῖς
357 2665 714 2735 σιωπήσομεν
752 2666 885 2736 (79),
917 2665 1015 2735 τῆς
1057 2667 1343 2737 ἐναργείας
1373 2667 1481 2738 (80)
1516 2666 1738 2720 αὐτόθεν

155 2755 214 2806 τὸ
253 2757 602 2824 ἀπμφαίνον
632 2757 882 2828 ὲχοὺσης.
923 2759 1055 2810 Οὐδὲ
1087 2758 1196 2829 γὰρ
1237 2759 1298 2811 τὸ
1343 2761 1400 2811 ὲν
1447 2761 1558 2821 τοῖς
1590 2758 1734 2826 λογι-

159 2849 321 2913 σμοῖς
353 2846 647 2901 ἀκόλουθον
679 2847 1030 2911 διασώζουσιν
1056 2851 1105 2902 οἱ
1135 2850 1222 2902 διὰ
1270 2850 1485 2904 πάντων
1528 2848 1734 2921 διήκειν

155 2937 229 3007 τῷ
263 2938 445 3007 Πατρὶ
481 2940 557 3011 μὴ
599 2939 850 3005 διδόντες,
877 2941 978 3011 τῆς
1003 2941 1109 2995 τῶν
1144 2942 1492 3010 ὑγιαινόντων
1526 2943 1732 3008 ἐννοίας

153 3031 219 3082 τὰ
253 3030 438 3084 πάντα
468 3032 560 3084 τὸν
581 3033 712 3085 Θεὸν
739 3033 1152 3104 πεπληρωκέναι
1188 3035 1546 3106 πιστευούσης
1565 3051 1578 3065 °
1607 3035 1728 3089 οὑδὲ

1911 2304 1995 2358 15.
2037 2301 2194 2367 Quod
2221 2301 2267 2356 si
2300 2302 2442 2356 velut
2473 2302 2530 2356 in
2567 2314 2688 2355 loco
2722 2300 3014 2353 humiliore
3034 2296 3230 2350 Filium
3256 2294 3408 2350 Patri

1839 2395 2066 2449 subesse
2113 2376 2516 2463 imaginantur;
2555 2392 2689 2446 utin
2735 2390 2955 2446 sublimi
3003 2388 3190 2464 sedeat
3225 2387 3406 2451 Pater,

1837 2499 1900 2539 ac
1944 2484 2067 2540 dein
2099 2481 2270 2538 Filius
2301 2483 2354 2537 in
2410 2483 2589 2537 locum
2635 2483 2949 2537 inferiorem
3001 2481 3261 2535 detrusus
3303 2480 3408 2542 sit;

1839 2576 2112 2631 fateantur
2139 2575 2306 2637 istud,
2345 2583 2400 2629 et
2431 2588 2532 2629 nos
2556 2575 2881 2638 tacebimus,
2923 2580 3108 2642 aperta
3145 2570 3404 2642 loquendi

1838 2667 2049 2721 ratione
2081 2682 2175 2736 per
2225 2681 2284 2722 se
2324 2665 2715 2720 absurditatem
2763 2665 3019 2719 babente.
3055 2661 3188 2716 Nam
3230 2677 3328 2717 nec
3353 2664 3409 2716 in

1836 2757 2214 2812 ratiocinando
2237 2757 2341 2813 sibi
2368 2764 2644 2818 constant,
2685 2757 2775 2825 qui
2819 2771 2927 2808 non
2962 2752 3270 2808 concedunt
3303 2750 3409 2806 Pa-

1833 2860 1970 2906 trem
2005 2850 2074 2905 ad
2098 2851 2355 2905 universa
2396 2849 2726 2919 pertingere,
2777 2863 2900 2902 cum
2931 2861 3120 2902 eorum
3155 2845 3246 2915 qui
3286 2845 3407 2899 sani

1831 2950 1980 3008 sunt,
2042 2941 2298 3012 cogitatio
2352 2940 2542 2995 credat
2587 2937 2756 2994 Deum
2798 2939 3052 3007 implesse
3094 2937 3351 2990 universa
3386 2954 3404 2992 :

1828 3050 1928 3088 nec
1961 3032 2319 3088 recordantur
2347 3031 2623 3102 Propheta:
2653 3030 2884 3084 dicentis
2912 3027 3001 3081 :Si
3023 3025 3308 3081 ascendere
3352 3028 3406 3079 in

156 3123 471 3193 μέμνηνται
500 3124 594 3177 τοῦ
625 3126 906 3196 προφήτου
937 3126 1181 3194 λέγοντος
1200 3145 1213 3158 ·
1259 3127 1393 3182 Ἐὰν
1421 3126 1620 3183 ἀναϐῶ
1645 3131 1732 3194 εὶς

1839 3127 2040 3189 caelum,
2081 3137 2136 3179 tu
2165 3125 2278 3178 illic
2298 3141 2351 3179 es
2374 3140 2392 3189 ,°
2427 3124 2474 3178 si
2512 3121 2822 3177 descendero
2842 3122 2910 3175 ad
2938 3121 3156 3190 inferos,
3183 3120 3361 3175 ades”
3387 3137 3404 3187 ;

155 3217 261 3266 τὸν
303 3213 588 3282 οὐρανὸν,
641 3215 723 3268 σὺ
771 3217 896 3269 ἐκεῖ
939 3214 1026 3271 εἷ’
1059 3218 1167 3272 ἐὰν
1209 3217 1440 3273 καταϐῶ
1487 3222 1573 3285 εἰς
1627 3221 1732 3274 τὸν

154 3302 340 3369 ᾷόην,
389 3302 563 3371 πάρει
585 3318 598 3332 ’
641 3305 691 3357 οἱ
723 3304 785 3357 τὸ
830 3305 940 3358 ἄνω
972 3309 1062 3359 καὶ
1103 3309 1252 3362 κάτω
1281 3310 1359 3372 εις
1391 3309 1609 3380 Πατέρα
1639 3309 1730 3362 καὶ
1759 3335 1766 3342 -

157 3397 283 3449 Υἱὺν
326 3395 680 3466 διαιροῦντες.
719 3397 836 3450 Ἵνα
869 3397 925 3449 δὲ
951 3397 1048 3467 τῆς
1087 3399 1354 3469 ἀμαθείας
1386 3399 1476 3454 τὸν
1511 3400 1730 3470 ἔλεγχον

155 3487 447 3556 σιωπήσω,
493 3485 658 3538 τόπον
706 3487 801 3540 ἐπὶ
839 3486 943 3539 τῶν
983 3488 1289 3558 ἀσωμάτων
1332 3488 1726 3560 ἀφοριξόντων·

155 3579 204 3630 τξ
235 3579 340 3648 τὴν
376 3578 516 3649 πρὸς
559 3579 656 3641 τὰς
686 3578 906 3647 Γραφάς
937 3580 1116 3650 μάχην
1150 3581 1244 3634 καὶ
1277 3582 1588 3634 ἐναντίωσιν
1636 3583 1733 3636 αὑ-

154 3669 264 3722 τῶν
308 3668 482 3750 οὕτως
531 3669 883 3740 ἀναίσχυντον
931 3666 1094 3724 οὖσαν
1137 3671 1612 3744 παραμυθήσεται,
1647 3672 1728 3736 τὸ,

155 3760 358 3814 Κάθου
395 3761 466 3814 ἐτι
490 3761 708 3825 δεξιῶν
719 3779 859 3830 μου,
885 3762 975 3815 καὶ
1008 3763 1086 3828 τὸ,
1134 3761 1447 3818 Ἐκάθισεν
1473 3763 1543 3818 ἐν
1564 3762 1730 3830 δεξιᾷ

156 3850 265 3918 τῆς
282 3853 712 3920 μεγαλοσύνης
745 3852 849 3906 τοῦ
887 3852 1070 3915 Θεοῦ;
1109 3853 1181 3905 Τὸ
1209 3852 1318 3924 γὰρ
1343 3853 1513 3918 δεξιὸν
1541 3855 1600 3908 οὑ
1631 3857 1730 3924 τὴν

156 3943 308 3995 κάτω
351 3941 538 4012 χώραν
585 3941 735 4014 δηλοῖ
784 3942 879 4012 (ὡς
922 3945 949 3996 ὁ
980 3943 1184 3996 τούτων
1225 3943 1426 4014 λόγος),
1462 3945 1595 3997 ἀλλά
1631 3948 1732 4016 τὴν

157 4035 296 4104 πρὸς
329 4033 390 4087 τὸ
425 4034 540 4086 ἴσον
569 4033 749 4103 σχέσιν
771 4052 786 4064 ·
823 4034 882 4086 οὑ
915 4035 1242 4105 σωματικῶς
1267 4035 1361 4089 τοῦ
1389 4036 1563 4101 δεξιοῦ
1596 4037 1732 4108 λαμ-

157 4126 458 4198 ϐανομένου
492 4125 655 4187 (οὑτω
683 4127 793 4198 γὰρ
823 4127 887 4180 ἀν
920 4146 970 4180 τι
999 4128 1094 4181 καὶ
1127 4129 1312 4182 σκαιὸν
1342 4130 1434 4182 ἐπὶ
1464 4119 1559 4182 ’τοῦ
1596 4127 1730 4182 Θεοῦ

157 4217 288 4287 εἴη),
322 4217 441 4270 ἀλλ’
473 4222 537 4270 ὲκ
580 4216 691 4270 τῶν
723 4218 918 4288 τιμίων
950 4220 1050 4290 τῆς
1084 4221 1438 4292 προσεδρείας
1471 4221 1584 4292 (8|)
1617 4223 1734 4274 ὀνο-

161 4309 346 4378 μάτων
389 4307 454 4360 τὸ
509 4309 927 4379 μεγαλοπρεπὲς
967 4311 1068 4380 τῆς
1107 4313 1235 4384 περὶ
1271 4314 1362 4366 τὸν
1394 4312 1521 4366 Υίδν
1569 4313 1733 4384 τιμῆς

161 4399 535 4468 παριστῶντος
577 4398 671 4452 τοῦ
697 4399 878 4467 λόγου.
917 4401 1250 4472 Λειπόμενον
1277 4401 1455 4456 τοίνυν
1491 4402 1602 4474 (82)
1635 4404 1731 4457 αὑ-

228 4556 275 4585 "
302 4551 462 4609 Jo.=n.
495 4570 535 4618 ι,
571 4554 622 4608 l.

1833 3216 1926 3288 qui
1960 3230 2126 3286 supra
2165 3223 2219 3270 et
2242 3213 2385 3269 infra
2434 3214 2745 3283 partiuntur
2780 3214 2920 3268 inter
2966 3213 3182 3268 Patrem
3231 3221 3286 3268 et
3318 3211 3404 3266 Fi-

1832 3306 1984 3360 lium.
2009 3307 2076 3360 At
2113 3314 2172 3360 ut
2204 3305 2339 3359 nihil
2385 3304 2564 3358 dicam
2600 3303 2666 3356 ad
2707 3303 3138 3373 redarguendam
3180 3303 3402 3359 illorum

1831 3395 2182 3465 imperitiam,
2202 3394 2368 3448 rebus
2391 3393 2733 3462 incorporeis
2755 3393 2932 3446 locum
2953 3393 3401 3461 attribuentium;

1831 3485 1962 3558 qurd
1990 3486 2273 3542 excusabit
2303 3500 2493 3540 eorum
2523 3485 2879 3554 impietatem,
2913 3499 3021 3554 qua
3062 3491 3171 3538 tam
3214 3484 3398 3554 impu-

1830 3577 2021 3632 denter
2051 3585 2353 3646 repugnant
2385 3574 2854 3644 adversanturque
2901 3572 3402 3644 Scripturis?quod

1829 3684 2002 3739 genus
2038 3677 2121 3724 est
2153 3667 2318 3722 illud:
2348 3668 2482 3723 Sede
2509 3666 2752 3719 adextris
2783 3667 2967 3719 meis"
2994 3685 3008 3731 ;
3033 3675 3116 3720 et:
3142 3665 3394 3720 Consedit

1830 3762 1885 3814 in
1911 3759 2100 3813 dextra
2142 3758 2440 3828 majestatis
2488 3757 2584 3812 Dei
2603 3757 2668 3810 ³⁷.
2718 3755 2904 3826 Neque
2953 3757 3096 3810 enim
3137 3755 3392 3810 dextrum

1831 3852 2104 3922 signiﬁcat
2148 3851 2327 3905 locum
2373 3848 2690 3904 inferiorem
2766 3847 2911 3918 quod
2951 3847 3040 3902 isti
3079 3846 3397 3918 praedicant,

1831 3943 1925 3997 sed
1958 3941 2275 3998 relationem
2303 3939 2369 3994 ad
2403 3938 2458 3993 id
2491 3938 2634 4008 quod
2662 3954 2706 3992 te
2727 3940 2867 4008 [uale
2895 3946 3010 4001 est;
3045 3937 3249 4007 quippe
3267 3952 3397 3992 cum

1830 4034 2076 4089 dextrum
2107 4048 2216 4087 non
2248 4031 2547 4100 accipiatur
2573 4027 2935 4100 corporaliter
2963 4028 3065 4096 (sic
3097 4029 3243 4082 enim
3267 4043 3396 4097 pos-

1831 4128 1902 4180 sit
1931 4127 2093 4181 etiam
2132 4139 2253 4181 esse
2284 4121 2488 4194 aliquid
2514 4122 2798 4176 sinistrum
2823 4121 2876 4174 in
2909 4119 3039 4191 Deo)
3078 4118 3173 4174 sed
3215 4119 3391 4174 hono-

1833 4219 1999 4275 rificis
2027 4217 2304 4275 assidendi
2324 4217 2504 4273 verbis
2520 4215 2996 4288 Filiimajestatem
3021 4200 3395 4285 honoremque

1834 4313 2116 4383 Scriptura
2167 4312 2238 4368 ob
2271 4312 2462 4366 oculos
2496 4320 2680 4380 ponat.
2744 4308 3033 4379 Reliquum
3082 4315 3169 4362 est
3205 4307 3394 4376 igitur,

1837 4412 1893 4457 ut
1924 4405 2026 4460 hac
2067 4420 2200 4460 voce
2244 4403 2527 4477 dignitatis
2555 4401 2870 4458 inferiorem
2905 4397 3134 4471 gradum
3166 4397 3397 4454 indicari

699 4555 743 4585 "
775 4553 919 4611 Psal.
947 4571 1210 4621 cxxxvut,
1241 4557 1294 4611 8.
1370 4556 1414 4588 "
1444 4556 1590 4614 Psal.
1624 4573 1736 4623 cu,
1773 4559 1820 4612 1.
1895 4560 1938 4590 ’⁷
1969 4558 2136 4614 Ilebr.
2176 4575 2215 4625 ι,
2248 4560 2301 4615 5.
2375 4534 2380 4542 Ι

229 4710 339 4781 (78)
375 4715 742 4786 Διανοίαις...
777 4713 1162 4786 φαντασίαις.Δ
1199 4709 1290 4766 Sic
1319 4712 1428 4786 duo
1473 4712 1597 4767 libri
1643 4729 1726 4769 vc~
1758 4720 1800 4777 ι)
1828 4713 2043 4786 diverso
2066 4730 2250 4777 sensu,
2281 4715 2403 4770 licet
2445 4715 2662 4772 diverso
2690 4718 2979 4773 verborum
3014 4720 3226 4786 ordine,
3256 4719 3394 4775 dixit

162 4790 322 4845 teres,
377 4784 581 4852 quibus
642 4785 781 4836 favet
831 4784 1058 4835 aliorum
1100 4783 1260 4835 trium
1309 4783 1577 4852 seriptura
1619 4786 1725 4837 δια-

162 4853 372 4915 νοξας...
400 4851 738 4924 ίφαντασίας.
793 4852 932 4905 Editi
967 4851 1238 4924 διανοίᾳ...
1280 4851 1564 4924 φαντασίᾳ.
1607 4856 1724 4907 Ali-

162 4933 365 4991 quanto
410 4931 536 4992 post
565 4923 694 4978 editi
739 4924 830 4976 ἐπὶ
868 4924 936 4976 τὰ
986 4923 1116 4988 ἀνω,
1156 4924 1373 4979 codices
1412 4923 1546 4980 mss.
1582 4933 1643 4979 ut
1671 4925 1724 4980 iu

160 5002 442 5048 contextu.
927 5033 937 5042 .

231 5065 345 5136 (79)
385 5063 798 5136 Σιωπῄσομενξ.
831 5061 963 5136 Tres
993 5061 1210 5136 codices
1235 5066 1618 5136 moirtchuev.

227 5131 338 5202 (80)
385 5131 500 5200 Τῆς
539 5134 867 5202 ἐναργείας.
909 5132 999 5187 Sic
1031 5134 1140 5188 duo
1166 5131 1556 5190 codices'ms's.
1585 5135 1730 5201 Qua-

165 5210 282 5256 tuor
309 5206 401 5257 alii
435 5205 752 5275 cumreditis
794 5203 990 5258 habent
1018 5205 1313 5275 ἐνεργείας.
1352 5205 1457 5260 Sed
1488 5206 1724 5275 proclive

169 5275 260 5326 fuit
307 5289 498 5328 errare
534 5274 791 5345 librariis,
836 5291 974 5343 quos
1024 5274 1242 5345 pariter
1269 5277 1324 5329 in
1369 5274 1556 5330 eadem
1594 5291 1723 5331 voce

167 5359 299 5413 sti-pe
332 5346 472 5398 alias
512 5343 804 5416 olIendisse
849 5343 1172 5398 videbimus.
1220 5344 1522 5416 Scriptura,
1559 5363 1720 5415 quam

168 5416 328 5467 secuti
357 5431 572 5476 sumus,
607 5415 772 5468 lueret
817 5424 869 5469 et
914 5418 1168 5468 conducit
1207 5415 1484 5486 pr0posito
1515 5417 1720 5478 Basilii,

168 5486 250 5551 qui
277 5494 538 5554 provocat
571 5486 854 5539 haereticos
874 5495 944 5554 fut
980 5495 1162 5554 aperte
1183 5489 1366 5539 dicant
1388 5486 1600 5541 Patrem
1631 5501 1724 5540 su-

171 5553 372 5621 periure
421 5557 543 5610 loco
601 5555 812 5618 sedere,
845 5553 1038 5609 Filium
1081 5555 1370 5622 inferiore;
1418 5565 1548 5610 tunc
1581 5557 1724 5611 enim

169 5626 340 5694 verbis
384 5626 452 5678 ad
495 5641 592 5680 eos
636 5625 962 5680 relellendos
992 5641 1128 5694 opus
1159 5642 1266 5680 non
1303 5627 1564 5690 futurum,
1599 5643 1722 5681 cum

167 5693 423 5760 ejusmodi
446 5697 742 5758 sententia,
771 5696 816 5750 si
849 5693 1118 5766 palamac
1145 5697 1261 5751 sine
1291 5697 1724 5753 dissimulatione

169 5767 488 5833 enuntietur,
534 5767 881 5824 manifestam
923 5766 1117 5822 habeat
1146 5769 1576 5839 repugnantiam.
1605 5766 1722 5822 Non

1828 4783 2069 4861 Basilius
2092 4787 2143 4837 in
2184 4786 2511 4861 epistolual.
2557 4787 2662 4841 544
2695 4803 2708 4839 :
2736 4789 2967 4861 Αὑτόθεν
2992 4789 3102 4860 ἔχει
3135 4783 3395 4861 τοὲναρ-

1826 4855 1920 4935 γὲς
1956 4857 1989 4925 ἡ
2023 4854 2354 4926 βλασφημία.
2393 4855 2502 4910 Sua
2532 4866 2710 4925 sponte
2744 4854 3132 4929 manifestauest
3157 4854 3394 4928 blasphe-

1829 4941 1954 4980 mm.

1899 4995 2010 5065 (8|)
2034 4994 2444 5069 Προσεδρείᾳς.
2473 4995 2730 5061 Quamvis
2762 4996 2874 5052 haec
2901 4999 3168 5069 scriptura
3197 4999 3252 5053 in
3281 5015 3396 5055 uno

1831 5074 2039 5118 tantum
2069 5074 2243 5120 exstet
2273 5067 2460 5121 codice
2494 5082 2620 5125 ms..
2653 5070 2922 5122 assentior
2952 5067 3130 5122 tamen
3161 5069 3395 5124 Combe-

1833 5136 1950 5190 iisio
1983 5151 2118 5210 eam
2145 5137 2369 5210 vulgata:
2402 5136 2709 5210 προεδρίας,
2740 5154 2858 5207 quin
2886 5140 2937 5191 in
2972 5139 3092 5194 aliis
3122 5141 3392 5210 reperitur

1831 5221 1962 5261 mss.
1983 5205 2281 5277 _codicibus
2312 5216 2364 5262 et
2390 5205 2583 5267 editis,
2615 5205 2998 5277 praeferendam
3043 5205 3199 5263 essef
3214 5210 3386 5265 Filius

1828 5274 2143 5352 cu_ni_l’atre
2186 5284 2532 5352 comparatus
2574 5274 2685 5352 non
2725 5280 2885 5333 habet
2937 5279 3245 5352 προεδρίαν,
3291 5296 3394 5335 nec

1830 5346 1905 5398 illi
1942 5345 2200 5402 Erasmus
2241 5345 2357 5402 sine
2389 5348 2624 5402 absurdo
2656 5356 2960 5402 conuuento
2981 5345 3392 5416 'prw'sidenliam

1829 5417 1944 5489 (sic
1961 5419 2106 5489 enim
2161 5418 2398 5472 reddidit
2443 5418 2580 5489 hanc
2620 5418 2827 5489 vocem)
2875 5420 3166 5489 attribuere
3196 5422 3388 5489 potuit.

1898 5485 2008 5558 (82)
2043 5489 2407 5558 Λειπόμενον
2432 5488 2657 5558 τοίνυν.
2686 5485 2819 5542 Cod.
2863 5487 3102 5546 Cnlbert.
3131 5485 3390 5544 Λείπεται

1823 5555 2022 5610 τοίνυν.
2067 5555 2356 5612 Contendit
2390 5567 2568 5611 autetn
2624 5557 2725 5612 hoc
2776 5559 2894 5613 loco
2922 5559 3280 5616 Combelisius
3311 5562 3389 5614 le-

1823 5627 2054 5695 gendum
2083 5642 2223 5691 esse,
2258 5637 2316 5682 ut
2339 5629 2391 5680 in
2419 5629 2660 5696 margine
2683 5630 2887 5685 codicis
2913 5629 3244 5694 llenriciani,
3267 5631 3389 5684 οὐδὲ

1822 5697 1998 5762 ἀξίας,
2041 5706 2092 5773 et
2115 5699 2222 5773 Asic
2252 5697 2580 5773 reddendum
2609 5718 2635 5773 Δ;
2668 5699 2994 5773 Relinquitur
3045 5703 3204 5773 igitur
3253 5701 3387 5766 illis,

1823 5778 1878 5820 ut
1917 5785 2008 5822 nec
2046 5768 2339 5838 inferiorem
2376 5768 2647 5840 digititufis
2689 5768 2906 5843 gradum
2936 5787 3027 5840 per
3050 5768 3183 5828 lianc
3213 5787 3384 5827 tacent
