3908 6554
449 382 521 440 9‘5

1783 384 1841 442 S.
1890 384 2137 442 BASlLll
2170 385 2385 442 MAGNI

3607 372 3683 430 96

452 507 657 563 mento,
692 499 783 568 qui
820 508 1072 556 ornatum
1108 511 1311 563 amant.
1364 516 1566 556 novum
1627 517 1842 574 semper
1887 518 2016 575 prte-

2138 520 2218 570 m,
2258 503 2447 575 ὥσπερ
2478 501 2570 557 ἐπὶ
2597 501 2696 572 τῆς
2724 497 2949 570 ἐσθῆτος
2973 497 3023 550 oi
3053 495 3367 567 φιλόκοσμοι
3390 493 3489 566 τὴν
3524 491 3695 563 ἐξηλ-

453 590 637 645 ierunt
668 589 968 648 communi.
995 588 1197 646 Videas
1226 592 1409 662 itaque
1437 593 1733 649 etiamnum
1782 596 2018 650 rustica-

452 696 535 737 na:
568 681 745 753 plebis
789 682 844 737 in
875 681 977 737 hac
1005 696 1138 739 voce
1182 698 1387 739 morem
1430 687 1752 757 antiquum:
1785 688 2013 743 istorum

440 781 630 829 autem
664 773 953 836 artiﬁcum.
997 785 1048 830 et
1083 776 1136 829 in
1181 776 1468 832 verborum
1504 781 1699 849 pugnis
1751 780 2018 834 contrito-

453 879 575 918 rum
604 863 813 934 signata
854 879 1006 920 novae
1050 866 1334 936 sapientia:
1357 868 1602 923 cauterio
1652 869 1835 924 verba.
1885 869 2019 925 Pro-

450 960 580 1015 inde
610 958 756 1032 quod
788 974 817 1013 a
845 958 1143 1029 majoribus
1178 962 1384 1017 nostris
1429 963 1635 1016 dictum
1669 970 1776 1026 est,
1820 973 1874 1017 et
1917 977 2017 1017 nos

448 1050 712 1116 dicimus,
751 1051 978 1122 gloriam
1033 1052 1282 1108 videlicet
1330 1068 1671 1110 communem
1716 1069 1837 1111 esse
1873 1053 2017 1110 Patri

450 1157 517 1196 ac
551 1140 711 1207 Filio,
741 1151 1077 1213 quapropter
1102 1157 1225 1196 cum
1260 1141 1395 1198 Filio
1427 1144 1881 1215 gloriﬁcationem
1912 1144 2016 1198 Pa-

452 1235 523 1288 tri
557 1234 937 1304 persolvimus.
985 1234 1304 1305 Quanquam
1328 1221 1445 1291 ‘boc
1468 1238 1627 1293 nobis
1673 1253 1780 1291 non
1815 1246 1898 1292 est
1932 1252 2020 1294 sa-

457 1323 547 1388 tis,
585 1323 664 1378 sic
696 1337 726 1377 a
754 1321 1007 1384 Patribus
1032 1339 1156 1379 esse
1192 1323 1489 1393 traditum;
1523 1342 1648 1381 nam
1674 1334 1729 1381 et
1760 1326 1839 1381 illi
1873 1327 2020 1382 Scri-

459 1424 631 1486 ptura:
654 1416 824 1471 secuti
853 1424 980 1472 sunt
1009 1418 1357 1484 sententiam,
1406 1434 1474 1474 ex
1503 1421 1854 1484 testimoniis,
1900 1429 2021 1492 quae

458 1508 623 1578 paulo
656 1517 783 1564 ante
816 1508 972 1563 vobis
1016 1524 1047 1563 e
1078 1506 1366 1580 Scriptura
1398 1511 1708 1576 citavimus,
1756 1513 2021 1585 principia

459 1610 757 1657 sumentes.
788 1600 1057 1672 Splendor
1083 1603 1229 1657 enim
1281 1618 1405 1656 cum
1459 1604 1629 1675 gloria
1678 1604 2018 1676 intelligitur,

459 1703 514 1747 et
544 1693 723 1763 imago
748 1708 870 1748 cum
898 1694 1211 1765 archetypo,
1241 1702 1294 1749 et
1320 1692 1492 1750 Filius
1519 1696 1743 1750 omnino
1766 1712 1889 1751 cum
1919 1696 2023 1752 Pa-

463 1792 564 1847 tre,
600 1800 722 1837 cnm
747 1799 854 1839 nec
878 1784 1156 1839 nominum
1178 1785 1589 1855 consequentia,
1616 1787 1810 1842 nedum
1837 1802 2017 1843 rerum

461 1881 678 1939 natura,
712 1876 1110 1946 scparationem
1159 1876 1429 1932 admittat.

979 2163 1085 2237 ιη
1120 2163 1349 2220 ςΑΡυτ
1383 2164 1515 2225 vm.

464 2277 604 2357 Ωιι-οι
633 2277 800 2333 modis
827 2279 1151 2357 intelligatur
1166 2282 1276 2357 time
1294 2285 1582 2357 particula,
1603 2304 1621 2336 ι
1643 2303 1735 2355 per
1748 2304 1919 2357 quem,
1942 2309 1960 2343 ι
1977 2300 2027 2344 et

534 2349 706 2426 inquo
742 2365 895 2426 sensu
925 2349 1303 2426 congruentius
1325 2354 1543 2426 dicitur,
1564 2376 1582 2407 ι
1604 2349 1866 2426 cumquo:
1894 2349 1916 2411 ί
1938 2362 2027 2415 ubi

530 2419 692 2472 etiam
709 2421 1004 2497 exponitur,
1023 2419 1283 2497 quomodo
1296 2419 1605 2479 mandatum
1622 2419 1806 2497 accipit
1824 2429 1872 2482 ιτ
1874 2429 2023 2495 ilius,

531 2498 582 2542 et
608 2489 866 2559 quomodo
898 2492 1144 2545 mittitur.

539 2603 626 2658 i7.
663 2601 848 2672 Itaque
877 2618 1025 2675 cum,
1050 2605 1345 2675 Apostolus
1375 2608 1580 2677 gratias
1627 2610 1737 2681 agit
1780 2610 1890 2668 Deo
1932 2629 2028 2685 per

458 2692 648 2749 Jesum
693 2694 967 2751 Christum
1016 2694 1081 2760 ”,
1123 2711 1186 2751 ac
1221 2713 1417 2754 rursus
1468 2715 1591 2754 cum
1642 2702 1716 2756 ait
1765 2718 1886 2760 sese
1933 2721 2028 2776 per

465 2786 617 2840 illum
649 2787 927 2856 accepisse
947 2787 1178 2859 gratiam
1207 2796 1262 2844 et
1291 2793 1654 2861 apostolatum
1680 2794 1747 2848 ad
1769 2795 2027 2852 obedien-

463 2879 595 2933 tiam
629 2879 753 2935 ﬁdei
804 2880 859 2935 in
907 2881 1165 2937 omnibus
1210 2883 1465 2953 gentibus
1496 2884 1563 2953 ιδ,
1599 2895 1693 2941 aut
1725 2902 1850 2944 cum
1896 2890 2027 2946 dicit

464 2984 566 3023 nos
596 2984 692 3040 per
726 2984 850 3025 eum
882 2984 1165 3028 accessqu
1202 2971 1398 3029 habere
1436 2974 1504 3028 ad
1534 2975 1766 3045 gratiam
1802 2977 1941 3034 hanc
1971 2979 2026 3034 in

458 3080 570 3133 qua
606 3071 815 3120 stamus
848 3073 899 3120 et
930 3065 1228 3136 gloriamur
1261 3068 1327 3133 “,
1368 3068 1516 3126 illius
1551 3085 1681 3143 erga
1725 3088 1825 3129 nos
1858 3074 2023 3131 bene-

374 3190 380 3198 .
467 3153 588 3208 ﬁcia
606 3153 866 3217 declarat,
894 3169 1039 3232 nunc
1060 3155 1276 3226 quidem
1300 3164 1409 3212 uta
1435 3157 1594 3216 Patre
1617 3162 1844 3232 gratiam
1866 3164 2027 3220 bono-

467 3261 588 3300 rum
622 3247 678 3300 in
708 3261 809 3300 nos
839 3228 1295 3315 transfundentis,
1326 3266 1474 3306 nunc
1500 3267 1721 3308 rursum
1753 3265 1815 3310 ut
1848 3272 1944 3327 per
1969 3275 2028 3314 se

467 3336 644 3406 ipsum
674 3337 1025 3395 conciliantis
1067 3355 1168 3396 nos
1220 3339 1387 3397 Patri.
1432 3342 1712 3415 Siquidem
1759 3362 1885 3403 cum
1920 3351 2026 3413 ait,

472 3428 573 3483 Per
599 3445 749 3501 quem
771 3430 1066 3501 accepimus
1104 3434 1335 3503 gratiam
1372 3446 1422 3490 et
1466 3438 1823 3507 apostolatum
1855 3442 1918 3509 ³⁸,
1951 3443 2027 3498 si-

462 3521 688 3593 gniﬁcat
736 3523 1004 3580 bonorum
1065 3526 1411 3598 largitionem
1463 3532 1532 3586 ab
1588 3534 1681 3588 illo
1735 3535 2029 3604 proﬁcisci.

472 3615 705 3673 Rursum
747 3632 872 3671 cum
898 3618 973 3671 ait
1009 3616 1145 3673 :Per
1185 3636 1337 3689 quem
1381 3637 1645 3679 accessura
1685 3624 1931 3682 habemus
1964 3628 2029 3691 ",

469 3708 676 3764 assumi
696 3724 819 3775 nos,
841 3724 906 3763 ac
939 3708 1045 3764 Deo
1069 3725 1164 3780 per
1183 3711 1461 3768 Christum
1488 3716 1746 3789 conjungi
1770 3720 2030 3778 ostendit.
2060 3738 2063 3741 ·

469 3800 611 3856 Num
647 3802 810 3872 igitur
840 3802 1031 3873 gratia:
1060 3818 1223 3872 quam
1258 3804 1312 3858 in
1347 3805 1505 3862 nobis
1533 3816 1794 3878 operatur
1820 3812 2035 3867 confes-

470 3893 555 3949 sio
584 3892 840 3947 diminuit
871 3893 1017 3949 illius
1057 3894 1328 3964 gloriam?
1362 3911 1430 3951 an
1455 3898 1636 3967 potius
1666 3898 1815 3955 dictu
1854 3903 2035 3959 verius

470 3980 657 4044 fuerit,
686 3983 1089 4038 enarrationem
1116 3985 1504 4043 beneﬁciorum
1540 3989 1742 4045 decens
1773 4006 1897 4048 esse
1922 3993 2035 4064 glo-

472 4072 719 4126 riﬁcandl
755 4076 1183 4143 argumentum?
1220 4076 1371 4133 lianc
1408 4080 1478 4134 ob
1509 4094 1729 4136 causam
1766 4086 2036 4154 comperi-

472 4179 595 4219 mus
625 4162 966 4234 Scriptnram
1004 4182 1113 4221 non
1145 4184 1253 4223 uno
1290 4170 1510 4225 nomine
1540 4172 1698 4229 nobis
1734 4175 2038 4244 signiﬁcare

473 4252 784 4320 Dominum,
824 4272 922 4313 nec
949 4256 1033 4314 his
1064 4267 1275 4314 tantum
1307 4276 1429 4332 qua:
1461 4262 1802 4322 divinitatem
1833 4284 1897 4324 ac
1923 4288 2040 4327 ma-

469 4346 809 4417 gnitudinem
844 4350 964 4419 ejus
1007 4348 1308 4415 declarant,
1359 4354 1454 4409 sed
1502 4355 1776 4414 interdum
1819 4363 2036 4432 quidem

471 4439 551 4494 uti
596 4439 825 4496 vocibus
882 4448 1131 4495 naturam
1177 4443 1649 4513 exprimentibus';
1699 4450 1848 4505 novit
1892 4454 2037 4508 enim

2120 597 2393 669 λαγμὲνην
2439 597 2526 651 ἀεὶ
2564 595 2664 666 τῆς
2715 591 2898 663 κοινῆς
2941 586 3330 662 προτιμῶντες.
3393 587 3554 651 Ἰδοις
3613 586 3688 639 ἂν

2119 683 2212 742 οῦν
2248 688 2356 741 τῶν
2381 687 2479 759 μὲν
2514 683 2787 756 ἀγροίκων
2815 680 2893 734 ἔτι
2923 680 3015 734 καὶ
3042 678 3137 734 νῦν
3166 678 3555 753 ἀρχαιότροπον
3586 675 3693 745 τὴν

2121 779 2303 851 φωνήν
2320 796 2334 809 ·
2376 776 2483 831 τῶν
2507 775 2564 829 δὲ
2604 772 2864 844 ἐντέχνων
2904 772 3128 838 τούτων,
3172 771 3265 825 καὶ
3295 772 3414 834 ταῖς
3446 768 3654 837 λογομα
3663 786 3695 806 ο·

2120 870 2264 942 χίαις
2305 868 2757 941 ὲντετριμμένων,
2789 868 2855 920 ἐκ
2894 865 2994 935 τῆς
3038 862 3164 927 νέας
3197 861 3388 933 σοφίας
3415 874 3694 930 κεκαυτησ

2123 961 2388 1036 ριασμένα
2427 960 2496 1014 τὰ
2546 961 2784 1031 ῥήματα.
2825 957 2999 1029 Ὅπερ
3039 955 3224 1024 ἔλεγον
3267 952 3378 1025 (91)
3418 951 3593 1005 τοίνυν
3632 950 3692 1005 oi

2122 1052 2355 1123 πατέρες
2384 1051 2558 1123 ἡμῶν,
2585 1050 2678 1104 καὶ
2705 1050 2865 1120 ἡμεῖς
2895 1045 3147 1117 λέγομεν,
3176 1046 3256 1099 ὅτι
3297 1045 3331 1115 ἠ
3368 1041 3494 1108 δὸξα
3529 1041 3691 1112 κοινὴ

2123 1146 2298 1215 Πατρ)⁵
2335 1144 2427 1197 καὶ
2468 1142 2600 1214 Υίῷ,
2635 1142 2717 1198 διὸ
2763 1141 2898 1214 μετὰ
2938 1138 3032 1193 τοῦ
3077 1136 3207 1192 Υίοῦ
3246 1136 3343 1209 τὴν
3379 1134 3695 1202 δοξολογίαν

2124 1238 2470 1311 προσάγομεν
2499 1234 2804 1307 τῷΠατρί.
2840 1232 2980 1287 Ἀλλ’
3005 1232 3066 1285 οὐ
3093 1230 3252 1285 τοῦτο
3275 1231 3406 1301 ἡμῖν
3442 1225 3687 1300 ἐξαρκεῖ.

2123 1331 2202 1385 ὃτι
2249 1329 2356 1383 τῶν
2401 1327 2651 1398 πατέρων
2692 1329 2725 1399 ἠ
2777 1325 3111 1398 παράδοσις·
3160 1322 3403 1376 κάκεῖνοι
3449 1317 3560 1391 γάρ
3602 1316 3693 1388 τῷ

2127 1419 2422 1492 βουλήματι
2458 1421 2557 1490 τῆς
2600 1417 2823 1491 Γραφῆς
2873 1413 3270 1487 ⁴Ιγκολούθησαν,
3306 1413 3369 1465 ἐκ
3408 1410 3515 1463 τῶν
3549 1424 3699 1479 μαρ-

2124 1511 2363 1584 τυριῶν,
2415 1509 2483 1575 ἃς
2527 1507 2708 1582 μικρῷ
2756 1507 2990 1582 πρόσθεν
3037 1506 3165 1577 ὑμῖν
3212 1505 3276 1558 ὲκ
3313 1503 3411 1573 τῆς
3462 1498 3697 1574 Γραφῆς

2126 1599 2500 1675 παρεθέμεθα,
2548 1600 2647 1665 τὰς
2701 1598 2876 1672 ἀρχὰς
2926 1595 3201 1659 λαϐόντες.
3234 1593 3308 1647 Τὸ
3360 1591 3466 1664 γὰρ
3515 1587 3698 1644 tit-cat}-

2126 1710 2314 1765 γασμα
2352 1692 2489 1766 μετὰ
2535 1694 2634 1764 τῆς
2664 1690 2821 1763 δόξης
2849 1692 3081 1744 νοεῖταιο
3130 1686 3292 1758 καὶὴ
3343 1682 3503 1738 εἰκὼν
3550 1680 3698 1755 μετὰ

2128 1784 2222 1838 τοῦ
2267 1783 2571 1857 ἀρχετύπου
2592 1801 2608 1816 ο
2659 1782 2754 1837 καὶ¹
2795 1781 2825 1834 ό
2866 1780 2994 1845 Υἱὸς
3045 1778 3153 1851 (92)
3212 1777 3426 1841 πάντως
3471 1775 3566 1829 σὺν
3610 1772 3697 1844 τῷ

2055 1875 2096 1931 Β
2123 1877 2328 1950 Πατρίο
2362 1877 2481 1933 οὐδὲ
2511 1877 2612 1948 τῆς
2641 1874 2749 1931 τῶν
2800 1873 3076 1945 ὀνομάτων
3127 1870 3467 1934 ἀκολουθίας,
3520 1868 3595 1940 μή
3636 1865 3696 1920 τί

2124 1986 2187 2039 γε
2213 1969 2312 2041 τῆς
2350 1968 2459 2023 τῶν
2488 1966 2830 2042 πραγμάτων
2863 1964 3096 2036 φύσεως,
3121 1963 3211 2017 τὸν
3242 1960 3516 2036 χωρισμὸν
3540 1961 3698 2031 δεχο-

2128 2061 2315 2133 μένης.

2290 2155 2297 2162 ’
2639 2170 3032 2227 ΚΕΦΑΛΑΙΟΝ
3075 2171 3157 2223 ην.

2126 2285 2507 2357 Ποσαχῶςντὸ
2540 2305 2559 2337 ι
2592 2284 2667 2339 δι’
2690 2277 2762 2357 οὗ
2805 2301 2822 2334 ι
2854 2280 2952 2357 καί
2980 2278 3079 2357 ἐπὶ
3106 2271 3697 2357 ποίαςνωόλέηθρίας

2195 2341 2619 2429 amittam
2655 2353 2719 2429 τι
2760 2372 2777 2405 ι
2812 2352 2939 2429 μεθ’
3118 2341 3325 2429 »βαιά
3347 2341 3446 2400 και
3474 2342 3697 2429 έξτῖῖῑν

2196 2416 2316 2495 οῖιξι,
2354 2427 2478 2493 πῶς
2505 2416 2776 2492 ’ἐντολὴν
2812 2416 3109 2491 ’λαμϐάνει
3140 2422 3171 2473 ό
3208 2419 3360 2485 Υἱὸς,
3416 2416 3513 2470 καί
3560 2416 3697 2478 πῶς

2194 2497 2650 2555 ἀποστέλλεται.

2235 2512 2627 2553 neququam:
2637 2536 2650 2550 .

2194 2614 2279 2667 17.
2299 2615 2465 2668 Ὅταν
2488 2605 2580 2665 οὖν
2599 2612 2628 2664 ό
2668 2605 2990 2669 Ἀπόστολος
3011 2603 3306 2676 εὐχαριστῇ
3342 2599 3419 2671 τῷ
3456 2597 3575 2668 Θεῷ
3598 2596 3697 2656 διὰ

2139 2705 2310 2779 Ἰησοῦ
2343 2702 2601 2777 Χριστοῦ,
2630 2702 2723 2756 καὶ
2752 2699 2912 2758 πάλιν
2949 2698 3015 2752 δι’
3045 2694 3209 2750 αὑτοῦ
3246 2693 3378 2766 λέγῃ
3395 2692 3501 2779 ,τὴν
3530 2691 3698 2762 χάριν

2126 2798 2402 2871 εἰληφέναι
2449 2796 2544 2850 κα)⁸
2575 2795 2673 2865 τὴν
2721 2790 3023 2863 ἀποστολὴν
3055 2791 3134 2854 είς
3165 2787 3410 2858 ὑπακοὴν
3457 2784 3700 2848 πίστεως

2125 2893 2185 2947 ἐν
2217 2892 2349 2945 πᾶσι
2387 2892 2500 2953 τοῖς
2533 2887 2760 2950 ἔθνεσιν,
2795 2885 2829 2957 ἢ
2875 2885 2968 2938 καὶ
2994 2883 3060 2937 δι’
3084 2880 3249 2936 αὐτοῦ
3276 2880 3376 2949 τὴν
3399 2895 3701 2950 προσαγω-

2125 2983 2226 3057 γὴν
2266 2981 2557 3055 ἐσχηκέναι
2596 2982 2674 3044 είς
2706 2978 2804 3050 τὴν
2853 2976 3012 3048 χάριν
3041 2973 3253 3045 ταύτην
3294 2972 3352 3024 ἐν
3463 2971 3702 3040 ἑστήκα-

2129 3095 2226 3159 μεν
2251 3076 2346 3131 καὶ
2368 3071 2718 3145 καυχώμεθα,
2750 3071 2849 3134 τὰς
2889 3071 2970 3133 είς
3007 3068 3153 3138 ἡμᾶς
3184 3064 3498 3159 εὐεργεσίας
3528 3059 3699 3159 αῦτοῦ

2054 3213 2095 3271 c
2127 3152 2443 3242 παρίστησι,
2472 3163 2694 3271 νῦνρμξν
2708 3162 2820 3271 ⁸άπὸ
2846 3159 3059 3260 Πατρός
3082 3160 3160 3271 εὶς
3183 3158 3327 3271 tua:
3351 3155 3458 3271 τίὲν
3477 3152 3699 3271 αέαθῶν

2127 3240 2226 3332 τὴν
2277 3240 2435 3332 χάριν
2483 3254 2905 3318 διαΰιῦἀζοντος,
2958 3249 3050 3304 νῦν
3103 3248 3158 3302 δὲ
3206 3248 3353 3319 ἡμᾶς
3392 3244 3458 3298 δι’
3501 3240 3701 3297 ἑαυτοῦ

2131 3352 2495 3426 προσάγοντος
2536 3348 2612 3422 τῷ
2653 3345 2844 3420 Πατρί.
2888 3345 2975 3398 Ἐν
3021 3342 3119 3415 μὲν
3146 3341 3253 3411 γαρ
3288 3337 3366 3410 τῷ
3389 3338 3585 3407 λέγειν,
3613 3335 3701 3390 Δι’
3749 3338 3754 3351 '

2131 3441 2202 3502 οὗ
2235 3443 2525 3514 ἐλάϐομεν
2571 3436 2748 3512 χάριν
2787 3436 2887 3492 καί
2929 3432 3308 3502 ἀποστολὴν,
3349 3430 3447 3502 τὴν
3485 3428 3705 3483 ἐκεῖθεν

2130 3538 2238 3592 τῶν
2293 3535 2512 3606 ἀγαθῶν
2565 3531 2825 3606 χορηγίαν
2864 3527 3149 3600 ἐμφαίνει*
3198 3526 3256 3579 ὲν
3299 3524 3356 3578 δὲ
3383 3522 3460 3594 τῷ
3493 3521 3704 3589 λέγειν,

2133 3630 2213 3683 Δι’
2243 3624 2314 3685 οὗ
2343 3627 2455 3696 τὴν
2475 3622 2874 3696 προσαγωγὴν
2887 3619 3254 3690 ἐσχήκαμεν,
3288 3617 3385 3686 τὴν
3420 3613 3706 3686 ἡμετέραν

2135 3719 2434 3792 πρόσληψιν
2467 3718 2561 3771 καὶ
2579 3716 2847 3770 οίκείωσιν
2879 3712 2964 3765 διὰ
2997 3708 3231 3782 Χριστοῦ
3276 3707 3409 3780 πρὸς
3438 3705 3527 3759 τὸν
3563 3703 3708 3757 Θεὸν

2134 3812 2427 3883 γινομένην
2480 3808 2825 3881 παρίστησιν.
2887 3802 3014 3879 'Ap‘
3070 3798 3162 3857 οὖν
3208 3803 3242 3873 ἡ
3295 3798 3551 3872 ὁμολογία
3597 3797 3709 3868 τῆς

2136 3902 2531 3974 ἐνεργουμένης
2557 3901 2684 3972 παρ’
2704 3897 2870 3953 αὐτοῦ
2896 3895 3031 3967 πρὸς
3059 3896 3205 3966 ἡμᾶς
3229 3897 3448 3965 χάριτος
3476 3890 3709 3961 ὑφαίρε-

2138 3991 2221 4055 σίς
2252 3995 2369 4045 ἐστι
2411 3990 2510 4061 τῆς
2552 3987 2738 4060 δόξης;
2783 3986 2816 4058 ἢ
2859 3984 3056 4057 μᾶλλον
3112 3984 3281 4035 εἰπεῖν
3317 3980 3703 4056 ἀληθέστερον,

2136 4084 2216 4137 ὃτι
2253 4083 2533 4155 πρέπουσα
2565 4078 2868 4148 δοξολογίας
2906 4075 3157 4137 ὑπόθεσις
3202 4075 3234 4145 ὴ
3262 4070 3368 4126 τῶν
3404 4071 3704 4141 εὐεργετη-

2140 4173 2325 4245 μάτων
2345 4172 2623 4244 διήγησις;
2653 4169 2752 4223 Διὰ
2776 4166 2933 4222 τοῦτο
2952 4166 3064 4237 (94)
3094 4164 3324 4235 εὕρομεν
3353 4162 3452 4235 τὴν
3478 4160 3707 4232 Γραφὴν

2137 4265 2235 4318 οὐκ
2264 4262 2323 4329 ἐξ
2347 4263 2462 4327 ένὺς
2493 4262 2755 4333 ὀνόματος
2773 4258 2865 4313 τὸν
2898 4256 3099 4330 Κύριον
3126 4258 3255 4328 ἡμῖν
3280 4251 3701 4326 παραδιδοῦσαν,

2138 4354 2259 4409 οὐδὲ
2288 4356 2352 4408 ὲκ
2379 4353 2486 4408 τῶν
2518 4353 2616 4407 ὅσα
2640 4352 2739 4424 τῆς
2770 4348 3019 4419 θεότητός
3049 4350 3196 4401 ἐστιν
3215 4344 3374 4400 αὑτοῦ
3411 4343 3568 4415 μόνον
3604 4341 3708 4394 xui.

2138 4445 2232 4500 τοῦ
2255 4442 2523 4516 ’μεγέθους
2554 4443 2826 4515 δηλωτικὰ
2845 4483 2860 4507 ,
2908 4440 3044 4496 ἀλλὰ
3071 4438 3165 4494 νῦν
3199 4437 3298 4509 μὲν
3324 4438 3434 4500 τοῖς
3459 4435 3560 4505 τῆς
3593 4433 3704 4503 φύ-

471 4546 671 4588 nomon
720 4530 864 4598 Filii,
914 4533 1059 4603 quod
1101 4542 1186 4590 est
1236 4550 1401 4607 super
1441 4552 1603 4593 omne
1647 4555 1842 4598 nomen
1873 4543 1937 4610 ⁸⁸,
1988 4555 2029 4599 el

2145 4552 2282 4599 σεως
2325 4533 2435 4604 (95)
2476 4533 2989 4605 χαρακτηριστικοῖς
3027 4525 3402 4601 κεχρημένην⁸
3447 4519 3555 4576 οἶδε
3589 4521 3706 4593 γὰρ

470 4622 671 4679 Filium
702 4639 890 4685 verum
929 4624 1132 4690 dicere,
1163 4636 1218 4683 et
1247 4625 1594 4698 Unigenitum
1622 4629 1816 4698 Deum,
1851 4644 1906 4696 ct
1928 4635 2038 4688 vir-

472 4724 646 4772 tutem
679 4715 796 4781 Dei,
831 4725 888 4772 et
921 4718 1264 4788 sapientiam,
1305 4729 1362 4775 et
1408 4721 1665 4779 Verbum.
1713 4723 1778 4780 Et
1820 4741 2034 4793 rursus,

468 4809 543 4866 ob
574 4809 928 4881 multiplicem
969 4811 1023 4865 in
1054 4826 1155 4866 nos
1184 4811 1616 4881 beneﬁcentiam,
1654 4832 1817 4886 quam
1859 4817 1930 4872 ob
1956 4818 2037 4873 di-

472 4903 631 4959 vitias
670 4904 931 4959 bonitatis
958 4918 1057 4974 pro
1100 4904 1250 4959 varia
1285 4922 1386 4962 sua
1431 4909 1700 4978 sapientia
1749 4898 2035 4978 egentibus

473 5004 713 5066 praestat,
765 4994 886 5048 aliis
932 4994 1236 5049 innumeris
1282 4996 1735 5066 appellationibus
1784 4994 2034 5051 eumdem

470 5086 757 5158 designat,
809 5086 939 5142 dum
997 5086 1290 5158 aliquando
1341 5098 1501 5143 vocat
1539 5088 1693 5143 illum
1739 5094 2034 5158 pastorem,

2138 4628 2200 4682 τὸ
2231 4627 2400 4696 ὄνομα
2419 4625 2479 4677 τὸ
2506 4625 2642 4696 ὑπὲρ
2676 4626 2781 4678 πᾶν
2813 4623 2983 4696 ὄνομα
3023 4620 3119 4675 τοῦ
3143 4617 3274 4673 Υίοῦ
3300 4618 3392 4671 καὶ
3414 4616 3538 4669 Υίὸν
3567 4615 3707 4687 ἁληο

2141 4719 2283 4774 θινὸν
2321 4694 2517 4786 λέγειν.
2557 4694 2652 4771 καὶ
2696 4694 2955 4787 μονογενῆ
2980 4713 3135 4778 Θεὸν,
3164 4714 3258 4765 καὶ
3288 4709 3513 4779 δύναμιν
3538 4706 3703 4773 θεοῦ,

2140 4812 2231 4865 καὶ
2283 4810 2495 4879 σοφίαν,
2548 4809 2641 4864 καὶ
2694 4808 2885 4876 Λόγον.
2940 4806 3051 4860 Καὶ
3102 4803 3261 4858 πάλιν
3297 4802 3479 4873 μέντοι
3516 4800 3601 4854 διὰ
3641 4802 3710 4856 τὸ

2139 4901 2472 4972 πολύτροπον
2522 4901 2623 4973 τῆς
2671 4902 2752 4967 είς
2797 4900 2943 4971 ἡμᾶς
2983 4898 3220 4970 χάριτος.
3251 4895 3318 4968 ἢν
3359 4893 3447 4949 διὰ
3484 4894 3577 4948 τὸν
3601 4894 3709 4963 τῆς

2138 4994 2471 5067 ἀγαθὸτητος
2499 4993 2640 5049 κατὰ
2656 4995 2755 5066 τὴν
2780 4990 3155 5047 πολυποίκιλον
3181 4990 3345 5045 αὑτοῦ
3370 4989 3559 5058 σοφίαν
3589 4990 3709 5051 τοῖς

2138 5084 2411 5157 δεομένοις
2449 5084 2767 5156 παρέχεται,
2804 5082 3025 5155 μυρίαις
3071 5080 3231 5135 αὐτὸν
3273 5079 3492 5151 ἑτέραις
3532 5092 3707 5148 προσ-

540 5249 585 5283 ⁸³
610 5248 767 5306 Rom.
799 5265 836 5314 ι,
869 5249 924 5305 8.
999 5248 1047 5281 ⁸⁸
1102 5248 1235 5323 ibid,
1266 5248 1319 5304 5.
1394 5248 1440 5282 ⁸⁸
1468 5247 1627 5305 Rom.
1659 5263 1711 5314 v,
1742 5245 1797 5302 2.
1872 5246 1918 5279 “
1945 5244 2026 5302 Ro

2138 5260 2178 5311 ι,
2208 5246 2262 5302 5.
2336 5245 2382 5279 "
2423 5243 2582 5301 Rom.
2612 5262 2666 5311 v,
2692 5244 2751 5299 2.
2822 5240 2869 5275 ⁸⁸
2897 5241 3135 5313 Philipp.
3166 5258 3227 5304 ιι,
3257 5240 3311 5296 9.

544 5407 880 5477 (θιγὊπερ
905 5407 1136 5477 ἔλεγον.
1176 5405 1336 5460 Deest
1362 5406 1498 5477 ὅπερ
1539 5402 1592 5457 in
1638 5400 1850 5477 du_obu_s
1887 5400 2035 5477 codif

472 5470 647 5535 cibus.
669 5470 889 5548 Legitur
920 5479 977 5532 iu
1014 5470 1196 5548 tribus
1230 5477 1353 5532 aliis
1382 5476 1419 5548 ᾂ
1447 5470 1661 5548 ἔλεγον.Δ
1688 5470 1881 5548 Statim
1907 5470 2037 5548 editi
2061 5513 2070 5523 .

471 5549 551 5604 διὸ
604 5550 696 5603 καὶ
746 5541 906 5620 μετὰ,
949 5547 1042 5604 sed
1099 5548 1253 5603 deest
1288 5545 1602 5617 conjunctio
1648 5542 1704 5596 in
1760 5541 2039 5598 codicibus

473 5635 655 5818 ἓξὲξ)
707 5695 770 5747 ’0
800 5694 951 5760 Υἱός.
985 5691 1074 5748 Sic
1106 5658 1322 5744 codices
1357 5701 1491 5743 mss.
1516 5682 1675 5740 Deest
1699 5682 1963 5740 articulus
1986 5681 2043 5739 in

548 5834 657 5906 (95)
712 5834 837 5891 Ἐπί
900 5834 1075 5900 ποίας
1112 5828 1370 5894 ἐννοίας.
1419 5824 1657 5882 Colbert.
1724 5824 1816 5881 ἐπὶ
1864 5823 2043 5892 ποίαις

2142 5401 2388 5466 ἐννοίαις.
2419 5399 2569 5457 Unus
2597 5414 2662 5455 ex
2691 5396 2873 5464 Regiis
2900 5398 2991 5451 ἐπὶ
3028 5396 3187 5451 ποίαν
3206 5395 3431 5450 ἔννοιαν.

2214 5471 2324 5543 (94)
2364 5471 2465 5525 Διὰ
2510 5470 2703 5543 capro.
2745 5467 2845 5523 Hic
2891 5469 3078 5539 incipit
3132 5474 3295 5539 caput
3342 5476 3594 5523 octavum
3645 5466 3706 5521 in

2146 5540 2458 5616 Reg.__ter_ti_o
2485 5549 2539 5596 et
2560 5540 2842 5616 βοιωτι-
3218 5607 3233 5616 _
3368 5605 3384 5616 _
3524 5604 3538 5616 ,
3560 5605 3594 5616 __

2215 5604 2326 5681 (95)
2365 5611 2475 5680 Τῆς
2504 5611 2759 5680 φύσεως.
2803 5607 3060 5681 Erasmus
3090 5605 3418 5680 perabsurde
3447 5604 3707 5681 reddidit,

2146 5676 2391 5736 naturam
2425 5676 2794 5749 assumptum;
2842 5679 2984 5748 quod
3042 5676 3281 5749 erratum
3323 5692 3432 5749 non
3484 5676 3711 5749 impune

2148 5754 2271 5808 tulit
2320 5745 2711 5807 aCombeﬁsio.
2771 5745 2889 5804 uox
2937 5749 3102 5804 editio
3148 5746 3322 5805 Paris.
3350 5745 3514 5815 λέγει.
3552 5745 3710 5804 Libri

2149 5823 2354 5895 antiqui
2381 5830 2434 5879 et
2465 5822 2593 5878 edit.
2624 5819 2786 5876 Basil.
2819 5818 3013 5889 λέγειν.
