3908 6536
493 363 567 423 99
852 404 857 409 ί
1800 353 1839 410 S
1899 352 2139 409 BASILII
2181 353 2395 408 MAGNI

3641 342 3770 399 109

499 484 678 539 tiones
702 486 921 537 nostras
942 492 1008 533 eo
1042 475 1299 538 deducet,
1338 484 1398 528 ιιι
1432 471 1693 528 humilius
1734 470 1801 526 de
1846 486 1911 526 eo
1944 485 2070 525 sen-

2202 471 2408 541 ἰσμοὺς
2449 467 2812 536 κατάγουσιν;
2870 465 2904 537 ἢ
2956 463 3018 518 τὸ
3068 461 3307 518 ἐναντίον
3344 456 3607 529 ἔκπληξιν
3655 457 3774 526 τῆς

500 570 741 628 tiamus?
773 585 841 629 an
890 568 1071 638 potius
1096 582 1128 621 e
1168 565 1384 619 diverso
1411 561 1606 618 eniciet
1630 601 1645 625 ,
1676 568 1735 614 ut
1766 558 2073 615 Servatoris

501 671 557 718 et
597 662 873 731 ingentem
924 655 1220 726 potentiam
1267 662 1322 709 et
1370 651 1757 707 humanitatem
1794 663 1922 719 erga
1973 663 2073 704 nos

502 752 864 810 admiremur,
901 748 1045 818 quod
1076 754 1129 801 et
1159 744 1395 814 compati
1430 741 1636 798 nostris
1662 739 2075 795 inﬁrmitatibus

507 844 810 906 sustinuit,
841 848 894 895 et
924 856 983 895 se
1012 838 1078 891 ad
1111 846 1352 891 nostram
1377 835 1745 890 infirmitatem
1777 834 1953 902 potuit
1984 833 2077 886 de-

507 935 762 994 mittere?
785 932 972 1003 Neque
1003 930 1148 990 enim
1178 930 1380 983 cmlum
1409 940 1473 980 ac
1503 934 1671 987 terra,
1703 924 2077 993 immensaque

509 1030 705 1091 maria,
729 1042 829 1082 nec
859 1022 1179 1085 animantia,
1215 1021 1298 1075 vel
1330 1020 1383 1073 in
1413 1018 1571 1089 aquis
1596 1021 1679 1073 vel
1708 1016 1764 1070 in
1796 1016 1956 1070 terris
1983 1016 2078 1070 de-

506 1122 726 1194 gentia,
768 1134 869 1175 nec
907 1120 1138 1188 plantae,
1173 1129 1274 1169 nec
1310 1124 1491 1174 astra,
1529 1126 1629 1166 nec
1657 1125 1739 1164 aet
1763 1149 1779 1174 ,
1819 1123 1920 1162 nec
1951 1105 2078 1161 anni

509 1221 776 1283 tempora,
804 1225 903 1265 nec
938 1207 1217 1278 multiplex
1257 1202 1499 1258 universi
1533 1210 1784 1258 ornatus.
1812 1198 2080 1253 excellen-

508 1304 640 1359 tiam
703 1302 957 1373 poteutize
1007 1299 1155 1353 illius
1213 1294 1437 1367 perinde
1485 1290 1870 1353 commendat,
1920 1298 2082 1358 atque

508 1396 657 1468 quod
710 1395 850 1449 Deus
899 1386 1461 1462 incomprehensibilis
1496 1383 1674 1455 potuit
1722 1397 1819 1453 per
1863 1394 2081 1434 carnem

512 1489 672 1542 citra
700 1500 899 1541 noxam
932 1498 1056 1537 eum
1102 1491 1277 1536 morte
1305 1476 1631 1540 conﬂictari,
1677 1485 1737 1528 ut
1788 1472 1945 1527 nobis
1985 1486 2081 1526 sua

514 1581 688 1649 ipsius
718 1578 976 1649 passione
1006 1575 1294 1643 largiretur
1338 1568 1827 1628 immortalitatem,
1861 1564 2002 1635 quod
2036 1562 2084 1617 si

513 1670 813 1741 Apostolus
845 1667 954 1720 ait:
1003 1664 1068 1719 In
1112 1664 1191 1718 his
1223 1660 1461 1716 omnibus
1501 1672 1808 1727 superamus
1850 1670 1941 1723 per
1966 1668 2085 1707 eum

2175 562 2416 634 μεγάλης
2460 560 2741 630 δυνάμεως
2776 557 2912 629 ὁμοῦ
2949 557 3042 611 καὶ
3082 552 3493 626 φιλανθρωπίας
3517 550 3614 605 τοῦ
3657 549 3775 603 σὼ-

2174 654 2355 720 ζοντος
2378 650 2716 725 ἐμποιοῦσιν,
2738 651 2821 704 ὅτι
2844 649 2937 702 καὶ
2965 647 3221 718 ἠνέσχετο
3250 643 3607 714 συμπαθῆσαι
3631 643 3773 703 ταῖς

2174 749 2480 812 ἀσθενείαις
2543 748 2723 819 ἡμῶν,
2783 745 2878 798 καὶ
2930 741 3158 812 ἐδυνήθη
3201 740 3337 812 πρὸς
3377 738 3438 791 τὸ
3482 736 3774 807 ἡμέτερον

2183 841 2406 905 ἀσθενὲς
2428 840 2735 910 καταϐῆναι
2758 838 2864 902 ;Οὐ
2885 836 2990 909 γάρ
3021 832 3273 887 τοσοῦτον
3298 829 3527 901 οὐρανὸς
3560 828 3661 881 καὶ⁵
3685 825 3772 896 γῆ

2177 931 2271 985 καὶ
2292 932 2362 984 τά
2393 929 2596 1000 μεγέθη
2618 928 2725 981 τῶν
2746 925 3016 993 πελαγῶν,
3045 925 3140 977 καὶ
3170 921 3239 975 τά
3271 923 3328 974 ἐν
3359 920 3510 974 ὕδασι
3534 916 3773 973 διαιτώ-

2166 1040 2338 1094 νμενα,
2377 1023 2472 1075 καὶ
2515 1021 2585 1075 τά
2635 1022 2865 1091 χερσαῖα
2894 1017 3000 1069 τῶν
3029 1014 3203 1081 ζώων,
3231 1011 3421 1067 καὶτὰ
3458 1011 3623 1081 φυτά,
3663 1009 3779 1064 καὶ

2178 1114 2425 1185 ἀστέρες,
2455 1113 2549 1179 καὶ
2577 1111 2705 1184 ἀὴρ,
2746 1110 2840 1164 καὶ
2880 1102 3040 1179 ὧραι.
3069 1108 3163 1160 καὶ
3186 1108 3218 1177 ἠ
3243 1103 3462 1174 ποικίλη
3484 1100 3580 1156 τοῦ
3615 1116 3776 1154 παν-

2178 1208 2269 1272 τὸς
2298 1207 2654 1276 διακόσμησις
2686 1204 2747 1257 τὸ
2805 1199 3071 1273 ὑπερέχον
3095 1201 3193 1270 τῆς
3219 1198 3399 1269 ἰσχύος
3422 1195 3777 1263 συνίστησιν,

2181 1300 2301 1354 ὅσον
2334 1299 2394 1352 τὸ
2421 1297 2713 1369 δυνηθῆναι
2756 1295 2848 1348 τὸν
2873 1293 3025 1357 Θεὸν,
3061 1291 3152 1346 τὸν
3180 1290 3485 1362 άχώρητον,
3527 1285 3776 1346 ἀπαθῶς

2180 1390 2268 1444 διὰ
2314 1389 2514 1460 σαρκὸς
2569 1385 2955 1457 συμπλακῆναι
2997 1382 3074 1453 τῷ
3124 1380 3367 1451 θανάτῳ,
3410 1380 3499 1433 ἵνα
3524 1379 3659 1449 ἡμῖν
3686 1375 3777 1446 τῷ

2187 1483 2298 1551 ἰδίῳ
2346 1480 2505 1534 πάθει
2562 1480 2659 1549 τὴν
2700 1477 2968 1531 ἀπάθειαν
3009 1474 3318 1547 χαρίσηται.
3346 1470 3464 1525 Κᾶν
3490 1470 3625 1543 λέγῃ
3646 1468 3714 1522 δὲ
3743 1469 3779 1521 ὁ

2197 1571 2533 1634 Ἀπὸστολος,
2589 1570 2672 1622 ὅτι
2718 1569 2821 1622 Ἐν
2872 1567 3103 1631 τούτοις
3122 1563 3312 1618 πᾶσιν
3344 1559 3778 1629 ὑπερνικῶμεν

2183 1664 2283 1719 διὰ
2325 1664 2431 1718 τοῦ
2480 1662 2907 1731 ἀγαπήσαντος
2940 1655 3116 1727 ἡμᾶς.
3163 1655 3286 1725 οὐχὶ
3327 1652 3594 1723 ταπεινήν
3639 1667 3775 1704 τινα

513 1763 604 1833 qui
661 1760 847 1814 di!e:rit
899 1775 993 1812 nos
1017 1757 1104 1811 "z
1163 1765 1505 1824 nequaquam
1553 1749 1653 1802 hac
1700 1762 1832 1802 voce
1883 1745 2086 1800 humile

2202 1756 2487 1827 impsciav
2516 1756 2580 1808 ἐκ
2626 1754 2724 1825 τῆς
2772 1750 3024 1821 τοιαύτης
3056 1747 3237 1818 φωνῆς
3281 1744 3590 1806 ὑποϐάλλει,
3625 1742 3777 1797 ἀλλὰ

516 1818 789 1923 quoddam
822 1848 1184 1905 ministerium
1209 1818 1436 1910 indicat,
1465 1840 1563 1899 sed
1585 1840 1849 1895 auxilium
1877 1839 2083 1908 potius.

2202 1818 2362 1919 :hvuév
2384 1846 2461 1916 τῷ
2484 1818 2803 1918 κράτείτῆς
2833 1818 3015 1912 ἰσχύος
3041 1838 3443 1910 ἐνεργουμένην
3485 1835 3777 1907 βρήθειαν.

515 1943 662 2012 quod
687 1957 781 2013 per
806 1940 1095 2010 imperium
1125 1952 1238 1992 sua:
1265 1933 1519 2005 potentiae
1541 1938 1803 2011 operatur
1827 1929 1881 1982 in
1906 1926 2083 1980 nobis.

521 2008 798 2104 Siquidem
839 2008 1015 2101 ipsum
1052 2029 1290 2100 alligavit
1324 2026 1542 2090 fortem,
1582 2008 1921 2093 diripuitque
1958 2035 2087 2074 vasa

519 2127 671 2183 illius
699 2127 769 2188 ",
802 2123 1055 2179 videlicet
1082 2136 1202 2186 nos,
1227 2118 1429 2190 quibus
1449 2117 1513 2171 ad
1544 2115 1727 2171 omnia
1760 2115 1902 2169 mala
1925 2128 2088 2184 opera

519 2222 700 2275 fuerat
727 2218 962 2281 abusus;
1010 2213 1243 2283 fecitque
1277 2225 1405 2264 vasa
1443 2209 1595 2262 utilia
1630 2206 1893 2269 Domino,
1925 2220 2092 2276 appa-

518 2319 672 2369 ratos
713 2309 780 2364 ad
826 2322 987 2362 omne
1033 2321 1171 2376 opus
1208 2305 1408 2359 bonum
1441 2303 1513 2368 ",
1558 2316 1655 2372 per
1688 2297 1841 2353 liberi
1884 2296 2091 2351 arbitrii

523 2408 701 2459 nostri
733 2400 1201 2470 praeparationem.
1240 2393 1353 2449 lloe
1393 2401 1554 2465 pacto
1582 2406 1866 2445 accessum
1899 2388 1965 2443 ad
1990 2387 2092 2441 Pa—

523 2502 661 2548 trem
701 2491 992 2546 babuimus
1034 2502 1128 2556 per
1178 2487 1378 2556 ipsum,
1426 2483 1674 2539 translati
1714 2482 1781 2536 de
1826 2486 2093 2550 potestate

523 2584 871 2641 tenebrarum
891 2581 944 2635 in
965 2589 1172 2651 partem
1195 2578 1360 2634 sortis
1385 2584 1697 2633 sanctorum
1726 2573 1781 2628 in
1804 2573 2009 2628 lumine
2023 2572 2089 2623 ".

523 2675 603 2732 Ne
630 2678 792 2747 igitur
837 2672 1302 2743 dispensationem
1347 2667 1472 2723 Filii
1510 2677 1758 2724 coactum
1798 2681 1865 2722 ex
1910 2664 2094 2721 servili

525 2768 834 2827 humilitate
869 2763 1234 2818 ministerium
1279 2760 1682 2817 existimemus:
1725 2756 1820 2813 sed
1850 2756 2098 2810 volunta-

510 2862 666 2917 riam
704 2857 1134 2916 sollicitudinem
1185 2871 1253 2911 ex
1291 2854 1533 2909 bonitate
1576 2867 1640 2907 ac
1683 2849 2094 2913 misericordia,

525 2954 682 3023 juxta
706 2952 1039 3005 voluntatem
1068 2946 1163 3003 Dei
1195 2954 1250 3002 et
1279 2945 1481 3006 Patris,
1513 2959 1645 3015 erga
1675 2958 1835 2999 suum
1875 2943 2099 3011 figmen-

530 3054 646 3100 tum
675 3042 993 3100 exhibitam.
1030 3039 1125 3094 Sic
1165 3038 1310 3094 enim
1355 3036 1697 3093 servabimus
1726 3034 1979 3106 pietatem
2004 3073 2020 3098 ,
2051 3031 2096 3087 si

2187 1940 2356 2004 Αὐτὸς
2403 1939 2510 2009 γάρ
2562 1938 2730 2007 δήσας
2773 1934 2862 1988 τὸν
2911 1932 3148 2004 ἰσχυρὸν,
3181 1932 3476 2001 διήρπασεν
3501 1926 3668 1981 αὐτοῦ
3700 1927 3779 1981 τὰ

2190 2030 2386 2101 σκεύη,
2412 2030 2580 2100 ἡμᾶς,
2609 2022 2688 2094 οἷς
2711 2028 2789 2088 εἰς
2813 2027 2992 2078 πᾶσαν
3021 2023 3299 2092 ἐνέργειαν
3345 2019 3585 2089 πονηρὰν
3627 2034 3778 2072 κατ-

2193 2122 2488 2192 εκέχρητο’
2531 2117 2624 2170 καὶ
2652 2116 2873 2186 ἐποίησε
2903 2113 3068 2184 σκεύη
3094 2111 3369 2184 εὔχρηστα
3389 2109 3468 2178 τῷ
3493 2109 3779 2178 Δεσπότῃ,

2189 2215 2313 2276 τοὺς
2354 2207 2817 2281 κατηρτισμένους
2866 2207 2944 2270 εἰς
3001 2206 3108 2258 πᾶν
3131 2203 3291 2276 ἔργον
3333 2199 3536 2271 ἀγαθὸν
3558 2201 3624 2252 ἐκ
3664 2199 3777 2268 τῆς

2191 2301 2507 2372 έτοιμασίας
2531 2298 2624 2353 τοῦ
2658 2299 2741 2367 ἐφ’
2775 2299 2923 2366 ὑμῖν.
2960 2295 3114 2350 Οὕτω
3160 2294 3258 2365 τὴν
3289 2293 3355 2347 δι’
3385 2291 3548 2347 αὐτοῦ
3584 2307 3775 2363 προσ-

2192 2392 2413 2464 αγωγὴν
2434 2390 2745 2460 ἐσχήκαμεν
2765 2386 2898 2458 πρὸς
2926 2386 3016 2438 τὸν
3045 2383 3283 2454 Πατέρα,
3307 2382 3672 2453 μεταστάντες
3708 2383 3787 2434 ἐκ

2192 2485 2289 2554 τῆς
2315 2481 2558 2549 ἐξουσίας
2592 2468 2695 2532 ’τοῦ
2726 2477 2949 2539 σκότους
2988 2476 3068 2539 εἰς
3087 2474 3186 2545 τὴν
3215 2473 3411 2546 μερίδα
3436 2471 3532 2524 τοῦ
3558 2470 3782 2541 κλήρου

2193 2576 2302 2629 τῶν
2323 2574 2491 2642 ἁγίων
2523 2573 2579 2625 ἐν
2598 2569 2675 2641 τῷ
2696 2568 2854 2638 φωτί,
2871 2567 2963 2637 Μὴ
2995 2560 3174 2618 τοίνυν
3209 2565 3275 2617 ἐκ
3297 2561 3547 2637 δουλικῆς
3572 2576 3780 2613 ταπει-

2194 2668 2416 2738 νότητος
2455 2660 2875 2735 ⁴Ινλναγκασμένην
2915 2655 3220 2728 ὑπηρεσίαν
3265 2654 3499 2724 νοῶμέν,
3531 2652 3634 2722 τὴν
3683 2650 3790 2706 διὰ

2196 2760 2324 2815 Υἱοῦ
2340 2758 2668 2828 οἰκονομίαν,
2698 2753 2832 2808 ἀλλὰ
2860 2752 2960 2822 τὴν
2988 2750 3232 2803 ἑκούσιον
3259 2748 3595 2817 ἐπιμέλειαν,
3629 2744 3787 2812 ἀγα-

2197 2853 2381 2922 θότητι
2433 2850 2526 2903 καὶ
2560 2844 2950 2916 εὐσπλαγχνίᾳ,
2999 2838 3142 2895 κατὰ
3173 2838 3235 2892 τὸ
3263 2836 3473 2908 θέλημα
3506 2835 3603 2888 τοῦ
3634 2833 3789 2888 Θεοῦ

2196 2944 2291 2998 καὶ
2351 2940 2583 3013 Πατρὸς,
2634 2938 2763 3005 περὶ
2808 2935 2870 2988 τὸ
2911 2934 3039 2987 [διον
3085 2931 3309 3000 πλάσμα
3345 2926 3787 3000 ἐνεργουμένην.

2199 3033 2354 3088 Οὕτω
2405 3031 2513 3103 γάρ
2542 3030 2591 3102 (1
2603 3044 2617 3095 )
2645 3025 3030 3096 εὐσεϐήσομεν,
3072 3022 3130 3075 ἐν
3167 3021 3302 3073 πᾶσι
3342 3020 3457 3082 τοῖς
3485 3015 3791 3070 ἐπιτελου-

532 3137 589 3191 in
630 3134 889 3220 omnibus
930 3132 1094 3217 rebus
1123 3130 1193 3184 ah
1220 3145 1287 3185 eo
1314 3128 1552 3199 peractis
1580 3134 1634 3183 et
1665 3127 1771 3198 ιθ
1801 3125 2097 3197 perfectam

2205 3127 2381 3199 μένοις
2407 3125 2504 3178 καὶ
2530 3121 2741 3175 τελείαν
2773 3116 2921 3187 αὐτῷ
2953 3111 3353 3186 μαρτυροῦντες
3384 3108 3482 3177 τὴν
3516 3106 3789 3176 δύναμιν,

532 3227 611 3284 illi
653 3211 948 3297 potentiam
989 3198 1532 3279 testimonioinostro
1576 3218 1962 3279 tribuerimus,
1997 3229 2097 3270 nec

2203 3198 2540 3288 καὶοῦδαμοῦ
2562 3212 2656 3267 τοῦ
2673 3211 3011 3283 βουλήματος
3034 3207 3128 3259 τοῦ
3150 3201 3415 3275 πατρικοῦ
3438 3198 3788 3259 διῖστῶντες.

534 3318 965 3390 ιιειιιιιιιηλιιιιιιι
996 3330 1028 3369 a
1072 3321 1297 3384 paterna
1328 3313 1606 3368 voluntate
1644 3310 2097 3380 separaverimus.

534 3394 1002 3478 Quemadmodum
1053 3406 1243 3477 utique
1298 3420 1422 3462 cum
1480 3402 1743 3459 Dominus
1800 3402 2100 3472 appellatur

533 3503 623 3556 via
656 3501 723 3565 ⁸⁷,
757 3500 822 3555 ad
852 3497 1225 3555 sublimiorem
1256 3496 1669 3568 intelligentiam
1700 3494 1905 3566 potius,
1935 3508 2101 3564 quam

536 3594 604 3649 ad
628 3594 905 3664 vulgarem
930 3608 996 3647 ac
1018 3606 1364 3647 communem
1391 3591 1575 3645 animo
1594 3589 1840 3644 ferimur.
1863 3586 2103 3641 Audien-

539 3698 622 3742 tes
644 3686 790 3740 enim
819 3686 986 3745 viam,
1018 3682 1326 3753 profectum
1359 3696 1508 3745 eum,
1537 3680 1628 3751 qui
1656 3679 1800 3734 serie
1829 3687 1992 3749 atque
2017 3692 2106 3732 or-

536 3780 663 3833 dine
695 3792 791 3846 per
822 3775 1055 3845 justitiaa
1092 3789 1260 3846 opera
1289 3780 1345 3829 et
1374 3773 1621 3829 scientia:
1651 3770 2104 3825 illuminationem

538 3870 606 3924 ad
654 3865 1045 3938 perfectionem
1085 3863 1297 3927 tendit,
1345 3860 1740 3932 intelligimus,
1786 3874 1999 3929 seraper
2053 3857 2105 3913 id

538 3960 686 4033 quod
716 3957 967 4012 anterius
991 3964 1076 4011 est
1099 3942 1435 4026 appetentes,
1466 3960 1522 4008 et
1551 3951 1618 4007 ad
1655 3966 1718 4006 ea
1747 3960 1869 4021 quae
1900 3956 2108 4005 restant

504 4092 517 4103 .
541 4041 904 4118 nosmetipsos
935 4047 1291 4101 extendentes
1314 4045 1381 4110 ⁸⁸,
1413 4044 1589 4099 donec
1623 4042 2009 4113 perveniamus
2039 4039 2104 4094 ad

541 4140 761 4196 beatum
790 4134 1121 4206 finem,‘quze
1144 4146 1229 4191 est
1262 4134 1352 4190 Dei
1375 4133 1633 4204 cognitio,
1661 4148 1823 4203 quam
1848 4132 2109 4188 Dominus

544 4245 643 4302 per
699 4245 822 4285 sese
871 4229 922 4281 in
972 4228 1149 4298 ipsum
1198 4224 1546 4280 credentibus
1601 4224 1849 4295 largitur.
1902 4222 2110 4280 Revera

545 4327 689 4382 enim
716 4326 856 4380 bona
883 4332 968 4380 est
992 4324 1098 4387 via,
1122 4319 1538 4377 exorbitationis
1562 4318 1878 4389 errorisque
1904 4319 2107 4384 nescia,

546 4418 811 4473 Dominus
839 4422 1045 4479 noster,
1075 4413 1141 4467 ad
1173 4410 1414 4473 Patrem,
1441 4410 1537 4481 qui
1566 4426 1753 4465 verum
1784 4410 1985 4465 bonum
2003 4420 2109 4475 est,

2206 3313 2414 3382 Ὥσπερ
2466 3303 2559 3362 οὖν
2615 3304 2710 3359 καὶ
2739 3305 2867 3357 ὅταν
2904 3298 3019 3363 ὁδὸς
3047 3301 3076 3352 ὁ
3113 3297 3315 3369 Κύριος
3351 3295 3598 3364 λέγηται,
3637 3290 3797 3362 πρὸς

2206 3401 2538 3474 ὑψηλοτέραν
2567 3397 2794 3460 ἔννοιαν,
2829 3392 2943 3446 ἀλλ’
2970 3391 3091 3461 οὐχὶ
3116 3382 3250 3459 πρέἱς
3281 3387 3378 3459 τὴν
3407 3388 3472 3438 ἐκ
3507 3382 3603 3436 τοῦ
3640 3398 3797 3454 προ-

2207 3496 2389 3568 χείρου
2414 3490 2828 3565 λαμϐανομένην
2870 3481 3273 3556 ὑποφερόμεθα.
3323 3478 3432 3550 Τὴν
3461 3476 3569 3547 γάρ
3597 3474 3800 3546 εἱρμῷ

2208 3567 2319 3649 καὶΔ
2343 3586 2492 3651 τάξει
2540 3582 2628 3638 διὰ
2657 3581 2765 3635 τῶν
2809 3579 2986 3651 ἔργων
3029 3576 3127 3645 τῆς
3165 3570 3528 3639 δικαιοσύνης,
3564 3567 3796 3621 καὶτοῦ

2210 3678 2488 3750 φωτισμοῡ
2512 3676 2612 3751 τῆς
2623 3672 2875 3744 γνώσεως
2900 3669 2992 3724 ἐπὶ
3021 3667 3084 3721 τὸ
3114 3667 3317 3720 τέλειον
3347 3659 3633 3734 προκοπὴν
3660 3658 3798 3711 ὁδὸν

2210 3769 2555 3840 ἐξακούομεν,
2584 3766 2670 3820 άεὶ
2699 3763 2995 3835 τοῦ-πρόσω
3017 3757 3405 3830 ἐπρεγόμενοι
3429 3752 3523 3823 (ἓ),
3551 3751 3650 3803 καὶ
3669 3753 3803 3813 tot;

2210 3862 2545 3932 λειπομένοις
2575 3844 2800 3920 ἑαυτοὺς
2838 3850 3264 3912 ἐπεκτείνοντες,
3316 3847 3421 3909 ἓως
3452 3843 3518 3897 ἂν
3560 3841 3802 3911 φθάσω-

2216 3972 2314 4027 μεν
2370 3952 2462 4006 ἐπὶ
2508 3951 2569 4004 τὸ
2613 3950 2880 4022 μακάριον
2916 3944 3088 4007 τέλος,
3132 3942 3229 4012 τὴν
3259 3936 3395 3992 Θεοῦ
3426 3934 3797 4004 κατανόησιν,

2213 4026 2278 4120 ἢν
2319 4049 2347 4101 ὁ
2384 4042 2586 4115 Κύριος
2613 4041 2679 4094 δι’
2708 4036 2902 4093 ἑαυτοῦ
2934 4036 3046 4099 τοῖς
3079 4033 3157 4098 εἰς
3180 4030 3339 4084 αὑτὸν
3394 4026 3804 4081 πεπιστευκόσι

2213 4117 2494 4211 χαρίζεται
2522 4133 2620 4205 (5).
2665 4129 2867 4202 Ἀγαθὴ
2903 4127 3010 4199 γὰρ
3057 4124 3223 4186 ὅντως
3258 4122 3395 4185 ὁδὸς,
3427 4117 3806 4189 άπαρεξόδευ-

2212 4248 2306 4295 τος
2354 4229 2447 4281 καὶ
2492 4223 2755 4295 ἀπλανὴς,
2799 4224 2828 4277 ὁ
2864 4220 3068 4292 Κύριος
3119 4215 3297 4288 ἡμῶν,
3336 4213 3471 4286 πρὸς
3514 4212 3576 4266 τὸ
3611 4211 3805 4276 ὅντως

2215 4321 2435 4392 ἀγαθὸν,
2468 4320 2558 4372 τὸν
2601 4316 2837 4389 Πατέρα,
2864 4310 3082 4382 ’φέρων.
3131 4306 3339 4372 Οὐδείς
3379 4304 3488 4374 γὰρ
3522 4303 3801 4392 ἔρχεται,

2217 4415 2370 4487 φησι,
2435 4410 2582 4479 πρὸς
2621 4408 2727 4462 τὸν
2776 4402 3009 4471 Πατέρα
3044 4402 3098 4454 εὶ
3114 4397 3201 4470 μὴ
3231 4396 3304 4450 δι’
3338 4392 3504 4465 ἐμοῦ.
3545 4391 3806 4487 Τοιαύτη

547 4508 876 4582 perducens.
930 4504 1099 4558 Nemo
1139 4504 1307 4567 enim,
1352 4480 1560 4572 inquit,
1608 4503 1743 4556 venit
1785 4501 1852 4554 ad
1897 4500 2097 4554 Patrem

2221 4480 2319 4580 μέν
2344 4501 2436 4560 οὖν
2462 4505 2495 4575 ἠ
2521 4499 2764 4573 ἡμετέρα
2787 4496 2923 4569 πρὸς
2943 4493 3075 4548 Θεὸν
3106 4489 3288 4553 ἄνοδος
3317 4487 3404 4541 διά
3437 4483 3531 4538 τοῦ
3554 4480 3722 4538 Υἱοῦ.

547 4600 652 4656 nisi
682 4614 774 4668 per
803 4612 881 4650 me
906 4596 972 4649 ".
1005 4593 1154 4648 Talis
1182 4600 1265 4650 est
1307 4593 1471 4662 igitur
1500 4601 1706 4647 ιιοειοι·
1721 4590 1789 4646 ad
1822 4589 1991 4644 Deum
2025 4604 2117 4643 as-

548 4706 750 4749 census
782 4702 877 4761 per
907 4685 1125 4740 Filium.
1212 4709 1223 4720 -

622 4803 710 4858 19.
743 4798 959 4855 Rursus
1003 4805 1183 4851 autem
1234 4794 1413 4865 qualis
1456 4794 1528 4849 sit
1566 4793 1727 4849 etiam
1772 4792 1952 4850 Patris
1988 4809 2119 4865 erga

552 4910 655 4951 nos
681 4909 777 4966 per
803 4892 1053 4948 eumdem
1079 4890 1343 4942 bonorum
1368 4887 1750 4958 suppeditatio,
1777 4900 2118 4956 consequens

549 4988 661 5059 jam
692 4984 855 5040 fuerit
899 4983 1193 5036 disserere.
1240 4977 1504 5051 Nimirum
1549 4992 1675 5032 cum
1709 4978 1889 5032 omnis
1922 4964 2119 5033 natura

553 5085 759 5142 creata,
792 5083 907 5129 tum
939 5074 1054 5127 hac
1083 5070 1335 5133 visibilis.
1366 5081 1477 5126 tum
1509 5070 1885 5142 intelligibilis,
1918 5069 1988 5124 ad
2014 5070 2120 5124 hoc

2294 4790 2378 4846 l9.
2419 4785 2611 4843 Ὀποία
2639 4784 2697 4839 δὲ
2736 4776 2895 4838 πάλιν
2950 4779 3100 4849 καὶὴ
3144 4771 3297 4848 παρά
3322 4768 3416 4825 τοῦ
3461 4765 3678 4838 [ἰατρὸς
3718 4764 3808 4837 (4)

2222 4886 2302 4948 εἰς
2333 4883 2480 4955 ἡμᾶς
2506 4880 2570 4933 δι’
2605 4876 2769 4932 αὐτοῦ
2789 4872 3019 4947 χορηγία
3056 4868 3165 4922 τῶν
3190 4862 3428 4935 ἀγαθῶν,
3461 4857 3587 4929 ἑξῆς
3605 4856 3682 4955 ἂν
3708 4857 3813 4927 εἴη

2222 4949 2420 5044 λέγειν.
2474 4973 2616 5035 "Ott,
2664 4969 2845 5038 πάσης
2878 4965 2976 5035 τῆς
3022 4960 3254 5032 φύσεως,
3278 4955 3380 5025 τῆς
3404 4955 3462 5006 ἐν
3487 4952 3554 5022 τῇ
3586 4949 3810 5044 κτίσει,

2224 5039 2306 5138 τῇ-
2334 5081 2393 5119 τε
2439 5062 2693 5135 ὁρωμένη
2717 5056 2887 5128 ταύτῃ
2914 5055 3009 5109 καὶ
3040 5054 3107 5123 τῇ
3153 5046 3436 5120 νοουμένη,
3470 5039 3815 5113 ἐπιμελείας

586 5294 595 5303 ,
624 5252 673 5284 "
696 5248 853 5304 Rom.
880 5263 1004 5311 vm,
1035 5247 1124 5303 '57.
1198 5246 1245 5279 “
1271 5244 1457 5301 Matth.
1488 5261 1588 5309 ιιι,
1614 5243 1705 5300 21.
1781 5239 2044 5296 ⁸⁸11Τίιιι.
2074 5256 2093 5296 ι

2202 5239 2250 5294 9.
2324 5238 2373 5271 ”
2400 5232 2785 5300 Coloss.i,l2,
2816 5229 2902 5287 15.
2978 5224 3409 5292 "Joan.xiv,6.
3484 5219 3812 5292 "Philipp.

554 5338 638 5387 ιιι,
675 5322 758 5375 t3.
858 5320 905 5352 ”
932 5317 1090 5374 Joan.
1122 5333 1230 5383 xiv,
1262 5318 1313 5372 6.
1997 5338 2007 5348 -

629 5497 704 5570 (l)
745 5496 907 5570 Οὕτω
948 5495 1081 5567 γάρ,
1105 5506 1226 5570 etc.
1271 5490 1415 5570 Editi
1444 5494 1634 5570 contra
1684 5481 1963 5570 codicum.
1992 5496 2125 5570 mss.

560 5554 719 5626 ﬁdem
756 5554 1076 5636 habeba'nt'i
1101 5560 1500 5636 ἐνεργουμένην
1539 5559 1599 5612 ἐν
1635 5557 1768 5610 πᾶσι
1803 5555 1917 5617 τοῖς
1944 5554 2127 5607 ἐπιτε-

558 5639 857 5707 λουμένοις.
887 5635 1043 5691 Οὕτω
1073 5632 1597 5707 γάρἐὕσεθῄσομεν.

633 5691 709 5779 ἃ)
755 5691 1217 5779 Ἐἓτορετόμὲζρα
1255 5691 1493 5779 Quighm'
1535 5695 1755 5752 codices
1783 5691 2117 5779 ὀρεγομένοις

634 5763 712 5853 ξδ)
750 5763 1065 5847 Χαριϊεὲαῖ.
1125 5763 1216 5829 Sic
1266 5763 1485 5829 codices
1530 5781 1689 5825 mssa
1740 5763 1850 5821 non
1893 5763 1959 5819 ut
1988 5763 2121 5819 editi

2233 5480 2535 5553 χαρίσεται.
2584 5478 2730 5553 Mox“
2754 5481 2810 5536 in
2869 5478 3105 5553 edi_tis_6
3149 5474 3367 5553 ιςύριος
3394 5470 3552 5545 ἡμῶν
3589 5470 3819 5546 Ἰησοῦς

2398 5551 2510 5616 τόν,
2542 5560 2649 5607 etc.
2685 5548 2906 5607 Veteres
2938 5549 3060 5603 libri
3082 5554 3142 5601 ut
3172 5547 3224 5616 in
3252 5552 3529 5616 contextu.

2300 5608 2587 5698 (ι’)ηηάρά
2636 5621 2761 5698 me.
2786 5619 3037 5698 ηατρός.
3059 5615 3217 5698 ,Περί
3262 5608 3821 5698 inmpmnipug’rege

2227 5675 2530 5747 codicibus'
2555 5675 2689 5748 mss.
2722 5675 2926 5746 Ibidem
2968 5675 3107 5743 male
3161 5675 3216 5742 in
3265 5685 3428 5743 editis
3466 5684 3564 5738 καὶ
3599 5675 3676 5735 δι’
3708 5681 3822 5736 αὑο

2225 5762 2339 5817 τοῦ.
2371 5762 2697 5833 Conjunctio
2722 5764 2873 5841 deest
2919 5759 2974 5814 in
3004 5771 3138 5815 mss.
