  <div class='ocr_page' id='page_1' title='image "/cluster/home/n/w/nwhite01/storage/ocr_20150623/32/hvd.32044020606729/058.png"; bbox 0 0 3908 6526; ppageno 0'>
   <div class='ocr_carea' id='block_1_1' title="bbox 173 369 2250 427">
    <p class='ocr_par' dir='ltr' id='par_1_1' title="bbox 173 369 2250 427">
     <span class='ocr_line' id='line_1_1' title="bbox 173 369 2250 427; baseline 0 -1"><span class='ocrx_word' id='word_1_1' title='bbox 173 372 256 427; x_wconf 70' lang='grc' dir='ltr'><strong>ίθΙ</strong></span> <span class='ocrx_word' id='word_1_2' title='bbox 1284 370 1479 424; x_wconf 76' lang='lat' dir='ltr'><strong>LIBER</strong></span> <span class='ocrx_word' id='word_1_3' title='bbox 1514 369 1601 424; x_wconf 83' lang='lat' dir='ltr'><strong>DE</strong></span> <span class='ocrx_word' id='word_1_4' title='bbox 1641 369 1914 426; x_wconf 82' lang='lat' dir='ltr'><strong>SPlRlTU</strong></span> <span class='ocrx_word' id='word_1_5' title='bbox 1952 372 2250 427; x_wconf 72' lang='lat' dir='ltr'><strong>SANCTO.</strong></span> 
     </span>
    </p>
   </div>
   <div class='ocr_carea' id='block_1_2' title="bbox 3307 377 3412 436">
    <p class='ocr_par' dir='ltr' id='par_1_2' title="bbox 3307 377 3412 436">
     <span class='ocr_line' id='line_1_2' title="bbox 3307 377 3412 436; baseline 0.019 -2"><span class='ocrx_word' id='word_1_6' title='bbox 3307 377 3412 436; x_wconf 67' lang='grc'><strong>102</strong></span> 
     </span>
    </p>
   </div>
   <div class='ocr_carea' id='block_1_3' title="bbox 171 481 1726 557">
    <p class='ocr_par' dir='ltr' id='par_1_3' title="bbox 171 481 1726 556">
     <span class='ocr_line' id='line_1_3' title="bbox 171 481 1726 556; baseline -0.002 -17"><span class='ocrx_word' id='word_1_7' title='bbox 171 489 227 539; x_wconf 75' lang='grc' dir='ltr'><strong>ὲκ</strong></span> <span class='ocrx_word' id='word_1_8' title='bbox 257 481 341 536; x_wconf 87' lang='grc' dir='ltr'><strong>τοῦ</strong></span> <span class='ocrx_word' id='word_1_9' title='bbox 361 481 497 536; x_wconf 80' lang='grc' dir='ltr'><strong>Θεοῦ</strong></span> <span class='ocrx_word' id='word_1_10' title='bbox 525 483 664 555; x_wconf 76' lang='grc' dir='ltr'><strong>πρὸς</strong></span> <span class='ocrx_word' id='word_1_11' title='bbox 684 483 746 536; x_wconf 74' lang='grc' dir='ltr'><strong>τὸ</strong></span> <span class='ocrx_word' id='word_1_12' title='bbox 775 483 1092 554; x_wconf 75' lang='grc' dir='ltr'><strong>συνέχεσθαι</strong></span> <span class='ocrx_word' id='word_1_13' title='bbox 1119 483 1398 554; x_wconf 75' lang='grc' dir='ltr'><strong>δεομένης,</strong></span> <span class='ocrx_word' id='word_1_14' title='bbox 1427 487 1455 538; x_wconf 99' lang='lat'><strong>6</strong></span> <span class='ocrx_word' id='word_1_15' title='bbox 1477 484 1726 556; x_wconf 79' lang='grc' dir='ltr'><strong>δημιουρ·</strong></span> 
     </span>
    </p>
   </div>
   <div class='ocr_carea' id='block_1_4' title="bbox 1829 481 3413 557">
    <p class='ocr_par' dir='ltr' id='par_1_4' title="bbox 1836 485 3413 557">
     <span class='ocr_line' id='line_1_4' title="bbox 1836 485 3413 557; baseline 0.003 -18"><span class='ocrx_word' id='word_1_16' title='bbox 1836 494 1891 539; x_wconf 85' lang='grc' dir='ltr'><strong>ιιι</strong></span> <span class='ocrx_word' id='word_1_17' title='bbox 1918 487 2206 549; x_wconf 93' lang='lat' dir='ltr'><strong>consistat,</strong></span> <span class='ocrx_word' id='word_1_18' title='bbox 2254 485 2346 542; x_wconf 85' lang='lat' dir='ltr'><strong>Dei</strong></span> <span class='ocrx_word' id='word_1_19' title='bbox 2382 501 2513 540; x_wconf 88' lang='lat' dir='ltr'><strong>cura</strong></span> <span class='ocrx_word' id='word_1_20' title='bbox 2549 499 2732 557; x_wconf 84' lang='lat' dir='ltr'><strong>egeat;</strong></span> <span class='ocrx_word' id='word_1_21' title='bbox 2766 487 2945 556; x_wconf 80' lang='lat' dir='ltr'><strong>Opifex</strong></span> <span class='ocrx_word' id='word_1_22' title='bbox 2978 485 3210 543; x_wconf 81' lang='lat' dir='ltr'><strong>Verbum</strong></span> <span class='ocrx_word' id='word_1_23' title='bbox 3238 531 3252 555; x_wconf 93' lang='lat'><strong>,</strong></span> <span class='ocrx_word' id='word_1_24' title='bbox 3289 491 3413 544; x_wconf 86' lang='lat' dir='ltr'><strong>uni-</strong></span> 
     </span>
    </p>
   </div>
   <div class='ocr_carea' id='block_1_5' title="bbox 169 577 1735 648">
    <p class='ocr_par' dir='ltr' id='par_1_5' title="bbox 169 577 1735 648">
     <span class='ocr_line' id='line_1_5' title="bbox 169 577 1735 648; baseline 0 -19"><span class='ocrx_word' id='word_1_25' title='bbox 169 579 254 645; x_wconf 80' lang='grc' dir='ltr'><strong>γδς</strong></span> <span class='ocrx_word' id='word_1_26' title='bbox 280 577 481 644; x_wconf 76' lang='grc' dir='ltr'><strong>Λόγος,</strong></span> <span class='ocrx_word' id='word_1_27' title='bbox 516 577 546 628; x_wconf 89' lang='lat'><strong>6</strong></span> <span class='ocrx_word' id='word_1_28' title='bbox 579 579 876 648; x_wconf 76' lang='grc' dir='ltr'><strong>μονογενὴς</strong></span> <span class='ocrx_word' id='word_1_29' title='bbox 919 577 1050 640; x_wconf 83' lang='grc' dir='ltr'><strong>Θεὸς</strong></span> <span class='ocrx_word' id='word_1_30' title='bbox 1071 619 1086 639; x_wconf 93' lang='grc'><strong>,</strong></span> <span class='ocrx_word' id='word_1_31' title='bbox 1134 577 1274 630; x_wconf 72' lang='grc' dir='ltr'><strong>κατὰ</strong></span> <span class='ocrx_word' id='word_1_32' title='bbox 1323 579 1384 630; x_wconf 86' lang='grc' dir='ltr'><strong>τὸ</strong></span> <span class='ocrx_word' id='word_1_33' title='bbox 1416 578 1611 648; x_wconf 81' lang='grc' dir='ltr'><strong>μέτρον</strong></span> <span class='ocrx_word' id='word_1_34' title='bbox 1636 578 1735 648; x_wconf 79' lang='grc' dir='ltr'><strong>τῆς</strong></span> 
     </span>
    </p>
   </div>
   <div class='ocr_carea' id='block_1_6' title="bbox 169 667 1736 739">
    <p class='ocr_par' dir='ltr' id='par_1_6' title="bbox 169 667 1736 739">
     <span class='ocr_line' id='line_1_6' title="bbox 169 667 1736 739; baseline -0.001 -16"><span class='ocrx_word' id='word_1_35' title='bbox 169 669 381 723; x_wconf 72' lang='grc' dir='ltr'><strong>ἑκάστου</strong></span> <span class='ocrx_word' id='word_1_36' title='bbox 428 667 638 737; x_wconf 85' lang='grc' dir='ltr'><strong>χρείας,</strong></span> <span class='ocrx_word' id='word_1_37' title='bbox 687 671 786 738; x_wconf 76' lang='grc' dir='ltr'><strong>τὴν</strong></span> <span class='ocrx_word' id='word_1_38' title='bbox 843 668 1094 739; x_wconf 78' lang='grc' dir='ltr'><strong>βοήθειαν</strong></span> <span class='ocrx_word' id='word_1_39' title='bbox 1141 669 1430 739; x_wconf 80' lang='grc' dir='ltr'><strong>ἐπινέμων,</strong></span> <span class='ocrx_word' id='word_1_40' title='bbox 1486 669 1736 731; x_wconf 76' lang='grc' dir='ltr'><strong>ποικίλας</strong></span> 
     </span>
    </p>
   </div>
   <div class='ocr_carea' id='block_1_7' title="bbox 170 760 1736 834">
    <p class='ocr_par' dir='ltr' id='par_1_7' title="bbox 170 760 1736 834">
     <span class='ocr_line' id='line_1_7' title="bbox 170 760 1736 834; baseline 0.001 -21"><span class='ocrx_word' id='word_1_41' title='bbox 170 765 254 834; x_wconf 78' lang='grc' dir='ltr'><strong>μὲν</strong></span> <span class='ocrx_word' id='word_1_42' title='bbox 303 764 396 815; x_wconf 79' lang='grc' dir='ltr'><strong>καὶ</strong></span> <span class='ocrx_word' id='word_1_43' title='bbox 457 762 810 825; x_wconf 80' lang='grc' dir='ltr'><strong>παντοδαπὰς</strong></span> <span class='ocrx_word' id='word_1_44' title='bbox 857 760 946 814; x_wconf 79' lang='grc' dir='ltr'><strong>διὰ</strong></span> <span class='ocrx_word' id='word_1_45' title='bbox 993 761 1052 813; x_wconf 83' lang='grc' dir='ltr'><strong>τὸ</strong></span> <span class='ocrx_word' id='word_1_46' title='bbox 1098 761 1207 814; x_wconf 87' lang='grc' dir='ltr'><strong>τῶν</strong></span> <span class='ocrx_word' id='word_1_47' title='bbox 1267 761 1736 833; x_wconf 79' lang='grc' dir='ltr'><strong>εὐεργετουμένων</strong></span> 
     </span>
    </p>
   </div>
   <div class='ocr_carea' id='block_1_8' title="bbox 167 851 1736 923">
    <p class='ocr_par' dir='ltr' id='par_1_8' title="bbox 167 851 1736 923">
     <span class='ocr_line' id='line_1_8' title="bbox 167 851 1736 923; baseline -0.002 -17"><span class='ocrx_word' id='word_1_48' title='bbox 167 853 450 916; x_wconf 76' lang='grc' dir='ltr'><strong>πολυειδὲς,</strong></span> <span class='ocrx_word' id='word_1_49' title='bbox 489 851 842 923; x_wconf 78' lang='grc' dir='ltr'><strong>συμμέτρους</strong></span> <span class='ocrx_word' id='word_1_50' title='bbox 870 869 933 920; x_wconf 89' lang='grc' dir='ltr'><strong>γε</strong></span> <span class='ocrx_word' id='word_1_51' title='bbox 971 851 1075 922; x_wconf 79' lang='grc' dir='ltr'><strong>μὴν</strong></span> <span class='ocrx_word' id='word_1_52' title='bbox 1111 852 1346 921; x_wconf 81' lang='grc' dir='ltr'><strong>ἑκάστῳ,</strong></span> <span class='ocrx_word' id='word_1_53' title='bbox 1377 852 1520 906; x_wconf 83' lang='grc' dir='ltr'><strong>κατὰ</strong></span> <span class='ocrx_word' id='word_1_54' title='bbox 1547 852 1607 904; x_wconf 86' lang='grc' dir='ltr'><strong>τὸ</strong></span> <span class='ocrx_word' id='word_1_55' title='bbox 1635 855 1736 923; x_wconf 83' lang='grc' dir='ltr'><strong>τῆς</strong></span> 
     </span>
    </p>
   </div>
   <div class='ocr_carea' id='block_1_9' title="bbox 164 943 1736 1014">
    <p class='ocr_par' dir='ltr' id='par_1_9' title="bbox 164 943 1736 1014">
     <span class='ocr_line' id='line_1_9' title="bbox 164 943 1736 1014; baseline 0.002 -19"><span class='ocrx_word' id='word_1_56' title='bbox 164 946 339 1014; x_wconf 84' lang='grc' dir='ltr'><strong>χρείας</strong></span> <span class='ocrx_word' id='word_1_57' title='bbox 389 945 711 1012; x_wconf 84' lang='grc' dir='ltr'><strong>ἀναγκαῖον,</strong></span> <span class='ocrx_word' id='word_1_58' title='bbox 761 943 861 1007; x_wconf 74' lang='grc' dir='ltr'><strong>τὰς</strong></span> <span class='ocrx_word' id='word_1_59' title='bbox 889 943 1151 1014; x_wconf 74' lang='grc' dir='ltr'><strong>χορηγίας</strong></span> <span class='ocrx_word' id='word_1_60' title='bbox 1174 945 1472 1014; x_wconf 85' lang='grc' dir='ltr'><strong>ὲπιμετρεῖ.</strong></span> <span class='ocrx_word' id='word_1_61' title='bbox 1510 945 1647 1009; x_wconf 83' lang='grc' dir='ltr'><strong>Τοὺς</strong></span> <span class='ocrx_word' id='word_1_62' title='bbox 1677 947 1736 998; x_wconf 85' lang='grc' dir='ltr'><strong>ὲν</strong></span> 
     </span>
    </p>
   </div>
   <div class='ocr_carea' id='block_1_10' title="bbox 163 1034 1736 1106">
    <p class='ocr_par' dir='ltr' id='par_1_10' title="bbox 163 1034 1736 1106">
     <span class='ocr_line' id='line_1_10' title="bbox 163 1034 1736 1106; baseline 0.002 -20"><span class='ocrx_word' id='word_1_63' title='bbox 163 1035 231 1105; x_wconf 75' lang='grc' dir='ltr'><strong>τῷ</strong></span> <span class='ocrx_word' id='word_1_64' title='bbox 281 1035 459 1104; x_wconf 81' lang='grc' dir='ltr'><strong>σκότῳ</strong></span> <span class='ocrx_word' id='word_1_65' title='bbox 507 1034 608 1104; x_wconf 79' lang='grc' dir='ltr'><strong>τῆς</strong></span> <span class='ocrx_word' id='word_1_66' title='bbox 658 1035 882 1103; x_wconf 76' lang='grc' dir='ltr'><strong>ἀγνοίας</strong></span> <span class='ocrx_word' id='word_1_67' title='bbox 923 1034 1321 1106; x_wconf 72' lang='grc' dir='ltr'><strong>κατεχομένους</strong></span> <span class='ocrx_word' id='word_1_68' title='bbox 1354 1035 1577 1104; x_wconf 73' lang='grc' dir='ltr'><strong>φωτίζει</strong></span> <span class='ocrx_word' id='word_1_69' title='bbox 1603 1053 1616 1066; x_wconf 75' lang='grc' dir='ltr'><strong><em>ο</em></strong></span> <span class='ocrx_word' id='word_1_70' title='bbox 1649 1037 1736 1090; x_wconf 80' lang='grc' dir='ltr'><strong>διὰ</strong></span> 
     </span>
    </p>
   </div>
   <div class='ocr_carea' id='block_1_11' title="bbox 161 1125 1735 1197">
    <p class='ocr_par' dir='ltr' id='par_1_11' title="bbox 161 1125 1735 1197">
     <span class='ocr_line' id='line_1_11' title="bbox 161 1125 1735 1197; baseline 0 -18"><span class='ocrx_word' id='word_1_71' title='bbox 161 1125 305 1179; x_wconf 86' lang='grc' dir='ltr'><strong>τοῦτο</strong></span> <span class='ocrx_word' id='word_1_72' title='bbox 353 1125 472 1192; x_wconf 69' lang='grc' dir='ltr'><strong>φῶς</strong></span> <span class='ocrx_word' id='word_1_73' title='bbox 509 1126 574 1178; x_wconf 77' lang='grc' dir='ltr'><strong>τὸ</strong></span> <span class='ocrx_word' id='word_1_74' title='bbox 615 1125 890 1196; x_wconf 83' lang='grc' dir='ltr'><strong>ἀληθινόν.</strong></span> <span class='ocrx_word' id='word_1_75' title='bbox 939 1126 1130 1197; x_wconf 86' lang='grc' dir='ltr'><strong>Κρίνει</strong></span> <span class='ocrx_word' id='word_1_76' title='bbox 1163 1126 1260 1195; x_wconf 83' lang='grc'><strong>(5),</strong></span> <span class='ocrx_word' id='word_1_77' title='bbox 1320 1125 1459 1179; x_wconf 83' lang='grc' dir='ltr'><strong>κατά</strong></span> <span class='ocrx_word' id='word_1_78' title='bbox 1495 1126 1594 1196; x_wconf 84' lang='grc' dir='ltr'><strong>τὴν</strong></span> <span class='ocrx_word' id='word_1_79' title='bbox 1627 1125 1735 1179; x_wconf 87' lang='grc' dir='ltr'><strong>τῶν</strong></span> 
     </span>
    </p>
   </div>
   <div class='ocr_carea' id='block_1_12' title="bbox 162 1215 1736 1288">
    <p class='ocr_par' dir='ltr' id='par_1_12' title="bbox 162 1215 1736 1288">
     <span class='ocr_line' id='line_1_12' title="bbox 162 1215 1736 1288; baseline 0.001 -21"><span class='ocrx_word' id='word_1_80' title='bbox 162 1217 328 1284; x_wconf 75' lang='grc' dir='ltr'><strong>ἔργων</strong></span> <span class='ocrx_word' id='word_1_81' title='bbox 392 1215 557 1280; x_wconf 79' lang='grc' dir='ltr'><strong>ἀξίαν</strong></span> <span class='ocrx_word' id='word_1_82' title='bbox 618 1216 958 1287; x_wconf 82' lang='grc' dir='ltr'><strong>ἀντιμετρῶν</strong></span> <span class='ocrx_word' id='word_1_83' title='bbox 993 1216 1088 1288; x_wconf 75' lang='grc' dir='ltr'><strong>τὴν</strong></span> <span class='ocrx_word' id='word_1_84' title='bbox 1117 1216 1413 1270; x_wconf 71' lang='grc' dir='ltr'><strong>ἀντίδοσιν*</strong></span> <span class='ocrx_word' id='word_1_85' title='bbox 1447 1215 1532 1268; x_wconf 66' lang='grc' dir='ltr'><strong>διὰ</strong></span> <span class='ocrx_word' id='word_1_86' title='bbox 1578 1215 1736 1269; x_wconf 87' lang='grc' dir='ltr'><strong>τοῦτο</strong></span> 
     </span>
    </p>
   </div>
   <div class='ocr_carea' id='block_1_13' title="bbox 163 1307 1736 1378">
    <p class='ocr_par' dir='ltr' id='par_1_13' title="bbox 163 1307 1736 1378">
     <span class='ocr_line' id='line_1_13' title="bbox 163 1307 1736 1378; baseline 0.002 -19"><span class='ocrx_word' id='word_1_87' title='bbox 163 1309 339 1378; x_wconf 76' lang='grc' dir='ltr'><strong>κριτὴς</strong></span> <span class='ocrx_word' id='word_1_88' title='bbox 372 1308 604 1372; x_wconf 76' lang='grc' dir='ltr'><strong>δίκαιος.</strong></span> <span class='ocrx_word' id='word_1_89' title='bbox 645 1309 700 1360; x_wconf 88' lang='lat'><strong>&#39;0</strong></span> <span class='ocrx_word' id='word_1_90' title='bbox 731 1310 840 1378; x_wconf 71' lang='grc' dir='ltr'><strong>γὰρ</strong></span> <span class='ocrx_word' id='word_1_91' title='bbox 876 1308 1079 1377; x_wconf 82' lang='grc' dir='ltr'><strong>Πατὴρ</strong></span> <span class='ocrx_word' id='word_1_92' title='bbox 1103 1309 1290 1376; x_wconf 80' lang='grc' dir='ltr'><strong>κρίνει</strong></span> <span class='ocrx_word' id='word_1_93' title='bbox 1312 1307 1549 1371; x_wconf 81' lang='grc' dir='ltr'><strong>οὐδένα,</strong></span> <span class='ocrx_word' id='word_1_94' title='bbox 1577 1308 1736 1362; x_wconf 75' lang='grc' dir='ltr'><em>ἀλλὰ</em></span> 
     </span>
    </p>
   </div>
   <div class='ocr_carea' id='block_1_14' title="bbox 161 1397 1736 1470">
    <p class='ocr_par' dir='ltr' id='par_1_14' title="bbox 161 1397 1736 1470">
     <span class='ocr_line' id='line_1_14' title="bbox 161 1397 1736 1470; baseline -0.001 -18"><span class='ocrx_word' id='word_1_95' title='bbox 161 1402 264 1466; x_wconf 75' lang='grc' dir='ltr'><strong>τὴν</strong></span> <span class='ocrx_word' id='word_1_96' title='bbox 294 1401 501 1468; x_wconf 75' lang='grc' dir='ltr'><strong>κρίσιν</strong></span> <span class='ocrx_word' id='word_1_97' title='bbox 533 1399 742 1454; x_wconf 76' lang='grc' dir='ltr'><strong>πᾶσαν</strong></span> <span class='ocrx_word' id='word_1_98' title='bbox 786 1399 1005 1452; x_wconf 80' lang='grc' dir='ltr'><strong>δέδωκε</strong></span> <span class='ocrx_word' id='word_1_99' title='bbox 1043 1397 1121 1464; x_wconf 84' lang='grc' dir='ltr'><strong>τῷ</strong></span> <span class='ocrx_word' id='word_1_100' title='bbox 1163 1399 1291 1464; x_wconf 79' lang='grc' dir='ltr'><strong>Υιῷ.</strong></span> <span class='ocrx_word' id='word_1_101' title='bbox 1336 1399 1643 1470; x_wconf 79' lang='grc' dir='ltr'><strong>’Λνίστησιν</strong></span> <span class='ocrx_word' id='word_1_102' title='bbox 1669 1400 1736 1452; x_wconf 79' lang='grc' dir='ltr'><strong>ἐκ</strong></span> 
     </span>
    </p>
   </div>
   <div class='ocr_carea' id='block_1_15' title="bbox 158 1490 1736 1563">
    <p class='ocr_par' dir='ltr' id='par_1_15' title="bbox 158 1490 1736 1563">
     <span class='ocr_line' id='line_1_15' title="bbox 158 1490 1736 1563; baseline 0.001 -18"><span class='ocrx_word' id='word_1_103' title='bbox 158 1493 242 1545; x_wconf 83' lang='grc' dir='ltr'><strong>τοῦ</strong></span> <span class='ocrx_word' id='word_1_104' title='bbox 295 1492 592 1562; x_wconf 78' lang='grc' dir='ltr'><strong>πτώματος</strong></span> <span class='ocrx_word' id='word_1_105' title='bbox 623 1494 749 1556; x_wconf 74' lang='grc' dir='ltr'><strong>τοὺς</strong></span> <span class='ocrx_word' id='word_1_106' title='bbox 788 1493 895 1546; x_wconf 84' lang='grc' dir='ltr'><strong>ἀπὸ</strong></span> <span class='ocrx_word' id='word_1_107' title='bbox 941 1493 1032 1546; x_wconf 88' lang='grc' dir='ltr'><strong>τοῦ</strong></span> <span class='ocrx_word' id='word_1_108' title='bbox 1063 1492 1230 1561; x_wconf 69' lang='grc' dir='ltr'><strong>ὕψους</strong></span> <span class='ocrx_word' id='word_1_109' title='bbox 1285 1493 1382 1563; x_wconf 85' lang='grc' dir='ltr'><strong>τῆς</strong></span> <span class='ocrx_word' id='word_1_110' title='bbox 1412 1491 1558 1562; x_wconf 79' lang='grc' dir='ltr'><strong>ζωῆς</strong></span> <span class='ocrx_word' id='word_1_111' title='bbox 1599 1490 1736 1562; x_wconf 86' lang='grc' dir='ltr'><strong>πρὸς</strong></span> 
     </span>
    </p>
   </div>
   <div class='ocr_carea' id='block_1_16' title="bbox 155 1583 1731 1654">
    <p class='ocr_par' dir='ltr' id='par_1_16' title="bbox 155 1583 1731 1654">
     <span class='ocr_line' id='line_1_16' title="bbox 155 1583 1731 1654; baseline -0.001 -16"><span class='ocrx_word' id='word_1_112' title='bbox 155 1585 423 1654; x_wconf 70' lang='grc' dir='ltr'><strong>ἁμαρτίαν</strong></span> <span class='ocrx_word' id='word_1_113' title='bbox 479 1583 948 1654; x_wconf 78' lang='grc' dir='ltr'><strong>ὑπολισθὴσαντας</strong></span> <span class='ocrx_word' id='word_1_114' title='bbox 977 1603 990 1615; x_wconf 84' lang='lat'><strong><em>°</em></strong></span> <span class='ocrx_word' id='word_1_115' title='bbox 1048 1585 1136 1638; x_wconf 66' lang='grc' dir='ltr'><strong>διὰ</strong></span> <span class='ocrx_word' id='word_1_116' title='bbox 1204 1584 1363 1638; x_wconf 86' lang='grc' dir='ltr'><strong>τοῦτο</strong></span> <span class='ocrx_word' id='word_1_117' title='bbox 1417 1584 1731 1648; x_wconf 81' lang='grc' dir='ltr'><strong>ἀνάστασις.</strong></span> 
     </span>
    </p>
   </div>
   <div class='ocr_carea' id='block_1_17' title="bbox 161 1674 1734 1747">
    <p class='ocr_par' dir='ltr' id='par_1_17' title="bbox 161 1674 1734 1747">
     <span class='ocr_line' id='line_1_17' title="bbox 161 1674 1734 1747; baseline -0.003 -17"><span class='ocrx_word' id='word_1_118' title='bbox 161 1678 341 1730; x_wconf 66' lang='grc' dir='ltr'><strong>Πάντα</strong></span> <span class='ocrx_word' id='word_1_119' title='bbox 369 1677 430 1729; x_wconf 76' lang='grc' dir='ltr'><strong>δὲ</strong></span> <span class='ocrx_word' id='word_1_120' title='bbox 454 1679 598 1729; x_wconf 79' lang='grc' dir='ltr'><strong>ποιεῖ</strong></span> <span class='ocrx_word' id='word_1_121' title='bbox 623 1679 688 1746; x_wconf 81' lang='grc' dir='ltr'><strong>τῇ</strong></span> <span class='ocrx_word' id='word_1_122' title='bbox 720 1679 906 1747; x_wconf 71' lang='grc' dir='ltr'><strong>ἐπαφῇ</strong></span> <span class='ocrx_word' id='word_1_123' title='bbox 932 1676 1032 1746; x_wconf 82' lang='grc' dir='ltr'><strong>τῆς</strong></span> <span class='ocrx_word' id='word_1_124' title='bbox 1054 1675 1356 1746; x_wconf 87' lang='grc' dir='ltr'><strong>δυνάμεως,</strong></span> <span class='ocrx_word' id='word_1_125' title='bbox 1385 1677 1478 1729; x_wconf 75' lang='grc' dir='ltr'><strong>καὶ</strong></span> <span class='ocrx_word' id='word_1_126' title='bbox 1505 1675 1582 1746; x_wconf 83' lang='grc' dir='ltr'><strong>τῷ</strong></span> <span class='ocrx_word' id='word_1_127' title='bbox 1609 1674 1734 1744; x_wconf 85' lang='grc' dir='ltr'><strong>βου-</strong></span> 
     </span>
    </p>
   </div>
   <div class='ocr_carea' id='block_1_18' title="bbox 155 1767 1729 1839">
    <p class='ocr_par' dir='ltr' id='par_1_18' title="bbox 155 1767 1729 1839">
     <span class='ocr_line' id='line_1_18' title="bbox 155 1767 1729 1839; baseline 0 -20"><span class='ocrx_word' id='word_1_128' title='bbox 155 1768 349 1837; x_wconf 66' lang='grc' dir='ltr'><strong>λιξματι</strong></span> <span class='ocrx_word' id='word_1_129' title='bbox 401 1767 744 1838; x_wconf 83' lang='grc' dir='ltr'><strong>ἀγαθότητος</strong></span> <span class='ocrx_word' id='word_1_130' title='bbox 794 1767 1050 1839; x_wconf 77' lang='grc' dir='ltr'><strong>ἐνεργῶν.</strong></span> <span class='ocrx_word' id='word_1_131' title='bbox 1103 1767 1423 1836; x_wconf 84' lang='grc' dir='ltr'><strong>Ποιμαίνει,</strong></span> <span class='ocrx_word' id='word_1_132' title='bbox 1475 1767 1729 1836; x_wconf 77' lang='grc' dir='ltr'><strong>φωτίζει,</strong></span> 
     </span>
    </p>
   </div>
   <div class='ocr_carea' id='block_1_19' title="bbox 1839 577 3412 649">
    <p class='ocr_par' dir='ltr' id='par_1_19' title="bbox 1839 577 3412 649">
     <span class='ocr_line' id='line_1_19' title="bbox 1839 577 3412 649; baseline 0.002 -17"><span class='ocrx_word' id='word_1_133' title='bbox 1839 578 2054 648; x_wconf 84' lang='lat' dir='ltr'><strong>genitus</strong></span> <span class='ocrx_word' id='word_1_134' title='bbox 2089 577 2230 633; x_wconf 84' lang='lat' dir='ltr'><strong>Deus</strong></span> <span class='ocrx_word' id='word_1_135' title='bbox 2259 593 2438 648; x_wconf 78' lang='lat' dir='ltr'><strong>opem.</strong></span> <span class='ocrx_word' id='word_1_136' title='bbox 2477 586 2738 647; x_wconf 66' lang='lat' dir='ltr'><strong>quantum</strong></span> <span class='ocrx_word' id='word_1_137' title='bbox 2776 580 2973 649; x_wconf 83' lang='lat' dir='ltr'><strong>cuique</strong></span> <span class='ocrx_word' id='word_1_138' title='bbox 3001 595 3138 649; x_wconf 87' lang='lat' dir='ltr'><strong>opus</strong></span> <span class='ocrx_word' id='word_1_139' title='bbox 3168 588 3270 647; x_wconf 89' lang='lat' dir='ltr'><strong>est,</strong></span> <span class='ocrx_word' id='word_1_140' title='bbox 3299 582 3412 636; x_wconf 78' lang='lat' dir='ltr'><strong>dis—</strong></span> 
     </span>
    </p>
   </div>
   <div class='ocr_carea' id='block_1_20' title="bbox 1837 669 3406 742">
    <p class='ocr_par' dir='ltr' id='par_1_20' title="bbox 1837 669 3406 742">
     <span class='ocr_line' id='line_1_20' title="bbox 1837 669 3406 742; baseline 0.001 -20"><span class='ocrx_word' id='word_1_141' title='bbox 1837 670 2118 733; x_wconf 79' lang='lat' dir='ltr'><strong>tribuens,</strong></span> <span class='ocrx_word' id='word_1_142' title='bbox 2155 669 2306 722; x_wconf 83' lang='lat' dir='ltr'><strong>varia</strong></span> <span class='ocrx_word' id='word_1_143' title='bbox 2357 670 2575 740; x_wconf 82' lang='lat' dir='ltr'><strong>quidem</strong></span> <span class='ocrx_word' id='word_1_144' title='bbox 2609 679 2662 723; x_wconf 89' lang='lat' dir='ltr'><strong>et</strong></span> <span class='ocrx_word' id='word_1_145' title='bbox 2696 672 2875 725; x_wconf 84' lang='lat' dir='ltr'><strong>omnis</strong></span> <span class='ocrx_word' id='word_1_146' title='bbox 2914 672 3130 742; x_wconf 82' lang='lat' dir='ltr'><strong>generis</strong></span> <span class='ocrx_word' id='word_1_147' title='bbox 3169 673 3406 738; x_wconf 72' lang='lat' dir='ltr'><strong>auxilia,</strong></span> 
     </span>
    </p>
   </div>
   <div class='ocr_carea' id='block_1_21' title="bbox 1835 761 3411 832">
    <p class='ocr_par' dir='ltr' id='par_1_21' title="bbox 1835 761 3411 832">
     <span class='ocr_line' id='line_1_21' title="bbox 1835 761 3411 832; baseline 0.002 -17"><span class='ocrx_word' id='word_1_148' title='bbox 1835 762 1905 815; x_wconf 95' lang='lat' dir='ltr'><strong>ob</strong></span> <span class='ocrx_word' id='word_1_149' title='bbox 1944 762 2260 816; x_wconf 83' lang='lat' dir='ltr'><strong>varietatem</strong></span> <span class='ocrx_word' id='word_1_150' title='bbox 2309 776 2496 815; x_wconf 92' lang='lat' dir='ltr'><strong>eorum</strong></span> <span class='ocrx_word' id='word_1_151' title='bbox 2545 761 2637 830; x_wconf 90' lang='lat' dir='ltr'><strong>qui</strong></span> <span class='ocrx_word' id='word_1_152' title='bbox 2685 761 2948 816; x_wconf 84' lang='lat' dir='ltr'><strong>beneficio</strong></span> <span class='ocrx_word' id='word_1_153' title='bbox 2989 763 3278 832; x_wconf 83' lang='lat' dir='ltr'><strong>juvantur,</strong></span> <span class='ocrx_word' id='word_1_154' title='bbox 3314 764 3411 818; x_wconf 89' lang='lat' dir='ltr'><strong>sed</strong></span> 
     </span>
    </p>
   </div>
   <div class='ocr_carea' id='block_1_22' title="bbox 1835 852 3412 922">
    <p class='ocr_par' dir='ltr' id='par_1_22' title="bbox 1835 852 3412 922">
     <span class='ocr_line' id='line_1_22' title="bbox 1835 852 3412 922; baseline 0.003 -18"><span class='ocrx_word' id='word_1_155' title='bbox 1835 859 2016 906; x_wconf 90' lang='lat' dir='ltr'><strong>tamen</strong></span> <span class='ocrx_word' id='word_1_156' title='bbox 2052 852 2348 922; x_wconf 86' lang='lat' dir='ltr'><strong>unicuique</strong></span> <span class='ocrx_word' id='word_1_157' title='bbox 2370 853 2728 921; x_wconf 78' lang='lat' dir='ltr'><strong>congruentia</strong></span> <span class='ocrx_word' id='word_1_158' title='bbox 2747 853 2900 920; x_wconf 80' lang='lat' dir='ltr'><strong>juxta</strong></span> <span class='ocrx_word' id='word_1_159' title='bbox 2926 854 3270 908; x_wconf 80' lang='lat' dir='ltr'><strong>necessitatis</strong></span> <span class='ocrx_word' id='word_1_160' title='bbox 3295 870 3412 908; x_wconf 91' lang='lat' dir='ltr'><strong>mo-</strong></span> 
     </span>
    </p>
   </div>
   <div class='ocr_carea' id='block_1_23' title="bbox 1834 941 3410 1014">
    <p class='ocr_par' dir='ltr' id='par_1_23' title="bbox 1834 941 3410 1014">
     <span class='ocr_line' id='line_1_23' title="bbox 1834 941 3410 1014; baseline 0.005 -20"><span class='ocrx_word' id='word_1_161' title='bbox 1834 941 1962 995; x_wconf 89' lang='lat' dir='ltr'><strong>dum</strong></span> <span class='ocrx_word' id='word_1_162' title='bbox 1993 943 2294 998; x_wconf 88' lang='lat' dir='ltr'><strong>dimetitur.</strong></span> <span class='ocrx_word' id='word_1_163' title='bbox 2335 945 2438 999; x_wconf 80' lang='lat' dir='ltr'><strong>Eos</strong></span> <span class='ocrx_word' id='word_1_164' title='bbox 2482 946 2575 1014; x_wconf 88' lang='lat' dir='ltr'><strong>qui</strong></span> <span class='ocrx_word' id='word_1_165' title='bbox 2611 945 2666 998; x_wconf 91' lang='lat' dir='ltr'><strong>in</strong></span> <span class='ocrx_word' id='word_1_166' title='bbox 2695 945 2940 1000; x_wconf 83' lang='lat' dir='ltr'><strong>tenebris</strong></span> <span class='ocrx_word' id='word_1_167' title='bbox 2969 945 3288 1014; x_wconf 61' lang='lat' dir='ltr'><strong>ignorantiae</strong></span> <span class='ocrx_word' id='word_1_168' title='bbox 3317 948 3410 1001; x_wconf 84' lang='lat' dir='ltr'><strong>de-</strong></span> 
     </span>
    </p>
   </div>
   <div class='ocr_carea' id='block_1_24' title="bbox 1833 1033 3405 1103">
    <p class='ocr_par' dir='ltr' id='par_1_24' title="bbox 1833 1033 3405 1103">
     <span class='ocr_line' id='line_1_24' title="bbox 1833 1033 3405 1103; baseline 0.004 -19"><span class='ocrx_word' id='word_1_169' title='bbox 1833 1033 2100 1092; x_wconf 89' lang='lat' dir='ltr'><strong>tineutur,</strong></span> <span class='ocrx_word' id='word_1_170' title='bbox 2128 1033 2397 1086; x_wconf 85' lang='lat' dir='ltr'><strong>illuminat</strong></span> <span class='ocrx_word' id='word_1_171' title='bbox 2421 1052 2432 1086; x_wconf 95' lang='lat'>:</span> <span class='ocrx_word' id='word_1_172' title='bbox 2462 1043 2747 1103; x_wconf 84' lang='lat' dir='ltr'><strong>propterea</strong></span> <span class='ocrx_word' id='word_1_173' title='bbox 2775 1035 2954 1087; x_wconf 89' lang='lat' dir='ltr'><strong>lumen</strong></span> <span class='ocrx_word' id='word_1_174' title='bbox 2977 1051 3160 1088; x_wconf 85' lang='lat' dir='ltr'><strong>verum</strong></span> <span class='ocrx_word' id='word_1_175' title='bbox 3186 1035 3405 1090; x_wconf 89' lang='lat' dir='ltr'><strong>dicitur.</strong></span> 
     </span>
    </p>
   </div>
   <div class='ocr_carea' id='block_1_25' title="bbox 1833 1111 3406 1196">
    <p class='ocr_par' dir='ltr' id='par_1_25' title="bbox 1833 1111 3406 1196">
     <span class='ocr_line' id='line_1_25' title="bbox 1833 1111 3406 1196; baseline 0.003 -20"><span class='ocrx_word' id='word_1_176' title='bbox 1833 1121 2069 1188; x_wconf 81' lang='lat' dir='ltr'><strong>Jndicat,</strong></span> <span class='ocrx_word' id='word_1_177' title='bbox 2089 1123 2244 1192; x_wconf 82' lang='lat' dir='ltr'><strong>juxta</strong></span> <span class='ocrx_word' id='word_1_178' title='bbox 2267 1111 2492 1194; x_wconf 87' lang='lat' dir='ltr'><strong>operum</strong></span> <span class='ocrx_word' id='word_1_179' title='bbox 2516 1125 2766 1179; x_wconf 88' lang='lat' dir='ltr'><strong>meritum</strong></span> <span class='ocrx_word' id='word_1_180' title='bbox 2792 1127 3080 1181; x_wconf 88' lang='lat' dir='ltr'><strong>remetieus</strong></span> <span class='ocrx_word' id='word_1_181' title='bbox 3104 1131 3406 1196; x_wconf 72' lang='lat' dir='ltr'><strong>pra-mium;</strong></span> 
     </span>
    </p>
   </div>
   <div class='ocr_carea' id='block_1_26' title="bbox 1833 1217 3407 1288">
    <p class='ocr_par' dir='ltr' id='par_1_26' title="bbox 1833 1217 3407 1288">
     <span class='ocr_line' id='line_1_26' title="bbox 1833 1217 3407 1288; baseline 0.001 -16"><span class='ocrx_word' id='word_1_182' title='bbox 1833 1217 1904 1272; x_wconf 89' lang='lat' dir='ltr'><strong>ob</strong></span> <span class='ocrx_word' id='word_1_183' title='bbox 1936 1218 1986 1272; x_wconf 92' lang='lat' dir='ltr'><strong>id</strong></span> <span class='ocrx_word' id='word_1_184' title='bbox 2013 1217 2181 1286; x_wconf 86' lang='lat' dir='ltr'><strong>judex</strong></span> <span class='ocrx_word' id='word_1_185' title='bbox 2203 1217 2389 1286; x_wconf 90' lang='lat' dir='ltr'><strong>justus</strong></span> <span class='ocrx_word' id='word_1_186' title='bbox 2421 1217 2645 1271; x_wconf 89' lang='lat' dir='ltr'><strong>dicitur.</strong></span> <span class='ocrx_word' id='word_1_187' title='bbox 2682 1217 2840 1270; x_wconf 79' lang='lat' dir='ltr'><strong>Pater</strong></span> <span class='ocrx_word' id='word_1_188' title='bbox 2870 1220 3006 1270; x_wconf 81' lang='lat' dir='ltr'><strong>enim</strong></span> <span class='ocrx_word' id='word_1_189' title='bbox 3037 1221 3290 1272; x_wconf 82' lang='lat' dir='ltr'><strong>neminem</strong></span> <span class='ocrx_word' id='word_1_190' title='bbox 3313 1221 3407 1288; x_wconf 84' lang='lat' dir='ltr'><strong>ju-</strong></span> 
     </span>
    </p>
   </div>
   <div class='ocr_carea' id='block_1_27' title="bbox 1832 1306 3408 1377">
    <p class='ocr_par' dir='ltr' id='par_1_27' title="bbox 1832 1306 3408 1377">
     <span class='ocr_line' id='line_1_27' title="bbox 1832 1306 3408 1377; baseline -0.001 -15"><span class='ocrx_word' id='word_1_191' title='bbox 1832 1309 1999 1372; x_wconf 86' lang='lat' dir='ltr'><strong>dicat,</strong></span> <span class='ocrx_word' id='word_1_192' title='bbox 2024 1307 2117 1362; x_wconf 84' lang='lat' dir='ltr'><strong>sed</strong></span> <span class='ocrx_word' id='word_1_193' title='bbox 2143 1308 2570 1376; x_wconf 81' lang='lat' dir='ltr'><strong>omnejudicium</strong></span> <span class='ocrx_word' id='word_1_194' title='bbox 2598 1307 2743 1361; x_wconf 82' lang='lat' dir='ltr'><strong>dedit</strong></span> <span class='ocrx_word' id='word_1_195' title='bbox 2769 1306 2911 1361; x_wconf 84' lang='lat' dir='ltr'><strong>Filio</strong></span> <span class='ocrx_word' id='word_1_196' title='bbox 2943 1309 3006 1359; x_wconf 80' lang='lat'><strong>“.</strong></span> <span class='ocrx_word' id='word_1_197' title='bbox 3038 1307 3209 1377; x_wconf 84' lang='lat' dir='ltr'><strong>Erigit</strong></span> <span class='ocrx_word' id='word_1_198' title='bbox 3237 1324 3267 1363; x_wconf 89' lang='lat' dir='ltr'><strong>c</strong></span> <span class='ocrx_word' id='word_1_199' title='bbox 3295 1309 3408 1361; x_wconf 83' lang='lat' dir='ltr'><strong>rui-</strong></span> 
     </span>
    </p>
   </div>
   <div class='ocr_carea' id='block_1_28' title="bbox 1833 1387 3404 1470">
    <p class='ocr_par' dir='ltr' id='par_1_28' title="bbox 1833 1387 3404 1470">
     <span class='ocr_line' id='line_1_28' title="bbox 1833 1387 3404 1470; baseline -0.001 -15"><span class='ocrx_word' id='word_1_200' title='bbox 1833 1387 1924 1465; x_wconf 80' lang='lat' dir='ltr'><strong>na,</strong></span> <span class='ocrx_word' id='word_1_201' title='bbox 1949 1399 2042 1470; x_wconf 89' lang='lat' dir='ltr'><strong>qui</strong></span> <span class='ocrx_word' id='word_1_202' title='bbox 2064 1416 2094 1455; x_wconf 90' lang='lat' dir='ltr'><strong>e</strong></span> <span class='ocrx_word' id='word_1_203' title='bbox 2116 1400 2447 1455; x_wconf 86' lang='lat' dir='ltr'><strong>sublimitate</strong></span> <span class='ocrx_word' id='word_1_204' title='bbox 2471 1400 2593 1453; x_wconf 65' lang='lat' dir='ltr'><strong>vitae</strong></span> <span class='ocrx_word' id='word_1_205' title='bbox 2614 1401 2678 1453; x_wconf 90' lang='lat' dir='ltr'><strong>ad</strong></span> <span class='ocrx_word' id='word_1_206' title='bbox 2703 1408 2988 1470; x_wconf 85' lang='lat' dir='ltr'><strong>peccatum</strong></span> <span class='ocrx_word' id='word_1_207' title='bbox 3011 1401 3218 1470; x_wconf 84' lang='lat' dir='ltr'><strong>delapsi</strong></span> <span class='ocrx_word' id='word_1_208' title='bbox 3245 1409 3404 1467; x_wconf 87' lang='lat' dir='ltr'><strong>sunt;</strong></span> 
     </span>
    </p>
   </div>
   <div class='ocr_carea' id='block_1_29' title="bbox 1833 1491 3408 1547">
    <p class='ocr_par' dir='ltr' id='par_1_29' title="bbox 1833 1491 3408 1547">
     <span class='ocr_line' id='line_1_29' title="bbox 1833 1491 3408 1547; baseline 0 -2"><span class='ocrx_word' id='word_1_209' title='bbox 1833 1493 1902 1546; x_wconf 92' lang='lat' dir='ltr'><strong>ob</strong></span> <span class='ocrx_word' id='word_1_210' title='bbox 1952 1491 2005 1545; x_wconf 94' lang='lat' dir='ltr'><strong>id</strong></span> <span class='ocrx_word' id='word_1_211' title='bbox 2059 1501 2288 1545; x_wconf 83' lang='lat' dir='ltr'><strong>vocatur</strong></span> <span class='ocrx_word' id='word_1_212' title='bbox 2330 1493 2754 1546; x_wconf 84' lang='lat' dir='ltr'><strong>resurrectio“.</strong></span> <span class='ocrx_word' id='word_1_213' title='bbox 2805 1492 2999 1546; x_wconf 84' lang='lat' dir='ltr'><strong>Omnia</strong></span> <span class='ocrx_word' id='word_1_214' title='bbox 3053 1502 3230 1546; x_wconf 87' lang='lat' dir='ltr'><strong>autem</strong></span> <span class='ocrx_word' id='word_1_215' title='bbox 3281 1493 3408 1547; x_wconf 89' lang='lat' dir='ltr'><strong>facit</strong></span> 
     </span>
    </p>
   </div>
   <div class='ocr_carea' id='block_1_30' title="bbox 1832 1583 3404 1656">
    <p class='ocr_par' dir='ltr' id='par_1_30' title="bbox 1832 1583 3404 1656">
     <span class='ocr_line' id='line_1_30' title="bbox 1832 1583 3404 1656; baseline -0.001 -18"><span class='ocrx_word' id='word_1_216' title='bbox 1832 1592 2090 1638; x_wconf 90' lang='lat' dir='ltr'><strong>contactu</strong></span> <span class='ocrx_word' id='word_1_217' title='bbox 2129 1583 2376 1647; x_wconf 86' lang='lat' dir='ltr'><strong>virtutis,</strong></span> <span class='ocrx_word' id='word_1_218' title='bbox 2427 1599 2490 1637; x_wconf 89' lang='lat' dir='ltr'><strong>ac</strong></span> <span class='ocrx_word' id='word_1_219' title='bbox 2529 1585 2809 1638; x_wconf 71' lang='lat' dir='ltr'><strong>voluntate</strong></span> <span class='ocrx_word' id='word_1_220' title='bbox 2852 1585 3113 1638; x_wconf 87' lang='lat' dir='ltr'><strong>bonitatis</strong></span> <span class='ocrx_word' id='word_1_221' title='bbox 3153 1600 3404 1656; x_wconf 86' lang='lat' dir='ltr'><strong>operaus.</strong></span> 
     </span>
    </p>
   </div>
   <div class='ocr_carea' id='block_1_31' title="bbox 1833 1664 3378 1746">
    <p class='ocr_par' dir='ltr' id='par_1_31' title="bbox 1833 1664 3378 1746">
     <span class='ocr_line' id='line_1_31' title="bbox 1833 1664 3378 1746; baseline 0 -18"><span class='ocrx_word' id='word_1_222' title='bbox 1833 1675 2038 1739; x_wconf 87' lang='lat' dir='ltr'><strong>Pascit,</strong></span> <span class='ocrx_word' id='word_1_223' title='bbox 2086 1664 2377 1738; x_wconf 84' lang='lat' dir='ltr'><strong>illuminat,</strong></span> <span class='ocrx_word' id='word_1_224' title='bbox 2433 1675 2550 1739; x_wconf 87' lang='lat' dir='ltr'><strong>alit,</strong></span> <span class='ocrx_word' id='word_1_225' title='bbox 2600 1674 2840 1741; x_wconf 74' lang='lat' dir='ltr'><strong>deduiit,</strong></span> <span class='ocrx_word' id='word_1_226' title='bbox 2887 1675 3155 1739; x_wconf 87' lang='lat' dir='ltr'><strong>medetur,</strong></span> <span class='ocrx_word' id='word_1_227' title='bbox 3197 1676 3378 1746; x_wconf 79' lang='lat' dir='ltr'><strong>erigit.</strong></span> 
     </span>
    </p>
   </div>
   <div class='ocr_carea' id='block_1_32' title="bbox 1833 1765 3402 1833">
    <p class='ocr_par' dir='ltr' id='par_1_32' title="bbox 1833 1765 3402 1833">
     <span class='ocr_line' id='line_1_32' title="bbox 1833 1765 3402 1833; baseline 0 -13"><span class='ocrx_word' id='word_1_228' title='bbox 1833 1767 1964 1833; x_wconf 74' lang='lat' dir='ltr'><strong>Qua:</strong></span> <span class='ocrx_word' id='word_1_229' title='bbox 1993 1783 2102 1821; x_wconf 87' lang='lat' dir='ltr'><strong>non</strong></span> <span class='ocrx_word' id='word_1_230' title='bbox 2135 1776 2296 1829; x_wconf 87' lang='lat' dir='ltr'><strong>sunt,</strong></span> <span class='ocrx_word' id='word_1_231' title='bbox 2339 1765 2510 1830; x_wconf 87' lang='lat' dir='ltr'><strong>facit,</strong></span> <span class='ocrx_word' id='word_1_232' title='bbox 2545 1775 2604 1819; x_wconf 92' lang='lat' dir='ltr'><strong>ut</strong></span> <span class='ocrx_word' id='word_1_233' title='bbox 2641 1768 2788 1830; x_wconf 88' lang='lat' dir='ltr'><strong>sint,</strong></span> <span class='ocrx_word' id='word_1_234' title='bbox 2825 1767 3046 1822; x_wconf 86' lang='lat' dir='ltr'><strong>condita</strong></span> <span class='ocrx_word' id='word_1_235' title='bbox 3094 1776 3402 1823; x_wconf 88' lang='lat' dir='ltr'><strong>conservat.</strong></span> 
     </span>
    </p>
   </div>
   <div class='ocr_carea' id='block_1_33' title="bbox 153 1839 1726 1931">
    <p class='ocr_par' dir='ltr' id='par_1_33' title="bbox 153 1857 1726 1931">
     <span class='ocr_line' id='line_1_33' title="bbox 153 1857 1726 1931; baseline 0.003 -24"><span class='ocrx_word' id='word_1_236' title='bbox 153 1861 355 1928; x_wconf 54' lang='grc' dir='ltr'><strong>τρέφει,</strong></span> <span class='ocrx_word' id='word_1_237' title='bbox 415 1859 624 1929; x_wconf 82' lang='grc' dir='ltr'><strong>ὁδηγεῖ,</strong></span> <span class='ocrx_word' id='word_1_238' title='bbox 686 1858 954 1931; x_wconf 74' lang='grc' dir='ltr'><strong>ἱατρεύει,</strong></span> <span class='ocrx_word' id='word_1_239' title='bbox 995 1858 1296 1930; x_wconf 78' lang='grc' dir='ltr'><strong>ἀνίστησιν.</strong></span> <span class='ocrx_word' id='word_1_240' title='bbox 1331 1860 1516 1912; x_wconf 77' lang='grc' dir='ltr'><strong>Οὐσιοῖ</strong></span> <span class='ocrx_word' id='word_1_241' title='bbox 1555 1857 1622 1910; x_wconf 90' lang='grc' dir='ltr'><strong>τά</strong></span> <span class='ocrx_word' id='word_1_242' title='bbox 1656 1857 1726 1927; x_wconf 82' lang='grc' dir='ltr'><strong>μὴ</strong></span> 
     </span>
    </p>
   </div>
   <div class='ocr_carea' id='block_1_34' title="bbox 1829 1839 3409 1931">
    <p class='ocr_par' dir='ltr' id='par_1_34' title="bbox 1835 1857 3409 1928">
     <span class='ocr_line' id='line_1_34' title="bbox 1835 1857 3409 1928; baseline 0.003 -17"><span class='ocrx_word' id='word_1_243' title='bbox 1835 1857 1950 1912; x_wconf 87' lang='lat' dir='ltr'><strong>lloc</strong></span> <span class='ocrx_word' id='word_1_244' title='bbox 1991 1859 2154 1912; x_wconf 90' lang='lat' dir='ltr'><strong>modo</strong></span> <span class='ocrx_word' id='word_1_245' title='bbox 2197 1858 2339 1912; x_wconf 87' lang='lat' dir='ltr'><strong>bona</strong></span> <span class='ocrx_word' id='word_1_246' title='bbox 2375 1874 2442 1913; x_wconf 85' lang='lat' dir='ltr'><strong>ex</strong></span> <span class='ocrx_word' id='word_1_247' title='bbox 2477 1857 2586 1913; x_wconf 90' lang='lat' dir='ltr'><strong>Deo</strong></span> <span class='ocrx_word' id='word_1_248' title='bbox 2613 1875 2717 1928; x_wconf 84' lang='lat' dir='ltr'><strong>per</strong></span> <span class='ocrx_word' id='word_1_249' title='bbox 2747 1857 2944 1913; x_wconf 89' lang='lat' dir='ltr'><strong>Filium</strong></span> <span class='ocrx_word' id='word_1_250' title='bbox 2977 1861 3044 1914; x_wconf 91' lang='lat' dir='ltr'><strong>ad</strong></span> <span class='ocrx_word' id='word_1_251' title='bbox 3086 1876 3186 1914; x_wconf 83' lang='lat' dir='ltr'><strong>nos</strong></span> <span class='ocrx_word' id='word_1_252' title='bbox 3218 1876 3409 1928; x_wconf 75' lang='lat' dir='ltr'><strong>pervc-</strong></span> 
     </span>
    </p>
   </div>
   <div class='ocr_carea' id='block_1_35' title="bbox 152 1949 1730 2020">
    <p class='ocr_par' dir='ltr' id='par_1_35' title="bbox 152 1949 1730 2020">
     <span class='ocr_line' id='line_1_35' title="bbox 152 1949 1730 2020; baseline 0 -18"><span class='ocrx_word' id='word_1_253' title='bbox 152 1951 291 2010; x_wconf 73' lang='grc' dir='ltr'><strong>εντα.</strong></span> <span class='ocrx_word' id='word_1_254' title='bbox 342 1951 412 2002; x_wconf 77' lang='grc' dir='ltr'><strong>τα</strong></span> <span class='ocrx_word' id='word_1_255' title='bbox 479 1950 770 2004; x_wconf 83' lang='grc' dir='ltr'><strong>κτισθέντα</strong></span> <span class='ocrx_word' id='word_1_256' title='bbox 800 1951 1032 2020; x_wconf 80' lang='grc' dir='ltr'><strong>συνέχει.</strong></span> <span class='ocrx_word' id='word_1_257' title='bbox 1067 1949 1223 2004; x_wconf 85' lang='grc' dir='ltr'><strong>Οῦτω</strong></span> <span class='ocrx_word' id='word_1_258' title='bbox 1254 1950 1320 2004; x_wconf 77' lang='grc' dir='ltr'><strong>τὰ</strong></span> <span class='ocrx_word' id='word_1_259' title='bbox 1363 1953 1426 2004; x_wconf 83' lang='grc' dir='ltr'><strong>ὲκ</strong></span> <span class='ocrx_word' id='word_1_260' title='bbox 1468 1950 1561 2003; x_wconf 92' lang='grc' dir='ltr'><strong>τοῦ</strong></span> <span class='ocrx_word' id='word_1_261' title='bbox 1595 1949 1730 2004; x_wconf 83' lang='grc' dir='ltr'><strong>Θεοῦ</strong></span> 
     </span>
    </p>
   </div>
   <div class='ocr_carea' id='block_1_36' title="bbox 153 2041 1728 2112">
    <p class='ocr_par' dir='ltr' id='par_1_36' title="bbox 153 2041 1728 2112">
     <span class='ocr_line' id='line_1_36' title="bbox 153 2041 1728 2112; baseline 0.001 -19"><span class='ocrx_word' id='word_1_262' title='bbox 153 2042 327 2109; x_wconf 78' lang='grc' dir='ltr'><strong>ἀγαθά</strong></span> <span class='ocrx_word' id='word_1_263' title='bbox 357 2041 450 2095; x_wconf 72' lang='grc' dir='ltr'><strong>διὰ</strong></span> <span class='ocrx_word' id='word_1_264' title='bbox 482 2042 578 2094; x_wconf 88' lang='grc' dir='ltr'><strong>τοῦ</strong></span> <span class='ocrx_word' id='word_1_265' title='bbox 629 2041 763 2094; x_wconf 86' lang='grc' dir='ltr'><strong>Υἱοῦ</strong></span> <span class='ocrx_word' id='word_1_266' title='bbox 810 2042 945 2112; x_wconf 84' lang='grc' dir='ltr'><strong>πρὸς</strong></span> <span class='ocrx_word' id='word_1_267' title='bbox 975 2042 1120 2112; x_wconf 79' lang='grc' dir='ltr'><strong>ἡμᾶς</strong></span> <span class='ocrx_word' id='word_1_268' title='bbox 1167 2042 1492 2109; x_wconf 74' lang='grc' dir='ltr'><strong>ἀφικνεῖται,</strong></span> <span class='ocrx_word' id='word_1_269' title='bbox 1528 2041 1728 2094; x_wconf 77' lang='grc' dir='ltr'><strong>πλείονι</strong></span> 
     </span>
    </p>
   </div>
   <div class='ocr_carea' id='block_1_37' title="bbox 151 2132 1732 2206">
    <p class='ocr_par' dir='ltr' id='par_1_37' title="bbox 151 2132 1732 2206">
     <span class='ocr_line' id='line_1_37' title="bbox 151 2132 1732 2206; baseline 0.002 -20"><span class='ocrx_word' id='word_1_270' title='bbox 151 2135 297 2202; x_wconf 68' lang='grc' dir='ltr'><strong>τάχει</strong></span> <span class='ocrx_word' id='word_1_271' title='bbox 337 2135 409 2187; x_wconf 69' lang='grc' dir='ltr'><strong>τὰ</strong></span> <span class='ocrx_word' id='word_1_272' title='bbox 460 2134 585 2187; x_wconf 86' lang='grc' dir='ltr'><strong>καθ’</strong></span> <span class='ocrx_word' id='word_1_273' title='bbox 633 2135 862 2186; x_wconf 76' lang='grc' dir='ltr'><strong>ἕκαστον</strong></span> <span class='ocrx_word' id='word_1_274' title='bbox 901 2132 1248 2204; x_wconf 76' lang='grc' dir='ltr'><strong>ἐνεργοῦντος</strong></span> <span class='ocrx_word' id='word_1_275' title='bbox 1281 2135 1314 2206; x_wconf 81' lang='grc' dir='ltr'>ἦ</span> <span class='ocrx_word' id='word_1_276' title='bbox 1352 2135 1426 2198; x_wconf 85' lang='grc' dir='ltr'><strong>ὡς</strong></span> <span class='ocrx_word' id='word_1_277' title='bbox 1472 2136 1537 2189; x_wconf 86' lang='grc' dir='ltr'><strong>ἂν</strong></span> <span class='ocrx_word' id='word_1_278' title='bbox 1578 2136 1732 2204; x_wconf 82' lang='grc' dir='ltr'><strong>λόγος</strong></span> 
     </span>
    </p>
   </div>
   <div class='ocr_carea' id='block_1_38' title="bbox 152 2223 1731 2298">
    <p class='ocr_par' dir='ltr' id='par_1_38' title="bbox 152 2223 1731 2298">
     <span class='ocr_line' id='line_1_38' title="bbox 152 2223 1731 2298; baseline 0.002 -22"><span class='ocrx_word' id='word_1_279' title='bbox 152 2225 401 2288; x_wconf 78' lang='grc' dir='ltr'><strong>ἐξίκοιτο.</strong></span> <span class='ocrx_word' id='word_1_280' title='bbox 457 2224 594 2277; x_wconf 85' lang='grc' dir='ltr'><strong>Οῦτε</strong></span> <span class='ocrx_word' id='word_1_281' title='bbox 653 2225 760 2294; x_wconf 78' lang='grc' dir='ltr'><strong>γὰρ</strong></span> <span class='ocrx_word' id='word_1_282' title='bbox 802 2225 1097 2295; x_wconf 72' lang='grc' dir='ltr'><strong>ἀστραπαὶ,</strong></span> <span class='ocrx_word' id='word_1_283' title='bbox 1133 2223 1257 2278; x_wconf 76' lang='grc' dir='ltr'><strong>οὗτε</strong></span> <span class='ocrx_word' id='word_1_284' title='bbox 1301 2225 1478 2294; x_wconf 71' lang='grc' dir='ltr'><strong>φωτὸς</strong></span> <span class='ocrx_word' id='word_1_285' title='bbox 1512 2229 1568 2279; x_wconf 83' lang='grc' dir='ltr'><strong>ὲν</strong></span> <span class='ocrx_word' id='word_1_286' title='bbox 1611 2227 1731 2298; x_wconf 85' lang='grc' dir='ltr'><strong>ἀέρι</strong></span> 
     </span>
    </p>
   </div>
   <div class='ocr_carea' id='block_1_39' title="bbox 150 2314 1730 2389">
    <p class='ocr_par' dir='ltr' id='par_1_39' title="bbox 150 2314 1730 2389">
     <span class='ocr_line' id='line_1_39' title="bbox 150 2314 1730 2389; baseline 0.001 -21"><span class='ocrx_word' id='word_1_287' title='bbox 150 2316 284 2368; x_wconf 69' lang='grc' dir='ltr'><strong>οὕτω</strong></span> <span class='ocrx_word' id='word_1_288' title='bbox 338 2319 538 2385; x_wconf 84' lang='grc' dir='ltr'><strong>ταχεῖα</strong></span> <span class='ocrx_word' id='word_1_289' title='bbox 589 2314 852 2385; x_wconf 81' lang='grc' dir='ltr'><strong>διαδρομή</strong></span> <span class='ocrx_word' id='word_1_290' title='bbox 883 2331 896 2344; x_wconf 85' lang='grc'><strong>·</strong></span> <span class='ocrx_word' id='word_1_291' title='bbox 947 2315 1044 2368; x_wconf 87' lang='grc' dir='ltr'><strong>οὐκ</strong></span> <span class='ocrx_word' id='word_1_292' title='bbox 1097 2315 1392 2388; x_wconf 77' lang='grc' dir='ltr'><strong>ὀφθαλμῶν</strong></span> <span class='ocrx_word' id='word_1_293' title='bbox 1438 2317 1608 2382; x_wconf 81' lang='grc' dir='ltr'><strong>ὀξεῖαι</strong></span> <span class='ocrx_word' id='word_1_294' title='bbox 1647 2321 1730 2389; x_wconf 79' lang='grc' dir='ltr'><strong>ρι-</strong></span> 
     </span>
    </p>
   </div>
   <div class='ocr_carea' id='block_1_40' title="bbox 150 2405 1732 2480">
    <p class='ocr_par' dir='ltr' id='par_1_40' title="bbox 150 2405 1732 2480">
     <span class='ocr_line' id='line_1_40' title="bbox 150 2405 1732 2480; baseline 0.001 -21"><span class='ocrx_word' id='word_1_295' title='bbox 150 2408 243 2461; x_wconf 72' lang='grc' dir='ltr'><strong>παί</strong></span> <span class='ocrx_word' id='word_1_296' title='bbox 266 2406 378 2475; x_wconf 64' lang='lat'><strong>(6)°</strong></span> <span class='ocrx_word' id='word_1_297' title='bbox 412 2408 517 2460; x_wconf 72' lang='grc' dir='ltr'><strong>οὐκ</strong></span> <span class='ocrx_word' id='word_1_298' title='bbox 553 2405 720 2460; x_wconf 79' lang='grc' dir='ltr'><strong>αὐτοῦ</strong></span> <span class='ocrx_word' id='word_1_299' title='bbox 770 2405 861 2458; x_wconf 91' lang='grc' dir='ltr'><strong>τοῦ</strong></span> <span class='ocrx_word' id='word_1_300' title='bbox 884 2406 1156 2478; x_wconf 76' lang='grc' dir='ltr'><strong>ἡμετέρου</strong></span> <span class='ocrx_word' id='word_1_301' title='bbox 1201 2409 1470 2478; x_wconf 83' lang='grc' dir='ltr'><strong>νοήματος</strong></span> <span class='ocrx_word' id='word_1_302' title='bbox 1493 2409 1549 2462; x_wconf 83' lang='grc' dir='ltr'><strong>αἱ</strong></span> <span class='ocrx_word' id='word_1_303' title='bbox 1580 2409 1732 2480; x_wconf 89' lang='grc' dir='ltr'><strong>κινή-</strong></span> 
     </span>
    </p>
   </div>
   <div class='ocr_carea' id='block_1_41' title="bbox 152 2495 1733 2570">
    <p class='ocr_par' dir='ltr' id='par_1_41' title="bbox 152 2495 1733 2570">
     <span class='ocr_line' id='line_1_41' title="bbox 152 2495 1733 2570; baseline 0.002 -21"><span class='ocrx_word' id='word_1_304' title='bbox 152 2515 257 2560; x_wconf 79' lang='grc' dir='ltr'><strong>σεις</strong></span> <span class='ocrx_word' id='word_1_305' title='bbox 273 2515 286 2527; x_wconf 87' lang='grc'><strong>·</strong></span> <span class='ocrx_word' id='word_1_306' title='bbox 321 2497 462 2551; x_wconf 79' lang='grc' dir='ltr'><strong>ἀλλά</strong></span> <span class='ocrx_word' id='word_1_307' title='bbox 485 2496 648 2550; x_wconf 82' lang='grc' dir='ltr'><strong>πλέον</strong></span> <span class='ocrx_word' id='word_1_308' title='bbox 670 2495 874 2549; x_wconf 76' lang='grc' dir='ltr'><strong>τούτων</strong></span> <span class='ocrx_word' id='word_1_309' title='bbox 898 2497 1128 2550; x_wconf 85' lang='grc' dir='ltr'><strong>’ἑκαστον</strong></span> <span class='ocrx_word' id='word_1_310' title='bbox 1153 2498 1251 2568; x_wconf 82' lang='grc' dir='ltr'><strong>τῆς</strong></span> <span class='ocrx_word' id='word_1_311' title='bbox 1284 2499 1432 2562; x_wconf 87' lang='grc' dir='ltr'><strong>θείας</strong></span> <span class='ocrx_word' id='word_1_312' title='bbox 1455 2499 1733 2570; x_wconf 77' lang='grc' dir='ltr'><strong>ἐνεργείας</strong></span> 
     </span>
    </p>
   </div>
   <div class='ocr_carea' id='block_1_42' title="bbox 151 2588 1731 2662">
    <p class='ocr_par' dir='ltr' id='par_1_42' title="bbox 151 2588 1731 2662">
     <span class='ocr_line' id='line_1_42' title="bbox 151 2588 1731 2662; baseline 0.003 -20"><span class='ocrx_word' id='word_1_313' title='bbox 151 2591 285 2642; x_wconf 76' lang='grc' dir='ltr'><strong>κιτά</strong></span> <span class='ocrx_word' id='word_1_314' title='bbox 339 2591 403 2642; x_wconf 86' lang='grc' dir='ltr'><strong>τὺ</strong></span> <span class='ocrx_word' id='word_1_315' title='bbox 461 2591 628 2659; x_wconf 82' lang='grc' dir='ltr'><strong>τάχος</strong></span> <span class='ocrx_word' id='word_1_316' title='bbox 682 2588 964 2654; x_wconf 86' lang='grc' dir='ltr'><strong>λείπεται,</strong></span> <span class='ocrx_word' id='word_1_317' title='bbox 1019 2590 1052 2660; x_wconf 82' lang='grc' dir='ltr'>ἢ</span> <span class='ocrx_word' id='word_1_318' title='bbox 1112 2590 1343 2644; x_wconf 85' lang='grc' dir='ltr'><strong>καθόσον</strong></span> <span class='ocrx_word' id='word_1_319' title='bbox 1412 2591 1479 2645; x_wconf 74' lang='grc' dir='ltr'><strong>τὰ</strong></span> <span class='ocrx_word' id='word_1_320' title='bbox 1527 2592 1731 2662; x_wconf 85' lang='grc' dir='ltr'><strong>νωθρό-</strong></span> 
     </span>
    </p>
   </div>
   <div class='ocr_carea' id='block_1_43' title="bbox 146 2682 1728 2754">
    <p class='ocr_par' dir='ltr' id='par_1_43' title="bbox 146 2682 1728 2754">
     <span class='ocr_line' id='line_1_43' title="bbox 146 2682 1728 2754; baseline 0.001 -18"><span class='ocrx_word' id='word_1_321' title='bbox 146 2701 274 2736; x_wconf 82' lang='grc' dir='ltr'><strong>τατα</strong></span> <span class='ocrx_word' id='word_1_322' title='bbox 303 2683 418 2736; x_wconf 88' lang='grc' dir='ltr'><strong>τῶν</strong></span> <span class='ocrx_word' id='word_1_323' title='bbox 459 2685 588 2753; x_wconf 82' lang='grc' dir='ltr'><strong>παρ’</strong></span> <span class='ocrx_word' id='word_1_324' title='bbox 625 2684 759 2753; x_wconf 77' lang='grc' dir='ltr'><strong>ἡμῖν</strong></span> <span class='ocrx_word' id='word_1_325' title='bbox 795 2682 969 2747; x_wconf 75' lang='grc' dir='ltr'><strong>ζώων,</strong></span> <span class='ocrx_word' id='word_1_326' title='bbox 1004 2683 1105 2735; x_wconf 79' lang='grc' dir='ltr'><strong>οὐκ</strong></span> <span class='ocrx_word' id='word_1_327' title='bbox 1137 2683 1202 2736; x_wconf 85' lang='grc' dir='ltr'><strong>ἂν</strong></span> <span class='ocrx_word' id='word_1_328' title='bbox 1228 2682 1455 2754; x_wconf 77' lang='grc' dir='ltr'><strong>εἴποιμι,</strong></span> <span class='ocrx_word' id='word_1_329' title='bbox 1493 2685 1728 2754; x_wconf 81' lang='grc' dir='ltr'><strong>πτηνῶν,</strong></span> 
     </span>
    </p>
   </div>
   <div class='ocr_carea' id='block_1_44' title="bbox 145 2767 1729 2846">
    <p class='ocr_par' dir='ltr' id='par_1_44' title="bbox 145 2767 1729 2846">
     <span class='ocr_line' id='line_1_44' title="bbox 145 2767 1729 2846; baseline 0.003 -20"><span class='ocrx_word' id='word_1_330' title='bbox 145 2777 257 2828; x_wconf 65' lang='grc' dir='ltr'><strong>οὐδὲ</strong></span> <span class='ocrx_word' id='word_1_331' title='bbox 281 2775 529 2844; x_wconf 83' lang='grc' dir='ltr'><strong>ἀνέμων,</strong></span> <span class='ocrx_word' id='word_1_332' title='bbox 562 2774 720 2846; x_wconf 81' lang='grc' dir='ltr'><strong>ἦτῆς</strong></span> <span class='ocrx_word' id='word_1_333' title='bbox 759 2774 867 2828; x_wconf 89' lang='grc' dir='ltr'><strong>τῶν</strong></span> <span class='ocrx_word' id='word_1_334' title='bbox 900 2775 1166 2845; x_wconf 84' lang='grc' dir='ltr'><strong>οὐρανίων</strong></span> <span class='ocrx_word' id='word_1_335' title='bbox 1196 2778 1385 2846; x_wconf 77' lang='grc' dir='ltr'><strong>φορᾶς,</strong></span> <span class='ocrx_word' id='word_1_336' title='bbox 1414 2767 1532 2830; x_wconf 63' lang='grc' dir='ltr'><strong>ἀλλ’</strong></span> <span class='ocrx_word' id='word_1_337' title='bbox 1565 2777 1729 2830; x_wconf 75' lang='grc' dir='ltr'><strong>αὑτοῦ</strong></span> 
     </span>
    </p>
   </div>
   <div class='ocr_carea' id='block_1_45' title="bbox 145 2865 1732 2942">
    <p class='ocr_par' dir='ltr' id='par_1_45' title="bbox 145 2865 1732 2942">
     <span class='ocr_line' id='line_1_45' title="bbox 145 2865 1732 2942; baseline 0.003 -24"><span class='ocrx_word' id='word_1_338' title='bbox 145 2867 233 2920; x_wconf 82' lang='grc' dir='ltr'><strong>τοῦ</strong></span> <span class='ocrx_word' id='word_1_339' title='bbox 251 2869 528 2938; x_wconf 69' lang='grc' dir='ltr'><strong>ἡμετέρου</strong></span> <span class='ocrx_word' id='word_1_340' title='bbox 579 2865 695 2932; x_wconf 90' lang='grc' dir='ltr'><strong>νοῦ,</strong></span> <span class='ocrx_word' id='word_1_341' title='bbox 725 2867 868 2920; x_wconf 75' lang='grc' dir='ltr'><strong>κατὰ</strong></span> <span class='ocrx_word' id='word_1_342' title='bbox 913 2866 1009 2938; x_wconf 79' lang='grc' dir='ltr'><strong>τὴν</strong></span> <span class='ocrx_word' id='word_1_343' title='bbox 1055 2868 1269 2938; x_wconf 80' lang='grc' dir='ltr'><strong>κίνησιν</strong></span> <span class='ocrx_word' id='word_1_344' title='bbox 1311 2869 1542 2942; x_wconf 84' lang='grc' dir='ltr'><strong>ὑστερεῖ.</strong></span> <span class='ocrx_word' id='word_1_345' title='bbox 1575 2869 1732 2932; x_wconf 88' lang='grc' dir='ltr'><strong>Τίνος</strong></span> 
     </span>
    </p>
   </div>
   <div class='ocr_carea' id='block_1_46' title="bbox 145 2958 1730 3032">
    <p class='ocr_par' dir='ltr' id='par_1_46' title="bbox 145 2958 1730 3032">
     <span class='ocr_line' id='line_1_46' title="bbox 145 2958 1730 3032; baseline 0.001 -21"><span class='ocrx_word' id='word_1_346' title='bbox 145 2960 247 3030; x_wconf 66' lang='grc' dir='ltr'><strong>γὰρ</strong></span> <span class='ocrx_word' id='word_1_347' title='bbox 291 2958 358 3012; x_wconf 75' lang='grc' dir='ltr'><strong>ἂν</strong></span> <span class='ocrx_word' id='word_1_348' title='bbox 403 2962 501 3012; x_wconf 79' lang='grc' dir='ltr'><strong>καὶ</strong></span> <span class='ocrx_word' id='word_1_349' title='bbox 554 2959 920 3030; x_wconf 79' lang='grc' dir='ltr'><strong>παρατάσεως</strong></span> <span class='ocrx_word' id='word_1_350' title='bbox 961 2960 1132 3013; x_wconf 86' lang='grc' dir='ltr'><strong>δέοιτο</strong></span> <span class='ocrx_word' id='word_1_351' title='bbox 1176 2960 1430 3032; x_wconf 83' lang='grc' dir='ltr'><strong>χρονικῆς</strong></span> <span class='ocrx_word' id='word_1_352' title='bbox 1468 2963 1496 3014; x_wconf 94' lang='lat'><strong>6</strong></span> <span class='ocrx_word' id='word_1_353' title='bbox 1551 2960 1730 3031; x_wconf 81' lang='grc' dir='ltr'><strong>φέρων</strong></span> 
     </span>
    </p>
   </div>
   <div class='ocr_carea' id='block_1_47' title="bbox 146 3051 1727 3124">
    <p class='ocr_par' dir='ltr' id='par_1_47' title="bbox 146 3051 1727 3124">
     <span class='ocr_line' id='line_1_47' title="bbox 146 3051 1727 3124; baseline 0.001 -21"><span class='ocrx_word' id='word_1_354' title='bbox 146 3053 209 3104; x_wconf 70' lang='grc' dir='ltr'><strong>τὶ</strong></span> <span class='ocrx_word' id='word_1_355' title='bbox 267 3051 570 3120; x_wconf 69' lang='grc' dir='ltr'><strong>σύμπαντα</strong></span> <span class='ocrx_word' id='word_1_356' title='bbox 613 3051 691 3120; x_wconf 66' lang='grc'><strong>(7)</strong></span> <span class='ocrx_word' id='word_1_357' title='bbox 727 3051 806 3122; x_wconf 83' lang='grc' dir='ltr'><strong>τῷ</strong></span> <span class='ocrx_word' id='word_1_358' title='bbox 839 3054 1045 3122; x_wconf 74' lang='grc' dir='ltr'><strong>ῥήματι</strong></span> <span class='ocrx_word' id='word_1_359' title='bbox 1074 3052 1172 3124; x_wconf 83' lang='grc' dir='ltr'><strong>τῆς</strong></span> <span class='ocrx_word' id='word_1_360' title='bbox 1215 3052 1497 3122; x_wconf 84' lang='grc' dir='ltr'><strong>δυνάμεως</strong></span> <span class='ocrx_word' id='word_1_361' title='bbox 1542 3051 1727 3114; x_wconf 79' lang='grc' dir='ltr'><strong>αὑτοῦ,</strong></span> 
     </span>
    </p>
   </div>
   <div class='ocr_carea' id='block_1_48' title="bbox 148 3142 1800 3240">
    <p class='ocr_par' dir='ltr' id='par_1_48' title="bbox 148 3142 1800 3240">
     <span class='ocr_line' id='line_1_48' title="bbox 148 3142 1800 3240; baseline 0.001 -48"><span class='ocrx_word' id='word_1_362' title='bbox 148 3143 236 3193; x_wconf 69' lang='grc' dir='ltr'><strong>καὶ</strong></span> <span class='ocrx_word' id='word_1_363' title='bbox 305 3144 384 3213; x_wconf 82' lang='grc' dir='ltr'><strong>μὴ</strong></span> <span class='ocrx_word' id='word_1_364' title='bbox 473 3143 804 3213; x_wconf 72' lang='grc' dir='ltr'><strong>σωματικῶς</strong></span> <span class='ocrx_word' id='word_1_365' title='bbox 876 3142 1145 3215; x_wconf 77' lang='grc' dir='ltr'><strong>ἐνεργῶν,</strong></span> <span class='ocrx_word' id='word_1_366' title='bbox 1207 3143 1341 3214; x_wconf 77' lang='grc' dir='ltr'><strong>μηδὲ</strong></span> <span class='ocrx_word' id='word_1_367' title='bbox 1385 3143 1727 3216; x_wconf 85' lang='grc' dir='ltr'><strong>χειρουργίας</strong></span> <span class='ocrx_word' id='word_1_368' title='bbox 1755 3179 1800 3240; x_wconf 78' lang='lat' dir='ltr'>c</span> 
     </span>
    </p>
   </div>
   <div class='ocr_carea' id='block_1_49' title="bbox 148 3234 1726 3306">
    <p class='ocr_par' dir='ltr' id='par_1_49' title="bbox 148 3234 1726 3306">
     <span class='ocr_line' id='line_1_49' title="bbox 148 3234 1726 3306; baseline 0.012 -32"><span class='ocrx_word' id='word_1_369' title='bbox 148 3236 220 3296; x_wconf 57' lang='grc' dir='ltr'><strong>εἰς</strong></span> <span class='ocrx_word' id='word_1_370' title='bbox 273 3234 372 3304; x_wconf 69' lang='grc' dir='ltr'><strong>τὴν</strong></span> <span class='ocrx_word' id='word_1_371' title='bbox 437 3234 805 3305; x_wconf 85' lang='grc' dir='ltr'><strong>δημιουργίαν</strong></span> <span class='ocrx_word' id='word_1_372' title='bbox 859 3234 1392 3303; x_wconf 79' lang='grc' dir='ltr'><strong>ἐπιδεὸμενος,ἁλλὰ</strong></span> <span class='ocrx_word' id='word_1_373' title='bbox 1421 3234 1726 3306; x_wconf 81' lang='grc' dir='ltr'><strong>βουλήματι</strong></span> 
     </span>
    </p>
   </div>
   <div class='ocr_carea' id='block_1_50' title="bbox 146 3325 1729 3398">
    <p class='ocr_par' dir='ltr' id='par_1_50' title="bbox 146 3325 1729 3398">
     <span class='ocr_line' id='line_1_50' title="bbox 146 3325 1729 3398; baseline 0.001 -22"><span class='ocrx_word' id='word_1_374' title='bbox 146 3325 409 3394; x_wconf 77' lang='grc' dir='ltr'><strong>ἁϐιάστῳ,</strong></span> <span class='ocrx_word' id='word_1_375' title='bbox 450 3325 849 3378; x_wconf 76' lang='grc' dir='ltr'><strong>ἀκολουθοῦσαν</strong></span> <span class='ocrx_word' id='word_1_376' title='bbox 879 3325 1016 3396; x_wconf 73' lang='grc' dir='ltr'><strong>ἔχων</strong></span> <span class='ocrx_word' id='word_1_377' title='bbox 1045 3325 1142 3398; x_wconf 84' lang='grc' dir='ltr'><strong>τὴν</strong></span> <span class='ocrx_word' id='word_1_378' title='bbox 1178 3325 1340 3395; x_wconf 81' lang='grc' dir='ltr'><strong>φύσιν</strong></span> <span class='ocrx_word' id='word_1_379' title='bbox 1371 3325 1478 3379; x_wconf 88' lang='grc' dir='ltr'><strong>τῶν</strong></span> <span class='ocrx_word' id='word_1_380' title='bbox 1513 3326 1729 3396; x_wconf 86' lang='grc' dir='ltr'><strong>γινομέ-</strong></span> 
     </span>
    </p>
   </div>
   <div class='ocr_carea' id='block_1_51' title="bbox 147 3417 1726 3489">
    <p class='ocr_par' dir='ltr' id='par_1_51' title="bbox 147 3417 1726 3489">
     <span class='ocr_line' id='line_1_51' title="bbox 147 3417 1726 3489; baseline 0.001 -20"><span class='ocrx_word' id='word_1_381' title='bbox 147 3435 280 3481; x_wconf 67' lang='lat' dir='ltr'><strong>vara;</strong></span> <span class='ocrx_word' id='word_1_382' title='bbox 327 3417 419 3478; x_wconf 84' lang='grc' dir='ltr'><strong>Ὠς</strong></span> <span class='ocrx_word' id='word_1_383' title='bbox 461 3420 494 3488; x_wconf 78' lang='grc' dir='ltr'>ἡ</span> <span class='ocrx_word' id='word_1_384' title='bbox 545 3418 766 3484; x_wconf 75' lang='grc' dir='ltr'><strong>Ἰουδὶθ,</strong></span> <span class='ocrx_word' id='word_1_385' title='bbox 821 3419 1154 3486; x_wconf 73' lang='grc' dir='ltr'><strong>Ένόησας,</strong></span> <span class='ocrx_word' id='word_1_386' title='bbox 1198 3420 1365 3489; x_wconf 75' lang='grc' dir='ltr'><strong>φησὶ,</strong></span> <span class='ocrx_word' id='word_1_387' title='bbox 1410 3419 1509 3472; x_wconf 80' lang='grc' dir='ltr'><strong>καὶ</strong></span> <span class='ocrx_word' id='word_1_388' title='bbox 1577 3433 1726 3486; x_wconf 83' lang='grc' dir='ltr'><strong>παρ-</strong></span> 
     </span>
    </p>
   </div>
   <div class='ocr_carea' id='block_1_52' title="bbox 146 3509 1723 3582">
    <p class='ocr_par' dir='ltr' id='par_1_52' title="bbox 146 3509 1723 3582">
     <span class='ocr_line' id='line_1_52' title="bbox 146 3509 1723 3582; baseline 0.001 -21"><span class='ocrx_word' id='word_1_389' title='bbox 146 3509 420 3576; x_wconf 68' lang='grc' dir='ltr'><strong>έστησὼο</strong></span> <span class='ocrx_word' id='word_1_390' title='bbox 449 3523 550 3563; x_wconf 83' lang='grc' dir='ltr'><strong>σοι</strong></span> <span class='ocrx_word' id='word_1_391' title='bbox 595 3511 794 3564; x_wconf 77' lang='grc' dir='ltr'><strong>πάντα</strong></span> <span class='ocrx_word' id='word_1_392' title='bbox 831 3511 946 3565; x_wconf 84' lang='grc' dir='ltr'><strong>ὅσα</strong></span> <span class='ocrx_word' id='word_1_393' title='bbox 973 3512 1256 3578; x_wconf 78' lang='grc' dir='ltr'><strong>ἐνόησας.</strong></span> <span class='ocrx_word' id='word_1_394' title='bbox 1287 3512 1475 3582; x_wconf 87' lang='grc' dir='ltr'><strong>Ὅμως</strong></span> <span class='ocrx_word' id='word_1_395' title='bbox 1511 3511 1723 3582; x_wconf 84' lang='grc' dir='ltr'><strong>μέντοι,</strong></span> 
     </span>
    </p>
   </div>
   <div class='ocr_carea' id='block_1_53' title="bbox 148 3603 1728 3676">
    <p class='ocr_par' dir='ltr' id='par_1_53' title="bbox 148 3603 1728 3676">
     <span class='ocr_line' id='line_1_53' title="bbox 148 3603 1728 3676; baseline 0.001 -23"><span class='ocrx_word' id='word_1_396' title='bbox 148 3603 230 3654; x_wconf 84' lang='grc' dir='ltr'><strong>ἶνα</strong></span> <span class='ocrx_word' id='word_1_397' title='bbox 277 3604 353 3673; x_wconf 79' lang='grc' dir='ltr'><strong>μή</strong></span> <span class='ocrx_word' id='word_1_398' title='bbox 396 3620 531 3656; x_wconf 88' lang='grc' dir='ltr'><strong>ποτε</strong></span> <span class='ocrx_word' id='word_1_399' title='bbox 594 3605 659 3656; x_wconf 82' lang='grc' dir='ltr'><strong>ὲκ</strong></span> <span class='ocrx_word' id='word_1_400' title='bbox 703 3603 795 3657; x_wconf 87' lang='grc' dir='ltr'><strong>τοῦ</strong></span> <span class='ocrx_word' id='word_1_401' title='bbox 846 3603 1110 3674; x_wconf 84' lang='grc' dir='ltr'><strong>μεγέθους</strong></span> <span class='ocrx_word' id='word_1_402' title='bbox 1155 3604 1264 3657; x_wconf 86' lang='grc' dir='ltr'><strong>τῶν</strong></span> <span class='ocrx_word' id='word_1_403' title='bbox 1321 3603 1728 3676; x_wconf 74' lang='grc' dir='ltr'><strong>ἐνεργουμένων</strong></span> 
     </span>
    </p>
   </div>
   <div class='ocr_carea' id='block_1_54' title="bbox 147 3691 1726 3767">
    <p class='ocr_par' dir='ltr' id='par_1_54' title="bbox 147 3691 1726 3767">
     <span class='ocr_line' id='line_1_54' title="bbox 147 3691 1726 3767; baseline 0 -20"><span class='ocrx_word' id='word_1_404' title='bbox 147 3695 616 3766; x_wconf 76' lang='grc' dir='ltr'><strong>περισπασθῶμεν</strong></span> <span class='ocrx_word' id='word_1_405' title='bbox 661 3699 743 3758; x_wconf 82' lang='grc' dir='ltr'><strong>εἰς</strong></span> <span class='ocrx_word' id='word_1_406' title='bbox 792 3697 850 3749; x_wconf 83' lang='grc' dir='ltr'><strong>τὸ</strong></span> <span class='ocrx_word' id='word_1_407' title='bbox 894 3697 1265 3766; x_wconf 77' lang='grc' dir='ltr'><strong>φαντασθῆναι</strong></span> <span class='ocrx_word' id='word_1_408' title='bbox 1303 3697 1538 3767; x_wconf 77' lang='grc' dir='ltr'><strong>ἄναρχον</strong></span> <span class='ocrx_word' id='word_1_409' title='bbox 1584 3691 1726 3748; x_wconf 75' lang='grc' dir='ltr'><strong>εἶναι</strong></span> 
     </span>
    </p>
   </div>
   <div class='ocr_carea' id='block_1_55' title="bbox 145 3787 1727 3861">
    <p class='ocr_par' dir='ltr' id='par_1_55' title="bbox 145 3787 1727 3861">
     <span class='ocr_line' id='line_1_55' title="bbox 145 3787 1727 3861; baseline 0.001 -21"><span class='ocrx_word' id='word_1_410' title='bbox 145 3789 229 3840; x_wconf 69' lang='grc' dir='ltr'><strong>τὸν</strong></span> <span class='ocrx_word' id='word_1_411' title='bbox 259 3789 489 3861; x_wconf 73' lang='grc' dir='ltr'><strong>Κύριον,</strong></span> <span class='ocrx_word' id='word_1_412' title='bbox 534 3789 587 3840; x_wconf 91' lang='grc' dir='ltr'><strong>τί</strong></span> <span class='ocrx_word' id='word_1_413' title='bbox 621 3806 785 3859; x_wconf 75' lang='grc' dir='ltr'><strong>φησιν</strong></span> <span class='ocrx_word' id='word_1_414' title='bbox 815 3791 1148 3860; x_wconf 50' lang='lat' dir='ltr'><strong>ﬂairimant);</strong></span> <span class='ocrx_word' id='word_1_415' title='bbox 1175 3787 1335 3858; x_wconf 54' lang='grc' dir='ltr'><strong>1Ἐγὼ</strong></span> <span class='ocrx_word' id='word_1_416' title='bbox 1365 3787 1437 3850; x_wconf 79' lang='grc' dir='ltr'><strong>ζῶ</strong></span> <span class='ocrx_word' id='word_1_417' title='bbox 1491 3788 1589 3842; x_wconf 82' lang='grc' dir='ltr'><strong>διὰ</strong></span> <span class='ocrx_word' id='word_1_418' title='bbox 1621 3788 1727 3842; x_wconf 80' lang='grc' dir='ltr'><strong>τὸν</strong></span> 
     </span>
    </p>
   </div>
   <div class='ocr_carea' id='block_1_56' title="bbox 146 3875 1726 3946">
    <p class='ocr_par' dir='ltr' id='par_1_56' title="bbox 146 3875 1726 3946">
     <span class='ocr_line' id='line_1_56' title="bbox 146 3875 1726 3946; baseline 0.001 -18"><span class='ocrx_word' id='word_1_419' title='bbox 146 3876 412 3945; x_wconf 71' lang='grc' dir='ltr'><strong>Πατέρα·</strong></span> <span class='ocrx_word' id='word_1_420' title='bbox 448 3876 544 3930; x_wconf 57' lang='grc' dir='ltr'><strong>καλ⁸</strong></span> <span class='ocrx_word' id='word_1_421' title='bbox 588 3877 622 3945; x_wconf 81' lang='grc' dir='ltr'>ἡ</span> <span class='ocrx_word' id='word_1_422' title='bbox 667 3875 763 3928; x_wconf 86' lang='grc' dir='ltr'><strong>τοῦ</strong></span> <span class='ocrx_word' id='word_1_423' title='bbox 807 3876 940 3929; x_wconf 87' lang='grc' dir='ltr'><strong>Θεοῦ</strong></span> <span class='ocrx_word' id='word_1_424' title='bbox 977 3876 1238 3946; x_wconf 71' lang='grc' dir='ltr'><strong>δύναμιςσ</strong></span> <span class='ocrx_word' id='word_1_425' title='bbox 1283 3879 1365 3930; x_wconf 85' lang='grc' dir='ltr'><strong>Οὐ</strong></span> <span class='ocrx_word' id='word_1_426' title='bbox 1406 3875 1654 3930; x_wconf 82' lang='grc' dir='ltr'><strong>δύναται</strong></span> <span class='ocrx_word' id='word_1_427' title='bbox 1693 3879 1726 3930; x_wconf 84' lang='grc' dir='ltr'><strong>ό</strong></span> 
     </span>
    </p>
   </div>
   <div class='ocr_carea' id='block_1_57' title="bbox 145 3959 1724 4041">
    <p class='ocr_par' dir='ltr' id='par_1_57' title="bbox 145 3959 1724 4041">
     <span class='ocr_line' id='line_1_57' title="bbox 145 3959 1724 4041; baseline -0.002 -16"><span class='ocrx_word' id='word_1_428' title='bbox 145 3974 269 4038; x_wconf 61' lang='lat' dir='ltr'><strong>nec</strong></span> <span class='ocrx_word' id='word_1_429' title='bbox 321 3970 522 4025; x_wconf 70' lang='grc' dir='ltr'><strong>ποιεῖν</strong></span> <span class='ocrx_word' id='word_1_430' title='bbox 551 3969 652 4038; x_wconf 67' lang='grc' dir='ltr'><strong>ἀρ’</strong></span> <span class='ocrx_word' id='word_1_431' title='bbox 698 3969 914 4022; x_wconf 83' lang='grc' dir='ltr'><strong>ἑαυτοῦ</strong></span> <span class='ocrx_word' id='word_1_432' title='bbox 961 3968 1174 4023; x_wconf 76' lang='grc' dir='ltr'><strong>οὐδέν’</strong></span> <span class='ocrx_word' id='word_1_433' title='bbox 1209 3969 1301 4023; x_wconf 72' lang='grc' dir='ltr'><strong>καὶ</strong></span> <span class='ocrx_word' id='word_1_434' title='bbox 1344 3971 1376 4040; x_wconf 84' lang='grc' dir='ltr'>ἡ</span> <span class='ocrx_word' id='word_1_435' title='bbox 1433 3959 1724 4041; x_wconf 78' lang='grc' dir='ltr'><strong>αὐτοτελὴς</strong></span> 
     </span>
    </p>
   </div>
   <div class='ocr_carea' id='block_1_58' title="bbox 148 4061 1721 4134">
    <p class='ocr_par' dir='ltr' id='par_1_58' title="bbox 148 4061 1721 4134">
     <span class='ocr_line' id='line_1_58' title="bbox 148 4061 1721 4134; baseline 0 -19"><span class='ocrx_word' id='word_1_436' title='bbox 148 4065 332 4134; x_wconf 59' lang='lat' dir='ltr'><strong>mir</strong></span> <span class='ocrx_word' id='word_1_437' title='bbox 367 4061 662 4128; x_wconf 71' lang='lat' dir='ltr'><strong>’Erro.1hr</strong></span> <span class='ocrx_word' id='word_1_438' title='bbox 685 4061 926 4127; x_wconf 77' lang='grc' dir='ltr'><strong>ἔλαϐον,</strong></span> <span class='ocrx_word' id='word_1_439' title='bbox 955 4061 1011 4113; x_wconf 83' lang='grc' dir='ltr'><strong>τι</strong></span> <span class='ocrx_word' id='word_1_440' title='bbox 1035 4062 1202 4124; x_wconf 78' lang='grc' dir='ltr'><strong>εἴπω,</strong></span> <span class='ocrx_word' id='word_1_441' title='bbox 1231 4061 1328 4114; x_wconf 77' lang='grc' dir='ltr'><strong>καὶ</strong></span> <span class='ocrx_word' id='word_1_442' title='bbox 1353 4062 1407 4114; x_wconf 89' lang='grc' dir='ltr'><em>τί</em></span> <span class='ocrx_word' id='word_1_443' title='bbox 1429 4061 1684 4130; x_wconf 74' lang='grc' dir='ltr'><strong>λαλήσω</strong></span> <span class='ocrx_word' id='word_1_444' title='bbox 1707 4079 1721 4094; x_wconf 71' lang='grc' dir='ltr'><strong>ο</strong></span> 
     </span>
    </p>
   </div>
   <div class='ocr_carea' id='block_1_59' title="bbox 144 4155 1726 4228">
    <p class='ocr_par' dir='ltr' id='par_1_59' title="bbox 144 4155 1726 4228">
     <span class='ocr_line' id='line_1_59' title="bbox 144 4155 1726 4228; baseline -0.003 -16"><span class='ocrx_word' id='word_1_445' title='bbox 144 4161 225 4212; x_wconf 71' lang='grc' dir='ltr'><strong>διὰ</strong></span> <span class='ocrx_word' id='word_1_446' title='bbox 252 4162 474 4213; x_wconf 70' lang='grc' dir='ltr'><strong>πάντων</strong></span> <span class='ocrx_word' id='word_1_447' title='bbox 504 4157 712 4210; x_wconf 76' lang='grc' dir='ltr'><strong>τούτων</strong></span> <span class='ocrx_word' id='word_1_448' title='bbox 745 4157 882 4228; x_wconf 87' lang='grc' dir='ltr'><strong>πρὸς</strong></span> <span class='ocrx_word' id='word_1_449' title='bbox 918 4157 1016 4228; x_wconf 83' lang='grc' dir='ltr'><strong>τὴν</strong></span> <span class='ocrx_word' id='word_1_450' title='bbox 1049 4156 1140 4209; x_wconf 85' lang='grc' dir='ltr'><strong>τοῦ</strong></span> <span class='ocrx_word' id='word_1_451' title='bbox 1183 4157 1393 4228; x_wconf 84' lang='grc' dir='ltr'><strong>Πατρδς</strong></span> <span class='ocrx_word' id='word_1_452' title='bbox 1425 4158 1571 4227; x_wconf 80' lang='grc' dir='ltr'><strong>ἡμᾶς</strong></span> <span class='ocrx_word' id='word_1_453' title='bbox 1602 4155 1726 4208; x_wconf 81' lang='grc' dir='ltr'><strong>σύν-</strong></span> 
     </span>
    </p>
   </div>
   <div class='ocr_carea' id='block_1_60' title="bbox 146 4248 1722 4321">
    <p class='ocr_par' dir='ltr' id='par_1_60' title="bbox 146 4248 1722 4321">
     <span class='ocr_line' id='line_1_60' title="bbox 146 4248 1722 4321; baseline -0.003 -17"><span class='ocrx_word' id='word_1_454' title='bbox 146 4269 253 4305; x_wconf 75' lang='grc' dir='ltr'><strong>εσιν</strong></span> <span class='ocrx_word' id='word_1_455' title='bbox 286 4252 524 4321; x_wconf 73' lang='grc' dir='ltr'><strong>ὁδηγῶν,</strong></span> <span class='ocrx_word' id='word_1_456' title='bbox 553 4251 648 4304; x_wconf 72' lang='grc' dir='ltr'><strong>καὶ</strong></span> <span class='ocrx_word' id='word_1_457' title='bbox 676 4249 737 4302; x_wconf 82' lang='grc' dir='ltr'><strong>τὸ</strong></span> <span class='ocrx_word' id='word_1_458' title='bbox 778 4248 962 4319; x_wconf 89' lang='grc' dir='ltr'><strong>θαῦμα</strong></span> <span class='ocrx_word' id='word_1_459' title='bbox 990 4249 1096 4301; x_wconf 87' lang='grc' dir='ltr'><strong>τῶν</strong></span> <span class='ocrx_word' id='word_1_460' title='bbox 1119 4249 1418 4319; x_wconf 87' lang='grc' dir='ltr'><strong>γινομένων</strong></span> <span class='ocrx_word' id='word_1_461' title='bbox 1448 4250 1532 4300; x_wconf 81' lang='grc' dir='ltr'><strong>ἐπ’</strong></span> <span class='ocrx_word' id='word_1_462' title='bbox 1563 4248 1722 4302; x_wconf 78' lang='grc' dir='ltr'><strong>αὐτὸν</strong></span> 
     </span>
    </p>
   </div>
   <div class='ocr_carea' id='block_1_61' title="bbox 145 4340 1721 4413">
    <p class='ocr_par' dir='ltr' id='par_1_61' title="bbox 145 4340 1721 4413">
     <span class='ocr_line' id='line_1_61' title="bbox 145 4340 1721 4413; baseline -0.001 -18"><span class='ocrx_word' id='word_1_463' title='bbox 145 4345 308 4412; x_wconf 70' lang='grc' dir='ltr'><strong>ἀνατρέ</strong></span> <span class='ocrx_word' id='word_1_464' title='bbox 320 4361 453 4413; x_wconf 79' lang='grc' dir='ltr'><strong>ρων,</strong></span> <span class='ocrx_word' id='word_1_465' title='bbox 493 4343 581 4395; x_wconf 77' lang='grc' dir='ltr'><strong>ἵνα</strong></span> <span class='ocrx_word' id='word_1_466' title='bbox 605 4342 673 4394; x_wconf 82' lang='grc' dir='ltr'><strong>δι’</strong></span> <span class='ocrx_word' id='word_1_467' title='bbox 700 4341 866 4394; x_wconf 80' lang='grc' dir='ltr'><strong>αὑτοῦ</strong></span> <span class='ocrx_word' id='word_1_468' title='bbox 893 4341 982 4393; x_wconf 87' lang='grc' dir='ltr'><strong>τὸν</strong></span> <span class='ocrx_word' id='word_1_469' title='bbox 1012 4341 1228 4411; x_wconf 87' lang='grc' dir='ltr'><strong>Πατέρα</strong></span> <span class='ocrx_word' id='word_1_470' title='bbox 1246 4340 1482 4410; x_wconf 90' lang='grc' dir='ltr'><strong>γνῶμεν.</strong></span> <span class='ocrx_word' id='word_1_471' title='bbox 1512 4341 1586 4394; x_wconf 68' lang='lat' dir='ltr'><strong>Ob</strong></span> <span class='ocrx_word' id='word_1_472' title='bbox 1613 4341 1721 4411; x_wconf 82' lang='grc' dir='ltr'><strong>γὰρ</strong></span> 
     </span>
    </p>
   </div>
   <div class='ocr_carea' id='block_1_62' title="bbox 146 4430 1719 4503">
    <p class='ocr_par' dir='ltr' id='par_1_62' title="bbox 146 4430 1719 4503">
     <span class='ocr_line' id='line_1_62' title="bbox 146 4430 1719 4503; baseline -0.001 -18"><span class='ocrx_word' id='word_1_473' title='bbox 146 4435 205 4485; x_wconf 77' lang='grc' dir='ltr'><strong>ἐκ</strong></span> <span class='ocrx_word' id='word_1_474' title='bbox 237 4434 334 4502; x_wconf 78' lang='grc' dir='ltr'><strong>τῆς</strong></span> <span class='ocrx_word' id='word_1_475' title='bbox 362 4434 475 4484; x_wconf 90' lang='grc' dir='ltr'><strong>τῶν</strong></span> <span class='ocrx_word' id='word_1_476' title='bbox 512 4432 688 4503; x_wconf 79' lang='grc' dir='ltr'><strong>ἔργων</strong></span> <span class='ocrx_word' id='word_1_477' title='bbox 724 4431 984 4503; x_wconf 74' lang='grc' dir='ltr'><strong>διαφορᾶς</strong></span> <span class='ocrx_word' id='word_1_478' title='bbox 1015 4433 1043 4484; x_wconf 93' lang='lat'><strong>6</strong></span> <span class='ocrx_word' id='word_1_479' title='bbox 1076 4431 1266 4502; x_wconf 80' lang='grc' dir='ltr'><strong>Πατὴρ</strong></span> <span class='ocrx_word' id='word_1_480' title='bbox 1303 4431 1605 4502; x_wconf 88' lang='grc' dir='ltr'><strong>θεωρεῖται,</strong></span> <span class='ocrx_word' id='word_1_481' title='bbox 1641 4430 1719 4502; x_wconf 81' lang='grc' dir='ltr'><strong>τῷ</strong></span> 
     </span>
    </p>
   </div>
   <div class='ocr_carea' id='block_1_63' title="bbox 1833 1950 3402 2023">
    <p class='ocr_par' dir='ltr' id='par_1_63' title="bbox 1833 1950 3402 2023">
     <span class='ocr_line' id='line_1_63' title="bbox 1833 1950 3402 2023; baseline 0.002 -19"><span class='ocrx_word' id='word_1_482' title='bbox 1833 1952 2030 2014; x_wconf 89' lang='lat' dir='ltr'><strong>niunt,</strong></span> <span class='ocrx_word' id='word_1_483' title='bbox 2078 1950 2286 2018; x_wconf 88' lang='lat' dir='ltr'><strong>majore</strong></span> <span class='ocrx_word' id='word_1_484' title='bbox 2332 1951 2608 2006; x_wconf 85' lang='lat' dir='ltr'><strong>celeritate</strong></span> <span class='ocrx_word' id='word_1_485' title='bbox 2659 1952 2714 2005; x_wconf 91' lang='lat' dir='ltr'><strong>in</strong></span> <span class='ocrx_word' id='word_1_486' title='bbox 2765 1953 2995 2023; x_wconf 78' lang='lat' dir='ltr'><strong>singulis</strong></span> <span class='ocrx_word' id='word_1_487' title='bbox 3053 1962 3402 2019; x_wconf 85' lang='lat' dir='ltr'><strong>operantem,</strong></span> 
     </span>
    </p>
   </div>
   <div class='ocr_carea' id='block_1_64' title="bbox 1832 2042 3404 2113">
    <p class='ocr_par' dir='ltr' id='par_1_64' title="bbox 1832 2042 3404 2113">
     <span class='ocr_line' id='line_1_64' title="bbox 1832 2042 3404 2113; baseline 0.001 -17"><span class='ocrx_word' id='word_1_488' title='bbox 1832 2059 1992 2113; x_wconf 87' lang='lat' dir='ltr'><strong>quam</strong></span> <span class='ocrx_word' id='word_1_489' title='bbox 2045 2044 2186 2096; x_wconf 84' lang='lat' dir='ltr'><strong>ullus</strong></span> <span class='ocrx_word' id='word_1_490' title='bbox 2237 2057 2419 2097; x_wconf 87' lang='lat' dir='ltr'><strong>sermo</strong></span> <span class='ocrx_word' id='word_1_491' title='bbox 2458 2043 2762 2112; x_wconf 83' lang='lat' dir='ltr'><strong>exprimere</strong></span> <span class='ocrx_word' id='word_1_492' title='bbox 2809 2045 2995 2098; x_wconf 60' lang='lat' dir='ltr'><strong>valeat.</strong></span> <span class='ocrx_word' id='word_1_493' title='bbox 3039 2042 3225 2113; x_wconf 77' lang='lat' dir='ltr'><strong>Neque</strong></span> <span class='ocrx_word' id='word_1_494' title='bbox 3259 2044 3404 2098; x_wconf 82' lang='lat' dir='ltr'><strong>enim</strong></span> 
     </span>
    </p>
   </div>
   <div class='ocr_carea' id='block_1_65' title="bbox 1833 2135 3406 2205">
    <p class='ocr_par' dir='ltr' id='par_1_65' title="bbox 1833 2135 3406 2205">
     <span class='ocr_line' id='line_1_65' title="bbox 1833 2135 3406 2205; baseline -0.001 -17"><span class='ocrx_word' id='word_1_495' title='bbox 1833 2135 2069 2205; x_wconf 79' lang='lat' dir='ltr'><strong>fulgura,</strong></span> <span class='ocrx_word' id='word_1_496' title='bbox 2107 2151 2281 2204; x_wconf 87' lang='lat' dir='ltr'><strong>neque</strong></span> <span class='ocrx_word' id='word_1_497' title='bbox 2315 2135 2475 2199; x_wconf 92' lang='lat' dir='ltr'><strong>lucis,</strong></span> <span class='ocrx_word' id='word_1_498' title='bbox 2513 2150 2609 2204; x_wconf 88' lang='lat' dir='ltr'><strong>per</strong></span> <span class='ocrx_word' id='word_1_499' title='bbox 2634 2149 2813 2188; x_wconf 84' lang='lat' dir='ltr'><strong>aerem</strong></span> <span class='ocrx_word' id='word_1_500' title='bbox 2852 2142 2960 2186; x_wconf 90' lang='lat' dir='ltr'><strong>tam</strong></span> <span class='ocrx_word' id='word_1_501' title='bbox 3003 2138 3154 2187; x_wconf 81' lang='lat' dir='ltr'><strong>velox</strong></span> <span class='ocrx_word' id='word_1_502' title='bbox 3191 2135 3406 2188; x_wconf 80' lang='lat' dir='ltr'><strong>discur-</strong></span> 
     </span>
    </p>
   </div>
   <div class='ocr_carea' id='block_1_66' title="bbox 1831 2223 3403 2292">
    <p class='ocr_par' dir='ltr' id='par_1_66' title="bbox 1831 2223 3403 2292">
     <span class='ocr_line' id='line_1_66' title="bbox 1831 2223 3403 2292; baseline -0.004 -11"><span class='ocrx_word' id='word_1_503' title='bbox 1831 2242 1926 2281; x_wconf 88' lang='lat' dir='ltr'><strong>sus</strong></span> <span class='ocrx_word' id='word_1_504' title='bbox 1953 2233 2058 2286; x_wconf 89' lang='lat' dir='ltr'><strong>est,</strong></span> <span class='ocrx_word' id='word_1_505' title='bbox 2087 2240 2194 2277; x_wconf 92' lang='lat' dir='ltr'><strong>non</strong></span> <span class='ocrx_word' id='word_1_506' title='bbox 2227 2226 2510 2278; x_wconf 91' lang='lat' dir='ltr'><strong>oculorum</strong></span> <span class='ocrx_word' id='word_1_507' title='bbox 2542 2223 2750 2277; x_wconf 88' lang='lat' dir='ltr'><strong>celeres</strong></span> <span class='ocrx_word' id='word_1_508' title='bbox 2782 2223 2944 2284; x_wconf 88' lang='lat' dir='ltr'><strong>ictus,</strong></span> <span class='ocrx_word' id='word_1_509' title='bbox 2973 2239 3080 2276; x_wconf 88' lang='lat' dir='ltr'><strong>non</strong></span> <span class='ocrx_word' id='word_1_510' title='bbox 3106 2224 3280 2292; x_wconf 87' lang='lat' dir='ltr'><strong>ipsius</strong></span> <span class='ocrx_word' id='word_1_511' title='bbox 3319 2225 3403 2276; x_wconf 85' lang='lat' dir='ltr'><strong>in-</strong></span> 
     </span>
    </p>
   </div>
   <div class='ocr_carea' id='block_1_67' title="bbox 1830 2316 3404 2386">
    <p class='ocr_par' dir='ltr' id='par_1_67' title="bbox 1830 2316 3404 2386">
     <span class='ocr_line' id='line_1_67' title="bbox 1830 2316 3404 2386; baseline -0.002 -13"><span class='ocrx_word' id='word_1_512' title='bbox 1830 2320 2076 2374; x_wconf 88' lang='lat' dir='ltr'><strong>tellectus</strong></span> <span class='ocrx_word' id='word_1_513' title='bbox 2106 2317 2280 2372; x_wconf 88' lang='lat' dir='ltr'><strong>nostri</strong></span> <span class='ocrx_word' id='word_1_514' title='bbox 2327 2324 2544 2371; x_wconf 87' lang='lat' dir='ltr'><strong>motus:</strong></span> <span class='ocrx_word' id='word_1_515' title='bbox 2593 2317 2686 2370; x_wconf 89' lang='lat' dir='ltr'><strong>sed</strong></span> <span class='ocrx_word' id='word_1_516' title='bbox 2722 2317 2913 2369; x_wconf 88' lang='lat' dir='ltr'><strong>horum</strong></span> <span class='ocrx_word' id='word_1_517' title='bbox 2949 2316 3202 2386; x_wconf 89' lang='lat' dir='ltr'><strong>quodque</strong></span> <span class='ocrx_word' id='word_1_518' title='bbox 3233 2316 3404 2385; x_wconf 79' lang='lat' dir='ltr'><strong>magis</strong></span> 
     </span>
    </p>
   </div>
   <div class='ocr_carea' id='block_1_68' title="bbox 1833 2408 3403 2478">
    <p class='ocr_par' dir='ltr' id='par_1_68' title="bbox 1833 2408 3403 2478">
     <span class='ocr_line' id='line_1_68' title="bbox 1833 2408 3403 2478; baseline -0.001 -16"><span class='ocrx_word' id='word_1_519' title='bbox 1833 2409 2068 2462; x_wconf 85' lang='lat' dir='ltr'><strong>vincitur</strong></span> <span class='ocrx_word' id='word_1_520' title='bbox 2101 2409 2298 2463; x_wconf 64' lang='lat' dir='ltr'><strong>divinae</strong></span> <span class='ocrx_word' id='word_1_521' title='bbox 2343 2409 2676 2478; x_wconf 87' lang='lat' dir='ltr'><strong>operationis</strong></span> <span class='ocrx_word' id='word_1_522' title='bbox 2726 2408 3004 2463; x_wconf 84' lang='lat' dir='ltr'><strong>celeritate</strong></span> <span class='ocrx_word' id='word_1_523' title='bbox 3028 2447 3044 2473; x_wconf 93' lang='lat'><strong>,</strong></span> <span class='ocrx_word' id='word_1_524' title='bbox 3082 2424 3242 2477; x_wconf 89' lang='lat' dir='ltr'><strong>quam</strong></span> <span class='ocrx_word' id='word_1_525' title='bbox 3283 2408 3403 2461; x_wconf 87' lang='lat' dir='ltr'><strong>ani-</strong></span> 
     </span>
    </p>
   </div>
   <div class='ocr_carea' id='block_1_69' title="bbox 1830 2501 3406 2573">
    <p class='ocr_par' dir='ltr' id='par_1_69' title="bbox 1830 2501 3406 2573">
     <span class='ocr_line' id='line_1_69' title="bbox 1830 2501 3406 2573; baseline 0 -19"><span class='ocrx_word' id='word_1_526' title='bbox 1830 2502 2038 2555; x_wconf 89' lang='lat' dir='ltr'><strong>mantia</strong></span> <span class='ocrx_word' id='word_1_527' title='bbox 2068 2509 2187 2573; x_wconf 64' lang='lat' dir='ltr'><strong>qut‘e</strong></span> <span class='ocrx_word' id='word_1_528' title='bbox 2221 2511 2347 2557; x_wconf 91' lang='lat' dir='ltr'><strong>sunt</strong></span> <span class='ocrx_word' id='word_1_529' title='bbox 2369 2502 2511 2572; x_wconf 85' lang='lat' dir='ltr'><strong>apud</strong></span> <span class='ocrx_word' id='word_1_530' title='bbox 2547 2518 2648 2558; x_wconf 88' lang='lat' dir='ltr'><strong>nos</strong></span> <span class='ocrx_word' id='word_1_531' title='bbox 2678 2502 2913 2556; x_wconf 83' lang='lat' dir='ltr'><strong>maxime</strong></span> <span class='ocrx_word' id='word_1_532' title='bbox 2944 2502 3153 2572; x_wconf 81' lang='lat' dir='ltr'><strong>segnia,</strong></span> <span class='ocrx_word' id='word_1_533' title='bbox 3180 2517 3290 2556; x_wconf 91' lang='lat' dir='ltr'><strong>non</strong></span> <span class='ocrx_word' id='word_1_534' title='bbox 3320 2501 3406 2555; x_wconf 88' lang='lat' dir='ltr'><strong>di-</strong></span> 
     </span>
    </p>
   </div>
   <div class='ocr_carea' id='block_1_70' title="bbox 1829 2592 3402 2664">
    <p class='ocr_par' dir='ltr' id='par_1_70' title="bbox 1829 2592 3402 2664">
     <span class='ocr_line' id='line_1_70' title="bbox 1829 2592 3402 2664; baseline 0 -17"><span class='ocrx_word' id='word_1_535' title='bbox 1829 2607 1949 2647; x_wconf 88' lang='lat' dir='ltr'><strong>cam</strong></span> <span class='ocrx_word' id='word_1_536' title='bbox 2006 2594 2342 2658; x_wconf 87' lang='lat' dir='ltr'><strong>volatilium,</strong></span> <span class='ocrx_word' id='word_1_537' title='bbox 2392 2610 2568 2664; x_wconf 89' lang='lat' dir='ltr'><strong>neque</strong></span> <span class='ocrx_word' id='word_1_538' title='bbox 2630 2601 2956 2656; x_wconf 86' lang='lat' dir='ltr'><strong>ventorum,</strong></span> <span class='ocrx_word' id='word_1_539' title='bbox 3009 2608 3182 2662; x_wconf 89' lang='lat' dir='ltr'><strong>neque</strong></span> <span class='ocrx_word' id='word_1_540' title='bbox 3233 2592 3402 2647; x_wconf 61' lang='lat' dir='ltr'><strong>catla-</strong></span> 
     </span>
    </p>
   </div>
   <div class='ocr_carea' id='block_1_71' title="bbox 1831 2683 3452 2753">
    <p class='ocr_par' dir='ltr' id='par_1_71' title="bbox 1831 2683 3452 2753">
     <span class='ocr_line' id='line_1_71' title="bbox 1831 2683 3452 2753; baseline -0.002 -17"><span class='ocrx_word' id='word_1_541' title='bbox 1831 2684 1994 2737; x_wconf 89' lang='lat' dir='ltr'><strong>stium</strong></span> <span class='ocrx_word' id='word_1_542' title='bbox 2045 2683 2258 2737; x_wconf 87' lang='lat' dir='ltr'><strong>orbium</strong></span> <span class='ocrx_word' id='word_1_543' title='bbox 2312 2683 2536 2753; x_wconf 87' lang='lat' dir='ltr'><strong>impetu,</strong></span> <span class='ocrx_word' id='word_1_544' title='bbox 2587 2683 2681 2737; x_wconf 90' lang='lat' dir='ltr'><strong>sed</strong></span> <span class='ocrx_word' id='word_1_545' title='bbox 2734 2683 2908 2753; x_wconf 89' lang='lat' dir='ltr'><strong>ipsius</strong></span> <span class='ocrx_word' id='word_1_546' title='bbox 2952 2684 3150 2738; x_wconf 89' lang='lat' dir='ltr'><strong>mentis</strong></span> <span class='ocrx_word' id='word_1_547' title='bbox 3205 2692 3405 2738; x_wconf 64' lang='lat' dir='ltr'><strong>nostra</strong></span> <span class='ocrx_word' id='word_1_548' title='bbox 3449 2730 3452 2732; x_wconf 24' lang='grc' dir='ltr'>γ</span> 
     </span>
    </p>
   </div>
   <div class='ocr_carea' id='block_1_72' title="bbox 1829 2774 3407 2846">
    <p class='ocr_par' dir='ltr' id='par_1_72' title="bbox 1829 2774 3407 2846">
     <span class='ocr_line' id='line_1_72' title="bbox 1829 2774 3407 2846; baseline 0 -17"><span class='ocrx_word' id='word_1_549' title='bbox 1829 2785 1980 2830; x_wconf 91' lang='lat' dir='ltr'><strong>motu</strong></span> <span class='ocrx_word' id='word_1_550' title='bbox 2029 2784 2376 2845; x_wconf 89' lang='lat' dir='ltr'><strong>superantur.</strong></span> <span class='ocrx_word' id='word_1_551' title='bbox 2408 2774 2543 2829; x_wconf 76' lang='lat' dir='ltr'><strong>Nam</strong></span> <span class='ocrx_word' id='word_1_552' title='bbox 2595 2790 2702 2846; x_wconf 89' lang='lat' dir='ltr'><strong>quo</strong></span> <span class='ocrx_word' id='word_1_553' title='bbox 2740 2774 2958 2828; x_wconf 89' lang='lat' dir='ltr'><strong>tandem</strong></span> <span class='ocrx_word' id='word_1_554' title='bbox 2993 2775 3253 2844; x_wconf 88' lang='lat' dir='ltr'><strong>temporis</strong></span> <span class='ocrx_word' id='word_1_555' title='bbox 3279 2791 3407 2844; x_wconf 76' lang='lat' dir='ltr'><strong>spa—</strong></span> 
     </span>
    </p>
   </div>
   <div class='ocr_carea' id='block_1_73' title="bbox 1830 2867 3402 2941">
    <p class='ocr_par' dir='ltr' id='par_1_73' title="bbox 1830 2867 3402 2941">
     <span class='ocr_line' id='line_1_73' title="bbox 1830 2867 3402 2941; baseline 0 -19"><span class='ocrx_word' id='word_1_556' title='bbox 1830 2871 1905 2924; x_wconf 89' lang='lat' dir='ltr'><strong>tio</strong></span> <span class='ocrx_word' id='word_1_557' title='bbox 1945 2878 2098 2941; x_wconf 85' lang='lat' dir='ltr'><strong>egeat</strong></span> <span class='ocrx_word' id='word_1_558' title='bbox 2150 2869 2242 2939; x_wconf 92' lang='lat' dir='ltr'><strong>qui</strong></span> <span class='ocrx_word' id='word_1_559' title='bbox 2283 2876 2463 2939; x_wconf 86' lang='lat' dir='ltr'><strong>portat</strong></span> <span class='ocrx_word' id='word_1_560' title='bbox 2509 2869 2690 2924; x_wconf 89' lang='lat' dir='ltr'><strong>omnia</strong></span> <span class='ocrx_word' id='word_1_561' title='bbox 2735 2869 2900 2923; x_wconf 87' lang='lat' dir='ltr'><strong>verbo</strong></span> <span class='ocrx_word' id='word_1_562' title='bbox 2944 2867 3163 2923; x_wconf 85' lang='lat' dir='ltr'><strong>virtutis</strong></span> <span class='ocrx_word' id='word_1_563' title='bbox 3200 2867 3402 2932; x_wconf 70' lang='lat' dir='ltr'><strong>suae&quot;,</strong></span> 
     </span>
    </p>
   </div>
   <div class='ocr_carea' id='block_1_74' title="bbox 1829 2961 3394 3032">
    <p class='ocr_par' dir='ltr' id='par_1_74' title="bbox 1829 2961 3394 3032">
     <span class='ocr_line' id='line_1_74' title="bbox 1829 2961 3394 3032; baseline -0.003 -16"><span class='ocrx_word' id='word_1_564' title='bbox 1829 2963 2033 3032; x_wconf 85' lang='lat' dir='ltr'><strong>quique</strong></span> <span class='ocrx_word' id='word_1_565' title='bbox 2095 2977 2195 3016; x_wconf 86' lang='lat' dir='ltr'><strong>nec</strong></span> <span class='ocrx_word' id='word_1_566' title='bbox 2251 2961 2609 3030; x_wconf 88' lang='lat' dir='ltr'><strong>corporaliter</strong></span> <span class='ocrx_word' id='word_1_567' title='bbox 2669 2967 2977 3030; x_wconf 89' lang='lat' dir='ltr'><strong>operatur,</strong></span> <span class='ocrx_word' id='word_1_568' title='bbox 3046 2975 3222 3029; x_wconf 89' lang='lat' dir='ltr'><strong>neque</strong></span> <span class='ocrx_word' id='word_1_569' title='bbox 3285 2975 3394 3012; x_wconf 82' lang='lat' dir='ltr'><strong>ma-</strong></span> 
     </span>
    </p>
   </div>
   <div class='ocr_carea' id='block_1_75' title="bbox 1830 3048 3403 3120">
    <p class='ocr_par' dir='ltr' id='par_1_75' title="bbox 1830 3048 3403 3120">
     <span class='ocr_line' id='line_1_75' title="bbox 1830 3048 3403 3120; baseline -0.003 -16"><span class='ocrx_word' id='word_1_570' title='bbox 1830 3066 1996 3104; x_wconf 89' lang='lat' dir='ltr'><strong>nuum</strong></span> <span class='ocrx_word' id='word_1_571' title='bbox 2028 3064 2194 3120; x_wconf 89' lang='lat' dir='ltr'><strong>opera</strong></span> <span class='ocrx_word' id='word_1_572' title='bbox 2241 3049 2310 3104; x_wconf 87' lang='lat' dir='ltr'><strong>ad</strong></span> <span class='ocrx_word' id='word_1_573' title='bbox 2360 3048 2662 3104; x_wconf 87' lang='lat' dir='ltr'><strong>creandum</strong></span> <span class='ocrx_word' id='word_1_574' title='bbox 2713 3064 2852 3118; x_wconf 89' lang='lat' dir='ltr'><strong>opus</strong></span> <span class='ocrx_word' id='word_1_575' title='bbox 2907 3049 3112 3113; x_wconf 87' lang='lat' dir='ltr'><strong>habet,</strong></span> <span class='ocrx_word' id='word_1_576' title='bbox 3159 3049 3254 3104; x_wconf 87' lang='lat' dir='ltr'><strong>sed</strong></span> <span class='ocrx_word' id='word_1_577' title='bbox 3308 3063 3403 3102; x_wconf 79' lang='lat' dir='ltr'><strong>eo-</strong></span> 
     </span>
    </p>
   </div>
   <div class='ocr_carea' id='block_1_76' title="bbox 1831 3140 3401 3212">
    <p class='ocr_par' dir='ltr' id='par_1_76' title="bbox 1831 3140 3401 3212">
     <span class='ocr_line' id='line_1_76' title="bbox 1831 3140 3401 3212; baseline -0.001 -15"><span class='ocrx_word' id='word_1_578' title='bbox 1831 3158 1952 3197; x_wconf 90' lang='lat' dir='ltr'><strong>rum</strong></span> <span class='ocrx_word' id='word_1_579' title='bbox 2012 3159 2132 3212; x_wconf 71' lang='lat' dir='ltr'><strong>qua:</strong></span> <span class='ocrx_word' id='word_1_580' title='bbox 2190 3143 2327 3198; x_wconf 82' lang='lat' dir='ltr'><strong>fiunt</strong></span> <span class='ocrx_word' id='word_1_581' title='bbox 2395 3152 2645 3198; x_wconf 90' lang='lat' dir='ltr'><strong>naturam</strong></span> <span class='ocrx_word' id='word_1_582' title='bbox 2714 3140 2878 3195; x_wconf 84' lang='lat' dir='ltr'><strong>habet</strong></span> <span class='ocrx_word' id='word_1_583' title='bbox 2945 3141 3228 3194; x_wconf 84' lang='lat' dir='ltr'><strong>voluntate</strong></span> <span class='ocrx_word' id='word_1_584' title='bbox 3292 3155 3401 3195; x_wconf 91' lang='lat' dir='ltr'><strong>non</strong></span> 
     </span>
    </p>
   </div>
   <div class='ocr_carea' id='block_1_77' title="bbox 1830 3230 3400 3302">
    <p class='ocr_par' dir='ltr' id='par_1_77' title="bbox 1830 3230 3400 3302">
     <span class='ocr_line' id='line_1_77' title="bbox 1830 3230 3400 3302; baseline -0.001 -14"><span class='ocrx_word' id='word_1_585' title='bbox 1830 3243 2019 3288; x_wconf 90' lang='lat' dir='ltr'><strong>coacta</strong></span> <span class='ocrx_word' id='word_1_586' title='bbox 2054 3234 2482 3302; x_wconf 85' lang='lat' dir='ltr'><strong>obsequentem?</strong></span> <span class='ocrx_word' id='word_1_587' title='bbox 2521 3231 2695 3287; x_wconf 87' lang='lat' dir='ltr'><strong>Sicuti</strong></span> <span class='ocrx_word' id='word_1_588' title='bbox 2730 3230 2918 3285; x_wconf 71' lang='lat' dir='ltr'><strong>Iudith</strong></span> <span class='ocrx_word' id='word_1_589' title='bbox 2955 3230 3275 3300; x_wconf 83' lang='lat' dir='ltr'><strong>:Cogitasti,</strong></span> <span class='ocrx_word' id='word_1_590' title='bbox 3313 3231 3400 3286; x_wconf 81' lang='lat' dir='ltr'><strong>in-</strong></span> 
     </span>
    </p>
   </div>
   <div class='ocr_carea' id='block_1_78' title="bbox 1827 3323 3396 3394">
    <p class='ocr_par' dir='ltr' id='par_1_78' title="bbox 1827 3323 3396 3394">
     <span class='ocr_line' id='line_1_78' title="bbox 1827 3323 3396 3394; baseline -0.001 -16"><span class='ocrx_word' id='word_1_591' title='bbox 1827 3326 1968 3394; x_wconf 86' lang='lat' dir='ltr'><strong>quit,</strong></span> <span class='ocrx_word' id='word_1_592' title='bbox 2007 3333 2056 3378; x_wconf 87' lang='lat' dir='ltr'><strong>et</strong></span> <span class='ocrx_word' id='word_1_593' title='bbox 2083 3335 2273 3393; x_wconf 69' lang='lat' dir='ltr'><strong>privato</strong></span> <span class='ocrx_word' id='word_1_594' title='bbox 2313 3325 2524 3394; x_wconf 79' lang='lat' dir='ltr'><strong>fuerunt</strong></span> <span class='ocrx_word' id='word_1_595' title='bbox 2559 3323 2651 3378; x_wconf 90' lang='lat' dir='ltr'><strong>tibi</strong></span> <span class='ocrx_word' id='word_1_596' title='bbox 2692 3325 2870 3377; x_wconf 87' lang='lat' dir='ltr'><strong>omnia</strong></span> <span class='ocrx_word' id='word_1_597' title='bbox 2900 3340 3017 3393; x_wconf 78' lang='lat' dir='ltr'><strong>qua:</strong></span> <span class='ocrx_word' id='word_1_598' title='bbox 3061 3323 3309 3391; x_wconf 78' lang='lat' dir='ltr'><strong>cogitasti</strong></span> <span class='ocrx_word' id='word_1_599' title='bbox 3332 3323 3396 3377; x_wconf 81' lang='grc'><strong>⁸³.</strong></span> 
     </span>
    </p>
   </div>
   <div class='ocr_carea' id='block_1_79' title="bbox 1827 3415 3382 3488">
    <p class='ocr_par' dir='ltr' id='par_1_79' title="bbox 1827 3415 3382 3488">
     <span class='ocr_line' id='line_1_79' title="bbox 1827 3415 3382 3488; baseline 0 -20"><span class='ocrx_word' id='word_1_600' title='bbox 1827 3418 2077 3472; x_wconf 81' lang='lat' dir='ltr'><strong>Attamen</strong></span> <span class='ocrx_word' id='word_1_601' title='bbox 2103 3433 2171 3471; x_wconf 91' lang='lat' dir='ltr'><strong>ne</strong></span> <span class='ocrx_word' id='word_1_602' title='bbox 2199 3417 2337 3472; x_wconf 90' lang='lat' dir='ltr'><strong>forte</strong></span> <span class='ocrx_word' id='word_1_603' title='bbox 2366 3433 2432 3472; x_wconf 81' lang='lat' dir='ltr'><strong>ex</strong></span> <span class='ocrx_word' id='word_1_604' title='bbox 2464 3416 2837 3488; x_wconf 77' lang='lat' dir='ltr'><strong>magnitudine</strong></span> <span class='ocrx_word' id='word_1_605' title='bbox 2866 3432 3056 3470; x_wconf 91' lang='lat' dir='ltr'><strong>eorum</strong></span> <span class='ocrx_word' id='word_1_606' title='bbox 3089 3431 3209 3485; x_wconf 67' lang='lat' dir='ltr'><strong>quae</strong></span> <span class='ocrx_word' id='word_1_607' title='bbox 3245 3415 3382 3470; x_wconf 85' lang='lat' dir='ltr'><strong>fiunt</strong></span> 
     </span>
    </p>
   </div>
   <div class='ocr_carea' id='block_1_80' title="bbox 1829 3505 3494 3579">
    <p class='ocr_par' dir='ltr' id='par_1_80' title="bbox 1829 3505 3494 3579">
     <span class='ocr_line' id='line_1_80' title="bbox 1829 3505 3494 3579; baseline -0.001 -19"><span class='ocrx_word' id='word_1_608' title='bbox 1829 3509 2108 3576; x_wconf 84' lang='lat' dir='ltr'><strong>rapiamur</strong></span> <span class='ocrx_word' id='word_1_609' title='bbox 2143 3509 2197 3562; x_wconf 93' lang='lat' dir='ltr'><strong>in</strong></span> <span class='ocrx_word' id='word_1_610' title='bbox 2232 3507 2698 3579; x_wconf 83' lang='lat' dir='ltr'><strong>imaginationem,</strong></span> <span class='ocrx_word' id='word_1_611' title='bbox 2743 3515 2799 3560; x_wconf 87' lang='lat' dir='ltr'><strong>ut</strong></span> <span class='ocrx_word' id='word_1_612' title='bbox 2828 3517 3080 3576; x_wconf 86' lang='lat' dir='ltr'><strong>putemus</strong></span> <span class='ocrx_word' id='word_1_613' title='bbox 3111 3505 3401 3560; x_wconf 88' lang='lat' dir='ltr'><strong>Dominum</strong></span> <span class='ocrx_word' id='word_1_614' title='bbox 3491 3553 3494 3558; x_wconf 93' lang='lat'><strong>.</strong></span> 
     </span>
    </p>
   </div>
   <div class='ocr_carea' id='block_1_81' title="bbox 1827 3598 3402 3669">
    <p class='ocr_par' dir='ltr' id='par_1_81' title="bbox 1827 3598 3402 3669">
     <span class='ocr_line' id='line_1_81' title="bbox 1827 3598 3402 3669; baseline 0 -17"><span class='ocrx_word' id='word_1_615' title='bbox 1827 3600 2096 3669; x_wconf 89' lang='lat' dir='ltr'><strong>principio</strong></span> <span class='ocrx_word' id='word_1_616' title='bbox 2137 3613 2346 3661; x_wconf 90' lang='lat' dir='ltr'><strong>carere,</strong></span> <span class='ocrx_word' id='word_1_617' title='bbox 2385 3599 2516 3668; x_wconf 89' lang='lat' dir='ltr'><strong>quid</strong></span> <span class='ocrx_word' id='word_1_618' title='bbox 2562 3601 2636 3652; x_wconf 82' lang='lat' dir='ltr'><strong>ait</strong></span> <span class='ocrx_word' id='word_1_619' title='bbox 2686 3602 2732 3653; x_wconf 92' lang='lat' dir='ltr'><strong>is</strong></span> <span class='ocrx_word' id='word_1_620' title='bbox 2763 3599 2852 3668; x_wconf 89' lang='lat' dir='ltr'><strong>qui</strong></span> <span class='ocrx_word' id='word_1_621' title='bbox 2889 3615 2986 3668; x_wconf 87' lang='lat' dir='ltr'><strong>per</strong></span> <span class='ocrx_word' id='word_1_622' title='bbox 3033 3614 3092 3652; x_wconf 87' lang='lat' dir='ltr'><strong>se</strong></span> <span class='ocrx_word' id='word_1_623' title='bbox 3127 3598 3236 3651; x_wconf 80' lang='lat' dir='ltr'><strong>vita</strong></span> <span class='ocrx_word' id='word_1_624' title='bbox 3280 3598 3402 3652; x_wconf 81' lang='lat' dir='ltr'><strong>est?</strong></span> 
     </span>
    </p>
   </div>
   <div class='ocr_carea' id='block_1_82' title="bbox 1831 3687 3399 3759">
    <p class='ocr_par' dir='ltr' id='par_1_82' title="bbox 1831 3687 3399 3759">
     <span class='ocr_line' id='line_1_82' title="bbox 1831 3687 3399 3759; baseline 0 -18"><span class='ocrx_word' id='word_1_625' title='bbox 1831 3689 1931 3758; x_wconf 79' lang='lat'><strong>17</strong></span> <span class='ocrx_word' id='word_1_626' title='bbox 1958 3687 2069 3759; x_wconf 85' lang='lat' dir='ltr'><strong>Ego</strong></span> <span class='ocrx_word' id='word_1_627' title='bbox 2104 3689 2215 3742; x_wconf 81' lang='grc' dir='ltr'><strong>υίυο</strong></span> <span class='ocrx_word' id='word_1_628' title='bbox 2244 3701 2456 3758; x_wconf 82' lang='lat' dir='ltr'><strong>propter</strong></span> <span class='ocrx_word' id='word_1_629' title='bbox 2490 3688 2706 3743; x_wconf 85' lang='lat' dir='ltr'><strong>Patrem</strong></span> <span class='ocrx_word' id='word_1_630' title='bbox 2729 3690 2797 3744; x_wconf 75' lang='lat'><strong>“.</strong></span> <span class='ocrx_word' id='word_1_631' title='bbox 2835 3688 2899 3741; x_wconf 87' lang='lat' dir='ltr'><strong>Et</strong></span> <span class='ocrx_word' id='word_1_632' title='bbox 2929 3689 3019 3743; x_wconf 91' lang='lat' dir='ltr'><strong>Dei</strong></span> <span class='ocrx_word' id='word_1_633' title='bbox 3045 3689 3248 3743; x_wconf 83' lang='lat' dir='ltr'><strong>virtus:</strong></span> <span class='ocrx_word' id='word_1_634' title='bbox 3276 3687 3399 3741; x_wconf 66' lang='lat' dir='ltr'><strong>Non</strong></span> 
     </span>
    </p>
   </div>
   <div class='ocr_carea' id='block_1_83' title="bbox 1824 3778 3399 3851">
    <p class='ocr_par' dir='ltr' id='par_1_83' title="bbox 1824 3778 3399 3851">
     <span class='ocr_line' id='line_1_83' title="bbox 1824 3778 3399 3851; baseline 0.001 -17"><span class='ocrx_word' id='word_1_635' title='bbox 1824 3791 1994 3850; x_wconf 80' lang='lat' dir='ltr'><strong>potest</strong></span> <span class='ocrx_word' id='word_1_636' title='bbox 2037 3778 2212 3834; x_wconf 76' lang='lat' dir='ltr'><strong>Filius</strong></span> <span class='ocrx_word' id='word_1_637' title='bbox 2258 3798 2292 3834; x_wconf 88' lang='lat' dir='ltr'><strong>a</strong></span> <span class='ocrx_word' id='word_1_638' title='bbox 2331 3797 2386 3835; x_wconf 77' lang='lat' dir='ltr'><strong>se</strong></span> <span class='ocrx_word' id='word_1_639' title='bbox 2436 3781 2608 3843; x_wconf 78' lang='lat' dir='ltr'><strong>facere</strong></span> <span class='ocrx_word' id='word_1_640' title='bbox 2658 3780 2945 3851; x_wconf 87' lang='lat' dir='ltr'><strong>quidquam</strong></span> <span class='ocrx_word' id='word_1_641' title='bbox 2967 3782 3033 3834; x_wconf 70' lang='grc'><strong>⁸⁸.</strong></span> <span class='ocrx_word' id='word_1_642' title='bbox 3071 3779 3306 3845; x_wconf 80' lang='lat' dir='ltr'><strong>Rursus,</strong></span> <span class='ocrx_word' id='word_1_643' title='bbox 3352 3782 3399 3835; x_wconf 89' lang='lat' dir='ltr'><strong>is</strong></span> 
     </span>
    </p>
   </div>
   <div class='ocr_carea' id='block_1_84' title="bbox 1826 3871 3394 3944">
    <p class='ocr_par' dir='ltr' id='par_1_84' title="bbox 1826 3871 3394 3944">
     <span class='ocr_line' id='line_1_84' title="bbox 1826 3871 3394 3944; baseline -0.001 -18"><span class='ocrx_word' id='word_1_644' title='bbox 1826 3873 1918 3943; x_wconf 91' lang='lat' dir='ltr'><strong>qui</strong></span> <span class='ocrx_word' id='word_1_645' title='bbox 1949 3888 2017 3928; x_wconf 81' lang='lat' dir='ltr'><strong>ex</strong></span> <span class='ocrx_word' id='word_1_646' title='bbox 2045 3889 2105 3928; x_wconf 84' lang='lat' dir='ltr'><strong>se</strong></span> <span class='ocrx_word' id='word_1_647' title='bbox 2131 3873 2372 3942; x_wconf 88' lang='lat' dir='ltr'><strong>perfecta</strong></span> <span class='ocrx_word' id='word_1_648' title='bbox 2403 3881 2486 3928; x_wconf 91' lang='lat' dir='ltr'><strong>est</strong></span> <span class='ocrx_word' id='word_1_649' title='bbox 2515 3873 2782 3944; x_wconf 88' lang='lat' dir='ltr'><strong>sapientia</strong></span> <span class='ocrx_word' id='word_1_650' title='bbox 2809 3892 2821 3927; x_wconf 91' lang='lat'><strong>:</strong></span> <span class='ocrx_word' id='word_1_651' title='bbox 2857 3871 3174 3926; x_wconf 77' lang='lat' dir='ltr'><strong>Mandatum</strong></span> <span class='ocrx_word' id='word_1_652' title='bbox 3201 3873 3394 3939; x_wconf 73' lang='lat' dir='ltr'><strong>accepi,</strong></span> 
     </span>
    </p>
   </div>
   <div class='ocr_carea' id='block_1_85' title="bbox 1823 3966 3398 4038">
    <p class='ocr_par' dir='ltr' id='par_1_85' title="bbox 1823 3966 3398 4038">
     <span class='ocr_line' id='line_1_85' title="bbox 1823 3966 3398 4038; baseline 0.002 -20"><span class='ocrx_word' id='word_1_653' title='bbox 1823 3966 1948 4037; x_wconf 83' lang='lat' dir='ltr'><strong>quid</strong></span> <span class='ocrx_word' id='word_1_654' title='bbox 1983 3969 2177 4030; x_wconf 83' lang='lat' dir='ltr'><strong>dicam,</strong></span> <span class='ocrx_word' id='word_1_655' title='bbox 2209 3976 2257 4021; x_wconf 84' lang='lat' dir='ltr'><strong>et</strong></span> <span class='ocrx_word' id='word_1_656' title='bbox 2291 3967 2414 4037; x_wconf 87' lang='lat' dir='ltr'><strong>quid</strong></span> <span class='ocrx_word' id='word_1_657' title='bbox 2459 3967 2644 4037; x_wconf 83' lang='lat' dir='ltr'><strong>loquar</strong></span> <span class='ocrx_word' id='word_1_658' title='bbox 2667 3968 2713 3999; x_wconf 87' lang='grc'><strong>⁶⁶</strong></span> <span class='ocrx_word' id='word_1_659' title='bbox 2741 3985 2755 4021; x_wconf 90' lang='lat'><strong>:</strong></span> <span class='ocrx_word' id='word_1_660' title='bbox 2789 3982 2883 4038; x_wconf 88' lang='lat' dir='ltr'><strong>per</strong></span> <span class='ocrx_word' id='word_1_661' title='bbox 2923 3967 3038 4021; x_wconf 73' lang='lat' dir='ltr'><strong>hazc</strong></span> <span class='ocrx_word' id='word_1_662' title='bbox 3084 3969 3266 4020; x_wconf 85' lang='lat' dir='ltr'><strong>omnia</strong></span> <span class='ocrx_word' id='word_1_663' title='bbox 3295 3968 3398 4021; x_wconf 78' lang='lat' dir='ltr'><strong>du-</strong></span> 
     </span>
    </p>
   </div>
   <div class='ocr_carea' id='block_1_86' title="bbox 1825 4058 3397 4128">
    <p class='ocr_par' dir='ltr' id='par_1_86' title="bbox 1825 4058 3397 4128">
     <span class='ocr_line' id='line_1_86' title="bbox 1825 4058 3397 4128; baseline 0 -14"><span class='ocrx_word' id='word_1_664' title='bbox 1825 4075 1954 4115; x_wconf 89' lang='lat' dir='ltr'><strong>cens</strong></span> <span class='ocrx_word' id='word_1_665' title='bbox 2000 4075 2100 4114; x_wconf 90' lang='lat' dir='ltr'><strong>nos</strong></span> <span class='ocrx_word' id='word_1_666' title='bbox 2130 4059 2197 4113; x_wconf 91' lang='lat' dir='ltr'><strong>ad</strong></span> <span class='ocrx_word' id='word_1_667' title='bbox 2241 4058 2419 4114; x_wconf 86' lang='lat' dir='ltr'><strong>Patris</strong></span> <span class='ocrx_word' id='word_1_668' title='bbox 2448 4060 2841 4128; x_wconf 74' lang='lat' dir='ltr'><strong>cognitionem,</strong></span> <span class='ocrx_word' id='word_1_669' title='bbox 2895 4068 2950 4114; x_wconf 92' lang='lat' dir='ltr'><strong>et</strong></span> <span class='ocrx_word' id='word_1_670' title='bbox 2979 4059 3397 4114; x_wconf 89' lang='lat' dir='ltr'><strong>admirationem</strong></span> 
     </span>
    </p>
   </div>
   <div class='ocr_carea' id='block_1_87' title="bbox 1823 4151 3396 4221">
    <p class='ocr_par' dir='ltr' id='par_1_87' title="bbox 1823 4151 3396 4221">
     <span class='ocr_line' id='line_1_87' title="bbox 1823 4151 3396 4221; baseline 0 -15"><span class='ocrx_word' id='word_1_671' title='bbox 1823 4167 2012 4206; x_wconf 89' lang='lat' dir='ltr'><strong>eorum</strong></span> <span class='ocrx_word' id='word_1_672' title='bbox 2037 4167 2158 4221; x_wconf 63' lang='lat' dir='ltr'><strong>quae</strong></span> <span class='ocrx_word' id='word_1_673' title='bbox 2184 4152 2426 4220; x_wconf 82' lang='lat' dir='ltr'><strong>gerebat,</strong></span> <span class='ocrx_word' id='word_1_674' title='bbox 2452 4151 2519 4205; x_wconf 88' lang='lat' dir='ltr'><strong>ad</strong></span> <span class='ocrx_word' id='word_1_675' title='bbox 2547 4151 2696 4205; x_wconf 91' lang='lat' dir='ltr'><strong>illum</strong></span> <span class='ocrx_word' id='word_1_676' title='bbox 2722 4151 2985 4214; x_wconf 88' lang='lat' dir='ltr'><strong>referens,</strong></span> <span class='ocrx_word' id='word_1_677' title='bbox 3012 4160 3070 4204; x_wconf 90' lang='lat' dir='ltr'><strong>ut</strong></span> <span class='ocrx_word' id='word_1_678' title='bbox 3099 4167 3193 4220; x_wconf 88' lang='lat' dir='ltr'><strong>per</strong></span> <span class='ocrx_word' id='word_1_679' title='bbox 3219 4153 3396 4220; x_wconf 89' lang='lat' dir='ltr'><strong>ipsum</strong></span> 
     </span>
    </p>
   </div>
   <div class='ocr_carea' id='block_1_88' title="bbox 1825 4241 3397 4312">
    <p class='ocr_par' dir='ltr' id='par_1_88' title="bbox 1825 4241 3397 4312">
     <span class='ocr_line' id='line_1_88' title="bbox 1825 4241 3397 4312; baseline 0.001 -15"><span class='ocrx_word' id='word_1_680' title='bbox 1825 4259 2225 4312; x_wconf 76' lang='lat' dir='ltr'><strong>cognoscamus</strong></span> <span class='ocrx_word' id='word_1_681' title='bbox 2255 4241 2493 4297; x_wconf 84' lang='lat' dir='ltr'><strong>Patrem.</strong></span> <span class='ocrx_word' id='word_1_682' title='bbox 2540 4242 2657 4297; x_wconf 83' lang='lat' dir='ltr'><strong>Non</strong></span> <span class='ocrx_word' id='word_1_683' title='bbox 2695 4245 2840 4298; x_wconf 88' lang='lat' dir='ltr'><strong>enim</strong></span> <span class='ocrx_word' id='word_1_684' title='bbox 2874 4259 2940 4298; x_wconf 86' lang='lat' dir='ltr'><strong>ex</strong></span> <span class='ocrx_word' id='word_1_685' title='bbox 2985 4259 3213 4312; x_wconf 85' lang='lat' dir='ltr'><strong>operum</strong></span> <span class='ocrx_word' id='word_1_686' title='bbox 3249 4244 3397 4298; x_wconf 71' lang='lat' dir='ltr'><strong>diffe-</strong></span> 
     </span>
    </p>
   </div>
   <div class='ocr_carea' id='block_1_89' title="bbox 1823 4333 3396 4412">
    <p class='ocr_par' dir='ltr' id='par_1_89' title="bbox 1823 4333 3396 4412">
     <span class='ocr_line' id='line_1_89' title="bbox 1823 4333 3396 4412; baseline 0.003 -24"><span class='ocrx_word' id='word_1_687' title='bbox 1823 4337 1998 4389; x_wconf 88' lang='lat' dir='ltr'><strong>rentia</strong></span> <span class='ocrx_word' id='word_1_688' title='bbox 2045 4333 2204 4390; x_wconf 86' lang='lat' dir='ltr'><strong>Patcr</strong></span> <span class='ocrx_word' id='word_1_689' title='bbox 2249 4335 2607 4412; x_wconf 80' lang='lat' dir='ltr'><strong>conspicitur,</strong></span> <span class='ocrx_word' id='word_1_690' title='bbox 2660 4336 2818 4405; x_wconf 84' lang='lat' dir='ltr'><strong>quasi</strong></span> <span class='ocrx_word' id='word_1_691' title='bbox 2854 4337 3185 4404; x_wconf 88' lang='lat' dir='ltr'><strong>peculiarem</strong></span> <span class='ocrx_word' id='word_1_692' title='bbox 3233 4346 3396 4406; x_wconf 85' lang='lat' dir='ltr'><strong>atque</strong></span> 
     </span>
    </p>
   </div>
   <div class='ocr_carea' id='block_1_90' title="bbox 1825 4426 3394 4498">
    <p class='ocr_par' dir='ltr' id='par_1_90' title="bbox 1825 4426 3394 4498">
     <span class='ocr_line' id='line_1_90' title="bbox 1825 4426 3394 4498; baseline 0.001 -17"><span class='ocrx_word' id='word_1_693' title='bbox 1825 4434 2127 4496; x_wconf 88' lang='lat' dir='ltr'><strong>separatam</strong></span> <span class='ocrx_word' id='word_1_694' title='bbox 2158 4429 2426 4482; x_wconf 89' lang='lat' dir='ltr'><strong>actionem</strong></span> <span class='ocrx_word' id='word_1_695' title='bbox 2457 4427 2710 4482; x_wconf 83' lang='lat' dir='ltr'><strong>exhibeat</strong></span> <span class='ocrx_word' id='word_1_696' title='bbox 2741 4426 3103 4498; x_wconf 60' lang='lat' dir='ltr'><strong>(quacunque</strong></span> <span class='ocrx_word' id='word_1_697' title='bbox 3131 4429 3275 4482; x_wconf 90' lang='lat' dir='ltr'><strong>enim</strong></span> <span class='ocrx_word' id='word_1_698' title='bbox 3310 4428 3394 4482; x_wconf 55' lang='grc' dir='ltr'><strong>ἧς</strong></span> 
     </span>
    </p>
   </div>
   <div class='ocr_carea' id='block_1_91' title="bbox 151 4512 1726 4595">
    <p class='ocr_par' dir='ltr' id='par_1_91' title="bbox 151 4522 1716 4595">
     <span class='ocr_line' id='line_1_91' title="bbox 151 4522 1716 4595; baseline -0.001 -18"><span class='ocrx_word' id='word_1_699' title='bbox 151 4525 452 4587; x_wconf 68' lang='grc' dir='ltr'><strong>ἰδιάζουσαν</strong></span> <span class='ocrx_word' id='word_1_700' title='bbox 491 4526 586 4577; x_wconf 80' lang='grc' dir='ltr'><strong>καὶ</strong></span> <span class='ocrx_word' id='word_1_701' title='bbox 617 4522 1168 4595; x_wconf 83' lang='grc' dir='ltr'><strong>κατακεχωρισμένην</strong></span> <span class='ocrx_word' id='word_1_702' title='bbox 1207 4523 1484 4592; x_wconf 79' lang='grc' dir='ltr'><strong>ἐνέργειαν</strong></span> <span class='ocrx_word' id='word_1_703' title='bbox 1515 4523 1716 4575; x_wconf 82' lang='grc' dir='ltr'><strong>ἐπιδεί-</strong></span> 
     </span>
    </p>
   </div>
   <div class='ocr_carea' id='block_1_92' title="bbox 1829 4512 3396 4595">
    <p class='ocr_par' dir='ltr' id='par_1_92' title="bbox 1829 4516 3396 4581">
     <span class='ocr_line' id='line_1_92' title="bbox 1829 4516 3396 4581; baseline 0.001 -9"><span class='ocrx_word' id='word_1_704' title='bbox 1829 4518 1915 4572; x_wconf 89' lang='lat' dir='ltr'><strong>det</strong></span> <span class='ocrx_word' id='word_1_705' title='bbox 1953 4516 2168 4572; x_wconf 86' lang='lat' dir='ltr'><strong>Patrem</strong></span> <span class='ocrx_word' id='word_1_706' title='bbox 2213 4519 2522 4581; x_wconf 90' lang='lat' dir='ltr'><strong>facientem,</strong></span> <span class='ocrx_word' id='word_1_707' title='bbox 2569 4519 2684 4574; x_wconf 64' lang='lat' dir='ltr'><strong>haec</strong></span> <span class='ocrx_word' id='word_1_708' title='bbox 2730 4528 2784 4574; x_wconf 92' lang='lat' dir='ltr'><strong>et</strong></span> <span class='ocrx_word' id='word_1_709' title='bbox 2813 4517 2983 4574; x_wconf 86' lang='lat' dir='ltr'><strong>Filius</strong></span> <span class='ocrx_word' id='word_1_710' title='bbox 3034 4521 3282 4574; x_wconf 90' lang='lat' dir='ltr'><strong>similiter</strong></span> <span class='ocrx_word' id='word_1_711' title='bbox 3315 4519 3396 4574; x_wconf 85' lang='lat' dir='ltr'><strong>fa-</strong></span> 
     </span>
    </p>
   </div>
   <div class='ocr_carea' id='block_1_93' title="bbox 146 4613 1715 4686">
    <p class='ocr_par' dir='ltr' id='par_1_93' title="bbox 146 4613 1715 4686">
     <span class='ocr_line' id='line_1_93' title="bbox 146 4613 1715 4686; baseline 0 -20"><span class='ocrx_word' id='word_1_712' title='bbox 146 4615 366 4668; x_wconf 74' lang='grc' dir='ltr'><strong>κνιισθαι</strong></span> <span class='ocrx_word' id='word_1_713' title='bbox 395 4617 531 4682; x_wconf 78' lang='grc' dir='ltr'><strong>(ὅσα</strong></span> <span class='ocrx_word' id='word_1_714' title='bbox 563 4613 672 4684; x_wconf 81' lang='grc' dir='ltr'><strong>γὰρ</strong></span> <span class='ocrx_word' id='word_1_715' title='bbox 716 4614 900 4684; x_wconf 84' lang='grc' dir='ltr'><strong>βλέπει</strong></span> <span class='ocrx_word' id='word_1_716' title='bbox 931 4615 1005 4686; x_wconf 76' lang='grc'><strong>(8)</strong></span> <span class='ocrx_word' id='word_1_717' title='bbox 1049 4614 1140 4666; x_wconf 84' lang='grc' dir='ltr'><strong>τὸν</strong></span> <span class='ocrx_word' id='word_1_718' title='bbox 1176 4614 1395 4686; x_wconf 85' lang='grc' dir='ltr'><strong>Πατέρα</strong></span> <span class='ocrx_word' id='word_1_719' title='bbox 1442 4613 1715 4681; x_wconf 85' lang='grc' dir='ltr'><strong>ποιοῦντα,</strong></span> 
     </span>
    </p>
   </div>
   <div class='ocr_carea' id='block_1_94' title="bbox 146 4705 1718 4778">
    <p class='ocr_par' dir='ltr' id='par_1_94' title="bbox 146 4705 1718 4778">
     <span class='ocr_line' id='line_1_94' title="bbox 146 4705 1718 4778; baseline 0.001 -19"><span class='ocrx_word' id='word_1_720' title='bbox 146 4707 310 4760; x_wconf 81' lang='grc' dir='ltr'><strong>ταῦτα</strong></span> <span class='ocrx_word' id='word_1_721' title='bbox 334 4708 433 4761; x_wconf 77' lang='grc' dir='ltr'><strong>καὶ</strong></span> <span class='ocrx_word' id='word_1_722' title='bbox 471 4709 502 4759; x_wconf 89' lang='grc' dir='ltr'>ὁ</span> <span class='ocrx_word' id='word_1_723' title='bbox 546 4706 670 4770; x_wconf 73' lang='grc' dir='ltr'><strong>Υἱὸς</strong></span> <span class='ocrx_word' id='word_1_724' title='bbox 712 4705 911 4776; x_wconf 87' lang='grc' dir='ltr'><strong>ὁμοίως</strong></span> <span class='ocrx_word' id='word_1_725' title='bbox 946 4707 1132 4774; x_wconf 83' lang='grc' dir='ltr'><strong>ποιεῖ),</strong></span> <span class='ocrx_word' id='word_1_726' title='bbox 1161 4706 1273 4758; x_wconf 86' lang='grc' dir='ltr'><strong>ἀλλ’</strong></span> <span class='ocrx_word' id='word_1_727' title='bbox 1315 4709 1379 4759; x_wconf 85' lang='grc' dir='ltr'><strong>ὲκ</strong></span> <span class='ocrx_word' id='word_1_728' title='bbox 1415 4707 1512 4778; x_wconf 82' lang='grc' dir='ltr'><strong>τῆς</strong></span> <span class='ocrx_word' id='word_1_729' title='bbox 1550 4723 1718 4777; x_wconf 86' lang='grc' dir='ltr'><strong>προσ-</strong></span> 
     </span>
    </p>
   </div>
   <div class='ocr_carea' id='block_1_95' title="bbox 146 4797 1716 4871">
    <p class='ocr_par' dir='ltr' id='par_1_95' title="bbox 146 4797 1716 4871">
     <span class='ocr_line' id='line_1_95' title="bbox 146 4797 1716 4871; baseline 0.002 -22"><span class='ocrx_word' id='word_1_730' title='bbox 146 4800 418 4869; x_wconf 76' lang='grc' dir='ltr'><strong>αγομένης,</strong></span> <span class='ocrx_word' id='word_1_731' title='bbox 446 4799 597 4871; x_wconf 82' lang='grc' dir='ltr'><strong>αὑτῷ</strong></span> <span class='ocrx_word' id='word_1_732' title='bbox 629 4798 777 4870; x_wconf 88' lang='grc' dir='ltr'><strong>παρά</strong></span> <span class='ocrx_word' id='word_1_733' title='bbox 793 4798 885 4851; x_wconf 88' lang='grc' dir='ltr'><strong>τοῦ</strong></span> <span class='ocrx_word' id='word_1_734' title='bbox 909 4797 1244 4866; x_wconf 86' lang='grc' dir='ltr'><strong>Μονογενοῦς</strong></span> <span class='ocrx_word' id='word_1_735' title='bbox 1265 4798 1421 4869; x_wconf 75' lang='grc' dir='ltr'><strong>δόξης</strong></span> <span class='ocrx_word' id='word_1_736' title='bbox 1441 4799 1501 4851; x_wconf 85' lang='grc' dir='ltr'><strong>τὸ</strong></span> <span class='ocrx_word' id='word_1_737' title='bbox 1532 4797 1716 4870; x_wconf 88' lang='grc' dir='ltr'><strong>θαῦμα</strong></span> 
     </span>
    </p>
   </div>
   <div class='ocr_carea' id='block_1_96' title="bbox 145 4886 1718 4959">
    <p class='ocr_par' dir='ltr' id='par_1_96' title="bbox 145 4886 1718 4959">
     <span class='ocr_line' id='line_1_96' title="bbox 145 4886 1718 4959; baseline 0.003 -20"><span class='ocrx_word' id='word_1_738' title='bbox 145 4888 250 4939; x_wconf 77' lang='grc' dir='ltr'><strong>τῶν</strong></span> <span class='ocrx_word' id='word_1_739' title='bbox 301 4888 606 4957; x_wconf 85' lang='grc' dir='ltr'><strong>γινομένων</strong></span> <span class='ocrx_word' id='word_1_740' title='bbox 647 4886 985 4959; x_wconf 86' lang='grc' dir='ltr'><strong>καρποῦται,</strong></span> <span class='ocrx_word' id='word_1_741' title='bbox 1038 4887 1173 4957; x_wconf 86' lang='grc' dir='ltr'><strong>πρὸς</strong></span> <span class='ocrx_word' id='word_1_742' title='bbox 1216 4887 1292 4958; x_wconf 81' lang='grc' dir='ltr'><strong>τῷ</strong></span> <span class='ocrx_word' id='word_1_743' title='bbox 1346 4888 1562 4959; x_wconf 87' lang='grc' dir='ltr'><strong>μεγέθει</strong></span> <span class='ocrx_word' id='word_1_744' title='bbox 1612 4888 1718 4944; x_wconf 89' lang='grc' dir='ltr'><strong>τῶν</strong></span> 
     </span>
    </p>
   </div>
   <div class='ocr_carea' id='block_1_97' title="bbox 147 4982 1712 5054">
    <p class='ocr_par' dir='ltr' id='par_1_97' title="bbox 147 4982 1712 5054">
     <span class='ocr_line' id='line_1_97' title="bbox 147 4982 1712 5054; baseline 0.003 -22"><span class='ocrx_word' id='word_1_745' title='bbox 147 4983 464 5053; x_wconf 74' lang='grc' dir='ltr'><strong>ποιημάτων</strong></span> <span class='ocrx_word' id='word_1_746' title='bbox 495 4982 590 5034; x_wconf 76' lang='grc' dir='ltr'><strong>καὶ</strong></span> <span class='ocrx_word' id='word_1_747' title='bbox 615 4983 700 5034; x_wconf 75' lang='grc' dir='ltr'><strong>ἐπ’</strong></span> <span class='ocrx_word' id='word_1_748' title='bbox 725 4982 872 5053; x_wconf 80' lang='grc' dir='ltr'><strong>αὐτῷ</strong></span> <span class='ocrx_word' id='word_1_749' title='bbox 900 4983 975 5054; x_wconf 83' lang='grc' dir='ltr'><strong>τῷ</strong></span> <span class='ocrx_word' id='word_1_750' title='bbox 1000 4986 1197 5054; x_wconf 80' lang='grc' dir='ltr'><strong>ποιητῇ</strong></span> <span class='ocrx_word' id='word_1_751' title='bbox 1226 4983 1594 5054; x_wconf 85' lang='grc' dir='ltr'><strong>ἀγαλλόμενος</strong></span> <span class='ocrx_word' id='word_1_752' title='bbox 1616 4985 1712 5040; x_wconf 68' lang='grc' dir='ltr'><strong>καὶ</strong></span> 
     </span>
    </p>
   </div>
   <div class='ocr_carea' id='block_1_98' title="bbox 146 5072 1714 5148">
    <p class='ocr_par' dir='ltr' id='par_1_98' title="bbox 146 5072 1714 5148">
     <span class='ocr_line' id='line_1_98' title="bbox 146 5072 1714 5148; baseline 0.003 -24"><span class='ocrx_word' id='word_1_753' title='bbox 146 5073 442 5142; x_wconf 54' lang='grc' dir='ltr'><strong>ὑᾲούμενος</strong></span> <span class='ocrx_word' id='word_1_754' title='bbox 475 5072 628 5144; x_wconf 76' lang='grc' dir='ltr'><strong>παρὰ</strong></span> <span class='ocrx_word' id='word_1_755' title='bbox 659 5073 766 5126; x_wconf 88' lang='grc' dir='ltr'><strong>τῶν</strong></span> <span class='ocrx_word' id='word_1_756' title='bbox 807 5074 1273 5142; x_wconf 83' lang='grc' dir='ltr'><strong>ἐπιγινωσκόντων</strong></span> <span class='ocrx_word' id='word_1_757' title='bbox 1309 5074 1472 5130; x_wconf 82' lang='grc' dir='ltr'><strong>αὑτὸν</strong></span> <span class='ocrx_word' id='word_1_758' title='bbox 1499 5075 1714 5148; x_wconf 88' lang='grc' dir='ltr'><strong>Πατέρα</strong></span> 
     </span>
    </p>
   </div>
   <div class='ocr_carea' id='block_1_99' title="bbox 210 5231 1695 5297">
    <p class='ocr_par' dir='ltr' id='par_1_99' title="bbox 210 5231 1695 5297">
     <span class='ocr_line' id='line_1_99' title="bbox 210 5231 1695 5297; baseline 0.005 -11"><span class='ocrx_word' id='word_1_759' title='bbox 210 5234 257 5262; x_wconf 80' lang='grc'><strong>⁸⁸</strong></span> <span class='ocrx_word' id='word_1_760' title='bbox 286 5231 445 5286; x_wconf 81' lang='lat' dir='ltr'><strong>Joan.</strong></span> <span class='ocrx_word' id='word_1_761' title='bbox 479 5249 531 5295; x_wconf 82' lang='grc' dir='ltr'><strong>ν,</strong></span> <span class='ocrx_word' id='word_1_762' title='bbox 564 5232 655 5285; x_wconf 68' lang='lat'><strong>22.</strong></span> <span class='ocrx_word' id='word_1_763' title='bbox 733 5232 774 5262; x_wconf 87' lang='grc'><strong>⁶¹</strong></span> <span class='ocrx_word' id='word_1_764' title='bbox 806 5231 964 5286; x_wconf 87' lang='lat' dir='ltr'><strong>Joan.</strong></span> <span class='ocrx_word' id='word_1_765' title='bbox 999 5249 1073 5297; x_wconf 85' lang='lat' dir='ltr'><strong>xi,</strong></span> <span class='ocrx_word' id='word_1_766' title='bbox 1119 5232 1206 5288; x_wconf 71' lang='lat'><strong>25.</strong></span> <span class='ocrx_word' id='word_1_767' title='bbox 1283 5234 1328 5265; x_wconf 82' lang='lat'>“</span> <span class='ocrx_word' id='word_1_768' title='bbox 1372 5233 1535 5290; x_wconf 88' lang='lat' dir='ltr'><strong>Hebr.</strong></span> <span class='ocrx_word' id='word_1_769' title='bbox 1569 5252 1608 5296; x_wconf 86' lang='grc' dir='ltr'><strong>ι,</strong></span> <span class='ocrx_word' id='word_1_770' title='bbox 1641 5237 1695 5294; x_wconf 80' lang='lat'><strong>5.</strong></span> 
     </span>
    </p>
   </div>
   <div class='ocr_carea' id='block_1_100' title="bbox 148 5301 1722 5384">
    <p class='ocr_par' dir='ltr' id='par_1_100' title="bbox 148 5301 1722 5384">
     <span class='ocr_line' id='line_1_100' title="bbox 148 5301 1722 5384; baseline 0.003 -28"><span class='ocrx_word' id='word_1_771' title='bbox 148 5303 190 5332; x_wconf 84' lang='lat'><strong>“</strong></span> <span class='ocrx_word' id='word_1_772' title='bbox 212 5301 371 5358; x_wconf 80' lang='lat' dir='ltr'><strong>Joan.</strong></span> <span class='ocrx_word' id='word_1_773' title='bbox 403 5319 506 5367; x_wconf 85' lang='lat' dir='ltr'><strong>xii,</strong></span> <span class='ocrx_word' id='word_1_774' title='bbox 538 5304 626 5357; x_wconf 64' lang='lat'><strong>49.</strong></span> <span class='ocrx_word' id='word_1_775' title='bbox 705 5302 747 5333; x_wconf 83' lang='lat'><strong>&quot;</strong></span> <span class='ocrx_word' id='word_1_776' title='bbox 776 5301 935 5357; x_wconf 82' lang='lat' dir='ltr'><strong>Joan.</strong></span> <span class='ocrx_word' id='word_1_777' title='bbox 971 5321 1022 5366; x_wconf 84' lang='grc' dir='ltr'><strong>ν,</strong></span> <span class='ocrx_word' id='word_1_778' title='bbox 1056 5303 1140 5384; x_wconf 69' lang='grc' dir='ltr'><strong>ιο.</strong></span> <span class='ocrx_word' id='word_1_779' title='bbox 1218 5303 1261 5336; x_wconf 82' lang='grc'><strong>⁸⁸</strong></span> <span class='ocrx_word' id='word_1_780' title='bbox 1300 5303 1466 5361; x_wconf 87' lang='lat' dir='ltr'><strong>llebr.</strong></span> <span class='ocrx_word' id='word_1_781' title='bbox 1500 5322 1559 5370; x_wconf 87' lang='grc' dir='ltr'><strong>ιι,</strong></span> <span class='ocrx_word' id='word_1_782' title='bbox 1592 5306 1682 5361; x_wconf 76' lang='grc'><strong>10.</strong></span> <span class='ocrx_word' id='word_1_783' title='bbox 1713 5374 1722 5378; x_wconf 87' lang='lat'>_</span> 
     </span>
    </p>
   </div>
   <div class='ocr_carea' id='block_1_101' title="bbox 213 5480 1709 5554">
    <p class='ocr_par' dir='ltr' id='par_1_101' title="bbox 213 5480 1709 5554">
     <span class='ocr_line' id='line_1_101' title="bbox 213 5480 1709 5554; baseline 0.001 -19"><span class='ocrx_word' id='word_1_784' title='bbox 213 5481 297 5554; x_wconf 53' lang='lat'><strong>(51</strong></span> <span class='ocrx_word' id='word_1_785' title='bbox 326 5483 544 5551; x_wconf 78' lang='grc' dir='ltr'><strong>Κρίγει.</strong></span> <span class='ocrx_word' id='word_1_786' title='bbox 576 5480 828 5554; x_wconf 84' lang='lat' dir='ltr'><strong>Plerique</strong></span> <span class='ocrx_word' id='word_1_787' title='bbox 852 5481 1077 5554; x_wconf 73' lang='lat' dir='ltr'><strong>codices</strong></span> <span class='ocrx_word' id='word_1_788' title='bbox 1103 5497 1244 5554; x_wconf 61' lang='lat' dir='ltr'><strong>mss.</strong></span> <span class='ocrx_word' id='word_1_789' title='bbox 1267 5485 1460 5554; x_wconf 86' lang='grc' dir='ltr'><strong>κρινεῖ,</strong></span> <span class='ocrx_word' id='word_1_790' title='bbox 1489 5481 1709 5552; x_wconf 84' lang='lat' dir='ltr'><strong>judica-</strong></span> 
     </span>
    </p>
   </div>
   <div class='ocr_carea' id='block_1_102' title="bbox 150 5550 1365 5608">
    <p class='ocr_par' dir='ltr' id='par_1_102' title="bbox 150 5550 1365 5608">
     <span class='ocr_line' id='line_1_102' title="bbox 150 5550 1365 5608; baseline 0.006 -7"><span class='ocrx_word' id='word_1_791' title='bbox 150 5550 238 5603; x_wconf 72' lang='lat' dir='ltr'><strong>bit.</strong></span> <span class='ocrx_word' id='word_1_792' title='bbox 265 5550 573 5607; x_wconf 25' lang='lat' dir='ltr'><strong>Sed&#39;tamen</strong></span> <span class='ocrx_word' id='word_1_793' title='bbox 610 5553 746 5605; x_wconf 86' lang='lat' dir='ltr'><strong>nihil</strong></span> <span class='ocrx_word' id='word_1_794' title='bbox 777 5550 988 5606; x_wconf 89' lang='lat' dir='ltr'><strong>videtur</strong></span> <span class='ocrx_word' id='word_1_795' title='bbox 1028 5550 1365 5608; x_wconf 77' lang='lat' dir='ltr'><strong>mutandum.</strong></span> 
     </span>
    </p>
   </div>
   <div class='ocr_carea' id='block_1_103' title="bbox 216 5621 1702 5694">
    <p class='ocr_par' dir='ltr' id='par_1_103' title="bbox 216 5621 1702 5694">
     <span class='ocr_line' id='line_1_103' title="bbox 216 5621 1702 5694; baseline 0.001 -19"><span class='ocrx_word' id='word_1_796' title='bbox 216 5623 290 5692; x_wconf 89' lang='lat'><strong>(6)</strong></span> <span class='ocrx_word' id='word_1_797' title='bbox 338 5624 550 5677; x_wconf 78' lang='grc' dir='ltr'><strong>Ῥιπαι.</strong></span> <span class='ocrx_word' id='word_1_798' title='bbox 590 5621 683 5694; x_wconf 87' lang='lat' dir='ltr'><strong>Sic</strong></span> <span class='ocrx_word' id='word_1_799' title='bbox 712 5623 880 5694; x_wconf 78' lang='lat' dir='ltr'><strong>editio</strong></span> <span class='ocrx_word' id='word_1_800' title='bbox 916 5621 1089 5677; x_wconf 83' lang='lat' dir='ltr'><strong>Paris.</strong></span> <span class='ocrx_word' id='word_1_801' title='bbox 1132 5638 1195 5677; x_wconf 88' lang='lat' dir='ltr'><strong>ac</strong></span> <span class='ocrx_word' id='word_1_802' title='bbox 1231 5623 1362 5694; x_wconf 89' lang='lat' dir='ltr'><strong>Reg.</strong></span> <span class='ocrx_word' id='word_1_803' title='bbox 1404 5622 1702 5678; x_wconf 90' lang='lat' dir='ltr'><strong>secundus.</strong></span> 
     </span>
    </p>
   </div>
   <div class='ocr_carea' id='block_1_104' title="bbox 151 5688 1557 5764">
    <p class='ocr_par' dir='ltr' id='par_1_104' title="bbox 151 5688 1557 5764">
     <span class='ocr_line' id='line_1_104' title="bbox 151 5688 1557 5764; baseline 0.002 -19"><span class='ocrx_word' id='word_1_804' title='bbox 151 5688 388 5764; x_wconf 69' lang='lat' dir='ltr'><strong>Quinque</strong></span> <span class='ocrx_word' id='word_1_805' title='bbox 414 5695 504 5748; x_wconf 85' lang='lat' dir='ltr'><strong>alii</strong></span> <span class='ocrx_word' id='word_1_806' title='bbox 530 5702 588 5750; x_wconf 88' lang='lat' dir='ltr'><strong>et</strong></span> <span class='ocrx_word' id='word_1_807' title='bbox 612 5693 781 5747; x_wconf 91' lang='lat' dir='ltr'><strong>editio</strong></span> <span class='ocrx_word' id='word_1_808' title='bbox 809 5691 974 5764; x_wconf 72' lang='lat' dir='ltr'><strong>Basil.</strong></span> <span class='ocrx_word' id='word_1_809' title='bbox 1011 5694 1191 5764; x_wconf 82' lang='grc' dir='ltr'><strong>ῥοπαί.</strong></span> <span class='ocrx_word' id='word_1_810' title='bbox 1313 5688 1337 5694; x_wconf 64' lang='grc'>⁷</span> <span class='ocrx_word' id='word_1_811' title='bbox 1539 5711 1557 5732; x_wconf 73' lang='grc' dir='ltr'><em>ο</em></span> 
     </span>
    </p>
   </div>
   <div class='ocr_carea' id='block_1_105' title="bbox 216 5762 1706 5834">
    <p class='ocr_par' dir='ltr' id='par_1_105' title="bbox 216 5762 1706 5834">
     <span class='ocr_line' id='line_1_105' title="bbox 216 5762 1706 5834; baseline 0.001 -18"><span class='ocrx_word' id='word_1_812' title='bbox 216 5762 314 5833; x_wconf 67' lang='grc' dir='ltr'><strong>(η</strong></span> <span class='ocrx_word' id='word_1_813' title='bbox 344 5767 417 5820; x_wconf 83' lang='grc' dir='ltr'><strong>Τὰ</strong></span> <span class='ocrx_word' id='word_1_814' title='bbox 473 5765 823 5834; x_wconf 74' lang='grc' dir='ltr'><strong>σύμπαντα.</strong></span> <span class='ocrx_word' id='word_1_815' title='bbox 879 5762 971 5818; x_wconf 82' lang='lat' dir='ltr'><strong>Sic</strong></span> <span class='ocrx_word' id='word_1_816' title='bbox 1013 5762 1229 5820; x_wconf 78' lang='lat' dir='ltr'><strong>codices</strong></span> <span class='ocrx_word' id='word_1_817' title='bbox 1288 5778 1402 5831; x_wconf 81' lang='lat' dir='ltr'><strong>sex,</strong></span> <span class='ocrx_word' id='word_1_818' title='bbox 1451 5771 1505 5819; x_wconf 88' lang='lat' dir='ltr'><strong>et</strong></span> <span class='ocrx_word' id='word_1_819' title='bbox 1546 5763 1706 5834; x_wconf 89' lang='lat' dir='ltr'><strong>paulo</strong></span> 
     </span>
    </p>
   </div>
   <div class='ocr_carea' id='block_1_106' title="bbox 1823 4610 3395 4681">
    <p class='ocr_par' dir='ltr' id='par_1_106' title="bbox 1823 4610 3395 4681">
     <span class='ocr_line' id='line_1_106' title="bbox 1823 4610 3395 4681; baseline 0.004 -19"><span class='ocrx_word' id='word_1_820' title='bbox 1823 4611 1899 4662; x_wconf 91' lang='lat' dir='ltr'><strong>cit</strong></span> <span class='ocrx_word' id='word_1_821' title='bbox 1922 4610 2012 4679; x_wconf 77' lang='grc'><strong>⁸⁷),</strong></span> <span class='ocrx_word' id='word_1_822' title='bbox 2045 4626 2232 4664; x_wconf 90' lang='lat' dir='ltr'><strong>verum</strong></span> <span class='ocrx_word' id='word_1_823' title='bbox 2257 4627 2324 4666; x_wconf 89' lang='lat' dir='ltr'><strong>ex</strong></span> <span class='ocrx_word' id='word_1_824' title='bbox 2359 4612 2553 4681; x_wconf 86' lang='lat' dir='ltr'><strong>gloria,</strong></span> <span class='ocrx_word' id='word_1_825' title='bbox 2588 4628 2709 4681; x_wconf 61' lang='lat' dir='ltr'><strong>qua!</strong></span> <span class='ocrx_word' id='word_1_826' title='bbox 2729 4613 2776 4666; x_wconf 91' lang='lat' dir='ltr'><strong>ei</strong></span> <span class='ocrx_word' id='word_1_827' title='bbox 2808 4613 2876 4666; x_wconf 89' lang='lat' dir='ltr'><strong>ab</strong></span> <span class='ocrx_word' id='word_1_828' title='bbox 2896 4610 3188 4681; x_wconf 88' lang='lat' dir='ltr'><strong>Unigenito</strong></span> <span class='ocrx_word' id='word_1_829' title='bbox 3216 4611 3395 4668; x_wconf 83' lang='lat' dir='ltr'><strong>defer-</strong></span> 
     </span>
    </p>
   </div>
   <div class='ocr_carea' id='block_1_107' title="bbox 1824 4704 3391 4774">
    <p class='ocr_par' dir='ltr' id='par_1_107' title="bbox 1824 4704 3391 4774">
     <span class='ocr_line' id='line_1_107' title="bbox 1824 4704 3391 4774; baseline 0 -18"><span class='ocrx_word' id='word_1_830' title='bbox 1824 4712 1932 4765; x_wconf 92' lang='lat' dir='ltr'><strong>tur,</strong></span> <span class='ocrx_word' id='word_1_831' title='bbox 1963 4717 2188 4771; x_wconf 87' lang='lat' dir='ltr'><strong>operum</strong></span> <span class='ocrx_word' id='word_1_832' title='bbox 2221 4704 2546 4757; x_wconf 86' lang='lat' dir='ltr'><strong>miraculum</strong></span> <span class='ocrx_word' id='word_1_833' title='bbox 2574 4705 2767 4774; x_wconf 88' lang='lat' dir='ltr'><strong>carpit,</strong></span> <span class='ocrx_word' id='word_1_834' title='bbox 2794 4704 2921 4758; x_wconf 90' lang='lat' dir='ltr'><strong>dum</strong></span> <span class='ocrx_word' id='word_1_835' title='bbox 2949 4711 3145 4773; x_wconf 66' lang='lat' dir='ltr'><strong>praeter</strong></span> <span class='ocrx_word' id='word_1_836' title='bbox 3168 4718 3391 4772; x_wconf 87' lang='lat' dir='ltr'><strong>operum</strong></span> 
     </span>
    </p>
   </div>
   <div class='ocr_carea' id='block_1_108' title="bbox 1823 4795 3393 4868">
    <p class='ocr_par' dir='ltr' id='par_1_108' title="bbox 1823 4795 3393 4868">
     <span class='ocr_line' id='line_1_108' title="bbox 1823 4795 3393 4868; baseline -0.003 -19"><span class='ocrx_word' id='word_1_837' title='bbox 1823 4795 2274 4866; x_wconf 88' lang='lat' dir='ltr'><strong>magnitudinem,</strong></span> <span class='ocrx_word' id='word_1_838' title='bbox 2318 4797 2384 4852; x_wconf 88' lang='lat' dir='ltr'><strong>de</strong></span> <span class='ocrx_word' id='word_1_839' title='bbox 2415 4797 2534 4868; x_wconf 90' lang='lat' dir='ltr'><strong>ipso</strong></span> <span class='ocrx_word' id='word_1_840' title='bbox 2577 4796 2738 4851; x_wconf 91' lang='lat' dir='ltr'><strong>etiam</strong></span> <span class='ocrx_word' id='word_1_841' title='bbox 2773 4804 2996 4850; x_wconf 86' lang='lat' dir='ltr'><strong>auctore</strong></span> <span class='ocrx_word' id='word_1_842' title='bbox 3024 4810 3246 4866; x_wconf 90' lang='lat' dir='ltr'><strong>operum</strong></span> <span class='ocrx_word' id='word_1_843' title='bbox 3275 4795 3393 4865; x_wconf 85' lang='lat' dir='ltr'><strong>glo-</strong></span> 
     </span>
    </p>
   </div>
   <div class='ocr_carea' id='block_1_109' title="bbox 1821 4885 3393 4959">
    <p class='ocr_par' dir='ltr' id='par_1_109' title="bbox 1821 4885 3393 4959">
     <span class='ocr_line' id='line_1_109' title="bbox 1821 4885 3393 4959; baseline -0.003 -18"><span class='ocrx_word' id='word_1_844' title='bbox 1821 4888 2016 4952; x_wconf 89' lang='lat' dir='ltr'><strong>riatur,</strong></span> <span class='ocrx_word' id='word_1_845' title='bbox 2051 4895 2104 4943; x_wconf 87' lang='lat' dir='ltr'><strong>et</strong></span> <span class='ocrx_word' id='word_1_846' title='bbox 2144 4889 2415 4943; x_wconf 81' lang='lat' dir='ltr'><strong>exaltatur</strong></span> <span class='ocrx_word' id='word_1_847' title='bbox 2462 4890 2530 4944; x_wconf 90' lang='lat' dir='ltr'><strong>ab</strong></span> <span class='ocrx_word' id='word_1_848' title='bbox 2559 4889 2628 4944; x_wconf 89' lang='lat' dir='ltr'><strong>iis</strong></span> <span class='ocrx_word' id='word_1_849' title='bbox 2651 4889 2744 4959; x_wconf 90' lang='lat' dir='ltr'><strong>qui</strong></span> <span class='ocrx_word' id='word_1_850' title='bbox 2783 4895 3089 4958; x_wconf 87' lang='lat' dir='ltr'><strong>agnoscunt</strong></span> <span class='ocrx_word' id='word_1_851' title='bbox 3126 4902 3248 4940; x_wconf 91' lang='lat' dir='ltr'><strong>eum</strong></span> <span class='ocrx_word' id='word_1_852' title='bbox 3294 4885 3393 4938; x_wconf 86' lang='lat' dir='ltr'><strong>Pa-</strong></span> 
     </span>
    </p>
   </div>
   <div class='ocr_carea' id='block_1_110' title="bbox 1822 4980 3389 5052">
    <p class='ocr_par' dir='ltr' id='par_1_110' title="bbox 1822 4980 3389 5052">
     <span class='ocr_line' id='line_1_110' title="bbox 1822 4980 3389 5052; baseline -0.004 -15"><span class='ocrx_word' id='word_1_853' title='bbox 1822 4991 1961 5040; x_wconf 89' lang='lat' dir='ltr'><strong>trem</strong></span> <span class='ocrx_word' id='word_1_854' title='bbox 1993 4983 2206 5039; x_wconf 83' lang='lat' dir='ltr'><strong>Domini</strong></span> <span class='ocrx_word' id='word_1_855' title='bbox 2232 4985 2403 5039; x_wconf 88' lang='lat' dir='ltr'><strong>nostri</strong></span> <span class='ocrx_word' id='word_1_856' title='bbox 2432 4983 2560 5040; x_wconf 79' lang='lat' dir='ltr'><strong>Jesu</strong></span> <span class='ocrx_word' id='word_1_857' title='bbox 2589 4983 2794 5038; x_wconf 86' lang='lat' dir='ltr'><strong>Christi</strong></span> <span class='ocrx_word' id='word_1_858' title='bbox 2829 5001 2841 5036; x_wconf 89' lang='lat'><strong>:</strong></span> <span class='ocrx_word' id='word_1_859' title='bbox 2872 4983 2978 5036; x_wconf 84' lang='lat' dir='ltr'><strong>Per</strong></span> <span class='ocrx_word' id='word_1_860' title='bbox 3005 4997 3155 5052; x_wconf 85' lang='lat' dir='ltr'><strong>quem</strong></span> <span class='ocrx_word' id='word_1_861' title='bbox 3187 4980 3389 5039; x_wconf 80' lang='lat' dir='ltr'><strong>omnia,</strong></span> 
     </span>
    </p>
   </div>
   <div class='ocr_carea' id='block_1_111' title="bbox 1821 5069 3393 5148">
    <p class='ocr_par' dir='ltr' id='par_1_111' title="bbox 1821 5069 3393 5148">
     <span class='ocr_line' id='line_1_111' title="bbox 1821 5069 3393 5148; baseline -0.005 -16"><span class='ocrx_word' id='word_1_862' title='bbox 1821 5087 1872 5133; x_wconf 91' lang='lat' dir='ltr'><strong>et</strong></span> <span class='ocrx_word' id='word_1_863' title='bbox 1899 5087 2108 5147; x_wconf 86' lang='lat' dir='ltr'><strong>propter</strong></span> <span class='ocrx_word' id='word_1_864' title='bbox 2135 5093 2285 5148; x_wconf 87' lang='lat' dir='ltr'><strong>quem</strong></span> <span class='ocrx_word' id='word_1_865' title='bbox 2322 5077 2499 5131; x_wconf 86' lang='lat' dir='ltr'><strong>omnia</strong></span> <span class='ocrx_word' id='word_1_866' title='bbox 2515 5077 2580 5131; x_wconf 76' lang='grc'><strong>⁸⁸.</strong></span> <span class='ocrx_word' id='word_1_867' title='bbox 2612 5076 2739 5132; x_wconf 82' lang='lat' dir='ltr'><strong>ideo</strong></span> <span class='ocrx_word' id='word_1_868' title='bbox 2775 5075 2907 5130; x_wconf 89' lang='lat' dir='ltr'><strong>dicit</strong></span> <span class='ocrx_word' id='word_1_869' title='bbox 2934 5073 3236 5128; x_wconf 82' lang='lat' dir='ltr'><strong>Dominus:</strong></span> <span class='ocrx_word' id='word_1_870' title='bbox 3266 5069 3393 5126; x_wconf 88' lang='lat' dir='ltr'><strong>0m-</strong></span> 
     </span>
    </p>
   </div>
   <div class='ocr_carea' id='block_1_112' title="bbox 1806 5231 3388 5327">
    <p class='ocr_par' dir='ltr' id='par_1_112' title="bbox 1806 5231 3388 5327">
     <span class='ocr_line' id='line_1_112' title="bbox 1806 5231 3388 5327; baseline -0.004 -35"><span class='ocrx_word' id='word_1_871' title='bbox 1806 5237 1852 5269; x_wconf 82' lang='lat'>“</span> <span class='ocrx_word' id='word_1_872' title='bbox 1879 5235 2068 5292; x_wconf 78' lang='lat' dir='ltr'><strong>Juditb</strong></span> <span class='ocrx_word' id='word_1_873' title='bbox 2119 5253 2197 5302; x_wconf 83' lang='lat' dir='ltr'><strong>ix,</strong></span> <span class='ocrx_word' id='word_1_874' title='bbox 2254 5237 2308 5292; x_wconf 75' lang='grc'><strong>4.</strong></span> <span class='ocrx_word' id='word_1_875' title='bbox 2385 5237 2432 5267; x_wconf 68' lang='grc'>⁸⁸</span> <span class='ocrx_word' id='word_1_876' title='bbox 2475 5234 2636 5290; x_wconf 83' lang='lat' dir='ltr'><strong>Joan.</strong></span> <span class='ocrx_word' id='word_1_877' title='bbox 2677 5251 2752 5299; x_wconf 79' lang='lat' dir='ltr'><strong>vr,</strong></span> <span class='ocrx_word' id='word_1_878' title='bbox 2785 5235 2875 5290; x_wconf 86' lang='lat'><strong>58.</strong></span> <span class='ocrx_word' id='word_1_879' title='bbox 2951 5233 2996 5264; x_wconf 80' lang='lat'><strong>“</strong></span> <span class='ocrx_word' id='word_1_880' title='bbox 3023 5231 3268 5327; x_wconf 51' lang='lat' dir='ltr'><strong>Joan..v,</strong></span> <span class='ocrx_word' id='word_1_881' title='bbox 3303 5231 3388 5286; x_wconf 80' lang='lat' dir='ltr'><strong>f9.</strong></span> 
     </span>
    </p>
   </div>
   <div class='ocr_carea' id='block_1_113' title="bbox 1814 5464 3410 5606">
    <p class='ocr_par' dir='ltr' id='par_1_113' title="bbox 1814 5464 3410 5606">
     <span class='ocr_line' id='line_1_113' title="bbox 1814 5464 3410 5606; baseline -0.009 -68"><span class='ocrx_word' id='word_1_882' title='bbox 1814 5491 1938 5606; x_wconf 65' lang='lat' dir='ltr'><strong>p?st</strong></span> <span class='ocrx_word' id='word_1_883' title='bbox 1981 5479 2351 5554; x_wconf 84' lang='grc' dir='ltr'><strong>χειρουργίας.</strong></span> <span class='ocrx_word' id='word_1_884' title='bbox 2386 5475 2529 5558; x_wconf 76' lang='lat' dir='ltr'><strong>Editi</strong></span> <span class='ocrx_word' id='word_1_885' title='bbox 2577 5475 2645 5529; x_wconf 83' lang='grc' dir='ltr'><strong>τὰ</strong></span> <span class='ocrx_word' id='word_1_886' title='bbox 2691 5473 2869 5527; x_wconf 81' lang='grc' dir='ltr'><strong>πάντα</strong></span> <span class='ocrx_word' id='word_1_887' title='bbox 2910 5480 2964 5529; x_wconf 89' lang='lat' dir='ltr'><strong>et</strong></span> <span class='ocrx_word' id='word_1_888' title='bbox 3002 5471 3202 5544; x_wconf 87' lang='grc' dir='ltr'><strong>χειρῶν</strong></span> <span class='ocrx_word' id='word_1_889' title='bbox 3233 5464 3410 5543; x_wconf 69' lang='grc' dir='ltr'><strong>ὲργα-’</strong></span> 
     </span>
     <span class='ocr_line' id='line_1_114' title="bbox 1816 5569 1956 5606; baseline 0.014 -2"><span class='ocrx_word' id='word_1_890' title='bbox 1816 5569 1849 5604; x_wconf 92' lang='grc' dir='ltr'><strong>σ</strong></span> <span class='ocrx_word' id='word_1_891' title='bbox 1872 5571 1956 5606; x_wconf 75' lang='grc' dir='ltr'><strong>ας.</strong></span> 
     </span>
    </p>
   </div>
   <div class='ocr_carea' id='block_1_114' title="bbox 1816 5569 1935 5604">
    <p class='ocr_par' dir='ltr' id='par_1_114' title="bbox 1816 5569 1935 5604">
     <span class='ocr_line' id='line_1_115' title="bbox 1816 5569 1935 5604; baseline 0 0"><span class='ocrx_word' id='word_1_892' title='bbox 1816 5569 1935 5604; x_wconf 73' lang='lat' dir='ltr'><strong>tua:</strong></span> 
     </span>
    </p>
   </div>
   <div class='ocr_carea' id='block_1_115' title="bbox 1872 5571 3386 5693">
    <p class='ocr_par' dir='ltr' id='par_1_115' title="bbox 1872 5571 3386 5693">
     <span class='ocr_line' id='line_1_116' title="bbox 1872 5571 3386 5693; baseline -0.01 -16"><span class='ocrx_word' id='word_1_893' title='bbox 2003 5619 2237 5676; x_wconf 75' lang='grc' dir='ltr'><strong>Βλέπει.</strong></span> <span class='ocrx_word' id='word_1_894' title='bbox 2299 5617 2388 5693; x_wconf 75' lang='lat' dir='ltr'><strong>Sic</strong></span> <span class='ocrx_word' id='word_1_895' title='bbox 2422 5615 2630 5693; x_wconf 75' lang='lat' dir='ltr'><strong>antiqui</strong></span> <span class='ocrx_word' id='word_1_896' title='bbox 2662 5615 2902 5693; x_wconf 76' lang='lat' dir='ltr'><strong>_codices</strong></span> <span class='ocrx_word' id='word_1_897' title='bbox 2957 5633 2971 5670; x_wconf 88' lang='lat'><strong>:</strong></span> <span class='ocrx_word' id='word_1_898' title='bbox 3016 5611 3165 5693; x_wconf 36' lang='lat' dir='ltr'><strong>editi‘</strong></span> 
     </span>
    </p>
   </div>
   <div class='ocr_carea' id='block_1_116' title="bbox 1816 5675 3391 5761">
    <p class='ocr_par' dir='ltr' id='par_1_116' title="bbox 1816 5675 3391 5761">
     <span class='ocr_line' id='line_1_117' title="bbox 1816 5675 3391 5761; baseline -0.006 -15"><span class='ocrx_word' id='word_1_899' title='bbox 1816 5675 2135 5747; x_wconf 57' lang='lat' dir='ltr'><strong>No‘n&#39;multo</strong></span> <span class='ocrx_word' id='word_1_900' title='bbox 2183 5699 2303 5761; x_wconf 86' lang='lat' dir='ltr'><strong>post</strong></span> <span class='ocrx_word' id='word_1_901' title='bbox 2335 5689 2412 5761; x_wconf 77' lang='lat' dir='ltr'><strong>sic</strong></span> <span class='ocrx_word' id='word_1_902' title='bbox 2462 5675 2624 5761; x_wconf 74' lang='lat' dir='ltr'><strong>habet</strong></span> <span class='ocrx_word' id='word_1_903' title='bbox 2662 5685 2794 5760; x_wconf 79' lang='lat' dir='ltr'><strong>Reg.</strong></span> <span class='ocrx_word' id='word_1_904' title='bbox 2830 5686 3104 5744; x_wconf 86' lang='lat' dir='ltr'><strong>secundus</strong></span> <span class='ocrx_word' id='word_1_905' title='bbox 3136 5675 3208 5736; x_wconf 53' lang='grc' dir='ltr'><strong>διδ</strong></span> <span class='ocrx_word' id='word_1_906' title='bbox 3232 5675 3292 5736; x_wconf 75' lang='grc' dir='ltr'><strong>οὗ</strong></span> <span class='ocrx_word' id='word_1_907' title='bbox 3323 5675 3391 5736; x_wconf 59' lang='grc' dir='ltr'><strong>τὰ</strong></span> 
     </span>
    </p>
   </div>
   <div class='ocr_carea' id='block_1_117' title="bbox 1816 5757 2646 5844">
    <p class='ocr_par' dir='ltr' id='par_1_117' title="bbox 1816 5757 2646 5827">
     <span class='ocr_line' id='line_1_118' title="bbox 1816 5757 2646 5827; baseline -0.007 -11"><span class='ocrx_word' id='word_1_908' title='bbox 1816 5763 1990 5818; x_wconf 77' lang='grc' dir='ltr'><strong>πάντα</strong></span> <span class='ocrx_word' id='word_1_909' title='bbox 2024 5763 2118 5817; x_wconf 75' lang='grc' dir='ltr'><strong>καὶ</strong></span> <span class='ocrx_word' id='word_1_910' title='bbox 2149 5757 2229 5827; x_wconf 75' lang='grc' dir='ltr'><strong>εἷς</strong></span> <span class='ocrx_word' id='word_1_911' title='bbox 2263 5760 2322 5814; x_wconf 85' lang='grc' dir='ltr'><strong>ὃν</strong></span> <span class='ocrx_word' id='word_1_912' title='bbox 2346 5758 2412 5813; x_wconf 75' lang='grc' dir='ltr'><strong>τὰ</strong></span> <span class='ocrx_word' id='word_1_913' title='bbox 2448 5757 2646 5812; x_wconf 83' lang='grc' dir='ltr'><strong>πάντα.</strong></span> 
     </span>
    </p>
   </div>
  </div>
