3908 6526
501 405 600 459 tos
1165 366 1168 368 ’
1762 391 1820 448 s.
1861 385 2079 444 BASlLl

2182 384 2350 439 lAGNl
3026 417 3038 432 ι
3616 366 3731 424 1οὸ

495 517 582 568 nia
617 529 729 567 mea
762 521 853 566 tua
880 518 1023 575 sunt,
1051 515 1111 562 ut
1141 505 1206 561 ad
1233 508 1407 578 ipsum
1435 506 1699 577 originem
1728 517 1906 558 rerum
1931 516 2063 554 eon~

2182 497 2257 550 τοῦ
2289 496 2491 568 Κυρίου
2522 494 2677 567 ἡμῶν
2717 491 2889 564 Ἰησοῦ
2913 489 3166 564 Χριστοῦ,
3194 488 3266 542 δι’
3300 481 3370 542 οὗ
3401 483 3471 539 τὰ
3505 481 3729 547 πάντα,

496 604 732 656 ditarum
762 600 1003 655 referens
1035 617 1047 651 :
1082 596 1150 650 Et
1179 607 1270 650 tua
1301 614 1417 650 mea
1442 599 1523 664 ⁶⁹;
1551 603 1610 650 ιιι
1643 594 1767 649 inde
1797 591 2059 663 principia

2182 591 2262 645 ιαί
2293 591 2366 644 δι’
2401 590 2473 644 ὃν
2505 590 2576 643 τὰ
2616 587 2832 642 πάντα.
2875 587 2972 639 Διὰ
3015 585 3169 639 τοῦτό
3214 599 3377 652 φησιν
3421 583 3449 634 6
3479 579 3684 650 Κύριος
3711 591 3728 608 ⁸

497 693 721 748 creandi
776 693 1088 760 accipiens;
1145 705 1254 743 non
1304 688 1447 759 quod
1496 685 1714 742 auxiliis
1765 692 1952 739 utatur
1995 681 2060 735 ad

2182 680 2242 733 Γὰ
2270 679 2382 748 ἐμὰ
2416 678 2612 732 πάντα
2650 677 2732 732 σά
2763 677 2962 731 ἐστιν’
2990 677 3064 739 ὡς
3090 675 3172 727 ἐπ’
3212 672 3370 726 αὑτὸν
3413 671 3510 741 τῆς
3549 669 3733 740 ἀρχῆς

497 783 851 856 operandam,
883 798 1061 852 neque
1093 782 1237 852 quod
1269 782 1316 835 ei
1349 779 1769 850 particularibus
1798 774 2062 830 mandatis

499 876 932 946 uniuscujusque
990 873 1174 944 operis
1226 870 1592 926 ministerium
1655 867 2060 924 concredatur:

498 985 624 1044 nam
656 967 800 1022 istud
827 965 1046 1036 quidem
1080 965 1299 1024 servile,
1331 973 1385 1017 et
1408 979 1438 1016 a
1468 963 1649 1017 divina
1671 960 1932 1030 dignitate
1962 959 2064 1012 im-

499 1075 691 1114 menso
730 1051 998 1112 semotum
1041 1056 1368 1111 intervallo:
1403 1053 1498 1108 sed
1533 1051 1675 1123 quod
1707 1050 1942 1106 Verbum
1971 1066 2066 1120 pa-

501 1153 675 1206 ternis
707 1149 866 1204 bonis
910 1151 1151 1219 plenum,
1199 1147 1557 1216 resplendens
1591 1159 1619 1198 a
1658 1143 1843 1201 Patre.
1886 1142 2066 1195 omnia

504 1244 633 1296 facit
658 1243 728 1296 ad
757 1241 1170 1296 similitudinem
1205 1239 1326 1307 ejus
1349 1239 1439 1308 qui
1483 1239 1658 1307 ipsum
1696 1235 1901 1306 genuit.
1935 1231 2064 1286 Nam

503 1334 550 1387 si
577 1334 729 1402 juxta
761 1330 1052 1386 essentiam
1093 1330 1229 1384 nihil
1258 1329 1436 1383 tlill‘crt
1474 1343 1503 1381 a
1539 1327 1720 1388 Patre,
1762 1339 1862 1379 nec
1890 1331 2069 1393 poten-

505 1426 578 1477 tia
621 1425 784 1477 etiam
821 1439 848 1474 a
893 1422 1052 1476 Patre
1088 1421 1318 1476 diﬂeret.
1353 1418 1523 1473 Porro
1570 1432 1798 1488 quorum
1848 1415 2069 1485 aequalis

500 1520 587 1567 est
611 1515 870 1583 potentia,
909 1512 1100 1565 horum
1134 1509 1358 1565 omnino
1407 1508 1635 1579 :cqualis
1668 1513 1751 1562 est
1781 1513 1832 1560 et
1875 1521 2068 1575 opera-

502 1609 599 1662 tio.
640 1607 894 1661 Christus
946 1605 1214 1675 siquidem
1256 1602 1350 1656 Dei
1385 1603 1562 1656 virtus
1613 1607 1716 1663 est,
1748 1605 1802 1658 et
1844 1596 1935 1651 Dei
1983 1613 2071 1652 sa-

503 1701 800 1775 pientia".
837 1698 899 1752 Et
949 1699 1030 1752 sic
1078 1697 1259 1752 omnia
1291 1710 1386 1765 per
1434 1694 1610 1763 ipsum
1659 1690 1803 1744 facta
1855 1689 2068 1750 sunt",

504 1792 797 1862 omniaque
833 1805 923 1858 per
967 1790 1143 1858 ipsum
1186 1795 1239 1841 et
1287 1787 1340 1840 in
1376 1789 1553 1854 ipsum
1602 1781 1820 1836 condita
1855 1781 2067 1843 sunt",

2163 770 2268 822 τῶν
2297 767 2785 840 δημιουργημάτων
2818 765 3156 835 άναγομένης
3176 780 3187 793 ’
3230 761 3338 815 Καὶ
3378 759 3449 814 τὰ
3480 759 3559 812 σὰ
3576 757 3729 826 ἐμά·

2163 860 2236 923 ὡς
2283 859 2488 912 ἐκεῖθεν
2534 857 2681 927 αὐτῷ
2724 856 2798 924 (9)
2857 856 2955 924 τῆς
3000 852 3177 914 αἰτίας
3229 850 3324 904 τοῦ
3373 849 3734 921 δημιουργεῖν

2159 947 2527 1019 καθηκούσης,
2567 949 2626 1000 οὑ
2658 947 2929 1018 βοηθείαις
2968 944 3236 1016 χρωμένῳ
3277 941 3410 1014 πρὸς
3446 939 3543 1011 τὴν
3571 939 3735 1009 ἐνέρ-

2167 1059 2337 1110 γειαν,
2380 1041 2498 1093 οὐδὲ
2530 1043 2649 1104 ταῖς
2692 1038 2835 1093 κατὰ
2872 1038 3035 1108 μέρος
3067 1037 3411 1106 ὲπιτροπαίς·
3453 1033 3550 1102 τὴν
3591 1030 3734 1085 ἐκά-

2169 1151 2289 1187 στου
2343 1131 2502 1203 ἔργου
2557 1131 2830 1186 διακονίαν
2897 1127 3299 1199 πιστευομένῳ·
3361 1123 3734 1196 λειτοινργικὸν

2167 1223 2274 1296 γὰρ
2302 1223 2456 1277 τοῦτό
2482 1240 2566 1291 γε,
2602 1222 2696 1276 καὶ
2732 1222 2831 1292 τῆς
2859 1220 3010 1282 Θείας
3049 1219 3204 1285 ἀξίας
3243 1215 3562 1294 παμπληθὲς
3591 1217 3734 1269 ἁπο-

2167 1315 2310 1369 δέονο
2343 1314 2474 1368 ἀλλὰ
2514 1314 2619 1384 γὰρ
2664 1312 2877 1383 πλήρης
2911 1312 3018 1380 (10)
3045 1313 3072 1364 6
3112 1309 3280 1378 Λόγος
3311 1307 3417 1361 τῶν
3450 1307 3736 1379 πατρικῶν

2169 1405 2406 1474 ἀγαυῶν,
2439 1404 2532 1457 τοῦ
2575 1404 2788 1475 Πατρὺς
2819 1402 3166 1473 άπολάμψας,
3210 1401 3381 1454 πάντα
3413 1402 3556 1452 ποιεῖ
3589 1403 3737 1452 κατὰ

2168 1498 2266 1570 τὴν
2286 1497 2382 1551 τοῦ
2407 1498 2766 1567 γεννήσαντος
2785 1495 3095 1567 ὁμοιότητα.
3122 1494 3185 1546 Et
3215 1491 3318 1564 γὰρ
3346 1490 3484 1544 κατὰ
3507 1491 3602 1562 τὴν
3635 1491 3736 1543 οὑ·-

2173 1591 2290 1644 σίαν
2325 1589 2758 1660 ἀπαραλλάκτως
2811 1587 2954 1659 ἔχει,
3009 1585 3438 1658 ἀπαραλλάκτως
3484 1583 3591 1646 ἕξει
3637 1583 3737 1635 καὶ

2172 1682 2311 1737 κατὰ
2342 1683 2438 1754 τὴν
2484 1682 2730 1751 δύναμιν.
2760 1674 2859 1732 Ὧν
2902 1679 3024 1749 δὲὴ
3070 1677 3295 1748 δύναμις
3334 1675 3443 1746 ἴση,
3493 1676 3579 1744 ίση
3628 1692 3734 1727 που

2173 1776 2388 1840 πάντως
2415 1777 2509 1831 καὶ
2538 1777 2570 1846 ὴ
2617 1775 2885 1844 ἐνέργεια.
2919 1768 3289 1851 Χριστδςιγάρ
3313 1765 3446 1820 Θεοῦ
3480 1767 3736 1836 δύναμις,

508 1898 617 1937 non
646 1880 790 1952 quod
827 1877 1229 1933 instrumentali
1259 1875 1492 1945 quodam
1523 1888 1583 1926 ac
1615 1871 1796 1926 servili
1827 1869 2067 1924 ministe-

2182 1871 2267 1924 καὶ
2295 1868 2429 1922 Θεοῦ
2466 1867 2643 1936 σοφία.
2673 1866 2784 1919 Καὶ
2813 1864 2953 1916 οὕτω
2989 1863 3164 1917 πάντα
3204 1861 3268 1913 δι’
3296 1858 3458 1913 αὐτοῦ
3493 1859 3735 1926 ἐγένετο,

508 1973 592 2026 rio
625 1971 881 2041 fungatur
931 1987 943 2022 :
992 1967 1085 2022 sed
1135 1968 1277 2037 quod
1323 1973 1580 2037 tanquam
1613 1963 1859 2020 conditor
1897 1971 2071 2032 pater-

509 2081 632 2120 nam
662 2063 881 2133 impleat
913 2061 1269 2115 voluntatem.

583 2323 672 2379 20.
717 2320 900 2390 Itaque
939 2333 1063 2373 cum
1089 2317 1165 2372 ait
1195 2335 1206 2370 :
1244 2313 1352 2386 Ego
1377 2332 1440 2369 ea:
1469 2330 1548 2368 me
1587 2314 1700 2382 ipso
1731 2313 1936 2366 locutus
1973 2328 2073 2364 non

511 2431 628 2469 sum
651 2414 696 2445 ⁷³
722 2430 736 2480 ;
767 2419 820 2466 et
865 2425 1081 2465 rursum
1109 2424 1122 2459 :
1165 2406 1312 2462 Sicut
1342 2406 1476 2460 dixit
1504 2405 1629 2459 mihi
1653 2404 1834 2467 Pater,
1885 2407 1959 2458 ita
1994 2404 2073 2480 ιο-

513 2521 644 2575 quor
665 2506 749 2569 '3;
779 2511 832 2558 et
863 2521 876 2555 :
911 2501 1094 2556 Sermo
1122 2515 1271 2569 quem
1302 2498 1522 2551 audistis
1555 2513 1655 2550 non
1685 2504 1761 2550 est
1794 2513 1958 2556 meus,
1985 2478 2074 2548 sed

512 2598 628 2667 ejus
665 2597 752 2665 qui
776 2595 918 2648 misit
950 2609 1029 2646 me
1050 2592 1094 2623 "
1120 2607 1134 2656 ;
1163 2598 1216 2644 et
1246 2589 1407 2642 alibi:
1445 2586 1893 2653 Quemadmodum
1925 2603 2075 2639 man-

514 2688 655 2743 davit
696 2686 821 2739 mihi
869 2684 1048 2746 Pater,
1097 2683 1172 2736 sic
1200 2680 1338 2749 facio
1363 2681 1407 2710 ⁷⁸
1438 2697 1449 2733 :
1476 2695 1581 2732 non
1619 2681 1760 2747 quod
1799 2686 1982 2732 careat
2012 2678 2077 2731 li-

515 2781 647 2835 hero
689 2777 917 2832 arbitrio
973 2789 1037 2827 ac
1068 2771 1362 2826 voluntatis
1406 2777 1578 2833 motu,
1623 2784 1794 2837 neque
1833 2767 1976 2837 quod
2009 2783 2075 2822 ex

514 2870 658 2925 datis
685 2868 857 2939 signis
884 2865 1099 2920 veniam
1147 2876 1210 2915 ac
1248 2860 1523 2914 licentiam
1555 2858 1743 2928 agendi
1775 2865 2074 2928 exspectet,

516 2963 638 3017 ideo
663 2938 863 3015 talibus
885 2957 1057 3011 utitur
1087 2955 1269 3010 verbis
1295 2972 1306 3007 :
1333 2953 1426 3008 sed
1457 2961 1518 3006 ut
1543 2952 1780 3006 declaret
1802 2951 2075 3020 propriam
2107 2938 2109 2941 ’

518 3057 850 3110 voluntatem
904 3052 1198 3120 conjunete
1236 3057 1400 3118 atque
1446 3046 1881 3116 inseparabiliter
1929 3043 2076 3098 Patri

2176 1962 2270 2015 καὶ
2313 1961 2487 2014 πάντα
2523 1959 2589 2012 δι’
2638 1956 2802 2011 αὑτοῦ
2851 1957 2944 2008 καὶ
2989 1957 3068 2017 είς
3114 1953 3274 2006 αὑτὸν
3315 1951 3584 2014 ἔκτισται,
3632 1949 3742 2002 οὐκ

2176 2052 2468 2122 ὀργανικὴν
2511 2066 2632 2102 τινα
2677 2047 2796 2100 οὐδὲ
2842 2045 3087 2114 δουλικὴν
3131 2042 3428 2113 ὑπηρεσίαν
3467 2039 3743 2112 πληροῦν-

2176 2159 2286 2207 τος,
2332 2141 2466 2195 ἀλλὰ
2514 2125 2916 2211 δημιουργικῶς
2949 2137 3009 2190 τὸ
3067 2133 3325 2202 πατρικὸν
3366 2131 3745 2194 ἐπιτελοῦντος

2178 2231 2304 2303 Θέλη
2313 2249 2408 2302 μα.

2246 2322 2316 2377 20
2369 2324 2537 2375 Ὅταν
2565 2317 2655 2375 οῦν
2676 2321 2808 2392 λέγῃ
2830 2337 2844 2350 ·
2892 2319 3038 2388 Ἐγὼ
3067 2319 3135 2384 ἐξ
3173 2317 3429 2387 ἐμαυτοῦ
3455 2318 3564 2370 οὐκ
3597 2312 3744 2369 ἐλά-

2179 2419 2375 2483 λησαο
2430 2414 2524 2468 καὶ
2557 2413 2748 2467 πάλιν·
2798 2410 3003 2477 Καθὼς
3031 2409 3230 2478 εἴρηκέ
3264 2426 3362 2479 μοι
3421 2410 3454 2461 ό
3497 2405 3742 2473 Πατὴρ,

2179 2506 2330 2558 οὕτω
2353 2503 2519 2560 λαλῶ
2539 2521 2550 2532 ·
2577 2504 2692 2569 καὶ,
2730 2501 2792 2556 '0
2822 2503 3002 2571 λόγος
3039 2500 3111 2554 ὃν
3143 2502 3409 2560 ἀκούετε,
3432 2500 3541 2552 οὐκ
3566 2497 3747 2550 ἔστιν

2180 2598 2339 2667 ἐμὸς,
2362 2596 2519 2652 ἀλλὰ
2547 2596 2650 2650 τοῦ
2666 2594 3013 2664 πέμψαντός
3035 2609 3112 2662 με
3135 2611 3148 2624 ·
3182 2593 3274 2644 καὶ
3301 2589 3522 2662 ἑτέρωθι
3543 2607 3556 2620 ·
3581 2591 3743 2642 Καθ-

2181 2689 2261 2755 ὼς
2299 2689 2409 2758 (Η)
2453 2689 2789 2742 ἐνετείλατό
2815 2703 2908 2754 μοι
2931 2689 2962 2739 ό
2996 2684 3218 2752 Πατὴρ,
3250 2683 3400 2736 οὕτω
3436 2679 3609 2735 ποιῶο
3641 2681 3746 2733 οὐκ

2183 2777 2538 2848 ἁπροαίρετος
2567 2775 2662 2839 ὢν,
2686 2774 2806 2828 οὐδὲ
2835 2775 3124 2845 ἀνόμητος,
3155 2773 3273 2826 οὐδὲ
3297 2772 3356 2825 τὸ
3382 2773 3444 2824 ὲκ
3471 2771 3577 2824 τῶν
3613 2788 3745 2823 συν-

2184 2869 2442 2940 θημάτων
2479 2867 2754 2936 ἐνδόσιμον
2792 2866 3091 2935 ἀναμένων,
3135 2865 3255 2928 ταῖς
3286 2862 3556 2926 τοιαύταις
3599 2863 3747 2932 χρῆ-

2183 2979 2272 3015 ται
2322 2962 2550 3030 φωναῖςσ
2592 2959 2728 3012 ἀλλὰ
2772 2958 2943 3030 δηλῶν
2974 2957 3070 3030 τὴν
3107 2956 3312 3010 οἰκείαν
3337 2954 3557 3026 γνώμην
3597 2957 3749 3024 ήνωο

2189 3053 2362 3124 μένως
2412 3051 2505 3105 καὶ
2553 3050 2885 3114 ἀδιαστάτως
2917 3047 3008 3103 τοῦ
3053 3048 3261 3120 Πατρὸς
3294 3047 3573 3118 ἐχομένην.
3593 3042 3752 3119 Ἀρα

519 3147 901 3202 adhaerentem.
940 3141 1176 3197 Proinde
1215 3141 1359 3211 quod
1394 3139 1596 3194 dicitur
1631 3137 1964 3198 mandatum.
2012 3151 2079 3191 ne

2186 3141 2276 3198 οὖν
2315 3143 2407 3197 καὶ
2451 3144 2548 3216 τὴν
2578 3143 2874 3216 λεγομένην
2919 3141 3136 3212 ἐντολὴν
3181 3141 3253 3212 μὴ
3303 3141 3458 3208 λόγον
3499 3157 3748 3210 προσίτω.⁹

521 3249 824 3292 sermonem
855 3233 1206 3302 imperiosum
1228 3246 1324 3300 per
1351 3230 1559 3284 vocalia
1581 3242 1784 3299 organa
1813 3227 2079 3297 prolatum

2186 3236 2370 3289 κτικδν
2401 3235 2490 3287 διὰ
2521 3235 2626 3288 τῶν
2665 3234 2982 3306 φωνητικῶν
3018 3233 3261 3305 ὀργάνων
3291 3231 3753 3301 ὲξαγγελλόμενον

459 3393 465 3397 ,
521 3327 922 3396 intelligamus,
980 3321 1119 3376 Filio
1177 3323 1324 3376 velut
1373 3319 1594 3376 subdito
1645 3318 2084 3388 praescribentem

522 3418 652 3489 quid
684 3416 862 3471 facere
885 3414 1082 3470 debeat
1114 3431 1129 3469 :
1161 3412 1256 3468 sed
1283 3413 1437 3481 juxta
1459 3426 1680 3470 sensum
1709 3409 1814 3464 Deo
1839 3409 2084 3478 dignum.

522 3509 888 3578 intelligamus
935 3505 1234 3560 voluntatis
1285 3502 1874 3565 communicationem,
1921 3500 2086 3553 veluti

525 3600 710 3653 forma:
741 3597 1042 3667 cujuspiam
1076 3597 1130 3650 in
1162 3595 1382 3664 speculo
1417 3593 1731 3663 imaginem,
1769 3607 1797 3645 a
1842 3590 2003 3646 Patre
2034 3592 2088 3644 in

525 3689 718 3745 Filium
765 3689 882 3744 sine
913 3697 1155 3758 tempore
1180 3687 1580 3741 demanantem.
1631 3683 1790 3737 Pater
1835 3686 1971 3736 enim
2007 3682 2091 3736 di-

525 3785 640 3855 ligit
684 3780 908 3845 Filium,
952 3789 1001 3834 et
1033 3781 1209 3834 omnia
1243 3777 1469 3832 ostendit
1510 3777 1592 3830 illi
1614 3778 1680 3831 ".
1725 3776 1910 3846 Itaque
1944 3793 2092 3846 quae-

525 3891 740 3945 cunque
766 3874 930 3929 habet
961 3872 1144 3938 Pater,
1176 3870 1298 3925 Filii
1325 3878 1489 3938 sunt;
1519 3885 1626 3924 non
1681 3870 1827 3940 quod
1856 3871 1970 3924 haec
2013 3869 2090 3922 illi

528 3965 784 4036 paulatim
832 3973 1170 4026 accrescant,
1223 3962 1318 4017 sed
1351 3960 1550 4015 adsunt
1603 3961 1770 4016 semel
1814 3961 2086 4016 universa.

527 4055 645 4110 Non
673 4054 818 4109 enim
848 4055 989 4108 inter
1021 4054 1270 4107 homines
1315 4054 1409 4122 qui
1453 4060 1624 4107 artem
1676 4053 1983 4121 perdidicit,
2029 4069 2093 4108 ac

528 4147 739 4200 diutina
761 4144 1151 4198 exercitatione
1183 4145 1399 4197 ﬁrmum
1435 4143 1570 4197 artis
1601 4144 1654 4196 in
1687 4143 1874 4198 animo
1898 4144 2094 4197 tilum-

529 4252 634 4307 que
666 4236 913 4290 habitum
948 4236 1108 4305 gerit,
1149 4234 1405 4305 deinceps
1440 4243 1619 4305 potest
1651 4236 1806 4306 juxta
1854 4237 2094 4292 scientiae

530 4329 788 4392 rationes,
819 4343 956 4397 quas
989 4326 1042 4380 in
1068 4335 1250 4382 mente
1276 4333 1445 4392 tenet,
1472 4342 1568 4397 per
1587 4343 1714 4393 sese
1741 4329 1976 4398 operari,
1999 4327 2111 4396 Dei.

531 4411 660 4474 vero
714 4417 1017 4488 sapientia,
1069 4417 1404 4472 architectus
1468 4418 1736 4473 universae
1796 4428 2091 4481 creaturae,

531 4525 746 4581 semper
774 4509 1068 4579 perfectus,
1099 4509 1235 4562 citra
1269 4509 1549 4564 doctorem
1591 4511 1830 4581 sapiens.
1859 4508 1952 4565 Dei
1985 4513 2094 4565 vir-

2185 3326 2529 3398 ὲκδεχὼμεθα
2559 3327 2704 3398 (12),
2747 3325 2874 3398 περὶ
2918 3325 3024 3379 τῶν
3068 3325 3333 3397 ποιητέων
3366 3323 3439 3394 τῷ
3479 3323 3588 3393 Υἱῷ
3614 3365 3626 3382 ,
3669 3323 3754 3387 ὡς

2189 3419 2432 3489 ὑπηκόῳ,
2454 3416 2843 3488 νομοθετοῦντα
2865 3434 2878 3448 ο
2913 3416 3049 3471 ἀλλὰ
3083 3415 3396 3486 Θεοπρεπῶς
3423 3415 3629 3484 νοῶμεν
3657 3414 3756 3466 Θε-

2187 3510 2426 3581 λήματος
2454 3509 2687 3563 διάδοσιν
2735 3503 2844 3561 οἷόν
2877 3525 3019 3571 τινος
3055 3507 3266 3578 μορφῆς
3287 3501 3518 3577 ἔμφασιν
3545 3505 3655 3573 (l3)
3688 3507 3758 3559 ὲν

2189 3601 2499 3671 κατόπτρῳ,
2518 3601 2583 3652 ὲκ
2606 3598 2816 3669 Πατρὸς
2845 3599 2923 3660 εἰς
2946 3599 3070 3651 Υίὸν
3091 3597 3328 3669 ἀχρόνως
3349 3595 3754 3667 διῖκνουμένην.

2200 3694 2263 3746 Ὀ
2312 3695 2418 3764 γὰρ
2448 3692 2649 3759 Πατὴρ
2691 3688 2891 3760 ἀγαπᾷ
2934 3689 3038 3742 τὸν
3077 3689 3231 3750 Υἱὸν,
3267 3689 3360 3742 καί
3405 3688 3597 3743 πάντα
3629 3687 3760 3741 δεί-

2191 3799 2411 3839 κνυσιν
2437 3783 2617 3849 αὐτῷ.
2648 3783 2808 3835 Ὥστε
2838 3782 3011 3834 πάντα
3053 3784 3151 3835 ὅσα
3191 3781 3299 3851 ἔχει
3326 3783 3353 3834 6
3396 3780 3615 3850 Πατὴρ,
3652 3781 3757 3834 τοῦ

2191 3878 2320 3931 Υἱοῦ
2378 3879 2559 3941 ἐστιν,
2607 3876 2664 3928 οὑ
2715 3872 2858 3926 κατὰ
2908 3873 3097 3944 μικρὸν
3153 3872 3580 3945 προσγινόμενα,
3633 3872 3757 3925 ἀλλ’

2190 3970 2398 4041 άθρὸως
2444 3968 2703 4039 παρόντα.
2743 3967 2816 4020 Οὐ
2858 3967 2967 4035 γὰρ
3007 3965 3177 4037 δήπου
3221 3967 3276 4017 ὲν
3310 3965 3404 4035 μὲν
3444 3963 3761 4035 ἀνθρώποις

2190 4064 2218 4115 6
2246 4063 2344 4131 τὴν
2372 4059 2566 4129 τέχνην
2595 4057 2927 4128 ἐκδιδαχθείς
2961 4057 3051 4110 καὶ
3088 4055 3291 4125 παγίαν
3331 4056 3498 4126 αὐτῆς
3528 4056 3616 4108 διὰ
3647 4055 3756 4126 τῆς

2191 4149 2409 4221 χρονίας
2452 4146 2683 4218 μελέτης
2711 4146 2848 4216 ἔχων
2887 4146 2984 4217 τὴν
3015 4147 3124 4212 ἕξιν
3154 4145 3502 4217 ὲνιδρυμένην
3528 4143 3758 4198 δύναται

2194 4240 2374 4297 λοιπὸν
2426 4237 2568 4292 κατὰ
2624 4240 2750 4301 τοὺς
2808 4237 3257 4309 ὲναποκειμένους
3305 4237 3450 4308 αὐτῷ
3493 4237 3589 4306 τῆς
3627 4237 3753 4289 ἐπιι

2196 4332 2292 4402 στή
2303 4347 2407 4401 μης
2432 4330 2621 4399 λόγους
2663 4330 2784 4384 καθ’
2809 4331 2998 4384 ἑαυτὸν
3032 4332 3272 4400 ἐνεργεῖν
3291 4346 3305 4360 ο
3348 4332 3380 4400 ἡ
3403 4329 3459 4382 δὲ
3496 4327 3586 4382 τοῦ
3615 4327 3759 4382 θεοῦ

2197 4421 2374 4490 σοφία,
2400 4424 2429 4474 6
2460 4422 2791 4494 δημιουργὸς
2836 4424 3013 4494 πάσης
3045 4423 3154 4494 (14)
3186 4423 3434 4485 κτίσεως,
3472 4422 3500 4474 6
3536 4423 3623 4474 ἀεὶ
3663 4421 3764 4473 τέο

2195 4513 2351 4578 λειος,
2379 4516 2408 4567 6
2441 4514 2738 4580 ἀδιδάκτως
2764 4517 2945 4586 σοφὸς,
2980 4517 3014 4586 ἡ
3047 4515 3142 4568 τοῦ
3174 4515 3308 4568 Θεοῦ
3341 4515 3584 4585 δύναμις,
3623 4515 3683 4568 ὲν
3710 4508 3762 4582 ᾧ

533 4615 660 4666 tus,
713 4601 770 4655 in
821 4615 930 4671 quo
987 4609 1116 4656 sunt
1163 4615 1353 4656 omnes
1411 4580 1664 4656 thesauri
1707 4601 1988 4671 sapientiae
2041 4612 2079 4655 el

2198 4603 2395 4667 πάντες
2435 4606 2484 4657 oi
2533 4605 2794 4677 θησαυροὶ
2836 4580 2933 4677 τῆς
2975 4580 3163 4676 σοφίας
3213 4606 3307 4659 καὶ
3352 4607 3452 4676 τῆς
3476 4580 3762 4674 ’γνώσεως

535 4694 777 4751 scientia:
810 4693 1012 4748 occulti
1035 4693 1102 4756 ⁷⁸,
1133 4701 1254 4762 eget
1291 4693 1510 4762 speciali
1540 4693 1646 4762 ιε
1673 4693 1946 4755 mandato,
1983 4708 2079 4762 qut

2197 4695 2522 4767 ἀπόκρυφοι,
2555 4696 2657 4766 τῆς
2692 4697 2832 4750 κατὰ
2873 4699 3035 4768 μέρος
3073 4697 3390 4761 ἐπιστασίας
3422 4697 3762 4768 προσδεῖται,

531 4787 582 4840 ei
605 4784 798 4840 modus
822 4798 886 4839 ac
918 4799 1172 4840 mensura
1196 4785 1569 4853 Operationum
1599 4784 1952 4853 pmtittiatur.
1979 4781 2079 4837 Sci-

2195 4787 2285 4842 τὸν
2313 4789 2510 4860 τρόπον
2536 4789 2682 4859 αὐτῷ
2723 4790 2817 4842 καὶ
2857 4790 2916 4842 τὺ
2949 4789 3140 4860 μέτρον
3177 4789 3285 4842 τῶν
3319 4788 3606 4859 ἐνεργειῶν
3642 4792 3766 4859 ὁρι-

535 4879 662 4933 licet
681 4886 739 4932 tu
764 4876 982 4948 quidem
1012 4877 1176 4932 etiam
1207 4875 1590 4947 paedagogeum
1618 4876 1831 4945 aperies
1857 4874 1912 4928 in
1938 4876 2079 4928 vani-

2198 4878 2414 4948 εούσης.
2443 4876 2629 4932 Ἦπου
2659 4879 2722 4932 σύ
2755 4896 2820 4948 γε
2865 4880 2958 4932 καὶ
3013 4879 3407 4947 παιδαγωγεῖον
3438 4875 3667 4942 ἀνοίξεις
3699 4883 3766 4934 ἐν

533 4979 642 5026 tate
683 4969 1076 5041 cogitationum
1116 4977 1358 5036 tuarum,
1403 4978 1456 5024 et
1484 4969 1628 5022 hunc
1673 4967 1890 5023 ouidem
1928 4967 2079 5023 facies

2199 4971 2264 5040 τῇ
2304 4971 2625 5043 ματαιότητί
2664 4988 2757 5024 σου
2783 4970 2892 5023 τῶν
2925 4969 3218 5041 λογισμῶν,
3253 4970 3347 5024 καὶ
3374 4969 3464 5022 τὸν
3496 4969 3593 5041 μὲν
3623 4988 3764 5042 προ-

605 5145 651 5176 ⁸⁹
678 5143 834 5200 Joan.
870 5160 1004 5206 xvn,
1035 5143 1121 5199 it).
1197 5145 1242 5176 ⁷ο
1271 5144 1293 5199 Ι
1319 5142 1445 5198 Cor.
1479 5157 1520 5208 ι,
1555 5142 1667 5212 24η
1721 5143 1764 5174 ⁷¹
1792 5140 1952 5196 Joan.
1985 5122 1991 5131 ’
2019 5159 2060 5210 ι,

2225 5146 2512 5204 "Coloss.
2566 5163 2603 5212 l,
2672 5147 2760 5202 16.
2833 5147 2881 5178 ’³
2902 5145 3053 5200 Joan.
3125 5149 3341 5212 xn,49-
3420 5148 3467 5182 ⁷⁸
3497 5147 3628 5202 ibid.
3666 5148 3766 5203 50.

536 5213 584 5248 "
611 5214 772 5272 Joan.
805 5230 918 5282 xw,
947 5214 1038 5268 24.
1112 5213 1160 5246 ’⁸
1204 5213 1336 5268 ibid.
1367 5215 1454 5267 51.
1569 5213 1613 5244 ⁷⁷
1639 5210 1797 5266 Joan.
1829 5229 1881 5274 ν,
1909 5212 1997 5268 20.
2074 5215 2079 5243 τ

2182 5215 2360 5273 loloss.
2398 5235 2458 5281 Il,
2489 5219 2522 5272 5

606 5355 684 5436 (ῼ)
725 5357 938 5436 Αὐτῷ..
973 5353 1378 5436 Sic‘hplerique.
1423 5352 1638 5436 codices
1689 5367 1845 5436 mss:
1901 5353 2095 5436 melius
2199 5357 2344 5412 ditur
2371 5359 2701 5436 conjunetto
2729 5348 2820 5436 καί
2871 5357 3190 5436 quarabest
3218 5371 3249 5410 a
3293 5321 3426 5413 mss.
3461 5357 3771 5428 Aliquanto

535 5419 708 5514 multo
743 5419 904 5496 quam
930 5425 986 5480 in
1003 5419 1239 5482 editione
1258 5419 1432 5480 Paris.
1459 5430 1514 5478 et
1541 5419 1778 5477 secunda
1796 5420 2073 5480 Basileens

2200 5419 2703 5514 pti’stnduo'codices
2730 5419 3240 5514 κέχρηταιῖφωναίςλ.

770 5565 942 5638 Ἀλλὰ
987 5565 1097 5638 γὰρ
1141 5562 1395 5638 πλήρης.
1425 5559 1682 5638 Quamvis
1719 5558 1936 5618 codices
1960 5577 2072 5638 mss

2269 5498 2357 5566 (Ii!

2199 5569 2351 5622 Alius

537 5631 923 5692 ίιοὺεειιιάλλὰ
951 5631 1160 5706 πλήρης
1183 5633 1312 5704 γάρ,
1346 5631 1679 5702 pracferenda
1713 5638 1892 5686 tamen
1940 5633 2095 5689 vide-

538 5714 628 5762 tur
645 5707 862 5776 vulgata
894 5706 1183 5776 scriptura.

608 5775 721 5846 (ll)
744 5769 975 5841 Ἦαθώς.
1008 5769 1147 5829 Male
1185 5774 1242 5829 in
1271 5770 1431 5830 editis
1463 5775 1588 5828 ante
1611 5769 1756 5827 hanc
1786 5785 1972 5829 vocem
1997 5773 2093 5827 ad-

2364 5499 2380 5568 )
2453 5496 2896 5570 Ἐκδεχώμεθᾴο-
2925 5498 3076 5570 Unus
3096 5567 3108 5570 _
3132 5496 3301 5570 codex
3359 5497 3767 5570 ἐπιδεχώμεθα.

2199 5567 2367 5622 Alius
2399 5567 2934 5639 ém6sx6jtsOa.__Duo
2965 5568 3055 5639 alii
3093 5567 3440 5639 ὲκδεχρμεθα.

2271 5639 2381 5706 (15)
2422 5637 2735 5708 "egeam.
2772 5637 2906 5693 Tres
2941 5638 3156 5708 codices
3185 5637 3406 5693 ἔνδοσιν.

2271 5708 2381 5780 (14)
2421 5707 2648 5776 Πάσης.
2684 5707 2817 5764 Tres
2846 5724 2976 5765 mss.
3000 5707 3237 5780 ἁπάσης.
