3908 6534
539 332 640 393 197

1078 444 1184 515 ιε
1217 442 1444 500 CAPUT
1487 443 1575 499 ix.

539 536 789 609 Propriae
817 553 880 591 ac
922 534 1189 609 distinctio
1229 538 1293 591 de
1319 536 1524 605 Spiritu
1566 540 1827 604 notiones,
1854 539 2110 596 doctrinae

630 646 635 651 ι
655 606 664 609 ’
926 606 1325 678 Scripturarum
1366 618 1722 678 congruentes.

605 718 699 776 29..
737 717 857 774 Jam
894 735 1023 775 vero
1068 719 1233 775 etiam
1284 719 1352 775 de
1393 718 1596 790 Spiritu
1636 736 1956 780 communes
2007 741 2110 779 no-

540 821 668 867 atra:
717 810 973 866 notiones
1011 810 1318 881 eujusmodi
1379 813 1491 867 sint
1544 814 1940 884 expendamus,
1995 825 2110 872 tum

538 918 633 959 cas
663 917 785 974 quae
828 903 990 958 nobis
1033 902 1100 958 de
1142 903 1238 958 illo
1271 901 1630 975 eScripturis
1678 906 1920 964 collectae
1961 920 2109 974 sunt,

540 1001 653 1050 tum
680 1008 775 1049 eas
803 1007 940 1062 quas
981 990 1207 1046 Patrum
1238 992 1536 1050 traditione
1564 1011 1675 1050 non
1718 998 1925 1069 scripta
1954 1013 2113 1057 acce-

539 1085 740 1156 pimus.
770 1081 1019 1137 Primum
1053 1082 1243 1154 igitur,
1268 1086 1414 1156 quis,
1436 1086 1642 1142 auditis
1668 1085 1903 1158 Spiritus
1926 1094 2111 1162 appel-

539 1177 859 1239 lotionibus,
903 1175 1086 1231 animo
1128 1192 1240 1232 non
1294 1179 1546 1250 erigitur.
1592 1188 1646 1235 et
1678 1180 1748 1235 ad
1797 1197 2108 1254 supremam

540 1279 790 1324 naturam
838 1266 1231 1337 ragitationem
1282 1284 1393 1324 non
1424 1270 1671 1327 attollit?
1700 1270 1838 1327 Nam
1873 1272 2108 1345 Spiritus

538 1360 633 1417 Dei
666 1359 845 1414 dictus
878 1366 982 1423 est,
1028 1368 1083 1414 et
1135 1359 1377 1430 Spiritus
1408 1363 1675 1430 veritatis,
1712 1365 1807 1434 qui
1836 1380 1907 1421 ex
1948 1365 2110 1424 Patre

537 1450 780 1524 procedit
800 1451 846 1484 ⁸⁸
872 1469 886 1505 :
916 1449 1153 1521 Spiritus
1183 1460 1390 1518 rectus,
1433 1452 1675 1523 Spiritus
1700 1456 2021 1528 principalis
2038 1459 2104 1512 ”.

538 1544 775 1616 Spiritus
827 1555 1052 1600 sanctus
1077 1584 1092 1611 ,
1132 1545 1354 1617 propria
1404 1554 1489 1602 est
1539 1548 1687 1605 illius
1720 1563 1785 1604 ac
1817 1551 2110 1620 peculiaris

535 1638 824 1710 appellatio
869 1656 884 1694 :
935 1636 1082 1708 quod
1129 1653 1263 1695 sane
1315 1654 1513 1695 nomen
1563 1642 1809 1696 omnium
1870 1642 2109 1700 maxime

538 1749 651 1788 rem
681 1731 1059 1801 incorpoream
1099 1738 1155 1787 et
1187 1731 1256 1785 al)
1283 1732 1430 1786 omni
1459 1732 1685 1788 materia
1715 1748 1907 1805 puram
1939 1742 1992 1790 et
2018 1736 2105 1789 in-

1827 341 1886 398 S.
1925 339 2167 397 BASILII
2209 343 2255 397 Μ
2270 341 2419 398 \GNI

3670 340 3775 397 ιοε

2763 450 3157 505 ΚΕΦΛΛΔΙΟΝ
3184 451 3260 505 Θ⁹.

2223 542 2609 615 Ἀφοριστυςαι
2634 543 2858 615 ἔννοιαι
2886 543 3017 615 περὶ
3046 542 3152 615 τοῦ
3176 546 3537 615 Πνεύματος,
3562 544 3635 615 τῇ
3659 543 3775 600 τῶν

2349 611 2605 681 [pagatim
2634 611 3079 669 ἁκολουθοῦσαι
3111 611 3472 684 διδασκαλίᾳ
3500 611 3630 686 (21).

2278 728 2369 784 22.
2412 729 2549 800 Ἤδη
2595 728 2650 782 δὲ
2678 729 2772 783 καί
2812 729 2940 801 περὶ
2962 729 3057 783 τοῦ
3094 729 3409 801 Πνεύματος
3454 731 3554 794 τάς
3595 732 3778 796 κοινάς

2210 820 2366 892 ἡμῶν
2398 820 2606 884 ἐννοίας
2633 820 2813 874 ὁποῖαί
2843 820 2989 883 τινές
3030 822 3167 874 εἰσιν
3195 822 3559 893 ἐξετάσωμεν,
3589 821 3687 886 τάς
3719 837 3779 875 τε

2211 916 2275 966 ἐκ
2304 912 2411 966 τῶν
2449 912 2680 985 Γραφῶν
2721 914 2848 985 περ)⁵
2882 910 3046 966 αὐτοῦ
3093 912 3453 983 συναχθείσας
3491 915 3643 986 ἡμῖν,
3685 915 3780 968 καὶ

2208 1004 2274 1068 ἃς
2299 1006 2361 1057 ἐκ
2393 1003 2494 1073 τῆς
2524 1004 2775 1075 ἀγράφου
2807 1002 3158 1074 παραδόσεως
3184 1002 3294 1055 τῶν
3327 1004 3585 1074 Πατέρων
3614 1003 3780 1058 διεδε-

2211 1095 2438 1166 ξάμεθα.
2474 1096 2697 1168 Πρῶτον
2730 1097 2828 1165 μὲν
2877 1091 3001 1161 οῦν,
3047 1096 3159 1159 τίς,
3194 1094 3433 1160 ἀκούσας
3460 1095 3569 1148 τῶν
3611 1112 3781 1168 προσ-

2206 1172 2447 1260 ηγοριῶν
2475 1187 2570 1241 τοῦ
2615 1187 2966 1259 Πνεῦματος,
3003 1187 3063 1240 οὐ
3106 1187 3441 1241 διανίσταται
3489 1191 3556 1259 τῇ
3596 1187 3780 1260 ψυχῇ,

2208 1281 2304 1334 καὶ
2329 1280 2464 1352 πρὸς
2496 1279 2595 1352 τὴν
2616 1280 2876 1333 ἀνωτάτω
2903 1279 3064 1350 φύσιν
3099 1280 3199 1350 τὴν
3232 1278 3441 1334 ἔννοιαν
3460 1279 3778 1353 ὑπεραίρεις

2209 1368 2429 1440 Πνεῦμα
2450 1370 2559 1440 γὰρ
2584 1366 2719 1421 Θεοῦ
2745 1368 2983 1441 εἴρηται,
3016 1369 3109 1422 καὶ
3130 1367 3355 1439 Πνεῦμα
3382 1360 3484 1439 τῆξ
3503 1368 3780 1439 ἀληθείας,

2207 1462 2237 1515 ὃ
2284 1462 2435 1535 παρά
2483 1459 2579 1514 τοῦ
2628 1460 2841 1532 Πατρὸς
2878 1460 3282 1532 ἐκπορεύεται⁸
3320 1460 3545 1532 Πνεῦμα
3593 1462 3782 1525 εὑθές,

2209 1556 2432 1627 Πνεῦμα
2476 1554 2803 1626 ἡγεμονικόν
2856 1554 2989 1625 (22).
3039 1554 3263 1626 Πνεῦμα
3323 1554 3477 1624 διγιον
3531 1557 3565 1627 ἡ
3620 1555 3781 1628 κυρία

2210 1647 2373 1701 αὑτοῦ
2407 1647 2501 1700 καὶ
2532 1647 2807 1712 ίδιάςουσα
2835 1647 3051 1717 κλῆσις⁸
3088 1648 3225 1720 ὅπερ
3256 1649 3329 1717 δὴ
3379 1647 3615 1719 μάλιστα
3651 1665 3783 1702 παν-

2210 1739 2301 1801 τὸς
2326 1737 2437 1808 (‘25)
2467 1735 2559 1790 τοῦ
2601 1735 2897 1808 ἀσωμάτου
2918 1777 2933 1800 ,
2971 1739 3067 1791 καὶ
3112 1737 3366 1808 καθαρῶς
3393 1738 3557 1791 ἀῦλου
3594 1756 3656 1792 τε
3691 1740 3782 1792 καὶ

537 1823 893 1893 compositam
932 1822 1191 1878 declarat.
1229 1821 1575 1894 QuaprOpter
1600 1832 1654 1880 et
1686 1824 1952 1880 Dominus
1982 1841 2106 1880 cum

2219 1828 2450 1901 ἀμεροῦς
2475 1827 2647 1897 ὄνομά
2671 1830 2827 1902 ἐστι.Δ
2848 1829 2938 1882 Διὸ
2968 1830 3064 1884 καὶ
3100 1830 3127 1883 ό
3158 1829 3381 1901 Κύριος,
3407 1829 3506 1900 τὴν
3546 1830 3604 1884 ἐν
3636 1830 3780 1902 τόπῳ
3828 1842 3839 1853 '

536 1931 678 1981 eam,
710 1932 831 1987 qua:
874 1914 1042 1971 Deum
1087 1915 1141 1970 in
1178 1916 1298 1971 loco
1324 1915 1542 1973 adorari
1573 1918 1943 1983 existimabat,
1977 1920 2110 1974 edo-

537 2017 717 2074 ceret,
759 2024 872 2065 rem
906 2010 1283 2079 incorporeum
1333 2008 1722 2080 comprehendi
1760 2023 1869 2063 non
1923 2023 2106 2079 posse,

537 2098 789 2167 Spiritus,
811 2099 1009 2169 inquit,
1030 2108 1109 2153 est
1130 2098 1269 2154 Deus
1292 2100 1359 2155 ὀ.
1382 2098 1615 2156 Proinde
1638 2098 1753 2155 ﬁeri
1777 2114 1885 2155 non
1906 2106 2106 2171 potest,

540 2200 598 2247 ut
628 2180 732 2263 'qui
779 2193 934 2247 audit
977 2191 1266 2261 Spiritum,
1308 2200 1559 2247 naturam
1593 2191 1713 2247 loco
1760 2192 2112 2247 circumscri-

519 2295 710 2361 ⁸ιιιιιιιι,
737 2291 832 2338 aut
855 2285 1256 2340 mutationibus
1277 2296 1332 2339 et
1352 2284 1773 2341 alterationibus
1794 2284 2108 2353 obnoxiam,

537 2384 633 2431 aut
670 2376 896 2432 omnino
939 2384 1204 2432 creatura:
1241 2376 1474 2433 similem
1526 2378 1630 2433 sibi
1664 2378 1847 2433 animo
1892 2377 2106 2448 ﬁngat:

539 2468 634 2524 sed
677 2468 748 2523 ad
794 2468 849 2524 id
879 2469 1025 2539 quod
1076 2485 1350 2526 summum
1398 2478 1483 2526 est
1528 2470 1858 2542 cogitatione
1888 2486 2111 2543 progre-

538 2560 716 2626 diens,
734 2561 1126 2632 intelligentem
1145 2562 1509 2618 substantiam
1530 2562 1735 2633 cogitet
1756 2578 1985 2620 necesse
2002 2573 2108 2633 est,

538 2652 741 2708 virtute
782 2652 1088 2719 inﬁnitam,
1131 2653 1507 2724 magnitudine
1543 2654 2109 2727 incircumscriptam,

537 2760 639 2800 nec
673 2751 977 2815 temporum
1023 2758 1125 2799 nec
1160 2744 1483 2800 seculorum
1526 2745 1925 2802 dimensionem
1971 2748 2116 2803 reci-

540 2837 799 2907 pientem,
836 2850 901 2891 ea
946 2852 1067 2908 qua:
1107 2836 1271 2891 habet
1302 2836 1445 2891 bona
1493 2837 1643 2910 large
1684 2838 2111 2911 impartienteln.

537 2930 622 2985 Ad
648 2944 811 3002 quem
838 2930 1020 2984 omnia
1049 2937 1447 2985 convertuntur
1474 2946 1598 3001 qua:
1618 2939 1777 3002 egent
1804 2930 2117 2988 sanctiﬁca-

541 3026 691 3080 tione
717 3041 732 3077 :
759 3038 922 3094 quem
952 3023 1137 3077 omnia
1172 3024 1608 3094 appetuntjuxta
1638 3024 1896 3080 virtutem
1920 3024 2115 3080 viven-

2209 1899 2633 1991 προσκυνεῖσθαι
2657 1918 2747 1971 τὸν
2770 1899 2903 1971 Θεὸν
2929 1919 3238 1989 ἡγουμένην
3251 1899 3366 1990 (9.4)
3390 1918 3675 1985 διδάσκων,
3704 1899 3781 1975 δτι

2210 2008 2583 2082 ἀπερίληπτον
2615 2008 2676 2061 τὸ
2712 2006 3021 2079 ἀσώματον,
3053 2010 3314 2079 Πνεῦμα,
3344 2010 3526 2081 φησιν,
3555 2014 3587 2065 ὀ
3619 2012 3777 2078 Θεός.

2212 2103 2285 2155 Οὐ
2315 2101 2493 2154 τοίνυν
2523 2099 2768 2167 δυνατὸν,
2794 2100 3019 2172 Πνεῦμα
3046 2100 3377 2163 ἀκούσαντα,
3410 2118 3783 2175 περιγεγραμ-

2216 2195 2383 2266 μένην
2418 2192 2579 2263 φύσιν
2625 2193 2935 2246 ἐντυπιῖισαι
2979 2195 3045 2264 τῇ
3082 2192 3309 2264 διανοίᾳ,
3342 2194 3375 2265 ἢ
3422 2198 3656 2265 τροπαῖς
3695 2195 3782 2248 καὶ

2211 2285 2559 2341 ἀλλοιώσεσιν
2592 2284 2984 2356 ὑποκειμένην,
3019 2284 3052 2357 ἢ
3086 2285 3221 2347 ὅλως
3249 2285 3443 2355 ὁμοίαν
3464 2289 3530 2357 τῇ
3570 2286 3778 2339 κτίσεν

2211 2375 2348 2431 ἀλλά
2371 2375 2506 2449 πρὸς
2526 2375 2587 2429 τὸ
2607 2375 2867 2430 ἀνωτάτω
2884 2377 3005 2439 ταῖς
3029 2375 3257 2438 ἐννοίαις
3279 2375 3575 2447 χωροῦντα,
3594 2376 3782 2448 νοεράν

2212 2469 2399 2524 οὐσίαν
2430 2466 2737 2535 ἐπάναγκες
2787 2467 3019 2532 ἐννοεῖν,
3061 2465 3289 2539 ἀπειρον
3323 2466 3465 2521 κατὰ
3517 2466 3778 2538 δύναμιν,

2216 2558 2437 2633 μεγέθει
2469 2558 2870 2630 ἀπεριόριστον,
2914 2557 3192 2629 χρόνοιςῆ
3231 2558 3421 2612 αἰῶσιν
3458 2559 3777 2632 ἀμέτρητον,

2210 2654 2445 2725 ἄφθονον
2477 2647 2551 2707 ὧν
2580 2652 2691 2723 ἔχει
2731 2650 2934 2706 καλῶν.
2981 2652 3123 2724 Πρὸς
3146 2651 3175 2704 δ
3208 2651 3384 2705 πάντα
3416 2651 3782 2723 ἐπέστραπται

2213 2747 2283 2801 τὰ
2313 2744 2587 2817 ἀγιασμοῦ
2611 2744 3011 2817 προσδεόμενα·
3038 2740 3099 2799 οὗ
3129 2746 3306 2799 πάντα
3329 2746 3538 2817 ἐφίεται
3566 2747 3639 2800 τὰ
3668 2746 3780 2801 κατ’

2214 2838 2417 2911 ἀρετὴν
2468 2835 2681 2902 ζῶντα,
2719 2830 2830 2889 οἷον
2885 2835 3230 2907 ἐπαρδόμενα
3274 2840 3341 2908 τῇ
3394 2838 3653 2910 ἐπιπνοίᾳ
3697 2837 3784 2891 καὶ

2218 2928 2559 3001 βοηθοῦμενα
2592 2929 2732 3001 πρὸς
2758 2927 2821 2981 τὸ
2856 2930 3054 2982 οἰκεῖον
3094 2930 3305 2991 ἑαυτοῖς
3331 2928 3427 2982 καὶ
3454 2928 3597 2982 κατὰ
3628 2928 3782 2999 φύσιν

2217 3002 2386 3085 τέλοςξ
2424 3002 2777 3074 Τελειωτικὺν
2830 3019 2939 3073 τῶν
2991 3019 3195 3085 ἄλλων,
3245 3018 3377 3073 αὐτὸ
3443 3018 3501 3071 δέ
3549 3018 3781 3089 οὐδαμοῦ

540 3114 639 3177 tin,
671 3111 832 3183 cujus
859 3110 1039 3166 aﬂlatu
1062 3113 1209 3169 velut
1240 3114 1545 3185 irrigantur
1570 3123 1626 3169 et
1668 3113 2022 3185 adjuvantur,
2055 3120 2112 3171 ut

2219 3113 2494 3167 ἐλλεῖπον·
2535 3113 2643 3191 οὐκ
2685 3110 3089 3175 ἐπισκευαστῶς
3117 3111 3231 3181 (25)
3274 3110 3415 3176 ζῶν,
3463 3110 3596 3164 ἀλλά
3646 3109 3784 3179 ζωῆς

546 3208 871 3279 perveniant
894 3204 962 3261 ad
991 3207 1272 3277 proprium
1296 3222 1457 3264 suum
1482 3207 1897 3278 naturalemque
1925 3210 2112 3266 linem.

540 3295 645 3363 Qui
671 3295 884 3367 perﬁcit
916 3304 1137 3364 caetera,
1169 3296 1285 3367 ipse
1318 3313 1451 3353 vero
1480 3297 1538 3352 in
1584 3298 1738 3354 nullo
1772 3298 1954 3356 deﬁcit
1981 3300 2113 3371 :qui

542 3405 654 3445 non
679 3390 814 3445 vivit
832 3405 934 3461 per
957 3389 1437 3457 instaurationem,
1461 3391 1557 3448 sed
1577 3390 1745 3447 vitam
1771 3393 2112 3465 suppeditat;

543 3498 647 3538 nec
677 3484 1090 3540 accessionibus
1118 3487 1385 3557 augescit,
1423 3485 1518 3543 sed
1554 3485 1741 3541 statim
1769 3487 1965 3558 plenus
1993 3495 2111 3544 est:

544 3574 638 3644 qui
685 3573 741 3629 iu
793 3574 977 3645 seipso
1029 3574 1304 3643 ﬁrmatur,
1346 3588 1401 3633 et
1447 3592 1719 3649 nusquam
1773 3592 1886 3633 non
1937 3576 2109 3633 adest.

544 3664 711 3735 (trigo
749 3664 1236 3733 sanctiﬁcationis,
1278 3667 1369 3721 lux
1414 3666 1817 3739 iutelligibilis:
1846 3667 2115 3725 universae

543 3754 799 3826 potentiae
840 3755 1097 3811 rationali
1137 3759 1206 3814 ad
1235 3759 1488 3816 veritatis
1518 3759 1992 3833 investigationem
2018 3775 2114 3816 ve-

546 3846 627 3901 lut
657 3847 1079 3905 illustrationem
1114 3851 1405 3921 quamdam
1434 3868 1503 3910 ex
1533 3867 1657 3910 sese
1691 3853 1964 3925 praebens.
2003 3851 2116 3908 Nae

545 3948 669 3996 tura
696 3940 1039 4006 inaccessus,
1072 3943 1168 3999 sed
1201 3945 1295 4015 qui
1343 3946 1465 4016 capi
1496 3945 1673 4016 possit
1704 3944 1776 4000 ob
1811 3943 2119 4015 benignita-

546 4041 692 4100 tem;
723 4034 911 4089 omnia
951 4036 1173 4106 quidem
1214 4037 1449 4108 implens
1479 4038 1705 4100 virtute.
1743 4035 1842 4093 sed
1881 4036 2018 4092 solis
2048 4035 2118 4092 iis

546 4126 641 4197 qui
686 4125 836 4198 digni
882 4135 1015 4184 sunt
1058 4129 1564 4194 communicabilis,
1595 4129 1799 4200 quibus
1845 4143 1969 4185 sese
2009 4142 2121 4184 non

547 4217 742 4274 eadem
785 4219 1031 4291 impertit
1060 4236 1344 4285 mensura,
1391 4222 1486 4277 sed
1527 4221 1683 4293 juxta
1711 4201 2119 4293 proportionem

2220 3206 2485 3281 χορηγόν’
2519 3205 2580 3257 οὐ
2616 3201 2954 3275 προσθήκαις
2988 3200 3373 3273 αὐξανόμενον,
3420 3199 3553 3255 ἀλλὰ
3586 3200 3783 3272 πλῆρες

2220 3298 2383 3362 εὐθὺς
2410 3296 2545 3367 (26),
2579 3298 2636 3350 ἐν
2686 3295 2861 3367 ἐαυτῷ
2910 3293 3217 3367 ἱδρυμένον,
3273 3294 3368 3346 καὶ
3400 3291 3672 3362 πανταχοῦ
3709 3291 3781 3344 δν.

2233 3390 2532 3462 Ἀγιασμοῦ
2574 3390 2807 3460 γένεσις,
2844 3388 2961 3459 φῶς
3009 3388 3219 3459 νοητὸν,
3251 3388 3400 3461 πάσῃ
3438 3386 3665 3457 δυνάμει
3706 3385 3787 3437 λο-

2222 3487 2351 3557 γικῇ
2388 3483 2524 3555 πρὸς
2552 3482 2650 3553 τὴν
2679 3482 2777 3553 τῆς
2803 3481 3060 3553 ἀληθείας
3097 3482 3311 3554 εῦρεσιν
3340 3476 3449 3535 οἷόν
3469 3500 3588 3535 τινα
3621 3499 3786 3536 κατα-

2219 3576 2446 3647 φάνειαν
2483 3575 2550 3628 δι’
2581 3573 2773 3627 ἐαυτοῦ
2818 3574 3210 3650 παρεχόμενον.
3248 3574 3566 3645 Ἀπρόσιτον
3600 3578 3667 3644 τῇ
3697 3574 3787 3644 cti-

2221 3686 2304 3723 σει
2323 3684 2337 3700 ο
2367 3666 2616 3741 χωρητὸν
2643 3665 2712 3719 δι’
2749 3666 3059 3738 ἀγαθότητα
3079 3681 3092 3695 ·
3124 3667 3301 3721 πάντα
3338 3668 3433 3738 μὲν
3464 3666 3704 3739 πληροῦν
3724 3668 3784 3738 τῇ

2220 3759 2471 3831 δυνάμει,
2503 3758 2688 3829 μόνοις
2720 3757 2778 3811 δὲ
2818 3757 2876 3811 ὃν
2910 3757 3171 3828 μεθεκτὺν
3202 3761 3313 3822 τοῖς
3350 3756 3544 3825 ἀξίοις,
3576 3759 3678 3830 οὐχ
3714 3759 3787 3812 ἐνὶ

2226 3850 2411 3923 μέτρῳ
2433 3848 2811 3921 μετεχόμενον,
2829 3848 2964 3901 ἀλλά
2995 3849 3116 3902 κατ’
3137 3849 3423 3917 ἀναλογίαν
3441 3849 3540 3920 τῆς
3560 3836 3789 3912 πίστεως

2222 3942 2463 4016 διαιροῦν
2495 3940 2594 4013 τὴν
2630 3942 2931 4013 ἐνέργειαν.
2978 3940 3205 3994 Ἀπλοῦν
3241 3945 3308 4013 τῇ
3338 3941 3513 4013 οὐσίᾳ,
3555 3942 3787 3995 ποικίλον

2223 4037 2345 4097 ταῖς
2370 4033 2695 4105 δυνάμεσιν·
2727 4033 2847 4086 ὅλον
2884 4031 3099 4104 ἑκάστῳ
3130 4033 3321 4105 παρὸν,
3352 4033 3448 4086 καί⁸
3478 4033 3599 4086 ὅλον
3634 4035 3790 4088 ἀπαν-

2220 4124 2388 4198 ταχοῦ
2420 4124 2499 4181 δν.
2533 4124 2784 4190 ’Δπαθῶς
2813 4124 3188 4197 μεριζόμενον,
3226 4127 3320 4179 καὶ
3363 4124 3673 4196 ὁλοσχερῶς
3707 4141 3788 4195 με·

2222 4218 2514 4292 τεχόμενον
2539 4217 2687 4291 (Ξηο
2720 4218 2863 4273 κατά
2897 4220 2995 4290 τὴν
3022 4218 3205 4272 εἰκόνα
3242 4220 3341 4290 τῆς
3373 4219 3604 4292 ἡλιακῆς
3646 4218 3787 4272 ἀκτί·

616 4373 665 4407 ⁸⁸
693 4370 851 4430 Joan.
881 4389 973 4439 xv,
1011 4373 1101 4430 26.
1177 4374 1223 4407 ⁸⁹
1256 4372 1403 4430 Psal.
1432 4390 1486 4441 ι,
1519 4372 1610 4445 12,
1662 4374 1750 4431 15.
1821 4374 1867 4408 ’θ
1893 4372 2054 4430 Joan.
2088 4389 2164 4440 tv,
2197 4372 2291 4429 24.

618 4527 733 4601 (21)
761 4527 1147 4601 ᾼιδασκατιιᾳ.
1176 4528 1398 4583 Addunt
1435 4527 1591 4592 editi,
1625 4528 1720 4601 καὶ
1750 4528 1831 4582 ὅτι
1854 4527 2112 4601 δεσπότης

2229 4536 2315 4583 rat
2342 4525 3098 4601 interpretationemErasmi
3141 4527 3521 4595 Combeﬁsius,
3571 4545 3641 4585 ac
3676 4546 3787 4585 ver-

547 4598 898 4671 τδΠνεῦμα,
946 4600 1049 4671 sed
1086 4600 1206 4671 bace
1253 4601 1456 4671 absunt
1493 4615 1523 4653 a
1560 4599 1801 4671 quinque
1831 4599 2119 4671 codicibus

553 4685 686 4743 mss.
724 4668 923 4724 Statim
968 4668 1099 4743 editi
1146 4671 1276 4743 περὶ
1314 4670 1468 4739 ἀγίου
1503 4668 1842 4741 Πνεῦματος.
1874 4668 1983 4725 Sed
2013 4685 2118 4725 vox

550 4741 707 4810 ἁγίου
730 4757 839 4796 non
870 4741 1138 4810 reperitur
1167 4740 1231 4794 iu'
1252 4756 1386 4795 mss.

623 4811 736 4879 (2?!)
766 4809 1006 4880 Πνεῦμα
1033 4810 1407 4881 ἡγεμονικόν.
1442 4809 1533 4866 Sic
1558 4818 1815 4881 repetunt
1853 4810 1997 4865 hanc
2021 4824 2119 4865 vo-

547 4895 670 4940 cem
706 4883 827 4937 libri
863 4893 1093 4936 veteres.

621 4952 733 5018 (25)
767 4952 1017 5016 Πιιντός.
1061 4949 1152 5007 Sic
1183 4951 1401 5007 codices
1439 4967 1573 5007 mss.
1627 4957 1681 5005 et
1725 4950 1894 5006 editio
1937 4950 2114 5021 prima

548 5020 716 5078 Basil.
740 5022 798 5076 in
826 5022 948 5076 aliis
979 5021 1314 5091 editionibus
1341 5023 1534 5091 legitur
1562 5021 1799 5075 πάντων.

622 5092 735 5164 (24)
761 5090 1153 5162 Ἰιγυυμένηη
1192 5092 1329 5148 Male
1359 5089 1419 5146 in
1456 5093 1620 5164 editis
1658 5091 1911 5164 additum
1938 5089 2115 5145 fuerat

549 5162 750 5234 ψυχήν,
782 5178 905 5234 quae
928 5179 1035 5234 vox
1079 5179 1181 5219 nec
1222 5165 1279 5217 in
1312 5178 1445 5218 mss.
1479 5163 1766 5234 codicibus
1812 5162 2116 5234 legitur,_et

552 5232 837 5288 Sententia:
888 5232 1120 5304 nitorem
1174 5234 1477 5304 perturbat.
1525 5232 1735 5304 Similis
1779 5234 1932 5286 locus
1972 5232 2114 5304 intra

550 5304 797 5358 occurrit
829 5304 896 5357 de
943 5302 1134 5360 eadem
1174 5300 1407 5360 inuliere
1454 5303 1803 5358 Samaritana
1847 5316 1971 5372 cap.
2020 5300 2115 5367 26,

552 5390 610 5427 ιι.
635 5375 699 5447 -ῥ,
719 5375 828 5447 ubi
857 5376 1063 5444 pariter
1098 5376 1433 5447 non_legitur
1460 5375 1659 5445 ψυχήν.

624 5444 738 5515 (25)
785 5442 1312 5513 Ἐπισκευαστῶςῖ
1337 5442 1431 5502 Sic
1475 5442 1672 5501 omnes
1716 5442 1935 5500 codices
1982 5456 2117 5498 mss.

552 5511 698 5571 Editi
720 5511 1211 5579 ἐπισκευαστικῶς.

626 5584 739 5658 (26)
770 5582 1001 5658 ιιλῆρες
1050 5587 1250 5658 εὐθὺς.
1309 5584 1405 5658 Sic
1461 5600 1655 5645 omnes
1709 5584 1929 5645 codices
1976 5598 2111 5641 mss.

554 5653 695 5727 nale
722 5653 778 5711 in
811 5653 977 5711 editis
1011 5656 1235 5727 πλῆρες,
1269 5655 1443 5719 εὑθὲς.

626 5726 740 5799 (i7)
778 5724 1145 5796 Ὀλοσχερὼξ·
1160 5727 1579 5796 μετεχόμενον.
1606 5725 1880 5784 Immerito
1906 5724 2113 5798 vitupe-

2229 4600 2454 4672 tendutn
2476 4613 2598 4653 esse
2619 4599 2944 4672 pronuntiat
2957 4617 2987 4672 ι
3008 4600 3100 4670 qui
3120 4601 3335 4669 integre,
3370 4600 3421 4653 in
3455 4611 3621 4653 totum
3640 4602 3786 4672 plane

2225 4669 2595 4739 participetur.
2622 4668 2787 4740 Nam
2825 4668 3083 4734 Basilius,
3134 4668 3239 4740 qui,
3278 4672 3472 4740 probat
3522 4668 3650 4726 hoc'
3674 4674 3785 4726 loco

2227 4740 2650 4811 immensitatem
2697 4739 2946 4811 Spiritus
2972 4739 3170 4802 sancti,
3221 4739 3348 4795 num
3392 4743 3571 4797 dicere
3619 4743 3783 4811 potuit

2225 4826 2411 4884 eumga
2447 4809 2610 4884 rebus
2646 4810 2848 4884 creatis
2893 4809 3042 4880 plene
3071 4820 3120 4864 et
3149 4812 3205 4884 in
3250 4820 3413 4884 totum
3454 4809 3698 4884 percipi?
3725 4813 3784 4865 At

2226 4879 2490 4950 Spiritum
2525 4878 2600 4933 ita
2626 4879 2794 4934 dividi
2829 4878 3324 4946 et‘communirari,
3368 4890 3425 4936 ut
3454 4878 3685 4939 iotus'et
3710 4885 3784 4937 in-

2226 4960 2387 5023 teger
2407 4957 2643 5023 maneat,
2678 4952 2951 5023 sententia
2979 4960 3063 5005 est
3093 4950 3295 5006 Basilio
3321 4952 3481 5023 digna
3510 4962 3563 5007 et
3585 4954 3783 5007 sanctis

2223 5019 2480 5093 Patribus
2531 5019 3058 5093 notissimasllnum
3096 5036 3169 5093 ex
3219 5019 3477 5077 oinnifsus
3519 5025 3783 5093 proferam

2221 5092 2595 5157 Ambrosium,
2613 5096 2706 5160 qui
2731 5090 2992 5145 Basilium
3018 5090 3266 5147 imitatur
3287 5104 3340 5147 ct
3362 5090 3599 5160 illustrat
3623 5112 3636 5147 :
3667 5092 3783 5145 Non

2220 5162 2358 5215 enim
2392 5156 2807 5232 tamine/ludit,
2850 5162 3025 5232 inquit
3050 5162 3144 5215 lib.
3190 5178 3205 5216 ι
3248 5162 3322 5217 De
3355 5156 3554 5232 Spiritu
3585 5175 3782 5224 sancto,

2223 5246 2344 5303 cap.
2379 5231 2433 5296 8,
2459 5232 2551 5286 sed
2582 5230 2720 5303 quod
2760 5231 3245 5303 e/Iudit._omnibus
3286 5230 3590 5288 abundarit.
3640 5231 3784 5300 Quod

2223 5302 2385 5372 igitur
2422 5303 2572 5357 nobis
2596 5301 2735 5356 satis
2763 5318 2873 5357 esse
2896 5301 3179 5372 judiravit,
3214 5302 3400 5372 effudit
3424 5320 3449 5376 :7
3474 5316 3521 5359 et
3548 5305 3685 5376 quod
3710 5303 3786 5376 eff

2225 5370 2402 5441 [usum
2446 5382 2546 5438 est,
2591 5388 2695 5427 non
2739 5370 3041 5441 separatum
3087 5382 3164 5428 est
3210 5370 3302 5427 nec
3347 5370 3571 5430 incisuni
3626 5395 3645 5430 ;
3703 5370 3787 5427 sed

2228 5443 2483 5498 unitatem
2520 5444 2698 5507 habet,
2746 5459 2846 5513 quo
2895 5445 3060 5498 aciem
3104 5445 3274 5499 nostri
3320 5446 3491 5501 cordis
3535 5445 3787 5499 illuminct

2224 5528 2320 5579 pro
2370 5524 2567 5569 nostra:
2598 5515 2964 5586 possibilitate
3013 5515 3243 5568 virtutis.
3301 5515 3534 5586 Denique
3589 5525 3786 5569 tantum

2221 5585 2480 5655 capimus,
2534 5585 2792 5655 quantum
2840 5584 3103 5654 profectus
3153 5596 3351 5640 nostra:
3394 5584 3578 5641 mentis
3611 5587 3784 5655 acqui-

2222 5658 2313 5727 rit.
2342 5654 2746 5727 inseparabilis
2806 5665 2883 5710 est
2948 5657 3087 5709 enim
3147 5656 3418 5724 plenitudo
3460 5660 3646 5727 gratio:
3685 5654 3786 5723 spi-

2223 5725 2420 5794 ritalis,
2466 5724 2556 5782 sed
2590 5724 2739 5781 nobis
2781 5742 2877 5795 pro
2921 5735 3116 5781 nostra?
3156 5724 3515 5794 participatur
3544 5729 3785 5788 facultate
