3908 6546
627 392 721 445 Ml

1970 384 2030 440 8.
2070 384 2192 440 Β.ὶὲ

2299 388 2313 441 l
2352 385 2564 442 MAGNI
3755 379 3847 434 “2

622 510 854 564 naturae,
881 498 1075 570 partim
1099 496 1246 567 quod
1280 482 1545 567 dignitate
1580 496 1653 551 sit
1686 495 1938 551 inferior.
1983 496 2192 563 Quibus

2299 500 2355 553 τὸ
2379 504 2477 573 τῆς
2498 500 2654 567 ἀξίας
2680 498 2954 560 καταδεές.
2981 496 3122 568 Πρὸς
3144 495 3237 559 οὓς
3260 496 3467 550 δίκαιον
3487 493 3583 566 τὴν
3603 495 3707 547 τῶν
3730 496 3847 550 ἀπο-

620 606 836 664 ιειιιιιιιιι
866 597 951 644 est
977 593 1037 642 ut
1066 586 1437 657 apostolorum
1468 587 1655 642 verbis
1701 587 2134 657 respondeamus
2178 608 2193 643 :

620 683 734 738 Deo
768 687 967 749 oportet
996 677 1205 732 obedire
1232 678 1400 746 magis
1435 693 1594 747 quam
1628 676 1924 732 hominibus
1964 678 2030 732 ".
2061 678 2194 733 Nam

623 773 670 827 si
689 770 952 825 Dominus
986 779 1170 838 aperte
1196 768 1250 821 in
1278 765 1539 822 tradendo
1568 768 1852 825 salutifero
1873 770 2197 839 baptismate

622 864 881 934 praecepit
908 860 1215 929 discipulis,
1248 868 1307 914 ut
1346 860 1685 929 baptizareut
1711 876 1899 915 omnes
1924 870 2112 931 gentes
2140 862 2194 914 in

619 956 841 1010 nomine
867 952 1048 1006 Patris
1078 958 1132 1004 ct
1174 950 1295 1006 Filii
1331 960 1387 1006 et
1434 950 1670 1021 Spiritus
1704 953 1881 1007 sancti
1923 954 1968 983 ⁹²
1990 992 2005 1016 ,
2054 953 2196 1007 haud

1699 1062 1715 1097 :
1756 1051 1947 1097 contra
1990 1044 2082 1097 isti
2113 1043 2195 1097 di~

622 1044 947 1114 dedignatus
996 1056 1121 1094 cum
1165 1041 1261 1096 illo
1311 1043 1652 1097 consortium

618 1145 786 1199 cunt,
832 1149 942 1188 non
989 1141 1243 1201 oportere
1285 1132 1551 1203 Spiritum
1596 1132 1744 1187 Patri
1790 1132 2036 1204 Filioque
2088 1120 2192 1204 21

621 1227 973 1296 conjungere;
1006 1239 1076 1278 an
1100 1238 1209 1277 non
1244 1222 1337 1277 Dei
1371 1233 1644 1294 prteccpto
1694 1224 1871 1294 palam
1900 1225 2196 1280 adversan-

621 1318 749 1374 tur?
782 1316 1018 1379 Etenim,
1045 1316 1091 1370 si
1120 1315 1311 1369 dicunt
1339 1315 1650 1383 hujusdlodi
1674 1317 2058 1384 conjunctione
2088 1332 2195 1371 non

620 1405 886 1461 declarari
911 1405 1073 1458 ullam
1107 1405 1547 1459 communionem
1577 1411 1674 1458 aut
1721 1405 2084 1471 consortium;
2114 1405 2197 1459 di-

619 1513 749 1558 cant
775 1501 1036 1572 quidnam
1064 1500 1356 1554 convcniat
1404 1499 1506 1554 hoc
1553 1498 1908 1564 existimare,
1941 1507 1996 1553 et
2033 1512 2192 1569 quam

620 1596 783 1649 aliam
809 1592 1037 1649 etl‘erant
1056 1593 1230 1663 magis
1254 1593 1588 1662 peculiarem
1612 1590 1881 1645 consortii
1907 1591 2197 1645 rationem?

622 1684 690 1740 Et
722 1685 943 1756 quidem
985 1685 1033 1740 si
1066 1682 1330 1739 Dominus
1380 1683 1482 1739 sibi
1527 1691 1581 1738 et
1614 1682 1762 1736 Patri
1792 1697 1902 1736 non
1947 1682 2197 1751 adjuuxit

568 1759 578 1783 κ
626 1774 891 1845 Spiritum
929 1772 983 1828 in
1011 1774 1306 1843 baptismo.
1332 1788 1509 1843 neque
1534 1773 1697 1825 etiam
1723 1772 1882 1843 nobis
1912 1772 2045 1825 vitio
2078 1787 2197 1825 ver-

623 1838 740 1919 ta-nt
770 1863 918 1935 quod
947 1879 1043 1918 eos
1075 1838 1487 1934 coniungimus.
1523 1861 1669 1916 Nihil
1695 1838 1841 1917 enim
1872 1878 1975 1917 nos
2015 1862 2193 1917 diver-
2228 1838 2269 1894 Β

622 1971 745 2009 sum
778 1971 953 2025 neque
994 1956 1301 2019 sentimus.
1338 1970 1514 2025 neque
1546 1954 1841 2023 loquimur.
1875 1955 1972 2008 Sin
2012 1966 2192 2009 autem

622 2049 737 2104 illic
787 2049 1122 2118 conjunctus
1176 2055 1262 2102 est
1305 2046 1455 2102 Patri
1502 2055 1557 2102 et
1601 2047 1740 2103 Filio
1785 2046 2045 2117 Spiritus,
2096 2063 2195 2102 nec

621 2141 914 2211 quisquam
958 2149 1039 2194 cst
1082 2139 1218 2192 adeo
1268 2137 1556 2210 impudens
1580 2177 1596 2203 ,
1628 2146 1687 2192 ut
1719 2137 1867 2192 aliud
1899 2139 2194 2208 quidquam

623 2233 792 2299 dicat,
838 2248 906 2286 ne
936 2232 1017 2285 sic
1045 2230 1264 2301 quidem
1293 2245 1395 2285 nos
1427 2229 1482 2283 in
1501 2230 1595 2300 jus
1624 2240 1838 2294 vocent,
1868 2231 1915 2285 si
1948 2230 2195 2301 Scriptu-

622 2340 716 2381 ras
742 2325 1046 2394 sequimur.

692 2417 785 2474 25.
816 2416 923 2471 Sed
954 2416 1077 2471 belli
1106 2414 1395 2471 adversum
1431 2398 1531 2471 nos
1565 2430 1859 2488 apparatus
1892 2416 2195 2474 instructus

622 2509 1032 2586 est,onmisquc
1051 2507 1312 2577 cogitatio
1343 2506 1552 2561 intenta
1579 2515 1663 2562 est
1689 2508 1744 2561 in
1766 2522 1889 2571 nos,
1925 2518 1977 2563 et
2000 2509 2196 2579 lingua:

623 2600 1017 2655 maledicorum
1047 2598 1137 2652 hic
1169 2597 1548 2653 vehementius
1576 2598 1897 2683 jaculantur
1925 2614 2089 2670 quam
2131 2601 2193 2665 ii,

622 2691 715 2760 qui
748 2690 1027 2746 Christum
1073 2686 1423 2751 occiderant,
1472 2687 1913 2758 olimlapidibus
1947 2690 2194 2761 impetie-

624 2778 1132 2849 runtSlcphamtm.
1165 2774 1367 2832 Verum
1398 2792 1467 2833 ne
1498 2787 1925 2848 consequantur,
1950 2788 2008 2835 ut
2031 2780 2197 2835 lateat

622 2887 724 2927 nos
748 2871 965 2941 quidem
989 2885 1112 2927 esse
1139 2868 1267 2924 belli
1293 2870 1676 2936 occasionem',
1722 2870 1819 2925 sed
1862 2886 1984 2942 quae
2020 2888 2194 2942 agun-

622 2971 714 3017 tur
758 2978 954 3018 revera
1002 2962 1068 3015 ad
1113 2961 1392 3016 excelsum
1417 2969 1712 3038 _-spectare.
1759 2965 1950 3034 Itaque
1992 2965 2048 3019 in
2092 2980 2193 3021 nos

623 3052 846 3123 quidem
875 3051 1159 3106 machinas
1191 3059 1246 3105 et
1269 3032 1501 3108 insidias
1529 3032 1833 3118 instruunt,
1860 3032 2037 3127 seque
2074 3072 2194 3110 Inu-

623 3156 721 3200 tuo
753 3143 1116 3199 exhortantur
1141 3143 1208 3196 ad
1250 3141 1506 3197 ferendas
1528 3146 1807 3215 suppetias
1826 3188 1840 3209 ,
1875 3154 1932 3201 ut
1961 3147 2193 3217 quisque
2216 3174 2264 3232 ο

623 3236 819 3307 peritia
847 3241 939 3287 aut
993 3233 1190 3289 robore
1228 3233 1392 3289 valet.
1435 3233 1706 3290 Caeterum
1758 3238 1807 3291 id
1842 3239 1987 3307 quod
2019 3254 2195 3309 oppu-

624 3333 885 3398 putantur,
912 3323 1050 3378 ﬁdes
1072 3332 1176 3388 est,
1207 3324 1364 3395 isque
1388 3339 1590 3396 scopus
1632 3328 1938 3382 communis
1966 3337 2050 3384 est
2081 3344 2201 3383 om-

625 3420 788 3473 nibus
817 3416 1167 3481 adversariis,
1198 3426 1251 3470 et
1279 3431 1426 3472 sana:
1459 3418 1721 3473 doctrina:
1750 3419 2005 3481 inimicis,
2028 3428 2085 3474 ut
2107 3437 2199 3477 so-

627 3508 894 3563 liditatem
923 3506 1043 3564 ﬁdei
1078 3507 1132 3561 in
1161 3507 1442 3563 Christum
1473 3510 1812 3573 concutiant,
1847 3513 2196 3580 aposlolicam

633 3600 985 3656 traditionem
1016 3600 1133 3654 solo
1154 3608 1420 3669 aequatam
1449 3601 1734 3657 abolendo.
1756 3601 2072 3675 Eapropter,
2090 3607 2200 3661 sic-

629 3701 689 3748 ut
723 3694 900 3747 solent
933 3692 1022 3763 qui
1056 3693 1211 3747 bonaz
1256 3691 1380 3746 ﬁdei
1415 3691 1693 3749 debitores
1737 3704 1886 3759 sunt,
1918 3698 2199 3766 probatio-

628 3798 725 3838 nes
752 3797 783 3838 e
812 3783 1096 3851 Scriptura
1124 3782 1361 3836 clamore
1390 3782 1648 3853 exigunt,
1690 3782 1913 3840 Patrum
1932 3782 2197 3845 'testitno-

625 3876 800 3937 nium,
848 3874 997 3944 quod
1040 3873 1302 3944 scriptum
1336 3890 1443 3930 non
1479 3884 1601 3939 est,
1643 3878 1792 3931 velut
1837 3879 2047 3937 nullius
2082 3897 2200 3936 mo-

614 3964 797 4020 menti
824 3964 1158 4034 rejicientes.
1182 3964 1250 4019 At
1275 3963 1343 4018 de
1372 3966 1574 4019 tuenda
1601 3967 1827 4022 veritate
1851 3970 1983 4023 nihil
2005 3972 2200 4026 remit-

626 4066 827 4123 temus,
850 4072 1026 4127 neque
1056 4057 1269 4128 ignavia
1299 4073 1330 4111 a
1350 4057 1588 4115 ferendis
1615 4060 1689 4113 illi
1720 4064 1939 4119 auxiliis
1967 4065 2200 4121 desiste-

624 4162 771 4204 mus.
807 4146 1023 4202 Etenim
1055 4149 1101 4202 si
1132 4147 1390 4202 Dominus
1416 4149 1598 4213 nobis,
1633 4158 1690 4204 ut
1727 4157 2097 4210 necessarium
2135 4173 2199 4213 ac

628 4242 866 4296 salutare
900 4241 1116 4312 dogma,
1154 4239 1387 4310 Spiritus
1408 4255 1532 4295 cum
1566 4241 1724 4299 Patre
1757 4246 2196 4315 conjunctionem

628 4331 871 4396 tradidit;
909 4330 992 4385 his
1019 4337 1199 4383 autem
1227 4345 1330 4384 non
1365 4331 1439 4384 ita
1467 4331 1701 4400 videtur,
1734 4337 1828 4392 sed
1862 4338 2106 4395 dividere
2132 4356 2197 4396 ac

626 4420 931 4476 distrahere
973 4418 1232 4494 Spiritum
1285 4429 1339 4475 et
1373 4422 1439 4477 ad
1480 4425 1733 4481 servilem
1801 4439 2051 4485 naturam
2100 4432 2195 4487 de-

2300 594 2499 646 στόλων
2542 594 2725 663 φωνὴν
2768 588 3167 662 ἀποκρίνασθαι
3206 588 3338 660 (35),
3388 588 3468 641 ὃτι
3518 590 3847 656 Πειθαρχεῖν

2299 682 2420 748 Θεῴ
2451 682 2545 736 δεῖ
2553 680 2791 750 μᾶλλον
2812 679 2849 747 ἣ
2876 676 3227 745 ἀνθρώποις.
3258 676 3320 733 El
3346 674 3453 745 γὰρ
3484 677 3512 728 ὁ
3534 674 3631 745 μὲν
3659 674 3847 745 Κύριος

2299 776 2483 843 σαφῶς
2518 777 2576 828 ὲν
2616 776 2681 845 τῇ
2717 770 3011 843 παραδόσει
3046 769 3139 821 τοῦ
3186 767 3451 838 σωτηρίου
3493 766 3848 838 βαπτίσματος

2298 866 2597 940 προσέταξε
2632 869 2743 929 τοῖς
2775 866 3047 935 μαθηταῖς
3095 862 3373 933 βαπτίζειν
3418 859 3593 940 πάντα
3628 861 3696 913 τὰ
3730 859 3849 930 ἔθνη

2297 938 2375 1020 εἰς
2419 956 2590 1027 ὄνομα
2631 954 2842 1025 Πατρὸς
2889 953 2983 1007 καὶ
3017 952 3148 1005 Υἱοῦ
3191 952 3285 1004 καὶ
3331 938 3487 1018 ἁγίου
3525 949 3844 1019 Πνεύματος,

2295 1049 2393 1102 οὐκ
2425 1047 2672 1111 ἀπαξιῶν
2700 1047 2798 1116 τὴν
2828 1045 2965 1117 ergo;
3004 1044 3135 1099 αὐτὸ
3172 1042 3476 1105 κοινωνίαν,
3505 1037 3647 1095 οὗτοι
3689 1042 3745 1095 δὲ
3781 1043 3847 1114 μὴ

2296 1142 2491 1212 χρῆναι
2526 1138 2658 1193 αὐτὸ
2682 1138 2858 1207 Πατρὶ
2889 1138 2982 1190 καὶ
3006 1134 3119 1205 Υἱῷ
3142 1135 3457 1190 συντάσσειν
3486 1130 3719 1199 λέγουσι·
3743 1131 3847 1195 πῶς

2296 1232 2416 1301 οὐχὶ
2444 1232 2510 1301 τῇ
2540 1227 2634 1282 τοῦ
2665 1226 2799 1280 θεοῦ
2830 1227 3056 1297 διαταγῇ
3088 1224 3368 1297 προδήλως
3395 1221 3769 1287 ἀνθίστανταις
3794 1221 3847 1274 Ei

2300 1322 2399 1392 μὲν
2433 1322 2539 1393 γὰρ
2581 1321 2681 1373 οὐκ
2716 1314 2854 1372 εἷναί
2889 1334 3020 1387 φασι
3054 1317 3153 1389 τὴν
3188 1315 3442 1383 τοιαύτην
3474 1314 3722 1379 σύνταξιν
3747 1331 3845 1367 κοι-

2297 1414 2489 1477 νωνίας
2540 1411 2683 1475 τινὸς
2725 1411 2818 1465 καὶ
2851 1408 3146 1478 συναφείας
3178 1406 3497 1473 δηλωτικὴν,
3533 1406 3844 1467 εἰπάτωσαν,

2294 1506 2347 1559 τί
2382 1505 2479 1576 μὲν
2507 1504 2746 1575 νομίζειν
2774 1500 2931 1554 τοῦτο
2960 1500 3260 1573 προσήκει;
3298 1498 3416 1551 τίνα
3444 1497 3500 1549 δὲ
3526 1496 3709 1566 ἓτερον
3735 1512 3844 1547 συν-

2296 1597 2490 1664 αφείας
2530 1593 2730 1666 τρόπον
2780 1592 3107 1662 οἰκειότερον
3146 1590 3364 1660 ἔχουσι;
3404 1586 3661 1654 Καίτοιγε
3698 1586 3744 1637 εί
3780 1585 3844 1654 μὴ

2299 1687 2532 1758 συνῆψεν
2569 1687 2597 1738 ό
2627 1685 2831 1756 Κύριος
2876 1683 3056 1752 ἑαυτῷ
3092 1684 3185 1735 καὶ⁵
3215 1680 3293 1752 τῷ
3324 1681 3497 1751 Πατρὶ
3534 1679 3596 1732 τὸ
3644 1675 3844 1748 Πνεῦμα

2298 1781 2438 1835 κατὰ
2480 1780 2541 1834 τὸ
2585 1779 2885 1851 βάπτισμα,
2935 1776 3069 1847 μηδὲ
3109 1778 3237 1846 ἡμῖν
3272 1773 3381 1844 (54)
3427 1772 3525 1844 τὴν
3574 1773 3844 1841 συνάφειαν

2297 1870 2722 1940 ἐγκαλείτωσαν.
2773 1867 2939 1920 Οὐδὲν
2968 1865 3097 1936 ’γὰρ
3146 1867 3306 1936 ἡμεῖς
3354 1864 3688 1936 ἀλλοιότερον
3735 1863 3844 1916 οὔτε

2296 1963 2619 2035 φρονοῦμεν,
2648 1960 2772 2014 οὔτε
2801 1956 3169 2029 φθεγγόμεθα.
3196 1958 3257 2010 Εἰ
3283 1957 3337 2010 δὲ
3362 1956 3631 2027 συνῆπται
3654 1956 3762 2008 ἐκεῖ
3778 1954 3843 2025 τῷ

2296 2056 2471 2126 Πατρὶ
2504 2055 2600 2108 καὶ
2638 2052 2717 2123 τῷ
2761 2049 2897 2121 Υίῷ,
2933 2051 3027 2103 κοιλ⁵
3057 2049 3229 2112 οὐδεὶς
3253 2047 3440 2119 ,οὕτως
3471 2046 3689 2118 ἀναιδὴς
3722 2046 3840 2100 ὥστε

2295 2148 2422 2202 ἄλλο
2453 2164 2508 2200 τι
2550 2145 2741 2215 φῆσαι,
2790 2143 2913 2214 μηδ’
2949 2140 3121 2204 οὕτως
3170 2141 3299 2210 ἡμῖν
3344 2139 3759 2209 ἐγκαλείτωσαν,
3800 2138 3840 2189 εί

2295 2242 2405 2304 τοῖς
2432 2235 2837 2308 γεγραμμένοις
2859 2231 3277 2302 ἀκολουθοῦμεν.

2364 2414 2454 2469 25.
2503 2412 2639 2467 Ἀλλ’
2665 2414 2699 2485 ἠ
2723 2412 2819 2483 μὲν
2842 2410 3166 2483 παρασκευὴ
3189 2405 3281 2463 τοῦ
3310 2406 3432 2462 καθ’
3455 2405 3613 2478 ἡμῶν
3632 2406 3839 2474 πολέμου

2296 2505 2734 2578 ὲξήρτυται(55),
2758 2503 2853 2557 καὶ
2879 2504 3028 2556 πᾶσα
3053 2502 3260 2555 διάνοια
3290 2500 3424 2569 πρὸς
3454 2500 3602 2570 ἡμᾶς
3625 2499 3838 2555 τέταται.

2296 2598 2389 2651 καὶ
2424 2596 2661 2665 γλῶσσαι
2692 2594 3025 2666 βλασφήμων
3059 2588 3160 2647 ὧδε
3197 2591 3475 2656 τοξεύουσι
3513 2588 3838 2661 σφοδρότερον

2297 2688 2584 2759 βάλλουσαι
2603 2687 2636 2759 ἢ
2658 2687 2748 2741 τὸν
2770 2686 3036 2755 Στέφανον
3061 2687 3173 2739 τότε
3190 2687 3299 2748 τοῖς
3320 2682 3486 2746 λίθοις
3506 2683 3557 2734 υἱ
3584 2679 3840 2753 χριστοφό-

2295 2796 2394 2836 νοι⁶
2436 2784 2510 2855 μὴ
2554 2781 2969 2836 λανθανέτωσαν
3007 2781 3082 2847 δὲ,
3128 2781 3212 2834 ὅτι
3256 2778 3549 2852 πρόσχημα
3594 2775 3689 2848 μὲν
3716 2775 3839 2845 ἡμᾶς

2295 2877 2322 2927 ὁ
2358 2873 2592 2944 πόλεμος
2624 2874 2758 2944 ἔχει,
2792 2876 2826 2944 ἡ
2859 2873 2915 2925 δὲ
2937 2871 3160 2943 ἀλήθεια
3189 2870 3297 2923 τῶν
3322 2868 3621 2940 γινομένων
3647 2866 3770 2937 πρὸς
3790 2863 3841 2915 τὸ

2296 2964 2428 3033 ὕψος
2453 2963 2658 3035 βλέπει.
2687 2965 2844 3017 Ὥστε
2880 2965 2963 3033 ἐφ’
2993 2965 3138 3035 ἡμᾶς
3175 2963 3274 3034 μὲν
3307 2960 3464 3032 δῆθεν
3487 2960 3589 3027 τὰς
3621 2956 3839 3031 μηχανὰς

2297 3038 2389 3110 κάι
2423 3056 2522 3120 τὰς
2548 3052 2768 3129 ἐνέδρας
2802 3055 3268 3119 διασκευάζονται,
3312 3054 3406 3115 καὶ
3446 3052 3692 3125 ἀλλήλοις
3708 3054 3841 3119 ἐγκε-

2296 3147 2539 3202 λεύονται
2584 3148 2915 3218 ἐπιϐοηθεῖν,
2963 3148 3038 3210 ὡς
3080 3147 3308 3209 ἕκαστος
3345 3146 3456 3215 ἔχει
3501 3139 3837 3215 ἐμπειρίαςῆ

2304 3238 2511 3310 ῥώμης.
2541 3239 2727 3303 Πίστις
2755 3239 2814 3292 δέ.
2850 3236 2966 3292 ἐστι
3003 3238 3063 3290 τὸ
3102 3236 3526 3307 πολεμούμενον,
3570 3235 3660 3287 καὶ
3687 3230 3837 3292 κοινὸς

2303 3331 2503 3395 σκοπὸς
2548 3333 2719 3386 ἅπασι
2758 3333 2870 3393 τοῖς
2912 3330 3175 3393 ἐναντίοις
3203 3330 3297 3382 καὶ
3324 3327 3539 3399 ἐχθροῖς
3567 3327 3663 3396 τῆς
3690 3327 3839 3393 ὑγιαιε

2300 3423 2495 3495 νούσης
2522 3422 2867 3487 διδασκαλίας
2890 3422 2952 3476 τὸ
2983 3421 3267 3493 στερέωμα
3290 3420 3387 3490 τῆς
3415 3419 3495 3482 εἰς
3525 3415 3747 3490 Χριστὸν
3766 3414 3839 3464 πί-

2302 3530 2469 3577 στεως
2489 3515 2827 3576 κατασεῖσαι,
2855 3513 2918 3565 ἐκ
2948 3510 3039 3563 τοῦ
3064 3510 3162 3581 τὴν
3189 3506 3550 3579 ἅποστολικὴν
3573 3505 3837 3577 παράδοσιν

2301 3604 2676 3673 ὲδαφισθεῖσαν
2707 3601 3093 3672 ἀφανισθῆναι.
3123 3599 3219 3652 Διὰ
3250 3598 3427 3661 τοῦτο,
3460 3598 3537 3662 ὡς
3567 3599 3672 3650 τῶν
3692 3613 3837 3667 χρεωο

2300 3694 2559 3765 φειλετῶν
2588 3697 2636 3748 οἱ
2668 3694 2825 3765 δῆθεν
2859 3691 3199 3762 εὐγνώμονες
3223 3688 3356 3759 (56),
3394 3688 3493 3751 τὰς
3528 3690 3593 3742 ὲκ
3631 3686 3733 3740 τῶν
3760 3687 3836 3752 ἑγ-

2299 3787 2526 3859 γράφων
2575 3784 2877 3849 ἀποδείξεις
2924 3782 3274 3845 ἐπιϐοῶνται,
3318 3780 3415 3852 τὴν
3470 3780 3711 3851 ἄγραφον
3748 3776 3835 3828 τῶν

2298 3879 2557 3951 Πατέρων
2591 3876 2893 3949 μαρτυρίαν
2924 3876 3002 3939 ὼς
3037 3875 3247 3937 ούδενδς
3279 3873 3433 3941 ἀξίαν
3469 3868 3834 3942 ἀποπεμπόμε-

2299 3991 2400 4027 νοι.
2466 3972 2603 4027 Ἀλλ’
2657 3972 2717 4024 οὐ
2769 3968 2879 4038 γὰρ
2934 3966 3254 4041 ὑφησόμεθα
3287 3968 3385 4038 τῆς
3422 3965 3697 4035 ἀληθείας,
3738 3960 3834 4013 οὐδὲ

2298 4061 2466 4132 δειλίᾳ
2492 4060 2586 4133 τὴν
2615 4056 2927 4131 συμμαχίαν
2950 4058 3317 4130 προδώσομεν.
3352 4057 3414 4112 Εἰ
3434 4055 3544 4133 γὰρ
3575 4057 3603 4109 ὁ
3631 4055 3723 4128 μὲν
3744 4049 3833 4104 Κύ-

2304 4172 2414 4227 ριος
2464 4154 2540 4216 ὡς
2582 4154 2877 4219 ἀναγκαῖον
2922 4152 3015 4204 καὶ
3057 4151 3322 4222 σωτήριον
3366 4148 3543 4220 δόγμα
3585 4150 3679 4219 τὴν
3724 4143 3834 4218 μετὰ

2299 4247 2512 4319 Πατρδς
2543 4245 2791 4309 σύνταξιν
2822 4243 2916 4296 τοῦ
2955 4244 3111 4312 ἁγίου
3150 4242 3464 4313 ΙΙνεύματος
3494 4234 3835 4315 πα⁴ραδέδωκε,

2299 4342 2409 4404 τοῖς
2452 4340 2508 4394 δὲ
2545 4340 2644 4411 οὐχ
2680 4337 2822 4392 οὕτω
2857 4338 3025 4399 δοκεῖ,
3065 4335 3200 4389 ἀλλὰ
3231 4335 3457 4406 διαιρεῖν
3501 4336 3599 4389 καὶ
3634 4333 3833 4402 διασπᾷν

2300 4433 2393 4487 καὶ
2415 4432 2506 4485 ἐπὶ
2526 4431 2621 4501 τὴν
2654 4429 2814 4499 φύσιν
2842 4429 2939 4500 τὴν
2964 4426 3342 4498 λειτουργικὴν
3376 4428 3697 4498 μετοικίζειν
3722 4423 3830 4493 (57)⁹

624 4514 877 4567 trudere:
901 4525 1100 4564 annon
1123 4526 1309 4565 verum
1341 4519 1447 4575 est,
1478 4516 1621 4585 apud
1651 4517 1773 4571 illos
1796 4518 2189 4589 blaSphcmiam

2300 4523 2414 4586 πῶς
2442 4524 2544 4575 οὐκ
2569 4521 2787 4589 ἀληθὲς,
2817 4521 2897 4572 ὅτι
2923 4520 3022 4589 τὴν
3056 4519 3263 4573 ἑαυτῶν
3300 4518 3644 4591 βλασφημίαν
3667 4534 3841 4591 impart.1

625 4605 866 4675 ipsorum
900 4604 1020 4672 plus
1047 4602 1247 4660 habere
1276 4606 1551 4675 ponderis,
1582 4622 1745 4679 quam
1792 4608 2003 4666 Domini
2046 4629 2187 4683 prtu-

693 4760 737 4789 "
797 4758 917 4811 Act.
960 4774 1014 4821 ν,
1056 4757 1147 4814 ‘29.
1222 4759 1270 4790 "
1318 4758 1510 4817 Matth.
1555 4776 1749 4828 xxvm,
1789 4764 1874 4819 19.

696 4871 1318 4999 Ἀποὶρινασθαι.
1367 4879 1600 4936 (lodices
1649 4885 1900 4938 nonnulli
1951 4886 2188 4958 ἀποκρί-

620 4963 829 5000 νεσυαι.

626 5087 637 5100 ο
694 5017 804 5100 (βξ)
836 5014 1001 5100 Μηδὲ
1029 5015 1190 5100 ἡμῖν.
1235 5016 1360 5100 Haec
1399 5020 1693 5100 scriptura,
1727 5038 1887 5100 quam
1924 5024 2190 5100 Erasmus

623 5088 677 5140 in
712 5088 1118 5159 interpretando
1149 5091 1418 5156 sequitur,
1448 5088 1610 5145 bilem
1636 5088 1802 5147 movit
1825 5093 2190 5159 Combetisio;

622 5172 687 5212 ac
715 5155 1003 5229 legendum
1030 5171 1153 5211 esse
1173 5155 1474 5222 centendit,
1502 5171 1562 5214 ut
1587 5162 1640 5215 in
1665 5168 1903 5229 quatuor
1929 5179 2059 5221 mss.
2095 5155 2186 5219 rei

622 5224 887 5305 perimus.
929 5224 1051 5305 τότε
1085 5229 1235 5305 ἡμῖν,
1273 5229 1425 5305 Tunc
1462 5230 1609 5305 nobis
1639 5224 1761 5285 vitio
1780 5241 2015 5305 certant,
2044 5235 2184 5305 quod

619 5298 1145 5375 eosnconjungimus.
1183 5298 1290 5354 Sed
1322 5314 1548 5375 prorsus
1580 5303 1851 5375 immerito
1893 5298 2178 5375 Erasmnn

621 5367 887 5441 vellicat,_
897 5367 991 5435 qui
1037 5370 1209 5441 multo
1254 5367 1449 5441 melius
1495 5372 1780 5425 sententia:
1821 5372 2020 5441 seriem
2053 5387 2178 5441 par-

620 5436 821 5505 spexit.
850 5434 975 5490 Fert
996 5439 1142 5492 enim
1170 5440 1536 5494 conditionem
1561 5441 1893 5495 adversariis
1920 5434 2179 5504 Basilius,

617 5521 823 5587 eosque
852 5507 1093 5587 turdique
1122 5515 1449 5587 constrictos
1473 5518 1637 5587 tenet,
1674 5519 1731 5561 ut
1753 5510 1846 5587 bis
1874 5512 2079 5587 verbis,
2117 5512 2181 5566 In

616 5578 826 5649 nontine
860 5576 1107 5649 Patris}!
1132 5580 1265 5634 Filii
1281 5589 1329 5634 et
1350 5579 1573 5645 Spiritus
1592 5581 1781 5641 sancti,
1813 5580 1893 5633 vel
1919 5579 2181 5649 Spirit‘im

618 5661 743 5719 cum
774 5645 939 5703 Patre
966 5656 1020 5703 et
1042 5648 1179 5704 Filio
1207 5651 1464 5719 conjungi
1503 5657 1718 5717 negent,
1760 5650 1842 5703 vel
1884 5645 2176 5705 fateantur.

617 5714 677 5774 Si
709 5720 965 5788 conjungi
999 5728 1216 5788 negent,
1266 5714 1458 5788 neque,
1485 5714 1649 5772 etiam
1686 5735 1744 5774 se
1776 5719 2183 5787 conjunctioais

617 5788 837 5843 nomine
882 5787 1121 5844 incusari
1166 5792 1233 5843 ab
1279 5789 1387 5845 illis
1432 5787 1648 5857 debere,
1691 5806 1813 5846 cum
1851 5791 1983 5846 nihil
2032 5791 2180 5849 dicat

2296 4617 2460 4689 τέραν
2487 4615 2765 4669 ποιοῦνται
2796 4614 2894 4685 τῆς
2926 4612 3018 4666 τοῦ
3058 4613 3325 4667 Δεσπότου
3351 4612 3699 4683 νομοθεσίας;
3721 4610 3829 4678 Φέρε

2301 4902 2476 4957 neque
2501 4887 2702 4941 sentiat
2723 4885 2794 4938 ab
2822 4886 2925 4940 hoc
2948 4886 3266 4957 testimonio
3288 4886 3588 4957 diversum,
3621 4901 3713 4941 nec
3738 4862 3835 4957 “111‘

2300 4954 2479 5027 gis'ex
2524 4957 2639 5027 suis
2670 4970 2835 5025 quam
2866 4971 2935 5027 ex
2980 4956 3181 5011 Christi
3214 4956 3396 5010 verbis
3426 4954 3833 5027 conjunctiosoj

2299 5000 2520 5096 i'juatur.
2571 5026 2649 5096 Si;
2673 5000 2811 5080 vero
2856 5025 3112 5096 fateatur,
3168 5027 3441 5080 immerito
3477 5000 3624 5082 m2?“
3656 5000 3832 5083 sibi

2302 5093 2408 5167 illis
2430 5094 2679 5167 impingi,
2708 5096 2853 5164 quod
2880 5093 3222 5167 Scripturam
3255 5105 3535 5165 sequatur.
3573 5096 3715 5150 Hanc
3733 5098 3830 5167 esse

2302 5165 2841 5237 Basiliiiseirtentiam
2872 5165 3195 5237 perspiciet,
3229 5167 3484 5234 quisquis
3514 5168 3652 5237 leget
3678 5172 3805 5217 arteu

2299 5237 2427 5289 tius.
2458 5233 2829 5306 Quamobrem
2865 5233 3145 5306 retinenda
3180 5233 3280 5288 fuit
3310 5238 3528 5306 vulgata
3567 5233 3761 5305 scriptu

2290 5307 2541 5375 quamvis
2575 5305 2744 5375 altera
2773 5306 2827 5358 in
2860 5305 3109 5374 pluribus
3140 5314 3315 5361 exsmt
3344 5305 3648 5362 codicibus.

2361 5374 2475 5442 (35)
2514 5374 2886 5439 Ἐξήρτυται.
2919 5375 3013 5429 Sic
3049 5377 3398 5432 Colbertiuus
3429 5386 3484 5431 et
3510 5379 3619 5431 duo
3645 5374 3752 5429 cadi

2291 5440 2684 5549 patiombetisio
2710 5445 2883 5498 citati.
2937 5443 3072 5516 Reg.
3119 5446 3394 5501 secundus
3437 5447 3688 5518 ἐπῆρται.
3714 5440 3793 5496 Edi

2291 5516 2604 5580 ἐξήρτηται.

2353 5531 2783 5654 ῗὲίῖἷὶῧιδΜπ
2810 5585 3201 5653 εὐῃνιῦμονες.
3232 5584 3398 5642 Recte
3420 5578 3817 5654 observavit

2293 5649 2401 5707 lius
2434 5654 2587 5763 iliud,
2619 5656 2767 5706 bona:
2796 5649 2919 5723 ﬁdei
2961 5649 3245 5723 debitores,
3278 5673 3387 5711 non
3421 5659 3541 5713 sine
3567 5657 3731 5711 ironia

2293 5731 2439 5763 rlmn
2495 5738 2644 5763 "mea

2289 5731 2439 5776 ctum
2472 5723 2663 5777 fuisse.

2359 5793 2473 5865 (57)
2504 5792 2882 5855 Μετοικίζειν.
2910 5793 3165 5854 Nonnulli
3197 5798 3418 5857 codices
3451 5780 3816 5871 {uraxoyiiid
