3908 6542
484 397 590 455 123

1758 414 1761 419 λ
1783 387 1841 444 S.
1885 387 2127 444 BASILII
2164 388 2378 445 MAGNI

483 520 697 575 ciebant
736 514 804 569 ad
850 515 1021 577 illum,
1055 514 1500 570 servabantur“.
1535 510 1799 567 Simiiiter
1839 522 1895 568 et
1933 522 2049 582 qua:

2157 529 2246 576 τες
2282 515 2363 577 είς
2392 512 2554 567 αὐτὸν
2578 511 2918 579 διεσώζοντο.
2950 510 3104 565 Οὕτω
3136 509 3199 582 δὴ
3231 512 3326 564 καὶ
3357 507 3427 563 τὰ
3462 508 3590 581 περὶ
3618 510 3723 581 τῆς

432 655 439 662 .
482 608 551 666 de
601 610 816 665 eductis
865 605 1128 662 lsraelitis
1174 605 1419 675 scripta,
1481 604 1548 659 ad
1597 603 2050 674 signiﬁcationem

481 717 670 775 eorum
717 700 808 770 qui
844 699 1116 768 baptismo
1164 697 1300 752 salvi
1348 696 1504 761 ﬁunt,
1555 705 1777 750 narrata
1830 703 1957 750 sunt
1983 695 2049 748 “.

483 796 709 851 Servata
735 801 865 847 sunt
884 793 1028 847 enim
1057 791 1427 846 lsraelitarum
1455 788 1836 860 primogenita,
1862 804 2053 857 quem-

482 885 775 939 admodum
807 892 860 937 et
882 883 1282 951 baptizatorum
1307 895 1560 949 corpora,
1588 895 1710 933 cum
1745 880 1919 948 gratia
1950 879 2052 932 da-

482 986 572 1032 tur
601 976 669 1030 iis
696 975 791 1045 qtti
822 974 1092 1043 sanguine
1126 972 1325 1043 signati
1362 973 1601 1024 fuerunt.
1638 968 1877 1040 Sanguis
1904 970 2050 1025 enini

483 1068 731 1138 pecudis,
765 1069 934 1135 ﬁgura
960 1065 1246 1135 sanguinis
1273 1063 1513 1127 Christi;
1542 1063 1899 1133 primogenita
1924 1077 2053 1116 vero

480 1167 645 1231 typus
678 1158 939 1220 hominis,
981 1156 1075 1226 qui
1109 1157 1321 1225 pritnus
1354 1154 1609 1209 conditus
1642 1160 1760 1217 est;
1790 1153 1883 1223 qui
1915 1168 2053 1223 quo-

480 1254 627 1305 niam
681 1249 992 1313 necessario
1048 1248 1103 1301 in
1152 1247 1313 1302 nobis
1364 1256 1470 1309 est,
1515 1245 1644 1299 dum
1682 1244 2052 1301 successionis

481 1343 625 1397 serie
671 1357 844 1411 usque
878 1339 945 1393 ad
979 1338 1138 1394 liuent
1172 1339 1587 1401 transmittitur,
1628 1338 1749 1393 ideo
1792 1338 1847 1391 in
1876 1336 2049 1391 Adam

444 1488 449 1499 ,
482 1451 672 1489 omnes
705 1435 969 1488 morimur
994 1434 1062 1496 ³³,
1103 1441 1157 1487 et
1190 1433 1439 1501 regnavit
1466 1447 1615 1486 mors
1647 1446 1819 1501 usque
1869 1431 1935 1484 ad
1971 1432 2051 1493 le:-

482 1526 567 1597 gis
609 1524 1164 1586 consummationem,
1198 1530 1253 1577 et
1300 1522 1505 1577 Christi
1546 1523 1858 1577 adventum.
1900 1523 2050 1577 Con-

484 1625 700 1672 scrvata
741 1623 923 1669 autem
957 1621 1087 1668 sunt
1113 1630 1142 1666 a
1178 1613 1288 1668 Deo
1324 1615 1709 1683 primogenita,
1744 1630 1809 1667 ne
1834 1628 1897 1667 ea
1928 1620 2053 1667 tan-

483 1716 633 1777 geret
657 1708 979 1769 exstinctor,
1008 1716 1066 1758 ut
1088 1707 1496 1768 ostenderetur,
1533 1721 1634 1759 nos
1654 1706 1766 1771 jam
1794 1721 1901 1758 non
1938 1721 2058 1758 ant-

485 1792 627 1865 plius
669 1792 805 1844 mori
853 1792 907 1844 in
956 1791 1152 1850 Adam,
1181 1790 1275 1860 qui
1309 1790 1362 1842 in
1407 1789 1629 1843 Christo
1664 1790 1913 1842 viviﬁcati
1957 1805 2052 1844 su-

2154 604 2436 675 ἐξαγωγῆς
2461 604 2570 673 (70)
2599 600 2693 657 τοῦ
2734 602 2950 675 Ἰσραὴλ
2988 604 3067 666 εἰς
3111 600 3332 668 ἔνδειξιν
3361 601 3467 654 τῶν
3503 600 3593 654 διὰ
3622 598 3722 654 τοῦ

2155 694 2527 766 βαπτίσματος
2572 695 2894 765 σωζομένων
2954 694 3250 765 ἱστόρηται.
3304 691 3545 763 Διεσώοη
3609 692 3725 764 γὰρ

2148 786 2260 841 τῶν
2297 787 2646 858 Ἰσραηλιτῶν
2672 787 2739 841 τὰ
2771 787 3087 860 πρωτότοκα
3106 828 3121 851 ,
3156 785 3231 849 ὡς
3262 786 3355 839 καὶ
3381 784 3486 838 τῶν
3528 785 3722 855 βαπτι-

2152 879 2393 950 ζομένων
2447 880 2516 933 τά
2570 879 2796 951 σώματα
2826 920 2841 938 .
2884 880 3166 950 διδομένης
3198 879 3308 948 (71)
3355 878 3455 950 τῆς
3500 880 3726 950 χάριτος

2151 978 2263 1037 τοῖς
2310 974 2693 1046 σημειωθεῖσιν
2742 974 2846 1027 ὑπὸ
2886 973 2979 1027 τοῦ
3022 974 3271 1043 αἵματος.
3330 972 3404 1024 Τὸ
3466 972 3563 1041 μὲν
3611 970 3727 1042 γὰρ

2153 1060 2292 1136 αἷμα
2324 1066 2418 1119 τοῦ
2457 1065 2729 1137 προϐάτου
2765 1064 2934 1129 τύπος
2972 1064 3065 1118 τοῦ
3092 1065 3319 1135 αἵματος
3340 1062 3432 1117 τού
3457 1061 3723 1134 Χριστοῦ·

2152 1157 2218 1210 τὰ
2264 1157 2322 1210 δὲ
2376 1157 2695 1229 πρωτότοκα
2751 1156 2919 1221 τύπος
2983 1156 3076 1209 τού
3131 1155 3551 1229 πρωτοπλάστου
3588 1171 3602 1184 ·
3663 1154 3728 1219 ὃς

2154 1247 2336 1316 ἐπειδὴ
2367 1249 2680 1318 ἀναγκαίως
2716 1251 2850 1319 ἡμῖν
2882 1249 3178 1319 ἐνυπάρχει
3210 1250 3276 1318 τῇ
3307 1246 3595 1317 ἀκολουθία
3622 1246 3727 1317 τῆς

2151 1339 2397 1410 διαδοχῆς
2450 1340 2611 1411 μέχρι
2660 1340 2847 1404 τέλους
2879 1340 3382 1411 παραπεμπόμενος
3404 1379 3420 1402 ,
3447 1338 3533 1391 διὰ
3561 1336 3729 1391 τοῦτο

2151 1433 2208 1485 ὲν
2233 1430 2310 1502 τῷ
2351 1430 2523 1501 Ἀδὰμ
2553 1432 2754 1494 πάντες
2779 1431 3222 1503 ἀποθνήσκομεν,
3253 1431 3346 1484 καὶ
3372 1430 3728 1483 ἐϐασίλευσεν

2150 1526 2180 1577 ό
2215 1524 2443 1587 Θάνατος
2469 1522 2582 1594 (7:2)
2613 1524 2775 1595 μέχρι
2799 1523 2901 1593 τῆς
2930 1522 3025 1576 τοῦ
3056 1523 3221 1593 νόμου
3247 1520 3599 1593 πληρώσεως.
3626 1522 3729 1575 καὶ

2150 1616 2248 1685 τῆς
2271 1614 2365 1667 τοῦ
2414 1614 2653 1685 Χριστοῦ
2689 1614 3009 1686 παρουσίας.
3045 1615 3347 1688 Διετηρήθη
3388 1614 3443 1668 δὲ
3474 1615 3586 1683 (73)
3617 1614 3730 1667 ὑπὸ

2150 1701 2242 1753 τοῦ
2292 1700 2427 1756 Θεοῦ
2465 1702 2534 1755 τε
2567 1703 2884 1774 πρωτότοκα
2911 1744 2927 1768 ,
2981 1703 3075 1757 τοῦ
3125 1704 3197 1774 μὴ
3250 1702 3420 1773 θίγειν
3467 1704 3557 1757 τὸν
3603 1703 3731 1757 όλο-

2153 1792 2436 1865 θρεύοντα,
2464 1797 2544 1860 είς
2575 1794 2800 1864 ἔνδειξιν
2826 1796 2919 1850 τοῦ
2957 1796 3152 1868 μηκέτι
3184 1798 3327 1868 ἡμᾶς
3357 1796 3731 1867 ἀποθνήσκειν

482 1860 625 1938 inus.
654 1882 923 1937 Caeterum
957 1897 1108 1935 mare
1131 1888 1184 1934 et
1205 1879 1426 1943 nebula,
1445 1883 1499 1933 in
1521 1881 1774 1950 praesenti
1806 1880 2048 1948 quidem,

2240 1885 2318 1956 τῷ
2365 1888 2569 1959 Ἀδὰμ,
2623 1860 2751 1953 τοὺς
2804 1860 3240 1960 ζωοποιηθένταυς
3281 1890 3338 1943 ἐν
3373 1889 3451 1959 τῷ
3478 1860 3727 1961 Χριστῷ.

482 1975 775 2030 inducebat
808 1974 875 2027 ad
913 1972 1071 2027 Iidem
1105 1988 1200 2043 per
1234 1972 1687 2032 admirationem;
1723 1972 1776 2025 in
1808 1971 2049 2026 futurum

478 2078 685 2128 autem,
736 2075 1000 2135 tanquam
1047 2073 1208 2136 typus
1252 2064 1483 2133 gratiam
1528 2071 1809 2116 venturam
1861 2064 2051 2133 prtesi-

478 2158 703 2229 gnabat.
739 2157 870 2221 Quis
903 2156 1133 2223 sapiens,
1170 2164 1218 2208 et
1255 2154 1505 2224 intelliget
1543 2153 1753 2207 haec"?
1781 2155 2053 2221 quomodo

478 2264 651 2310 mare,
688 2263 784 2317 per
808 2248 1034 2316 ﬁguram
1061 2246 1354 2315 baptisma,
1387 2260 1654 2314 separans
1689 2260 1717 2295 :t
1745 2242 2048 2304 Pharaone,

477 2336 939 2409 quemadmodum
963 2345 1016 2391 et
1037 2336 1312 2390 lavacrum
1336 2336 1439 2389 hoc
1462 2350 1491 2389 a
1514 2335 1717 2390 diaboli
1740 2335 2049 2404 tyrannide.

480 2426 616 2483 Illud
649 2428 848 2482 Oi'Cidil
892 2428 1103 2481 hostem
1133 2428 1185 2481 in
1218 2443 1361 2487 sese.
1395 2427 1625 2480 moritur
1654 2435 1708 2481 et
1744 2427 1831 2480 hic
1875 2426 2055 2481 inimi-

477 2522 629 2585 citia,
667 2537 789 2591 qua:
831 2520 993 2575 nobis
1041 2519 1142 2574 fuit
1196 2536 1319 2573 cum
1374 2519 1503 2574 Deo.
1559 2520 1641 2574 Ab
1694 2520 1786 2571 illo
1819 2522 2052 2590 populus

478 2615 611 2669 exiit
640 2614 879 2677 illaesos;
912 2613 1265 2666 ascendimus
1297 2620 1351 2666 et
1382 2628 1481 2666 nos
1514 2611 1585 2664 ab
1612 2612 1771 2681 aquis
1796 2622 2052 2680 tanquam

480 2719 547 2758 ex
590 2702 821 2756 mortuis
863 2701 992 2765 vivi,
1030 2702 1232 2755 servati
1269 2716 1361 2770 per
1405 2701 1635 2769 gratiam
1675 2700 1795 2767 ejus
1824 2699 1917 2767 qui
1954 2713 2052 2751 vo-

480 2796 625 2851 cavit
655 2811 777 2851 nos.
811 2792 994 2848 Nubes
1035 2806 1218 2847 autem
1267 2794 1458 2847 umbra
1504 2791 1632 2847 doni
1664 2792 1925 2863 Spiritus,
1959 2792 2053 2862 qui

480 2885 764 2942 iibidittuttt
821 2885 1094 2939 ﬂammam
1160 2884 1542 2939 mortiﬁcando
1593 2885 1835 2937 membra
1894 2884 2054 2939 νῶι-ἰ-

480 2990 653 3051 gerat.

549 3244 637 3299 32.
681 3242 820 3310 Quid
846 3243 1048 3314 igitur?
1087 3257 1214 3296 num
1257 3242 1381 3313 quia
1417 3242 1594 3313 typice
1632 3244 1685 3296 in
1716 3242 1931 3312 Moysen
1966 3242 2053 3297 ba-

478 3335 663 3406 ptizati
711 3342 860 3401 sunt,
908 3335 1032 3389 ideo
1082 3335 1275 3405 exigua
1325 3343 1408 3389 est
1438 3336 1611 3405 gratia
1660 3336 2051 3405 baptismatis?

480 3424 623 3480 Sane
659 3425 760 3478 hoc
790 3434 949 3495 pacto
980 3441 1079 3479 nee
1115 3426 1262 3479 aliud
1290 3425 1587 3496 quidquam
1617 3426 1668 3480 in
1701 3427 1905 3481 nostris
1936 3443 2053 3498 my-

478 3519 662 3574 steriis
707 3516 869 3572 fuerit
914 3534 1195 3588 magnum,
1236 3519 1280 3572 si
1328 3518 1472 3587 quod
1516 3518 1568 3571 in
1605 3518 1833 3587 singulis
1880 3534 2051 3587 augu-

477 3620 621 3666 Sttmt
644 3620 747 3671 est,
785 3624 879 3679 per
917 3608 1286 3678 praecedentes
1319 3609 1521 3676 ﬁguras
1559 3608 1947 3678 depritnamus.
1974 3608 2054 3663 Ac

479 3718 548 3755 ne
594 3699 686 3754 Dei
744 3700 963 3769 quidem
1011 3718 1140 3769 erga
1200 3701 1448 3755 homines
1498 3702 1740 3755 Charitas
1795 3710 2075 3771 magnutn‘

478 3793 736 3863 quiddam
770 3800 823 3846 ct
849 3793 1133 3855 eximium,
1180 3794 1274 3863 qui
1309 3794 1645 3865 unigenitum
1678 3792 1872 3847 Filium
1903 3794 2051 3847 dedit

479 3900 577 3953 pro
620 3884 855 3953 peccatis
895 3885 1103 3939 nostris
1136 3904 1147 3939 :
1194 3885 1639 3955 quandoquidem
1677 3894 1732 3940 et
1778 3885 2047 3939 Abraham

476 3977 589 4030 ﬁlio
641 3992 742 4030 suo
791 3992 898 4030 non
933 3978 1175 4046 pepercit
1201 3979 1268 4030 ’³.
1311 3977 1435 4031 Nec-
1466 3979 1675 4031 Domini
1711 3980 1895 4048 passio
1935 3978 2051 4047 glu-

479 4069 654 4133 riosa;
694 4067 962 4135 siquidem
1011 4070 1153 4122 aries
1204 4069 1324 4121 loco
1361 4070 1513 4123 Isaac
1557 4071 1786 4124 victima:
1824 4070 2048 4139 ﬁguram

475 4160 711 4229 explevit
731 4160 796 4212 ⁵⁸.
827 4157 1012 4228 Neque
1051 4160 1352 4214 descensus
1395 4162 1461 4214 ad
1494 4156 1702 4217 inferos
1732 4163 2044 4231 horribilis;

476 4252 695 4324 quando
742 4252 962 4321 quidem
1010 4250 1181 4305 Jonas
1224 4253 1401 4308 tribus
1441 4252 1667 4316 diebus,
1711 4270 1773 4310 ac
1817 4256 2045 4310 totidem

476 4344 750 4403 noctibus.
803 4342 995 4396 mortis
1036 4344 1261 4412 ﬁguram
1317 4345 1468 4415 prius
1521 4346 1757 4410 explevit
1781 4347 1845 4399 ".
1901 4345 2045 4401 Idem

473 4453 605 4508 ergo
636 4436 765 4490 facit
786 4445 840 4490 et
873 4435 941 4490 de
969 4435 1311 4503 baptismate.
1341 4437 1433 4507 qui
1461 4437 1740 4491 veritatem
1774 4454 1896 4492 cum
1925 4454 2048 4493 um-

2163 1978 2321 2031 ’ίΓδὲ
2363 1978 2605 2033 Θάλασσα
2644 1980 2738 2033 καὶ
2775 1982 2809 2051 ἡ
2859 1981 3056 2051 νεφέλη
3106 1980 3244 2050 πρὸς
3290 1982 3387 2052 μὲν
3437 1981 3499 2034 τὸ
3548 1984 3731 2053 παρὸν

2151 2070 2229 2132 εἰς
2267 2067 2445 2121 πίστιν
2476 2070 2633 2140 ἐνῆγε
2665 2068 2753 2123 διὰ
2801 2070 2903 2141 τῆς
2937 2071 3328 2143 καταπλήξεως
3355 2088 3368 2100 ·
3405 2072 3539 2142 πρὸς
3577 2073 3632 2126 δὲ
3662 2074 3733 2126 τὸ

2155 2158 2344 2229 μέλλον
2383 2160 2459 2223 ὡς
2509 2159 2679 2224 τύπος
2730 2162 2830 2233 τὴν
2885 2162 3151 2233 ἐσομένην
3204 2165 3362 2234 χάριν
3412 2156 3733 2236 προῦπεσή-

2156 2254 2333 2318 μαινε.
2389 2250 2485 2316 Τίς
2535 2252 2727 2321 σοφὸς
2759 2292 2776 2316 ,
2818 2253 2916 2306 καὶ
2962 2255 3223 2321 (Im-riam
3263 2254 3490 2316 mitra;
3528 2256 3644 2319 πῶς
3692 2259 3729 2325 ἡ

2154 2336 2394 2391 θάλασσα
2436 2339 2716 2410 βάπτισμα
2752 2342 3030 2405 τυπικῶς,
3064 2343 3341 2416 χωρισμλν
3367 2343 3595 2398 ποιοῦσα
3627 2343 3729 2398 τοῦ

2151 2428 2349 2501 Φαραὼ
2367 2470 2382 2492 ,
2416 2430 2490 2494 ὡς
2524 2430 2616 2484 καὶ
2643 2432 2701 2484 τὸ
2734 2432 2956 2504 λουτρὸν
2988 2435 3145 2487 τοῦτο
3174 2435 3271 2506 τῆς
3298 2435 3605 2506 τυραννίδος
3626 2435 3730 2489 τοῦ

2151 2520 2417 2575 διαϐόλου.
2473 2521 2821 2577 ’Λπέκτεινεν
2856 2525 3039 2596 ἐκείνη
3078 2527 3134 2578 ὲν
3164 2527 3330 2598 ἑαυτῇ
3361 2525 3452 2579 τὸν
3493 2525 3687 2596 ἐχθρόν
3712 2541 3729 2557 ·

2154 2612 2483 2683 ἀποθνήσκει
2534 2614 2629 2667 καὶ
2685 2607 2787 2667 ὧδε
2930 2616 3097 2687 ἔχθρα
3147 2617 3303 2689 ἡμῶν
3355 2619 3389 2689 ἡ
3438 2618 3517 2680 είς
3566 2617 3726 2673 Θεόν.

2166 2705 2418 2776 Ἐξῆλθεν
2452 2706 2545 2759 ἀπ’
2581 2705 2795 2777 ἐκείνης
2842 2708 3055 2779 ἀπαθὴς
3095 2710 3124 2761 ὀ
3166 2707 3327 2773 λαός·
3365 2708 3732 2778 ἀναϐαίνομεν

2154 2799 2248 2852 καὶ
2292 2801 2452 2869 ἡμεῖς
2495 2799 2569 2862 ὡς
2609 2801 2673 2852 ὲκ
2721 2799 2931 2871 νεκρῶν
2971 2800 3169 2865 ζῶντες
3206 2801 3314 2856 ἀπὸ
3366 2801 3459 2855 τοῦ
3508 2801 3727 2865 ὓδατος,

2153 2892 2334 2964 χάριτι
2387 2891 2649 2957 σωθέντες
2695 2895 2761 2964 τῇ
2814 2892 2906 2945 τοῦ
2960 2894 3286 2960 καλέσαντος
3336 2897 3506 2967 ἡμᾶς.
3561 2897 3627 2949 Ἥ
3664 2896 3732 2949 δὲ

2153 2982 2346 3054 νεφέλη
2380 2983 2504 3036 σκιὰ
2535 2982 2634 3052 τῆς
2667 2987 2729 3037 ὲκ
2755 2985 2847 3038 τοῦ
2878 2986 3191 3057 Πνεύματος
3224 2987 3460 3060 δωρεᾶς,
3497 2986 3588 3041 τοῦ
3622 2989 3731 3058 τὴν

2155 3073 2325 3144 φλόγα
2346 3074 2452 3126 τῶν
2480 3074 2667 3128 παθῶν
2696 3075 2781 3129 διὰ
2820 3077 2919 3147 τῆς
2950 3077 3268 3150 νεκρὼσεως
3294 3080 3399 3132 τῶν
3433 3079 3607 3151 μελῶν
3632 3098 3733 3133 κα-

2078 3198 2123 3254 C
2153 3163 2499 3234 ταψύχοντος.

2225 3257 2314 3313 52.
2358 3257 2422 3310 Τί
2467 3252 2588 3326 ούν;
2620 3260 2805 3332 ἐπειδὴ
2849 3262 3091 3327 τυπικῶς
3120 3264 3198 3328 είς
3226 3266 3462 3337 Μωῦσῆν
3501 3265 3730 3320 ὲϐαπτί·

2155 3347 2395 3420 σθησαν,
2431 3349 2519 3404 διὰ
2561 3352 2716 3405 τοῦτο
2762 3354 2935 3423 μικρά
2964 3355 3074 3424 (71)
3124 3358 3154 3427 ἡ
3201 3356 3295 3409 τού
3349 3357 3730 3428 βαπτίσματος

2152 3439 2343 3511 χάρις;
2374 3440 2525 3494 Οὕτω
2561 3436 2661 3514 μὲν
2688 3440 2781 3497 οὖν
2811 3446 2920 3499 οὐδ’
2950 3446 3013 3500 ἂν
3049 3446 3172 3499 ἄλλο
3216 3466 3266 3501 τι
3300 3449 3441 3519 μέγα
3485 3450 3568 3519 εἴη
3611 3448 3732 3503 τῶν

2152 3531 2430 3605 ἡμετέρων
2463 3576 2476 3597 ,
2508 3536 2666 3608 εἴπερ
2696 3536 2756 3589 τὸ
2799 3538 2857 3590 ὲν
2886 3538 3099 3610 ἑκάστῳ
3146 3540 3341 3608 σεμνὸν
3380 3542 3491 3604 τοῖς
3530 3539 3730 3607 τύποις

2152 3624 2652 3697 προδιαϐἁλλοιμεν.
2694 3627 2830 3681 Οὔτε
2884 3629 2990 3701 γάρ
3043 3633 3075 3702 ἡ
3124 3634 3202 3695 εἰς
3257 3632 3574 3703 ἀνθρώπους
3624 3634 3730 3687 τοῦ

2151 3715 2283 3769 Θεοῦ
2313 3717 2498 3787 ἀγάπη
2533 3718 2674 3790 μέγα
2698 3737 2749 3773 τι
2777 3721 2870 3772 καὶ
2904 3722 3199 3792 ὑπερφυὲς.
3232 3722 3291 3786 ὃς
3330 3723 3419 3777 τὸν
3457 3725 3725 3795 μονογενῆ

2152 3807 2279 3860 Υίὸν
2305 3808 2502 3862 ἔδωκεν
2540 3810 2680 3880 ὑπὲρ
2717 3811 2823 3863 τῶν
2865 3813 3146 3884 ἁμαρτιῶν
3175 3814 3331 3884 ἡμῶν
3354 3832 3367 3844 ·
3404 3815 3589 3883 ἐπειδὴ
3626 3819 3731 3870 καὶ

2164 3899 2411 3972 ’Δϐραὶιμ
2436 3900 2526 3954 τοῦ
2570 3902 2697 3956 ίδίου
2737 3904 2853 3956 υἱοῦ
2890 3905 2988 3957 ούκ
3038 3905 3290 3975 ἐρείσατο
3312 3923 3323 3937 ·
3358 3905 3477 3959 οὐδὲ
3514 3905 3573 3958 τὸ
3611 3907 3728 3960 πάσ-

2151 3989 2239 4056 θος
2259 3991 2351 4044 τοῦ
2370 3993 2571 4064 Κυρίου
2603 3992 2809 4060 ἔνδοξον
2832 4012 2847 4024 ·
2881 3997 3066 4069 ἐπειδὴ
3091 3996 3356 4069 πρόϐατον
3377 3996 3495 4051 ἀντὶ
3534 3997 3729 4052 Ἰσαὰκ

2148 4081 2239 4133 τὸν
2272 4082 2441 4135 τύπον
2469 4084 2703 4157 ἐπλήρου
2734 4086 2835 4157 τῆς
2868 4092 3178 4161 προσφορᾶς
3202 4107 3216 4120 ·
3248 4090 3368 4143 οὔτε
3410 4092 3441 4162 ἡ
3475 4093 3553 4151 εἰς
3587 4091 3723 4163 ᾅδου

2150 4172 2371 4237 κάθοδος
2411 4175 2651 4247 φοϐερά·
2704 4178 2889 4250 ἐπειδὴ
2947 4181 3128 4245 Ἰωνᾶς
3172 4184 3229 4236 έν
3273 4182 3448 4253 τρισὶν
3481 4183 3723 4255 ἡμέραις

2149 4260 2559 4331 καὶτοσαύταις
2596 4268 2715 4337 νυξὶ
2750 4271 2843 4324 τοῦ
2891 4271 3119 4328 θανάτου
3161 4275 3251 4330 τὸν
3296 4276 3464 4330 τύπον
3496 4277 3725 4349 προεξε-

2149 4356 2373 4429 π).ήρου.
2422 4359 2463 4410 Τ
2468 4359 2626 4413 αὐτὸν
2674 4361 2853 4415 τοίνυν
2907 4369 3050 4419 ποιεί
3095 4368 3189 4421 καὶ
3242 4369 3333 4421 ἐπὶ
3375 4367 3468 4421 τοῦ
3525 4369 3725 4439 βαπτί-

2149 4463 2352 4517 σματος
2375 4450 2403 4501 ό
2430 4452 2495 4520 τῇ
2531 4452 2657 4522 σκιᾷ
2690 4454 2994 4525 συγκρίνων
3024 4456 3122 4526 τὴν
3158 4456 3449 4529 ἀλήθειαν,
3483 4460 3721 4523 καὶτοῖς

477 4524 913 4596 bra'comparat,
943 4536 996 4581 et
1034 4542 1158 4581 cum
1193 4529 1381 4596 ﬁguris
1416 4528 1630 4583 confert
1670 4545 1731 4584 ea
1765 4546 1885 4599 qua:
1911 4531 2045 4603 ligu-

2157 4537 2336 4602 τύποις
2385 4540 2748 4610 παραϐάλλων
2804 4524 2875 4599 τὰ
2921 4549 3048 4618 παρ’
3080 4524 3272 4602 αὐτῶν
3320 4550 3718 4620 σημαινόμενα,

474 4622 553 4689 ris
577 4619 977 4690 signiﬁcantur,
1002 4634 1065 4674 ac
1098 4635 1192 4690 per
1223 4619 1442 4691 Moysen
1477 4629 1530 4675 et
1561 4637 1710 4676 mare
1731 4622 1837 4691 27
1870 4631 2039 4678 totam

474 4717 636 4771 simul
671 4714 1040 4784 evangelicam
1080 4713 1542 4783 dispensationem
1590 4713 1807 4769 elevare
1845 4728 2041 4785 aggre-

424 4807 643 4866 ‘ditur.
682 4808 814 4862 Nam
859 4825 981 4878 qua:
1017 4818 1362 4878 peccatorum
1418 4804 1691 4871 remissio,
1741 4823 1862 4877 quae
1916 4809 2039 4865 vita}

2150 4629 2243 4681 καὶ
2291 4629 2379 4683 διὰ
2430 4632 2707 4699 Μωῦσέως
2756 4637 2848 4691 καὶ
2887 4638 2985 4710 τῆς
3029 4638 3301 4713 θαλάσσης
3350 4642 3529 4695 πᾶσαν
3576 4641 3723 4712 όμοῦ

2146 4719 2419 4793 διασύρειν
2472 4723 2571 4794 τὴν
2623 4727 2982 4802 εύαγγελικὴν
3036 4731 3342 4804 οἰκονομίαν
3399 4732 3718 4803 ἐπιχειρῶν.

2147 4813 2282 4866 Ποία
2312 4814 2418 4886 γὰρ
2465 4815 2657 4884 ἄφεσις
2705 4823 3163 4893 παραπτωμάτων
3205 4825 3355 4895 (75);
3398 4825 3525 4880 ποία
3567 4823 3721 4895 ζωῆς

542 4962 759 5045 '_‘Nuut.
805 4979 916 5045 ξιι,
954 4962 1008 5019 9.
1084 4961 1312 5016 “Exod.
1352 4977 1447 5025 xu,
1490 4961 1577 5016 15.
1653 4961 1742 5015 ³³1
1779 4963 1907 5017 (3οΓ-
1944 4979 2047 5033 ιν,

2157 4976 2181 5020 ς.
2255 4968 2437 5027 “Ose.
2481 4989 2601 5040 xiv,
2644 4974 2732 5029 10.
2808 4976 2998 5032 "Cen.
3042 4996 3197 5045 χχιιι,
3230 4980 3314 5034 l6.
3390 4980 3582 5035 "ibid.
3622 4981 3715 5037 15.

470 5034 518 5069 "
548 5034 674 5089 Jou.
714 5050 749 5087 ιι
804 5034 854 5087 1.

652 5201 659 5208 ρ

544 5211 655 5281 (70)
711 5209 1069 5281 Ἐξαποωγῆς.
1102 5209 1463 5281 Consentiunt
1512 5210 1564 5264 in
1597 5211 1699 5268 hac
1736 5228 1868 5268 voce
1900 5231 2031 5270 mss.

2208 5223 2319 5296 (73)
2357 5227 2677 5296 Διετηρήθη
2711 5230 2798 5285 δέ.
2828 5231 2933 5286 Pro
2966 5232 3052 5288 his
3083 5235 3305 5293 vocibus
3350 5245 3461 5292 tres
3486 5236 3710 5291 cod'ces

473 5280 742 5375 codices.
771 5284 909 5335 Editi
950 5280 1323 5362 διεξαγωγῆς.
1391 5280 1647 5361 Displicet
1705 5280 2039 5375 Co'mbclisio

2157 5280 2232 5375 ιᾳῖ
2271 5280 2722 5361 ὲσώξετοτίδιιιιίο
2751 5309 2875 5373 post
2911 5304 3131 5361 codices

470 5352 684 5422 Erasini
732 5354 1123 5422 interpretatio,
1147 5355 1305 5422 _quia_
1361 5365 1467 5403 non
1519 5352 1700 5405 statim
1761 5352 1829 5407 de
1883 5357 2036 5411 exitu

472 5421 840 5494 israelitarum
878 5420 1116 5491 loquitur
1145 5420 1416 5494 Basilius;
1449 5422 1542 5475 sed
1579 5422 1666 5494 illa
1696 5424 2037 5494 primogeni-

2140 5365 2344 5435 θήγειν.

2209 5434 2321 5518 ζμ)
2380 5437 2589 5518 Μικρά.
2642 5437 2777 5518 Tres
2829 5441 3044 5518 codices
3087 5447 3300 5518 μικρόν.
3352 5445 3523 5501 Paulo
3583 5458 3709 5518 post

706 5493 854 5548 salus
905 5504 989 5548 est
1040 5493 1186 5547 velut
1251 5491 1466 5546 ittitium
1518 5493 1700 5548 exitus
1762 5491 2040 5552 lsraelitao
2138 5491 2268 5588 editi
2299 5491 2775 5589 contra'oinniuni
2796 5491 3043 5589 codicum

470 5576 657 5705 mili!)
697 5630 1032 5705 mome-
1059 5631 1188 5705 “es.
1221 5632 1428 5705 prim“?
1451 5632 1831 5705 διαδιδομένης·

547 5701 657 5769 (73)
708 5701 769 5754 Ὀ
818 5702 1086 5767 θάνατος.
1124 5701 1260 5759 ωλι
1307 5704 1513 5758 addunt
1551 5701 1662 5759 ἀπο
1709 5701 1896 5779 Ἀδάμ,
1939 5706 2031 5764 sed

475 5771 588 5827 haec
613 5773 805 5829 desunt
837 5774 889 5828 itt
920 5789 1045 5827 mss.

2140 5575 2346 5653 λοιμεν.
2382 5576 2523 5653 unde
2556 5578 2833 5653 Erasmus,
2874 5585 2921 5636 si
2950 5584 3297 5653 conferamus.

2214 5648 2325 5717 (75)
2364 5648 2869 5720 Παραπτωμάτων.
2922 5648 3147 5721 Quidam
3188 5658 3403 5712 codices
3447 5659 3704 5729 ἁμαρτη-

2142 5719 2347 5789 μάτων.

3616 366 3835 444 m’
