3908 6578
365 422 464 473 127

1666 419 1725 475 S.
1770 418 2013 474 BASlLil
2057 419 2268 478 MAGNI

3417 423 3422 434 '
3502 417 3613 480 {9.3

364 528 651 587 elementis
690 527 929 591 instituti
974 543 1198 595 sumus;
1231 528 1338 586 Deo
1376 531 1471 602 qui
1516 539 1707 589 nostra
1727 531 1939 604 {guber-

2057 539 2177 607 ἡμῖν
2230 534 2373 589 κατά
2422 534 2521 606 τὴν
2575 533 2769 603 γνῶσιν
2809 532 2937 604 (80)
2971 533 3422 623 ὲστοιχειώθημεν
3448 555 3467 572 ο
3511 539 3611 593 τοῦ

360 631 481 686 nat,
507 622 665 692 quasi
691 621 880 676 oculos
914 621 966 675 in
1000 622 1241 677 tenebris
1270 625 1559 688 enutritos,
1596 626 1661 679 ad
1682 639 1936 693 magnum

363 713 613 768 veritatis
672 712 881 775 lumen,
947 712 1208 781 paulatim
1262 713 1702 781 assuefaciendo,
1738 715 1937 769 subve-

365 803 552 860 hente.
592 804 728 858 Dum
759 805 903 858 enim
935 804 1238 875 infirmitati
1269 806 1472 860 nostrae
1501 807 1698 876 parcit,
1728 805 1782 860 in
1815 820 1940 875 pro-

366 896 534 952 funda
572 898 852 968 sapientiae
880 914 993 952 sua:
1030 899 1329 968 Opulentia.
1358 900 1522 970 inque
1552 901 1940 970 imperscrnta-

366 990 570 1046 bilihus
635 991 1005 1061 intelligentia:
1062 1006 1175 1045 sure
1231 990 1451 1060 judiciis
1511 991 1780 1062 placidam
1828 991 1941 1061 28

366 1080 507 1134 hanc
553 1083 818 1149 nobisque
867 1081 1276 1135 accommodant
1336 1083 1590 1139 adhibuit
1638 1083 1940 1138 institutio-

364 1186 515 1233 nem,
551 1175 701 1242 prius
749 1187 1035 1242 corporum
1070 1174 1291 1227 urnbras
1322 1175 1546 1237 intueri,
1594 1183 1646 1228 et
1679 1175 1733 1228 in
1782 1175 1939 1244 aquis

367 1266 541 1322 solem
581 1281 803 1320 cernere
842 1265 1286 1328 consuefacieus,
1334 1284 1402 1321 ne
1436 1267 1691 1337 protinus
1723 1275 1940 1336 specta-

366 1358 492 1413 Culo
521 1372 669 1427 purae
699 1357 837 1412 lucis
875 1356 1067 1411 olleusi
1118 1358 1505 1427 caligaremus.
1542 1358 1623 1411 Ad
1676 1358 1941 1412 consimi-

314 1489 323 1507 λ
365 1445 472 1502 lem
509 1448 651 1503 enim
686 1448 947 1501 rationem
976 1458 1088 1501 tum
1116 1448 1200 1503 lex
1252 1450 1503 1503 umbram
1548 1449 1754 1504 habens
1796 1447 1943 1502 futu—

368 1554 555 1593 rerum
583 1539 648 1602 ³³,
677 1547 788 1591 tum
832 1554 926 1608 per
953 1540 1244 1608 prophetas
1290 1539 1433 1594 facta
1464 1541 1592 1594 olim
1624 1540 1939 1602 delineatio,

365 1647 490 1703 quae
521 1639 606 1686 est
627 1631 873 1687 veritatis
911 1631 1163 1700 aanigma,
1199 1624 1625 1687 exercitamenta
1653 1635 1938 1686 oculorum

365 1724 552 1779 oculis
612 1725 915 1794 excogitata
956 1734 1085 1779 sunt
1114 1744 1126 1779 :
1155 1727 1299 1796 quod
1330 1726 1588 1779 videlicet
1631 1726 1701 1780 ab
1734 1726 1817 1781 his
1858 1724 1944 1779 fu-

366 1824 525 1870 turus
551 1823 668 1869 erat
700 1817 857 1871 nobis
893 1819 1161 1871 transitus
1195 1817 1370 1871 facilis
1407 1818 1474 1871 ad
1509 1818 1847 1871 reconditam
1887 1818 1941 1871 in

2041 627 2450 699 οίκονομοῦντος
2494 625 2562 680 τὰ
2612 626 2854 697 ἡμέτερα
2882 665 2898 690 ,
2950 625 3141 696 ὥσπερ
3193 626 3500 698 ὀφθαλμοὺς
3553 633 3616 684 ὲν

2002 752 2009 761 ι
2046 719 2221 791 σκότῳ
2253 718 2588 790 τραφέντας.
2642 717 2720 788 τῷ
2768 719 2886 772 κατ’
2926 717 3102 786 ὀλίγον
3136 717 3344 790 ἐθισμῷ
3385 721 3518 791 πρὸς
3552 722 3617 775 τὺ

2042 811 2187 882 μέγα
2229 810 2344 880 φῶς
2387 813 2486 880 τῆς
2519 805 2794 879 ’ἀληθείας
2833 808 3141 879 ἀνάγοντος.
3175 811 3353 864 Φειδοῖ
3377 813 3486 884 γὰρ
3510 816 3620 885 τῆς

2041 901 2508 972 ἁσθενείας.ήμῶν
2527 941 2542 964 ,
2592 903 2648 969 ὲν
2699 900 2776 972 τῷ
2822 901 2973 971 βάθει
3005 901 3099 954 τοῦ
3130 901 3360 955 πλούτου
3392 905 3491 974 τῆς
3523 920 3621 958 σο-

2042 994 2172 1063 φίας
2225 992 2418 1055 αὑτοῦ,
2470 994 2565 1046 καὶ
2611 996 2725 1068 τοῖς
2771 993 3190 1063 ἀνεξιχνιάστοις
3234 995 3462 1066 κρίμασι
3511 998 3621 1066 τῆς

2044 1085 2312 1147 συνέσεως
2345 1083 2456 1151 (81)
2490 1084 2587 1155 τὴν
2626 1087 2868 1155 προσηνῆ
2909 1084 3112 1153 ταύτην
3152 1085 3244 1138 καὶ
3277 1087 3621 1157 εὐάρμοστον

2038 1160 2170 1247 ἡμῖν
2224 1173 2500 1239 ὑπέδειξεν
2551 1175 2807 1244 ἀγωγὴν,
2843 1177 2941 1239 τὰς
2981 1177 3137 1239 σκιὰς
3184 1176 3449 1248 πρότερον
3478 1178 3621 1249 ὀρᾷν

2041 1267 2150 1320 τῶν
2182 1260 2470 1338 ’σωμάτων
2504 1308 2520 1331 ,
2586 1269 2680 1321 καὶ
2729 1270 2786 1320 ὲν
2843 1267 2996 1320 ὕδατι
3055 1268 3271 1337 βλέπειν
3326 1269 3416 1321 τὸν
3464 1269 3618 1339 ἦλιον

2042 1358 2374 1431 προεθίζων,
2405 1360 2481 1422 ὡς
2518 1359 2591 1430 μὴ
2622 1358 2781 1423 εὐθὺς
2810 1362 2874 1430 τῇ
2906 1360 3004 1430 θέᾳ
3041 1359 3134 1411 τοῦ
3170 1360 3406 1432 ἀκράτου
3438 1359 3619 1428 φωτὸς

2039 1451 2450 1523 προσϐαλόντας
2497 1450 2909 1522 ἀμαυρωθῆναι.
2936 1450 3090 1504 Κατὰ
3118 1450 3227 1520 γὰρ
3260 1450 3352 1504 τὸν
3384 1450 3498 1503 ἴσον
3526 1449 3620 1503 λό-

2040 1561 2134 1612 γον
2162 1544 2190 1596 ὃ
2230 1560 2291 1596 τε
2335 1543 2497 1613 νόμος
2517 1580 2532 1604 ,
2585 1541 2743 1595 σκιάν
2779 1541 2918 1612 ἔχων
2947 1542 3055 1595 τῶν
3086 1541 3387 1612 μελλόντων
3406 1581 3420 1602 ,
3452 1541 3545 1594 καὶ
3578 1544 3615 1613 ἡ

2041 1634 2128 1687 διά
2161 1632 2268 1686 τῶν
2317 1631 2611 1704 προςεητῶν
2655 1630 3000 1701 προτύπωσις
3033 1633 3174 1700 (89.),
3215 1630 3443 1701 αἴνιγμα
3478 1626 3618 1684 οὖσα

2040 1727 2140 1795 τῆς
2178 1724 2460 1794 ἀληθείας,
2499 1724 2884 1794 γυμναστήρια
2908 1723 3017 1776 τῶν
3042 1722 3333 1792 ὀφθαλμῶν
3360 1723 3457 1793 τῆς
3486 1739 3622 1794 καρ-

2043 1816 2160 1878 δίας
2190 1814 2530 1884 ἐπινενόηται
2555 1830 2568 1842 ·
2597 1812 2674 1875 ὡς
2702 1811 2827 1865 ἀπο
2851 1812 3056 1866 τούτων
3099 1812 3288 1884 ῥᾳδίας
3323 1811 3421 1882 τῆς
3452 1829 3621 1881 μετα.-

314 1944 317 1951 .
367 1906 632 1977 mysterio
660 1906 1008 1975 sapientiam.
1050 1906 1236 1976 Itaque
1274 1907 1340 1960 de
1374 1906 1561 1976 figuris
1597 1907 1814 1976 quidem
1850 1908 1941 1960 ha-

2057 1908 2254 1970 Ξάσεως
2294 1909 2427 1977 ἡμῖν
2467 1905 2604 1976 πρὸς
2631 1903 2728 1974 τὴν
2759 1903 3257 1975 ἀποκεκρυμμένην
3297 1904 3354 1956 ὲν
3409 1919 3621 1974 μυστη-

367 2005 584 2051 ctcuus.
623 1995 809 2066 Neque
832 1998 977 2050 enim
1021 1997 1147 2052 licet
1180 1997 1307 2050 huic
1342 1998 1462 2051 loco
1496 1998 1706 2052 diutius
1747 1998 1943 2051 immo-

367 2081 503 2143 ra'ri.
537 2088 757 2159 Alioqui
789 2088 933 2158 quod
959 2090 1140 2145 obiter
1167 2091 1382 2155 incidit,
1411 2090 1569 2161 longe
1593 2090 1771 2161 majus
1793 2091 1946 2145 ﬂeret

369 2191 692 2253 argumento
718 2182 1034 2253 principali.

961 2380 1192 2437 CAPUT
1234 2379 1351 2435 XV.

368 2470 656 2543 Responsio
690 2473 758 2527 ad
788 2472 844 2527 id
889 2473 1030 2540 quod
1062 2473 1421 2538 subinferunt,
1461 2489 1554 2526 nos
1590 2468 1637 2526 et
1669 2473 1725 2527 in
1757 2488 1947 2543 aquam

680 2544 947 2612 baptizari
974 2561 991 2598 :
1020 2544 1108 2597 ubi
1143 2555 1190 2596 et
1215 2544 1277 2596 de
1306 2544 1637 2610 baptismate.

439 2657 530 2712 54.
571 2654 713 2723 Quid
748 2658 911 2727 igitur
944 2657 1012 2711 ad
1057 2657 1210 2711 lucc?
1238 2656 1423 2711 Multis
1469 2658 1671 2727 quippe
1721 2657 1948 2712 solutio-

369 2749 536 2805 nibus
575 2749 878 2804 abundant.
911 2748 1087 2803 Etiam
1125 2749 1180 2802 in
1219 2763 1414 2818 aquam
1452 2748 1814 2817 baptizamur,
1848 2764 1948 2803 nec

369 2830 557 2897 tamen
594 2857 791 2908 aquam
826 2843 1097 2896 universa:
1132 2850 1400 2896 creatura!
1442 2840 1815 2910 praeferemus,
1848 2856 1946 2897 ne-

371 2949 479 3004 que
507 2935 557 2989 ei
581 2932 764 2989 Patris
798 2948 863 2988 ac
901 2931 1024 2987 Filii
1056 2933 1316 2987 honorem
1342 2932 1738 3002 impertiemus.
1771 2932 1948 3002 Atque

373 3026 590 3081 illorum
623 3024 843 3095 quidem
893 3025 1058 3079 verba
1100 3024 1229 3078 talia
1266 3035 1416 3088 sunt,
1449 3024 1632 3093 qualia
1667 3024 1947 3079 hominum

371 3118 457 3174 ira
497 3125 918 3177 commotorum.
964 3116 1056 3186 qui
1099 3115 1173 3170 ob
1221 3115 1427 3171 aﬂ‘usas
1466 3115 1663 3168 rationi
1715 3130 1787 3170 ex
1820 3115 1949 3170 ali‘e-

372 3218 464 3266 ctu
496 3211 771 3273 tenebras,
806 3225 835 3261 a
866 3209 1018 3262 nullo
1052 3216 1380 3277 temperant,
1403 3207 1552 3277 quod
1580 3207 1647 3261 ad
1678 3207 1948 3263 ulciscen-

373 3301 504 3358 dum
534 3317 661 3356 eum
695 3316 724 3355 a
760 3315 870 3371 quo
895 3299 1085 3356 oti'ensi
1130 3307 1260 3355 sunt
1297 3298 1481 3354 faciat.
1513 3299 1623 3355 Nos
1652 3308 1837 3355 autem
1880 3316 1947 3355 ne

374 3394 444 3450 de
490 3394 587 3448 his
625 3392 844 3463 quidem
902 3391 1257 3462 gravahimur
1305 3390 1600 3446 disserere.
1652 3390 1761 3444 Aut
1799 3391 1946 3445 enim

375 3485 696 3554 ignorantes
738 3483 1081 3547 docebimus,
1130 3489 1226 3536 aut
1268 3483 1508 3552 maligne
1548 3481 1948 3539 obsistentibus

377 3589 491 3631 non
521 3575 912 3630 concedemus.
945 3572 1050 3629 Sed
1078 3575 1241 3644 paulo
1273 3574 1457 3630 altius.

445 3667 539 3723 35.
583 3666 679 3721 Dei
702 3681 767 3721 ac
799 3667 1108 3722 Servatoris
1135 3667 1308 3721 nostri
1354 3667 1502 3721 circa
1527 3666 1800 3723 hominem
1837 3668 1951 3724 dis-

372 3761 629 3833 pensatio
659 3760 942 3815 revocatio
996 3769 1136 3815 esta
1164 3760 1341 3829 lapsu,
1388 3760 1708 3830 reditusque
1745 3760 1812 3814 ad
1858 3761 1949 3816 Dei

376 3851 801 3909 familiaritatem
834 3853 902 3906 ab
937 3852 1270 3906 alienatione
1304 3867 1468 3922 quam
1502 3853 1721 3912 induxit
1758 3840 1952 3907 iuolie-

374 3946 600 4004 dientia.
634 3945 784 3999 llanc
808 3946 881 4000 ob
911 3960 1157 4004 causam.
1203 3944 1472 3999 adventus
1501 3945 1706 3998 Christi
1748 3944 1801 3996 in
1832 3959 1952 3995 car-

376 4052 468 4099 ne,
522 4036 847 4105 evangelicae
867 4032 1304 4087 conversationis
1345 4031 1551 4093 formae,
1594 4030 1948 4091 alTlletiones,

375 4143 535 4192 crux,
569 4128 871 4195 sepultura,
910 4125 1261 4186 resurrectio,
1315 4133 1373 4176 ut
1407 4123 1569 4176 homo
1624 4124 1716 4192 qui
1768 4124 1951 4176 salvus

379 4219 437 4273 lit
468 4233 562 4286 per
599 4217 958 4271 imitationem
999 4216 1227 4277 Christi,
1261 4224 1497 4268 veterem
1533 4214 1679 4267 illam
1718 4213 1952 4267 ﬁliorum

375 4305 725 4375 adoptionem
783 4306 1032 4375 recipiat.
1108 4306 1295 4373 Itaque
1347 4303 1720 4359 necessarium
1768 4314 1851 4359 est
1887 4303 1952 4358 ad

375 4398 504 4453 vitm
530 4396 914 4466 perfectionem
941 4397 1217 4450 Christum
1257 4396 1480 4459 imitari,
1520 4412 1626 4449 non
1671 4396 1847 4449 solum
1900 4397 1952 4449 in

373 4489 661 4559 exemplis.
691 4505 813 4561 qua:
843 4490 896 4543 in
931 4490 1040 4543 vita
1076 4490 1497 4554 demonstravit,
1529 4491 1792 4553 leuitatis,
1852 4491 1953 4545 hu-

2046 2002 2146 2073 ρίῳ
2175 1999 2367 2068 σοφίαν
2405 1998 2792 2069 γενησομένης.
2842 1996 2924 2049 Τὰ
2971 1997 3068 2066 μὲν
3114 1991 3208 2048 οὖν
3257 1997 3382 2067 περὶ
3430 1995 3619 2048 τύπων

2044 2090 2135 2143 ὲπὶ
2190 2087 2465 2142 τοσοῦτον.
2505 2087 2616 2140 Καὶ
2656 2086 2766 2157 γὰρ
2820 2085 2939 2139 οὐδὲ
2988 2085 3250 2148 δυνατὸν,
3313 2086 3409 2138 ἐπὶ
3455 2084 3619 2138 πλέον

2045 2179 2458 2252 προσδιατρῖψαι
2482 2178 2592 2248 (83)
2608 2178 2685 2249 τῷ
2716 2179 2894 2247 τόπῳ,
2926 2176 2959 2247 ἢ
2991 2175 3134 2229 οὕτω
3166 2178 3218 2245 γ’
3246 2175 3313 2229 ἂν
3348 2176 3408 2229 τὸ
3426 2176 3612 2231 ἐπεισξ

2042 2272 2179 2325 ὀδιον
2208 2271 2597 2324 πολλαπλάσιον
2634 2270 2720 2341 εἴη
2746 2269 2840 2322 τοῦ
2866 2268 3183 2338 κεφαλαίου.

2573 2381 2962 2435 ΚΕΦΛΛΑΙΟΝ
2988 2381 3085 2432 ιε’.

2057 2475 2421 2541 Ἀπάντησις
2447 2474 2595 2543 πρὸς
2621 2470 3190 2543 ἀνξθυποςρορὰνηότι
3220 2468 3318 2543 καί
3345 2468 3434 2536 είς
3459 2467 3635 2539 ὕδωρ.

2099 2540 2501 2615 βαπτιζόμεθά
2521 2561 2534 2575 ·
2569 2545 2640 2597 ἐν
2668 2542 2713 2608 ᾦ
2740 2544 2837 2597 καὶ
2862 2540 2937 2595 τὰ
2963 2540 3097 2610 περὶ
3118 2541 3558 2609 βαπτίσματος.

2113 2655 2202 2709 3-4.
2232 2654 2297 2706 Τί
2324 2649 2417 2709 οὖν
2442 2652 2575 2724 πρὸς
2601 2652 2809 2717 τούτοις
2839 2653 2950 2724 (84)
2979 2653 3091 2719 ἕτι;
3132 2652 3349 2707 Πολλῶν
3374 2650 3483 2724 γὰρ
3509 2653 3625 2707 δια.

2046 2746 2254 2800 λύσεων
2289 2746 2633 2817 εὐποροῦσιν.
2671 2746 2781 2798 Καὶ
2814 2747 2894 2809 είς
2921 2744 3063 2817 ὕδωρ
3090 2744 3495 2816 βαπτιζόμεθα,
3523 2743 3620 2798 καὶ

2046 2838 2107 2892 οὐ
2156 2838 2326 2908 δήπου
2359 2837 2420 2890 τὸ
2453 2836 2596 2909 ὕδωρ
2628 2837 2807 2907 πάσης
2847 2836 2982 2907 ὁμοῦ
3021 2836 3119 2905 τῆς
3160 2837 3393 2897 κτίσεως
3426 2851 3619 2905 προτι-

2051 2933 2330 3004 μήσομεν,
2373 2931 2405 3003 ἢ
2453 2933 2548 2985 καὶ
2598 2930 2744 3001 αὐτῷ
2772 2932 2870 3002 τῆς
2903 2928 3114 2999 Πατρός
3156 2929 3249 2982 καὶ⁵
3281 2925 3412 2982 Υίοῦ
3453 2927 3619 2998 τιμῆς

2052 3026 2449 3099 μεταδώσομεν.
2494 3029 2556 3081 Oi
2607 3027 2704 3098 μὲν
2749 3021 2842 3079 οὖν
2890 3024 3112 3078 ἐκείνων
3165 3022 3313 3093 λόγοι
3364 3023 3616 3089 τοιοῦτοι,

2048 3122 2220 3173 ὁποῖοι
2267 3120 2331 3173 ἂν
2364 3120 2600 3189 γένοιντο
2646 3118 2946 3189 ἀνθρώπων
2976 3117 3366 3187 ὠργισμένων,
3404 3116 3497 3169 καὶ
3532 3116 3625 3170 διὰ

2051 3210 2148 3281 τὴν
2176 3212 2241 3263 ὲκ
2270 3209 2362 3263 τοῦ
2395 3210 2600 3274 πάθους
2624 3208 2733 3263 τῶν
2770 3206 3047 3278 λογισμῶν
3085 3207 3440 3278 ἐπισκότησιν
3462 3250 3475 3269 ,
3519 3225 3625 3279 μη-

1998 3293 2021 3313 ¹⁶
2051 3302 2197 3366 δενὸς
2226 3301 2553 3372 φειδομένων
2589 3300 2724 3373 πρὸς
2744 3300 2843 3371 τὴν
2865 3298 2958 3352 τοῦ
2990 3296 3358 3367 λελυπηκότος
3386 3298 3620 3368 ἄμυναν.

2058 3393 2123 3446 Ἦ
2132 3397 2250 3464 μείς
2278 3393 2333 3446 δὲ
2357 3393 2476 3447 οὐδὲ
2506 3392 2597 3445 τὸν
2623 3389 2973 3460 περὶτούτων
3008 3388 3412 3459 κατοκνήσομεν
3440 3388 3619 3457 λόγον.

2050 3485 2122 3538 Ἦ
2151 3484 2260 3555 γὰρ
2298 3482 2623 3553 ἀγνοοῦντας
2662 3482 2946 3552 διδάξομεν
2972 3522 2986 3544 ,
3018 3482 3050 3554 ἢ
3102 3479 3499 3550 κακουργοῦσιν
3521 3482 3626 3536 οὐκ

2052 3574 2437 3646 ἐπιτρέψομεν.
2474 3574 2683 3643 Μικρὸν
2709 3573 2766 3625 δὲ
2800 3573 3004 3626 ἄνωθεν
3031 3572 3162 3644 (85).

2121 3664 2208 3718 55.
2227 3667 2291 3718 'H
2320 3664 2411 3718 τοῦ
2443 3664 2576 3717 Θεοῦ
2596 3664 2689 3718 καὶ
2710 3663 2958 3735 Σωτῆρος
2980 3665 3012 3735 ἡ
3020 3663 3136 3734 μῶν
3158 3665 3287 3736 περὶ
3302 3664 3389 3717 τὸν
3413 3663 3625 3735 ἄνθρω-

2053 3775 2150 3810 πον
2182 3758 2456 3827 οἰκονομία
2485 3755 2781 3827 ἀνάκλησίς
2822 3759 2971 3810 ἐστιν
3000 3756 3108 3809 ἀπὸ
3133 3756 3235 3827 τῆς
3263 3755 3625 3822 ἐκπτώσεως,

2053 3848 2145 3899 καὶ
2180 3846 2433 3911 ἐπάνοδος
2486 3848 2565 3911 είς
2616 3847 2891 3900 οίκείωσιν
2936 3846 3070 3900 Θεοῦ
3111 3847 3218 3900 ἀπὸ
3266 3847 3368 3918 τῆς
3393 3847 3481 3901 διά
3525 3846 3627 3919 τὴν

2054 3938 2337 4012 παρακοὴν
2394 3938 2693 4010 γενομένης
2748 3936 3174 4009 ἀλλοτριώσεως.
3230 3938 3331 3992 Διὰ
3386 3937 3545 3991 τοῦτο
3586 3940 3622 4009 ἡ

2058 4031 2193 4101 μετὰ
2225 4030 2424 4100 σαρκὸς
2453 4029 2714 4100 ἐπιδημία
2745 4028 2984 4101 Χριστοῦ
3005 4071 3020 4096 ,
3046 4032 3102 4083 αἱ
3125 4029 3229 4083 τῶν
3256 4028 3626 4098 εὐαγγελικῶν

2056 4121 2460 4193 πολιτευμάτων
2480 4103 2855 4185 ὑποτυπώσεις
2874 4122 3010 4195 (86),
3033 4122 3102 4176 τὰ
3131 4122 3298 4193 πάθη,
3316 4124 3344 4176 ό
3370 4122 3623 4194 σταυρὸς,

2056 4214 2089 4283 ἡ
2120 4211 2283 4281 ταφὴ,
2312 4212 2651 4283 ήὰνάστασις
2675 4228 2689 4242 ⁸
2715 4213 2854 4266 ὥστε
2883 4214 2973 4266 τὸν
3007 4211 3318 4284 σωζόμενον
3342 4211 3630 4283 ἄνθρωπον

2055 4305 2141 4358 διά
2180 4306 2459 4376 μιμήσεως
2501 4304 2738 4377 Χριστοῦ
2771 4305 2868 4377 τὴν
2897 4307 3129 4377 ἀρχαίαν
3181 4304 3397 4376 ἐκείνην
3446 4305 3627 4359 υἱοθε-

2058 4397 2179 4451 σίαν
2211 4397 2524 4452 ἀπολαϐεῖν.
2566 4396 2861 4467 Ἀναγκαία
2886 4398 3065 4450 τοίνυν
3097 4397 3214 4451 ἐστὶ
3243 4397 3378 4469 πρὸς
3410 4396 3629 4450 τελείω-

2059 4506 2141 4542 σιν
2178 4489 2322 4561 ζωῆς
2354 4490 2386 4561 ἡ
2425 4488 2659 4559 Χριστοῦ
2706 4489 2935 4561 μίμησις
2975 4489 3036 4543 οὐ
3072 4489 3228 4560 μόνον
3257 4490 3315 4541 ὲν
3344 4491 3453 4553 τοῖς
3486 4488 3629 4543 κατὰ

376 4580 627 4635 militatis
655 4595 718 4634 ac
743 4581 1035 4650 patientia‘,
1073 4597 1263 4635 verum
1291 4581 1460 4636 etiam
1511 4566 1685 4652 ipsius
1736 4582 1947 4647 mortis,

2057 4582 2145 4636 τὸν
2179 4581 2291 4652 βίον
2325 4582 2713 4653 ὑποδείγμασιν
2742 4582 3038 4653 άοργησίας
3074 4583 3170 4636 καὶ
3202 4581 3630 4652 ταπεινοφροσύ-

376 4670 522 4728 sicut
546 4669 748 4727 Paulus
779 4672 853 4725 ait
874 4672 1077 4728 Christi
1103 4672 1774 4730 imitator:Couformatus
1804 4678 1961 4731 morti

445 4823 492 4855 "
527 4822 689 4881 iiebr'.
731 4836 762 4880 Χ
786 4867 800 4890 ,
845 4825 897 4880 l.

451 4962 559 5034 (80)
595 4966 755 5019 Κατὰ
790 4965 903 5034 τὴν
935 4965 1181 5036 γνῶσιν.
1242 4956 1438 5020 Nescio
1497 4965 1638 5021 unde
1677 4966 1809 5021 editi
1857 4967 1954 5021 ha-

376 5033 542 5092 beant
582 5037 725 5103 κατά
742 5037 840 5106 τὴν
872 5033 1253 5108 ἀκατάληπτον
1290 5038 1510 5105 γνῶσιν,
1537 5037 1683 5108 quod
1718 5040 1771 5091 in
1803 5041 1953 5092 nullo

378 5120 609 5176 prorsus
636 5108 823 5176 rodirc
855 5113 1176 5175 reperimus.

454 5175 564 5246 (8ll
611 5175 716 5242 Τῆς
773 5177 1102 5243 συνέσεως.
1156 5176 1336 5232 Editio
1369 5175 1540 5231 Paris.
1585 5178 1735 5231 addit
1764 5177 1951 5241 αὐτοῦ,

380 5246 524 5368 good
582 5249 737 5300 abest
782 5264 810 5301 a
850 5266 883 5303 ιι
924 5251 1055 5302 stris
1096 5250 1377 5302 C0dtt:iilllS
1418 5257 1471 5300 ct
1510 5248 1576 5304 ah
1613 5250 1744 5305 edit.
1790 5248 1952 5301 Basil.

427 5317 551 5368 aulo
584 5328 703 5368 nost
734 5319 961 5368 legimus
1019 5335 1140 5368 rum
1177 5319 1450 5368 veteribus
1495 5320 1650 5368 libris
1698 5321 1756 5368 ἐν
1797 5316 1952 5368 ὕδατι

427 5317 551 5369 aulo
584 5328 703 5384 post
734 5319 961 5388 legimus
1019 5335 1140 5371 rum
1177 5319 1450 5372 veteribus
1495 5320 1650 5372 libris
1698 5321 1756 5371 ἐν
1797 5316 1952 5372 ὕδατι

383 5402 481 5457 pro
505 5401 569 5439 eo
599 5389 741 5453 quod
768 5391 959 5441 eratin
989 5390 1150 5443 editis
1172 5391 1227 5441 ὲν
1259 5388 1431 5442 ὕδασι.
1712 5440 1719 5449 ,

454 5456 568 5526 (82»
604 5460 1008 5525 Προτύπωσις.
1049 5460 1136 5511 Sic
1160 5468 1395 5527 quatuor
1435 5459 1651 5512 codices
1687 5475 1820 5513 mss.
1854 5457 1956 5512 Alii

383 5528 703 5600 comeditis
746 5528 1006 5590 τύπωσις.
1050 5530 1218 5583 Paulo
1264 5538 1386 5598 post
1432 5530 1561 5584 editi
1606 5529 1704 5599 τῆς
1734 5528 1960 5600 καρδίας

382 5596 560 5669 ἡμῶν.
598 5597 724 5649 Mss.
759 5608 815 5669 ut
837 5599 887 5650 iu
921 5609 1091 5669 textu.

457 5667 569 5735 (85)
611 5668 1093 5737 Προσδνατρῖείιαι.
1158 5668 1247 5722 Sic
1290 5686 1480 5723 omnes
1530 5670 1782 5734 codices;
1825 5670 1956 5723 editi

384 5736 745 5810 ἐνδιατρῖψαι.
782 5736 1043 5810 Quamvis
1076 5750 1255 5793 autem
1291 5740 1489 5793 ibidem
1524 5742 1766 5810 plerique
1807 5742 1959 5795 codi-

386 5822 480 5867 ces
508 5808 746 5865 habeant
796 5810 872 5881 τῷ
915 5808 1086 5880 τύπῳ,
1134 5810 1456 5865 r'etiz‘uimus
1497 5808 1782 5880 τότ-αρίδίο
1812 5813 1954 5867 enim

2067 4692 2165 4746 νης
2198 4677 2288 4729 καὶ
2327 4674 2704 4747 μακροθυμίας
2729 4714 2743 4738 ,
2775 4674 2909 4729 ἀλλὰ
2935 4675 3027 4729 καὶ
3049 4674 3211 4729 αὑτοῦ
3237 4673 3330 4728 τοῦ
3365 4673 3627 4740 θανάτου,

2059 4966 2314 5039 postulat'
2341 4967 2624 5039 sententias
2657 4966 2843 5021 series.

2132 5038 2242 5108 (84)
2290 5038 2349 5091 Τί
2380 5033 2493 5090 οὖν
2520 5036 2958 5108 πρὸςμτοὺτοις.
2996 5033 3117 5089 Haec
3141 5034 3399 5108 periodus
3428 5034 3481 5087 in
3514 5034 3628 5108 erli-

2061 5105 2150 5162 tis'
2179 5108 2244 5160 ad
2290 5115 2451 5176 caput
2488 5105 2800 5175 praecedens
2849 5112 3113 5169 relertur;
3155 5105 3251 5159 sed
3289 5106 3631 5159 commodius

2064 5180 2240 5232 visunt
2273 5189 2355 5231 est
2389 5178 2511 5229 inde
2557 5177 2766 5245 initium
2806 5177 2968 5243 hujus
3007 5177 3200 5245 capitis
3233 5184 3287 5227 ut
3322 5176 3376 5228 in
3404 5177 3629 5245 nonnul-

2065 5249 2132 5301 iis
2179 5264 2310 5301 mss.
2356 5246 2579 5300 ducere.
2633 5244 2801 5299 Paulo
2867 5255 2981 5316 post
3036 5243 3145 5301 tres
3190 5246 3408 5299 codices
3449 5243 3482 5314 ἦ
3537 5247 3632 5299 καὶ

2058 5319 2207 5371 αὐτὸ.

2132 5387 2243 5457 (85)
2272 5388 2550 5441 'Arwﬂsr.
2582 5382 2724 5438 Editi
2753 5384 2959 5440 addunt
2982 5385 3338 5448 ἀναλαϐόντες
3364 5382 3627 5457 εἴπωμεν,

2066 5455 2160 5515 sed
2195 5455 2306 5512 haec.
2336 5458 2404 5511 ab
2444 5457 2684 5519 antiquis
2713 5458 2969 5510 omnibus
3001 5458 3152 5510 libris
3182 5461 3398 5517 absunt,
3428 5469 3524 5505 nec
3551 5455 3631 5504 vi-

2064 5531 2262 5583 dentur
2317 5528 2644 5597 necessaria.
2693 5524 2894 5581 Ibidem
2928 5537 3165 5597 quatuor
3216 5526 3431 5579 codices
3459 5523 3494 5593 ἠ
3536 5522 3629 5575 τοῦ

2066 5599 2197 5652 Θεοῦ
2231 5598 2326 5652 καὶ
2354 5596 2582 5667 Πατρός.

2138 5670 2337 5740 (8ϋὶΑἱ
2369 5660 2550 5740 τῶιλ...
2589 5665 3024 5740 ὑποτυςίώσοις.
3073 5665 3161 5720 Sic
3186 5663 3354 5740 prisci
3391 5660 3632 5740 quinque

2067 5734 2186 5794 libri
2219 5759 2231 5794 :
2263 5739 2393 5793 editi
2431 5746 2608 5791 autem
2647 5738 2748 5805 ἡ...
2784 5737 3147 5801 ὑποτύπωσις.
3185 5734 3322 5805 Reg,
3358 5737 3632 5792 secundus

2067 5811 2262 5865 ibidem
2292 5811 2323 5879 ἡ
2359 5808 2494 5879 μετὰ
2524 5808 2720 5873 σαρκὸς
2748 5808 3045 5876 οἰκονομία.
