3908 6526
252 338 343 394 ιεο

1399 342 1594 399 LIBER
1622 334 1723 403 ’ΒΕ
1755 348 2031 410 SPIRITU
2074 332 2371 413 saucio.
2430 326 2435 335 λ

3386 371 3492 429 130

246 446 535 513 ὡςηιῦλός
567 454 736 520 φησιν
770 449 800 501 6
843 453 1088 524 μιμητὴς
1106 452 1202 508 τοῦ
1241 455 1500 526 Χριστοῦο
1542 461 1806 529 Συμμορ-

1911 465 2047 534 ejus,
2084 468 2132 520 si
2153 485 2254 537 quo
2296 469 2453 522 modo
2482 470 2781 538 perveniam
2838 471 2910 526 ad
2947 475 3383 534 resurrectionem
3422 498 3491 537 ea:

246 542 531 610 ροῦμενος
557 540 646 605 τῷ
674 540 910 609 θανάτῳ
950 544 1176 610 αὐτοῦ,
1201 547 1259 599 εἴ
1299 563 1423 613 πως
1463 554 1816 615 καταντήσω

242 631 320 691 εις
340 627 452 693 τὴν
470 629 544 681 ἐκ
577 629 812 698 νεκρῶν
836 631 1268 696 ἐξανάστασιν.
1297 636 1421 699 Πῶς
1449 633 1541 689 οὖν
1555 637 1817 709 γινόμεθα

245 723 296 773 ὲν
338 718 414 789 τῷ
445 719 759 791 ὁμοιώματι
797 721 894 775 τοῦ
942 722 1174 778 θανάτου
1208 727 1403 791 aurai;
1453 728 1819 798 Συνταφέντες

244 807 379 878 αὐτῷ
418 808 508 861 διὰ
553 810 658 864 τοῦ
704 811 1103 884 βαπτίσματος.
1150 816 1247 879 Τίς
1292 812 1385 871 οὖν
1412 820 1441 871 6
1480 819 1679 885 τρόπος
1716 822 1815 892 τῆς

242 899 437 967 ταφῆςς
464 900 563 952 καὶ
592 901 650 953 τί
674 901 735 953 τὸ
763 904 830 955 ὲκ
854 903 957 972 τῆς
991 907 1274 977 μιμήσεως
1312 909 1580 980 χρήσιμον
1607 928 1621 975 ;
1656 911 1814 983 Πρῶ-

243 1007 323 1042 τον
351 989 446 1058 μὲν
493 990 834 1058 ἀναγκαῖον,
880 995 979 1066 τὴν
1032 996 1355 1051 ἀκολουθίαν
1406 999 1499 1052 τοῦ
1549 1001 1817 1073 προτέρου

243 1078 349 1150 βίου
395 1078 752 1152 διακοπῆναι.
810 1084 984 1138 Τοῦτο
1033 1086 1089 1139 δὲ
1138 1087 1401 1142 ἀδύνατον
1426 1131 1441 1155 ,
1490 1090 1563 1161 μὴ
1612 1093 1816 1148 ἄνωθεν

243 1174 561 1242 γεννηθέντα
588 1216 605 1237 ,
661 1176 808 1229 κατὰ
855 1177 952 1249 τὴν
987 1178 1081 1231 τοῦ
1115 1182 1323 1252 Κυρίου
1361 1184 1566 1254 φωνήν.
1614 1185 1677 1238 Ἡ
1708 1187 1817 1258 γὰρ

242 1264 623 1333 παλιγγενεσία
651 1307 666 1331 ,
694 1267 771 1331 ὡς
803 1270 895 1322 καὶ
940 1270 1071 1323 αὐτὸ
1114 1271 1266 1343 δηλοῖ
1296 1274 1356 1327 τὸ
1393 1273 1563 1346 ὄνομα
1585 1316 1599 1340 ,
1632 1276 1816 1330 δευτέ-

242 1372 327 1427 ρου
355 1355 470 1425 eam
511 1359 671 1411 ἐστὶν
704 1359 872 1431 ἀρχή.
917 1360 1080 1414 Ὥστε
1108 1364 1238 1434 πρὶν
1266 1365 1536 1436 ἄρξασθαι
1569 1368 1662 1421 τοῦ
1694 1369 1816 1422 δευ-

132 1472 139 1479 ~
238 1446 419 1517 τέρου,
454 1448 642 1518 πέρας
666 1450 799 1518 ,(8⁸1)
837 1452 942 1523 χρὴ
981 1452 1166 1507 δοῦναι
1206 1455 1285 1526 τῷ
1345 1457 1686 1528 προλαϐόντι.
1731 1461 1817 1524 Ὠς

240 1538 335 1608 γὰρ
365 1541 455 1591 ἐπὶ
485 1539 603 1592 τῶν
648 1541 741 1593 τὸν
772 1541 985 1595 δίαυλον
1012 1544 1476 1616 ἀνακαμπτόντων
1506 1550 1696 1614 στάσις
1734 1569 1818 1615 τις

237 1628 322 1680 καὶ
361 1629 725 1700 ἑπηρέμησις
752 1631 852 1695 τὰς
882 1633 1126 1698 ἐναντίας
1161 1636 1403 1707 κινήσεις
1427 1637 1778 1709 διαλαμϐάνει
1797 1657 1813 1672 ⁸

237 1718 368 1773 οὕτω
423 1721 521 1773 καὶ
579 1722 677 1773 ἐπὶ
710 1723 810 1792 τῆς
842 1723 950 1778 τῶν
1004 1725 1135 1795 βίων
1176 1727 1478 1801 μεταϐολῆς
1519 1731 1814 1799 ἀναγκαῖον

1919 560 2144 613 mortuis
2158 559 2226 615 ⁸⁸,
2246 559 2530 626 Quomodo
2559 563 2724 633 igitur
2753 564 2831 631 ﬁt,
2887 575 2947 621 ttt
2975 566 3148 623 simus
3192 570 3247 625 in
3292 573 3491 629 simili-

1917 649 2107 705 tudine
2139 652 2332 706 mortis
2364 652 2484 721 ejus
2501 653 2584 708 “?
2608 654 2927 727 Consepulti
2963 675 3087 713 cum
3126 661 3219 715 illo
3252 678 3348 733 per
3396 665 3492 719 ha~

1917 740 2198 811 ptisma“.
2218 739 2358 807 Quis
2391 744 2557 815 igitur
2576 752 2659 800 est
2684 749 2876 804 modus
2904 752 3220 821 sepulturae,
3245 762 3337 809 aut
3366 756 3492 826 quis

1916 846 1982 886 ex
2024 833 2330 889 inuitatione
2383 835 2638 891 fructus?
2697 837 2938 895 Primum
2987 845 3207 911 quidem
3264 862 3491 903 necesse

1915 929 1998 975 est
2035 924 2159 977 vitae
2190 925 2391 994 prioris
2419 928 2616 981 seriem
2646 929 2998 1002 interrumpi.
3022 935 3076 987 Id
3109 943 3291 991 autem
3331 954 3491 1001 nemo

1916 1020 2095 1081 potest
2126 1017 2412 1093 consequi,
2465 1018 2571 1072 nisi
2620 1028 2784 1075 natus
2832 1021 3037 1087 denuo,
3077 1026 3236 1094 juxta
3276 1027 3490 1086 Domini

1915 1090 2473 1175 vocem“:siquidem
2505 1111 2864 1178 regeneratio,
2894 1115 2967 1168 uti
2997 1115 3174 1184 ipsum
3209 1120 3371 1173 etiam
3398 1136 3493 1176 no~

1916 1208 2039 1247 men
2070 1194 2332 1260 declarat,
2352 1199 2578 1254 alterius
2609 1204 2732 1255 vita:
2761 1204 2977 1258 initium
3007 1216 3113 1262 est.
3134 1208 3314 1274 Quare
3332 1221 3489 1268 ante-

1917 1298 2077 1353 quam
2106 1286 2329 1342 alteram
2361 1289 2524 1344 vitam
2562 1291 2816 1363 ineipias,
2859 1303 3073 1367 oportet
3113 1301 3281 1370 priori
3328 1302 3488 1358 linem

1915 1373 2213 1443 imponere.
2270 1379 2738 1444 Quemadmodum
2784 1389 2928 1441 enim
2962 1391 3014 1442 in
3067 1390 3152 1445 his
3184 1393 3275 1462 qui
3326 1396 3489 1449 stadii

1916 1463 2028 1534 29
2056 1468 2213 1521 linem
2254 1473 2491 1524 assecuti
2525 1488 2645 1530 sese
2685 1477 2991 1542 reﬂectunt,
3039 1482 3206 1536 statio
3242 1487 3488 1554 quaedam

1916 1565 1971 1611 et
2000 1561 2221 1628 requies
2242 1564 2388 1616 inter
2414 1568 2722 1622 contrarias
2769 1573 3042 1627 motiones
3076 1566 3442 1646 interponitur
3472 1599 3485 1633 ς

1917 1649 1997 1704 sic
2030 1660 2083 1704 et
2138 1651 2193 1704 in
2252 1657 2552 1712 mutatione
2604 1659 2731 1714 vita:
2764 1661 3050 1716 videbatur
3092 1668 3485 1733 necessarium,

1920 1745 1977 1789 ut
2008 1752 2153 1793 mors
2185 1740 2327 1795 inter
2364 1745 2603 1812 priorem
2643 1755 2697 1801 et
2737 1753 3095 1818 posteriorem
3126 1756 3290 1809 vitam
3324 1757 3491 1813 inter-

236 1812 393 1881 ἐφάνη
437 1812 681 1866 θάνατον
732 1815 1067 1888 ἀμφοτέροις
1123 1818 1440 1888 μεσιτεῦσαι
1484 1824 1597 1885 τοῖς
1643 1820 1806 1893 βίοις,

1916 1828 2152 1895 cederet,
2227 1849 2349 1903 quae
2392 1842 2446 1889 et
2507 1812 2866 1907 praecedentia
2921 1842 3097 1911 ﬁniat,
3150 1854 3205 1901 et
3272 1848 3486 1905 initium

238 1902 571 1974 περατοῦντα
594 1904 697 1974 μὲν
725 1905 795 1959 τὰ
827 1908 1155 1978 προάγοντα,
1186 1910 1360 1981 ἀρχὴν
1387 1911 1445 1964 δὲ
1461 1910 1671 1967 διδόντα
1701 1917 1812 1979 τοῖς

236 1994 435 2063 ἑςεξῆς.
456 1994 587 2059 Πῶς
602 1992 699 2050 οῦν
718 1998 1086 2070 κατορθοῦμεν
1099 2002 1197 2071 τὴν
1211 2003 1289 2064 είς
1302 2001 1428 2073 ᾅδου
1443 2004 1663 2074 κάθοδον
1677 2005 1808 2077 (88);

239 2085 565 2157 Μιμούμενοι
616 2089 719 2160 τὴν
748 2090 923 2161 ταφὴν
970 2090 1065 2144 τοῦ
1116 2093 1350 2163 Χριστοῦ
1379 2094 1466 2148 διὰ
1490 2095 1583 2149 τοῦ
1616 2096 1812 2168 βαπτί-

239 2195 443 2246 σματος.
465 2181 656 2233 Οἱονεὶ
675 2181 785 2253 γὰρ
802 2182 1122 2237 ὲνθάπτεται
1147 2184 1226 2257 τῷ
1251 2184 1403 2240 ῦδατι
1426 2187 1532 2241 τῶν
1557 2188 1813 2260 βαπτιζο-

241 2272 397 2341 μένων
428 2272 500 2325 τὰ
563 2272 819 2343 σώματα.
886 2275 1167 2330 Ἀπόθεσιν
1221 2274 1314 2332 οῦν
1353 2279 1461 2333 τῶν
1487 2279 1660 2353 ἔργων
1710 2284 1813 2354 τῆς

239 2365 425 2435 σαρκὸς
471 2366 835 2437 συμϐολικῶς
886 2368 1168 2440 ὑποφαίνει
1220 2372 1332 2445 (89)
1378 2372 1439 2428 τὸ
1489 2372 1804 2447 βάπτισμα,

238 2453 364 2507 κατά
386 2453 478 2507 τὸν
517 2456 852 2509 ’Δπόστολον
883 2456 1125 2525 λέγοντα.
1154 2460 1235 2513 ὅτι
1263 2462 1696 2533 Περιετμήθητε
1714 2480 1813 2517 πε-

229 2542 425 2612 ριτομῇ
462 2545 925 2615 ἀχειροποιήτῳ,
953 2549 1022 2602 ἐν
1054 2548 1128 2618 τῇ
1158 2549 1486 2607 ἀπεκδύσει
1542 2555 1651 2608 τοῦ
1701 2555 1813 2608 σώ-

232 2650 403 2702 ματος
456 2636 575 2703 τῆς
648 2637 911 2705 σαρκὸς,
966 2640 1036 2692 ἐν
1078 2639 1153 2709 τῇ
1200 2631 1639 2713 περιτομῇτοῦ
1670 2649 1809 2713 Xpt-

234 2728 393 2792 στοῦ,
424 2728 853 2798 συνταφέντες
890 2730 1049 2798 αὐτῷ
1075 2733 1145 2786 ἐν
1173 2732 1252 2799 τῷ
1266 2735 1654 2805 βαπτίσματι.
1700 2740 1809 2792 Καὶ

235 2821 376 2874 οἱινεὶ
409 2821 721 2893 καθάρσιόν
756 2825 873 2877 ὲστι
915 2823 1092 2896 ψυχῆς
1124 2825 1218 2879 τοῦ
1258 2826 1365 2880 ἀπὸ
1413 2827 1506 2881 τοῦ
1538 2830 1806 2901 σαρκικοῦ

241 2913 573 2983 φρονήματος
627 2912 766 2985 αὐτῇ
817 2915 1250 2986 προσγενομένου
1308 2915 1519 2988 ῥύπου,
1561 2920 1701 2972 κατὰ
1748 2921 1815 2974 τὸ

235 3009 647 3079 γεγραμμένον,
691 3009 779 3061 ’ὅτι
825 3009 1087 3076 Πλυνεῖς
1140 3027 1250 3080 με,
1281 3009 1379 3064 καὶ
1432 3010 1585 3081 ὑπὲρ
1635 3016 1809 3083 χιόνα

235 3099 742 3168 ,ἰωνίαν-θήσομαι.
776 3098 874 3152 Διά
901 3098 1056 3154 τοῦτο
1080 3100 1202 3171 οὐχὶ
1241 3100 1545 3165 Ἰουδαϊκῶς
1572 3104 1657 3173 ἐφ’
1681 3104 1806 3158 ἑκά-

238 3204 333 3261 στῳ
364 3190 684 3262 μολύσματι
716 3190 1114 3263 ἀπολουόμεθα,
1149 3193 1263 3245 ἀλλ’
1289 3192 1345 3246 ἓν
1373 3192 1590 3264 οἴδαμεν
1612 3194 1673 3248 τὸ
1706 3213 1805 3249 σω-

236 3278 405 3349 τήριον
455 3279 757 3350 βάπτισμα
781 3298 794 3310 ·
838 3279 1026 3349 ἐπειδὴ
1065 3273 1144 3343 εἷς
1178 3281 1324 3332 ἐστιν
1352 3281 1380 3332 6
1411 3280 1548 3351 ὑπὲρ
1579 3280 1676 3333 τοῦ
1713 3281 1809 3334 κό-

237 3382 357 3436 σμου
408 3369 651 3433 θάνατος
673 3411 687 3434 ,
735 3371 829 3422 καὶ
858 3369 954 3439 μία
987 3370 1021 3439 ἠ
1060 3371 1124 3423 ὲκ
1156 3367 1365 3441 νεκρῶν
1409 3369 1800 3436 ἐξανάστασις,

236 3451 301 3511 ὧν
336 3459 500 3524 τύπος
558 3461 686 3513 ἐστὶ
726 3460 788 3512 τὸ
844 3460 1146 3530 βάπτισμα.
1197 3458 1400 3513 Τούτου
1445 3460 1604 3532 χάριν
1634 3463 1664 3514 6
1705 3463 1804 3534 τὴν

235 3546 362 3621 ζωὴν
384 3554 415 3621 ή
425 3552 544 3621 μῶν
567 3551 683 3621 (90)
710 3551 1011 3623 οἰκονομῶν
1041 3552 1243 3625 Κύριος
1263 3551 1358 3623 τὴν
1377 3551 1471 3605 τοῦ
1498 3551 1804 3626 βαπτίσμα-

234 3655 313 3704 τος
334 3645 462 3713 ἡμῖν
488 3643 654 3696 ἔθετο
698 3642 963 3715 διαθήκην
983 3684 997 3710 ,
1057 3643 1286 3698 θανάτου
1333 3644 1501 3698 τύπον
1538 3647 1630 3699 καὶ
1659 3645 1801 3717 ζωῆς

235 3733 585 3803 περιέχουσαν
604 3749 621 3767 ⁸
665 3734 765 3806 τὴν
813 3736 911 3805 μὲν
941 3734 1036 3787 τοῦ
1063 3734 1292 3789 θανάτου
1326 3735 1510 3790 εἰκόνα
1550 3736 1643 3790 τοῦ
1675 3736 1803 3791 ὓδα-

238 3837 316 3884 τος
348 3823 775 3895 ὲκπληροῦντος,
809 3823 899 3876 τὸν
926 3824 983 3877 δὲ
1008 3824 1109 3895 τῆς
1143 3825 1288 3894 ζωῆς
1319 3825 1613 3897 ἀρραϐῶνα
1657 3846 1799 3900 παρ-

235 3914 469 3981 εχομένου
525 3914 629 3968 τοῦ
683 3915 1017 3986 Πνεύματος.
1080 3916 1241 3969 Ὥστε
1308 3919 1478 3986 σαφὲς
1532 3922 1661 3990 ἡμῖν
1717 3922 1800 3976 ὲν-

236 4002 400 4057 τεῦθεν
442 4007 647 4076 γέγονε
689 4006 752 4059 τὸ
795 4006 1156 4078 ζητούμενον,
1188 4006 1275 4061 διὰ
1306 4010 1360 4062 τί
1395 4008 1473 4081 τῷ
1521 4012 1797 4083 Πνεύματι

234 4094 287 4146 τὸ
328 4095 467 4167 ὕδωρ
520 4098 989 4171 συμπαρελήφθη.
1034 4100 1157 4152 Ὅτι
1211 4100 1306 4153 δύο
1353 4103 1570 4158 σκοπῶν
1616 4106 1673 4156 ἐν
1718 4105 1798 4177 τῷ

237 4184 556 4260 βαπτίσματι
591 4191 995 4262 προκειμένων,
1042 4192 1385 4263 καταργῆσαι
1417 4194 1516 4265 μὲν
1546 4196 1607 4249 τὸ
1638 4196 1822 4267 σῶμα.

236 4278 318 4347 τῆς
342 4281 619 4353 ἁμαρτίας
638 4323 652 4344 ,
678 4282 775 4335 τοῦ
809 4283 1007 4353 μηκέτι
1037 4285 1171 4336 αὐτὸ
1200 4289 1569 4357 καρποφορεῖν
1599 4288 1676 4358 τῷ
1699 4288 1798 4341 θα-

235 4370 385 4442 viztp,
418 4375 517 4445 ζῇν
553 4373 614 4427 δὲ
640 4373 718 4445 τῷ
752 4375 1029 4445 Πνεύματι
1049 4413 1064 4437 ,
1091 4376 1296 4430 καὶτὸν
1323 4378 1534 4448 καρπον
1564 4377 1706 4448 ἔχειν
1740 4383 1800 4435 ἐν

1913 1915 2004 1969 det
2030 1921 2409 1988 sequentibus.
2455 1924 2739 1988 Quomodo
2788 1930 2954 2000 igitur
3006 1937 3357 2006 assequiutur
3392 1942 3488 1996 dc—

1912 2018 2167 2061 scensum
2194 2010 2262 2063 ad
2304 2014 2553 2069 inferos?
2578 2016 2786 2073 Christi
2820 2024 3159 2092 sepulturam
3203 2029 3484 2086 imitantes

1911 2109 2009 2163 per
2038 2097 2387 2165 baptismum.
2422 2102 2623 2160 Eorum
2671 2096 2816 2164 enim
2852 2114 2945 2181 qui
2985 2113 3335 2185 baptizantur
3363 2137 3488 2176 cor-

1911 2198 2067 2252 pora,
2098 2188 2504 2256 quodammodo
2541 2195 2594 2248 in
2628 2199 2786 2266 aquis
2810 2202 3166 2269 sepeliuntur.
3190 2204 3354 2262 Proin
3384 2210 3482 2266 de-

1911 2274 2238 2343 positionem
2268 2292 2495 2347 operum
2552 2285 2737 2339 carnis
2776 2301 2980 2343 arcano
3014 2295 3176 2347 modo
3209 2295 3485 2365 signiﬁcat

1910 2363 2232 2434 baptismus.
2288 2371 2443 2439 juxta
2506 2373 2824 2444 Apostolum
2872 2382 3139 2438 dicentem
3181 2405 3195 2441 ;
3240 2363 3485 2444 Circum-

1909 2454 2005 2507 cisi
2029 2456 2154 2510 estis
2185 2460 2587 2518 circumcisione
2612 2483 2715 2520 non
2741 2466 2889 2536 facta
2918 2486 3103 2536 manu,
3142 2476 3197 2529 in
3223 2480 3486 2548 exspolia-

1912 2545 2048 2600 tione
2068 2550 2301 2616 corporis
2330 2542 2598 2620 carnis,in
2622 2558 3022 2614 circumcisione
3049 2560 3272 2630 Christi,
3294 2570 3485 2635 sepulti

1909 2652 2026 2690 cum
2060 2638 2153 2693 ilio
2196 2641 2251 2694 in
2275 2641 2606 2711 baptismo“.
2640 2646 2721 2702 Ac
2756 2649 3024 2720 baptisma
3054 2655 3287 2723 quodam
3323 2661 3486 2715 modo

1909 2737 2165 2800 repurgat
2225 2734 2459 2788 animam
2520 2752 2552 2792 a
2619 2739 2896 2808 sordibus,
2949 2759 3072 2813 qua:
3116 2747 3165 2800 ei
3196 2763 3227 2801 a
3275 2753 3489 2807 carnali

1909 2835 2073 2875 sensu
2101 2823 2391 2887 accedunt,
2416 2827 2573 2894 juxta
2608 2828 2661 2882 id
2690 2831 2835 2900 quod
2859 2834 3124 2905 scriptum
3148 2844 3232 2891 est
3266 2856 3280 2893 :
3306 2836 3484 2895 Lava-

1909 2910 1988 2965 bis
2012 2929 2108 2976 me,
2140 2924 2189 2968 et
2215 2932 2372 2985 super
2400 2920 2563 2973 nivem
2592 2920 2881 2978 deatbabor
2894 2924 2963 2982 “.
2988 2926 3141 2983 Hanc
3163 2931 3234 2984 ob
3256 2947 3481 2989 causam

1908 3018 2016 3058 non
2041 3003 2353 3063 Iudaeorum
2383 3025 2533 3067 more
2582 3013 2637 3067 in
2672 3016 3009 3086 quibuslibet
3056 3020 3484 3092 inquinamentis

1908 3094 2206 3160 abluimur,
2227 3099 2323 3154 sed
2343 3116 2507 3155 unum
2531 3105 2786 3164 novimus
2808 3110 3149 3167 saltttil‘erum
3175 3115 3480 3187 baptisma:

1908 3187 2353 3258 quandoquidem
2398 3208 2504 3245 una
2539 3202 2624 3249 est
2670 3213 2770 3268 pro
2792 3200 3010 3257 'mundo
3060 3220 3230 3270 mors,
3279 3216 3333 3263 et
3374 3226 3482 3265 una

1905 3291 1971 3331 es
2001 3280 2236 3335 mortuis
2267 3286 2624 3350 resurrectio,
2684 3304 2913 3359 quarum
2958 3294 3128 3364 ﬁgura
3174 3305 3258 3373 est
3304 3300 3485 3371 bapti-

1906 3380 2044 3422 sma.
2078 3367 2429 3441 Quam-apter
2457 3376 2549 3442 qui
2582 3385 2827 3434 nostram
2858 3382 3027 3437 vitam
3063 3367 3349 3457 dispensat
3373 3367 3481 3447 bo-

1904 3459 2110 3523 minus,
2159 3460 2507 3530 baptismatis
2551 3476 2768 3536 paetum
2823 3473 2984 3528 nobis
3028 3480 3243 3543 statuit,
3289 3484 3482 3539 mortis

1903 3562 1967 3601 ac
1994 3549 2117 3603 vitae
2150 3561 2334 3621 typum
2379 3553 2588 3612 habens
2631 3576 2646 3612 :
2688 3561 2880 3617 mortis
2923 3564 3141 3632 quidem
3188 3569 3481 3641 imaginem

1901 3640 2154 3709 explente
2177 3658 2339 3713 aqua,
2365 3645 2574 3715 Spiritu
2612 3665 2742 3704 vero
2774 3653 2895 3707 vitae
2923 3658 3140 3711 arrham
3176 3640 3475 3728 praebente.

1902 3731 2039 3787 Hinc
2070 3734 2257 3805 itaque
2279 3738 2441 3792 nobis
2482 3742 2832 3811 perspicuum
2874 3755 2958 3800 est
2988 3751 3133 3817 quod
3188 3756 3477 3821 quznreba—

1902 3831 2011 3886 tur,
2038 3829 2392 3895 quamobrem
2441 3844 2583 3900 aqua
2632 3834 2928 3903 conjuncta
3001 3838 3164 3894 fuerit
3226 3841 3479 3915 Spiritui.

1907 3915 2046 3970 Cum
2077 3918 2221 3973 enim
2248 3920 2358 3974 duo
2390 3923 2539 3991 scopi
2578 3928 2850 3995 propositi
2901 3928 3011 3983 sint
3066 3933 3120 3986 in
3186 3934 3475 4005 baptismo,

1899 4009 2155 4064 videlicet
2215 4019 2274 4063 ut
2316 4013 2606 4070 abolentur
2649 4031 2851 4087 corpus
2891 4025 3127 4090 peccati,
3175 4041 3245 4081 ne
3286 4040 3475 4097 postea

1900 4100 2192 4157 fructiﬁcct
2221 4106 2405 4169 morti,
2452 4116 2565 4161 tum
2589 4116 2647 4162 ut
2676 4110 2892 4165 vivatur
2924 4112 3153 4185 Spiritu,
3174 4125 3228 4172 et
3261 4119 3477 4178 fructus

1899 4191 2166 4248 habeatur
2201 4195 2255 4250 itt
2295 4200 2770 4268 sanctiﬁcatione;
2817 4220 2980 4275 aqua,
3032 4221 3225 4266 lllOHlS
3256 4213 3477 4270 exhibet

1900 4284 2228 4354 imaginem,
2282 4302 2491 4359 corpus
2546 4294 2694 4347 velut
2746 4295 2800 4350 in
2851 4300 3104 4369 sepulcro
3156 4306 3473 4375 recipiens;

1904 4374 2143 4446 Spiritus
2172 4393 2304 4433 vero
2328 4382 2433 4435 vim
2467 4384 2736 4440 viviﬁcam
2771 4387 3035 4457 immittit,
3070 4406 3101 4446 a
3136 4374 3310 4450 morte
3341 4413 3472 4466 pec-

236 4463 497 4536 ἁγιασμῴ·
524 4466 595 4519 τὸ
629 4467 728 4537 μὲν
752 4465 895 4538 ὕδωρ
937 4467 1030 4521 τοῦ
1061 4467 1293 4522 θανάτου
1323 4468 1424 4540 τὴν
1450 4470 1631 4524 εἰκόνα
1657 4489 1798 4545 παρ-

1910 4470 2008 4524 cati
2042 4485 2309 4527 renovans
2335 4474 2547 4531 animas
2602 4481 2912 4536 nostras‘iu
2943 4485 3228 4553 pristinam
3282 4493 3468 4545 vitam.

236 4550 355 4623 εχει,
386 4555 589 4628 ὥσπερ
634 4559 692 4611 ὲν
732 4560 875 4629 ταφῇ
908 4558 968 4612 τὸ
1022 4558 1182 4629 σῶμα
1218 4560 1688 4631 παραδεχόμενον’
1737 4565 1797 4618 τὸ

235 4640 296 4699 δὲ.
327 4645 550 4719 Πνεῦμα
591 4650 692 4720 τὴν
726 4648 991 4713 ζωοποιὸν
1041 4651 1216 4722 ἐνίησι
1263 4651 1490 4723 δύναμιν
1510 4691 1524 4715 ,
1554 4654 1664 4707 ἀπὸ
1695 4655 1796 4726 τῆς

236 4734 356 4788 κατὰ
398 4737 497 4809 τὴν
544 4739 823 4811 ἁμαρτίαν
871 4740 1198 4812 νεκρὸτητος
1254 4743 1335 4805 είς
1384 4742 1484 4813 τὴν
1531 4743 1591 4808 ἐξ
1622 4745 1796 4817 ἀρχῆς

237 4825 361 4895 ζωὴν
383 4829 486 4895 τὰς
539 4831 720 4902 ψυχὰς
764 4831 922 4903 ἡμῶν
956 4833 1323 4898 ἁνακαινίζον.
1358 4834 1530 4888 Τοῦτο
1556 4832 1651 4890 οὖν
1678 4840 1793 4891 ἐστι

234 4914 287 4967 τὸ
305 4918 498 4975 ἀνωθεν
532 4911 952 4995 γεννηθῆναίὲξ
974 4922 1174 4988 ὓδατος
1209 4926 1305 4978 καὶ
1338 4925 1688 4997 Πνεύματος*
1716 4929 1793 4992 ὡς

1903 4560 2016 4617 Hoc
2051 4562 2217 4633 igitur
2249 4576 2332 4620 est
2351 4566 2531 4621 denuo
2569 4572 2716 4626 nasci
2752 4588 2821 4628 ex
2869 4590 3009 4646 aqua
3054 4587 3107 4632 et
3141 4578 3352 4650 Spiritu
3376 4583 3422 4614 “
3454 4603 3468 4639 :

1901 4655 2102 4724 quippe
2134 4655 2262 4724 quia
2290 4673 2438 4713 mors
2493 4660 2779 4729 perﬁcitur
2826 4665 2879 4721 in
2927 4682 3088 4739 aqua,
3139 4671 3306 4725 vitam
3340 4688 3471 4727 vero

1901 4753 2150 4799 nostram
2181 4755 2441 4816 operatur
2470 4748 2730 4821 Spiritus.
2785 4753 2989 4814 Tribus
3041 4759 3210 4831 igitur
3259 4762 3469 4818 demer-

1898 4837 2169 4901 sionibus,
2211 4854 2275 4893 ac
2304 4840 2526 4896 totidem
2581 4845 3042 4916 invocationibus,
3069 4866 3325 4922 magnum
3374 4854 3482 4929 ba-_

1898 4928 2170 4999 ptismatis
2208 4931 2529 5001 mysterium
2555 4938 2854 5007 peragitur,
2888 4948 2948 4994 ut
2977 4948 3031 4996 et
3075 4944 3270 4999 mortis
3298 4943 3468 5014 ﬁgura

235 5008 322 5077 τῆς
356 5013 450 5082 μὲν
477 5014 807 5087 νεκρὼσεως
833 5016 892 5069 ὲν
929 5015 1009 5087 τῷ
1037 5016 1190 5071 ὕδατι
1214 5016 1542 5089 τελουμένης
1560 5060 1575 5085 ,
1608 5021 1707 5090 τῆς
1734 5020 1789 5074 δὲ

1910 5034 2259 5091 :xprtmatur,
2289 5032 2343 5078 et
2367 5040 2462 5094 per
2483 5026 2831 5086 traditionem
2861 5033 3059 5088 divina:
3083 5035 3329 5093 scientiae
3357 5043 3467 5095 ani-

294 5168 725 5265 δςξιιιιίιιρ.ὲιι,
767 5173 855 5239 to,
896 5175 983 5232 tt.
1057 5147 1101 5208 δι
1139 5177 1494 5244 Rom.vt,5.
1568 5181 1769 5236 “ibid.

1925 5187 1985 5219 ’⁸³
2003 5185 2159 5243 Joan.
2198 5203 2279 5253 tu,
2321 5188 2374 5241 5.
2449 5188 2494 5219 ⁸⁵
2525 5187 2742 5245 Coloss.
2787 5206 2847 5253 tt,
2896 5191 2977 5246 Η.
3053 5193 3099 5226 ⁵⁸
3137 5196 3279 5253 Psal.
3312 5216 3374 5265 ι,
3411 5200 3463 5255 9.

239 5232 277 5265 ⁸⁸
306 5237 453 5297 Joan.
488 5232 574 5308 iu,
614 5243 670 5297 5.

296 5391 395 5482 ii?)
420 5395 907 5482 Πρλνῖ..άοεαίζθεὲι
950 5400 1392 5482 Ξοῖῖδξυῖέαοογι
1418 5405 1630 5482 “rem
1668 5415 1776 5482 ειεξ-
1878 5413 2091 5482 cuneus
2124 5410 2332 5482 Ὡςγὰρ

237 5457 358 5515 Edui
378 5457 1044 5545 'ze'peueggécapgaaog;
1074 5472 1167 5525 τοῦ
1209 5457 1633 5545 agni-simini
1674 5457 1781 5531 ἓὲέζ

2364 5410 2471 5489 τῶν
2503 5413 2598 5489 ἐπί
2612 5412 2708 5489 τὸν
2728 5412 2941 5489 δίαυλον
2972 5417 3459 5489 ἀνακαμπτόντων.

1956 5479 2065 5548 (88)
2104 5478 2222 5561 Τῂξ·
2242 5478 2330 5545 ei};
2351 5481 2500 5547 ᾅδου
2525 5481 2806 5536 κάθοδον.
2832 5485 3073 5543 Co!bet't.
3101 5478 3310 5561 et'l’teg.
3347 5501 3462 5545 ter-

241 5539 592 5620 91;.‘etc.nSed
636 5539 793 5620 illud,
928 5540 1192 5611 μέλλοντι,
1226 5544 1280 5596 itt
1307 5539 1457 5620 nullo
1487 5539 1677 5620 codice
1703 5560 1787 5600 re-

1910 5539 1994 5603 iu‘s
2024 5539 2341 5605 κατάϐασιν.

238 5611 441 5677 pentum
466 5606 579 5677 βίου
612 5617 796 5664 autem
823 5606 878 5664 in
925 5606 1053 5667 uno.
1075 5622 1307 5672 tantum.
1354 5613 1779 5672 Emendavimtts

239 5683 329 5761 2pc
340 5672 481 5761 Regii
497 5681 773 5761 .primihex
802 5695 908 5750 quo
929 5684 1267 5761 sumpsimus
1288 5684 1442 5761 illud,
1464 5685 1612 5761 πρίν,
1636 5686 1787 5756 quod.
1880 5706 1946 5761 ση

240 5738 539 5810 ὼῧὶειιιῖιιιίὶ
581 5738 717 5804 nihil
769 5738 995 5820 prorsus
1042 5738 1318 5826 ieiiuquit.
1367 5738 1780 5827 ιιόιίιέεῖεὸῖ

1948 5621 2061 5729 (89’)
2104 5621 2461 5689 ἰ’ποεοαίνει.
2513 5620 2604 5678 Sic
2644 5624 2864 5681 codices
2909 5641 3117 5684 omnes.
3152 5628 3296 5684 Editi
3328 5632 3460 5688 6m-

1956 5707 2153 5760 μαινει.

1952 5761 2062 5832 (9U)
2107 5760 2311 5831 Ἠμῶν.
2345 5760 2437 5819 Sic
2470 5763 2595 5821 libri
2625 5776 2852 5826 veteres.
2890 5767 3031 5825 Editi
3054 5772 3208 5840 ἡμῖν.
