3908 6560
348 329 445 389 ιει

1560 330 1569 340 ’
1642 323 1699 379 S.
1741 323 1982 383 BASILll
2012 326 2226 384 MAGNI

3481 327 3590 381 152

344 458 468 500 mus
495 442 803 498 illustretur
831 457 1022 497 eorum
1061 443 1149 513 qui
1206 441 1569 513 baptizant‘ur.
1627 442 1816 512 itaque
1860 443 1905 498 si

2013 443 2156 516 ζωῆς
2203 444 2360 517 ἡμῶν
2408 441 2802 514 ἐνεργουμένης
2843 441 2931 496 διά
2974 441 3069 496 τοῦ
3117 442 3451 511 Πνεῦματος.
3494 443 3615 499 Ἑνι

343 551 450 608 qua
479 547 562 591 est
582 536 756 606 gratia
788 535 843 589 in
886 550 1050 606 aqua,
1083 549 1193 589 non
1229 543 1404 590 estex
1430 535 1604 604 ipsius
1634 549 1788 605 aquae
1813 551 1912 589 na-

345 637 489 691 tura,
515 627 609 682 sed
637 642 701 681 ex
736 625 972 697 Spiritus
1000 626 1318 696 praesentia.
1351 625 1469 679 Non
1517 626 1660 679 enim
1704 634 1788 679 est
1816 626 1912 680 ba-

344 720 580 789 ptismus
608 719 876 788 depositio
909 717 1155 773 sordium
1205 719 1474 787 corporis,
1503 719 1597 772 sed
1635 718 1911 772 conscien-

345 812 434 864 tia:
460 811 618 865 bona:
640 808 995 877 interrogatio
1020 807 1162 878 apud
1200 807 1364 862 Deum
1383 808 1451 862 ".
1491 809 1674 877 ltaqde
1695 809 1760 862 ad
1790 824 1908 864 eam

342 903 533 965 vitam,
594 916 715 971 qua:
743 907 921 955 estex
966 899 1391 962 resurrectione,
1446 912 1761 970 praeparans
1811 916 1910 954 nos

345 993 627 1055 Dominus,
665 1000 832 1045 totam
857 992 1234 1061 evangelicam
1268 992 1737 1046 conversationem
1784 1006 1912 1061 pro-

346 1084 526 1152 ponit;
579 1090 638 1136 ut
669 1097 778 1136 non
811 1082 1139 1145 irascamur,
1191 1090 1250 1135 nt
1304 1082 1575 1136 malorum
1614 1081 1911 1136 tolerantes

343 1172 536 1235 simus,
558 1177 612 1224 et
642 1185 675 1223 a
699 1170 1037 1239 voluptatum
1063 1186 1251 1224 amore
1281 1171 1423 1240 puri,
1458 1178 1519 1224 ut
1546 1186 1575 1223 a
1610 1171 1799 1226 studio
1825 1186 1917 1238 pe-

343 1263 517 1316 cunize
554 1277 733 1316 mores
773 1262 882 1315 sint
933 1261 1113 1326 liberi,
1152 1262 1535 1331 praescribens,
1577 1262 1653 1317 ita
1688 1270 1746 1315 ut
1789 1278 1909 1332 qua:

342 1351 473 1406 illud
507 1354 767 1407 saeculum
790 1353 943 1420 juxta
967 1363 1220 1407 naturam
1242 1354 1517 1427 possidet,
1554 1369 1616 1407 ea
1643 1370 1746 1410 nos
1770 1370 1910 1425 prae-

341 1442 603 1512 cipientes
634 1459 700 1497 ex
731 1443 895 1496 animi
943 1443 1260 1498 inductione
1288 1460 1641 1514 peragamus.
1675 1444 1910 1499 Proinde
1930 1450 1943 1467 ‘

343 1538 388 1589 si
423 1533 545 1604 quis
578 1533 840 1589 definiens
873 1534 1024 1589 dicat
1052 1534 1406 1606 Evangelium
1442 1552 1567 1591 csse
1603 1537 1748 1601 vitae,
1786 1552 1909 1607 quae

339 1634 425 1699 pst
457 1641 521 1679 ex
558 1625 979 1690 resurrectione,
1017 1626 1265 1695 ﬁguram.
1304 1626 1797 1698 mihinequaquam
1826 1628 1910 1681 vi-

342 1712 537 1768 deatur
569 1729 599 1766 a
630 1722 781 1767 recto
816 1714 1096 1769 aberrare.
1148 1714 1229 1768 Ad
1265 1729 1492 1785 scopum
1528 1715 1695 1786 igitur
1727 1730 1909 1770 rever-

345 1812 541 1857 tamur.

2014 538 2192 608 τρισὶν
2216 533 2307 590 οὖν
2334 535 2655 589 καταδύσεσι
2677 576 2692 599 ,
2723 534 2817 588 καὶ
2846 534 3154 607 ἰσαρίθμοις
3191 538 3310 599 ταῖς
3353 535 3593 607 ἐπικλὴ·

2018 643 2167 687 σεσι.
2201 627 2261 680 τι
2297 627 2438 698 μέγα
2483 627 2778 698 μυστήριον
2805 624 2901 678 τοῦ
2932 624 3302 696 βαπτίσματος
3347 626 3591 680 τελειοῦο

2015 735 2135 783 ται,
2167 718 2253 772 ἵνα
2286 719 2379 771 καὶ
2417 721 2446 771 ό
2478 716 2573 771 τοῦ
2609 717 2837 772 θανάτου
2874 717 3044 781 τύπος
3086 717 3418 788 ἐξεικονισθῇ
3440 758 3455 777 .
3485 718 3588 773 καὶ

2014 809 2080 878 τῇ
2115 808 2406 878 παραδόσει
2434 807 2532 875 τῆς
2559 807 2883 875 θεογνωσίας
2916 806 3016 871 τὰς
3036 807 3211 878 ψυχὰς
3241 808 3588 879 φωτισθῶσιν

2014 899 2065 953 oi
2097 895 2499 967 βαπτιζόμενοι.
2536 898 2696 951 Ὥστε
2728 896 2782 950 εἴ
2816 898 2900 960 τίς
2939 898 3083 951 ἐστιν
3108 900 3165 950 ἐν
3199 897 3278 968 τῷ
3300 897 3450 951 ὓδατι
3483 897 3587 966 χά-

2018 1006 2104 1060 ρις
2126 1027 2140 1051 ,
2173 988 2273 1041 οὐκ
2314 990 2377 1041 ἐκ
2408 988 2511 1057 τῆς
2551 986 2763 1057 φύσεώς
2796 990 2911 1041 ἐστι
2947 988 3040 1041 τοῦ
3095 986 3283 1051 ὓδατος
3307 1028 3322 1052 ,
3361 988 3475 1041 ἀλλ’
3515 990 3587 1041 ἐκ

2014 1079 2115 1148 τῆς
2148 1079 2243 1131 τοῦ
2281 1078 2596 1148 Πνεύματος
2632 1079 2952 1149 παρουσίας.
2988 1079 3074 1131 -Οὑ
3108 1080 3214 1150 γάρ
3240 1082 3355 1133 ἐστι
3390 1079 3450 1131 τι
3480 1076 3585 1149 βά·-

2016 1155 2224 1238 πτισμα
2257 1168 2429 1239 ῥύπου
2466 1168 2668 1238 σαρκὸς
2708 1167 2999 1230 ἀπόθεσις,
3047 1167 3182 1220 ἀλλά
3225 1168 3586 1239 συνειδήσεως

2014 1258 2224 1329 ἀγαθῆς
2268 1257 2599 1330 ἐπερώτημα
2628 1261 2706 1321 εἰς
2733 1257 2882 1312 θεόν.
2917 1259 3060 1329 Πρὸς
3101 1254 3192 1312 οὖν
3234 1258 3324 1311 τὸν
3363 1260 3424 1324 ἐξ
3454 1260 3586 1312 ἁνα-

2018 1350 2257 1414 στάσεως
2282 1350 2392 1421 βίον
2428 1350 2766 1422 καταρτίζων
2796 1353 2827 1421 ἡ
2838 1351 2945 1420 μᾶς
2977 1352 3005 1404 ὁ
3039 1349 3275 1421 Κύριος,
3296 1350 3391 1421 τὴν
3417 1352 3587 1419 εὐαγ-

2015 1441 2235 1512 γελικὴν
2270 1445 2449 1497 πᾶσαν
2478 1441 2746 1497 ἐκτίθεται
2786 1442 3079 1507 πολιτείαν,
3114 1441 3175 1514 τό
3204 1441 3491 1512 ἀόργητον,
3516 1440 3584 1493 τὸ

2016 1531 2351 1597 ἀνεξίκακον,
2386 1532 2446 1585 τὸ
2477 1532 2785 1604 φιληδονίας
2814 1532 3135 1603 ἀρρύπωτον
3170 1531 3300 1601 (91),
3331 1531 3391 1582 τὸ
3418 1530 3582 1599 ἀφιλ-

2017 1623 2250 1694 άργυρον
2290 1622 2381 1675 τοῦ
2413 1624 2614 1697 τρόπου
2657 1622 2963 1695 νομοθετῶν
2989 1640 3001 1653 ·
3037 1622 3177 1676 ὥστε
3204 1624 3346 1694 άπερ
3375 1625 3404 1676 ὀ
3439 1623 3583 1697 αἰὼν

2014 1715 2218 1777 ἐκεῖνος
2251 1713 2389 1767 κατά
2423 1715 2520 1786 τὴν
2558 1714 2717 1785 φύσιν
2745 1715 3008 1785 κέκτηται
3032 1757 3046 1781 ,
3082 1713 3254 1767 ταῦτα
3286 1695 3588 1785 προλαϐόνο-

1943 1802 1986 1858 Β
2012 1822 2110 1869 τας
2148 1806 2296 1875 ἡμᾶς
2324 1806 2387 1858 ἐκ
2426 1805 2796 1876 προαιρέσεως
2824 1803 3155 1874 ικατορθοῦν.
3206 1804 3268 1856 Εἰ
3300 1803 3472 1857 τοίνυν
3497 1822 3582 1866 τις

342 1895 690 1968 ὀργιζόμενος
718 1898 857 1950 εἴποι
880 1897 939 1951 τὸ
971 1897 1300 1966 [εὐαγγέλιον
1325 1893 1463 1951 εἶναι
1497 1897 1590 1952 τοῦ
1650 1897 1711 1966 ἐξ
1768 1899 2114 1964 ἀναστάσεως
2149 1899 2261 1970 βίον
2301 1900 2757 1973 προδιατύπωσιν,
2794 1901 2892 1954 οὐκ
2938 1900 3004 1955 ἄν
3038 1918 3126 1971 μοι
3156 1900 3297 1971 ’δοκῇ
3335 1901 3443 1972 (ΩΞ)
3483 1902 3582 1955 τοῦ

342 1995 709 2064 προσήκοντος
730 1993 1013 2064 ἁμαρτεῖν.
1061 1993 1185 2046 Ἐπὶ
1206 1988 1297 2048 οὖν
1330 1993 1420 2046 τὸν
1447 1993 1648 2047 σκοπὸν
1683 1994 2086 2067 ἐπανέλθωμεν.

411 2082 501 2137 56.
534 2083 636 2137 Per
683 2084 946 2155 Spiritum
986 2096 1238 2138 sanctum
1291 2083 1453 2139 datur
1497 2087 1550 2140 in
1590 2086 1904 2157 paradisum

341 2172 449 2244 30
472 2176 768 2235 restitutio.
822 2174 890 2228 ad
923 2190 1148 2245 regnum
1210 2176 1475 2229 emlorum
1518 2193 1803 2240 ascensus,
1851 2177 1905 2230 in

342 2260 693 2332 adOptionem
731 2263 966 2317 liliortun
1002 2264 1212 2319 reditus
1249 2283 1262 2318 :
1299 2266 1461 2319 datur
1499 2267 1693 2321 liducia
1736 2266 1905 2321 Deum

341 2353 645 2421 appellandi
690 2352 907 2407 Patrem
953 2369 1136 2417 suum,
1192 2367 1504 2411 consortem
1552 2358 1665 2411 ﬁeri
1714 2358 1910 2428 gratiae

341 2442 570 2507 Christi,
601 2446 770 2498 hlium
801 2445 941 2500 lucis
969 2448 1255 2516 appellari,
1290 2456 1509 2503 aeterna:
1530 2452 1712 2520 gloria:
1741 2452 1910 2521 parti-

341 2532 516 2602 cipem
561 2548 725 2596 esse,
777 2545 831 2587 ct
881 2542 939 2587 ut
977 2535 1143 2589 semel
1190 2537 1374 2590 omnia
1425 2538 1638 2602 dicam,
1685 2554 1810 2594 esse
1852 2539 1907 2594 in

344 2624 493 2678 omni
540 2624 938 2679 benedictionis
983 2626 1349 2694 plenitudine,
1391 2637 1503 2679 tum
1547 2628 1600 2680 in
1655 2630 1907 2697 prmsenti

342 2716 447 2771 hoc
490 2717 715 2781 sarculo,
765 2726 878 2770 tum
928 2717 984 2771 in
1027 2718 1212 2771 futuro
1264 2736 1279 2770 :
1335 2718 1701 2786 repositorum
1750 2719 1910 2775 nobis

344 2810 400 2863 in
430 2809 720 2879 promissis
752 2809 1040 2874 bonorum,
1081 2824 1201 2878 quae
1244 2824 1339 2878 per
1380 2809 1536 2862 [idem
1568 2808 1790 2864 fruenda
1818 2826 1913 2865 ex-

288 2938 292 2943 ι
340 2908 685 2972 spectamus,
741 2901 965 2971 perinde
1014 2900 1170 2971 quasi
1234 2901 1344 2971 jam
1401 2901 1619 2966 adsint,
1681 2902 1955 2979 gratiam.

344 2995 493 3049 velut
527 2994 580 3049 in
618 2995 843 3064 speculo
880 2996 1334 3063 contemplantes.
1374 2993 1506 3046 Nam
1551 2997 1596 3048 si
1643 2995 1769 3049 talis
1826 3002 1909 3048 est

2080 2086 2169 2143 56.
2198 2087 2294 2141 Διά
2323 2086 2632 2158 Πνεῦματος
2664 2086 2820 2157 ἁγίου
2857 2086 2890 2157 ὴ
2919 2088 2997 2150 είς
3020 2086 3342 2157 παράδεισον
3372 2086 3587 2139 ἀποκα-

2009 2178 2309 2242 τάστασις·
2362 2180 2394 2249 ή
2429 2181 2510 2242 είς
2556 2179 2832 2248 βασιλείαν
2875 2178 3120 2248 οὐρανῶν
3171 2177 3385 2241 ἄνοδος’
3422 2180 3455 2249 ἡ
3497 2182 3581 2241 εἰς

2012 2268 2279 2320 υἱοθεσίαν
2325 2268 2578 2332 ἐπάνοδος
2609 2285 2622 2301 ν
2667 2270 2700 2339 ή
2752 2267 3030 2339 παρρησία
3078 2266 3171 2319 τοῦ
3224 2267 3406 2320 καλεῖν
3450 2269 3582 2321 ἐαυ-

2008 2359 2117 2411 τῶν
2162 2360 2274 2429 (95)
2321 2360 2540 2429 Πατέρα
2581 2361 2670 2413 τὸν
2703 2359 2856 2425 Θεὸν,
2887 2359 3141 2414 κοινωνὸν
3188 2359 3441 2427 γενέσθαι
3474 2360 3577 2429 τῆς

2010 2449 2229 2520 χάριτος
2278 2449 2374 2502 τοῦ
2418 2449 2692 2521 Χριστοῦ,
2738 2451 2926 2503 τέκνον
2971 2449 3145 2519 φωτὸς
3197 2450 3571 2523 χρηματίζειν,

1987 2541 2165 2611 ’δόξης
2190 2541 2361 2594 ἀϊδίου
2384 2541 2652 2612 μετέχειν,
2683 2542 2778 2595 καὶ
2808 2540 3138 2605 ἁπαξαπλῶς
3158 2542 3215 2593 ἐν
3248 2542 3409 2594 παντὶ
3440 2540 3571 2612 πλη.

2011 2633 2223 2705 ρώματι
2257 2633 2501 2702 εὐλογίας
2526 2633 2776 2702 γενέσθαι
2810 2632 2866 2685 ἐν
2893 2650 2952 2686 τε
2984 2631 3062 2702 τῷ
3090 2632 3242 2685 αἰῶνι
3277 2633 3449 2704 τούτῳ
3477 2634 3571 2687 καί⁵

2011 2729 2070 2779 ἐν
2097 2726 2176 2797 τῷ
2230 2724 2472 2797 μέλλοντι
2501 2741 2514 2754 ’
2558 2725 2664 2779 τῶν
2716 2728 2773 2779 ἐν
2810 2724 3158 2794 ἐπαγγελίαις
3204 2726 3575 2796 ἀποκειμένων

2011 2820 2142 2890 ἡμῖν
2200 2817 2440 2887 ἀγαθῶν,
2484 2811 2558 2870 ὧν
2607 2816 2696 2870 διὰ
2745 2816 2979 2881 πίστεως
3024 2816 3430 2888 ἀπεκδεχόμεθα
3473 2817 3574 2887 τὴν

2018 2908 2338 2972 ἀπόλαυσιν,
2364 2907 2438 2970 ὼς
2469 2907 2569 2977 ἤδη
2610 2907 2923 2977 παρόντων,
2952 2905 3050 2976 τὴν
3082 2905 3239 2977 χάριν
3267 2905 3574 2978 ἐνοπτριζό-

2014 3016 2184 3070 μενοι.
2228 3000 2290 3053 Εἰ
2342 2999 2451 3069 γὰρ
2503 2999 2532 3051 ό
2575 2997 2830 3070 ἀρραϐὼν
2869 2996 3127 3061 τοιοῦτος,
3163 2996 3348 3068 ἡλίκον
3383 2998 3444 3050 τὸ
3485 2997 3574 3050 τέ-

341 3085 598 3150 arrhabo,
632 3086 791 3155 quale
829 3096 912 3140 est
954 3086 1084 3139 illud
1140 3085 1285 3154 quod
1349 3085 1651 3155 perlectum
1697 3086 1823 3141 est?
1851 3091 1904 3139 et

2013 3088 2154 3143 λειον
2175 3106 2190 3155 ;
2213 3091 2306 3142 καὶ
2341 3090 2445 3159 εἰὴ
2469 3088 2690 3160 ἀπαρχὴ
2714 3086 2946 3158 τοσαύτη
2972 3087 3087 3157 (94)
3108 3129 3122 3150 ,
3153 3086 3234 3150 τίς
3269 3088 3302 3157 ή
3328 3086 3420 3141 τοῦ
3452 3087 3573 3147 ὅλου

343 3176 391 3231 si
423 3183 593 3230 tantae
623 3184 750 3231 sunt
775 3177 1049 3247 primitiae.
1075 3192 1196 3248 qua!
1232 3176 1338 3230 erit
1370 3176 1539 3230 totius
1567 3192 1909 3233 consumma-

350 3267 469 3321 tio?
518 3269 747 3337 lnsuper
786 3276 842 3322 et
886 3268 1036 3322 illinc
1075 3268 1722 3339 cognosciturquantum
1764 3270 1907 3324 inter

341 3373 462 3412 eam
492 3360 719 3429 gratiam
751 3375 873 3429 qua:
901 3375 930 3412 a
959 3357 1166 3428 Spiritu
1203 3360 1592 3429 proﬁciscitur,
1635 3370 1692 3415 et
1732 3360 1907 3430 bapti-

341 3465 542 3513 smum,
586 3449 679 3519 qui
737 3464 878 3519 aqua
955 3458 1190 3511 constat,
1233 3450 1305 3504 sit
1360 3450 1713 3516 discriminis,
1758 3452 1904 3521 quod

338 3539 579 3595 Joannes
625 3541 844 3610 quidem
890 3541 1188 3611 baptizavit
1236 3542 1290 3594 in
1340 3557 1478 3611 aqua
1523 3543 1589 3596 ad
1640 3545 1908 3612 peniten-

340 3633 493 3694 tiam,
543 3630 809 3687 Dominus
856 3640 1037 3686 autem
1091 3641 1278 3686 noster
1318 3631 1478 3688 Jesus
1542 3632 1796 3689 Christus
1847 3635 1901 3689 in

341 3721 550 3793 Spiritu
580 3730 794 3780 sancto.
827 3721 938 3792 Ego
967 3722 1227 3794 equidem,
1260 3722 1461 3795 inquit,
1491 3723 1698 3793 baptizo
1732 3741 1818 3780 vos
1849 3724 1904 3778 in

339 3833 480 3887 aqua
524 3815 594 3869 ad
632 3816 993 3885 paenitentiam
1044 3816 1199 3885 :‘qui
1241 3824 1416 3869 autem
1453 3826 1570 3884 post
1614 3832 1694 3870 me
1744 3817 1900 3879 venit,

335 3908 602 3974 potentior
632 3923 716 3961 me
749 3916 868 3969 est;
898 3905 1051 3974 cujus
1103 3923 1205 3959 non
1250 3923 1368 3960 sum
1409 3907 1596 3977 dignus
1627 3917 1684 3961 ut
1710 3918 1903 3977 gestem

336 3997 734 4051 calceamenta:
775 3997 884 4064 ipse
923 4013 1010 4051 vos
1054 3996 1338 4065 baptizabit
1371 3998 1422 4050 in
1454 3999 1655 4066 Spiritu
1694 4008 1899 4064 sancto,

336 4096 387 4141 et
419 4087 526 4156 igni
559 4087 604 4117 ⁸⁸
633 4104 648 4152 ;
682 4088 824 4157 ignis
876 4088 1208 4157 baptismum
1248 4089 1621 4158 probationem
1654 4106 1775 4160 quae
1813 4091 1905 4146 liet

340 4178 395 4231 in
430 4176 661 4245 judicio,
691 4177 901 4240 dicens,
937 4179 1422 4255 ,quemadmodum
1458 4179 1749 4248 Apostolus
1781 4183 1855 4236 ait
1883 4200 1897 4238 :

342 4265 761 4336 Uniuscujusque
798 4283 926 4335 opus
964 4268 1118 4339 quale
1161 4270 1257 4333 sit,
1296 4270 1430 4340 ignis
1465 4270 1703 4337 probabit
1735 4273 1811 4339 “;
1845 4283 1900 4329 et

340 4376 531 4415 rursus
577 4376 590 4412 :
643 4359 764 4413 Dies
799 4361 936 4413 enim
974 4359 1287 4426 declarabit,
1325 4362 1463 4431 quod
1500 4363 1553 4416 in
1590 4365 1707 4433 igne
1750 4376 1899 4433 pate-

2013 3180 2325 3251 πλήρωσις;
2378 3181 2496 3233 Ἔτι
2542 3178 2793 3233 κάκεῖθεν
2836 3178 2937 3248 τῆς
2976 3178 3084 3232 ἀπὸ
3128 3179 3222 3231 τοῦ
3262 3178 3575 3249 Πνεύματος

2010 3271 2230 3342 χάριτος
2268 3271 2403 3342 πρὸς
2448 3270 2510 3323 τὸ
2564 3271 2621 3323 ἐν
2664 3269 2818 3323 ὓδατι
2868 3268 3151 3340 βάπτισμα
3190 3268 3463 3340 γνώριμον
3512 3268 3576 3322 τὸ

2008 3361 2289 3432 διάφορον
2323 3362 2404 3415 ὃτι
2442 3361 2693 3430 Ἰωάννης
2725 3361 2823 3431 μὲν
2875 3360 3165 3414 ἐϐάπτισεν
3213 3362 3270 3414 ἐν
3302 3358 3451 3414 ὕδατι
3491 3361 3574 3424 εἰς

2014 3451 2332 3520 μετάνοιαν,
2364 3453 2392 3504 ό
2420 3451 2477 3503 δὲ
2502 3450 2703 3521 Κύριος
2726 3449 2882 3521 ἡμῶν
2914 3450 3120 3521 Ἰησοῦς
3148 3451 3378 3523 Χριστὸς
3412 3452 3470 3502 ἐν
3493 3449 3575 3520 τῷ

2011 3541 2284 3612 Πνεῦματι
2322 3541 2400 3612 τῷ
2427 3542 2568 3613 ἀγίῳ
2586 3541 2718 3612 (95).
2748 3541 2891 3611 Ἐγὼ
2914 3541 3030 3610 μὲν
3062 3544 3171 3613 γὰρ
3200 3540 3390 3611 ὑμᾶς,
3415 3541 3572 3613 φησὶ,

2004 3634 2266 3699 βαπτίζω
2294 3634 2363 3687 ἐν
2394 3634 2561 3687 ὕδατι
2594 3636 2682 3699 εις
2704 3632 3029 3700 μετάνοιαν
3048 3649 3061 3663 ο
3094 3636 3126 3686 ὀ
3148 3631 3216 3685 δὲ
3241 3632 3431 3685 ὀπίσω
3457 3647 3573 3697 μου

2008 3726 2328 3795 ἐρχόμενος
2374 3725 2760 3793 ἰσχυρότερός
2798 3724 2916 3793 μού
2948 3724 3147 3777 ἐστιν·
3187 3718 3258 3778 οὗ
3310 3724 3421 3777 οὐκ
3455 3721 3574 3791 ειμι

2010 3818 2212 3883 ἱκανὸς
2257 3818 2329 3870 τὰ
2374 3816 2728 3897 ὑποδήματα
2771 3813 3084 3881 βαστάσαι
3111 3831 3128 3847 ο
3177 3813 3362 3880 αὐτὸς
3415 3812 3573 3882 ὑμᾶς

2001 3905 2289 3969 βαπτίσει
2337 3905 2408 3958 ἐν
2437 3905 2735 3973 [Irminrici
2773 3903 2955 3972 ἁγίῳ,
2991 3903 3084 3956 καὶ
3141 3902 3319 3969 πυρί·
3367 3900 3429 3954 τὺ
3473 3900 3569 3954 τοῦ

2008 3995 2179 4067 πυρὸς
2201 3996 2480 4067 βάπτισμα
2513 3995 2611 4065 τὴν
2636 3996 2694 4048 ἐν
2722 3998 2787 4066 τῇ
2816 3995 2992 4066 κρίσει
3017 3993 3335 4065 δοκιμασίαν
3359 3992 3566 4061 λέγων,

2008 4088 2151 4141 καθά
2197 4105 2360 4158 φησιν
2404 4089 2434 4141 ὁ
2486 4088 2802 4152 Ἀπόστοὶος
2838 4104 2854 4120 ο
2915 4085 3208 4141 Ἐκὰστου
3271 4085 3337 4140 τὸ
3390 4085 3572 4156 ἔργον

2008 4180 2216 4235 ὁποῖόν
2263 4181 2427 4246 ἐστι,
2471 4179 2537 4234 τὸ
2592 4182 2709 4248 πῦρ
2753 4181 2898 4236 αὐτὸ
2948 4181 3059 4251 (96)
3109 4179 3435 4248 δοκιμάσει·
3472 4181 3566 4233 καὶ

1972 4330 1979 4336 ,
2008 4271 2195 4325 πάλιν·
2240 4271 2308 4326 Ἠ
2337 4272 2447 4341 γὰρ
2482 4272 2669 4340 ἡμέρα
2700 4270 2956 4340 δηλώσει
2977 4311 2993 4338 ,
3037 4272 3122 4324 ὅτι
3149 4271 3221 4323 ἐν
3249 4272 3389 4337 πυρί
3420 4270 3569 4323 ἁπο-

2006 4364 2386 4417 καλὺπτεται.
2425 4363 2560 4434 Ἤδη
2607 4363 2664 4415 δέ
2701 4380 2843 4426 τινες
2880 4364 2936 4416 ἐν
2969 4364 3079 4427 τοῖς
3118 4362 3255 4433 ὑπὲρ
3289 4361 3569 4424 εὐσεϐείας

339 4452 400 4521 ﬁt
427 4452 496 4505 ⁸⁸.
527 4448 646 4504 Jam
682 4464 810 4506 vero
838 4460 970 4504 sunt
997 4452 1268 4514 nonnulli,
1301 4453 1390 4522 qui
1424 4454 1476 4506 in
1512 4454 1900 4512 certaminibus

2013 4453 2250 4523 ἀγῶσιν,
2287 4454 2513 4526 ἀληθείᾳ
2542 4457 2634 4509 καὶ
2671 4456 2733 4508 οὐ
2766 4456 2991 4525 μιμήσει
3038 4455 3128 4508 τὸν
3157 4454 3294 4523 ὑπὲρ
3331 4452 3567 4525 Χριστοῦ

336 4556 436 4611 pro
485 4540 703 4610 pietate,
759 4555 942 4593 revera
988 4556 1093 4595 non
1143 4540 1444 4596 imitatione
1498 4553 1724 4597 mortem
1786 4560 1885 4614 pro

335 4631 556 4687 Christo
584 4630 849 4701 perpessi,
882 4631 1012 4684 nihil
1049 4632 1310 4702 symbolis
1337 4648 1459 4703 qua:
1497 4643 1623 4689 sunt
1665 4636 1717 4688 in
1751 4652 1894 4705 aqua

336 4738 474 4793 opus
515 4723 821 4776 habuerunt
853 4721 920 4775 ad
977 4723 1227 4788 salutem,
1276 4725 1531 4779 nimirum
1575 4726 1629 4779 in
1671 4728 1893 4797 proprio

338 4813 589 4884 baptizati
637 4814 922 4883 sanguine.
970 4811 1154 4882 Neque
1202 4813 1317 4868 hare
1358 4813 1434 4867 ita
1489 4815 1705 4885 loquor,
1742 4816 1891 4886 quod
1930 4862 1933 4865 .

335 4919 489 4977 aqua:
530 4903 800 4975 baptisma
843 4919 1116 4973 spernam,
1157 4904 1251 4958 sed
1301 4912 1360 4959 ut
1393 4905 1620 4967 istorum
1651 4907 1893 4963 rationes

374 5072 377 5075 ’
427 5084 451 5119 ’
486 5085 508 5139 1
543 5085 687 5143 Petr.
720 5104 809 5153 ιιι,
850 5086 938 5141 21.
1028 5086 1074 5119 ⁸⁸
1113 5085 1300 5142 Matth.
1342 5101 1435 5149 ιιι,
1476 5086 1562 5141 ii.
1639 5087 1684 5119 δ’
1722 5085 1743 5141 1
1776 5086 1903 5143 Cor.

404 5266 517 5341 (91)
562 5268 950 5341 fugamne
981 5266 1098 5341 Duo
1119 5267 1337 5325 codices
1374 5283 1507 5324 mss.
1537 5268 1806 5341 ἄρῤυπον.

333 5334 519 5464 εοέθξ)
550 5334 723 5405 Δοήκῇ.
757 5340 848 5393 Sic
878 5334 999 5395 libri
1045 5348 1272 5403 veteres,
1318 5341 1510 5396 melius
1537 5334 1705 5409 q'u'am
1760 5339 1891 5393 editi

432 5423 457 5460 ε
483 5445 498 5460 .

432 5423 498 5460 ει.

406 5476 519 5547 (95)
556 5474 834 5532 Ἐαυτῶν.
860 5479 935 5533 ita
964 5478 1179 5533 codices
1205 5494 1335 5534 mss.
1375 5476 1513 5531 Editi
1539 5477 1752 5533 ἑαυτοῦ.
1787 5476 1895 5532 lbi-

336 5546 621 5619 detu_Reg.
652 5548 1025 5619 quartusLxﬁe
1059 5548 1233 5618 χαρᾶς
1260 5546 1353 5601 τοῦ
1384 5547 1639 5619 Χριστοῦ.

399 5614 517 5686 (941
558 5614 843 5682 Τοσὶιύτη.
874 5616 962 5670 Sic
983 5614 1215 5686 quatuor
1239 5614 1455 5672 codices
1481 5637 1495 5671 :
1521 5617 1611 5670 alii
1636 5631 1757 5671 eum
1779 5617 1891 5671 edi-

336 5687 408 5740 tis
441 5686 678 5758 τοιαύτη.
712 5687 910 5743 Ibidem
941 5685 1106 5742 editio
1147 5687 1476 5744 Basileensis
1506 5687 1588 5751 τίς
1614 5688 1647 5758 ὴ
1681 5686 1775 5741 τοῦ
1805 5686 1887 5741 λό-

1951 5102 2013 5143 ιιι
2038 5127 2054 5152 ,
2094 5088 2181 5143 15.

2007 4545 2233 4599 θάνατον
2269 4548 2597 4610 ὑποστάντες
2620 4587 2633 4609 ,
2660 4546 2811 4599 οὐδὲν
2842 4546 2946 4599 τῶν
2985 4547 3048 4599 ἐκ
3080 4545 3173 4598 τοῦ
3213 4545 3402 4607 ὓδατος
3429 4562 3568 4615 συμ-

2006 4634 2175 4687 ϐόλων
2203 4638 2282 4700 είς
2309 4635 2405 4707 τὴν
2427 4637 2697 4708 σωτηρίαν
2722 4635 3087 4707 ἐπεδεήθησαν
3107 4675 3122 4699 ,
3147 4637 3206 4688 ἐν
3227 4635 3303 4706 τῷ
3335 4635 3448 4705 ίδίῳ
3476 4635 3564 4687 αἶ-

2006 4743 2134 4796 ματι
2176 4726 2580 4797 βαπτισθέντες.
2625 4729 2733 4781 Καὶ
2764 4727 2863 4781 οὐκ
2901 4726 3106 4780 ἀθετῶν
3134 4726 3192 4779 τὸ
3221 4729 3278 4779 ἐν
3311 4724 3387 4798 τῷ
3415 4724 3565 4779 ὕδατι

2004 4817 2304 4888 βάπτισμα,
2333 4819 2503 4874 ταῦτα
2545 4820 2724 4888 λέγω,
2755 4819 2887 4873 ἀλλά
2930 4819 3057 4882 τοὺς
3098 4818 3391 4888 λογισμοὺς
3429 4815 3564 4869 καϐ-

1999 4908 2166 4980 αιρῶν
2204 4909 2311 4962 τῶν
2346 4911 2719 4981 ἐπαιρομένων
2770 4910 2908 4965 κατὰ
2945 4908 3040 4962 τοῦ
3080 4908 3417 4979 Πνεύματος,
3472 4907 3566 4959 καὶ

2275 5090 2321 5120 ⁸⁸
2358 5088 2489 5145 ibid.

2001 5286 2101 5341 γου
2150 5269 2448 5341 πλήρωσις,
2483 5285 2602 5339 qua:
2654 5270 2815 5325 verba
2865 5270 2956 5341 sic
2983 5270 3216 5325 reddidit
3259 5268 3560 5326 Erasmus:

2006 5338 2139 5405 ante
2165 5338 2273 5412 erit
2312 5340 2449 5393 verbi
2482 5341 2859 5412 consummatio
2877 5338 3102 5412 ?’7Pau|o
3144 5351 3265 5412 post
3312 5342 3562 5397 addimus

2004 5412 2084 5475 είς
2117 5410 2495 5480 μετάνοιανοκ
2529 5410 2704 5464 tribus
2734 5410 3032 5468 cod.cibus.

2072 5478 2195 5554 (Mil
2215 5479 2478 5554 Τῷάγίῳ.
2515 5480 2653 5532 Editi
2687 5480 2889 5534 addunt
2914 5480 3105 5554 καὶτῷ
3130 5480 3282 5553 πυρί.
3315 5478 3419 5534 Sed
3449 5480 3562 5536 hmo

2000 5547 2054 5601 in
2077 5547 2235 5602 "nullo
2271 5549 2459 5602 codice
2492 5565 2592 5603 tus.

2070 5618 2180 5693 (96)
2202 5618 2375 5693 Aetd.
2410 5618 2629 5693 Legitur
2652 5634 2715 5674 ea
2734 5636 2833 5677 vox
2854 5621 2909 5677 iu
2935 5619 3059 5677 cod.
3080 5619 3317 5678 Colbert.
3342 5626 3394 5675 et
3417 5618 3556 5693 Reg.

1995 5688 2207 5759 quinto,
2237 5691 2387 5745 abest
2420 5690 2488 5745 ab
2520 5690 2660 5744 aliis.
