3908 6532
140 381 215 436 157
1162 363 1360 420 LIBER
1395 363 1483 418 DE
1519 358 1791 418 SPIBITU
1836 358 2106 417 SANC'I‘O

3251 362 3355 420 158

135 500 319 565 auctr
366 489 399 559 ἢ
454 488 598 542 οὓτω
643 487 695 555 γ’
726 485 793 540 ἀν
824 484 899 555 (9)
949 484 1202 555 οὐδεμίαν
1245 484 1379 555 πρὸς
1426 483 1487 535 τὸ
1525 482 1678 551 ἀγιον

1791 479 1914 533 ritu.
1948 476 2136 549 Neque
2166 479 2313 532 enim
2345 479 2612 534 caelorum
2660 477 2894 535 virtutes
2924 487 3117 547 suapte
3152 489 3350 535 natura

134 586 320 654 Πνεῦμα
358 584 462 653 τὴν
490 579 756 651 διαφορὰν
789 578 994 648 ἔχοιεν*
1027 576 1163 632 ἀλλὰ
1206 575 1347 629 κατά
1386 572 1676 644 ἀναλογίαν

128 681 206 751 τῆς
240 677 368 749 πρὸς
396 675 637 746 ἀλλήλας
666 670 968 746 ὑπεροχῆς,
1011 669 1105 723 τοῦ
1152 669 1429 741 ἀγιασμοῦ
1477 668 1539 722 τὸ
1585 668 1677 739 μέ-

129 791 229 846 τρον
263 770 410 841 παρὰ
435 767 531 821 τοῦ
560 766 879 836 Πνεύματος
918 763 1156 834 ἔχουσαι.
1212 761 1300 825 Ὠς
1338 760 1449 832 γὰρ
1485 762 1513 814 6
1547 778 1679 814 καυ-

128 867 207 936 si}?
223 863 350 933 μετά
367 860 467 914 τοῦ
514 858 686 928 πυρὸς
718 859 940 920 νοεῖται,
970 856 1063 908 καὶ
1109 853 1237 909 ἄλλο
1274 854 1457 926 μέντοι
1481 854 1515 924 ἡ
1543 853 1679 906 ὐπο-

128 955 320 1025 κειμένη
358 953 486 1022 ὕλη,
528 953 623 1005 καὶ
660 948 790 1005 ἀλλο
834 948 897 1000 τὸ
933 946 1069 1018 πῦρ·
1120 945 1263 1023 οὕτω
1299 946 1395 999 καὶ
1439 945 1532 997 ἐπὶ
1572 944 1680 996 τῶν

127 1048 357 1117 οὐρανίων
404 1044 714 1113 δυνάμεων,
769 1042 803 1111 ἡ
865 1039 964 1110 μὲν
1015 1038 1174 1091 οὐσία
1229 1037 1443 1101 αὐτῶν,
1498 1035 1679 1108 ἀέριον

129 1137 463 1210 πνεῦμαμο),
483 1133 726 1204 εἰτύχοι,
761 1132 794 1203 ἢ
827 1131 939 1200 πῦρ
960 1129 1141 1211 ἄύλον,
1172 1130 1313 1183 κατὰ
1339 1129 1400 1182 τὸ
1418 1126 1672 1199 γεγραμ-

130 1231 291 1301 μένον·
336 1230 390 1281 Ὀ
422 1225 616 1281 ποιῶν
645 1224 789 1290 τοὺς
811 1222 1106 1292 ἀγγέλους
1131 1220 1317 1275 αὐτοῦ
1347 1221 1678 1289 πνεύματα,

130 1325 202 1376 καί
228 1321 357 1385 τοὺς
387 1315 787 1386 λειτουργοὺς
819 1313 1008 1369 αὐτοῦ
1045 1311 1238 1381 πυρὸς
1279 1313 1477 1382 φλόγα
1530 1311 1641 1382 (Η)
1664 1327 1679 1341 ’

129 1418 191 1468 Et?)
218 1414 302 1466 καὶ
338 1415 395 1464 ἐν
456 1411 609 1480 τόπῳ
654 1410 785 1465 εἰσὶ.
834 1408 930 1461 καὶ
973 1407 1157 1479 ὁρατοὶ
1207 1405 1467 1475 γίνονται.
1516 1406 1573 1458 ὲν
1605 1403 1683 1474 τῷ

129 1506 230 1557 die:
269 1502 374 1555 τῶν
430 1500 653 1552 οἰκείων
690 1496 871 1551 αὐτῶν
908 1497 1174 1567 σωμάτων
1200 1499 1315 1559 τοῖς
1368 1494 1537 1559 ἀξίοις
1580 1496 1683 1564 ἐμ-

132 1593 470 1663 ςανιζὸμενοι.
541 1590 601 1643 '0
650 1589 834 1660 μέντοι
878 1587 1167 1656 ἁγιασμὸς,
1222 1585 1422 1652 ἔξωθεν
1468 1583 1543 1638 ὢν
1586 1584 1684 1654 τῆς

130 1687 296 1749 exin,
320 1684 427 1755 τὴν
465 1682 749 1736 τελείωσιν
784 1682 967 1744 αὐτοῖς
997 1680 1190 1748 ἐπάγει
1223 1678 1313 1732 διὰ
1355 1677 1457 1747 τῆς
1495 1694 1685 1731 κοινω-

129 1782 220 1841 νίας
256 1776 345 1830 τοῦ
387 1774 734 1845 Πνεύματος.
792 1774 1130 1827 Φυλάσσουσι
1172 1772 1230 1826 δὲ
1278 1771 1393 1843 τὴνι
1422 1770 1577 1835 ἀξίαν
1615 1773 1680 1841 τῇ

1782 580 1986 626 sancta
2026 578 2155 626 sunt
2191 588 2205 636 ;
2248 571 2494 642 alioquin
2559 572 2692 627 nihil
2721 573 3005 628 diﬁcrrent
3059 588 3089 627 a
3147 573 3353 644 Spiritu

1780 670 2019 727 sancto;
2064 664 2157 718 sed
2209 663 2367 731 juxta
2399 667 2810 735 proportionem
2867 681 2974 736 qua
3025 682 3086 721 se
3124 667 3354 723 invicem

1781 761 2065 822 superant,
2120 767 2149 806 a
2186 753 2393 821 Spiritu
2457 754 2660 810 habent
2698 746 3150 810 sanctificationis
3202 771 3357 810 men-

1781 861 1989 900 suram.
2037 840 2510 910 Quemadmodum
2551 846 2696 900 enim
2747 847 3049 902 cauterium
3102 862 3210 903 non
3238 849 3377 905 sine

1781 939 1906 1010 igne
1945 938 2302 1009 intelligitur,
2336 953 2461 993 cum
2500 938 2761 995 aliudsit
2803 941 3049 1009 subjecta
3104 943 3353 1008 materia,

1781 1037 1836 1084 et
1866 1028 2015 1083 aliud
2049 1029 2191 1100 ignis
2230 1047 2243 1083 :
2276 1028 2460 1084 itidem
2492 1030 2622 1084 etin
2680 1030 2998 1087 ctelestibns
3038 1031 3353 1097 virtutibus,

1783 1118 2093 1175 substantia
2125 1118 2347 1190 quidem
2378 1133 2590 1183 earum,
2620 1127 2751 1189 puta
2785 1120 3017 1190 spiritus
3043 1129 3127 1177 est
3150 1122 3356 1186 aerius,

1783 1214 1877 1263 aut
1933 1210 2077 1280 ignis
2130 1210 2540 1275 immaterialis,
2585 1209 2743 1280 juxta
2791 1212 2842 1265 id
2903 1212 3046 1282 quod
3091 1213 3357 1284 scriptum

1782 1310 1888 1368 est,
1922 1301 2029 1368 Qui
2078 1303 2209 1372 facit
2244 1302 2459 1373 angelos
2504 1319 2631 1357 suos
2684 1304 2925 1372 spiritus,
2983 1312 3034 1358 et
3087 1304 3360 1359 ministros

1784 1409 1908 1447 suos
1966 1392 2243 1461 ﬂammam
2290 1394 2428 1464 ignis
2473 1393 2562 1460 ⁸⁸;
2624 1405 2961 1466 quaprOpter
3021 1403 3077 1449 et
3129 1394 3185 1449 in
3240 1395 3363 1450 loco

1785 1494 1914 1541 sunt
1941 1524 1955 1549 ,
2017 1496 2071 1540 et
2111 1483 2250 1540 fiunt
2278 1486 2548 1551 visibiles,
2578 1486 2709 1541 dum
2750 1488 2819 1543 iis
2846 1488 2940 1559 qui
2995 1480 3144 1561 digni
3194 1498 3360 1555 sunt,

1784 1587 2048 1648 apparent
2099 1577 2156 1633 in
2220 1579 2399 1649 specie
2466 1580 2811 1651 propriorum
2879 1596 3193 1650 corporum.
3254 1580 3363 1637 Sed

1785 1668 2171 1733 sanctificatio,
2232 1685 2355 1739 quae
2412 1678 2498 1725 est
2522 1677 2680 1725 extra
2707 1670 3070 1726 substantiam
3118 1670 3362 1735 illorum,

1786 1760 2180 1830 perfectionem
2216 1763 2327 1818 illis
2381 1763 2537 1817 affert
2591 1758 2690 1834 per
2741 1763 3181 1818 communionem
3232 1760 3361 1835 Spi-

128 1872 322 1939 inpsvij
355 1867 461 1920 τοῦ
511 1863 701 1930 καλοῦ,
741 1863 962 1935 ἔχουσαι
1015 1862 1113 1934 μὲν
1160 1864 1218 1915 ἐν
1266 1860 1582 1933 προαιρέσει
1621 1859 1682 1912 τὸ

1791 1852 1946 1905 ritus.
1976 1851 2321 1908 Conservam
2355 1860 2539 1908 autem
2592 1853 2913 1924 dignitatem
2966 1870 3064 1924 per
3107 1869 3362 1926 perseve-

129 1961 466 2028 αὲτεξοῦσιον,
497 1958 755 2012 οὐδέποτε
795 1957 853 2009 δὲ
888 1958 950 2009 ἐκ
993 1955 1093 2026 τῆς
1131 1950 1224 2007 τοῦ
1270 1954 1435 2017 ὅντως
1477 1952 1682 2021 ἀγαθοῦ

130 2053 451 2125 προσεδρείας
483 2050 851 2105 ἐκπίπτουσαι
881 2064 895 2076 ·
927 2047 1002 2110 ὼς
1042 2046 1137 2099 ἐὰν
1183 2045 1383 2118 ὐφέλῃς
1420 2043 1499 2115 τῷ
1544 2044 1686 2115 λόγῳ

127 2143 174 2195 τὸ
214 2141 474 2213 Πνεῦμα,
536 2139 789 2193 λέλυνται
848 2138 946 2208 μὲν
998 2134 1246 2205 ἀγγέλων
1293 2137 1503 2205 χορεῖαι
1550 2132 1683 2204 (1‘2),

130 2237 394 2308 ἀνῄρηνται
447 2235 505 2289 δὲ
555 2229 915 2305 ἀρχαγγέλων
961 2228 1297 2289 ὲπιστασίαι,
1352 2226 1685 2295 συγκέχυται

189 2330 244 2381 τὲ
264 2330 443 2382 πάντα
469 2343 483 2354 ·
504 2318 925 2395 ἀνομοθέτητος,
949 2319 1203 2382 ἄτακτος,
1232 2317 1483 2388 ἀόριστος
1510 2316 1687 2370 αὐτῶν

129 2421 153 2485 ἡ
194 2416 316 2489 ζωή.
360 2416 498 2479 Πῶς
551 2415 650 2486 μὲν
688 2412 799 2483 γὰρ
849 2409 1076 2463 εἴπωσιν
1116 2407 1371 2475 ἄγγελον
1427 2408 1580 2470 Δόξα
1618 2406 1690 2458 ἐν

127 2508 378 2575 (pictori;
413 2503 565 2570 Θεῷ,
599 2502 674 2575 μὴ
718 2498 1131 2571 δυναμωθέντες
1176 2497 1282 2550 ὑπὸ
1312 2495 1405 2549 τοῦ
1432 2496 1687 2567 ,Πνεῦμα-

127 2614 224 2663 το;;
249 2596 467 2662 Οὐδεὶς
513 2595 625 2666 γὰρ
653 2591 903 2646 δύναται
946 2587 1134 2642 εἰπεῖν
1174 2586 1393 2655 Κύριον
1424 2584 1687 2653 Ἰησοῦν,

126 2693 163 2740 εὶ
189 2688 265 2758 μὴ
296 2689 370 2742 ἐν
402 2687 708 2755 Πνεύματι
741 2681 907 2751 ἁγίῳ,
935 2679 1035 2735 καὶ
1062 2677 1263 2744 οὐδεὶς
1286 2677 1356 2731 ἐν
1393 2677 1690 2746 Πνεύματι

128 2781 247 2835 Θεοῦ
270 2778 484 2834 λαλῶν
536 2776 699 2846 λέγει
744 2773 1009 2843 ἀνάθεμα
1056 2770 1336 2839 Ἰησοῦν-⁸
1385 2770 1521 2840 ὅπερ
1548 2767 1690 2821 εἴποι

126 2868 176 2921 ἐν
207 2868 305 2938 (Ιῦ)
347 2867 421 2921 τὰ
451 2865 672 2937 πονηρὰ
701 2864 798 2918 καὶ
826 2860 1176 2932 ἀντικείμενα
1211 2858 1516 2930 πνεύματα,
1550 2855 1625 2912 ὧν
1654 2860 1688 2929 ἡ

127 2960 418 3022 striarum;
473 2957 761 3028 συνίστησι
815 2953 908 3007 τὸν
949 2952 1128 3021 λόγον,
1179 2950 1271 3005 τοῦ
1312 2949 1691 3018 αὐτεξουσίως

126 3046 236 3102 εἶναι
273 3051 374 3114 τὰς
432 3047 704 3119 ἀοράτους
754 3046 1046 3116 δυνάμεις,
1103 3044 1406 3113 ἰσορρόπως
1460 3041 1690 3112 ἐχούσας

128 3146 237 3213 αγις
255 3142 458 3215 ἀρετὴν
489 3142 588 3194 καὶ
621 3138 846 3202 κακίαν,
879 3138 974 3191 καὶ
1004 3134 1095 3189 διὰ
1118 3134 1277 3187 τοῦτο
1300 3133 1560 3202 δεομένας
1589 3132 1691 3202 τῆς

1788 1944 2023 1997 rantiam
2080 1944 2137 1999 in
2176 1945 2364 2008 bono,
2412 1945 2675 2013 habentes
2733 1945 2954 2015 quidem
2997 1946 3051 1999 in
3115 1945 3366 2017 eligendo

1786 2034 2018 2088 liberum
2084 2035 2369 2089 arbitrium
2399 2075 2413 2101 ,
2456 2049 2738 2106 nunquam
2796 2046 2975 2090 tamen
3014 2037 3083 2089 ab
3115 2036 3235 2105 ejus
3269 2037 3365 2107 qui

1788 2140 1916 2180 vere
1955 2126 2135 2181 bonus
2181 2136 2265 2183 est
2309 2127 2592 2183 consortio
2642 2126 3006 2185 excidentes:
3073 2131 3147 2182 ita
3201 2136 3260 2183 ut
3316 2130 3365 2184 si

1787 2216 2116 2273 subduxeris
2163 2219 2380 2273 ratione
2443 2218 2707 2289 Spiritum
2738 2260 2753 2285 ,
2815 2220 3078 2289 perierint
3135 2221 3361 2291 angelo-

1787 2325 1909 2365 rum
1938 2310 2181 2374 choreae,
2214 2311 2443 2365 sublatae
2493 2310 2607 2366 sint
2632 2324 2853 2380 quoque
2908 2312 3366 2381 archangelorum

1789 2401 2128 2472 praefecturae
2155 2443 2170 2464 ,
2223 2409 2388 2472 atque
2430 2401 2663 2456 confusa
2719 2400 2924 2455 fuerint
2970 2401 3154 2456 omnia
3206 2402 3368 2455 :vita

1790 2495 2036 2565 ipsorum
2097 2492 2234 2548 nulli
2298 2492 2448 2563 legi.
2505 2492 2640 2547 nulli
2697 2493 2923 2559 ordini,
2974 2492 3111 2547 nulli
3169 2492 3371 2563 regulae

1790 2585 2095 2655 subjaceat.
2170 2584 2458 2650 Quomodo
2525 2585 2670 2640 enim
2714 2584 2897 2639 dicent
2929 2586 3106 2656 angeli
3140 2603 3151 2639 :
3184 2584 3368 2640 Gloria

1789 2678 1846 2731 in
1896 2668 2117 2731 excelsis
2173 2676 2370 2741 Deo”,
2434 2675 2541 2731 nisi
2599 2693 2629 2728 ιι
2694 2675 2901 2745 Spiritu
2949 2685 3173 2746 accepta
3215 2683 3369 2743 pote-

1791 2777 1932 2824 state
1960 2768 1983 2822 ?
2032 2767 2202 2823 Nemo
2240 2768 2513 2838 siquidem
2548 2777 2720 2836 potest
2752 2767 2930 2821 dicere
2960 2767 3249 2821 Dominum
3275 2765 3370 2822 Je-

1790 2873 1930 2926 sum,
1992 2838 2097 2912 nisi
2143 2860 2198 2913 in
2228 2857 2436 2930 Spiritu
2473 2868 2695 2921 sancto,
2754 2868 2804 2913 et
2856 2860 3038 2913 nullus
3073 2860 3126 2913 in
3164 2858 3370 2929 Spiritu

1790 2949 1889 3005 Dei
1922 2953 2139 3023 loquens
2193 2952 2329 3007 dixit
2381 2950 2566 3007 Jesum
2607 2952 2892 3007 anathema
2909 2954 2995 3019 “;
3050 2953 3197 3023 quod
3237 2968 3371 3009 sane

1791 3046 2026 3101 dixerint
2050 3048 2204 3118 pravi
2253 3054 2307 3103 et
2352 3048 2651 3104 adversarii
2686 3049 2914 3119 spiritus
2941 3086 2958 3112 ,
3009 3062 3242 3118 quorum
3288 3047 3370 3101 la-

1791 3156 1924 3212 psus
1996 3140 2320 3211 comprobat
2371 3139 2520 3211 quod
2583 3140 2849 3209 dicimus,
2895 3141 3129 3196 virtutes
3179 3140 3371 3195 invisi-

126 3236 202 3288 τοῦ
247 3234 577 3305 magno;
632 3230 906 3302 βοηθείας.
975 3226 1112 3298 Ἐγὼ
1169 3227 1263 3279 καὶ
1309 3225 1401 3278 τὸν
1450 3224 1687 3297 Γαϐριὴλ

1792 3236 1930 3291 biles
1984 3248 2108 3290 esse
2156 3231 2241 3287 sui
2277 3230 2528 3298 arbitrii,
2583 3247 2740 3302 aeque
2795 3231 2865 3287 ad
2910 3234 3167 3288 virtutem
3211 3241 3375 3302 atque

76 3386 85 3400 _
128 3330 389 3401 προλέγειν
438 3327 510 3380 τα
561 3324 825 3397 μέλλοντα
872 3322 1124 3393 οὐδαμῶς
1157 3320 1330 3382 ἄλλως
1373 3318 1517 3389 φημὶ
1553 3319 1586 3390 ἢ
1620 3321 1686 3389 τῇ

127 3422 411 3493 προγώσει
444 3418 543 3473 τοῦ
579 3417 918 3488 Πνεύματος.
955 3416 1098 3468 Διό-ει
1126 3412 1184 3465 ἓν
1217 3412 1325 3465 τῶν
1358 3410 1469 3481 (14)
1495 3412 1560 3464 ἐκ
1588 3409 1688 3479 τῆς

127 3514 422 3584 διαιρέσεως
454 3509 552 3564 τοῦ
585 3508 900 3579 Πνεύματος
931 3505 1280 3577 χαρισμάτων
1314 3503 1460 3555 ἐστὶν
1493 3505 1525 3572 ἡ
1556 3519 1690 3573 προσ·

129 3608 316 3676 ςητεία.
368 3606 431 3657 '0
468 3603 528 3655 δὲ
557 3602 628 3655 τὰ
684 3600 955 3671 μυστήρια
994 3599 1095 3668 τῆς
1135 3597 1398 3659 ὀπτασίας
1431 3595 1507 3666 τῷ
1538 3595 1692 3665 ἀνδρὶ

129 3698 216 3750 τῶν
256 3693 572 3767 ἐπιθυμιῶν
622 3689 937 3762 ἐπιταχθεὶς
974 3689 1312 3759 διαγγεῖλαι,
1344 3688 1507 3741 πόθεν
1540 3704 1692 3758 σοφι-

298 3785 419 3860 εἷχε
469 3786 750 3841 διδάσκειν
803 3782 871 3836 τὰ
934 3782 1329 3854 κεκρυμμένα,
1384 3782 1434 3834 εἰ
1487 3780 1563 3853 μὴ
1613 3780 1692 3849 τῷ

131 3882 384 3952 Πνεῦματι
414 3878 497 3949 τῷ
548 3878 726 3947 ἀγίῳ;
770 3874 872 3945 τῆς
912 3872 1307 3942 ἀποκαλύψεως
1344 3872 1452 3926 τῶν
1487 3888 1691 3943 μυστη-

131 3974 241 4041 ρίων
272 3973 423 4035 ἰδίως
452 3968 536 4040 τῷ
567 3968 851 4038 Πνεῦματι
890 3964 1294 4037 προσηκούσης,
1330 3964 1469 4018 κατὰ
1511 3964 1572 4017 τὸ
1603 3980 1696 4032 γε-

130 4067 449 4138 γραμμένον,
478 4064 566 4118 ὅτι
603 4060 769 4132 Ἡμῖν
795 4060 1193 4127 ἀπεκάλυψεν
1229 4064 1261 4114 ό
1291 4058 1435 4126 Θεὸς
1465 4058 1563 4112 διὰ
1587 4056 1694 4112 τοῦ

128 4160 479 4227 [Ινεύματος.
533 4153 728 4225 θρόνοι
771 4152 828 4206 δὲ
871 4152 964 4205 καὶ
1014 4151 1353 4223 κυριότητες,
1394 4151 1488 4204 καὶ
1528 4150 1696 4223 ἀρχαὶ

129 4252 207 4302 καὶ
242 4249 510 4314 ἐξουσίαι,
556 4245 674 4308 πῶς
719 4245 785 4298 ἂν
828 4242 925 4316 τὴν
973 4244 1248 4314 μακαρίαν
1297 4242 1406 4314 (15)
1452 4241 1695 4313 διεξῆγον

128 4341 273 4412 ζωὴν,
306 4343 356 4394 εί
407 4339 484 4410 μὴ
531 4337 621 4390 διὰ
662 4336 861 4401 παντὸς
901 4334 1128 4388 ἔϐλεπον
1175 4335 1236 4388 τὸ
1268 4335 1559 4407 πρόσωπον
1595 4334 1688 4387 τοῦ

129 4433 323 4504 ﬂatpb;
366 4430 464 4484 τοῦ
514 4432 573 4483 ἐν
618 4430 902 4500 οὐρανοῖς,
942 4427 1015 4485 Τὸ
1045 4427 1102 4480 δὲ
1160 4425 1380 4497 βλέπειν
1409 4428 1511 4480 οὐκ
1564 4428 1691 4480 ἄνευ

129 4525 210 4578 τοῦ
243 4524 581 4595 Πνεύματος.
630 4523 842 4595 Ὠσπερ
886 4522 995 4593 γὰρ
1036 4523 1093 4574 ἐν
1130 4522 1305 4584 νυκτὶ,
1353 4520 1447 4573 ἐὰν
1488 4521 1693 4593 ὑφέλης

1792 3329 1859 3383 ad
1909 3328 2101 3381 vitium
2171 3326 2488 3392 vertibiles,
2554 3335 2609 3382 et
2674 3326 2746 3381 ob
2793 3325 2848 3381 id
2906 3340 3048 3397 Opus
3107 3325 3374 3380 habentes

1791 3418 1996 3473 auxilio
2030 3417 2292 3488 Spiritus.
2336 3417 2448 3489 Ego
2476 3432 2609 3473 vero
2654 3419 2838 3489 ipsum
2871 3417 3175 3479 Gabrielem
3227 3416 3374 3472 haud

1792 3511 1900 3564 alio
1940 3510 2104 3564 modo
2130 3510 2368 3564 arbitror
2396 3510 2694 3581 praedicere
2728 3510 2912 3565 futura
2936 3511 3007 3577 ιι,
3038 3526 3200 3582 quam
3237 3524 3376 3584 praef-

1794 3601 2025 3656 scientia
2087 3600 2366 3669 Spiritus,
2431 3617 2496 3656 co
2555 3603 2701 3673 quod
2754 3617 2924 3656 unum
2978 3617 3045 3657 ex
3102 3602 3375 3657 divisione

1793 3691 2060 3745 donorum
2093 3690 2331 3761 Spiritus
2369 3693 2440 3747 sit
2468 3693 2783 3763 prophetia.
2817 3693 2994 3750 Porro
3033 3696 3129 3766 qui
3165 3704 3377 3769 myste-

1796 3784 1884 3837 ria
1916 3783 2145 3837 visionis
2178 3784 2299 3837 viro
2351 3785 2750 3840 desideriorum
2776 3786 2968 3856 jussus
3012 3797 3131 3843 erat
3161 3806 3376 3846 annun-

1796 3877 2022 3943 tiare",
2082 3876 2227 3932 unde
2261 3884 2457 3932 tinctus
2503 3886 2623 3933 erat
2668 3880 3031 3950 sapientiam,
3088 3891 3147 3936 ut
3189 3895 3377 3953 posset

1795 3968 1992 4023 docere
2042 3982 2264 4036 arcana,
2305 3968 2413 4024 nisi
2471 3985 2569 4039 per
2625 3968 2889 4041 Spiritum
2948 3977 3375 4050 sanctum?33

1796 4076 1919 4116 cum
1955 4062 2254 4131 patefactio
2297 4063 2689 4134 mysteriorum
2718 4065 3072 4136 peculiariter
3100 4067 3168 4124 ad
3201 4067 3378 4140 Spiri-

1800 4164 1913 4210 tum
1963 4160 2217 4210 sanctum
2266 4154 2559 4224 pertineat,
2608 4156 2767 4226 juxta
2821 4157 2876 4212 id
2917 4159 3065 4229 quod
3107 4162 3374 4232 scriptum

1796 4255 1882 4304 est
1914 4266 1926 4301 :
1961 4246 2130 4303 Nobis
2163 4250 2413 4303 reserauit
2452 4249 2593 4304 Deus
2633 4266 2727 4320 per
2755 4252 3015 4322 Spiritum
3043 4255 3108 4312 ⁸³.
3164 4255 3375 4314 Tlironi

1797 4356 1928 4397 vero
1956 4350 2012 4397 et
2075 4341 2510 4410 dominationes,
2560 4345 2901 4418 principatus
2959 4356 3014 4403 et
3054 4357 3377 4419 potestates.

1799 4432 2075 4503 quomodo
2120 4434 2334 4489 beatam
2392 4435 2749 4491 traducerent
2780 4438 2975 4505 vitam,
3015 4439 3121 4497 nisi
3158 4457 3380 4513 semper

1798 4524 2046 4580 viderent
2074 4525 2283 4579 vultum
2316 4525 2497 4583 Patris
2524 4529 2617 4598 qui
2668 4528 2724 4584 in
2752 4530 2907 4587 caelis
2937 4539 3022 4587 est
3038 4533 3124 4586 “1'
3145 4539 3216 4588 At
3240 4535 3378 4591 visio

131 4621 184 4672 τὸ
203 4621 316 4689 φῶς
345 4621 456 4675 ἀπὸ
484 4619 585 4689 τῆς
610 4617 805 4683 οἰκίας,
826 4615 1025 4686 τυφλαὶ
1057 4615 1156 4684 μὲν
1183 4616 1239 4667 αἱ
1272 4614 1440 4685 ὄψεις,
1477 4615 1687 4685 ἀνενέρ‹

1799 4632 1903 4669 non
1950 4625 2034 4672 est
2084 4602 2290 4688 absque
2334 4618 2563 4691 Spiritu.
2617 4620 3088 4687 Quemadmodum
3145 4626 3289 4680 enim
3331 4628 3377 4682 si

132 4728 276 4782 γητοι
304 4712 362 4764 δὲ
408 4709 831 4763 καταλείπονται
862 4709 915 4760 αἱ
970 4706 1245 4778 δυνάμεις,
1297 4707 1691 4775 ἀνεπίγνωστοι

135 4802 186 4855 ἃ
214 4803 271 4856 αἱ
300 4803 469 4867 ἀξίαι,
502 4799 600 4853 καὶ
632 4797 832 4871 χρυσοῦ
877 4798 973 4852 καὶ
1010 4798 1229 4870 σιδήρου
1265 4797 1466 4870 ὁμοίως
1493 4814 1695 4851 πατου-

134 4895 304 4966 μένων
333 4892 424 4947 διὰ
462 4892 565 4966 τὴν
592 4890 817 4959 ἄγνοιαν
836 4906 849 4918 ·
894 4887 1066 4953 οὕτως
1100 4889 1191 4943 ἐπὶ
1221 4889 1319 4961 τῆς
1348 4890 1546 4962 νοητῆς
1574 4889 1691 4943 δια-

190 5049 236 5082 ¹¹
270 5048 416 5105 Psal.
456 5064 574 5112 CIII,
614 5048 669 5102 4.

130 5119 173 5151 ⁸⁸
199 5120 389 5175 Ηιιιιι.
429 5137 586 5185 xvm,
606 5119 691 5173 10.

192 5234 268 5305 (9)
292 5237 368 5290 ’H
392 5236 546 5290 οὕτω
570 5236 623 5304 τ’
645 5233 743 5287 ἄν.
776 5216 955 5289 Editio
972 5234 1147 5290 Paris.
1174 5234 1205 5306 ἢ
1229 5234 1369 5287 οὕτω
1397 5234 1531 5306 γάρ,
1556 5248 1689 5306 gon-

134 5303 211 5359 m‘
242 5303 487 5361 codicum
541 5303 676 5361 mss.
716 5311 772 5359 et
815 5306 1070 5361 editionis
1124 5303 1685 5361 Basilecnsis‘tidem.

136 5375 291 5430 Paulo
299 5385 423 5447 post
438 5375 571 5446 Reg.
590 5374 798 5448 secund
807 5392 869 5431 us
885 5374 1140 5448 παραιτοῦ
1158 5374 1470 5448 Πνεύματος
1485 5373 1662 5448 ἔχουσι
1672 5411 1686 5426 .

193 5442 318 5517 (10)-
348 5442 577 5516 Ἀέριόν
598 5446 854 5514 πνεῦμα.
892 5442 1028 5501 Male
1066 5448 1121 5499 in
1150 5442 1317 5501 editis
1335 5442 1565 5517 additur
1605 5442 1686 5499 τό.

196 5515 303 5590 (it)
331 5517 781 5590 (maguum.
831 5517 922 5571 Sic
969 5517 1211 5587 quinque
1248 5515 1466 5571 codices
1500 5531 1513 5568 :
1549 5530 1689 5569 unus

138 5588 438 5659 comeditis
468 5588 581 5659 πύρ
605 5588 824 5659 φλέγον.

197 5658 301 5738 με)
329 5657 578 5738 Χρρεῑαι.
609 5658 713 5738 Hie
740 5659 1001 5738 nonnulla
1018 5672 1124 5728 ape
1136 5657 1389 5738 codicum
1408 5670 1542 5709 mss.
1567 5670 1696 5738 sus-

142 5724 363 5799 tulimus.
383 5724 594 5785 Habent
625 5730 774 5785 enini
813 5730 944 5783 editi
969 5747 981 5782 :
1006 5724 1215 5799 χορεῖαι
1234 5728 1327 5780 καὶ
1352 5724 1689 5799 ἁγιασμὸς...

144 5797 448 5864 ἑτιστασίαι,
482 5802 575 5853 καὶ
603 5802 886 5869 ἀγιασμοὶ,
920 5794 1430 5870 καῖ’προςρητείαι...
1474 5794 1689 5862 οὐκοῦν,

429 5900 710 5959 Parnm“
747 5895 860 5959 Gtt.
920 5897 1188 5959 XXXI}.

1794 4708 1850 4761 in
1885 4723 2044 4764 nocte
2082 4710 2241 4766 tollas
2275 4713 2554 4769 lucernam
2594 4732 2625 4768 e
2659 4713 2843 4779 domo,
2875 4716 3007 4770 caeci
3035 4724 3164 4771 sunt
3210 4718 3374 4780 oeuli,

1792 4800 2078 4858 facultates
2134 4803 2518 4874 relinquuntur
2588 4805 2831 4871 inertes,
2897 4822 2999 4862 nec
3065 4809 3378 4879 agnoscitur

1793 4909 1977 4948 rerum
2044 4894 2321 4966 dignitas,
2390 4896 2485 4952 sed
2565 4912 2663 4966 per
2739 4898 3106 4970 ignorantiam
3179 4915 3376 4956 aurum

764 5046 810 5078 ⁸⁹
853 5044 986 5100 Luc.
1028 5060 1089 5110 ιι,
1130 5043 1216 5097 Η.
1292 5045 1338 5076 ⁶⁰
1381 5046 1400 5099 l
1439 5044 1565 5100 Cor.
1605 5062 1679 5101 xu

1791 5088 1798 5100 .
1873 5048 1916 5079 “
1957 5049 2092 5105 Luc.
2135 5068 2176 5118 ι,
2214 5050 2304 5107 26.
2382 5051 2426 5086 ⁸⁸
2452 5051 2586 5107 Dan.
2624 5070 2679 5117 χ,
2714 5053 2805 5111 10.
2881 5054 2928 5086 ⁸³
2964 5054 2985 5108 l
3022 5053 3150 5109 Cor.
3191 5072 3251 5120 ιι,
3284 5056 3373 5115 10.

1794 5233 2210 5304 ἀνομοθέτητος.

1866 5252 1890 5286 ο
1936 5252 2210 5304 ουετητος.

1866 5252 1975 5378 (it?!)
2007 5304 2368 5378 Ὅπερ-ετπρι
2392 5304 2488 5358 ἄν.
2519 5302 2611 5359 Sic
2634 5319 2768 5359 mss.
2797 5302 3017 5378 codices
3043 5303 3375 5378 aedilicia-sp

1794 5373 2122 5429 ἂνέἴποιεν.
2157 5374 2281 5430 Mox
2312 5374 2450 5446 Reg.
2494 5383 2727 5445 quartus
2767 5374 2867 5438 τὰς
2893 5373 3178 5444 οὐρανίους
3217 5373 3373 5431 δυνά-

1800 5462 2127 5599 ἐείῗλλςεγ
2151 5515 2288 5571 τῶν.
2324 5514 2468 5569 Editi
2497 5515 2556 5571 ἓν
2574 5533 2626 5569 τι
2650 5514 2779 5581 τῶν,
2815 5516 2911 5574 sed
2936 5525 3245 5590 repugnant
3277 5534 3375 5575 ve-

1798 5589 2340 5734 ῑίῗῇῗῆιλιίὲκαρίαν.
2370 5658 2516 5734 Editi
2543 5657 2750 5715 addunt
2780 5659 3017 5734 ἐκείνην.
3051 5659 3158 5716 Sed
3180 5676 3243 5717 ea
3269 5674 3375 5716 vox

1799 5728 2012 5785 abest’a
2049 5730 2289 5799 quinque
2324 5730 2626 5786 codicibus.

2943 5892 2979 5950 ii
