3908 6544
519 424 621 480 139

1752 426 1811 485 S.
1853 427 2100 485 BASILII
2130 430 2345 488 MAGNI

3655 434 3742 489 HO

515 541 742 613 perinde
784 556 848 595 ac
902 541 1104 598 ferrum
1160 541 1517 597 conculcatur
1551 558 1568 594 :
1621 541 1701 598 sic
1734 543 1792 598 in
1819 544 2079 616 spirituali

2196 548 2539 618 κοσμήσεως,
2574 545 2852 616 ἀμήχανον
2895 543 2993 615 τὴν
3021 543 3280 615 ἔνθεσμον
3307 542 3519 614 εκείνην
3551 543 3743 614 διαμεῖο

515 633 743 700 ordine,
798 633 1137 704 impossibile
1186 639 1273 691 est
1311 633 1458 704 piam
1503 630 1653 691 illam
1708 648 1774 688 ac
1834 642 2083 692 sanctam

513 726 683 781 vitam
735 738 1054 794 permanere
1087 724 1225 779 citra
1269 722 1537 795 Spiritum
1572 739 1587 776 :
1628 724 1800 782 nihilo
1838 723 2084 796 profecto

514 816 689 888 magis
744 829 910 886 quam
970 814 1244 871 exercitus
1301 815 1359 870 in
1412 822 1562 871 recto
1623 816 1815 872 ordine
1862 830 2084 871 manere

511 914 690 981 potest
742 908 969 964 absente
996 907 1157 974 duce,
1208 915 1303 963 aut
1355 908 1559 964 chorus
1602 908 1658 963 in
1693 907 2082 971 consonantia,

510 1000 615 1056 nisi
677 998 834 1054 chori
894 1000 1186 1072 prtefectus
1221 1006 1486 1071 temperet
1541 998 1904 1055 harmoniam.
1978 998 2085 1066 Qui

512 1097 738 1161 possent
804 1089 991 1147 dicere
1030 1092 1347 1164 pseraphim,
1383 1091 1638 1165 Sanctus,
1689 1102 1925 1159 sanctus,
1958 1108 2086 1147 san-

511 1184 714 1252 ctus“,
774 1184 885 1238 nisi
944 1183 1090 1239 docti
1142 1199 1241 1255 per
1310 1182 1609 1255 Spiritum,
1665 1184 1882 1256 quoties
1938 1184 2085 1254 pium

400 1322 409 1330 .
510 1273 677 1331 fuerit
740 1275 907 1345 hujus
961 1274 1375 1347 gloriﬁcationis
1436 1278 1601 1333 verba
1660 1278 1904 1355 canere?
1960 1276 2087 1335 Sive

510 1364 680 1435 igitur
714 1363 944 1420 laudant
982 1364 1152 1421 Deum
1199 1379 1393 1422 omnes
1431 1367 1609 1438 angeli
1653 1366 1773 1437 ejus
1801 1382 1866 1423 ac
1894 1382 2087 1424 omnes

508 1454 740 1510 virtutes
771 1455 920 1526 ejus,
961 1453 1022 1508 ﬁt
1066 1454 1302 1525 Spiritus
1348 1470 1470 1526 ope.
1519 1453 1645 1513 Sive
1677 1464 1858 1513 astant
1889 1458 2086 1513 millies

511 1542 661 1598 mille
699 1542 902 1613 angeli,
951 1557 1017 1598 ac
1061 1543 1272 1601 centies
1315 1552 1536 1600 centum
1571 1545 1741 1600 millia
1772 1546 2089 1601 ministran-

510 1633 698 1698 tium,
755 1632 991 1689 oﬁlcium
1050 1650 1213 1690 suum
1276 1635 1417 1692 citra
1482 1635 1964 1706 reprehensionem
2029 1635 2086 1690 in

507 1724 711 1780 virtute
743 1723 979 1795 Spiritus
1015 1724 1328 1796 perﬁciunt.
1370 1724 1558 1797 Itaque
1606 1734 1720 1782 tota
1760 1725 1854 1797 illa
1890 1740 2086 1796 super-

512 1818 756 1874 coelestis
816 1826 870 1874 et
916 1817 1211 1875 ineffabilia
1253 1819 1580 1885 harmonia,
1636 1826 1752 1872 tum
1818 1819 1876 1872 in
1937 1817 2088 1872 cultu

2191 656 2279 694 ναι
2295 636 2439 710 ζωὴν
2457 639 2584 693 ἄνευ
2602 637 2696 689 τοῦ
2714 634 2854 691 Πνεύ
2862 652 3029 706 ματος
3042 652 3058 666 ο
3089 635 3150 689 οὐ
3174 633 3372 706 μᾶλλόν
3396 634 3509 705 γεῆ
3542 651 3743 707 στρατο-

2191 732 2350 785 πέδου
2374 728 2764 803 τὴν.εὐταξίαν,
2788 727 2878 783 τοῦ
2902 726 3196 799 ταξιάρχου
3222 728 3297 798 μὴ
3324 726 3590 798 παρόντος
3612 726 3711 798 (16)
3727 742 3740 759 ·

2191 822 2225 894 ἣ
2256 821 2418 893 χοροῦ
2449 820 2548 892 τὴν
2576 820 2911 891 συμφωνίαν,
2940 819 3034 873 τοῦ
3063 818 3362 892 κορυφαίου
3394 816 3470 888 μὴ
3499 817 3747 887 συναρμό-

2193 913 2396 979 ζοντος.
2439 912 2565 978 Πῶς
2603 911 2719 986 [ἂν]
2751 912 2879 982 εἴπῃ
2916 909 2986 966 τὰ
3026 911 3287 983 σεραφὶμ,
3325 908 3545 979 Ἄγιος,
3575 908 3744 977 ἅγιος,

2191 1010 2376 1080 ἅγιος,
2410 1009 2484 1080 μὴ
2503 1006 2816 1079 διδαχθέντα
2845 1005 2997 1078 παρά
3035 1002 3130 1059 τοῦ
3162 1002 3503 1074 Πνεύματος,
3536 1001 3748 1064 ποσάκις

2193 1079 2342 1156 ἐστὶν
2379 1079 2598 1163 εῦσεὸὲς
2654 1079 2759 1169 rip;
2800 1095 3105 1166 δοξολογίαν
3160 1094 3366 1166 ταύτην
3421 1093 3747 1163 ἀναφωνεῖν;

2193 1192 2319 1247 Εἴτε
2339 1189 2433 1245 οὖν
2464 1188 2671 1244 αἱνοῦσι
2699 1187 2791 1241 τὸν
2823 1187 2955 1243 Θεὸν
2984 1186 3185 1249 πάντες
3214 1188 3264 1240 oi
3307 1182 3526 1253 ἄγγελοι
3570 1181 3743 1246 αὐτοῦ,

2191 1283 2288 1337 καὶ
2320 1279 2558 1336 αἰνοῦσιν
2593 1277 2755 1332 αὑτὸν
2778 1279 2948 1331 πᾶσαι
2974 1278 3030 1330 αἱ
3061 1277 3317 1346 δυνάμεις
3339 1272 3503 1328 αὐτοῦ
3518 1312 3535 1338 ,
3557 1272 3643 1326 διὰ
3662 1274 3749 1343 τῆς

2191 1374 2285 1429 τοῦ
2321 1371 2636 1444 Πνεῦματος
2680 1368 3001 1441 συνεργείας
3036 1366 3185 1439 (17)·
3229 1366 3341 1420 εἴτε
3388 1366 3749 1437 παρεστήκασι

2191 1467 2360 1540 χίλιαι
2391 1462 2625 1537 χιλιάδες
2657 1459 2926 1529 ἀγγέλων,
2959 1460 3054 1516 καὶ
3101 1458 3295 1534 μύριαι
3342 1457 3601 1529 μυριάδες
3642 1456 3746 1509 λει-

2192 1554 2564 1628 τουργούντων
2595 1549 2739 1622 (18),
2789 1552 2847 1605 ὲν
2874 1553 2942 1623 τῇ
2971 1549 3195 1620 δυνάμει
3229 1546 3324 1601 τοῦ
3358 1545 3672 1616 Πνεῦματος
3696 1544 3751 1597 τὸ

2191 1650 2389 1702 οἰκεῖον
2434 1645 2593 1719 ἔργον
2638 1644 2884 1719 άμώμως
2931 1638 3258 1695 ἐπιτελοῦσι.
3318 1639 3505 1693 Πᾶσαν
3537 1632 3631 1689 οὖν
3659 1635 3749 1705 τὴν

2195 1739 2582 1812 ὑπερουράνιον
2619 1737 2835 1806 ἐκείνην
2879 1733 2975 1787 καὶ
2997 1730 3236 1804 ἄρρητον
3273 1727 3559 1800 ἁρμονίαν,
3605 1724 3658 1777 ἓν
3694 1739 3748 1777 τε

2193 1831 2260 1900 τῇ
2298 1827 2608 1901 λειτουργίᾳ
2641 1826 2776 1882 Θεοῦ
2813 1824 2911 1879 καὶ
2933 1826 2998 1894 τῇ
3032 1821 3168 1894 πρὸς
3200 1818 3436 1890 ἀλλήλας
3464 1816 3574 1870 τῶν
3599 1816 3751 1884 ὑπερ-

509 1907 646 1973 Dei,
703 1914 816 1962 tum
896 1908 952 1962 in
1009 1908 1888 1983 ultramundanarumj\virtutum
1929 1908 2079 1977 |inter

2190 1920 2425 1992 κοσμίων
2464 1920 2740 1991 δυνάμεων
2774 1912 3082 1987 συμφωνία,
3128 1910 3387 1965 ἀδύνατον
3430 1907 3752 1979 φυλαχθῆναι

510 1998 658 2068 ipsas
683 1997 1044 2054 consonantia
1087 2013 1433 2069 nequaquam
1477 1997 1686 2055 servari
1721 2004 1938 2068 posset,
1972 1996 2083 2052 nisi

510 2098 770 2161 praeesset
818 2088 1077 2161 Spiritus.
1110 2089 1204 2147 Sic
1245 2091 1412 2163 igitur
1442 2090 1497 2144 in
1529 2090 1808 2147 creatione
1836 2088 1926 2153 iis,
1969 2102 2091 2159 quae

510 2195 622 2237 non
699 2180 1037 2252 proﬁciendo
1121 2181 1448 2254 perveniunt
1519 2181 1587 2237 ad
1651 2179 2043 2251 perfectionem
2070 2218 2086 2244 ,

513 2271 610 2329 sed
632 2273 702 2328 ab
732 2274 851 2344 ipsa
884 2273 1134 2343 protinus
1159 2272 1437 2329 creatione
1457 2270 1698 2343 perfecta
1727 2277 1858 2328 sunt
1881 2309 1898 2335 ,
1935 2268 2091 2325 adest

514 2361 752 2434 Spiritus
775 2374 1030 2430 sanctus;
1070 2363 1127 2419 in
1144 2364 1270 2427 hoc,
1306 2372 1364 2418 ut
1390 2362 1702 2433 perﬁciatur
1730 2360 2090 2430 compleatur-

510 2471 618 2525 que
665 2454 882 2510 illorum
938 2453 1283 2518 substantia,
1328 2452 1559 2524 gratiam
1583 2466 1739 2508 suam
1773 2448 2086 2507 conferens.

582 2544 673 2600 59.
737 2542 1007 2599 Caeterum
1076 2541 1516 2614 dispensationes
1589 2542 1739 2596 circa
1811 2539 2090 2594 hominem

510 2654 631 2707 quae
679 2635 839 2692 facta:
888 2643 1020 2691 sunt
1057 2651 1088 2689 a
1137 2649 1333 2706 magno
1380 2632 1511 2698 Deo,
1553 2641 1609 2690 et
1663 2633 1952 2688 Servatore
1985 2647 2087 2686 no-

512 2736 629 2783 stro
656 2726 787 2784 Jesu
819 2725 1040 2782 Christo
1081 2727 1241 2796 juxta
1289 2725 1589 2781 bonitatem
1627 2724 1773 2791 Dei,
1827 2725 1953 2795 quis
1992 2740 2091 2780 ne-

511 2819 662 2890 gabit
706 2835 805 2891 per
853 2819 1092 2890 Spiritus
1142 2818 1368 2891 gratiam
1405 2832 1528 2873 esse
1549 2817 1915 2887 adimpletas?
1965 2814 2090 2873 Sive

515 2912 658 2969 velis
706 2911 889 2983 prisca
938 2918 1209 2982 spectare,
1265 2907 1702 2981 patriarcharum
1751 2906 2089 2962 benedictio-

510 3020 645 3070 nes,
689 3003 953 3058 auxilium
1006 3016 1104 3072 per
1135 3001 1309 3073 legem
1355 3000 1564 3064 datum,
1600 2999 1819 3071 ﬁguras,
1854 3000 2089 3072 prophe-

511 3098 642 3164 tias,
674 3094 886 3150 fortiter
928 3094 983 3148 in
1028 3093 1188 3149 bellis
1217 3100 1388 3164 gesta,
1449 3092 1713 3147 miracula
1745 3107 1843 3163 per
1870 3100 2089 3149 sanctos

512 3187 660 3242 edita
692 3202 707 3238 :
740 3185 855 3240 sive
886 3199 1007 3256 qum
1049 3185 1197 3239 circa
1244 3182 1462 3237 Domini
1490 3183 1545 3238 in
1582 3196 1750 3237 carne
1794 3181 2088 3238 adventum

2192 2009 2289 2083 [ei]
2307 2010 2381 2083 μὴ
2400 2013 2463 2083 τῇ
2483 2009 2775 2081 ἐπιστασίᾳ
2798 2004 2893 2061 τοῦ
2916 2003 3252 2075 Πνεύματος.
3284 1998 3440 2053 Οὕτω
3468 1999 3567 2071 μὲν
3590 1992 3675 2051 οῦν
3701 1996 3753 2047 ἐν

2189 2100 2519 2172 δημιουργίᾳ
2547 2099 2779 2172 πάρεστι
2809 2095 2869 2150 τὸ
2902 2092 3126 2165 Πνεῦμα
3158 2090 3218 2145 τὸ
3250 2089 3403 2159 ἆγιον
3425 2091 3536 2152 τοῖς
3560 2089 3660 2141 οὐκ
3695 2087 3752 2138 ἐκ

2189 2186 2477 2258 προκοπῆς
2510 2184 2925 2257 τελειουμένοις,
2954 2182 3068 2238 ἀλλ’
3094 2182 3187 2236 ἀπ’
3213 2179 3383 2251 αὐτῆς
3409 2178 3507 2249 τῆς
3535 2176 3755 2237 κτίσεως

2189 2277 2353 2343 εὐθὺς
2378 2278 2624 2342 τελείοις,
2646 2279 2727 2342 είς
2749 2277 2841 2330 τὸν
2869 2272 3214 2346 ἀπαρτισμὸν
3246 2271 3344 2326 καὶ
3372 2270 3752 2341 συμπλήρωσιν

2187 2368 2287 2439 τῆς
2346 2368 2693 2432 ὑποστάσεως
2742 2365 2922 2421 αὐτῶν
2982 2364 3084 2435 τὴν
3150 2363 3283 2434 παρ’
3345 2359 3536 2414 ἑαυτοῦ
3607 2359 3753 2432 χάριν

2189 2460 2691 2531 συνεισφερόμενον.

2256 2550 2346 2608 59.
2383 2550 2494 2613 Τὰς
2531 2549 2589 2602 δὲ
2634 2546 2763 2619 περὶ
2804 2545 2897 2600 τὸν
2952 2542 3239 2616 ἄνθρωπον
3289 2536 3626 2609 οἰκονομίας.
3663 2533 3753 2599 τὰς

2192 2641 2300 2696 ὑπὸ
2343 2640 2438 2694 τοῦ
2475 2638 2710 2712 μεγάλου
2761 2635 2894 2690 Θεοῦ
2940 2635 3036 2689 καὶ
3082 2631 3335 2703 Σωτῆρος
3382 2627 3538 2699 ήμῶν
3592 2622 3763 2696 Ἰησοῦ

2192 2733 2431 2808 Χριστοῦ
2451 2733 2593 2788 κατά
2608 2731 2703 2804 τὴν
2721 2729 3031 2800 ἀγαθόν-ητα
3056 2725 3149 2780 τοῦ
3166 2722 3299 2778 Θεοῦ
3324 2721 3433 2793 (19)
3447 2718 3753 2791 γενομένας,

2197 2828 2282 2891 τίς
2310 2828 2525 2897 ἀντερεῖ
2557 2825 2631 2896 μὴ
2655 2824 2777 2894 οὐχ).
2814 2822 2902 2875 διὰ
2933 2821 3033 2890 τῆς
3065 2817 3160 2871 τοῦ
3201 2815 3515 2886 Πνεύματος
3542 2811 3755 2883 χάριτος

2190 2913 2629 2986 πεπληροῦεθαι;
2657 2912 2781 2965 Εἴτε
2821 2909 2998 2980 βούλει
3034 2907 3105 2961 τά
3135 2904 3341 2960 παλαιά
3380 2905 3635 2956 σκοπεῖν
3666 2899 3754 2962 τὰς

2189 3006 2301 3062 τῶν
2346 3002 2706 3077 πατριαρχῶν
2752 3000 3019 3069 εὐλογίας,
3060 2999 3159 3071 τὴν
3198 2998 3263 3049 ὲκ
3301 2995 3398 3067 τῆς
3447 2990 3756 3066 νομοθεσίας

2189 3098 2474 3170 δεδομένην
2510 3094 2783 3168 βοήθειαν,
2828 3094 2953 3157 τοὺς
2996 3089 3220 3154 τύπους,
3263 3085 3365 3150 τὰς
3402 3083 3754 3157 προφητείας,

2189 3192 2257 3249 τὰ
2283 3196 2340 3247 ὲν
2371 3191 2624 3264 πολέμοις
2658 3188 3145 3262 άνδραγαθήματα,
3177 3183 3248 3238 τὰ
3287 3182 3374 3237 διὰ
3402 3181 3509 3235 τῶν
3541 3179 3756 3235 δικαίων

513 3281 821 3352 dispensata
865 3287 994 3333 sunt
1026 3295 1039 3331 :
1073 3292 1169 3349 per
1199 3273 1464 3346 Spiritum
1511 3283 1665 3347 gesta
1697 3283 1846 3332 sunt.
1902 3272 2079 3329 Primo

2192 3287 2419 3356 σημεῖα’
2474 3282 2585 3336 εἴτε
2636 3283 2706 3336 τὰ
2753 3280 2881 3352 περὶ
2933 3279 3031 3350 τὴν
3087 3275 3351 3348 ἔνσαρκον
3404 3270 3499 3327 τοῦ
3553 3270 3755 3343 Κυρίου

509 3373 657 3431 enim
700 3370 876 3426 adfuit
925 3369 1029 3441 ipsi
1083 3369 1237 3423 carni
1299 3366 1537 3431 Domini,
1585 3368 1714 3422 dum
1762 3367 1940 3422 factus
1983 3382 2083 3421 un-

510 3466 642 3532 ctio,
706 3473 763 3518 et
823 3460 1266 3533 inseparabiliter
1309 3461 1678 3531 conjunctus,
1735 3461 1881 3517 sicut
1942 3462 2082 3517 scri-

510 3566 662 3629 ptum
701 3565 783 3612 est
816 3572 828 3607 :
866 3555 1033 3623 Super
1070 3569 1222 3626 quem
1252 3552 1445 3608 videris
1482 3552 1747 3621 Spiritum
1774 3553 2086 3608 descenden-

513 3660 636 3712 tem,
673 3657 722 3703 et
772 3656 1072 3703 manentem
1128 3662 1286 3715 super
1313 3662 1455 3709 eum,
1488 3644 1572 3699 hic
1623 3655 1702 3700 est
1729 3642 1907 3700 Filius
1938 3660 2082 3699 meus

509 3740 735 3794 dilectus
765 3739 846 3803 ⁶¹;
901 3746 991 3805 et,
1045 3735 1229 3791 Jesum
1284 3754 1318 3791 a
1373 3735 1671 3803 Nazaretlt,
1726 3752 1877 3808 quem
1930 3736 2084 3788 unxit

511 3832 653 3889 Deus
706 3831 910 3903 Spiritu
935 3840 1121 3887 sancto
1149 3832 1216 3885 ".
1262 3829 1526 3901 Deinceps
1572 3829 1753 3885 omnis
1779 3829 1923 3883 actio
1949 3844 2084 3898 prte-

511 3934 670 3983 sentc
731 3924 939 3995 Spiritu
1007 3923 1387 3995 peragebatur.
1442 3921 1541 3977 ilic
1599 3936 1842 3993 praesens
1896 3919 2085 3975 aderat

510 4030 638 4071 cum
693 4022 749 4068 et
787 4029 819 4067 a
868 4013 1086 4068 diabolo
1126 4020 1451 4069 tentaretur.
1493 4010 1763 4065 Deductus
1802 4018 1883 4063 est
1909 4010 2078 4072 enim,

510 4106 718 4177 inquit,
767 4103 927 4160 Iesus
967 4122 1001 4159 a
1052 4103 1257 4173 Spiritu
1308 4105 1364 4157 in
1404 4102 1667 4157 desertum
1699 4142 1714 4166 ,
1755 4111 1814 4155 ut
1854 4109 2083 4155 tentare-

514 4198 674 4253 tur”.
716 4195 854 4252 Tum
899 4194 1083 4251 edenti
1142 4194 1406 4249 miracula
1447 4195 1718 4249 indivulse
1756 4194 1969 4248 aderat.
2020 4190 2083 4247 Si

509 4292 649 4345 enim
685 4305 799 4360 ego,
838 4288 1041 4359 inquit,
1083 4288 1135 4340 in
1177 4285 1383 4355 Spiritu
1415 4284 1515 4340 Dei
1554 4286 1708 4356 ejicio
1744 4283 2078 4339 dwntonia”.

507 4382 621 4439 Nec
657 4381 898 4439 deseruit
929 4382 1227 4436 excitatum
1272 4393 1302 4432 a
1343 4379 1593 4435 mortuis.
1639 4378 1902 4433 Dominus
1934 4378 2079 4432 enim

510 4490 781 4531 renovans
814 4473 923 4546 34
942 4471 1243 4534 hominem,
1281 4471 1443 4541 eique
1476 4470 1673 4526 iterum
1702 4468 1934 4525 reddens
1954 4482 2078 4539 gra-

508 4571 678 4634 tiam,
738 4582 900 4639 quam
964 4583 1030 4623 ex
1083 4563 1261 4619 amatu
1303 4562 1400 4619 Dei
1453 4569 1733 4633 acceptam
1782 4561 2074 4624 amiserat,

2187 3376 2482 3449 παρουσίαν
2508 3372 2964 3445 οἱκονομηθέντα-
2997 3368 3086 3423 διὰ
3106 3366 3199 3421 τοῦ
3233 3365 3577 3436 Πνεύματος.
3608 3360 3758 3434 Πρῶ-

2182 3483 2273 3521 τον
2319 3466 2418 3537 μὲν
2467 3463 2574 3536 γὰρ
2628 3464 2766 3535 αὐτῇ
2819 3465 2887 3534 τῇ
2935 3460 3099 3531 σαρκὶ
3156 3456 3253 3511 τοῦ
3304 3455 3511 3528 Κυρίου
3580 3453 3755 3523 συνῆν,

2186 3558 2394 3631 χρίσμα
2436 3556 2747 3627 γενόμενον,
2797 3554 2893 3608 καὶ
2941 3551 3261 3624 ἀχωρίστως
3303 3546 3477 3620 παρὸν
3523 3544 3668 3600 κατὰ
3704 3543 3760 3596 τὸ

2183 3650 2585 3723 γεγραμμένονσ
2614 3649 2733 3718 Ἐφ’
2759 3646 2832 3701 ὃν
2857 3646 2935 3701 ἂν
2968 3644 3103 3715 ιδῃς
3129 3643 3197 3697 τὸ
3220 3640 3456 3710 Πνεῦμα
3489 3630 3737 3693 καταϐαῖ
3752 3676 3760 3685 -

2184 3758 2312 3806 νον,
2365 3742 2463 3796 καὶ
2502 3741 2693 3812 μένον
2728 3740 2821 3794 ἐπ’
2872 3737 3080 3803 αὑτὸν,
3126 3732 3304 3802 οὗτός
3350 3734 3521 3788 ἐστιν
3555 3735 3592 3786 ὁ
3636 3730 3760 3796 Υἱός

2177 3838 2345 3903 μουό
2375 3834 2683 3903 ἀγαπητός
2705 3850 2720 3865 ’
2756 3833 2870 3901 καὶ,
2920 3830 3166 3902 Ἰησοῦν
3198 3828 3307 3885 τόν
3337 3826 3456 3883 ἀπὸ
3477 3824 3759 3894 Ναζαρὲτ,

2184 3925 2255 3978 ὃν
2280 3924 2524 3994 ἔχρισεν
2545 3929 2577 3980 ό
2608 3925 2752 3993 Θεὸς
2782 3925 2862 3992 τῷ
2894 3924 3195 3993 Πνεύματι
3223 3920 3303 3987 τῷ
3329 3920 3494 3990 ἁγίῳ.
3534 3920 3762 3973 Ἔπειτα

2183 4017 2331 4070 πᾶσα
2377 4018 2626 4089 ἐνέργεια
2675 4017 3055 4088 συμπαρόντος
3088 4013 3184 4068 τοῦ
3234 4013 3554 4083 Πνεύματος
3601 4015 3759 4085 ἐνηρ-

2180 4111 2347 4176 γεῖτο.
2398 4110 2568 4163 Τοῦτο
2627 4111 2720 4165 καὶ
2779 4111 2885 4165 ὑπὸ
2936 4110 3028 4164 τοῦ
3083 4108 3331 4163 διαϐόλου
3382 4109 3760 4180 πειραζομένῳ

2181 4200 2381 4270 παρῆν.
2429 4200 2686 4269 Ἀνήχθη
2729 4202 2856 4276 γὰρ,
2907 4204 3092 4272 φησὶν,
3127 4206 3160 4257 ό
3227 4200 3455 4271 Ἰησοῦς
3490 4202 3613 4257 ὑπὸ
3656 4201 3757 4256 τοῦ

2180 4290 2525 4359 Πνεύματος
2596 4296 2685 4360 εὶς
2734 4293 2849 4362 τὴν
2895 4292 3118 4361 ἔρημον
3179 4292 3287 4346 τοῦ
3344 4290 3758 4361 πειρασθῆναι.

2179 4380 2290 4434 Καὶ
2307 4381 2611 4453 ἐνεργοῦντι
2634 4385 2729 4449 τὰς
2745 4384 3001 4455 δυνάμεις
3019 4384 3338 4457 ἀχωρίστως
3363 4385 3529 4455 συνῆν
3544 4385 3681 4457 (20).
3696 4386 3761 4437 ει

2178 4475 2291 4543 γὰρ
2327 4474 2477 4545 ἐγὼ,
2519 4478 2702 4548 φησὶν,
2733 4480 2802 4532 ἐν
2846 4476 3145 4546 Πνεύματι
3189 4476 3336 4531 Θεοῦ
3381 4477 3663 4532 ἐκϐάλλω
3694 4475 3761 4531 τὰ

2178 4564 2484 4635 δαιμόνια·
2536 4569 2630 4623 καὶ
2683 4572 2746 4624 ἐκ
2777 4570 2985 4640 νεκρῶν
3020 4568 3349 4631 ἀναστάντος
3395 4569 3495 4622 οὐκ
3542 4569 3762 4623 ἀπελεί-

509 4672 635 4713 cum
695 4638 1019 4727 inspirasset
1081 4654 1138 4708 in
1207 4652 1400 4708 faciem
1458 4651 1886 4722 discipulorum,
1948 4650 2079 4721 quid

2190 4671 2334 4708 πετο.
2394 4657 2781 4724 Ἀνακαινίζων
2831 4638 2939 4731 γάρ
2989 4658 3080 4712 τὸν
3122 4658 3405 4731 ἄνθρωπον
3453 4661 3482 4712 ό
3531 4661 3760 4732 Κύριος,

508 4748 629 4804 ait?
691 4747 920 4816 Accipite
984 4745 1242 4814 Spiritum
1299 4754 1559 4799 sanctum.
1639 4741 2079 4811 Quorumcunque

505 4840 816 4895 remiseritis
853 4850 1070 4909 peccata
1099 4879 1115 4903 ,
1156 4839 1499 4893 remittuntur
1532 4852 1552 4899 ;
1614 4845 1663 4889 et
1723 4850 2079 4904 quorumcun-

505 4951 603 5005 que
654 4932 979 4988 minueritis
1009 4972 1026 4996 ,
1064 4940 1270 4987 retenta
1305 4938 1429 4985 sunt
1455 4930 1523 4984 ".
1563 4926 1681 4982 Jam
1720 4942 1851 4982 vero
1891 4926 2079 4981 Eccle-

506 5025 602 5079 siae
641 5025 777 5079 ordo
833 5031 889 5079 et
956 5023 1282 5094 gubernatio
1349 5036 1531 5076 nonne
1599 5020 1778 5090 palam
1828 5027 1882 5075 et
1936 5017 2073 5073 citra

503 5139 753 5261 22⁶⁸ὲιέιι
798 5152 875 5202 γι,
913 5136 968 5192 5.
1044 5135 1089 5168 ⁸⁸
1122 5133 1281 5191 Joan.
1318 5151 1358 5198 ι,
1397 5134 1487 5189 55.
1596 5133 1639 5164 ⁸⁷
1679 5131 1804 5188 Act.
1847 5148 1902 5197 ι,
1943 5130 2033 5185 '58.

560 5358 684 5430 ’(16)
722 5360 818 5428 Μὴ
848 5358 1316 5430 παρόντοςηυυο
1343 5356 1501 5429 Regii
1539 5354 1756 5430 codices
1787 5370 1918 5430 cum
1941 5353 2070 5409 Col-

501 5426 767 5508 bet‘tL'ttil
784 5426 1287 5508 παρέχοντοςέβεε.
1311 5426 1537 5508 quartus
1570 5426 2065 5508 μῂσυμπαρόντος.

575 5495 694 5570 (Π)
720 5495 1093 5570 Σψέρῷὲίας.
1124 5495 1416 5555 Νοηίηξλιιο
1462 5500 1516 5554 in
1561 5495 2064 5570 ούίιὶεὲνεργείας.

506 5567 615 5627 Sed
647 5567 742 5626 sex
769 5567 1018 5625 codicum
1048 5567 1346 5627 auctoritas
1374 5567 1733 5640 prmierenda.
1781 5620 1787 5627 ,
1825 5637 1836 5640 _
1965 5603 1985 5623 .—

572 5641 685 5713 (18)
714 5643 1244 5713 Λειτουργούντων.
1275 5637 1421 5713 Editi
1446 5637 2068 5713 άρχαγγέλωνλειτουρτ

501 5707 724 5782 γοῦντες
769 5707 936 5781 αὐτῷ)
967 5707 1212 5767 Codices
1246 5721 1306 5782 ut
1358 5711 1415 5765 in
1446 5707 1725 5770 contextu,
1764 5708 1878 5782 nisi
1918 5707 2066 5777 qudd

502 5778 648 5838 unus
673 5784 828 5836 habet
854 5778 1222 5853 ἀρχαγγὲλων.
1263 5779 1391 5853 Non
1413 5782 1581 5853 multo
1613 5786 1738 5853 post
1760 5778 1955 5853 iisdem
1979 5794 2067 5832 co-

498 5853 714 5910 dicibus
746 5852 870 5908 freti
895 5847 1231 5909 inuia—vimus
1254 5851 1397 5908 (ιιιοά
1420 5868 1465 5908 ei
1480 5858 1536 5905 at
1561 5847 1629 5905 in»
1644 5849 1805 5906 editis
1829 5847 2066 5921 λειτουρ-

2182 4747 2277 4799 καὶ
2318 4748 2384 4818 ἢν
2441 4748 2689 4805 ἀπώλεσε
2741 4751 2901 4823 χάριν
2954 4752 3019 4804 ἐκ
3067 4749 3161 4803 τοῦ
3220 4751 3616 4823 ἐμφυσήματος
3669 4750 3760 4805 τοῦ

2180 4836 2349 4904 Θεοῦ,
2401 4840 2602 4912 ταύτην
2656 4841 2818 4895 πάλιν
2871 4841 3173 4907 ἀποδιδοὺς,
3226 4843 3549 4913 ἐμφυσήσεις
3601 4844 3686 4905 εἰς
3706 4842 3763 4895 τὸ

2184 4931 2466 5001 πρόσωπον
2497 4934 2607 4987 τῶν
2653 4933 2932 5006 μαθητῶν,
2963 4934 3015 4988 τί
3043 4951 3206 5006 φησι;
3251 4934 3472 4989 Λάϐετε
3510 4935 3764 5005 Πνεῦμα

2176 5019 2366 5089 ἅγιον.
2403 5025 2515 5081 "Ar
2529 5042 2708 5079 τινων
2729 5024 2842 5097 (21)
2862 5023 3053 5095 ἀφῆτε
3082 5025 3188 5090 τὰς
3217 5025 3527 5095 ἁμαρτίας,
3554 5027 3766 5095 ἀφίεν-

2146 5130 2193 5165 ⁶⁸
2231 5133 2420 5190 Matth.
2460 5154 2529 5200 tv.
2568 5138 2621 5192 1.
2699 5140 2743 5170 δ’
2783 5137 2973 5194 Matth.
3016 5154 3090 5192 xu
3118 5177 3133 5201 ,
3171 5136 3261 5192 28.
3353 5137 3401 5170 ”
3441 5135 3607 5191 Joan.
3657 5153 3762 5198 τι.

2171 5354 2834 5437 τιεεεειδημιουεγίοεις·

2222 5423 2367 5497 ,(19)
2392 5421 2699 5497 Tegeac-13'.
2735 5427 2957 5482 Addunt
2981 5427 3111 5483 editi
3154 5427 3248 5480 καὶ
3280 5426 3513 5497 Πατρός,
3558 5433 3619 5481 et
3665 5421 3763 5482 οῦν

2172 5496 2545 5575 θηρσί-βούλει,
2572 5504 2622 5575 et
2669 5498 2832 5575 paulo
2861 5507 2985 5569 post
3008 5498 3182 5575 iidem
3218 5496 3418 5551 habent
3453 5498 3765 5567 παρουσίαν

2171 5567 2265 5620 τοῦ
2291 5567 2548 5637 Χριστοῦ..
2575 5567 2804 5637 Codices
2837 5567 2969 5624 mss.
3004 5567 3071 5621 ιιι·
3100 5568 3156 5621 in
3187 5575 3463 5637 contextu.

2266 5635 2356 5708 ΞΟ)
2382 5635 2607 5703 Συνῆν.
2647 5635 2737 5691 Sic
2782 5655 2915 5708 mss.
2946 5638 3207 5692 codices:
3259 5636 3387 5692 editi
3433 5637 3761 5708 συμπαρῆν.

2265 5707 2357 5776 2i)
2396 5708 2509 5762 Ἀν
2550 5724 2746 5762 τινων.
2797 5707 2940 5762 Editi
2994 5710 3094 5761 ἐάν
3142 5723 3326 5769 τινων.
3364 5709 3524 5775 idque
3564 5709 3763 5762 statim

2171 5777 2445 5848 repetunt,
2476 5787 2531 5833 ct
2556 5780 2715 5848 paulo
2740 5788 2863 5849 post
2889 5778 3091 5833 habent
3119 5777 3174 5829 ai
3197 5777 3764 5850 Staxoepfjaszgevsp-

2172 5846 2412 5918 γοῦνταε.
2450 5846 2633 5905 Srcuti
2680 5846 2870 5917 sumus
2906 5850 2964 5904 iu
3016 5856 3273 5903 contextu
3320 5846 3462 5903 mss;
3504 5846 3759 5905 codices.
