3908 6552
466 474 568 529 145

1738 468 1795 526 S.
1836 468 2080 523 BASILll
2119 467 2333 523 MAGNI

3607 472 3694 525 iu

463 599 555 646 tur
572 632 587 657 ,
617 604 791 660 neque
816 605 874 643 tn
892 598 1077 643 morte
1101 589 1193 657 qui
1216 603 1426 643 memor
1449 588 1522 644 sit
1550 587 1648 644 Dei
1672 589 1742 656 ",
1772 602 1896 644 cum
1924 588 2036 658 jam

2157 585 2605 659 ἱποτμηθήσεται.
2664 585 2761 640 Διά
2817 585 2976 639 τοῦτο
3027 586 3127 639 οὐκ
3179 585 3324 638 ἔστιν
3361 587 3417 639 ἐν
3444 584 3523 656 τῷ
3552 587 3696 660 ᾇδῃό

463 696 575 737 non
624 681 769 737 adsit
814 681 1004 735 «sancti
1055 678 1293 751 Spiritus
1347 680 1699 750 adjutorium.
1758 679 2042 745 Quomodo

463 777 628 849 igitur
657 773 884 844 intelligi
911 782 1091 843 potest
1118 774 1325 842 absque
1351 770 1560 843 Spiritu
1588 777 1782 827 sancto
1810 772 1926 827 ﬁeri
1951 773 2043 843 ju-

463 865 690 928 dicium,
730 878 858 919 cum
895 864 1179 934 Scriptura
1215 862 1322 933 35
1356 860 1597 917 declaret
1632 861 1812 932 ipsum
1838 877 1961 917 esse
1989 871 2043 918 et

458 957 739 1026 justorum
765 955 1056 1026 praemium
1083 955 1151 1020 ⁷⁷,
1178 953 1399 1025 quando
1430 968 1530 1024 pro
1559 953 1863 1009 arrhabone
1890 954 2043 1009 exhi-

465 1048 680 1103 bebitur
714 1046 862 1119 quod
910 1046 1210 1116 perfectum
1249 1054 1370 1113 est;
1419 1055 1474 1101 et
1514 1046 1747 1117 primam
1793 1056 2045 1117 peccato-

464 1155 587 1194 rum
618 1139 1164 1203 condemnationem,
1198 1152 1324 1193 cum
1357 1152 1425 1193 eo
1454 1138 1620 1193 etiam
1651 1138 1798 1209 quod
1843 1138 2045 1194 habere

462 1231 739 1295 videntur,
780 1230 999 1300 spoliati
1036 1229 1282 1286 fuerint?
1325 1228 1501 1285 Porro
1544 1231 1842 1285 maximum
1881 1245 2047 1301 argu-

464 1329 708 1377 mentum
761 1321 1170 1392 conjunctiouis
1219 1322 1390 1388 illius,
1432 1337 1597 1394 quam
1642 1319 1875 1392 Spiritus
1919 1336 2044 1377 cum

464 1411 624 1467 Patre
649 1419 704 1468 et
744 1410 882 1467 Filio
911 1413 1108 1478 habet,
1144 1413 1279 1469 illud
1310 1423 1429 1479 est,
1457 1413 1605 1486 quod
1645 1412 1837 1469 eodem
1884 1413 2045 1469 modo

457 1503 670 1559 dicitur
698 1505 902 1561 habere
938 1521 997 1561 se
1031 1521 1158 1578 erga
1180 1505 1373 1571 Deum,
1396 1521 1506 1577 quo
1525 1521 1656 1578 erga
1684 1522 2045 1577 unumquem-

462 1612 573 1667 que
596 1605 845 1652 nostrum
872 1611 933 1652 se
961 1596 1125 1652 habet
1145 1596 1504 1668 spiritus,qui
1522 1604 1609 1654 est
1629 1598 1685 1653 in
1703 1597 1883 1653 nobis.
1912 1596 2043 1662 Quis

462 1689 624 1752 enim,
668 1688 876 1756 inquit,
911 1686 1179 1742 hominum
1208 1690 1348 1743 novit
1377 1706 1438 1743 ea
1468 1705 1585 1759 qua:
1630 1698 1750 1744 sunt
1782 1688 2040 1753 hominis,

467 1778 572 1831 nisi
597 1778 818 1846 spiritus
871 1778 963 1847 qui
1004 1787 1084 1831 est
1145 1779 1200 1832 in
1228 1779 1343 1849 ipso
1365 1782 1390 1834 Ξ)
1420 1777 1511 1833 Sic
1539 1788 1589 1833 et
1617 1796 1733 1850 qua:
1763 1777 1862 1832 Dei
1889 1787 2041 1843 sunt,

468 1884 616 1924 nemo
643 1869 816 1935 novit,
848 1869 954 1922 nisi
990 1868 1223 1938 Spiritus
1264 1871 1357 1941 qui
1385 1886 1451 1924 ea:
1491 1869 1599 1924 Deo
1627 1879 1705 1924 est
1739 1870 1805 1924 ⁷⁸.
1835 1868 1900 1921 Et
1932 1868 2046 1926 haec

472 1961 692 2035 quidem
716 1961 1003 2017 hactenus.

1035 2074 1264 2133 CAPUT
1316 2074 1482 2130 XVII.

468 2190 733 2246 Adversus
763 2204 850 2244 eos
885 2189 976 2259 qui
1010 2188 1197 2259 dicunt
1247 2204 1352 2240 non
1389 2188 1762 2259 connumerari
1795 2184 1965 2259 Patri
1986 2200 2048 2238 ac

541 2258 686 2316 Filio
714 2256 958 2314 sanctum
995 2257 1287 2327 Spiritum,
1318 2256 1408 2311 sed
1438 2257 1843 2311 subnumerari:
1877 2256 1966 2310 ubi
1997 2265 2047 2309 et

542 2331 606 2385 de
635 2331 725 2398 pia
753 2329 1216 2384 connumeratione
1253 2327 1577 2382 summarius
1615 2327 1739 2396 ﬁdei
1770 2329 2045 2381 decursus.

537 2509 628 2564 41.
669 2508 940 2563 Caeterum
973 2505 1513 2562 subnumerationem
1547 2504 1679 2576 quid
1708 2506 1915 2570 dicant,
1953 2514 2049 2561 aut

470 2601 526 2656 in
561 2599 722 2671 cujus
762 2598 842 2654 rei
875 2596 1331 2667 signiﬁcationem
1357 2610 1546 2652 vocem
1586 2596 1729 2652 hanc
1762 2606 2045 2668 usurpem,

471 2705 543 2745 ne
572 2688 818 2760 cogitare
853 2686 1074 2758 quidem
1103 2685 1265 2741 facile
1297 2694 1401 2741 est.
1440 2684 1577 2741 Nam
1604 2695 1671 2742 et
1707 2686 1851 2741 hanc
1888 2686 2049 2742 nobis

471 2799 504 2837 e
536 2780 721 2835 mundi
761 2779 1031 2850 sapientia
1065 2776 1238 2834 fuisse
1268 2777 1565 2843 invectam,
1597 2788 1790 2833 notum
1818 2788 1903 2833 est
1931 2792 2049 2832 om-

470 2872 637 2928 nibus
664 2880 719 2928 et
748 2880 1120 2943 perspectum.
1152 2871 1235 2925 An
1270 2885 1401 2925 vero
1433 2871 1671 2941 aliquam
1700 2871 1898 2925 habeat
1925 2885 2051 2941 pro-

470 2964 651 3033 priam
687 2962 961 3018 rationem
991 2962 1057 3017 ad
1096 2960 1150 3015 id
1183 2962 1329 3030 quod
1363 2978 1513 3017 nunc
1544 2963 1747 3033 agitur,
1782 2962 1886 3017 hoc
1916 2978 2048 3018 con-

470 3055 799 3111 sideremus.
837 3054 1007 3109 Aiunt
1045 3052 1213 3124 igitur
1247 3052 1341 3123 qui
1382 3068 1565 3108 rerum
1612 3053 1855 3109 inanium
1889 3056 2049 3124 periti

471 3156 623 3214 sunt,
657 3148 906 3219 quaedam
942 3147 1163 3202 nomina
1195 3162 1319 3202 esse
1341 3146 1677 3210 communia,
1709 3163 1941 3217 quorum
1968 3150 2050 3204 si-

471 3239 746 3312 gniﬁcatio
791 3239 962 3294 multa
1002 3239 1426 3311 complectitur:
1467 3241 1574 3294 alia
1603 3241 1776 3311 magis
1806 3241 2046 3311 propria,

470 3340 525 3389 et
557 3332 665 3388 alia
700 3332 824 3389 aliis
866 3332 976 3386 vim
1005 3332 1210 3387 habere
1250 3333 1426 3402 magis
1454 3333 1809 3403 peculiarem.
1848 3332 2046 3388 Exem-
2077 3316 2118 3372 ο

472 3426 548 3496 pli
577 3439 767 3487 causa.
801 3439 1095 3479 commune
1127 3438 1328 3478 nomen
1363 3432 1449 3481 est
1482 3425 1745 3489 essentia.
1779 3425 1927 3495 quod
1955 3440 2051 3497 pa—

471 3518 608 3573 riter
654 3516 723 3573 de
764 3516 1021 3572 omnibus
1064 3517 1425 3585 praedicatur,
1477 3516 1592 3573 sive
1640 3516 1900 3572 inanimis
1936 3517 2052 3572 sive

473 3610 752 3666 animatis.
779 3608 1120 3665 Peculiarius
1152 3617 1334 3664 autem
1359 3610 1587 3674 animal,
1620 3610 1768 3680 quod
1808 3610 1876 3665 de
1914 3626 2054 3681 pau-

472 3703 716 3760 cioribus
748 3699 968 3773 quidem
997 3700 1330 3772 praedicatur
1359 3715 1524 3771 quam
1569 3700 1703 3754 illud
1734 3700 1921 3771 prius,
1956 3700 2051 3757 sed

470 3804 657 3852 tamen
694 3793 814 3864 ejus
861 3792 1249 3864 contemplatio
1302 3794 1479 3865 magis
1519 3795 1848 3858 extenditur,
1888 3809 2051 3864 quam

473 3868 813 3957 eorum‘qua:
849 3884 929 3939 illi
975 3884 1227 3955 subjecta
1266 3896 1415 3939 sunt.
1448 3883 1602 3938 Nam'
1624 3884 1677 3939 in
1715 3900 1780 3940 eo
1811 3886 2052 3939 rationa-

478 3979 613 4033 lium
650 3978 815 4033 simul
862 3985 916 4033 et
965 3975 1369 4031 irrationalium
1406 3984 1603 4031 natura
1639 3977 2054 4047 comprehendi-

474 4079 585 4123 tur.
614 4064 854 4121 Rursum
881 4067 1055 4137 magis
1081 4067 1316 4137 speciale
1338 4081 1540 4121 nomen
1563 4074 1647 4122 est
1676 4067 1859 4130 homo,
1889 4081 2051 4137 quam

473 4158 711 4214 animal:
746 4157 875 4212 item
908 4157 994 4213 vir
1012 4157 1301 4227 specialius
1327 4164 1413 4215 est
1441 4173 1638 4213 nomen
1672 4174 1834 4228 quam
1865 4159 2049 4222 homo,

472 4258 529 4306 et
558 4250 677 4304 viro
710 4248 1009 4320 specialius
1033 4256 1117 4304 est
1149 4250 1239 4303 hic
1268 4256 1366 4304 aut
1404 4249 1495 4304 ille
1533 4250 1638 4316 vir,
1681 4261 1808 4320 puta
1838 4249 2051 4318 Petrus,

475 4349 570 4395 aut
595 4339 836 4406 Paulus,
871 4348 968 4394 aut
995 4337 1257 4395 Joannes.
1287 4339 1373 4394 An
1421 4340 1589 4412 igitur
1618 4340 1723 4395 hoc
1757 4341 2055 4397 subnume-

472 4434 743 4489 rationem
780 4447 905 4488 esse
947 4432 1230 4497 sentiunt,
1259 4433 1340 4488 rei
1379 4432 1692 4488 communis
1724 4433 1781 4488 in
1828 4448 1893 4490 ea
1934 4449 2055 4505 quae

474 4521 725 4593 subjecta
754 4530 884 4578 sunt
909 4521 1234 4578 divisionem
1259 4521 1283 4575 ?
1322 4520 1394 4576 At
1422 4538 1533 4576 non
1575 4523 1900 4579 crediderim
1932 4525 2054 4580 illos

2149 677 2656 749 ἐξομολογούμενος,
2694 677 2816 731 οὐδὲ
2852 679 2909 731 ἐν
2950 676 3027 748 τῷ
3070 677 3284 749 θανάτῳ
3309 680 3337 730 6
3367 679 3696 749 μνημονεύων

2148 768 2303 833 Θεοῦ,
2329 768 2509 822 οὐκέτι
2558 769 2657 839 τῆς
2691 768 2938 840 βοηθείας
2978 768 3071 822 τοῦ
3120 768 3434 839 Πνεύματος
3474 786 3699 843 συμπαρ-

2148 860 2334 932 ούσης.
2391 860 2515 925 Πῶς
2572 857 2663 914 οὖν
2714 859 2936 914 δυνατὸν
2986 860 3174 931 νοῆσαι
3212 861 3378 931 χωρὶς
3428 860 3520 914 τοῦ
3560 862 3698 929 ἁγίου

2150 951 2467 1022 Πνεύματος
2491 950 2858 1006 ἐπιτελεῖσθαι
2884 952 2982 1023 τὴν
3016 951 3217 1024 κρίσιν,
3252 953 3386 1006 ὅπου
3415 969 3477 1021 γε
3502 953 3531 1005 6
3562 952 3700 1022 λόγος

2148 1041 2438 1106 δείκνυσιν,
2469 1043 2551 1096 ὅτι
2582 1042 2713 1095 αὐτό
2729 1044 2844 1096 ἐστι
2863 1043 2956 1097 καὶ
2974 1042 3035 1096 τὸ
3060 1043 3167 1096 τῶν
3194 1041 3414 1096 δικαίων
3449 1041 3698 1113 βραϐεῖον,

2149 1135 2278 1187 ὅταν
2293 1133 2420 1187 ἀντὶ
2438 1132 2533 1187 τοῦ
2565 1133 2884 1207 ἀρῤαὸῶνος
2911 1133 3228 1206 παρασχεθῇ
3258 1135 3321 1188 τὸ
3351 1134 3555 1188 τέλειον
3575 1150 3588 1163 ·
3618 1135 3703 1187 καὶ

2150 1227 2184 1296 ἡ
2213 1224 2404 1298 πρώτη
2463 1224 2573 1281 τῶν
2618 1225 2955 1298 ἁμαρτωλῶν
2987 1226 3273 1296 καταδίκη,
3296 1226 3422 1279 ὅταν
3448 1225 3541 1279 καὶ
3570 1224 3597 1279 ὃ
3624 1225 3703 1279 δο-

2150 1316 2336 1369 κοῦσιν
2373 1315 2514 1386 ἔχειν
2555 1315 2928 1388 ἀφαιρεθῶσι;
2958 1316 3031 1369 Τὸ
3063 1315 3120 1368 δὲ
3146 1315 3399 1387 μέγιστον
3420 1318 3703 1387 τεκμήριον

2149 1410 2248 1480 τῆς
2274 1409 2409 1482 πρὸς
2435 1409 2652 1481 Πατέρα
2676 1411 2768 1464 καὶ
2797 1409 2924 1463 Υίὺν
2945 1409 3039 1463 τοῦ
3058 1409 3373 1479 Πνεύματος
3405 1407 3703 1477 συναφείας,

2150 1502 2231 1554 ὅτι
2253 1501 2424 1567 οὕτως
2442 1502 2587 1574 ἔχειν
2612 1502 2827 1571 λέγεται
2863 1502 2998 1572 πρὸς
3033 1503 3187 1567 Θεὸν,
3216 1502 3291 1566 ὼς
3329 1501 3466 1573 πρὸς
3492 1502 3706 1555 ἕκαστον

2151 1592 2261 1663 ἔχει
2300 1592 2361 1646 τὸ
2416 1593 2636 1664 πνεῦμα
2670 1595 2732 1648 τὸ
2764 1596 2821 1648 ἐν
2848 1595 2999 1665 ἡμῖν.
3051 1596 3146 1660 Τίς
3180 1594 3290 1664 γὰρ
3332 1589 3476 1659 οἶδε,
3533 1592 3703 1664 φησὶν,

2149 1681 2474 1752 ἀνθρώπων
2501 1683 2573 1737 τὰ
2595 1684 2701 1738 τοῦ
2729 1682 3068 1752 ἀνθρώπου,
3100 1683 3152 1737 εί
3178 1681 3265 1754 μὴ
3295 1681 3363 1736 τὸ
3396 1682 3626 1753 πνεῦμα
3648 1684 3704 1737 τὸ

2149 1774 2225 1827 ἐν·
2258 1775 2451 1841 αὑτῷ;
2479 1776 2641 1829 Οὕτω
2665 1776 2763 1830 καὶ
2788 1776 2860 1829 τὰ
2883 1775 2990 1829 τοῦ
3025 1776 3174 1830 Θεοῦ
3201 1774 3399 1840 οὐδεὶς
3426 1774 3701 1845 ἔγνωκεν,

2149 1867 2200 1919 εί
2222 1866 2398 1935 μὴτὸ
2430 1867 2671 1938 Πνεῦμα
2717 1868 2783 1920 τὸ
2828 1866 2896 1920 ἐκ
2940 1866 3045 1921 τοῦ
3077 1865 3246 1921 Θεοῦ.
3280 1866 3388 1919 Καὶ
3420 1866 3591 1919 ταῦτα
3616 1867 3706 1937 μὲν

2077 1956 2123 2015 Β
2150 1958 2230 2022 είς
2258 1958 2507 2014 τοσοῦτον

2663 2072 3057 2127 ΚΕΦΑΛΑΙΟΝ
3101 2074 3199 2128 ΙΖ’.

2148 2185 2313 2269 Πρὸς.
2354 2184 2497 2269 ἵεις
2528 2182 2834 2269 tum“:
2852 2182 2938 2266 μὴ
3003 2184 3489 2269 σιξηιξριίξμεῖσίίαι
3516 2185 3708 2269 ﬂevi

2221 2254 2465 2324 xalj'u;
2492 2254 2558 2307 τὸ
2580 2254 2751 2324 ἅγιον
2776 2255 3039 2324 Πνεῦμα,
3056 2255 3196 2310 ἀλλ’
3225 2255 3671 2323 ὑπαριθμεῒσθαι
3692 2273 3706 2285 ·

2217 2325 2287 2378 ἐν
2309 2317 2358 2390 ᾧ
2384 2317 2481 2378 xui
2495 2317 2752 2397 nepi'tﬁc
2769 2317 3062 2397 εὐσεϐοῦς
3095 2317 3590 2397 συναριθμήσεως
3607 2324 3707 2397 (26)

2218 2392 2628 2464 κεφαλαιώδὴς
2657 2393 2946 2463 ἐπιδρομὴ
2978 2393 3088 2464 τῆς
3116 2392 3396 2463 «loream.

2217 2507 2304 2563 Μ.
2338 2508 2448 2578 Τὴν
2464 2505 2521 2560 δὲ
2548 2506 2922 2578 ὐπαρίθμησιν
2947 2509 2979 2561 6
3008 2525 3061 2562 τι
3083 2509 3176 2562 καὶ
3207 2508 3445 2579 λέγουσι,
3463 2509 3561 2562 καὶ
3586 2508 3712 2563 κατά

2147 2600 2289 2664 τίνος
2323 2597 2716 2670 σημαινομένου
2747 2597 2845 2670 τὴν
2898 2594 3078 2672 φωνῆν
3106 2599 3307 2672 ταύτην
3326 2601 3571 2668 ἄγουσιν,
3602 2600 3712 2655 οὐδὲ

2149 2690 2429 2761 ἐπινοῆσαι
2470 2688 2670 2761 ῥᾴδιον.
2705 2690 2826 2743 Ὅτι
2884 2690 2981 2760 μὲν
3013 2689 3123 2763 γὰρ
3170 2691 3232 2745 ἐκ
3267 2691 3365 2760 τῆς
3392 2689 3485 2744 τοῦ
3513 2692 3711 2761 κόσμου

2151 2782 2341 2851 σοφίας
2395 2782 2489 2834 καὶ
2525 2780 2662 2851 αὐτὴ
2707 2782 2837 2852 ἡμῖν
2869 2780 3167 2853 ἐπεισήχθη
3224 2780 3356 2854 (27),
3392 2782 3559 2836 παντὶ
3586 2781 3715 2852 γνώ-

2153 2890 2308 2945 ριμον
2332 2887 2346 2902 °
2389 2874 2438 2925 εί
2469 2871 2526 2925 δὲ
2581 2872 2690 2943 ἔχει
2738 2871 2859 2925 τινὰ
2890 2875 3086 2927 οἰκεῖον
3120 2873 3276 2942 λόγον
3332 2873 3467 2946 πρὸς
3496 2872 3573 2927 τὰ
3595 2890 3715 2946 προ·

2150 2966 2407 3039 κείμενα,
2482 2964 2640 3020 τοῦτο
2709 2966 3150 3037 ἐπισκεψώμεθα.
3209 2968 3346 3021 Φασὶ
3412 2968 3597 3022 τοίνυν
3672 2969 3715 3020 oi

2148 3058 2308 3112 δεινοὶ
2332 3046 2406 3113 τά
2428 3058 2651 3130 μάταια,
2679 3059 2749 3113 τὰ
2783 3060 2882 3132 μὲν
2922 3057 3074 3113 κοινὰ
3112 3054 3249 3112 εἶναι
3283 3059 3391 3112 τῶν
3422 3061 3715 3130 ὀνομάτων,

2150 3149 2242 3203 καὶ
2287 3149 2380 3201 ἐπὶ
2424 3149 2557 3202 πολὺ
2579 3150 2787 3222 διήκειν
2832 3155 2951 3216 ταῖς
3006 3152 3333 3225 σημασίαιςσ
3374 3151 3443 3207 τά
3472 3152 3531 3206 δὲ
3559 3150 3720 3207 ίδικώ-

2140 3259 2319 3313 τερα·
2367 3243 2462 3296 καὶ
2501 3242 2634 3298 ἄλλα
2686 3244 2859 3298 ἄλλων
2910 3246 3280 3318 μερικωτέραν
3327 3246 3466 3317 ἔχειν
3496 3246 3600 3319 τὴν
3637 3244 3720 3298 δύ·-

2151 3352 2331 3406 ναμιν.
2382 3331 2505 3390 Οἶον
2527 3376 2542 3399 ,
2579 3341 2754 3391 κοινὸν
2787 3339 2883 3409 μὲν
2919 3339 3087 3410 ὄνομα
3115 3343 3147 3411 ἡ
3181 3340 3356 3406 οὐσία,
3388 3342 3558 3393 πᾶσιν
3609 3342 3721 3394 ἐπι-

2151 3425 2437 3499 λεγομένη,
2487 3429 2581 3482 καὶ
2610 3428 2836 3500 ἀψύχοις
2860 3432 2951 3485 καὶ
2976 3431 3237 3502 ἐμψύχοις
3270 3432 3467 3503 ὁμοίως
3486 3449 3499 3463 °
3553 3429 3721 3486 ἰδικώ-

2151 3534 2308 3590 τερον
2369 3520 2426 3572 es
2468 3520 2529 3573 τὸ
2583 3518 2719 3584 ζῶον
2746 3538 2758 3550 ·
2795 3522 2881 3574 ἐπ’
2910 3521 3127 3577 ἔλαττον
3180 3525 3277 3595 μὲν
3306 3525 3398 3578 τοῦ
3455 3525 3719 3597 προτέρου

2151 3611 2464 3683 λεγόμενον,
2502 3613 2593 3666 ἐπὶ
2624 3613 2784 3668 πλέον
2817 3614 2873 3667 δὲ
2903 3614 3011 3668 τῶν
3045 3617 3135 3669 ὑπ’
3172 3616 3302 3670 αὐτὸ
3330 3615 3718 3689 θεωρούμενον.

2151 3705 2262 3757 Καὶ
2312 3703 2420 3775 γάρ
2462 3705 2557 3758 καὶ
2605 3705 2837 3775 λογικῶν
2870 3705 2981 3777 (28)
3038 3707 3186 3779 αὐτῷ
3235 3709 3327 3762 καὶ
3362 3708 3577 3778 ἀλόγων
3629 3708 3723 3779 φύ-

2152 3809 2237 3857 σις
2291 3794 2695 3866 ἐμπεριέχεται.
2746 3796 2915 3850 Πάλιν
2966 3796 3271 3871 ίδικώτερόν
3299 3800 3413 3852 ἐστι
3455 3800 3553 3853 τοῦ
3588 3797 3719 3864 ζώου

2150 3885 2179 3937 6
2227 3883 2529 3955 ἄνθρωπος,
2580 3888 2674 3939 καὶ
2729 3886 2921 3940 τούτου
2954 3888 2983 3940 6
3014 3889 3174 3960 ἀνὴρ,
3225 3890 3319 3945 καὶ
3358 3890 3452 3943 τοῦ
3479 3891 3671 3963 ἀνδρὸς
3696 3892 3723 3945 6

2152 3976 2274 4029 καθ’
2324 3977 2571 4043 ἕκαστον,
2636 3980 2837 4051 Πέτρος
2885 3980 2917 4052 ἢ
2966 3981 3172 4046 Παῦλος
3207 3983 3239 4054 ἢ
3273 3984 3546 4053 Ἰωάννης.
3582 3980 3723 4055 ’Ἃρα

2151 4062 2242 4121 οὖν
2259 4068 2417 4121 τοῦτο
2440 4070 2616 4123 νοοῦσι
2632 4072 2730 4143 τὴν
2746 4071 3140 4144 ὑπαρίθμησιν,
3164 4073 3262 4146 τὴν
3288 4074 3382 4128 τοῦ
3409 4075 3592 4129 κοινοῦ
3614 4074 3719 4147 (29)

2152 4162 2230 4223 εἰς
2261 4160 2326 4213 τὰ
2353 4161 2731 4233 ὑπεσταλμένα
2761 4164 3023 4236 διαίρεσιν
3049 4182 3063 4232 ;
3104 4166 3239 4219 Ἀλλ’
3268 4168 3367 4221 οὐκ
3399 4167 3463 4221 ἂν
3504 4167 3723 4222 πιστεύ-

2154 4244 2315 4323 σαιμι
2356 4254 2437 4316 εἰς
2476 4253 2728 4308 τοσοῦτον
2780 4257 2976 4321 αὐτοὺς
3021 4258 3401 4330 παραπληξίας
3443 4259 3722 4327 ἐλαύνειν,

2153 4344 2291 4398 ὥστε
2318 4346 2481 4416 φάναι
2497 4345 2584 4399 τὸν
2603 4345 2734 4400 Θεὸν
2750 4348 2856 4401 τῶν
2885 4349 3039 4416 ὅλων,
3066 4349 3254 4423 ὥσπερ
3275 4352 3560 4423 κοινότητά
3581 4370 3721 4417 τινα,

2153 4436 2293 4507 λόγῳ
2334 4436 2481 4509 μόνῳ
2535 4437 2832 4511 θεωρητὴν,
2885 4442 2941 4494 ἐν
2988 4441 3213 4514 οὐδεμιᾷ
3250 4443 3306 4497 δὲ
3347 4444 3643 4498 ὑποστάσει
3668 4443 3725 4497 τὸ

2154 4523 2292 4584 εἶναι
2326 4530 2577 4601 ἔχουσαν,
2615 4533 2692 4597 είς
2718 4533 2788 4586 τὰ
2826 4534 3158 4607 ὑποκείμενα
3207 4536 3567 4609 διαιρεῖσθαι·
3609 4534 3725 4592 εἶτα

473 4613 544 4669 ad
582 4620 796 4668 tantum
840 4620 1120 4683 stuporem
1176 4613 1488 4679 devenisse,
1540 4622 1599 4668 ut
1644 4614 1831 4669 dicant
1880 4614 2048 4669 Deum

2157 4621 2253 4693 τὴν
2276 4623 2642 4695 ὑποδιαίρεσιν
2679 4624 2881 4698 ταύτην
2914 4628 3007 4680 καὶ
3050 4627 3421 4700 ὑπαρίθμησιν
3446 4628 3721 4699 λέγεσθαι.

475 4707 879 4774 universorum,
925 4704 1077 4761 velut
1122 4706 1573 4762 communitatem
1608 4707 1922 4778 quamdam,
1959 4721 2050 4762 ra~

471 4802 623 4858 tione
643 4802 762 4857 sola
790 4799 1193 4872 intelligibilem
1215 4840 1231 4865 ,
1259 4800 1413 4855 nulla
1440 4806 1623 4855 autem
1664 4802 1718 4855 in
1764 4800 2048 4872 bypostasi

474 4894 886 4959 subsistentem,
915 4892 973 4948 in
1004 4892 1255 4964 subjecta
1284 4892 1487 4947 dividi:
1521 4892 1717 4948 deinde
1744 4892 1885 4947 hanc
1917 4894 2049 4949 sub-

473 4986 797 5042 divisionem
858 4986 1030 5041 etiam
1094 4985 1637 5041 subnumerationem
1704 4984 1835 5040 dici.
1899 4984 2047 5041 lstud

473 5094 606 5134 sane
635 5094 702 5133 ne
732 5077 914 5133 insani
937 5077 1161 5147 quidem
1186 5077 1446 5133 dixerint.
1476 5077 1610 5131 Nam
1640 5089 1836 5147 praeter
1858 5078 2049 5148 impie-

471 5177 637 5226 tatem
677 5171 841 5225 etiam
887 5185 1201 5227 sermonem
1242 5172 1579 5234 instituunt,
1617 5186 1742 5226 mm
1798 5187 1863 5227 eo
1901 5172 2046 5243 quod

543 5324 589 5356 "
621 5324 766 5383 Psal.
799 5343 877 5391 Vl,
906 5327 960 5383 6.
1024 5327 1068 5360 "
1111 5325 1308 5382 lPetr.
1353 5344 1389 5392 I,
1426 5326 1512 5382 12.
1590 5327 1636 5358 ’⁸
1676 5326 1695 5379 1
1735 5326 1863 5382 Cor.
1891 5342 1949 5392 II,
1996 5329 2080 5386 Η.

545 5443 660 5516 (26)
688 5445 1226 5516 Συναριθμήσεωςη
1250 5443 1331 5499 lta
1367 5461 1501 5501 mss.
1545 5452 1680 5507 tres,
1712 5461 1851 5516 quos
1874 5461 1941 5501 eo
1980 5447 2050 5500 li-

473 5513 691 5588 behtius
730 5513 1032 5588 sequimur,
1084 5514 1231 5588 quo_d
1273 5516 1488 5588 vulgata
1523 5513 1824 5588 scriptu—ra”
1850 5517 2049 5588 ὑπαρι-

475 5583 731 5653 θμήσεως
763 5583 1078 5641 confutctur
1103 5583 1136 5639 a
1182 5583 1405 5649 Basilio,
1437 5583 1668 5656 ejusque
1707 5587 1916 5656 judicio
1948 5583 2053 5640 iiu-

474 5657 695 5726 pie_ta}is
725 5662 908 5709 notam
929 5656 1184 5726 relfltgere
1214 5672 1323 5710 non
1357 5658 1551 5726 possit.

547 5724 1078 5794 (ΞἸμἙπεισήχθηζ
1121 5725 1322 5792 Regius
1360 5724 1559 5781 tertius
1592 5735 1647 5781 et
1664 5727 1816 5782 Colb.
1864 5728 2026 5780 ὑπεισ

471 5793 639 5919 32:01}.
672 5792 846 5848 Paulo
878 5792 999 5865 post
1030 5792 1159 5849 editi
1194 5797 1243 5849 οἱ
1272 5796 1432 5850 δεινοὶ
1471 5799 1596 5869 περὶ
1652 5799 1719 5851 τὰ
1753 5798 1975 5867 μάταια,
1999 5805 2052 5849 et

544 5866 668 5919 inde
689 5865 1025 5919 εἰδικὼτεοα.
1057 5865 1162 5919 Sed
1193 5866 1305 5919 haec
1352 5872 1681 5919 mutavimus
1724 5868 2052 5919 auctoritate

544 5866 668 5921 inde
689 5865 1025 5937 εἰδικὼτερα.
1057 5865 1162 5920 Sed
1193 5866 1305 5920 haec
1352 5865 1681 5924 mutavimus
1724 5865 2052 5924 auctoritate

2157 4708 2235 4767 Ἦ
2277 4713 2435 4769 τοῦτο
2466 4716 2564 4788 μὲν
2611 4718 2716 4772 οὐδ’
2750 4718 2815 4772 ἂν
2845 4718 3280 4791 μελαγχολῶντες
3328 4724 3551 4779 εἴποιεν.
3583 4724 3729 4795 119k

2151 4803 2261 4877 γάρ
2292 4809 2355 4879 τῇ
2381 4808 2605 4880 ἀσεϐείᾳ
2648 4811 2740 4863 καὶ
2781 4811 2872 4864 τὸν
2920 4813 3156 4867 ἐναντίον
3200 4812 3355 4883 λόγον
3386 4815 3483 4886 τῆς
3520 4815 3729 4879 οἰκείας

2149 4897 2358 4951 ἑαυτῶν
2404 4901 2773 4971 προαιρέσεως
2814 4904 3298 4968 κατασκευάζουσι.
3330 4904 3408 4959 Τά
3458 4906 3569 4979 γάρ
3595 4908 3731 4960 ὑπο-

2147 4989 2500 5062 διαιρούμενα
2534 4993 2635 5064 τῆς
2695 4995 2864 5065 αὐτῆς
2926 4999 3071 5052 ἐστιν
3125 4999 3352 5063 ἐκείνοις
3398 4999 3507 5071 (50)
3537 5000 3730 5061 οὐσίας

2152 5082 2246 5150 ἀφ’
2285 5075 2359 5135 ὧν
2418 5082 2717 5155 διῄρηνται.
2758 5086 2895 5139 Ἀλλ’
2938 5088 3191 5159 ἐοίκαμεν
3246 5090 3332 5144 διά
3389 5090 3590 5163 πολλὴν
3632 5092 3733 5159 τῆς

2154 5174 2383 5238 ἀτοπίας
2413 5176 2697 5249 ἐνάργειαν
2727 5180 2950 5250 ἀπορεῖν
2980 5180 3171 5250 λόγων,
3194 5183 3286 5236 καὶ
3312 5184 3413 5236 οὑκ
3443 5183 3593 5254 ἔχειν
3616 5184 3734 5246 πῶς

2157 5445 2405 5500 codicum
2433 5461 2568 5501 mss.

2230 5515 2342 5583 (28)
2371 5517 2480 5587 Καὶ
2514 5513 2787 5585 λογικῶν.
2824 5514 3278 5587 Conjunctiouem
3322 5519 3641 5575 addidimus
3667 5534 3739 5576 ex

2159 5587 2333 5639 tribus
2364 5586 2666 5641 codicibus.

2234 5656 2342 5730 (:29)
2387 5655 2498 5730 Τοῦ
2525 5656 2922 5730 κοινοῦέίνιίθε.
2950 5659 3144 5713 tertius
3177 5658 3269 5713 τοῦ
3307 5658 3512 5730 ὁμοίου.

2231 5724 2341 5800 (50)
2385 5728 2689 5800 ῘΕκείνοις.
2714 5726 2804 5800 Sic
2828 5724 3024 5800 omnes,
3043 5730 3260 5786 codices
3293 5748 3305 5783 :
3336 5724 3465 5785 editi
3488 5730 3736 5800 ἐκείνης.

2160 5796 2281 5871 Mox
2319 5796 2595 5871 ἐνέργειαν
2632 5798 2683 5850 in
2718 5799 2880 5871 editis
2911 5799 3208 5871 etduobus
3249 5802 3487 5871 antiquis
3514 5796 3741 5853 codici-

2160 5868 2297 5933 bus;
2334 5870 2427 5923 sed
2461 5869 2628 5922 multo
2667 5869 2860 5924 melius
2894 5869 2984 5923 alii
3010 5878 3245 5941 quatuor
3268 5879 3325 5925 ut
3354 5868 3412 5926 in
3440 5879 3737 5925 contextu.
