3908 6540
250 382 346 436 ιιδ

1347 380 1547 437 LIBER
1588 381 1677 438 DE
1718 381 1993 439 SPIRITU
2041 380 2331 439 SANCTO.

3396 386 3496 441 146

242 496 335 565 τῆς
368 494 596 564 ἀλογίας
632 496 815 551 αὐτῶν
848 495 1206 567 καθαψάμεθα
1231 511 1245 524 ·
1289 495 1430 551 ὥστε
1472 497 1692 552 δοκοῦσί
1734 498 1823 569 μοί

1932 505 2238 568 proponunt
2268 503 2599 568 pugnantem
2627 515 2640 553 :
2675 497 2948 571 siquidem
2980 512 3101 567 quae
3134 497 3498 552 subdividnn-

241 603 290 639 τι
330 584 634 656 κερδαίνειν
676 586 829 658 παρά
866 586 963 659 τὴν
1010 586 1216 643 ἄνοιαν.
1272 588 1360 653 Ὠς
1399 576 1518 661 κγάρ
1575 590 1713 663 πρὸς
1748 588 1819 643 τὰ

244 673 458 743 μαλακά
514 677 610 729 καὶ
649 677 943 729 ὑπείκοντα
998 676 1106 729 τῶν
1161 676 1429 747 σωμάτων
1467 677 1601 747 ('51),
1629 676 1707 747 τῷ
1741 676 1816 748 μὴ

241 766 380 835 ἔχειν
396 766 728 838 ἀντέρεισιν,
756 769 857 822 οὑκ
879 768 994 822 ἐστι
1018 767 1271 837 γενναίαν
1293 767 1392 834 τὴν
1439 767 1646 840 πληγὴν
1668 770 1819 837 ἐνεγ-

240 860 349 911 κεῖν
368 873 384 887 ο
420 857 599 923 οὓτως
635 859 758 913 οὑδὲ
804 859 915 913 τῶν
957 859 1239 931 προδήλων
1282 861 1362 923 εἰς
1389 859 1577 914 ἄνοιαν
1596 860 1820 915 δυνατὸν

240 948 443 1022 ἐλέγχῳ
484 950 720 1023 νεανικῷ
752 950 1097 1005 καθικέσθαι.
1130 951 1391 1006 Λείπεται
1429 946 1525 1005 οὗν
1558 953 1737 1022 σιωπῇ
1758 953 1819 1006 τὸ

240 1041 524 1112 βδελυκτδν
585 1041 767 1095 αὐτῶν
818 1042 920 1112 τῆς
963 1041 1218 1106 ἀσεϐείας
1245 1041 1642 1113 παραδραμεῖν.
1682 1042 1820 1095 Ἀλλ’

239 1133 332 1185 οὐκ
370 1133 439 1202 ἑᾷ
486 1132 590 1203 τὴν
638 1129 872 1203 ἡσυχίαν
916 1131 1023 1184 τῶν
1056 1130 1302 1200 ἀδελφῶν
1334 1133 1367 1202 ή
1402 1131 1612 1202 ἀγάπη,
1646 1131 1740 1184 καὶ
1785 1133 1819 1203 ἡ

241 1223 481 1295 βαρύτης
503 1223 618 1278 τῶν
658 1223 939 1278 ἐναντίων.

1923 593 2033 649 tur,
2056 586 2300 656 ejusdem
2333 595 2462 643 sunt
2479 589 2755 655 essentia},
2785 588 2948 658 cujus
2971 599 3100 667 sunt
3126 589 3216 643 illa
3243 604 3272 643 a
3294 590 3498 660 quibus

1923 677 2257 732 dividuntur.
2287 675 2392 735 Sed
2415 679 2484 734 ob
2506 694 2760 750 magnam
2785 681 3140 738 absurditatis
3169 679 3498 736 evidentiam
3601 728 3607 733 .

1921 767 2172 822 videmur
2203 768 2450 823 oratione
2475 768 2737 835 destitui,
2767 787 2868 828 nec
2911 773 3114 828 habere
3142 771 3342 843 quibus
3373 786 3502 826 vcr-

1925 860 2010 916 bis
2070 860 2286 916 illorum
2339 861 2628 917 stultitiam
2691 864 3193 933 reprehendamus;
3249 862 3386 919 adeo
3436 871 3498 917 ut

1926 952 2059 1005 mihi
2089 953 2377 1009 vidcantur
2415 964 2633 1024 propter
2680 955 2972 1008 amentiam
3021 954 3227 1024 aliquid
3271 952 3498 1008 lucrifa—

1923 1060 2066 1100 cere.
2103 1043 2571 1111 Quemadmodum
2590 1047 2734 1102 enim
2762 1046 2815 1099 in
2840 1060 3070 1114 corpora
3095 1046 3277 1099 mollia
3299 1044 3500 1100 ceden—
3517 1093 3551 1131 ι,

1922 1138 2106 1208 tiaque
2133 1152 2243 1192 non
2277 1138 2459 1209 possis
2498 1139 2770 1209 egregiam
2797 1137 2908 1211 36
2936 1138 3146 1208 plagam
3177 1129 3529 1207 impingech

1924 1243 1991 1282 eo
2021 1229 2166 1298 quod
2192 1229 2458 1284 obsistere
2483 1239 2784 1301 contraque
2810 1230 2911 1285 niti
2928 1246 3035 1285 non
3057 1239 3292 1298 queant:
3318 1231 3389 1283 ita
3404 1243 3499 1282 eos

239 1319 324 1387 qui
355 1319 540 1386 palam
568 1317 859 1371 insaniunt
888 1334 999 1372 non
1040 1317 1222 1388 possis
1267 1316 1397 1373 forti
1435 1332 1501 1373 ac
1543 1317 1692 1373 virili
1733 1320 2120 1394 redargutione
2144 1325 2459 1393 percellere.
2523 1323 2788 1396 Superest
2844 1323 3013 1395 igitur
3068 1331 3128 1378 ut
3183 1323 3503 1379 abominan-

238 1412 356 1466 dam
396 1412 625 1466 illorum
663 1411 1001 1482 impietatem
1046 1412 1267 1468 silentio
1309 1420 1721 1483 praetereamus.
1757 1415 1823 1468 At
1860 1432 1970 1471 non
1998 1419 2204 1487 patitur
2228 1418 2394 1475 silere
2421 1434 2508 1475 me
2532 1434 2637 1477 nec
2663 1418 2895 1475 fratrum
2918 1417 3183 1484 charitas,
3242 1433 3346 1473 nec
3407 1415 3504 1470 ad-

238 1504 607 1559 versariorum
643 1502 986 1572 improbitas.

300 1594 393 1647 £2.
423 1593 468 1645 Τ
475 1594 491 1644 ί
524 1590 638 1662 γὰρ
666 1590 946 1660 λέγουσιν;
989 1591 1182 1665 Ὁρᾶτε
1196 1591 1375 1646 αὑτῶν
1394 1593 1492 1665 τῆς
1509 1592 1824 1660 ἀλαζονείας

235 1684 299 1737 τὰ
336 1684 586 1755 ῥήματα.
645 1681 837 1753 Ἡμεῖς
882 1686 993 1746 τοῖς
1047 1682 1150 1754 μὲν
1194 1684 1476 1755 ὁμοτίμοις
1504 1687 1688 1758 ,φαμὲν
1723 1688 1823 1758 τὴν

2002 1593 2092 1648 42.
2120 1593 2261 1659 Quid
2287 1593 2454 1664 igitur
2473 1593 2666 1650 dicunt
2685 1593 2708 1647 i
2728 1590 2921 1648 Videte
2938 1602 3144 1662 quanta
3164 1592 3240 1648 sit
3260 1593 3316 1648 in
3334 1592 3503 1653 dictis

1898 1736 1901 1737 ν
1928 1685 2147 1739 illorum
2179 1684 2512 1756 arrogantia.
2546 1683 2694 1749 Nos,
2727 1683 3017 1755 inquiunt,
3051 1682 3400 1753 proﬁtemur,
3431 1687 3500 1742 iis

242 1772 637 1845 συναρίθμησιν
661 1772 893 1845 πρέπειν
914 1792 925 1802 ·
954 1774 1065 1836 τοῖς
1089 1772 1145 1826 δὲ
1171 1773 1306 1844 πρὸς
1333 1773 1395 1827 τὸ
1424 1778 1603 1846 χεῖρον
1617 1777 1823 1848 παρηλ-

1932 1778 2022 1847 qui
2046 1776 2250 1830 honore
2270 1790 2430 1847 pares
2453 1772 2896 1833 suntconvenire
2914 1774 3454 1831 connumerationem
3482 1797 3496 1844 ;

236 1867 533 1936 ὴγμένοις
552 1864 652 1935 τὴν
681 1862 887 1935 ὑπαρίθ
896 1881 1080 1935 μησιν.
1103 1865 1215 1918 Καὶ
1228 1864 1387 1919 τοῦτο
1400 1866 1453 1919 τί
1474 1884 1603 1921 ποτε
1618 1867 1825 1936 λέγετε;

236 1960 304 2012 οὑ
338 1959 454 2029 γὰρ
488 1957 711 2028 συνίημι
733 1955 887 2026 ὑμῶν
908 1954 1006 2025 τῆς
1039 1955 1329 2009 ἀλλοκότου
1363 1958 1572 2026 σοφίας.
1594 1958 1826 2031 Πότερον

234 2052 308 2105 ὅτι
328 2050 542 2122 χρυσὸς
589 2049 687 2121 μὲν
727 2047 918 2119 χρυσῷ
955 2046 1386 2119 συναριθμεῖται.
1423 2050 1452 2102 ό
1479 2049 1536 2104 δὲ
1568 2050 1827 2120 μόλυϐδος

234 2144 419 2197 οὐκέτι
445 2143 550 2213 τῆς
574 2140 1023 2212 συναριθμήσεως
1037 2140 1205 2207 ἄξιος,
1226 2140 1363 2195 ἀλλά
1386 2141 1474 2196 διὰ
1492 2142 1553 2195 τὸ
1569 2143 1668 2214 τῆς
1694 2143 1825 2214 ὕλης

234 2233 433 2287 εὔωνον
475 2230 996 2301 ὑπαριθμηθήσεται
1048 2227 1131 2299 τῷ
1164 2229 1389 2301 χρυσῶ;
1426 2231 1536 2285 Καὶ
1560 2231 1826 2301 τοσαύτην

232 2325 461 2396 δύναμιν
523 2322 604 2393 τῷ
652 2320 874 2393 ἀριθμῷ
904 2307 1250 2395 μαρτυρεῖτε,
1282 2321 1358 2385 ὡς
1398 2321 1432 2394 ἣ
1460 2320 1569 2377 τῶν
1591 2320 1826 2376 εὐτελῶν

230 2420 325 2488 τὴν
367 2417 536 2483 ἀξίαν
569 2415 912 2488 ὑπεραίρειν,
969 2411 1139 2487 ἢτῶν
1194 2413 1578 2485 πολυτιμήτων
1617 2413 1729 2487 (52)
1763 2413 1826 2467 τὸ

233 2511 433 2581 σεμνὸν
486 2508 883 2574 καταϐάλλειν;
917 2505 1127 2581 Οὐκοῦν
1163 2505 1325 2562 πάλιν
1370 2506 1465 2560 καὶ
1500 2505 1592 2561 τὸν
1625 2505 1825 2577 χρυσὸν

229 2577 339 2664 toi;
369 2590 704 2672 βαρυτίμοις
759 2596 869 2651 τῶν
898 2595 1060 2650 λίθων
1093 2577 1519 2669 ὑπαριθμήσεις,
1553 2596 1824 2651 κάκείνων

230 2697 337 2758 τοῖς
379 2692 800 2764 εὑανθεστέροις
831 2691 926 2744 καὶ
956 2689 1164 2760 μείζοσι
1215 2690 1342 2753 τοὺς
1378 2688 1827 2760 ἀλαμπεστέρους

233 2787 321 2838 καὶ
372 2783 765 2855 μικροτέρους.
839 2780 999 2836 Ἀλλά
1043 2781 1097 2835 τί
1138 2781 1238 2836 οὑκ
1288 2779 1354 2834 ἂν
1398 2780 1602 2834 εἴποιεν
1649 2780 1700 2832 οἱ
1745 2781 1826 2842 είς

235 2875 402 2947 μηδὲν
464 2874 599 2929 ἀλλο
646 2871 1050 2944 εὑκαιροῦντες,
1098 2871 1131 2944 ἢ
1185 2870 1363 2940 λέγειν
1396 2888 1449 2924 τι
1484 2871 1577 2924 καὶ
1606 2869 1824 2924 ἀκούειν

234 2968 593 3037 καινότερον;
650 2964 1130 3036 ὐνομαζὲσθωσαν
1184 2964 1367 3017 λοιπὸν
1404 2962 1543 3034 μετά
1571 2963 1824 3017 Στωϊκῶν

134 3118 150 3137 ⁸
235 3061 323 3114 καὶ
387 3058 789 3130 Ἐπικουρείων
816 3059 867 3111 οἱ
912 3056 1268 3128 διαψηφισταὶ
1307 3055 1407 3127 τῆς
1431 3055 1703 3120 ἀσεϐείας.
1727 3056 1824 3117 Τίς

1927 1864 2149 1923 iis'vero
2176 1866 2272 1938 qui
2298 1866 2579 1921 inferioris
2600 1874 2728 1921 sunt
2751 1864 3109 1929 conditionis.
3136 1865 3501 1923 subnumera-

1926 1960 2155 2014 tionem.
2185 1957 2253 2012 Et
2296 1958 2445 2018 istud
2475 1973 2575 2013 cur
2607 1957 2827 2013 tandem
2857 1956 3084 2014 dicitis?
3122 1955 3314 2029 Neque
3352 1959 3500 2015 enim

1925 2050 2167 2121 intelligo
2205 2049 2499 2116 absurdam
2554 2055 2794 2103 vestram
2838 2046 3188 2118 sapientiam.
3217 2050 3304 2104 An
3351 2051 3498 2120 quod
3602 2116 3607 2119 _

1924 2160 2117 2199 aurum
2143 2158 2279 2199 auro
2301 2150 2750 2207 connumeratur,
2778 2140 3062 2211 plumbum
3088 2155 3219 2196 vero
3234 2155 3349 2197 non
3368 2141 3499 2197 item

1923 2237 2030 2292 erit
2072 2236 2296 2308 dignum
2344 2234 2486 2305 quod
2520 2240 2976 2299 connumeretur,
3007 2231 3105 2290 sed
3149 2233 3224 2289 ob
3256 2234 3502 2289 materiae

1925 2329 2184 2383 vilitatem
2206 2325 2691 2385 subnumerabitur
2726 2339 2861 2381 auro
2880 2324 2904 2378 ?
2920 2323 3100 2394 Atque
3135 2324 3299 2380 etiam
3319 2326 3502 2382 vimne

1924 2429 2131 2476 tantam
2175 2419 2414 2475 tribuitis
2454 2434 2721 2484 numero,
2773 2424 2833 2473 ut
2880 2416 2930 2474 is
2957 2414 3045 2473 vel
3083 2432 3267 2472 rerum
3310 2417 3499 2473 vilium

1925 2513 2157 2585 pretium
2189 2512 2439 2568 attollere
2462 2551 2477 2573 .
2514 2511 2601 2567 vel
2639 2510 3010 2583 pretiosarum
3039 2523 3225 2565 rerum
3265 2509 3503 2581 dignita-

1923 2615 2034 2663 tem
2063 2606 2302 2677 dejicere
2345 2606 2568 2660 valeat?
2602 2603 2748 2676 Ergo
2786 2615 2986 2659 rursus
3016 2614 3213 2656 aurum
3243 2600 3501 2670 pretiosis

1925 2697 2203 2769 lapidibus
2226 2696 2688 2762 subnumerabis;
2720 2701 2886 2764 atque
2912 2694 2967 2750 in
2990 2692 3079 2750 his
3101 2692 3258 2763 ipsis,
3284 2692 3504 2761 elegan-

1925 2787 2161 2844 tioribus
2191 2803 2256 2843 ac
2281 2788 2583 2857 majoribus
2618 2784 3044 2843 subnumerabis
3071 2784 3258 2840 minus
3284 2783 3501 2839 lucidos

1924 2893 1990 2933 ac
2020 2878 2280 2935 minores.
2313 2877 2422 2934 Sed
2449 2878 2580 2950 quid
2608 2894 2718 2934 non
2744 2877 2953 2942 dicant,
2984 2875 3079 2947 qui
3100 2876 3170 2932 ad
3193 2876 3331 2932 nibil
3351 2876 3501 2931 aliud

1923 2978 2141 3033 vacant.
2173 2970 2282 3027 nisi
2317 2978 2414 3025 aut
2439 2971 2506 3027 ad
2534 2970 2852 3036 dicendum,
2886 2975 2982 3025 aut
3021 2966 3355 3023 audiendum
3400 2970 3503 3022 ali-

1922 3064 2054 3136 quid
2096 3064 2267 3119 novi?
2299 3063 2538 3119 Posthac
2564 3079 2687 3120 cum
2739 3060 2940 3118 Stoicis
2986 3070 3042 3118 et
3073 3059 3368 3132 Epicureis
3395 3077 3502 3116 no-

234 3155 341 3223 γάρ
378 3153 450 3207 ἂν
481 3153 582 3206 καὶ
614 3152 826 3220 γένοιτο
880 3151 1016 3223 πρὸς
1036 3151 1104 3203 τὰ
1134 3148 1406 3219 πολύτιμα
1428 3148 1535 3201 τῶν
1574 3148 1823 3219 ἀτιμοτέ-

1932 3154 2203 3208 minentur
2231 3153 2325 3222 qui
2357 3152 2690 3222 impietatem
2719 3152 2854 3207 inita
2882 3152 3265 3222 subductaque
3288 3151 3502 3205 ratione

237 3264 341 3318 ρων
396 3249 433 3318 ἡ
482 3245 892 3317 ὑπαρίθμησις;
940 3245 996 3297 Ὀ
1050 3241 1283 3313 χαλκοῦς
1318 3240 1502 3304 ὀϐολὸς
1531 3239 1608 3311 τῷ
1637 3239 1823 3312 χρυσῷ

234 3338 469 3408 στατῆρι
517 3334 637 3398 πῶς
680 3332 1224 3406 ὑπαριθμηθήσεται;
1285 3332 1407 3384 Ὅτι
1454 3331 1515 3383 οὐ
1569 3329 1820 3401 λέγομεν,

235 3435 390 3500 φησι,
450 3427 549 3481 δύο
606 3426 905 3498 κεκτῆσθαι
951 3425 1294 3495 νομίσματα·
1350 3422 1465 3476 ἀλλ’
1504 3421 1562 3476 ἒν
1593 3422 1687 3477 καὶ
1738 3421 1819 3476 ἐν.

233 3524 478 3592 Πότερον
535 3515 629 3574 οὖν
655 3519 860 3573 τούτων
894 3518 1106 3590 ποτέρῳ
1152 3516 1571 3588 ὑπαριθμείται;
1615 3517 1823 3586 Ἐκφω-

232 3617 406 3665 νεῖται
438 3610 545 3681 μὲν
573 3610 683 3681 γὰρ
707 3608 910 3680 ὁμοίως
945 3607 1226 3677 ἑκάτερον.
1285 3604 1409 3659 Ἐὰν
1439 3600 1539 3676 μὲν
1575 3601 1668 3659 οὖν
1700 3603 1826 3658 καθ’

234 3703 396 3758 ἑαυτὸ
428 3702 544 3773 (35)
570 3701 801 3754 ἕκαστον
832 3698 1167 3770 ἀριθμήσῃς,
1221 3696 1513 3768 ὁμοτιμίαν
1562 3698 1734 3759 ποιεῖς
1767 3696 1824 3748 ἐν

233 3794 309 3865 τῷ
345 3795 531 3865 ὁμοίῳ
570 3793 759 3864 τρόπῳ
796 3793 894 3863 τῆς
926 3790 1274 3863 ἀριθμήσεως
1303 3789 1414 3861 (54)
1442 3806 1456 3818 ’
1484 3787 1580 3843 ἐὰν
1614 3789 1670 3842 δὲ
1697 3806 1825 3842 συν-

234 3887 381 3959 iam;
402 3884 570 3946 αὑτὰ,
608 3883 772 3937 πάλιν
798 3884 937 3946 ὲνοῖς
966 3882 1065 3954 τὴν
1093 3881 1269 3948 ἀξίαν,
1292 3879 1637 3952 συναριθμῶν
1665 3880 1827 3952 ἀλλή-

235 3978 347 4040 λοις
372 3976 686 4048 ἀμφότερα.
707 3976 770 4028 El
800 3975 857 4028 δὲ
884 3975 1021 4046 ὅπερ
1040 3972 1105 4027 ἂν
1119 3974 1369 4046 δεύτερον
1396 3971 1673 4045 ἀριθμηθῇ
1693 3971 1826 4043 ('55),

234 4069 399 4122 τοῦτο
430 4067 549 4133 ἕξει
576 4068 678 4139 τὴν
716 4065 1111 4138 ὑπαρίθμησιν,
1140 4067 1200 4120 ἐν
1224 4065 1301 4137 τῷ
1340 4062 1661 4137 ἀριθμοῢντί
1683 4066 1830 4118 ἐστιν

237 4162 345 4216 ἀπὸ
400 4160 500 4242 to?!
536 4157 740 4231 χαλκοῦ
778 4158 1113 4229 νομίσματος
1144 4158 1244 4229 τῆς
1282 4157 1634 4230 ἀριθμήσεως
1660 4156 1829 4229 ἀρξα-

240 4253 389 4307 σθαι.
434 4251 603 4306 Ἀλλά
644 4251 744 4321 τῆς
793 4249 1032 4321 ἀμαθίας
1060 4248 1151 4303 τὸν
1180 4248 1401 4319 ἔλεγχον
1443 4245 1827 4318 ὑπερθέμενοι,

238 4345 331 4397 ἐπὶ
362 4344 435 4396 τὰ
463 4342 759 4413 συνέχοντα
788 4340 882 4394 τὸν
917 4339 1073 4408 λόγον
1097 4337 1405 4410 τρέφωμεν.

1927 3242 2146 3297 docent.
2180 3243 2312 3309 Quae
2342 3258 2579 3314 namque
2619 3241 2702 3297 vel
2740 3243 2917 3312 possit
2965 3243 3080 3297 ticri
3124 3258 3307 3300 rerum
3343 3243 3497 3297 vilio-

1927 3346 2047 3387 rum
2082 3332 2149 3388 ad
2185 3333 2536 3402 pretiosiores
2565 3332 3027 3388 subnumeratio?
3054 3332 3257 3388 JEreus
3303 3332 3503 3388 obolus

1927 3438 2098 3480 aureo
2141 3425 2332 3479 stateri
2362 3423 2636 3494 quomodo
2683 3422 3207 3479 subnumerabitur?
3234 3421 3503 3488 Quoniam

1926 3530 2034 3570 non
2063 3516 2295 3571 dicimus
2317 3555 2332 3580 ,
2360 3515 2615 3586 inquiunt
2640 3553 2655 3577 ,
2686 3515 2798 3571 duo
2828 3514 3098 3586 possideri
3130 3514 3462 3569 numismata
3485 3552 3501 3577 ,

1925 3608 2019 3663 sed
2067 3623 2236 3661 unum
2276 3616 2331 3663 et
2358 3624 2548 3663 unum.
2584 3606 2777 3669 Utrum
2809 3607 2978 3677 igitur
3007 3605 3115 3669 utri
3142 3605 3338 3661 borum
3372 3605 3504 3661 sub-

1925 3700 2298 3757 numeratur?
2349 3699 2485 3754 Nam
2545 3706 2840 3768 utrumque
2893 3697 3149 3753 similiter
3202 3696 3500 3775 profertur.

1924 3789 2113 3861 Itaque
2147 3790 2193 3846 si
2240 3791 2496 3862 quodque
2526 3806 2623 3861 per
2654 3806 2714 3845 se
2741 3804 3021 3856 numeres,
3050 3788 3187 3845 facis
3206 3787 3505 3858 aequalita-

1926 3889 2038 3938 tem
2077 3883 2235 3954 pretii
2274 3882 2463 3938 eodem
2500 3881 2823 3938 numerandi
2870 3881 3067 3943 modo:
3097 3881 3182 3937 sin
3222 3887 3403 3936 autem
3438 3895 3503 3936 ea

1931 3974 2305 4046 conjunxeris,
2334 3990 2532 4030 rursus
2552 3987 2715 4029 unam
2743 3982 2799 4030 et
2825 3973 3074 4031 eamdem
3097 3971 3236 4028 facis
3265 3970 3503 4041 dignita-

1930 4074 2037 4122 tem
2061 4110 2076 4134 ,
2107 4074 2401 4135 utrumque
2431 4064 2587 4120 alteri
2616 4079 3048 4120 connumerans.
3080 4062 3238 4131 Quod
3264 4063 3310 4119 si
3340 4060 3502 4133 quid-

1929 4157 2059 4228 quid
2102 4156 2157 4212 in
2208 4155 2546 4212 numerando
2587 4156 2893 4227 posteriore
2939 4155 3063 4214 loco
3112 4155 3396 4227 posueris,
3446 4154 3502 4209 id

1931 4247 2150 4302 habebit
2174 4246 2738 4311 subnumerationem,
2770 4247 3084 4302 numeranti
3115 4247 3172 4301 iu
3216 4261 3381 4300 manu
3417 4252 3503 4300 est

1931 4338 1999 4395 ab
2028 4353 2171 4395 aereo
2219 4339 2549 4395 numismate
2596 4338 3032 4394 numerationem
3080 4338 3346 4410 incipere.
3395 4335 3504 4391 Sed

239 4436 536 4505 imperitia:
572 4431 1002 4488 confutationem
1036 4431 1093 4486 in
1137 4430 1285 4486 aliud
1349 4436 1564 4499 tempus
1630 4428 1972 4498 rejicientes,
2007 4432 2075 4487 ad
2139 4446 2203 4487 ea
2253 4447 2375 4502 quae
2419 4446 2534 4486 rem
2562 4445 2900 4501 causamque
2931 4435 3248 4499 continent,
3296 4429 3502 4485 oratio-

240 4543 365 4583 nem
384 4535 707 4580 'vertamus.

307 4620 407 4675 45.
439 4619 554 4673 Καὶ
572 4617 664 4671 τόν
686 4617 812 4672 Υίδν
848 4617 1268 4690 ὑπαριθμεῖσθαι
1296 4616 1374 4689 τῷ
1410 4614 1586 4688 Πατρὶ
1615 4614 1823 4683 λέγετε,

2001 4612 2090 4667 45.
2122 4609 2372 4665 Etiamne
2419 4609 2615 4673 Filium
2665 4609 2849 4665 dicitis
2891 4608 3275 4665 subnumerari
3329 4610 3496 4670 Patri.

241 4715 336 4768 καὶ
389 4712 451 4767 τὸ
496 4710 727 4783 Πνεῦμα
766 4709 843 4782 τῷ
880 4710 1015 4783 Υίῷ,
1043 4711 1077 4782 ἢ
1105 4709 1184 4782 τῷ
1231 4706 1508 4781 Πνεύματι
1559 4711 1701 4779 μόνῳ
1725 4705 1825 4779 τὴν

243 4803 627 4877 ὑπαρίθμησιν
662 4802 988 4875 ἀφορίζετε;
1039 4803 1103 4857 Εἰ
1137 4803 1235 4874 μὲν
1286 4801 1395 4874 γὰρ
1446 4801 1541 4854 καὶ
1579 4799 1671 4852 τὸν
1697 4797 1825 4851 Υίὸν

242 4898 635 4973 ὑπαριθμείτε,
684 4897 845 4952 πάλιν
882 4897 974 4952 τὸν
1027 4898 1190 4953 αὑτὸν
1240 4897 1399 4967 λόγον
1440 4896 1538 4967 τῆς
1572 4892 1829 4957 ἀσεϐείας

244 4990 649 5055 ἀνακαινίζετε,
684 4989 745 5043 τὸ
768 4988 1019 5061 ἀνόμοιον
1051 4990 1151 5062 τῆς
1192 4989 1400 5054 οὐσίας,
1434 4987 1533 5059 τὴν
1555 4985 1648 5040 τοῦ
1673 4984 1829 5052 ἀξιώο

248 5101 419 5154 ματος
475 5081 863 5153 ταπεινότητα,
910 5081 1010 5153 τὴν
1063 5083 1122 5135 ὲν
1179 5080 1390 5153 ὑστέρῳ
1442 5078 1678 5148 γένεσιν,
1734 5075 1832 5133 καὶ

245 5174 584 5241 ἁπαξαπλῶς
605 5172 787 5236 πάσας
828 5172 964 5243 ὁμοῦ
1005 5171 1100 5237 τὰς
1130 5175 1209 5238 είς
1237 5173 1326 5229 τὸν
1356 5170 1634 5243 Μονογενῆ
1664 5168 1826 5243 βλασ-

248 5268 462 5340 φημὶας
490 5266 560 5321 δι’
595 5265 714 5328 ἐνὸς
743 5264 933 5318 τούτου
962 5265 1204 5336 ῥήματος
1252 5262 1681 5328 ἀνακυκλῶντες
1709 5265 1824 5316 ἐπι-

244 5356 597 5430 δειχθήσεσθε
620 5373 635 5388 °
666 5352 749 5421 οἷς
768 5356 1068 5425 ἀντιλέγειν
1116 5356 1449 5429 μακρότερον
1485 5354 1520 5428 ἦ
1545 5354 1688 5411 κατὰ
1722 5354 1823 5426 τὴν

316 5514 431 5583 (Si)
474 5513 600 5568 Τῶν
629 5513 942 5583 σωμάτων.
967 5510 1186 5583 Desunt
1213 5511 1297 5567 hae
1346 5524 1509 5583 voces
1537 5510 1594 5565 in
1623 5509 1821 5583 pleris-

247 5579 356 5653 que
396 5579 876 5653 codicibusibio;
916 5582 1046 5637 editi
1087 5580 1560 5653 ἐπενεγκεῖν.8ει
1603 5579 1820 5653 codices

250 5649 312 5708 tit
350 5658 403 5709 in
428 5663 713 5710 contextu.
751 5652 948 5708 Iisdem
976 5652 1292 5723 auctoribus
1326 5652 1488 5723 paulo
1515 5658 1639 5722 post
1667 5649 1815 5706 dele-

250 5724 426 5780 vimus
456 5725 908 5792 coniunctionem
934 5731 1059 5778 ante
1083 5722 1350 5792 λέγουσιν.

327 5795 433 5867 ιε’)ὶ)
457 5789 908 5866 Πολυτιμήτων.
959 5789 1166 5864 Regius
1209 5800 1437 5864 quartus
1491 5789 1819 5862 πολυτίμων.

1930 4719 1994 4759 ac
2018 4702 2286 4774 Spiritum
2321 4701 2499 4769 Filio;
2531 4717 2601 4756 an
2624 4701 2729 4755 soli
2760 4698 2989 4771 Spiritui
3017 4701 3262 4757 tribuitis
3291 4702 3502 4759 subnu-

1929 4795 2327 4853 merationem?
2350 4794 2560 4850 Etenim
2588 4795 2635 4848 si
2663 4790 2861 4852 Filium
2887 4808 3108 4867 quoque
3140 4792 3502 4849 subnumera-

1931 4890 2027 4955 tis,
2061 4904 2258 4946 rursus
2284 4884 2530 4945 eamdem
2561 4884 2858 4957 impietatis
2888 4886 3503 4953 doctrinamjusiaurzs

1933 4984 2006 5041 tis
2029 5022 2046 5047 ,
2075 4979 2572 5045 dissimilitudinem
2603 4988 2861 5044 essentia:
2884 5028 2899 5051 ,
2925 4989 3215 5061 dignitatis
3234 4990 3505 5061 dejectio-

1930 5092 2079 5149 nem,
2100 5080 2436 5136 nativitatem
2456 5088 2700 5151 tempore
2716 5081 3097 5155 posteriorem,
3115 5081 3243 5139 etin
3263 5097 3502 5149 summa,

1930 5186 2125 5229 omnes
2151 5170 2313 5228 simul
2343 5170 2714 5242 blasphemias
2744 5170 2797 5226 in
2826 5168 3175 5240 Unigenitum
3202 5172 3370 5230 unico
3394 5172 3502 5230 isto

1925 5262 2095 5318 verbo
2122 5262 2403 5318 revolvere
2445 5260 2811 5317 ostendemini
2843 5281 2856 5315 :
2890 5258 3090 5331 quibus
3125 5263 3500 5320 contradicere

1925 5352 2193 5424 prolixius
2220 5360 2324 5419 est,
2363 5369 2526 5425 quam
2555 5368 2653 5423 pro
2680 5352 2933 5422 presenti
2969 5354 3242 5419 instituto,
3270 5370 3498 5425 praeser-

1999 5506 2122 5583 (33)_
2159 5508 2302 5583 Ἐὰν
2326 5503 2767 5583 μέλη
2796 5507 2994 5583 ἑαυτό.
3177 5519 3289 5583 tres
3348 5508 3495 5583 Regii

1927 5593 2050 5649 cum
2082 5576 2337 5633 Coihcrt.’
2360 5577 2503 5649 Editi
2541 5577 2678 5649 Ἀλλ’
2718 5576 2812 5631 ἐὰν
2845 5578 2942 5649 μὲν
2974 5578 3092 5632 καθ’
3120 5581 3329 5634 ἑαυτὸν.

2149 5646 2563 5722 ξΑριθμήσξ-ως.
2592 5647 2724 5719 Reg.
2751 5646 3025 5722 secundus
3048 5650 3491 5722 ὑπαριθμήσεως,

2000 5669 2108 5719 [04)
2167 5669 2563 5718 Λριυμησεως.
2596 5669 2724 5719 “eg.
2751 5669 3025 5704 δεουιιαιιε
3048 5669 3249 5722 υπαριῠ
3298 5669 3491 5721 ησεως,

2000 5719 2127 5793 (ᾇὸλ
2148 5716 2485 5793 ’Λριθμη-ᾂῇ.
2510 5716 2667 5773 Unus
2688 5734 2751 5775 ex
2775 5717 2957 5793 Regiis
2977 5669 3325 5793 ἀριθμηθείξ,
3357 5722 3497 5779 alius

1926 5784 2185 5861 ἀριθμῇς.
2210 5784 2343 5844 Mox
2378 5784 2509 5860 Reg.
2550 5799 2775 5861 quartus
2803 5784 3251 5863 ἁτΞαριομτῖσεώς.
