3908 6552
180 400 279 453 1ί9

1276 392 1477 449 LIBER
1517 392 1605 449 DE
1643 389 1917 447 SPIRITU
1958 386 2250 445 SANCTU.

3312 380 3426 437 150

176 514 279 568 τῶν
305 510 472 566 ἀλλων
497 511 563 563 ὲκ
595 508 696 578 τῆς
741 509 837 563 τοῦ
884 505 1120 581 ἀριθμοῦ
1148 506 1466 578 προσθήκης
1509 505 1735 560 ἀλλοιου¹

1855 518 1977 557 cum
2011 502 2159 557 nulla
2193 500 2300 555 alia
2328 514 2420 556 res
2445 500 2516 554 ob
2550 498 2763 553 numeri
2806 495 3183 552 accessionem
3230 494 3429 548 inimu-

173 601 351 674 μένου,
382 594 528 654 οὗτοι
554 600 651 651 ἐπὶ
677 598 779 668 τῆς
821 598 972 661 θείας
1011 596 1228 667 φύσεως
1263 594 1620 650 εὐλαϐοῦνται
1655 594 1747 646 τὸν

174 692 435 764 ἀριθμὸν,
493 691 570 761 μὴ
613 690 683 743 δι’
738 688 908 743 αὑτοῦ
955 688 1068 759 (40)
1116 690 1215 759 τῆς
1264 687 1619 758 ὀφειλομένης
1670 684 1747 756 τῷ

171 781 508 855 Παρακλήτῳ
563 782 735 852 τιμῆς
787 779 1068 851 ὑπερϐῶσι
1111 779 1174 833 τὸ
1222 780 1437 851 μέτρον.
1497 780 1658 844 ’Δλλ’,
1701 776 1748 835 ὦ

170 872 505 942 σεᾳῖιτατοι,
544 871 784 942 μάλιστα
841 871 939 941 μὲν
998 870 1139 937 ὑπὲρ
1191 870 1425 940 ἀριθμὸν
1480 869 1620 923 ἔστω
1677 870 1748 924 τὰ

168 964 427 1030 ἀνέφικτα
447 978 462 990 ·
493 960 573 1024 ὡς
598 962 632 1031 ἡ
660 960 869 1014 παλαιά
890 960 997 1013 τῶν
1018 958 1285 1030 Ἐϐραίων
1317 959 1570 1014 εὐλάϐεια
1595 960 1747 1026 ίδίοις

169 1053 411 1124 σημείοις
445 1053 509 1105 τὸ
548 1050 931 1123 ἀνεκφὼνητον
960 1051 1130 1122 ὄνομα
1163 1050 1257 1105 τοῦ
1284 1050 1418 1105 Θεοῦ
1460 1050 1748 1122 διεχάρασ-

169 1159 225 1195 σε
256 1142 389 1211 (ιι),
421 1143 521 1196 καὶ
559 1144 627 1196 ἐκ
654 1142 846 1196 τούτου
890 1142 988 1213 τὴν
1022 1142 1163 1196 κα.τά
1212 1143 1430 1196 πάντων
1470 1142 1745 1215 ὑπεροχὴν

169 1233 522 1305 παριστῶσα’
576 1236 628 1286 εί
677 1235 735 1287 δὲ
786 1234 894 1304 ἄρα
928 1235 1135 1288 δεῖκαὶ
1183 1233 1470 1304 ἀριθμεῖν,
1521 1235 1745 1304 μήτοιγε

168 1326 256 1378 καὶ
276 1326 335 1377 ἐν
364 1324 545 1395 τούτῳ
568 1329 902 1397 κακουργεῖν
929 1326 1028 1397 τὴν
1054 1326 1328 1397 ἀλήθειαν.
1350 1326 1421 1379 Ἥ
1439 1326 1548 1398 γὰρ
1569 1328 1744 1397 σιωπῇ

168 1414 412 1485 τιμάσθω
438 1415 510 1468 τὰ
540 1415 780 1488 ἄρρητα,
804 1416 838 1487 ἣ
864 1416 1102 1480 εὐσεϐῶς
1129 1417 1467 1489 ἀριθμείσθω
1497 1418 1565 1471 τὰ
1594 1417 1742 1485 ἅγια.

170 1502 255 1570 Εἷς
280 1506 413 1571 Θεὸς
442 1507 559 1577 (42)
604 1508 701 1560 καὶ
750 1508 960 1579 Πατὴρ,
1004 1509 1100 1561 καὶ
1132 1503 1214 1573 εἷς
1266 1509 1560 1580 μονογενὴς
1595 1509 1741 1573 Υἱὸς,

167 1597 255 1649 καὶ
281 1596 340 1648 ἓν
394 1595 626 1667 Πνεῦμα
682 1597 860 1665 ἆγιον.
909 1597 1177 1668 Ἐκάστην
1229 1598 1337 1652 τῶν
1390 1598 1744 1653 ,ὑποστάσεων

167 1685 412 1754 μοναχῶς
465 1684 904 1756 ἐξαγγέλλομεν
957 1686 1177 1740 ἐπειδὰν
1228 1687 1286 1740 δὲ
1345 1686 1743 1758 συναριθμῆσαι

162 1775 268 1847 δὲῃ,
291 1777 418 1846 οὐχὶ
446 1775 764 1847 ἀπαιδεύτῳ
801 1776 1093 1849 ἀριθμήσει
1146 1777 1283 1849 πρὸς
1327 1777 1618 1841 πολυθεῖας
1656 1778 1742 1832 ἐν-

164 1883 302 1921 νοιαν
334 1866 713 1937 ἐκφερόμεθα.

224 1956 314 2011 45.
347 1957 429 2009 Οὐ
469 1955 582 2027 γὰρ
626 1956 767 2009 κατὰ
814 1955 1063 2009 σύνθεσιν
1105 1954 1467 2027 ἀριθμοῦμεν,
1500 1957 1594 2026 ἀφ’
1623 1956 1741 2021 ἑνὸς

163 2046 237 2110 είς
267 2045 482 2116 πλῆθος
516 2045 833 2117 ποιούμενοι
885 2045 983 2117 τὴν
1023 2046 1388 2116 παραύξησιν,
1429 2045 1488 2100 ἓν
1523 2047 1618 2101 καὶ
1647 2046 1740 2100 δύο

158 2138 250 2192 καὶ
288 2138 422 2209 τρία
462 2137 742 2206 λέγοντες,
784 2137 904 2190 οὐδὲ
938 2136 1173 2208 πρῶτον,
1217 2137 1310 2190 καὶ
1342 2136 1612 2208 δεύτερον,
1646 2138 1739 2191 καὶ

160 2230 355 2302 τρίτον.
417 2228 567 2299 Ἐγὼ
618 2230 729 2299 γὰρ
771 2228 915 2294 Θεὸς
962 2226 1231 2296 πρῶτος,
1294 2228 1394 2281 καὶ
1447 2227 1563 2298 ἐγὼ
1590 2226 1739 2296 μετὰ

158 2321 357 2375 ταῦτα.
397 2320 668 2392 Δεύτερον
697 2320 754 2373 δὲ
802 2320 933 2372 Θεὸν
964 2319 1175 2372 ούδέπω
1199 2320 1294 2373 καὶ
1334 2321 1571 2391 τήμερον
1609 2319 1740 2389 ἀκη-

158 2410 390 2481 κόαμενυ
441 2411 579 2464 Θεὸν
633 2410 743 2482 γάρ
787 2414 852 2465 ἐκ
883 2410 1017 2464 Θεοῦ
1062 2410 1511 2483 προσκυνοῦντες,
1546 2412 1642 2466 καὶ
1677 2412 1739 2464 τὸ

157 2501 353 2565 ίειάξον
379 2499 492 2553 τῶν
542 2501 896 2554 ὑποστάσεων
926 2500 1319 2571 ὁμολογοῦμεν.
1352 2500 1447 2555 καὶ
1502 2501 1737 2572 μένομεν

156 2595 241 2646 ἐπὶ
281 2595 387 2663 τῆς
434 2592 774 2663 μοναρχίας,
806 2594 885 2655 εἰς
934 2592 1136 2663 πλῆθος
1185 2591 1583 2664 ἀπεσχισμένον
1623 2594 1735 2663 (45)

155 2685 244 2755 τὴν
270 2684 562 2754 θεολογίαν
605 2686 679 2757 μὴ
715 2685 1099 2750 σκεδαννύντες
1122 2728 1138 2752 ,
1171 2685 1259 2739 διὰ
1285 2686 1345 2740 τὸ
1380 2686 1507 2757 μίαν
1533 2689 1591 2741 ὲν
1619 2687 1737 2760 Θεῷ

156 2775 325 2847 Πατρὶ
360 2776 463 2829 καὶ
516 2776 638 2847 Θεῷ
686 2780 967 2847 μονογενεῑ
1008 2778 1108 2849 τὴν
1147 2779 1311 2832 οἱονεὶ
1350 2781 1562 2853 μορφὴν
1598 2778 1735 2834 θεω-

158 2866 389 2937 ρεῖσθαι,
433 2864 518 2936 τῷ
554 2866 963 2938 ἀπαραλλάκτῳ
1001 2868 1101 2939 τῆς
1129 2868 1378 2941 θεότητος
1417 2871 1737 2937 ὲνεικονιζο-

157 2957 316 3027 μένην
341 2957 483 3026 (44).
516 2958 645 3021 Υἱὸς
690 2956 800 3029 γὰρ
835 2958 891 3011 ὲν
931 2957 1009 3029 τῷ
1034 2959 1243 3032 Πατρὶ,
1288 2960 1385 3014 κα)⁵
1434 2961 1627 3034 Πατὴρ
1676 2964 1736 3017 ὲν

153 3046 224 3117 τῷ
254 3048 405 3117 Υἱᾷν
454 3048 647 3119 ἐπειδὴ
692 3050 788 3102 καὶ
839 3044 991 3113 οὗτος
1030 3049 1291 3117 τοιοῦτος,
1334 3047 1445 3117 οἷος
1503 3055 1731 3120 ἐκεῖνος,

154 3140 403 3201 κάκεῖνος
444 3132 675 3208 οἷόσπερ
701 3131 893 3203 οὗτος·
934 3138 1028 3193 κα)¹
1070 3141 1130 3193 ἐν
1169 3138 1345 3211 τούτῳ
1368 3141 1429 3193 τὸ
1467 3141 1547 3197 ἓν.
1571 3142 1731 3195 Ὥστε

1856 605 2019 658 tetur,
2051 598 2234 650 tamen
2269 595 2324 647 in
2357 593 2542 648 divina
2572 600 2770 646 natura
2815 582 3103 646 numerum
3155 595 3428 649 metuunt,

1856 703 1925 745 ne
1968 687 2178 744 scilicet
2218 701 2315 757 per
2352 700 2476 740 eum
2526 683 2753 739 honoris
2781 681 3069 736 Paracleto
3110 679 3276 734 debiti
3310 693 3430 730 mo—

1855 780 1985 833 dum
2030 777 2319 835 excedant.
2360 775 2489 843 Sed,
2519 791 2553 829 ο
2596 772 3019 847 sapientissimi,
3049 774 3165 829 sint
3192 771 3429 825 maxime

1854 886 2020 941 supra
2076 884 2399 933 numerum,
2459 883 2584 939 quae
2638 881 2748 920 non
2815 879 3108 934 possumus
3161 860 3424 930 assequi;

1855 961 2317 1031 quemadmodum
2363 959 2547 1029 prisca
2582 956 2933 1013 Hebraeorum
2972 953 3144 1023 pietas
3190 950 3424 1031 propriis

1855 1069 1920 1107 ac
1955 1052 2321 1123 peculiaribus
2356 1051 2506 1106 notis
2551 1047 2825 1104 ineﬂabile
2860 1045 2956 1100 Dei
2990 1058 3192 1099 nomen
3221 1034 3423 1098 ἐἰει-ε-

1855 1142 1967 1205 bat,
2001 1142 2129 1195 inde
2157 1141 2320 1196 etiam
2361 1140 2483 1209 ejus
2515 1153 2680 1208 supra
2714 1134 2902 1189 omnia
2944 1132 3297 1188 eminentiam
3327 1130 3426 1186 de-

1854 1235 2093 1287 clarans.
2124 1229 2281 1297 Quod
2313 1230 2361 1286 si
2399 1240 2454 1285 et
2498 1243 2762 1283 numerus
2810 1222 3153 1279 adhibendus
3191 1228 3297 1286 εει,
3326 1237 3421 1274 ne-

1851 1337 2123 1394 quaquam
2153 1329 2207 1377 et
2232 1335 2330 1392 per
2358 1335 2482 1378 eum
2512 1316 2857 1387 depravanda
2896 1312 3118 1367 veritas.
3147 1310 3254 1363 Aut
3275 1308 3419 1362 enim

1852 1417 2071 1472 silentio
2102 1417 2446 1470 bonorentur
2482 1409 2804 1470 ineli‘abilia,
2841 1414 2934 1461 aut
2955 1406 3042 1476 pie
3062 1411 3422 1458 numerentur

1850 1516 2063 1563 sancta.
2099 1506 2258 1562 Unus
2302 1505 2413 1575 38
2458 1502 2601 1557 Deus
2626 1509 2681 1557 et
2702 1500 2884 1565 Pater,
2919 1504 2975 1552 et
3001 1511 3146 1551 unus
3176 1493 3424 1564 unigeni-

1851 1610 1940 1654 tus
1978 1597 2175 1661 Filius,
2218 1605 2274 1652 et
2320 1610 2466 1650 unus
2495 1592 2738 1665 Spiritus
2769 1599 3018 1645 sanctus.
3048 1586 3423 1655 Unamquam-

1848 1706 1954 1761 que
1976 1689 2312 1760 bypostasim
2354 1685 2717 1757 singulariter
2744 1682 3022 1738 eiierimus
3047 1697 3063 1746 ;
3091 1692 3214 1732 cum
3244 1684 3421 1729 autem

1849 1795 2244 1840 conuumerare
2297 1795 2436 1850 opus
2488 1778 2675 1840 fuerit,
2727 1774 3151 1843 haudquaquam
3202 1769 3424 1823 indocte

1770 1878 1813 1933 Β
1844 1870 2186 1929 numerando
2212 1869 2279 1924 ad
2300 1868 2542 1940 plurium
2567 1866 2792 1922 deorum
2815 1861 3096 1918 notionem
3119 1858 3419 1916 eﬂ‘erimur.

1914 1963 2007 2018 45.
2060 1960 2249 2031 Neque
2287 1961 2434 2016 enim
2469 1958 2628 2027 juxta
2671 1954 3127 2026 compositionem
3157 1964 3422 2007 numera-

1845 2067 1991 2117 mus,
2022 2052 2091 2107 ab
2121 2065 2233 2106 uno
2276 2048 2346 2104 ad
2385 2048 2543 2120 plura
2599 2046 2860 2101 facientes
2897 2043 3320 2105 incrementum,
3359 2048 3420 2094 ut

1845 2143 2095 2199 dicamus
2133 2156 2327 2205 unum,
2368 2139 2501 2203 duo,
2544 2137 2671 2203 tria,
2711 2150 2889 2206 neque
2920 2134 3180 2204 primum,
3218 2146 3421 2188 secun-

1845 2234 1975 2290 dum
2030 2249 2095 2289 ac
2150 2236 2396 2287 tertium.
2441 2229 2557 2302 Ego
2606 2231 2745 2284 enim
2795 2227 2937 2282 Deus
2969 2227 3287 2296 primus,“
3323 2241 3418 2296 ego

1843 2336 1961 2393 post
2000 2325 2110 2381 [uec
2162 2325 2231 2378 ⁸¹.
2288 2322 2601 2379 Secundum
2657 2326 2841 2376 autem
2906 2318 3076 2374 Deum
3132 2332 3415 2387 nunquam

1846 2419 2112 2475 hactenus
2155 2416 2467 2472 audivimus
2514 2433 2529 2471 :
2583 2414 2785 2486 quippe
2824 2408 2997 2468 Deum
3025 2426 3093 2466 ex
3130 2410 3241 2466 Deo
3279 2410 3414 2465 ado-

1843 2521 2050 2575 rantes,
2075 2508 2238 2566 etiam
2263 2508 2653 2580 proprietatem
2682 2504 3002 2577 proﬁtemur
3023 2503 3411 2576 bypostaseon,

1843 2617 2235 2674 manemusque
2283 2602 2337 2657 in
2385 2614 2495 2657 uno
2544 2599 2877 2670 principatu,
2924 2613 3034 2652 non
3081 2596 3413 2668 dissipantes

1843 2693 2170 2763 theologiam
2200 2692 2255 2747 in
2282 2691 2515 2748 scissam
2543 2689 2970 2756 multitudinem,
2996 2703 3064 2743 eo
3084 2687 3231 2758 quod
3250 2701 3415 2741 unam

1843 2784 1899 2838 in
1928 2783 2038 2838 Deo
2068 2781 2232 2839 Patre
2276 2790 2333 2839 et
2367 2781 2480 2839 Deo
2513 2779 2805 2853 Unigenito
2846 2778 3101 2843 formam,
3141 2785 3201 2833 ut
3235 2778 3307 2833 ita
3341 2779 3416 2832 lo-

1841 2890 2013 2947 quar,
2045 2876 2502 2948 contemplamur,
2570 2873 2628 2928 in
2687 2888 2797 2928 una
2852 2881 2907 2928 et
2964 2873 3190 2929 omnino
3243 2870 3412 2926 simili

1841 2970 2041 3025 deitate
2078 2984 2414 3039 expressam.
2446 2966 2617 3022 Filius
2648 2968 2798 3023 enim
2829 2967 2886 3023 in
2916 2965 3099 3031 Patre,
3145 2974 3201 3020 et
3245 2964 3407 3020 Pater

1841 3062 1897 3116 in
1931 3058 2073 3115 Filio
2112 3079 2126 3115 :
2167 3058 2610 3130 quandoquidem
2660 3057 2752 3112 hic
2794 3056 2922 3111 talis
2953 3063 3059 3122 est,
3089 3054 3267 3126 qualis
3298 3054 3409 3119 ille,

1840 3164 1893 3206 et
1932 3152 2023 3208 ille
2054 3152 2233 3222 qualis
2267 3151 2395 3218 hic;
2429 3159 2592 3222 atque
2626 3148 2682 3204 in
2708 3149 2813 3204 hoc
2840 3163 3010 3204 unum
3040 3155 3189 3202 sunt.
3223 3143 3411 3215 itaque

152 3229 287 3283 ιατά
330 3230 438 3299 μὲν
484 3228 586 3299 τὴν
620 3229 857 3301 ἰδιότητα
902 3229 1010 3284 τῶν
1034 3231 1339 3303 προσώπων
1368 3228 1449 3297 εἷς
1487 3234 1582 3289 καὶ
1630 3228 1731 3299 εἷς,

1845 3244 1990 3311 iuxta
2054 3257 2412 3315 personarum
2469 3241 2899 3313 proprietatem,
2956 3254 3102 3294 unus
3162 3245 3292 3292 sunt
3351 3243 3407 3292 et
3473 3251 3478 3255 '

155 3321 286 3374 κατά
309 3321 373 3375 δὲ
399 3320 465 3373 τὸ
495 3320 675 3374 κοινὸν
708 3322 809 3395 τῆς
843 3322 1056 3391 φύσεως
1091 3323 1148 3376 ἓν
1180 3327 1228 3377 oi
1256 3326 1575 3397 ἀμφότεροι.
1608 3326 1732 3392 Πῶς

154 3407 257 3474 οὖν,
293 3410 461 3481 εἴπερ
491 3404 572 3474 εἷς
606 3411 701 3464 καὶ
733 3408 835 3475 εἷς,
878 3412 999 3482 οὐχὶ
1020 3412 1113 3465 δύο
1145 3413 1299 3478 Θεοί;
1327 3415 1449 3469 Ὅτι
1482 3414 1733 3485 βασιλεὺς

160 3503 374 3572 λέγεται
400 3504 501 3557 καὶ
522 3505 557 3573 ἡ
592 3502 687 3557 τοῦ
716 3503 991 3574 ’βασιλέως
1019 3506 1203 3569 εἰκὼν,
1234 3510 1327 3560 καὶ
1368 3509 1428 3562 ού
1455 3509 1550 3563 δύο
1579 3510 1733 3581 βασι-

154 3590 276 3654 kiq.
307 3590 458 3645 υῦτε
486 3589 602 3661 γάρ
629 3589 693 3643 τὸ
724 3591 926 3662 κράτος
961 3593 1222 3663 σχίζεται,
1256 3593 1379 3648 οὔτε
1406 3597 1440 3666 ἠ
1468 3596 1594 3663 δόξα
1620 3597 1733 3652 δια-

159 3682 435 3756 μεῴζεται
463 3681 602 3754 (45).
644 3682 734 3746 Ὠς
756 3682 864 3754 γὰρ
890 3685 923 3754 ἡ
957 3684 1229 3755 κρατοῦσα
1260 3686 1414 3758 ἡμῶν
1457 3688 1599 3760 ἀρχὴ
1637 3690 1732 3742 καὶ

156 3775 423 3844 iiiis-nia.
453 3774 577 3845 μία,
609 3772 753 3828 οῦτω
781 3775 877 3829 καὶ
901 3777 934 3844 ή
963 3777 1093 3846 παρ’
1122 3775 1279 3846 ἡμῶν
1305 3776 1580 3847 δοξολογία
1611 3779 1729 3849 μία,

157 3869 239 3921 καὶ
264 3869 328 3921 οῦ
362 3866 562 3920 πολλαί
583 3884 596 3895 ⁸
630 3868 764 3921 διότι
795 3870 827 3933 ἠ
855 3869 955 3939 τῆς
989 3868 1197 3932 εἰκόνος
1218 3868 1350 3940 τιμὴ
1379 3870 1471 3922 ἐπὶ
1505 3870 1565 3924 τὸ
1594 3887 1735 3940 πρω-

154 3963 378 4016 τότυπον
416 3962 715 4015 διαϐαίνει.
750 3964 814 4015 ’Ὀ
841 3957 931 4015 οὖν
967 3964 1113 4016 ἐστιν
1144 3963 1377 4017 ἐνταῦθα
1423 3964 1732 4035 μιμητικῶς

156 4058 187 4124 ᾗ
209 4055 396 4117 εἰκὼν,
426 4055 595 4107 τοῦτο
619 4056 738 4108 ἐκεῖ
765 4053 1007 4123 φυσικῶς
1034 4057 1063 4109 ὁ
1106 4055 1253 4119 Υἱός.
1294 4056 1402 4109 Καὶ
1426 4055 1615 4128 ὥσπερ
1644 4059 1737 4111 ἐπὶ

156 4144 253 4197 τῶν
291 4145 566 4216 τεχνικῶν
607 4144 716 4216 (46)
767 4145 912 4199 κατὰ
956 4146 1053 4216 τὴν
1104 4148 1317 4218 μορφὴν
1360 4148 1394 4217 ἡ
1451 4148 1732 4219 ὁμοίωσις,

155 4233 318 4302 οὕτως
355 4238 453 4290 ἐπὶ
505 4240 606 4308 τῆς
652 4236 803 4301 θείας
833 4236 925 4291 καὶ
972 4236 1269 4290 ἀσυνθέτου
1316 4237 1531 4306 φύσεως
1562 4240 1621 4292 ὲν
1664 4244 1732 4313 τῇ

155 4328 406 4398 κοινωνίᾳ.
431 4326 537 4396 τῆς
569 4326 821 4398 θεότητός
852 4329 997 4380 ἐστιν
1031 4326 1065 4397 ὴ
1100 4327 1313 4394 ἔνωσις.
1349 4329 1443 4381 Ἕν
1464 4327 1520 4382 δὲ
1551 4330 1645 4382 καὶ
1674 4330 1735 4382 τὸ

155 4422 296 4490 ἅγιον
320 4422 578 4493 Πνεῦμα,
615 4423 710 4476 καί
754 4423 883 4476 αὐτὸ
914 4421 1219 4493 μοναδικῶς
1252 4423 1730 4499 ἐξαγγελλόμενον,

242 4587 285 4618 ⁸⁸
322 4586 434 4640 lsa.
483 4600 630 4647 ειη,
686 4582 741 4637 6.

217 4741 331 4811 (ιο)
363 4741 447 4793 Δι’
472 4738 682 4811 αὐτοῦ.
718 4736 851 4811 Reg.
881 4748 1110 4811 quartus
1143 4738 1231 4791 διὰ
1253 4739 1462 4811 τούτρυ.

217 4808 329 4879 (Ml
361 4808 761 4879 Διεχάρασσε.
812 4808 1122 4877 Legcndum
1144 4818 1329 4879 putat
1364 4808 1727 4879 Combeiisius

154 4883 208 4934 οὐ
236 4877 596 4951 alapam,
629 4896 733 4951 non
762 4879 1039 4951 exarabat,
1066 4877 1192 4947 quia
1222 4879 1475 4934 videlicet
1504 4877 1608 4951 ρει
1628 4895 1727 4933 ηο-

156 4952 277 5003 mini
307 4947 549 5021 propria:
576 4950 846 5003 motiones
875 4948 1125 5018 ascriptze
1153 4965 1263 5004 non
1293 4957 1469 5004 erant.
1500 4947 1613 5021 Sed
1639 4965 1729 5005 re-

188 5020 390 5089 ugnant.
420 5020 639 5075 omnes
688 5033 845 5089 mssi,
874 5034 986 5089 nec,
1021 5020 1329 5075 necessaria
1390 5020 1723 5089 conjectura.

191 5087 444 5161 erspicua
488 5096 576 5144 est
612 5090 758 5144 enim
806 5087 993 5161 Basilii
1040 5090 1339 5157 sententia,
1389 5088 1497 5161 Dei
1525 5105 1725 5161 nomen

155 5160 291 5229 apud
327 5162 612 5225 llebrazos,
655 5174 771 5230 non
818 5166 879 5214 ut
918 5160 1022 5213 alia
1055 5161 1298 5226 nomina,
1331 5160 1423 5216 sed
1457 5160 1724 5230 singulari

153 5233 383 5299 quadam
418 5232 636 5299 ratione
668 5229 835 5284 scribi
871 5230 1068 5284 solere.

218 5301 333 5368 (Β)
368 5297 475 5368 Εἷς
507 5298 797 5367 Θεός.Ηίε
834 5300 1025 5371 incipit
1057 5310 1223 5370 caput
1258 5300 1324 5355 18
1356 5300 1409 5355 in
1449 5299 1724 5372 plerisque

155 5374 453 5427 codicibus.

221 5442 332 5507 (.55)
374 5439 868 5509 Ἀπεσχισμένον.
923 5438 1017 5495 Sic
1063 5440 1190 5497 libri
1221 5446 1453 5504 veteres,
1505 5457 1612 5497 non
1661 5451 1723 5496 ut

155 5511 280 5582 editi
314 5512 734 5582 ὑπεσχισμένον.

224 5581 335 5645 (Η)
370 5579 935 5648 Ἐκὲικονιζομένηη
966 5579 1058 5636 Sic
1084 5590 1323 5650 quatuor
1342 5581 1580 5637 codices.
1605 5581 1725 5636 Edi-

160 5650 223 5723 ti,
246 5650 374 5723 Reg.
402 5652 687 5707 secundus
716 5661 772 5705 et
802 5651 1043 5723 secunda
1079 5666 1244 5723 uianu
1279 5652 1520 5707 Colbcrt.
1542 5652 1722 5723 swCo-

165 5720 345 5789 μένην,
394 5724 623 5776 unitum.
679 5721 982 5776 Cornarius
1034 5731 1088 5775 et
1138 5722 1418 5778 Scultetus
1469 5721 1724 5778 videntur

165 5788 346 5862 legisse
360 5793 776 5866 ἐνιζανομένην·
806 5792 885 5847 sic
908 5790 1050 5847 enim
1084 5792 1337 5858 reddunt,
1378 5795 1723 5862 imperatum-

1836 3350 2025 3401 unus;
2068 3342 2125 3388 ιιι
2158 3333 2315 3403 juxta
2356 3347 2701 3389 communem
2734 3340 3009 3397 naturam,
3053 3348 3220 3387 unum
3256 3339 3405 3388 sunt.

1837 3422 2119 3489 Quomodo
2162 3422 2351 3492 igitur,
2392 3422 2440 3478 si
2480 3437 2625 3477 unus
2659 3431 2716 3477 et
2756 3438 2901 3478 unus
2943 3431 3093 3486 sunt,
3121 3438 3231 3478 non
3276 3430 3408 3477 sunt

1836 3515 1945 3569 duo
1974 3513 2101 3567 Dii?
2129 3511 2397 3580 Quoniam
2430 3528 2526 3568 rex
2560 3514 2762 3569 dicitur
2790 3521 2845 3571 ct
2885 3514 3030 3585 regis
3056 3516 3254 3585 imago,
3297 3529 3409 3568 non

1837 3612 2016 3658 autem
2062 3602 2172 3657 duo
2216 3618 2394 3673 reges.
2432 3601 2623 3674 Neque
2661 3604 2807 3659 enim
2838 3612 3083 3674 potestas
3116 3603 3406 3668 scinditur,

1841 3709 2016 3763 neque
2040 3693 2214 3764 gloria
2251 3693 2536 3750 dividitur.
2569 3692 3040 3760 Quemadmodum
3067 3694 3213 3750 enim
3251 3695 3403 3764 prin-

1838 3784 2051 3853 cipatus
2087 3799 2151 3838 ac
2180 3792 2423 3856 potestas
2472 3785 2631 3840 nobis
2677 3785 2970 3841 dominans
3003 3800 3110 3839 una
3142 3793 3229 3840 est
3261 3804 3274 3840 :
3326 3785 3407 3840 sic

1837 3881 1890 3929 et
1939 3873 2263 3946 gloriﬁcatio
2308 3888 2471 3944 quam
2524 3874 2604 3929 illi
2646 3873 2944 3930 deferimus
2986 3890 3094 3930 una
3144 3886 3248 3940 est,
3294 3891 3405 3930 non

1840 3967 2023 4021 multa:
2056 3983 2070 4031 ;
2119 3982 2243 4021 nam
2280 3966 2537 4038 imaginis
2565 3966 2743 4023 bonor
2770 3967 2837 4023 ad
2864 3969 3145 4039 exemplar
3176 3968 3400 4024 transit.

1833 4057 1990 4125 Quod
2037 4058 2203 4130 igitur
2242 4058 2334 4113 hic
2380 4068 2467 4115 est
2514 4074 2613 4129 per
2652 4059 3017 4115 imitationem
3068 4060 3267 4132 imago,
3303 4062 3407 4115 hoc

1836 4149 1946 4203 illic
1980 4158 2176 4205 natura
2218 4147 2412 4204 Filius.
2458 4148 2524 4204 Et
2557 4150 3015 4221 quemadmodum
3066 4154 3121 4207 in
3172 4151 3240 4208 iis
3284 4150 3409 4223 qum

1833 4250 1949 4297 arte
1984 4240 2138 4306 ﬁunt,
2169 4243 2473 4298 similitudo
2501 4251 2586 4298 est
2627 4244 2927 4300 secundum
2979 4245 3211 4301 formam
3259 4264 3275 4313 ;
3330 4247 3405 4300 ita

1837 4336 1891 4390 in
1942 4336 2129 4392 divina
2174 4339 2647 4411 incompositaque
2686 4350 2906 4407 natura,
2936 4342 2992 4396 in
3023 4343 3407 4397 communione

1834 4427 2053 4485 deitatis
2096 4439 2181 4485 est
2214 4431 2369 4486 unio.
2406 4427 2560 4486 Unus
2588 4439 2769 4485 autem
2800 4440 2885 4487 est
2915 4439 2970 4486 et
2997 4430 3239 4501 Spiritus
3275 4448 3406 4489 sau-

1760 4742 1803 4797 D
1832 4738 1926 4793 bili
1960 4738 2157 4792 Deitati
2183 4737 2513 4792 insidentem.

1902 4808 2013 4880 (45)
2042 4805 2467 4893 Διαμεριζετᾳιε
2503 4805 2640 4893 gres
2660 4806 2911 4893 “codices
2955 4809 3281 4893 pepiCazat.

1832 4874 2004 4951 etiam
2024 4874 2188 4951 paulo
2215 4874 2342 4951 post
2369 4879 2424 4932 in
2452 4878 2645 4951 tribus
2660 4874 2846 4951 Regiis
2870 4874 3159 4951 codicibus
3174 4884 3245 4951 et
3264 4877 3399 4931 edit.

1832 4948 1997 5006 Basil.
2025 4945 2330 5003 ’ἀναϐαίνει
2380 4963 2479 5018 pro
2523 4945 2809 5018 διαϐαίνει.
2865 4949 3132 5005 Observat
3170 4945 3402 5002 Ducmus

1831 5022 2076 5076 codicem
2128 5017 2489 5088 Anglicanum
2538 5017 2741 5073 habere
2786 5019 3073 5083 διαϐαίνει,
3119 5027 3285 5088 atque
3328 5017 3400 5070 ita

1831 5090 2132 5161 etiamylegi
2165 5086 2238 5161 in
2256 5088 2483 5161 synodo
2515 5088 2767 5161 septima,
2798 5098 2903 5145 act.
2944 5092 2998 5154 5,
3039 5097 3094 5145 et
3131 5086 3205 5144 in
3229 5086 3403 5161 Syrio-

1831 5161 1957 5216 dico
1996 5157 2269 5231 Theodori
2300 5157 2625 5231 patriarchae
2655 5158 3179 5231 Hierosolymorum,
3212 5157 3401 5231 p.454

1832 5231 1963 5285 edit.
1995 5229 2274 5293 Romanae,
2306 5231 2394 5283 ubi
2443 5229 2558 5284 luec
2587 5229 2769 5283 Basilii
2810 5229 3080 5287 sententia
3121 5230 3396 5283 laudatur.

1830 5301 2133 5355 Conﬁrmat
2180 5300 2426 5355 eamdem
2470 5302 2807 5370 scripturam
2838 5304 2924 5358 vir
2951 5301 3397 5370 doctissimusrx

1834 5372 1975 5426 libro
2004 5370 2231 5426 Adriani
2263 5385 2416 5442 papa:
2455 5369 2533 5425 De
2560 5369 2896 5441 imaginibus,
2939 5388 3061 5442 cap.
3097 5372 3148 5436 8,
3184 5387 3236 5441 p.
3274 5369 3395 5442 liii,

1835 5442 1926 5496 ubi
1954 5442 2156 5515 citatur
2184 5441 2316 5495 illud
2351 5440 2555 5515 Basilii,
2579 5440 2717 5513 quod
2746 5444 2990 5515 imaginis
3012 5440 3265 5497 'lionor’iu
3284 5440 3399 5509 pri-

1834 5529 1975 5566 mam
2010 5512 2237 5579 formam
2266 5512 2481 5567 transit.

1904 5582 2019 5655 (ιϐ)
2054 5581 2372 5655 Τεχνικῶν.
2417 5579 2561 5655 Haec
2584 5580 2876 5655 scriptura,
2910 5583 3016 5638 etsi
3046 5583 3099 5638 in
3133 5596 3242 5655 uno
3274 5588 3399 5655 tan-

1832 5649 1947 5706 tum
1973 5649 2245 5723 reperitur
2276 5650 2410 5723 Reg.
2435 5651 2621 5723 tertio,
2659 5649 2818 5723 longe
2849 5664 3027 5710 tamen
3060 5649 3395 5723 praeferenda

1831 5718 2064 5793 vulgata}
2106 5718 2389 5793 τεχνιτῶνῖ
2434 5719 2638 5778 Ibidem
2686 5718 2816 5785 editi
2846 5723 2987 5780 οὓτω
3026 5718 3118 5777 καὶ
3147 5721 3257 5778 ἐπί.
3286 5718 3396 5777 C0-

1832 5794 1980 5849 diccs
2011 5808 2143 5853 mss.
2181 5800 2241 5851 ut
2272 5794 2325 5850 in
2361 5800 2650 5859 contextu.
