3908 6560
202 411 305 468 153
1322 409 1520 464 LIBER
1563 410 1649 462 DE
1687 409 1745 463 Sl

1893 410 1960 466 [Ἣ
1995 412 2279 469 SANCTO.
3333 416 3436 472 154

203 524 332 596 πρὸς
370 522 591 592 Πατέρα
632 523 728 574 καὶ
775 522 905 574 re.»
944 521 1255 585 κοινωνίας,
1287 525 1380 575 καὶ
1421 523 1507 576 διὰ
1544 526 1641 593 τῆς
1676 524 1746 576 τοί

1891 532 1923 576 rt
1968 525 2156 579 iterum
2198 522 2508 595 glori/icabo
2539 522 2586 556 ⁸⁷
2642 542 2656 577 :
2701 522 2782 579 sic
2828 522 3166 594 gloriﬁcatur
3202 522 3434 593 Spiritus

196 614 524 681 Ηονογενοῦς
592 613 919 684 μαρτυρίας,
973 613 1253 681 λέγοντος·
1304 614 1478 669 Πᾶσα
1516 615 1739 683 ἁμαρτία

1892 631 1969 672 )er
1997 617 2340 671 consortium
2371 615 2518 686 quod
2552 614 2716 671 habet
2759 631 2886 671 cum
2916 613 3077 670 Patre
3100 622 3154 670 et
3194 614 3352 674 Filio.
3382 624 3435 671 et

193 708 289 761 καὶ
328 707 700 774 ,ϐλασφημία
761 705 1126 775 ἀφεθήσεται
1175 704 1318 775 ὑμῖν
1344 706 1487 775 ⁴τοῖς
1542 706 1736 775 ἀνθρώ

1891 722 1966 761 »ει-
2011 706 2291 778 Unigeniti
2337 706 2746 770 testimonium,
2779 707 3017 762 dicentis
3056 725 3069 762 :
3108 706 3275 764 Omne
3319 722 3434 770 pec-

189 795 351 864 ποις-ξ
364 799 403 866 ἠ
422 797 493 850 δὲ
530 797 637 851 τοῦ
657 798 1001 866 Πνεύματος
1030 798 1394 867 ,ϐλασφημία
1413 800 1522 852 οὐκ
1539 797 1730 866 cisset???

1891 808 2045 852 'atum
2070 807 2119 852 et
2142 798 2464 868 blasphemia
2486 800 2780 854 remittetur
2798 797 2941 852 uobis
2992 797 3311 864 hominibus,
3344 797 3434 853 sed

188 907 373 945 σεται.
1810 949 1817 957 ⁸
1866 888 1920 942 in
1953 887 2215 956 Spiritum
2249 888 2577 959 blasphemia
2605 906 2709 944 non
2740 890 3032 943 remittetur
3067 888 3135 944 “.

252 985 340 1037 47.
377 984 600 1055 Ἐπειδὴ
627 983 686 1037 δὲ
706 984 795 1037 διὰ
824 983 1105 1055 δυνάμεως
1126 985 1459 1055 φωτιστικῆς
1478 984 1557 1055 τῷ
1579 985 1763 1039 κάλλει

1931 980 2023 1035 47.
2069 980 2209 1036 Cum
2244 989 2425 1036 autem
2474 996 2573 1051 per
2612 982 2722 1036 vim
2770 980 3214 1035 illuminatricem
3251 979 3430 1034 inten-

183 1080 283 1145 τῆς
313 1073 406 1126 τοῦ
428 1074 570 1127 Θεοῦ
600 1073 696 1127 τοῦ
736 1074 969 1145 ἀοράτου
1001 1073 1204 1137 εἰκόνος
1243 1075 1636 1146 ὲνατενίζομεν,
1668 1094 1726 1129 κο

1887 1068 2045 1124 limus
2085 1069 2276 1126 oculos
2324 1070 2378 1124 in
2418 1070 2885 1140 pulchritudinem
2925 1070 3179 1139 imaginis
3209 1068 3305 1124 Dei
3348 1070 3430 1122 ἰη-

180 1165 244 1216 δι’
277 1165 448 1234 αὐτῆς
478 1164 795 1234 ἀναγόμεθα
839 1165 932 1217 ἐπὶ
975 1165 1035 1219 τὸ
1064 1156 1369 1237 ὑπέρκαλον
1396 1165 1490 1218 τοῦ
1526 1166 1723 1237 ἁρχετύ

1885 1160 2116 1225 visibilis,
2162 1176 2369 1231 perque
2417 1163 2561 1217 hanc
2613 1161 2971 1217 subvebimur
3015 1161 3083 1215 ad
3122 1161 3428 1230 pulcherri-

184 1274 280 1308 που
313 1256 518 1325 θέαμα,
550 1256 717 1310 αὐτοῦ
756 1274 858 1309 που
899 1257 1162 1328 πάρεστιν
1202 1257 1519 1330 ἀχωρίστως
1554 1257 1615 1311 τὸ
1657 1258 1725 1329 τῆ

1884 1266 2007 1304 num
2056 1252 2430 1320 spectaculum
2468 1251 2793 1324 archetypi;
2848 1252 2925 1305 ibi
2974 1252 3231 1307 videlicet
3271 1254 3427 1308 adest

183 1346 432 1415 γνώσεως
458 1348 572 1416 (Ei-ﬁ)
617 1348 874 1420 Πνεῦμα,
920 1350 1017 1419 τὴν
1068 1348 1373 1420 ὲποπτικὴν
1411 1349 1511 1419 τῆς
1553 1348 1726 1402 εἰκόνο

1883 1341 2298 1411 nseparabiliter
2335 1343 2669 1413 cognitionis
2717 1341 2980 1412 Spiritus,
3020 1343 3129 1398 vim
3173 1344 3426 1413 imaginis

178 1438 405 1507 δύναμιν
448 1440 510 1490 ἐν
557 1437 737 1508 ἑαυτῷ
782 1439 1154 1509 παρεχόμενον
1194 1441 1305 1502 τοῖς
1356 1439 1455 1507 τῆς
1500 1437 1721 1509 ἀληθεία

1888 1437 2247 1505 peculativam
2296 1437 2352 1492 in
2391 1439 2574 1509 seipso
2615 1438 2882 1495 exhibens
2922 1439 3015 1503 iis,
3054 1440 3149 1509 qui
3181 1440 3425 1495 veritatis

182 1530 587 1600 ςιλοθεάμοσιν,
620 1531 722 1583 οὐκ
745 1530 942 1594 ἔξωθεν
966 1530 1065 1600 τὴν
1088 1530 1253 1596 δεῖξιν
1275 1529 1613 1599 ποιούμενον,
1640 1530 1725 1582 ἁλὶ

1879 1529 2312 1599 rontemplatione
2359 1530 2745 1599 delectantur;
2782 1547 2892 1587 non
2934 1531 3070 1587 loris
3106 1531 3422 1595 ostendens,

176 1624 231 1674 ἐν
258 1622 439 1692 ἑαυτῷ
471 1624 696 1691 εἰσάγον
727 1621 865 1693 πρὸς
891 1621 988 1693 τὴν
1030 1622 1345 1690 ἐπίγνωσιν.
1398 1622 1485 1684 Ὠς
1513 1621 1621 1693 γὰρ
1659 1622 1718 1673 οὐ

1884 1620 1947 1674 ed
1990 1621 2046 1673 in
2100 1621 2280 1691 seipso
2334 1621 2599 1677 inducens
2641 1623 2706 1677 ad
2751 1622 3106 1694 agnitionem.
3153 1621 3425 1688 Quemad-

174 1715 279 1776 δεῖς
319 1711 431 1768 οἶδε
479 1715 574 1768 τὸν
623 1715 845 1785 Πατέρα
877 1716 925 1767 εί
963 1714 1037 1785 μὴ
1082 1715 1111 1766 ὁ
1164 1714 1324 1776 Υἱὸς,
1361 1712 1533 1775 οὕτως
1579 1714 1717 1767 οὐδεὶ

1875 1713 2073 1768 nodum
2105 1714 2249 1769 enim
2281 1729 2442 1770 nemo
2488 1716 2641 1770 novit
2683 1715 2900 1771 Patrem
2943 1717 3049 1771 nisi
3097 1715 3269 1771 Filius
3307 1715 3352 1750 ”
3404 1736 3418 1771 :

172 1808 387 1860 δύναται
432 1810 612 1860 εἰπεῖν
659 1807 865 1879 Κύριον
928 1804 1134 1876 Ἰησοῦν
1179 1808 1228 1858 εξ
1258 1805 1332 1877 μὴ
1374 1807 1433 1857 ὲν
1474 1805 1715 1876 Πνεύμαπ

1884 1804 1932 1858 ic
1962 1805 2143 1860 nullus
2190 1813 2371 1875 potest
2420 1806 2604 1862 dicere
2642 1807 2929 1862 Dominum
2975 1806 3185 1870 Jesum,
3227 1806 3333 1862 nisi
3366 1807 3420 1861 in

173 1900 326 1968 ἁγίῳ.
375 1901 455 1952 Οὐ
501 1901 643 1971 γὰρ,
674 1878 772 1953 Διὰ
804 1900 1145 1970 Πνεύματος,
1190 1898 1425 1969 εἴρηται,
1470 1896 1605 1959 ἀλλ’,
1648 1898 1716 1951 ’E:

1877 1892 2060 1963 Spiritu
2091 1902 2285 1950 sancto
2310 1896 2379 1952 ὀ.
2414 1895 2531 1952 Non
2576 1897 2720 1952 enim
2770 1897 2978 1952 dictum
3012 1904 3114 1964 est,
3152 1897 3257 1952 Per
3291 1896 3420 1967 Spi-

170 1991 498 2058 Πνεύματι·
548 1989 667 2054 καὶ,
699 1988 942 2059 Πνεῦμα
969 1990 1001 2042 ό
1035 1986 1212 2052 Θεός·
1250 1985 1348 2039 καὶ
1387 1984 1527 2051 τοὺς
1557 1999 1713 2053 προσ

1876 1984 2033 2045 itum,
2077 1987 2193 2052 sed,
2252 1986 2318 2041 In
2347 1986 2550 2057 Spiritu
2577 2006 2598 2054 ;
2625 1997 2700 2053 ct,
2741 1988 2974 2058 Spiritus
3016 1998 3094 2044 est
3140 1987 3325 2052 Deus;
3368 1999 3418 2044 et

170 2075 513 2142 κυνοῦντας
554 2078 742 2130 αὐτὸν
788 2075 859 2129 ἐν
882 2076 1189 2154 ,Πνεύματι
1234 2074 1333 2127 καὶ
1376 2074 1625 2142 ἀληθείᾳ
1658 2075 1713 2128 δε

1879 2075 1931 2126 ui
1973 2074 2200 2128 adorant
2225 2091 2365 2141 eum,
2395 2077 2448 2129 in
2480 2074 2682 2144 Spiritu
2709 2086 2759 2131 et
2788 2078 3006 2131 ueritate
3047 2088 3248 2146 oportet
3290 2080 3422 2135 ado-

167 2169 574 2235 προσκυνεῖν·
616 2168 800 2232 καθὼς
831 2169 1139 2242 γέγραπται
1161 2183 1175 2197 ⁸
1213 2169 1316 2222 Ἕν
1344 2165 1423 2232 τῷ
1453 2168 1602 2236 φωτί
1629 2184 1704 2220 σο

1874 2182 1964 2220 are
2023 2166 2100 2233 ἰς
2156 2166 2298 2222 sicut
2342 2167 2608 2238 scriptum
2636 2177 2721 2224 est
2761 2188 2775 2224 :
2810 2168 2875 2223 In
2920 2169 3118 2224 lumine
3158 2179 3249 2225 tuo
3274 2173 3417 2227 vide-

169 2259 433 2325 ὀψόμεθα
466 2257 596 2326 φῶς
618 2275 633 2289 ’
661 2257 956 2323 τουτέστιν,
983 2259 1042 2311 ὲν
1065 2257 1145 2328 τῷ
1170 2256 1433 2327 φωτισμῷ
1458 2256 1551 2339 τοῦ
1577 2255 1712 2308 lived

1878 2260 2013 2312 imus
2041 2256 2212 2313 lumen
2242 2260 2289 2291 9'
2316 2275 2332 2325 ;
2372 2259 2476 2314 hoc
2507 2268 2615 2323 est,
2647 2261 2703 2315 in
2733 2260 3107 2317 illustratione
3141 2262 3380 2333 Spiritus
3400 2305 3415 2330 ,

169 2367 350 2419 ματος,
379 2348 517 2413 Φῶς
542 2348 610 2402 τὸ
640 2348 954 2417 ἀληθινὸν,
988 2346 1020 2400 ὃ
1052 2346 1280 2416 φωτίζει
1308 2346 1503 2399 πάντα
1526 2344 1712 2414 ἇνθρω

1874 2365 2041 2404 ιιιηιεη
2067 2366 2268 2416 verum,
2297 2352 2437 2422 quod
2485 2352 2757 2407 illuminat
2800 2370 3004 2408 omnem
3028 2355 3306 2411 hominem
3332 2374 3417 2411 υεα

165 2456 274 2495 τοι·
304 2442 648 2510 ἐρχόμενον
685 2442 774 2506 εἰς
820 2438 927 2493 τὸν
966 2439 1217 2509 κόσμον.
1257 2439 1420 2492 Ὥστε
1467 2438 1526 2491 ὲν
1570 2440 1708 2490 ὲαυτι

1873 2440 2067 2494 ientem
2096 2441 2153 2495 in
2181 2440 2434 2496 mundum
2480 2441 2547 2497 ’³.
2593 2443 2778 2514 Itaque
2821 2444 2877 2499 in
2934 2446 3118 2515 seipso
3177 2448 3416 2503 ostendit

163 2534 392 2587 δείκνυσι
420 2534 529 2603 τὴν
560 2531 721 2598 δόξαν
766 2531 859 2585 τοῦ
892 2530 1249 2601 Μονογενοῦς.
1291 2531 1385 2584 καὶ
1412 2533 1523 2593 τοῖς
1553 2528 1706 2598 sane:

1873 2529 2122 2601 lnigeniti
2150 2531 2407 2602 gloriam,
2438 2539 2493 2587 et
2530 2534 2676 2589 veris
2707 2534 3091 2590 adoratoribus
3139 2537 3192 2589 in
3236 2536 3416 2606 seipso

163 2625 264 2686 νοῖς
313 2623 732 2694 προσκυνηταῖς
768 2621 827 2675 ὲν
864 2618 1044 2690 ἑαυτῷ
1082 2618 1180 2691 τὴν
1226 2617 1320 2671 τοῦ
1368 2617 1500 2671 Θεοῦ
1545 2618 1706 2686 γνῶσι

1871 2623 1939 2676 lei
1969 2622 2335 2692 cognitionem
2361 2624 2586 2694 praebet.
2617 2623 2852 2681 Proinde
2880 2626 2965 2680 via
2998 2627 3065 2680 ad
3108 2625 3201 2681 Dei
3230 2627 3414 2697 cogni-

165 2715 486 2786 παρέχεται.
519 2715 584 2767 Ἦ
614 2713 794 2767 τοίνυν
826 2713 945 2777 ὁδὸς
976 2713 1076 2784 τῆς
1105 2710 1429 2789 θεργνωσίας
1463 2710 1609 2762 ἐστὶν
1637 2711 1708 2763 ἀπ

1872 2713 2046 2766 ionem
2093 2718 2178 2767 est
2226 2713 2297 2768 ab
2339 2729 2452 2769 uno
2486 2714 2714 2784 Spiritu,
2759 2730 2857 2784 per
2894 2730 3064 2768 unum
3107 2714 3307 2769 Filium
3346 2713 3415 2769 ad

160 2810 269 2873 te;
304 2808 638 2879 Πνεῦματος
664 2806 752 2860 διὰ
796 2804 890 2860 τοῦ
932 2804 1050 2868 ἑνὸς
1079 2803 1211 2857 Υῐοῢ
1243 2803 1335 2855 ἐπὶ
1360 2802 1451 2856 τὸν
1493 2802 1590 2856 ἕνα
1626 2802 1703 2854 Πα

1873 2817 2014 2856 num
2055 2801 2297 2859 Patrem.
2346 2805 2426 2859 Ac
2455 2821 2671 2869 rursus,
2696 2805 2883 2858 nativa
2925 2804 3142 2879 bonitas
3171 2812 3225 2860 et
3255 2812 3416 2859 natu-

160 2866 301 2972 τέρα.
338 2866 778 2962 Καὶ-ἀνάπαλιν,
804 2899 838 2968 ἡ
871 2866 1069 2968 φυσικῆ
1095 2895 1387 2965 ἀγαθὸτης,
1420 2895 1514 2947 καὶ
1550 2896 1578 2946 ὁ
1602 2910 1703 2946 κατ

1875 2893 1979 2948 alis
2016 2895 2382 2949 sanctimonia
2427 2903 2482 2951 et
2530 2866 2735 2967 regalis
2766 2866 3007 2967 dignilas
3038 2912 3103 2951 ex
3132 2895 3292 2950 Patre
3318 2912 3416 2967 per

159 2995 311 3063 φύσιν
338 2993 641 3063 ἁγιασμὸς,
672 2992 768 3046 καὶ
806 2991 867 3044 τὸ
900 2989 1177 3062 βασιλικὸν
1197 2987 1415 3058 ἀξίωμα
1437 2988 1501 3041 ὲκ
1528 2985 1702 3057 Πατρὶ

1872 2984 2195 3057 lnigenitum
2245 2988 2311 3042 ad
2360 2985 2623 3058 Spiritum
2671 2996 2977 3060 permanat.
3011 2989 3093 3043 Ad
3123 2989 3269 3043 hunc
3298 3004 3415 3044 mo-

158 3083 238 3137 διὰ
270 3082 370 3136 τοῦ
405 3079 756 3149 Μονογενοῦς
783 3079 877 3132 ἐπὶ
905 3079 967 3133 τὸ
990 3076 1213 3148 Πνεῦμα
1241 3075 1436 3147 διήκει.
1465 3074 1619 3128 υῦτω
1649 3092 1701 3126 xc

1871 3094 1969 3131 inm
1992 3086 2047 3137 et
2070 3079 2394 3150 hypostases
2421 3079 2764 3149 proﬁtemur,
2788 3096 2891 3136 nec
2913 3081 3062 3151 pium
3085 3080 3414 3135 monarchiae

159 3176 210 3228 αξ
246 3175 584 3236 ὑποστάσεις
616 3170 1033 3243 ὁμολογοῦνται,
1074 3170 1169 3224 καὶ
1198 3169 1259 3223 τὺ
1306 3167 1527 3229 εὐσεϐὲς
1564 3167 1702 3237 δόγμ

1870 3170 2036 3241 logma
2080 3170 2463 3226 labefactatur.
2506 3170 2775 3226 Caeterum
2830 3173 2923 3242 qui
2974 3172 3413 3227 subnumcratio-

160 3224 589 3337 agisagis;
620 3224 682 3317 ‘02-,
704 3224 1113 3317 νδιοξπεπτειίοι
1154 3261 1210 3314 δὲ
1244 3260 1341 3331 τὴν
1368 3224 1703 3331 ὑπαριομέᾶι

1869 3278 1963 3317 lem
1991 3270 2226 3333 ponunt,
2265 3263 2512 3319 dicentes
2551 3264 2810 3334 primum,
2843 3264 3144 3319 secundum
3195 3279 3260 3321 ac
3301 3276 3412 3321 tcr-

160 3358 210 3409 ἐν
243 3356 324 3426 τῷ
356 3355 585 3427 πρῶτον
625 3355 719 3407 καὶ
751 3352 1000 3423 δεύτερον
1029 3352 1123 3405 καὶ
1158 3350 1339 3421 τρίτον
1374 3350 1553 3418 λέγειν
1592 3347 1703 3402 τιθέ

1868 3352 2022 3415 ium,
2066 3354 2245 3409 sciant
2288 3368 2411 3409 sese
2462 3355 2690 3409 deorum
2747 3355 3153 3411 multitudinem
3181 3397 3197 3423 ,
3252 3357 3409 3426 juxta

162 3465 299 3518 μενοι
347 3445 816 3517 γνωριζέσθωσαν
861 3443 923 3497 τὸ
977 3442 1236 3496 πολύϐεον
1283 3443 1383 3512 τῆς
1424 3441 1705 3513 Ἑλληνικῇ

1873 3444 2080 3500 entium
2117 3461 2385 3511 errorem,
2431 3446 2486 3500 in
2539 3444 2805 3500 illibatam
2843 3444 3273 3516 Christianorum
3304 3446 3413 3519 ω

157 3538 362 3607 πλάνης
391 3539 463 3608 τῇ
501 3537 758 3606 ἁχράντῳ
775 3534 1022 3606 θεολογίᾳ
1049 3522 1157 3587 τῶν
1181 3533 1521 3606 Χριστιανῶν
1552 3535 1700 3586 ἐπειο

1868 3538 2170 3607 heologiam
2211 3539 2492 3597 inducere.
2546 3539 2627 3595 Ad
2682 3541 2820 3595 nihil
2858 3542 3001 3596 enim
3047 3540 3195 3595 aliud
3235 3544 3411 3597 tendit

160 3631 397 3700 ἄγοντες.
436 3633 536 3692 Εἰς
574 3628 726 3681 οὐδὲν
753 3627 864 3700 γὰρ
911 3626 1098 3700 ἕτερον
1125 3625 1279 3696 φέρει
1302 3626 1401 3696 τῆς
1427 3623 1703 3694 ὑπαριθμή

1868 3629 2350 3686 .ubnumerationis
2398 3630 2588 3686 dolosa
2633 3631 2903 3699 inventio,
2937 3646 3101 3701 quam
3147 3639 3206 3685 ut
3247 3633 3411 3701 proli-

162 3740 287 3788 σεως
321 3721 389 3776 τὸ
434 3718 908 3790 κακούργημα,ἢ
955 3717 1096 3770 ὥστε
1153 3715 1372 3788 πρῶτον
1410 3715 1504 3768 καὶ
1556 3713 1705 3767 δεύτε

1864 3732 2050 3773 eamur
2078 3716 2246 3772 Deum
2276 3718 2532 3788 primum,
2566 3719 2866 3774 secundum
2916 3734 2982 3773 ac
3022 3719 3267 3774 tertium.
3302 3718 3407 3774 Sed

165 3833 246 3886 ρον
286 3815 429 3869 θεὸν
475 3812 612 3884 (55)
666 3812 761 3863 καὶ
810 3808 994 3881 τρίτον
1049 3808 1347 3879 ὁμολογεῖν.
1418 3807 1556 3860 Ἀλλ’
1609 3808 1708 3879 ὴμί

1862 3808 1998 3865 nobis
2039 3806 2237 3864 suﬁicit
2279 3823 2309 3863 a
2354 3806 2587 3863 Domino
2628 3809 2983 3880 praescriptus
3031 3808 3188 3871 ordo,
3243 3826 3405 3881 quem

159 3906 400 3979 ἀρκοῦσα
434 3907 472 3975 ἡ
504 3902 660 3972 παρὰ
692 3900 790 3955 τοῦ
828 3901 1037 3973 Κυρίου
1073 3900 1385 3954 ὲπιτεθεῖσα
1426 3899 1702 3954 ἀκολουθία

1864 3899 1933 3971 ιιιί
1969 3899 2269 3957 confundet
2314 3915 2424 3956 non
2474 3901 2659 3958 minus
2701 3901 2972 3971 peccabit,
3019 3915 3182 3971 quam
3220 3910 3407 3972 peccat

160 3998 220 4069 ἢν
262 4001 294 4051 ὁ
349 3995 608 4065 συγχέων
657 3995 755 4047 οὐκ
803 3992 1020 4047 ἔλαττον
1080 3993 1182 4064 τῆς
1235 3991 1438 4046 τούτων
1490 3991 1703 4046 ἀσεὸεία

1863 3984 2071 4053 storum
2117 3997 2389 4067 impietas.
2425 3994 2582 4062 Quod
2619 4010 2749 4067 ergo
2781 3996 3051 4052 naturalis
3089 3996 3406 4052 communio

163 4090 571 4162 παρανομήσει.
615 4088 734 4140 Ὅτι
773 4086 871 4157 μὲν
904 4081 999 4139 οὖν
1026 4084 1200 4149 οὐδὲν,
1237 4084 1311 4148 ὼς
1352 4079 1494 4138 οὗτοι
1535 4085 1706 4138 πεπλὰ

1858 4101 2187 4158 nequaquam
2256 4086 2419 4141 modo
2489 4085 2998 4142 subnumerationis
3065 4086 3401 4145 dissolvitur.

163 4196 365 4250 νηνται,
399 4181 437 4250 ἡ
500 4176 644 4231 κατὰ
675 4176 775 4247 τὴν
816 4174 976 4246 φύσιν
1004 4175 1255 4228 κοινωνία
1290 4174 1368 4246 τῷ
1413 4175 1597 4248 τρόπῳ
1640 4176 1706 4246 τῆ

1862 4181 1988 4235 velut
2035 4179 2127 4235 isti
2176 4178 2413 4234 errando
2458 4185 2672 4250 putant,
2723 4179 2858 4235 satis
2899 4180 3105 4234 dictum
3152 4187 3256 4235 est.
3299 4177 3405 4234 Sed

163 4270 597 4343 ὐπαριθμήσεως
650 4267 1023 4337 παραλύεται,
1072 4266 1272 4331 ἱκανῶς
1312 4266 1546 4339 εἴρηται.
1581 4266 1706 4320 Ἀλλι

1862 4273 2214 4329 :oncedamus
2242 4273 2513 4343 pertinaci
2549 4281 2603 4328 et
2627 4272 2867 4328 inaniter
2892 4272 3157 4344 sapienti,
3191 4271 3405 4327 demus-

163 4364 508 4433 συνέλθωμεν
535 4360 616 4432 τῷ
657 4359 947 4430 φιλονείκῳ
978 4359 1073 4412 καὶ
1102 4359 1481 4430 ματαιὸφρονι,
1516 4359 1610 4413 καὶ
1637 4358 1706 4411 δῶ

1861 4380 1948 4435 [ue
1988 4365 2043 4419 id
2089 4364 2237 4435 quod
2277 4365 2463 4435 aliquo
2495 4366 2768 4435 posterius
2810 4372 2915 4430 est,
2951 4365 3031 4421 sic
3061 4364 3313 4435 exprimi,
3345 4373 3404 4418 ut

164 4473 255 4526 μεν
278 4456 345 4508 τὺ
374 4451 636 4523 δεύτερόν
661 4448 774 4521 (56)
802 4467 949 4514 τινος
977 4450 1101 4504 καθ’
1131 4449 1504 4522 ὑπαρίθμησιν
1532 4450 1703 4504 ἐκείνο

1863 4456 1892 4511 :i
1919 4456 2368 4513 subnumeretur.
2403 4455 2694 4513 Videamus
2721 4458 2834 4527 jam
2877 4458 3008 4529 quid
3046 4473 3111 4513 ex
3158 4457 3261 4512 hoc
3289 4473 3406 4513 ser-

162 4547 435 4617 λέγεσθαι.
476 4541 709 4617 Ἴδωμεν
758 4543 940 4597 τοίνυν
987 4541 1042 4595 τί
1085 4541 1147 4596 τὸ
1199 4542 1447 4598 ἐκϐαῖνον
1487 4540 1594 4595 ἀπὸ
1641 4560 1703 4595 το

1860 4562 2004 4604 none
2041 4557 2433 4620 consequatur.
2468 4548 2709 4617 Primus,
2738 4549 2936 4620 inquit,
2965 4549 3141 4614 homo,
3172 4548 3235 4602 de
3263 4559 3403 4603 terra

162 4638 338 4709 λόγου.
394 4640 462 4691 '0
515 4634 790 4705 πρῶτος,
862 4634 1025 4706 φησὶν
1049 4675 1065 4699 ,
1136 4633 1445 4702 ἅνθρωπος
1504 4634 1574 4688 ἐκ
1630 4632 1704 4703 τῆ

1856 4648 2073 4695 ‘errenus
2114 4655 2133 4693 :
2175 4639 2437 4693 secundus
2479 4638 2633 4693 homo
2679 4639 2964 4707 Dominus,
3011 4639 3075 4694 de
3124 4639 3250 4693 calo
3292 4638 3341 4671 “
3384 4655 3399 4700 :

165 4733 394 4799 χοϊκός·
421 4732 456 4783 ὀ
484 4728 765 4796 δεύτερος
805 4726 1114 4796 ἅνθρωπος
1148 4729 1181 4780 ό
1219 4727 1434 4795 Κύριος
1464 4727 1533 4791 ἐξ
1566 4729 1708 4795 οὐρα

1857 4736 1892 4783 :t
1917 4729 2068 4796 alibi,
2108 4727 2232 4783 Non
2272 4731 2523 4799 primum,
2571 4728 2768 4800 inquit,
2798 4730 2939 4800 quod
2980 4730 3258 4798 spirituale
3300 4737 3400 4791 est,

164 4822 265 4881 νοῦ
289 4839 304 4851 ’
337 4822 436 4875 καὶ
464 4824 527 4874 ὲν
562 4820 768 4885 ἄλλοις,
794 4821 879 4873 Οὐ
910 4818 1163 4888 πρῶτον,
1192 4820 1344 4890 φησι,
1377 4818 1443 4872 τὸ
1480 4835 1707 4889 πνευμα

1860 4819 1928 4875 :ed
1974 4819 2112 4891 quod
2158 4819 2412 4885 animale,
2457 4813 2649 4874 deinde
2681 4820 2819 4892 quod
2863 4819 3141 4889 spirituale
3166 4820 3233 4873 ’³.
3262 4818 3403 4885 Ergo

166 4914 346 4971 τικὸν.
377 4911 546 4967 ἀλλὰ
576 4911 643 4965 τό
669 4911 960 4980 ψυχικὸν,
989 4910 1195 4964 ἔπειτα
1224 4910 1290 4963 τὸ
1315 4912 1709 4979 πνευματικόν

1860 4913 1887 4967 si
1915 4912 2094 4983 primo
2132 4911 2557 4967 subnumcratur
2605 4912 2926 4979 secundum,
2957 4912 3009 4966 id
3050 4920 3227 4966 autem
3259 4911 3403 4982 quod

166 5004 223 5058 Ei
250 5004 438 5057 τοίνυν
468 5002 550 5073 τῷ
594 5000 799 5073 πρώτῳ
845 5000 1234 5071 ὑπαριθμεῖται
1265 5001 1325 5055 τὸ
1369 5000 1619 5073 δεύτερον
1640 5045 1655 5069 ,
1683 5020 1709 5056 τ

1861 5003 2288 5067 subnumeratur,
2308 5002 2472 5059 vilius
2489 5010 2572 5059 est
2589 5019 2654 5060 eo
2672 5002 2761 5058 cui
2774 5003 3193 5059 subnumcratur
3212 5023 3224 5058 :
3242 5002 3404 5073 igitur

161 5096 213 5150 δὲ
244 5095 735 5168 ὐπαριθμοῦμενον
767 5094 1088 5166 ἁτιμότερόν
1132 5094 1250 5147 ἐστι
1282 5093 1377 5147 τοῦ
1400 5094 1534 5165 πρὸς
1573 5094 1601 5148 ὃ
1630 5095 1704 5165 ἔχε

1860 5094 2146 5153 secundum
2183 5109 2282 5150 vos
2314 5093 2477 5150 vilior
2503 5103 2588 5150 est
2615 5094 2919 5166 spiritualis
2946 5093 3192 5160 animali,
3222 5102 3276 5151 et
3303 5094 3403 5149 ho-

162 5190 250 5261 τὴν
272 5190 659 5263 ὑπαρίθμησιν
677 5206 694 5220 ο
722 5188 1044 5261 ἀτιμότερος
1071 5183 1165 5242 οὖν
1189 5188 1315 5241 καθ’
1346 5188 1489 5259 ὑμᾶς
1516 5187 1610 5242 τοῦ
1637 5188 1705 5259 du

986 5205 1044 5252 ος
1071 5183 1165 5242 οὖν
1189 5188 1315 5241 καθ’
1346 5188 1489 5259 ὑμᾶς
1516 5187 1610 5242 τοῦ
1637 5188 1742 5259 ψυ-
1841 5189 1990 5244 mine
2017 5195 2238 5242 terreno
2270 5188 2529 5244 caelestis.

163 5282 314 5349 χικοῦ
348 5285 377 5335 ὁ
419 5280 792 5352 πνευματικὸς
813 5320 829 5347 ,
868 5281 962 5334 καὶ
999 5279 1093 5334 τοῦ
1144 5278 1328 5350 χοϊκοῦ
1387 5280 1673 5352 ἀνθρώπου
1706 5283 1734 5334 ὁ
1769 5280 2090 5351 ἐπουράνιος

227 5463 269 5496 ⁸⁷
313 5458 467 5515 Joan.
524 5474 604 5513 xtl
631 5499 648 5521 ,
682 5458 775 5514 28.
849 5457 896 5490 ⁸⁸
928 5456 1116 5512 Matth.
1157 5474 1256 5521 xtl,
1292 5457 1380 5512 51.
1456 5457 1500 5490 θ’
1541 5457 1727 5512 Matth.

1882 5457 1971 5510 27.
2055 5456 2101 5489 ⁹⁰
2136 5453 2155 5508 1
2192 5452 2318 5508 Cor.
2360 5470 2458 5519 xtt,
2493 5455 2543 5508 '5.
2620 5456 2663 5487 ⁹¹
2703 5453 2858 5509 Joan.
2904 5470 2972 5517 Iv,
3007 5454 3099 5509 24.
3172 5456 3217 5488 ⁹²
3254 5452 3396 5509 Psal.

170 5545 324 5595 xxxv,
364 5532 450 5585 l0.
548 5529 599 5563 ”
633 5529 797 5584 Joan.
829 5544 869 5595 t,
899 5527 954 5584 9.
1047 5528 1097 5560 ”
1132 5527 1150 5581 l
1189 5529 1319 5584 Cor.
1358 5544 1449 5595 XV,
1480 5529 1570 5584 47.
1651 5529 1697 5560 ’⁸

448 5574 450 5582 ι
548 5529 599 5563 ³³
633 5529 797 5584 Joan.
829 5544 869 5595 t,
899 5527 954 5584 9.
1047 5528 1097 5560 ”
1132 5527 1150 5581 l
1189 5529 1319 5584 Cor.
1358 5544 1449 5595 xv,
1480 5529 1570 5584 47.
1651 5529 1697 5560 ’⁸
1737 5528 1866 5583 ibid.
1904 5527 1991 5583 46.

235 5684 343 5753 (ει)
382 5685 499 5754 Τῆς
529 5684 831 5756 γνώσεως.
854 5683 1009 5756 εριι).
1035 5687 1131 5755 τῆς
1163 5685 1399 5756 χάριτος.
1464 5752 1487 5756 _
1542 5753 1550 5756 _

1859 5684 2029 5756 ertins
2075 5681 2381 5756 _’Al}‘_i)p.i’v
2421 5679 2663 5749 ἀρκέσεε.
2705 5680 2945 5735 Subinde
2989 5677 3121 5750 Reg.
3170 5686 3399 5749 quartus

235 5751 341 5828 (55)
377 5751 672 5825 Δεῦτέρον
712 5756 876 5809 Θεόν.
913 5754 1056 5828 Editi
1087 5751 1425 5828 transferunt
1453 5752 1733 5828 βεόν-ροει

1835 5753 2035 5828 “suis
2063 5751 2454 5828 ἀπρδέδεικτρξ·
2596 5820 2607 5828 .
2960 5820 2991 5828 ..
3022 5820 3035 5828 .
3067 5818 3091 5828 _
3286 5815 3311 5828 -

175 5818 359 5895 τρέτον.
401 5818 637 5884 Codices
671 5840 805 5881 mss.
846 5834 904 5882 ut
934 5826 989 5881 in
1024 5833 1302 5883 contextu.
1354 5823 1553 5881 Ibidem
1594 5818 1718 5894 Reg.

1902 5824 2010 5896 (56)
2046 5822 2346 5890 Δεύτερον.
2377 5824 2467 5879 Sic
2487 5820 2610 5877 libri
2636 5828 2841 5876 veteres
2868 5840 2879 5876 :
2909 5820 3037 5874 editi
3064 5818 3394 5873 δευτερεῦον.
