3908 6536
510 357 614 413 155

1089 467 1317 525 CAPUT
1356 467 1495 525 XIX.

542 570 809 641 Aduersus
862 599 950 638 eos
976 583 1091 663 ‘qui
1127 583 1324 706 discunt,
1348 598 1452 635 non
1486 598 1597 636 esse
1635 580 2046 652 gloriﬁcandum

1201 667 1301 706 ωτι
1329 668 1438 706 um.

1199 667 1438 720 pmtum.

577 747 669 803 48.
714 745 800 801 Sit
827 746 935 810 ita,
971 744 1258 815 inquiunt,
1304 752 1359 799 at
1392 760 1456 800 ea
1504 743 1679 814 gloria
1725 743 1880 799 nullo
1919 750 2081 813 pacto

509 839 742 895 debetur
785 836 1057 907 Spiritui,
1086 845 1147 890 ut
1194 850 1226 889 a
1276 837 1435 891 nobis
1468 835 1958 906 gloriﬁcationibus
2008 834 2080 889 sit

510 929 882 985 extollendus.
912 926 1070 983 Unde
1095 927 1262 999 igitur
1290 928 1573 996 probaturi
1613 943 1805 983 sumus
1842 927 2079 997 Spiritus

511 1018 837 1091 dignitatem
899 1019 1238 1073 intellectum
1301 1033 1515 1074 omnem
1583 1025 1971 1101 superantem,
2034 1019 2081 1074 si

510 1110 696 1168 Patris
723 1120 780 1168 et
808 1111 933 1165 Filii
965 1112 1277 1167 communio
1306 1111 1421 1166 visa
1444 1119 1529 1167 est
1558 1110 1678 1166 istis
1700 1110 1923 1166 minime
1942 1109 2084 1166 sum-

506 1201 668 1256 ciens
696 1201 765 1255 ad
797 1200 850 1255 id
877 1199 1326 1256 testiﬁcandum?
1358 1199 1502 1256 Sane
1524 1214 1819 1269 possumus
1845 1208 1900 1256 et
1925 1200 1993 1255 ad
2017 1215 2081 1255 ea

506 1307 637 1363 qua:
675 1291 994 1347 nominibus
1045 1290 1426 1362 signiﬁcantur
1475 1291 1867 1361 respicientes,
1909 1299 1963 1345 et
2013 1289 2082 1345 ad

507 1383 895 1453 operationum
946 1381 1067 1453 ejus
1114 1381 1585 1452 magnitudinem,
1615 1387 1671 1435 et
1699 1380 1768 1434 ad
1820 1379 2081 1437 beneﬁcia

513 1490 636 1546 quae
664 1475 719 1529 in
764 1489 900 1539 nos,
939 1473 1052 1528 imo
1096 1488 1221 1543 quae
1259 1473 1314 1527 in
1344 1487 1557 1527 omnem
1597 1480 1904 1527 creaturam
1950 1486 2085 1526 con-

514 1567 642 1631 fert,
681 1580 780 1636 pro
809 1564 1031 1620 modulo
1062 1570 1254 1619 nostro
1287 1571 1495 1618 naturae
1518 1563 1671 1619 illius
1695 1562 2085 1620 sublimitatem

513 1673 579 1713 ac
610 1658 910 1729 potentiam
958 1656 1571 1727 incompreliensibilem
1602 1656 1903 1725 percipere.
1959 1653 2084 1724 Spi-

509 1751 656 1806 ritus
687 1758 913 1806 vocatus
943 1757 1049 1817 est,
1080 1756 1140 1805 ut
1161 1756 1247 1805 est
1274 1747 1430 1816 illud,
1463 1747 1695 1819 Spiritus
1728 1747 1870 1803 Deus
1897 1748 1974 1814 ";
2007 1754 2082 1814 et,

1844 350 1904 406 S.
1934 348 2184 406 BASILII
2219 347 2432 407 MAGNI

2101 474 2148 528 Α

3644 328 3758 395 ΐεσ

2760 462 3010 518 ΚΕΦΔΛ.
3047 460 3143 515 ΙΘ’.

2250 578 2409 647 Πρὸς
2448 576 2591 643 τοὺς
2629 570 3231 697 λέγοντιιὶεεὲἒιαεῖναι
3269 563 3571 631 δοξαστὸν
3610 562 3681 625 τό

2884 657 3091 711 νευμα.
3210 710 3214 713 _

2250 737 2337 793 48.
2372 737 2554 790 Ἔστω
2584 712 2779 801 ταῦτα,
2802 733 2984 805 φησιν,
3020 730 3134 784 ἀλλ’
3173 712 3293 799 οὐχὶ
3325 728 3418 782 καὶ
3460 725 3586 792 δόξα
3615 724 3760 779 πᾶν·

2179 849 2285 895 τως
2306 829 2629 901 ὀφειλομένη
2662 828 2778 880 ἐστὶ
2808 825 2884 896 τῷ
2920 823 3216 894 Πνεῦματι,
3255 819 3395 875 ὥστε
3423 816 3759 884 δοξολογίαις

2180 920 2509 992 ἀνυψοῦσθαι
2558 920 2685 992 παρ’
2729 917 2905 990 ἡμῶν.
2960 915 3131 969 Πόθεν
3181 912 3247 967 ἂν
3297 907 3389 964 οῦν
3427 909 3525 979 τῆς
3578 909 3759 977 ὑπερ-

2181 1013 2410 1085 εχούσης
2465 1012 2644 1066 πάντα
2721 1010 2846 1062 νοῦν
2909 1007 3064 1073 ἀξίας
3124 1003 3219 1059 τοῦ
3281 1001 3596 1073 Πνεῦματος
3648 999 3760 1063 τὰς

2181 1104 2481 1169 ἀποδείξεις
2517 1103 2774 1173 λάϐοιμεν
2803 1101 2939 1174 (57),
2972 1099 3128 1169 εἴπερ
3155 1100 3188 1169 ἡ
3221 1095 3435 1167 Πατρὸς
3485 1094 3577 1148 καὶ
3614 1088 3756 1146 Υἱοῦ

2181 1194 2433 1248 κοινωνία
2498 1193 2573 1264 μὴ
2631 1190 2938 1255 ἀξιόπιστος
3005 1188 3187 1251 αὐτοῖς
3243 1184 3379 1255 πρὸς
3442 1182 3756 1254 μαρτυρίαν

2182 1284 2492 1355 ἀξιώματος
2533 1283 2825 1354 ὲνομίσθη;
2870 1279 3085 1347 Ἔξεστί
3126 1295 3189 1347 γε
3247 1276 3353 1349 μὴν
3401 1275 3535 1347 πρός
3575 1291 3637 1327 τε
3680 1271 3757 1326 τὰ

2183 1379 2247 1430 ὲκ
2286 1376 2395 1430 τῶν
2437 1376 2714 1446 ὀνομάτων
2761 1373 3174 1442 ἀποϐλέψαντας
3214 1368 3605 1441 σημαινόμενα,
3655 1366 3757 1419 καὶ

2184 1468 2318 1541 πρὸς
2347 1468 2415 1522 τὰ
2443 1467 2550 1520 τῶν
2576 1465 2863 1538 ἐνεργειῶν
2888 1461 3050 1518 αὑτοῦ
3092 1461 3319 1534 μεγέθη,
3350 1459 3445 1513 καὶ
3471 1457 3606 1529 πρὸς
3652 1454 3757 1518 τὰς

2183 1563 2263 1625 εἰς
2289 1562 2457 1633 ἡμᾶς,
2488 1559 2685 1630 μᾶλλον
2723 1557 2780 1610 δὲ
2816 1557 2894 1619 εἰς
2920 1557 3096 1609 πᾶσαν
3137 1553 3236 1625 τὴν
3278 1550 3453 1605 κτίσιν
3485 1564 3757 1621 χορηγου-

2187 1652 2353 1723 μένας
2379 1650 2694 1723 εὐεργεσίας
2732 1648 2864 1718 (58),
2897 1648 2996 1716 τῆς
3040 1642 3411 1717 μεγαλοφυίας
3451 1640 3617 1695 αὐτοῦ
3654 1640 3758 1693 καὶ

2183 1744 2283 1814 τῆς
2303 1743 2591 1812 ἀνεφίκτου
2618 1741 2898 1808 δυνάμεως
2925 1736 3017 1790 ἐπὶ
3047 1735 3211 1789 ποσὸν
3245 1732 3375 1804 γοῦν
3416 1735 3474 1786 ὲν
3502 1730 3756 1801 περινοίᾳ

508 1842 744 1913 Spiritus
772 1842 943 1897 vultus
974 1809 1161 1907 nostri,
1191 1809 1434 1896 Christus
1464 1809 1722 1895 ljominus
1746 1841 1812 1894 ⁸⁷.
1845 1809 2083 1895 Sanctus

2198 1809 2460 1900 γενέσθαι.
2496 1829 2721 1900 Πνεῦμα
2752 1828 3094 1899 ὠνόμασται·
3123 1826 3220 1888 ὡς,
3245 1823 3487 1892 Πνεῦμα
3507 1825 3539 1875 ὁ
3566 1822 3713 1885 Θεός
3734 1833 3751 1848 ⁸

513 1933 738 1996 dicitur,
773 1931 1234 2003 quemadmodum
1272 1940 1500 1987 sanctus
1554 1930 1739 1995 Pater,
1775 1937 1830 1986 et
1860 1937 2083 1985 sanctus

510 2021 707 2078 Filius.
725 2022 1002 2078 Creaturae
1018 2024 1287 2094 siquidem
1305 2022 1527 2079 inducta
1543 2030 1629 2079 est
1649 2022 1870 2078 aliunde
1886 2022 2086 2079 sancti-

513 2113 736 2180 monia;
777 2111 1007 2183 Spiritui
1045 2129 1175 2169 vero
1214 2115 1476 2170 sanctitas
1514 2112 1835 2184 completiva
1865 2120 1950 2167 est
1986 2126 2085 2165 na-

516 2212 672 2258 turae.
721 2203 957 2274 Ideoque
998 2220 1109 2261 non
1160 2203 1556 2268 sanctiﬁcatur,
1608 2203 1703 2259 sed
1757 2202 2082 2258 sanctiﬁcat.

517 2291 702 2349 Bonus
732 2292 863 2348 item
895 2293 1101 2349 dicitur
1131 2293 1273 2349 sicut
1301 2292 1463 2347 Pater
1491 2293 1671 2348 bonus
1703 2301 1819 2359 est,
1858 2300 1912 2347 et
1941 2291 2085 2349 sicut

517 2382 695 2441 bonus
724 2388 808 2436 est
837 2381 886 2437 is
915 2382 1007 2451 qui
1038 2396 1107 2436 ex
1131 2380 1276 2436 bono
1307 2390 1468 2435 natus
1491 2389 1576 2437 est
1606 2400 1620 2435 :
1652 2381 1743 2435 cui
1766 2380 1981 2435 bonitas
2000 2387 2086 2435 est

512 2474 639 2541 ipsa
667 2474 927 2526 essentia.
972 2470 1175 2526 Rectus
1218 2479 1466 2535 vocatur,
1500 2478 1561 2525 ut
1594 2481 1777 2527 rectus
1820 2470 2085 2527 Dominus

517 2560 665 2617 Deus
692 2561 757 2626 ",
787 2576 854 2616 eo
884 2563 1028 2631 quod
1072 2578 1169 2633 per
1210 2578 1269 2618 se
1300 2563 1373 2618 sit
1417 2563 1533 2634 ipsa
1585 2563 1819 2628 veritas,
1864 2572 1919 2619 et
1966 2564 2085 2633 ipsa

514 2652 751 2722 iustitia,
784 2668 886 2709 nec
918 2655 974 2708 in
998 2654 1140 2709 hanc
1167 2670 1271 2711 nec
1290 2656 1347 2710 in
1379 2656 1524 2710 illam
1550 2666 1757 2726 partem
1786 2671 1845 2712 se
1868 2664 2085 2713 vertens

519 2749 614 2796 aut
641 2740 887 2821 ﬂectens,
919 2751 1143 2814 propter
1162 2754 1373 2799 naturae
1389 2744 1901 2801 immutabilitatem.
1926 2744 2089 2801 Para-

518 2831 696 2887 cletus
726 2843 1073 2903 nuncupatur
1102 2834 1248 2887 velut
1276 2831 1601 2904 Unigenitus
1631 2853 1643 2887 :
1672 2835 1814 2898 sicut
1844 2837 1960 2906 ipse
1984 2836 2083 2901 ait,

520 2921 635 2991 Ego
680 2923 875 2993 rogabo
918 2923 1133 2978 Patrem
1179 2940 1383 2989 meum,
1432 2934 1483 2980 et
1527 2924 1674 2979 dabit
1723 2925 1865 2983 vobis
1920 2927 2086 2981 alium

520 3014 947 3069 Paracletum".
990 3014 1103 3071 Hoc
1133 3025 1293 3086 pacto
1334 3018 1644 3071 communia
1695 3025 1823 3071 sunt
1866 3018 2086 3071 nomina

521 3104 695 3171 Patri,
724 3105 863 3161 Filio
886 3115 940 3162 et
973 3106 1199 3177 Spiritui
1227 3115 1446 3171 sancto,
1486 3108 1581 3179 qui
1632 3108 1731 3164 llas
1772 3110 2087 3180 appellatio-

523 3210 622 3250 nes
653 3211 718 3250 ex
751 3205 959 3252 natura:
980 3199 1258 3254 consortio
1282 3198 1464 3254 habet.
1495 3197 1651 3254 Unde
1674 3200 1814 3253 enim
1834 3199 2091 3255 aliunde?
2117 3167 2159 3224 θ

523 3286 766 3344 Rursum
795 3289 1034 3359 Spiritus
1071 3291 1423 3361 principalis,
1450 3300 1504 3346 et
1547 3287 1785 3361 Spit-ilus
1814 3292 2090 3357 veritatis,

524 3389 579 3436 et
630 3378 870 3450 Spiritus
910 3381 1193 3451 sapientiae
1238 3382 1424 3438 dictus
1473 3391 1577 3439 est.
1618 3383 1851 3454 Spiritus
1885 3385 2093 3439 divinus

525 3475 615 3545 qui
647 3490 728 3528 me
774 3473 898 3544 fecit
930 3476 983 3542 ¹;
1017 3482 1099 3541 et,
1134 3474 1394 3543 Beseleel,
1446 3475 1655 3545 inquit,
1698 3476 1925 3545 implevit
1953 3475 2093 3533 Deus

523 3564 631 3638 41
674 3565 878 3636 Spiritu
911 3566 1086 3622 divino
1124 3569 1397 3638 sapientia:
1432 3578 1480 3623 et
1508 3568 1806 3625 intellectus
1835 3579 1883 3626 et
1922 3572 2094 3626 scien-

529 3659 618 3713 tia:
647 3659 689 3713 ‘.
725 3657 875 3713 Talia
924 3660 1091 3730 igitur
1123 3665 1347 3715 nomina
1396 3662 1595 3717 eximia
1639 3664 1732 3718 illa
1778 3664 1997 3734 quidem
2043 3676 2098 3719 et

525 3761 743 3818 magna,
770 3763 874 3803 nec
894 3756 1100 3814 tamen,
1126 3749 1269 3819 quod
1295 3751 1362 3805 ad
1389 3750 1615 3822 gloriam
1638 3752 1850 3819 attinet,
1869 3767 2097 3823 exagge-

528 3840 799 3896 rationem
835 3839 1002 3895 ullam
1032 3841 1312 3897 habentia.

597 3930 688 3986 49.
718 3930 789 3984 At
812 3934 1159 4001 operationes
1188 3934 1378 4003 quales
1420 3934 1588 3989 sunt?
1619 3933 1928 3990 lnell‘abiles
1972 3936 2097 4005 qui-

529 4020 654 4075 dem
711 4021 784 4076 ob
842 4024 1310 4094 magnitudinem,
1367 4026 1799 4082 innumerabiles
1848 4041 1978 4081 vero
2027 4027 2099 4081 ob

530 4111 959 4168 multitudinem.
988 4111 1124 4168 Nam
1158 4130 1267 4185 quo
1304 4123 1468 4185 pacto
1496 4115 1860 4186 intelligemus
1889 4131 1952 4170 ea
1980 4131 2100 4185 qute

532 4204 758 4259 fuerunt
787 4212 914 4261 ante
962 4207 1197 4262 saecula?
1224 4222 1345 4277 qua:
1382 4215 1542 4262 erant
1574 4206 1726 4263 illius
1754 4210 2098 4279 operationes

534 4303 666 4351 ante
715 4304 1024 4352 creaturam
1075 4299 1511 4369 iﬁtelligibilem?
1556 4308 1762 4371 quanta
1815 4310 1997 4358 autem
2031 4303 2100 4358 ab

532 4388 628 4443 illo
652 4388 913 4444 beneﬁcia
938 4390 995 4444 in
1020 4392 1367 4446 creaturam?
1394 4391 1461 4447 ad
1480 4393 1615 4458 haec,
1636 4408 1756 4464 qum
1771 4402 2012 4464 potestas
2031 4396 2100 4451 ad

2187 1924 2299 1988 καὶ,
2334 1920 2575 1991 Πνεῦμα
2614 1921 2719 1974 τοῦ
2757 1917 3077 1988 προσώπου
3114 1914 3302 1985 ἡμῶν,
3352 1913 3599 1983 Χριστός
3636 1912 3759 1965 K15-

2179 2035 2329 2086 ριος.
2362 2015 2580 2084 Ἀγιονο
2614 2014 2688 2077 ὡς
2710 2014 2863 2083 ἅγιος
2909 2016 2937 2067 ὁ
2970 2009 3179 2081 Πατὴρ,
3215 2008 3307 2063 καὶ
3338 2007 3491 2076 ἅγιος
3528 2005 3556 2056 ὁ
3599 2004 3753 2067 Υἱός.

2188 2110 2266 2180 Τῇ
2303 2108 2399 2180 μὲν
2426 2107 2534 2178 γὰρ
2558 2105 2730 2159 κτίσει
2754 2102 3017 2176 ἑτέρωθεν
3048 2097 3346 2171 ammon
3380 2098 3408 2150 ὁ
3449 2095 3751 2166 ἁγιασμός·

2188 2201 2265 2272 τῷ
2288 2200 2344 2254 δὲ
2367 2201 2643 2271 Πνεῦματι
2678 2195 3105 2269 συμπληρωτικὴ
3138 2194 3238 2263 τῆς
3276 2189 3489 2261 φύσεώς
3532 2190 3679 2241 ἐστιν
3713 2189 3753 2257 ἡ

2191 2291 2433 2362 ἀγιότης.
2477 2289 2673 2359 Διόπερ
2710 2288 2829 2358 οὐχὶ
2871 2283 3228 2355 ἀγιαζόμενόν
3258 2284 3423 2342 ἐστιν,
3453 2278 3564 2332 ἀλλ’
3592 2279 3758 2333 ἁγιά-

2190 2381 2303 2447 ζον.
2342 2379 2598 2449 Ἀγαθόψ
2625 2378 2701 2441 ὠς
2727 2375 2925 2446 ἀγαθὸς
2957 2377 2985 2428 ό
3017 2374 3228 2446 Πατὴρ,
3267 2371 3361 2425 καὶ
3398 2368 3595 2438 ἀγαθὸς
3627 2370 3657 2420 ό
3686 2368 3758 2419 ἐκ

2188 2473 2280 2528 τοῦ
2303 2470 2505 2543 ἀγαθοῦ
2534 2469 2841 2542 γεννηθείς·
2883 2466 3069 2521 οὐσίαν
3116 2465 3236 2537 ἔχον
3278 2461 3387 2533 (59)
3419 2460 3515 2531 τὴν
3554 2458 3758 2526 ἁγαθός

2190 2581 2346 2636 τητα.
2382 2560 2583 2626 Εὐθές’
2630 2560 2705 2624 ὠς
2752 2559 2914 2628 εὑθὴς
2959 2556 3163 2628 Κύριος
3202 2557 3233 2610 ὁ
3278 2553 3442 2616 Θεόςο
3483 2549 3561 2621 τῷ
3614 2544 3758 2602 εἶναι

2190 2652 2563 2725 αὑτοαλήθεια,
2610 2651 2704 2704 καὶ
2741 2645 3205 2715 αὐτοδικαιοσῦνη,
3242 2637 3631 2714 παρεκτροπάς
3660 2636 3759 2691 ἐπὶ

2191 2750 2393 2820 θάτερα
2421 2745 2516 2800 καὶ
2540 2743 2807 2806 ἐκκλίσεις
2833 2741 2932 2794 οὐκ
2955 2739 3097 2809 ἔχον,
3131 2737 3219 2790 διὰ
3251 2735 3310 2789 τὸ
3353 2734 3617 2803 ἄτρεπτον
3651 2727 3761 2797 τῆς

2189 2819 2394 2903 οὐσίας.
2433 2835 2819 2907 Παράκλητος’
2872 2832 2948 2895 ὡς
2982 2833 3010 2884 ό
3043 2826 3384 2899 Μονογενὴς·
3438 2820 3619 2885 καθὼς
3659 2819 3758 2873 αὐ-

2189 2933 2279 2996 τός
2307 2930 2417 3001 (60)
2440 2945 2622 2999 φησιν,
2641 2928 2721 2981 ὃτι
2750 2923 2887 2993 Ἐγὼ
2919 2918 3195 2990 ἐρωτήσω
3222 2916 3329 2970 τὸν
3370 2912 3598 2982 Πατέρα
3611 2926 3759 2980 μου.

2190 3027 2287 3082 καὶ
2311 3024 2486 3080 δώσει
2512 3021 2655 3092 ὑμῖν
2685 3021 2879 3075 ἄλλον
2907 3015 3314 3085 Παράκλητοιν.
3333 3010 3487 3066 Οῦτω
3511 3007 3665 3062 κοινά
3686 3005 3765 3059 τὰ

2192 3121 2427 3191 ὀνόματα
2452 3119 2585 3189 πρὸς
2614 3112 2834 3184 Πατέρα
2856 3110 2950 3165 καὶ
2979 3108 3104 3162 Υἱδν
3125 3105 3205 3178 τῷ
3235 3103 3549 3191 Πνεύματι,-
3570 3102 3634 3151 ὲκ
3654 3099 3762 3191 τῆς

2193 3187 2333 3265 κατά
2369 3207 2465 3279 τὴν
2497 3187 2666 3274 -φύσιν
2697 3200 3022 3270 οἰκειότητος
3067 3196 3172 3250 τῶν
3213 3189 3590 3265 προσηγοριῶν
3633 3187 3766 3241 τοῦ-

2191 3282 2298 3356 των
2329 3301 2563 3371 τυχόντι.
2591 3295 2761 3351 Πόθεν
2788 3292 2897 3365 γὰρ
2926 3290 3145 3347 ἄλλοθεν
3167 3306 3181 3348 ;
3205 3285 3373 3340 Πάλιν
3405 3282 3760 3355 ἡγεμονικὸν,

2193 3396 2285 3448 καὶ
2325 3390 2549 3461 Πνεῦμα
2578 3388 2677 3458 τῆς
2710 3386 2986 3458 ἀληθείας,
3014 3382 3108 3435 καὶ
3146 3376 3370 3448 Πνεῦμα
3400 3375 3590 3443 σοφίας
3621 3372 3766 3425 ὠνό-

2197 3502 2414 3558 μασται.
2459 3482 2699 3551 Πνεῦμα
2738 3478 2897 3534 θεῖον
2933 3473 2999 3528 τὸ
3027 3469 3293 3540 ποιῆσὰν
3320 3485 3438 3558 με..
3469 3466 3601 3528 Καὶ,
3646 3462 3764 3558 Τὸν

2194 3554 2499 3642 Πεσελεὴλ
2527 3571 2614 3635 δὲ,
2651 3570 2833 3641 φησιν,
2877 3565 3221 3632 ἐνέπλησεν
3262 3562 3294 3614 ὀ
3342 3556 3483 3623 Θεὸς
3514 3554 3765 3622 Πνεῦμα

2194 3669 2353 3723 θεῖον
2386 3665 2605 3735 σοφίας
2648 3660 2747 3716 καὶ
2784 3656 3091 3721 συνέσεως
3131 3654 3230 3707 καὶ
3282 3649 3635 3718 ἐπιστήμης.
3676 3645 3765 3699 Th

2197 3760 2295 3830 μὲν
2344 3753 2436 3812 οὖν
2490 3755 2727 3825 ὀνόματα
2777 3748 2995 3803 τοιαῦτα
3044 3747 3156 3815 (61)
3206 3740 3454 3813 ὑπερφυῆ
3500 3738 3595 3792 καὶ
3664 3753 3766 3807 με·

2194 3829 2333 3917 γάλα
2354 3869 2364 3877 ο
2392 3845 2650 3916 οῦμενουν
2683 3841 2873 3913 ἔχοντά
2891 3856 3011 3893 τινα
3039 3839 3116 3901 εἰς
3138 3835 3291 3902 δόξαν
3312 3829 3637 3903 ὑπερϐολήν.

2263 3941 2350 3994 49.
2379 3940 2442 3992 Αἱ
2463 3939 2518 3991 δὲ
2546 3936 2813 4006 ἐνέργειαι
2833 3932 3008 3997 τίνες;
3038 3930 3301 3999 Ἀρῤητοι
3331 3925 3428 3996 μὲν
3451 3922 3539 3987 διὰ
3568 3919 3631 3974 τὸ
3666 3919 3767 3989 μέο

2194 4033 2370 4102 γεθος,
2402 4027 2824 4099 ἀνεξαρίθμητοι
2845 4022 2901 4077 δὲ
2930 4021 3016 4075 διὰ
3044 4020 3104 4073 τὸ
3126 4018 3347 4088 πλῆθος.
3382 4015 3505 4102 Πῶς
3532 4013 3630 4083 μὲν
3651 4012 3766 4082 γὰρ

2195 4101 2458 4195 νοήσομεν
2491 4119 2558 4173 τὰ
2599 4119 2706 4173 τῶν
2740 4115 2950 4170 αἰώνων
2988 4112 3273 4175 ὲπέκεινα;
3309 4108 3451 4170 τίνες
3478 4101 3616 4177 ἦσαν
3660 4103 3765 4156 αὐ⁸

2194 4215 2288 4269 τοῦ
2334 4213 2439 4277 πρὸ
2472 4212 2567 4282 τῆς
2618 4208 2814 4279 νοητῆς
2842 4205 3088 4269 ’κτίσεως
3143 4204 3197 4256 αἱ
3243 4200 3547 4270 ἐνεργείαις
3596 4196 3767 4248 πόσαι

2195 4304 2238 4357 δ’
2266 4305 2361 4357 ἀπ’
2396 4300 2559 4356 αὑτοῦ
2589 4299 2719 4370 περ).
2745 4298 2843 4367 τὴν
2883 4294 3059 4348 κτίσιν
3094 4291 3207 4364 (62)
3238 4288 3456 4360 χάριτες
3482 4303 3496 4350 ;
3530 4284 3609 4346 τίς
3638 4284 3697 4370 δὲ
3727 4286 3764 4350 ἠ

2196 4384 2334 4467 πρὸς
2361 4393 2484 4456 τοὺς
2522 4389 2723 4452 αἰῶνας
2754 4388 2881 4450 τοὺς
2912 4382 3312 4456 ἐπερχομένους
3354 4377 3610 4467 δύναμις;
3655 4369 3767 4426 Ἶνιν

533 4489 761 4535 ventura
788 4482 1034 4537 saecula?
1065 4482 1197 4539 Erat
1227 4484 1403 4550 enim,
1435 4492 1489 4541 et
1518 4492 1646 4541 ante
1675 4494 1823 4554 erat,
1852 4494 1906 4543 et
1935 4487 2088 4543 simul

2203 4466 2302 4559 μεν
2333 4484 2461 4557 γὰρ,
2491 4483 2585 4538 κα¹ι¹
2619 4481 2792 4553 προῆν
2822 4478 2954 4551 (65),
2996 4476 3090 4530 καὶ
3135 4470 3425 4543 συμπαρῆν
3463 4466 3540 4538 τῷ
3587 4467 3770 4562 lla-cpi.

533 4570 726 4661 aderat
772 4587 898 4627 cum
949 4573 1109 4630 Patre
1159 4584 1215 4631 et
1270 4573 1411 4630 Filio
1466 4587 1592 4632 ante
1641 4578 1860 4634 saecula.
1914 4578 2094 4645 Quare

532 4662 747 4720 etiamsi
767 4663 896 4734 quid
929 4667 1188 4737 cOgitaris
1217 4677 1340 4724 ante
1371 4669 1590 4736 saecula,
1622 4669 1726 4726 hoc
1748 4679 1929 4726 tamen
1949 4685 2097 4742 repe-

602 4818 650 4851 ”
683 4815 840 4875 Joan.
892 4834 963 4872 ιν.
1000 4818 1089 4874 24.
1164 4820 1207 4853 ’⁷
1248 4817 1451 4876 Thren.
1490 4838 1560 4886 tv,
1602 4821 1691 4877 20.
1767 4822 1814 4855 “
1851 4821 1995 4880 Psal.
2037 4837 2149 4889 scr,
2190 4822 2277 4881 i6.
2353 4822 2400 4856 ”
2436 4819 2592 4876 Joan.
2631 4833 2742 4885 xlv,
2775 4817 2862 4873 16.

533 4903 682 4953 uxr,
724 4889 777 4946 5.

605 5023 715 5097 (57)
747 5024 1057 5097 Λάϐοιμεν.
1084 5023 1160 5078 lta
1186 5034 1415 5097 quatuor
1439 5023 1593 5097 Regii
1611 5041 1738 5080 cum
1759 5023 2094 5097 (jplbertlno,

533 5092 730 5149 melius
778 5092 949 5149 multo
998 5110 1158 5162 quam
1192 5092 1246 5148 in
1291 5095 1452 5148 editis
1494 5094 1726 5148 λάϐοιεν.
1771 5093 1925 5149 Unde
1972 5092 2098 5147 Era-

534 5176 688 5235 smus
720 5178 910 5233 parum
955 5174 1081 5234 apte
1122 5164 1473 5220 reddiderat:
1516 5162 1662 5219 Unde
1694 5164 1855 5235 igitur
1900 5162 2096 5232 proba-

538 5233 645 5287 turi
672 5244 814 5295 sunt,
845 5242 952 5289 etc.

607 5302 733 5385 (§8)_
754 5304 1133 5375 Εὐεργεσίας.
1168 5303 1483 5385 Sic-legere
1514 5304 1809 5385 maluimus
1845 5317 1968 5357 cum
2002 5315 2100 5357 se:

534 5373 844 5447 codicibus,
878 5373 1049 5447 quam
1069 5389 1192 5429 cum
1223 5373 1385 5447 editis
1405 5374 1702 5447 ἐνεργείας.

608 5443 721 5515 (59)
750 5440 978 5497 Οὐσίαν
1021 5445 1203 5515 ἕχον.
1236 5443 1327 5499 Sic
1377 5440 1632 5515 quaiu'or_
1658 5458 1795 5515 mss.
1836 5440 2096 5496 codices:

536 5513 668 5568 editi
704 5512 898 5586 οὐσίαν
939 5512 1098 5586 ἔχων.
1134 5512 1552 5586 ιιιίᾀθηιηρἀίιίο
1591 5513 1777 5586 Paris.
1806 5526 1955 5586 _cu_m
1993 5526 2101 5586 uno

541 5590 752 5658 tantum
787 5580 1103 5658 codice'ms.
1144 5584 1304 5648 εὐθὺς
1337 5583 1541 5657 Κύριος
1578 5584 1608 5636 ό
1635 5582 1766 5647 Θεὸς
1794 5580 1969 5653 ἡμῶν.
1997 5580 2101 5635 Alii

541 5652 758 5708 codices
785 5668 919 5707 mss.
949 5662 1009 5708 ut
1038 5656 1090 5708 in
1118 5662 1399 5709 contextu.

611 5722 723 5793 (60)
759 5721 964 5792 Καθὼς
993 5726 1192 5793 αὐτός.
1233 5722 1323 5780 Sic
1352 5739 1487 5784 mss.
1517 5721 1754 5780 codices.
1783 5718 1960 5778 Editio
1997 5721 2097 5779 Pa-

2199 4578 2294 4633 καὶ
2312 4578 2389 4649 τῷ
2428 4574 2540 4647 Υἱῷ
2572 4574 2678 4646 πρὸ
2705 4572 2812 4627 τῶν
2845 4569 3076 4624 αἰώνων.
3109 4567 3293 4629 Ὥστε,
3331 4562 3432 4617 κᾶν
3468 4577 3521 4613 τι
3561 4559 3767 4631 νοήσῃς

2200 4669 2306 4724 τῶν
2340 4668 2548 4723 αἰώνων
2571 4666 2845 4728 ἐπέκεινα,
2869 4660 3025 4716 τοῦτο
3050 4659 3300 4730 εὑρήσεις
3325 4654 3418 4707 τοῦ
3448 4650 3770 4722 Πνεῦμα-τος

2967 4817 2984 4847 ⁸
3023 4810 3128 4867 Job
3158 4824 3329 4865 sum
3353 4847 3368 4872 ,
3399 4807 3453 4862 ι.
3529 4807 3550 4839 ⁸
3589 4803 3769 4860 Exod.

2201 5020 2300 5075 ris.
2334 5025 2389 5073 et
2411 5016 2579 5072 Basil.
2613 5010 2854 5070 secunda
2885 5008 3082 5071 Καθὼς
3109 5006 3203 5061 καὶ
3232 5005 3411 5068 αὑτός.
3443 5001 3560 5057 Non
3594 5004 3775 5057 multo

2202 5097 2435 5173 postne}
2469 5087 2658 5169 iisdem
2704 5080 2985 5136 codicibus
3017 5077 3248 5148 legimus
3282 5075 3517 5146 τυχόντι,
3554 5086 3665 5127 non
3711 5082 3770 5128 ut

2203 5155 2258 5215 in
2288 5158 2448 5213 editis
2474 5155 2810 5228 τυγχάνοντι.
2867 5220 2882 5228 _

2274 5211 2685 5300 (6))ςΤοιαῦτα.
2716 5222 2843 5300 Post
2867 5220 3008 5300 lianc
3034 5233 3225 5300 vocem
3255 5214 3386 5271 editi
3416 5212 3626 5268 addunt
3650 5211 3771 5275 καί,

2204 5290 2742 5371 ηυὸᾲᾼίὶηᾼνοιοτίὺυε
2773 5292 2927 5371 libris
2957 5305 3067 5371 non
3090 5290 3308 5353 legitur.

2274 5367 2386 5490 3:2")
2712 5361 2928 5415 κτίσιν.
2959 5358 3053 5414 Sic
3083 5351 3218 5414 is.
3249 5353 3466 5411 codices
3493 5372 3508 5408 :
3537 5353 3632 5406 ἐπὶ
3673 5351 3776 5423 τὴν

2206 5434 2380 5493 κτίσιν
2411 5437 2463 5491 iu
2496 5434 2678 5489 editis.

2276 5489 2387 5579 (63)
2412 5489 2642 5579 Προῆν.
2679 5501 2898 5579 Legitur
2931 5500 2985 5554 in
3018 5497 3233 5579 duobus
3265 5493 3449 5579 Regiis
3484 5489 3776 5579 codicibus

2207 5567 2309 5649 xui
2329 5567 2539 5649 πρώην.
2565 5567 3000 5649 ἐζαιΔειξρνίάεηι.
3042 5568 3214 5636 Quam
3244 5567 3573 5637 scripturam
3601 5567 3782 5617 mirer

2206 5641 2446 5705 arridere
2473 5641 2819 5703 Combeﬁsio.
