3908 6544
156 403 244 456 157

1268 395 1467 453 LIBER
1506 391 1592 449 DF
1634 391 1905 453 SPIRITU
1935 394 2238 450 .SANCTO.

3269 395 3379 451 158

149 512 438 582 κατωτέρω.
481 511 607 564 Ἐάν
649 527 708 563 τε
739 511 838 581 τὴν
873 508 1047 562 κτίσιν
1084 506 1414 578 ὲνθυμηθῇς,
1450 501 1710 574 ἐστερεώ-

1813 503 1924 560 rias
1977 502 2184 576 Spiritu
2230 516 2354 557 esse
2403 500 2696 572 pbsterius.
2748 501 2901 568 Quod
2954 502 2998 557 si
3043 505 3377 559 creationem

147 604 298 674 θησαν
324 606 380 656 αἱ
411 603 522 655 τῶν
568 603 814 673 οὐρανῶν
855 602 1116 672 δυνάμεις
1147 599 1296 669 παρά
1331 598 1423 652 τοῦ
1458 598 1708 669 Πνεῦμα-

142 714 249 760 ςκ·
276 699 376 764 τῆς
410 694 764 765 περεὼσεως
800 693 1044 764 δηλονότι
1095 691 1188 744 ἐπὶ
1224 689 1286 744 τὸ
1321 689 1708 759 δυσμετάπτω-

139 805 218 844 τον
254 787 352 856 τῆς
386 786 498 838 ἀπὸ
531 785 640 837 τῶν
673 784 894 853 ἀγαθῶν
929 783 1098 847 ἕξεως
1127 781 1442 851 νοουμένης.
1498 780 1562 832 Ἦ
1599 778 1706 850 γὰρ

138 878 262 948 πρὸς
289 877 424 929 Θεον
453 876 754 939 οἰκείωσις,
782 875 877 927 καὶ
920 873 980 926 τὸ
1009 873 1145 944 πρὸς
1191 871 1387 924 κακίαν
1417 870 1706 941 ἄτρεπτον,

137 969 373 1024 καὶτὸὲν
406 965 774 1036 μακαριότητι
799 965 1042 1035 διαρκὲς,
1074 964 1226 1033 παρά
1262 961 1356 1015 τοῦ
1390 959 1707 1032 Πνεῦματος

133 1060 241 1119 ταῖς
303 1056 572 1124 δυνάμεσι
622 1053 756 1124 (64).
807 1051 1046 1124 Χριστοῦ
1115 1050 1416 1122 ἐπιδημία·
1491 1051 1586 1103 καὶ
1645 1049 1705 1102 τὸ

133 1148 344 1218 Πνεῦμα
400 1148 717 1218 προτρέχει.
775 1146 1077 1217 Ἕνσαρκος
1144 1144 1445 1215 παρουσία·
1499 1144 1594 1196 καὶ
1648 1143 1707 1196 τὺ

133 1242 342 1310 Πνεῦμα
369 1239 705 1311 ἀχώριστον.
762 1238 1142 1310 Ἐνεργήματα
1208 1236 1507 1307 δυνάμεων,
1558 1235 1712 1308 χαρί-

136 1350 302 1404 σματα
325 1334 599 1402 ἰαμάτων,
623 1331 710 1384 διὰ
738 1329 830 1382 τοῦ
853 1328 991 1382 Πνεύ
1001 1345 1167 1399 ματος
1186 1329 1296 1403 ,τοῦ
1322 1329 1492 1396 ἁγίου.
1518 1329 1712 1398 Δαίμο-

133 1443 210 1488 ve;
254 1421 634 1493 ἀπηλαύνοντο
668 1423 726 1474 ὲν
763 1420 842 1491 τῷ
876 1420 1153 1490 Πνεῦματι
1195 1417 1291 1472 τοῦ
1330 1418 1486 1472 Θεοῦ.
1527 1418 1710 1473 Διάδο-

134 1517 212 1579 lo;
250 1517 584 1585 κατηργεῦτο
625 1512 1004 1584 συμπαρόντος
1059 1510 1172 1582 (65)
1224 1510 1318 1564 τοῦ
1367 1511 1702 1580 Πνεύματος.

143 1607 441 1677 ’Δμαρτιῶν
495 1604 872 1677 ἀπολύτρωσις
905 1604 962 1656 ὲν
1007 1603 1072 1672 τῇ
1123 1602 1303 1672 χάριτι
1333 1600 1426 1652 τοῦ
1464 1599 1708 1670 Πνεῦμα-

133 1717 227 1763 voc.
273 1699 729 1752 Ἀπελούσασθε
752 1695 863 1764 γὰρ
885 1693 982 1748 καὶ
1017 1692 1344 1762 ἡγιάσθητε
1365 1692 1434 1745 ἐν
1463 1691 1541 1757 τῷ
1572 1693 1706 1745 ὀνό-

127 1812 252 1866 ματι
278 1791 389 1846 τοῦ
428 1791 657 1858 Κυρίου
699 1788 872 1857 ἡμῶν
913 1786 1119 1855 Ἰησοῦ
1164 1786 1446 1853 Χριστοῦ,
1498 1785 1594 1839 καὶ
1635 1785 1704 1837 ἐν

1810 601 2053 664 reputes,
2083 592 2434 648 consolidant:
2474 599 2604 646 sunt
2636 592 2901 646 cmlorum
2930 593 3161 647 virtutes
3184 608 3212 645 a
3251 593 3378 663 Spi-

1809 685 1952 750 ritu,
1983 685 2058 739 ita
2101 691 2164 739 ut
2207 683 2696 738 consolidationem
2727 684 3001 754 intelligas
3041 683 3377 751 ﬁrmitatem,

1807 792 1930 846 quae
1979 792 2091 832 non
2143 774 2303 829 facile
2355 773 2622 828 bonorum
2660 773 2846 826 habitu
2891 773 3129 828 excidat.
3165 775 3379 831 Etenim

1807 867 1955 940 quod
2003 867 2115 922 Deo
2150 868 2460 937 conjuncta:
2509 873 2671 932 sunt,
2705 865 2962 935 quodque
3001 867 3069 921 ad
3115 870 3379 922 malitiam

1809 960 1950 1016 verti
1985 973 2093 1012 non
2125 965 2353 1026 queunt,
2385 955 2639 1027 quodque
2673 955 2728 1009 in
2761 955 3096 1012 beatitudine
3119 965 3381 1027 perpetuo

1809 1059 2164 1121 perseverant
2210 1050 2482 1113 virtutes,
2536 1047 2590 1100 id
2633 1045 2740 1100 illis
2791 1061 2820 1098 a
2881 1045 3087 1116 Spiritu
3147 1049 3375 1107 accedit.

1807 1141 2010 1196 Christi
2055 1141 2351 1205 adventus;
2385 1137 2626 1208 Spiritus
2653 1139 2968 1207 praacurrit.
2997 1137 3056 1192 In
3093 1154 3257 1195 carne
3284 1141 3380 1194 ad-

1805 1239 2024 1297 ventus,
2051 1240 2106 1286 et
2133 1229 2373 1301 Spiritus
2396 1229 2797 1300 inseparabilis.
2824 1226 3184 1298 Operationes
3207 1231 3380 1284 virtu-

1807 1334 1943 1390 tum,
1971 1325 2113 1379 dona
2146 1323 2530 1387 sanationum;
2563 1321 2656 1376 sed
2685 1337 2780 1390 per
2807 1321 3068 1390 Spiritum
3099 1330 3376 1379 sanctum.

1806 1415 2091 1471 Daemones
2121 1415 2334 1492 expulsi
2383 1413 2437 1466 in
2487 1411 2696 1482 Spiritu
2726 1411 2845 1466 Dei.
2879 1410 3142 1467 Diabolus
3176 1414 3379 1483 spolia-

1808 1518 1899 1563 tus
1921 1515 2003 1562 est
2028 1507 2258 1576 imperio
2280 1505 2442 1559 simul
2472 1513 2738 1574 praesente
2763 1503 2993 1574 Spiritu.
3025 1504 3379 1562 Peccatorum

1807 1600 1949 1654 facta
1977 1598 2229 1653 remissio
2251 1639 2265 1664 ,
2299 1596 2393 1652 sed
2423 1597 2480 1649 in
2507 1597 2677 1666 gratia
2711 1595 2967 1666 Spiritus.
3005 1595 3192 1649 Abluti
3239 1597 3380 1650 enim

1807 1693 1932 1746 estis
1975 1700 2024 1745 et
2074 1691 2392 1758 sanctiﬁcati
2429 1690 2483 1742 in
2530 1690 2738 1742 nomine
2788 1688 3002 1741 Domini
3046 1690 3213 1742 nostri
3250 1688 3380 1742 Jesu
3465 1685 3480 1702 '

1812 1785 2029 1848 Christi,
2057 1792 2105 1838 et
2138 1784 2190 1835 iu
2215 1781 2418 1850 Spiritu
2442 1790 2624 1834 sancto
2653 1783 2692 1833 ³.
2723 1779 3058 1849 Conjunctio
3112 1794 3236 1832 cum
3268 1778 3380 1833 Deo

135 1864 203 1955 τῷ
231 1888 540 1953 Πνεῦματι
566 1883 647 1950 τῷ
672 1883 820 1952 ἀπίῳ
848 1881 983 1952 (66).
1003 1881 1290 1944 Οίκείωσις
1319 1880 1455 1950 πρὸς
1468 1879 1599 1932 Θεὸν
1619 1878 1706 1932 διὰ

1813 1875 1866 1930 lit
1914 1891 2010 1946 per
2059 1873 2345 1943 Spiritum.
2384 1871 2535 1925 Misit
2579 1873 2715 1925 enim
2756 1870 2897 1924 Deus
2941 1868 3197 1937 Spiritum
3245 1866 3378 1921 Filii

132 1979 568 2049 τοῦΠνεύματος.
608 1973 1033 2039 Ἐξαπέστειλε
1057 1974 1167 2042 γὰρ
1197 1974 1229 2025 ὁ
1258 1971 1398 2037 Θεὸς
1427 1971 1495 2024 τὸ
1521 1970 1706 2024 Πνεῦ-

130 2091 202 2144 μα
223 2073 328 2126 τοῦ
359 2070 502 2124 Υιοῦ
531 2067 720 2122 αὐτοῦ
742 2067 813 2120 ἐν
852 2065 983 2131 ταῖς
1033 2062 1304 2131 καρδίαις
1338 2061 1537 2131 ἡμῶν,
1570 2059 1706 2129 κράο

134 2166 247 2228 ζον-ι
292 2161 474 2218 Ἀὄΰᾶ
513 2165 548 2215 ὁ
578 2158 805 2226 Πατήρ.
853 2157 919 2210 Ἡ
969 2159 1033 2210 ἐκ
1079 2153 1285 2225 νεκρῶν
1330 2152 1702 2218 ἐξανάστασις,

135 2261 190 2328 τῇ
216 2257 474 2327 ἐνεργείᾳ.
508 2253 604 2306 τοῦ
633 2250 773 2304 Πνεύ
783 2267 972 2321 ματος.
1009 2245 1462 2312 Ἐξαποστελεῖς
1498 2245 1607 2316 γὰρ
1638 2244 1704 2297 τὸ

133 2348 362 2417 Πνεῦμὰ
391 2363 537 2408 σου,
576 2345 672 2398 καὶ
711 2341 1166 2410 κτισθήσονται,
1214 2338 1313 2392 καὶ
1340 2335 1704 2401 ἀνακαινιεῖς

134 2442 191 2494 τὸ
213 2441 550 2508 πρόσωπον
585 2435 692 2502 τῆς
719 2433 852 2505 γῆς.
890 2433 1014 2486 Εἴτε
1046 2432 1143 2504 τὴν
1181 2431 1360 2484 κτίσιν
1388 2448 1471 2493 τις
1501 2427 1707 2498 ἐκλαμ-

134 2533 268 2586 ϐάνοι
313 2531 414 2584 ἐπὶ
465 2529 570 2599 τῆς
624 2527 733 2580 τῶν
771 2524 1123 2578 διαλυθέντων
1162 2520 1541 2582 ἀναϐιώσεως,
1590 2517 1708 2580 πῶς

132 2627 185 2678 οὗ
229 2623 446 2694 μεγάλη
501 2619 598 2673 τοῦ
633 2617 952 2688 Πνεύματος
981 2617 1015 2686 ἡ
1053 2614 1320 2686 ἐνέργεια,
1367 2610 1460 2665 τοῦ
1503 2612 1706 2664 οἰκονο-

134 2713 346 2786 μοῦντος
381 2714 519 2783 ἡμῖν
552 2711 642 2763 τὸν
670 2709 730 2772 ἐξ
754 2706 1103 2769 ἀναστάσεως
1129 2704 1262 2774 βίον,
1300 2702 1395 2757 καὶ
1432 2701 1568 2774 πρὸς
1605 2700 1703 2771 τὴν

133 2805 514 2877 πνευματικὴν
547 2801 764 2872 ἐκείνην
811 2799 956 2871 ζωὴν
996 2799 1095 2862 τὰς
1129 2797 1307 2868 ψυχὰς
1337 2796 1495 2866 ἡμῶν
1541 2811 1706 2864 μετα-

134 2899 485 2969 ρυθμξζοντος
507 2912 522 2959 ;
547 2893 672 2948 Εἴτε
724 2892 932 2960 λέγοιτο
962 2889 1136 2952 κτίσις
1164 2889 1196 2958 ἡ
1226 2884 1460 2940 ἐνταῦθα
1497 2884 1606 2937 τῶν
1647 2882 1704 2949 ἐξ

133 2992 398 3062 ἁμαρτίας
431 2985 900 3042 διαπεπτωκότων
939 2982 1029 3035 ἐπὶ
1057 2980 1119 3033 τὸ
1158 2980 1363 3049 βέλτιον
1393 2977 1505 3047 (67)
1544 2992 1706 3047 μετα-

132 3083 391 3149 κόσμησις
414 3077 675 3146 (λέγεται
706 3073 815 3144 γὰρ
835 3071 928 3125 καὶ
958 3071 1101 3125 οὕτω
1130 3069 1268 3123 κατὰ
1289 3068 1388 3139 τὴν
1422 3066 1706 3138 συνήθειαν

1805 1967 1891 2021 sui
1921 1968 1976 2019 in
2000 1964 2164 2019 corda
2211 1973 2417 2026 nostra,
2451 1961 2790 2024 clamantem,
2825 1960 2975 2012 Abba
3006 1959 3169 2012 Pater
3194 1959 3236 2011 ⁸.
3271 1957 3378 2012 Re-

1805 2058 2078 2114 surrectio
2111 2073 2140 2110 a
2169 2058 2424 2116 mortuis,
2457 2052 2697 2122 Spiritus
2722 2053 2941 2106 virtute.
2970 2049 3200 2103 Emittcs
3216 2051 3380 2119 siqui-

1805 2150 1920 2205 dem
1941 2149 2197 2219 Spiritum
2243 2156 2410 2208 tuum,
2441 2155 2490 2199 et
2521 2143 2858 2206 creabantur,
2894 2152 2942 2196 et
2985 2140 3260 2196 renovabis
3288 2141 3378 2209 [a-

1805 2243 1937 2296 ciem
1989 2251 2142 2295 terra:
2170 2241 2212 2292 ’.
2267 2238 2392 2291 Sive
2444 2235 2568 2306 quis
2624 2234 2957 2289 creationem
3018 2233 3255 2301 accipiat
3311 2231 3381 2288 de

1803 2333 2198 2388 esstinctorum
2228 2327 2639 2392 reviviscentia;
2667 2341 2732 2378 an
2774 2340 2880 2378 non
2910 2337 3108 2393 magna
3141 2321 3379 2392 Spiritus

1803 2421 2077 2492 operatio,
2107 2420 2200 2489 qui
2247 2417 2406 2472 nobis
2438 2415 2748 2486 suppeditat
2798 2414 2964 2466 vitam
3013 2427 3078 2466 ex
3128 2427 3378 2466 resurre-

1803 2513 2004 2575 ctione,
2028 2520 2084 2564 ct
2110 2509 2174 2562 ad
2199 2506 2537 2577 spiritualem
2568 2503 2714 2555 illam
2736 2503 2900 2553 vitam
2929 2499 3142 2552 animas
3163 2512 3380 2552 noswas

1804 2600 2065 2670 adaptat?
2096 2597 2223 2651 Sive
2271 2595 2478 2650 Creatio
2511 2593 2726 2647 dicatur
2755 2605 2880 2645 esse
2914 2605 3128 2652 eorum,
3168 2589 3259 2658 qui
3290 2586 3382 2646 hic

1803 2706 1900 2761 per
1928 2695 2211 2759 peccatum
2242 2685 2378 2748 lapsi
2413 2690 2574 2748 sunt,
2606 2680 2661 2733 in
2707 2679 2986 2733 meliorem
3022 2683 3222 2730 statum
3256 2692 3380 2729 mu-

1803 2782 2101 2852 tatiolnam
2133 2778 2206 2832 ita
2239 2790 2456 2846 quoque
2490 2784 2881 2838 nonnunquam
2906 2768 3381 2836 usurpaturjuxta

1806 2870 2108 2940 Scriptura:
2137 2862 2612 2925 consuetudinem,
2647 2860 2800 2914 velut
2830 2873 2954 2912 cum
2987 2855 3193 2911 Paulus
3220 2855 3378 2918 dicit,

1802 2963 1861 3018 Si
1900 2979 2002 3034 qua
2047 2962 2101 3014 in
2147 2957 2356 3014 Christo
2386 2971 2515 3009 nova
2544 2960 2789 3006 creatura
2823 2948 2898 3019 ⁴⁸),
2937 2947 3218 3002 renovatio
3262 2958 3383 3013 qua

1803 3057 1893 3112 hic
1919 3059 2010 3121 lit,
2047 3064 2103 3110 et
2134 3068 2164 3107 a
2195 3053 2308 3106 vita
2337 3049 2588 3105 terrestri
2635 3059 2699 3100 ac
2741 3041 3072 3097 turbulentis
3098 3038 3382 3094 aliectibus

132 3130 242 3239 ei;
256 3130 508 3239 Ιίραέρξγς,
533 3130 625 3228 ’ὡς
651 3130 1012 3224 ὅτανιῐῐαῦλος
1050 3159 1186 3230 λέγῃ
1205 3176 1217 3188 ·
1247 3157 1320 3211 El
1347 3130 1438 3222 τις
1467 3130 1551 3208 ἐν’
1573 3157 1706 3222 Χρι-

1813 3148 2044 3205 obnoxia
2070 3147 2136 3201 ad
2161 3145 2438 3202 caelestem
2468 3137 2946 3195 conversationem
2972 3130 3382 3194 transmutatio,

132 3261 246 3326 ι·τῲ
283 3257 468 3326 καινὴ
501 3256 756 3325 κτίσις),
810 3252 902 3306 καὶ
930 3254 957 3305 ὁ
995 3249 1227 3304 ἐνταῦθα
1262 3248 1440 3302 τοίνυν
1477 3248 1706 3310 ἀνακαι-

132 3353 332 3422 νισμὸς,
364 3351 465 3404 καὶ
512 3351 545 3420 ὴ
596 3347 705 3401 ἀπὸ
731 3345 832 3415 τῆς
861 3345 1053 3414 γηῖνης
1103 3343 1197 3395 καὶ
1242 3339 1525 3412 ὲμπαθοῦς
1562 3338 1706 3408 ζωῆς

131 3446 216 3498 ἰπὶ
237 3443 334 3515 τὴν
372 3440 632 3514 οὐράνιον
659 3436 934 3492 πολιτείαν
962 3433 1264 3506 μεταϐολὴ,
1297 3431 1383 3487 διὰ
1419 3432 1513 3485 τοῦ
1540 3430 1709 3486 ΙΙνεύ-

135 3555 293 3607 pato;
331 3537 469 3607 ἡμῖν
492 3533 780 3604 γινομένη,
817 3531 908 3584 ἐπὶ
936 3530 1117 3582 πᾶσαν
1161 3524 1466 3596 ὑπερϐολὴν
1502 3523 1710 3593 θαύμα-

130 3647 213 3693 τος
243 3630 345 3692 τὰς
378 3626 564 3698 ψυχὰς
595 3625 752 3695 ἡμῶν
806 3622 1014 3690 ἀνάγει.
1057 3619 1180 3674 Ἐπὶ
1229 3616 1439 3680 τούτοις
1487 3616 1710 3685 πότερον

133 3721 459 3792 φοϐηθῶμεν
484 3718 561 3789 μὴ
590 3716 689 3787 τὴν
714 3715 870 3782 ἀξίαν
893 3711 1218 3785 ὑπερὸῶμεν
1245 3711 1363 3772 ταῖς
1390 3707 1710 3779 ὑπερϐολαῖς

131 3814 231 3866 τῶν
254 3811 464 3882 τιμῶνε
506 3809 540 3878 ἦ
561 3807 622 3860 τὸ
641 3805 903 3870 ἐναντίον,
944 3804 1018 3876 μὴ
1064 3804 1143 3867 εἰς
1170 3800 1420 3854 ταπεινὸν
1445 3797 1553 3869 (68)
1580 3814 1709 3850 κατα

130 3905 431 3972 αγαγωμεν
479 3899 579 3970 τὴν
614 3898 743 3969 περὶ
789 3895 951 3950 αὑτοῦ
988 3893 1215 3956 ἔννοιαν,
1254 3892 1358 3945 κᾶν
1393 3889 1462 3942 τὰ
1486 3889 1713 3960 μέγιστα

131 3995 364 4063 asangm
410 3991 501 4044 ἐπ’
533 3987 683 4059 αὐτῷ
723 3988 832 4041 τῶν
875 3985 934 4050 ἐξ
978 3983 1324 4054 ἀνθρωπίνης
1356 3979 1592 4043 διανοίας
1620 3978 1716 4032 καὶ

132 4084 379 4152 γλώττης
425 4077 857 4152 προφερομένων
893 4071 1258 4144 φθέγγεσθαι;
1289 4069 1427 4124 Τάδε
1477 4067 1623 4135 λέγει
1654 4065 1714 4118 τὸ

131 4175 356 4246 Πνεῦμα
381 4173 445 4226 τὸ
481 4174 657 4240 ἆγιον,
684 4170 760 4232 ὼς
795 4167 918 4221 τάδε
945 4165 1092 4234 λέγει
1127 4163 1328 4233 Κύριος
1349 4178 1362 4192 ο
1397 4159 1710 4226 ιίατάϐηθι,

129 4270 225 4322 καὶ
259 4267 532 4334 πορεύου
573 4262 697 4316 σὺν
733 4258 968 4324 αὐτοῖς,
1017 4255 1211 4325 μηδὲν
1250 4253 1712 4321 διακρινόμενος,

127 4364 279 4417 διότι
306 4359 428 4427 ἐγὼ
458 4355 686 4420 αὐτοὺς
712 4352 1086 4407 ἀπέσταλκα.
1136 4348 1228 4419 Μὴ
1261 4345 1514 4400 ταπεινοῦ
1545 4343 1716 4398 ταῦτα

132 4455 226 4509 καὶ
270 4449 685 4519 κατεπτηχότος
723 4446 794 4498 τά
836 4447 1091 4516 (inpura;
1133 4439 1478 4509 Ἀφορίσατε
1508 4435 1582 4502 δή
1615 4451 1717 4504 μοι

133 4545 453 4614 Βαρνάϐαν
479 4540 581 4594 καὶ
610 4539 720 4593 τὸν
744 4536 984 4590 Σαῦλον
1022 4536 1110 4599 εις
1146 4532 1211 4585 τὸ
1252 4532 1428 4599 ἔργον
1457 4528 1488 4580 ὃ
1531 4540 1718 4594 προσ-

133 4641 431 4705 κέκλημαι
459 4633 705 4697 αὺτούς.
733 4627 826 4698 Μὴ
841 4627 1026 4689 δοῦλος
1056 4623 1200 4678 οὕτω
1245 4622 1574 4692 φθέγγεται;
1605 4617 1718 4670 Καὶ

131 4734 160 4784 ὁ
200 4730 437 4789 Ἥσαῖας
457 4743 471 4754 ·
503 4725 722 4790 Κύριος
748 4714 1096 4773 ἀπέσταλκέ
1117 4731 1215 4784 με,
1243 4713 1340 4766 καὶ
1375 4709 1438 4764 τὸ
1478 4706 1721 4776 Πνεῦμα

128 4822 357 4878 αὑτοῦ·
410 4819 541 4882 καὶ,
589 4814 816 4880 Κατέϐη
858 4809 1102 4877 Πνεῦμα
1135 4805 1295 4875 παρὰ
1339 4802 1582 4871 Κυρίου,
1621 4797 1720 4852 καί

234 4975 254 5006 ³
295 4975 315 5027 l
354 4973 484 5027 Cor.
524 4987 600 5033 vr,
639 4968 726 5022 H.
829 4966 851 4997 ⁸
888 4964 1066 5020 Galat.
1111 4978 1184 5023 ιν,
1221 4960 1272 5033 β.

1376 4959 1397 4990 ⁸
1437 4955 1580 5012 Psal.
1625 4969 1742 5015 cui,
1772 4951 1858 5006 50.

1807 3257 1929 3312 quas
1959 3239 2019 3294 ﬁt
2048 3239 2106 3293 in
2135 3237 2294 3292 nobis
2340 3251 2434 3305 per
2473 3232 2773 3303 Spiritum,
2806 3226 2872 3281 ad
2905 3239 3171 3282 summam
3206 3221 3382 3285 admi-

1807 3333 2078 3388 rationem
2101 3327 2321 3384 deducit
2351 3325 2565 3379 animos
2589 3330 2830 3376 nostros.
2857 3316 2915 3370 lu
2947 3317 3030 3371 liis
3059 3322 3238 3367 utrum
3270 3325 3385 3365 me-

1809 3433 1965 3479 tuere
1993 3422 2277 3480 debemus,
2308 3433 2375 3472 ne
2400 3417 2719 3485 dignitatem
2748 3407 3057 3464 immodicis
3084 3403 3385 3459 honoribus

1809 3515 2275 3586 transgrediamur
2299 3511 2321 3564 ?
2340 3526 2407 3563 an
2431 3514 2645 3572 contra,
2665 3520 2733 3558 ne
2751 3503 2897 3556 illius
2914 3501 3186 3554 notionem
3203 3495 3268 3550 ad
3285 3495 3386 3548 hu-

1810 3607 1956 3660 milia
1969 3605 2361 3676 deprimamus,
2379 3597 2590 3654 etiamsi
2608 3595 2886 3650 videamur
2907 3590 3138 3644 maxima
3152 3589 3218 3641 de
3229 3601 3293 3640 eo
3308 3586 3386 3639 lo-

1812 3698 1927 3768 qui,
1950 3711 2071 3767 quae
2088 3693 2307 3765 quidem
2327 3692 2560 3744 humana
2577 3694 2758 3741 mente
2773 3684 2984 3750 concipi
3007 3721 3021 3746 ,
3043 3681 3387 3747 humanaque

1813 3790 1994 3860 lingua
2015 3787 2251 3856 proferri
2275 3783 2544 3854 possunt?
2577 3778 2698 3831 llaec
2715 3776 2849 3830 dicit
2871 3773 3110 3842 Spiritus
3136 3778 3382 3835 sanctus,

1813 3859 1956 3936 sicut
1973 3879 2084 3933 inec
2101 3878 2230 3932 dicit
2250 3873 2542 3928 Dominus:
2561 3867 2846 3927 Descende,
2869 3874 2914 3917 et
2937 3878 3086 3930 perge
3113 3876 3228 3913 cum
3249 3859 3383 3922 illis,

1813 3971 1944 4026 nihil
1966 3970 2238 4032 hwsitans,
2257 3964 2505 4036 quoniam
2522 3977 2610 4030 ego
2629 3958 2748 4011 misi
2775 3956 2893 4008 illos
2916 3954 2958 4006 ".
2978 3951 3114 4004 Num
3136 3950 3387 4004 lifecsunt

1815 4065 2009 4134 objecti
2025 4077 2088 4116 ac
2106 4068 2251 4115 metu
2275 4054 2610 4112 consternati
2629 4052 2790 4106 verba
2807 4049 3087 4115 ?Separale
3103 4044 3229 4097 mihi
3249 4042 3386 4094 Bar-

1817 4131 2070 4229 nabamet
2085 4151 2304 4207 Saulum
2337 4149 2390 4200 in
2409 4161 2535 4213 opus
2554 4145 2621 4196 ad
2641 4142 2747 4214 42
2763 4139 2899 4210 quod
2932 4135 3178 4191 accersivi
3203 4133 3321 4186 illos
3342 4131 3384 4183 ⁸.

1814 4247 1953 4302 Num
1985 4225 2175 4300 servus
2205 4244 2278 4296 ita
2312 4237 2590 4308 loquitur?
2621 4234 2684 4287 Et
2711 4233 2878 4288 Isaias
2912 4248 2924 4281 :
2958 4230 3212 4282 Dominus
3245 4225 3389 4277 misit

1817 4357 1918 4406 me,
1945 4347 1994 4394 et
2020 4337 2252 4406 Spiritus
2283 4334 2394 4402 ejus
2437 4335 2492 4397 ⁹;
2528 4336 2582 4384 et
2603 4369 2618 4393 ,
2655 4325 2932 4381 Descendit
2960 4321 3187 4390 Spiritus
3217 4336 3249 4372 a
3280 4317 3390 4370 Do-

1821 4433 1986 4495 mino,
2014 4440 2062 4484 et
2106 4426 2324 4481 deduxit
2353 4423 2474 4476 illos
2506 4423 2575 4475 ν’.
2617 4419 2686 4472 At
2713 4433 2780 4471 ne
2810 4429 3004 4469 rursus
3042 4411 3173 4465 mihi
3214 4406 3389 4463 dedu-

1821 4523 2053 4579 ctionem
2098 4519 2338 4588 accipias
2369 4529 2467 4585 pro
2503 4510 2694 4566 humili
2745 4505 3070 4561 ministerio.
3119 4500 3251 4554 Nam
3286 4498 3391 4552 hoo

1819 4631 1958 4687 opus
1987 4613 2152 4668 etiam
2195 4610 2289 4664 Dei
2317 4623 2441 4664 esse
2472 4613 2708 4660 testatur
2743 4601 3050 4668 Scriptura.
3085 4590 3386 4653 Deduxisti,

1819 4683 2026 4775 inquit,
2056 4704 2193 4757 sicut
2228 4716 2344 4755 oves
2374 4696 2622 4767 populum
2655 4706 2804 4747 tuum
2828 4691 2906 4757 ¹⁰;
2935 4699 3017 4753 ct,
3048 4686 3150 4752 Qui
3181 4683 3389 4739 deducis

1823 4796 1960 4851 velut
1983 4811 2123 4850 ovem
2157 4791 2352 4861 Ioseph
2381 4791 2460 4856 “;
2495 4797 2570 4852 et,
2602 4783 2835 4840 Deduxit
2862 4797 2948 4835 eos
2977 4782 3030 4834 in
3069 4794 3178 4846 spe,
3208 4785 3257 4830 et
3286 4790 3389 4827 non

1966 4952 1987 4982 °
2024 4950 2068 5004 ll
2099 4948 2225 5002 Cor.
2256 4963 2309 5008 v,
2353 4945 2439 4998 17.
2512 4944 2533 4974 ⁷
2571 4944 2690 4996 Act.
2725 4957 2780 5003 x,
2805 4937 2893 4990 ‘20.
2971 4936 2992 4966 ⁸
3029 4933 3146 4986 Act.
3178 4945 3295 4993 xui,
3330 4928 3386 4981 2.

131 5050 153 5080 ’
195 5048 304 5100 lsa.
353 5059 546 5104 XLVIII,
587 5015 675 5094 λθ.
753 5036 798 5069 ’⁸
837 5037 947 5095 Isa.
973 5015 1132 5095 LXIII,
1173 5015 1261 5084 Π.
1328 5031 1371 5061 ¹⁰
1410 5027 1556 5082 Psal.
1588 5041 1710 5079 ιλιι

1813 5021 1902 5077 21.
1982 5023 2021 5053 ⁸³
2062 5019 2206 5073 Psal.
2251 5031 2445 5079 LXXIX,
2489 5015 2538 5066 1.

214 5178 333 5249 (64)
361 5170 873 5249 Δυνᾴμεσι.“Ει1ἰιί
921 5167 1130 5223 addunt
1179 5164 1529 5249 προσγέγονε.
1557 5158 1716 5243 βοε.

134 5232 424 5308 εεὲυιιδυε
441 5232 671 5315 γίνεται.
692 5242 952 5315 Neutrum
982 5232 1300 5315 occu_t_r_it'_in
1332 5232 1452 5315 aliis
1481 5232 1719 5314 quinque

135 5301 465 5377 calicibus:
495 5315 599 5370 Sed
633 5316 752 5368 haec
778 5311 1034 5364 videntur
1063 5305 1342 5377 addidisse
1390 5301 1620 5363 librarii,
1663 5308 1722 5353 ut

134 5375 430 5460 explerent
463 5386 609 5460 quod
655 5395 912 5437 mancum
943 5387 997 5434 et
1029 5375 1408 5448 imperfectum
1443 5387 1552 5426 non
1581 5377 1718 5432 erat,

137 5457 236 5519 sed
269 5475 401 5514 esse
433 5457 741 5511 videbatur.

209 5531 327 5601 (65)
389 5526 837 5601 Συμπαρόντος.
891 5519 983 5575 Sic
1030 5517 1248 5572 codices
1298 5528 1434 5569 mss.
1485 5524 1721 5567 omnes:

135 5599 266 5661 editi
297 5599 660 5670 ἐμπαρόντος.

208 5652 438 5740 iscire,
458 5652 635 5736 ὶιγίφῖ
665 5663 888 5718 Addunt
909 5660 1016 5740 duo
1035 5653 1365 5740 codices'roﬁ
1384 5656 1518 5740 οεος»
1542 5652 1719 5740 ἡμῶν.

141 5724 261 5798 κάξ
307 5724 462 5810 Regii
485 5724 722 5810 quartus
742 5743 816 5810 _et
851 5733 1079 5810 quintps
1114 5727 1360 5810 καρδίαις
1388 5724 1570 5810 ημῶν.
1591 5724 1718 5810 ﬁec

145 5765 261 5798 mox
308 5765 722 5810 ntgllquitnua
761 5765 816 5788 ει
855 5765 1079 5803 quiin-ua
1117 5765 1358 5798 ωπον-*σν
1395 5765 1405 5779 ι
1431 5765 1562 5797 μων.
1609 5765 1712 5778 ..ιι

145 5815 320 5870 multo
366 5819 484 5882 post
536 5807 710 5864 editio
741 5803 914 5861 Paris.
963 5801 1083 5856 Εἴτε
1130 5796 1220 5854 οὖν
1253 5798 1368 5869 τήν.
1411 5765 1542 5853 δὶιςιε.
1591 5795 1712 5849 Εἴτε

1824 5161 1941 5230 τήν,
1960 5166 2028 5230 et
2065 5155 2230 5230 Basil.
2253 5153 2383 5230 edit.

1896 5208 2310 5298 (θ’ίγέέλτιον.
2339 5223 2429 5278 Sic
2469 5237 2657 5278 omnes
2689 5235 2819 5275 mss.
2852 5216 3104 5273 codices:
3159 5209 3287 5265 editi
3331 5208 3391 5263 τὸ

1831 5299 2012 5438 ﬂigi}:
2166 5367 2466 5422 ταπεινόν.
2501 5362 2631 5430 Reg.
2658 5359 2868 5438 tertius”
2885 5349 3390 5438 cum‘CMbertxetg

1827 5418 2206 5508 ταπεινότητα.
2232 5418 2521 5504 Aliquanto
2551 5418 2674 5508 post
2695 5428 2822 5483 editi
2845 5428 2924 5478 ὅτι
2946 5423 3053 5508 εγω
3074 5418 3389 5508 ἀπέσταλκα

1829 5508 2042 5571 αὐτούς.
2066 5493 2294 5564 (ἒόᾱίεεε
2319 5493 2450 5560 mss.
2480 5493 2614 5556 utin
2646 5505 2922 5571 contextu.
2955 5493 3193 5571 Subinde
3218 5493 3382 5571 trium

1830 5563 2080 5633 codicum
2119 5579 2444 5646 scripturam
2478 5570 2846 5646 Lprzetulimus
2898 5563 3270 5646 vulgatzenebv
3326 5573 3385 5610 τι

1830 5649 2114 5722 Βαρνάϐαν
2145 5633 2247 5722 κει·
2268 5647 2368 5722 τὸν.
2387 5633 2615 5722 Παῦλον.
2651 5640 2946 5695 Aliouanto
2971 5633 3108 5692 infra
3137 5633 3266 5703 Reg.
3297 5644 3385 5684 se-

1827 5714 2038 5777 cundus
2071 5718 2294 5788 Πνεῦμα
2327 5714 2550 5785 Κυρίου.
