3908 6562
598 338 702 397 159
1903 334 1961 391 s.
2004 335 2249 431 BASlLll
2286 313 2542 393 metu
3524 330 3532 337 ·
3739 328 3857 385 mo

595 458 883 512 timuerunt
914 455 978 508 ¹¹.
1027 452 1263 510 Proinde
1308 468 1433 509 cum
1478 452 1755 517 audieris,
1803 452 1934 510 Cum
1978 457 2148 511 veneri

2270 455 2589 527 ὡδήγησεν
2625 453 2864 520 αὐτούς.
2897 454 3007 507 Και
3050 467 3123 524 μη
3154 469 3243 524 μοι
3290 450 3390 523 τὴν
3415 449 3637 521 ὀδηγίαν
3684 449 3863 503 πάλιν

594 548 915 605 Paracletus
936 587 951 608 ,
983 547 1072 601 ille
1109 545 1253 600 vobis
1282 555 1551 617 suggeret,
1586 562 1648 599 ac
1676 562 1764 600 vos
1791 546 1943 600 ducet
1975 548 2027 601 in
2057 563 2140 601 om

2274 548 2352 611 εἰς
2378 547 2637 618 ταπεινὴν
2662 545 2937 600 διακονίαν
2970 543 3226 618 ἐκλάδῃς.
3248 543 3420 597 Τοῦτο
3450 542 3558 614 γὰρ
3583 542 3679 596 καὶ
3705 538 3861 594 Θεοῦ

593 660 714 700 nem
746 644 1015 697 veritatem
1040 640 1084 672 ¹³
1110 659 1123 694 :
1152 639 1332 710 cogita
1358 637 1765 703 deductionem,
1787 637 1951 693 sicuti
1973 636 2151 693 doctu:

2272 637 2431 709 ἔργον
2479 635 2615 692 εἶναι
2662 640 2691 692 ό
2752 637 2911 706 λόγος
2957 635 3403 707 διαμαρτύρεται.
3462 633 3860 703 Ὠδήγησας,

589 750 689 800 es;
725 750 794 790 ne
819 732 1175 789 calumnieris
1206 730 1529 800 cogitatum.

2273 729 2458 799 φησὶν,
2480 729 2559 795 ὠς
2590 728 2851 796 πρόϐατα
2879 726 2985 780 τὸν
3011 726 3167 780 λαόν
3197 740 3313 779 σου
3331 740 3346 754 ·
3374 726 3487 786 καὶ,
3522 725 3577 777 '0
3604 720 3863 792 ὁδηγῶν

591 829 736 884 ὡσεὶ
773 829 1066 898 πρόϐατον
1098 825 1204 879 τὸν
1265 824 1509 893 Ἰωσήφ·
1557 826 1672 888 καὶ,
1743 821 2079 892 Ὠδήτησεν
2121 824 2342 889 αὐτοὺς
2405 824 2498 878 ἐπ’
2538 823 2768 887 ἐλπίδι,
2803 823 2902 878 καί
2936 825 3047 878 οὐκ
3091 821 3455 875 ἐδειλίασαν.
3483 822 3646 874 Ὥστε
3712 820 3860 873 ὅταν

590 920 850 993 ἀκούσῃς,
899 920 980 972 ὅτι
1042 918 1226 970 Ὅταν
1254 916 1401 983 ἔλθῃ
1443 918 1476 970 ό
1512 914 1923 984 Παράλλητος,
1956 915 2188 981 ἐκεῖνος
2225 914 2380 985 ὑμᾶς
2417 916 2755 986 ἀναμνήσει
2798 915 2898 969 καί
2951 911 3236 984 ὁδηγήσει
3298 911 3409 984 (69)
3443 910 3592 981 πρὸς
3633 909 3861 965 πᾶσαν

591 1014 709 1084 τὴν
749 1012 1057 1083 ἀλήθειαν,
1089 1013 1187 1083 τὴν
1225 1011 1468 1081 ὁδηγίαν,
1501 1011 1576 1074 ὡς
1619 1012 1920 1082 ἐδιδάχθης,
1944 1012 2082 1064 νόει·
2120 1010 2194 1082 μὴ
2233 1011 2556 1081 συκοφάντει
2588 1008 2685 1080 τὴν
2711 1009 2936 1063 ἔννοιαν.

667 1106 758 1161 50.
797 1102 865 1158 At
884 1143 898 1164 ,
929 1103 1163 1172 inquies,
1194 1101 1373 1156 Etiam
1402 1103 1703 1172 interpellat
1748 1118 1842 1172 pro
1887 1106 2035 1161 nobis
2066 1104 2111 1136 “
2143 1124 2158 1159 :

590 1195 821 1268 proinde
845 1201 1109 1265 quantum
1139 1195 1187 1250 is
1215 1194 1306 1264 qui
1340 1195 1569 1264 supplex
1614 1204 1699 1250 est
1718 1236 1734 1260 ,
1784 1195 2035 1251 beneﬁcii
2067 1211 2163 1251 au-

591 1294 749 1341 ctore
785 1284 1014 1339 inferior
1040 1291 1159 1351 est,
1187 1292 1396 1338 tantum
1433 1300 1652 1354 quoque
1683 1284 1921 1354 Spiritus
1949 1287 2162 1342 ratione

592 1375 879 1446 dignitatis
901 1390 930 1428 a
964 1372 1074 1429 Deo
1100 1381 1369 1430 remotus.
1398 1374 1468 1426 At
1498 1382 1555 1427 tu
1586 1375 1826 1430 nondum
1859 1373 2062 1430 audisti
2091 1374 2159 1431 de

594 1465 910 1537 Unigenito,
939 1464 1085 1535 quod
1115 1465 1162 1520 is
1186 1474 1270 1520 est
1295 1466 1352 1520 in
1378 1463 1601 1521 dextera
1624 1465 1741 1531 Dei,
1767 1474 1822 1522 et
1852 1466 2163 1537 interpellat

598 1574 700 1629 pro
736 1558 903 1613 nobis
930 1557 1012 1611 "‘i
1047 1557 1234 1626 Itaque
1273 1558 1403 1627 quia
1454 1557 1691 1628 Spiritus
1739 1558 1795 1613 in
1841 1565 1896 1613 te
1944 1565 2062 1622 est,
2116 1558 2163 1613 si

592 1658 776 1704 tamen
805 1648 1032 1703 omnino
1068 1649 1126 1701 in
1173 1656 1228 1703 te
1254 1653 1360 1714 est,
1390 1653 1444 1703 et
1489 1646 1618 1718 quia
1648 1661 1749 1701 nos
1776 1654 2073 1702 excaecatos
2097 1647 2164 1701 ad

2338 1104 2425 1159 50.
2478 1103 2637 1156 Ἀλλά
2676 1103 2785 1158 Kal
2826 1100 3196 1171 ἐντυγχάνει,
3235 1101 3419 1173 φησὶν,
3459 1095 3610 1166 ὑπὲρ
3647 1095 3855 1173 ήμῶγ-

2268 1194 2427 1246 Ὥστε
2445 1194 2567 1246 ὅσον
2592 1191 2777 1263 ἱκέτης
2796 1190 2889 1245 τοῦ
2915 1191 3200 1263 εὐεργέτου
3224 1190 3487 1252 λείπεται,
3507 1186 3772 1241 τοσοῦτον
3792 1187 3859 1240 τὸ

2265 1284 2490 1355 Πνεῦμα
2530 1284 2671 1339 κατά
2702 1283 2800 1355 τὴν
2845 1282 3001 1350 ἀξίαν
3043 1283 3406 1336 ἀποπεπτωκε
3440 1280 3534 1336 τοῦ
3568 1279 3733 1334 Θεοῦ.
3773 1282 3854 1334 Σὺ

2264 1375 2319 1427 δὲ
2345 1375 2495 1429 οὔπω
2533 1377 2772 1447 ἤκουσας
2811 1376 2940 1447 περὶ
2971 1375 3063 1429 τοῦ
3104 1372 3461 1441 Μονογενοῦς,
3491 1374 3572 1427 ὅτι
3599 1374 3760 1426 ἐστὶν
3793 1374 3858 1425 ὲν

2265 1467 2417 1539 δεξιᾷ
2449 1467 2541 1521 τοῦ
2576 1468 2734 1533 Θεοῦ,
2767 1468 2862 1521 καὶ
2893 1468 3207 1539 ἐντυγχάνει
3233 1466 3372 1538 ὑπὲρ
3394 1465 3585 1537 ήμῶνς
3618 1465 3713 1535 Μὴ
3752 1462 3853 1518 οὖν

2264 1562 2344 1614 ὅτι
2381 1560 2442 1613 τὸ
2462 1560 2690 1631 Πνεῦμα
2715 1562 2772 1615 ὲν
2795 1562 2878 1613 σοὶ
2906 1560 3083 1631 (εἴπερ
3112 1559 3176 1631 δὴ
3203 1559 3340 1623 ὅλως
3365 1560 3423 1611 ὲν
3449 1558 3573 1629 σοὶ),
3602 1558 3733 1629 μηδ’
3761 1559 3850 1611 ὅτι

2266 1650 2753 1718 ἁποτυφλωθέντας
2801 1651 2948 1722 ἡμᾶς
3000 1650 3135 1722 πρὸς
3172 1649 3271 1721 τὴν
3304 1650 3532 1721 ἐκλογὴν
3563 1649 3662 1703 τοῦ
3698 1667 3849 1720 συμ-

593 1738 904 1810 eligendum
943 1738 1092 1809 quod
1122 1739 1258 1797 utile
1303 1746 1425 1805 est,
1468 1739 1659 1803 docet,
1688 1739 2048 1809 deducitque,
2097 1755 2151 1793 ιιι

2267 1744 2522 1815 φέροντος
2569 1743 2843 1807 διδάσκει,
2884 1744 2978 1797 καὶ
3025 1743 3241 1815 ὁδηγεῖ,
3265 1742 3454 1796 τούτου
3502 1743 3688 1796 ἕνεκεν
3744 1744 3853 1813 τὴν

594 1847 714 1887 eam
744 1833 815 1887 ob
844 1846 1070 1887 causam
1100 1832 1245 1903 piam
1289 1846 1353 1886 ac
1392 1838 1635 1886 sanctam
1663 1828 1730 1884 de
1758 1844 1824 1884 eo
1855 1828 2163 1899 Opinionem

595 1924 833 1978 amittas.
863 1922 998 1977 Nam
1030 1923 1275 1994 proiecto
1306 1938 1553 1978 summus
1580 1921 1746 1976 fuerit
1775 1920 1973 1992 ingrati
1996 1920 2164 1974 animi

592 2015 815 2086 gradus,
841 2015 1236 2071 benefacientis
1257 2013 1651 2069 humanitatem
1683 2013 1749 2067 ad
1772 2012 1972 2083 ingrati
1996 2011 2163 2067 animi

588 2106 937 2161 occasionem
972 2113 1206 2161 vertere.
1254 2103 1435 2160 Nolite
1478 2104 1645 2175 igitur
1678 2103 2008 2158 contristare
2038 2102 2161 2171 Spi-

590 2199 753 2253 ritum
780 2207 1027 2251 sanctum
1053 2196 1119 2249 “.
1151 2195 1348 2250 Audite
1369 2194 1502 2265 quid
1531 2193 1677 2249 dicat
1706 2203 2009 2264 martyrum
2049 2192 2165 2262 pri-

590 2293 775 2349 initiae,
809 2290 1120 2361 Stephanus
1146 2328 1161 2352 ,
1220 2287 1649 2343 inobcdientiam
1699 2301 1763 2340 ac
1807 2284 2162 2341 rebellionem

592 2382 931 2452 exprobrans
984 2380 1208 2449 p0pulo.
1257 2377 1396 2441 Vos,
1439 2377 1636 2446 inquit,
1694 2390 1897 2443 semper
1939 2373 2164 2442 Spiritui

588 2480 772 2530 sancto
803 2472 1057 2526 resistitis
1092 2471 1156 2524 η.
1189 2468 1256 2523 Et
1301 2484 1521 2524 rursum
1548 2467 1761 2525 Isaias:
1798 2466 2151 2521 Exacerbave-

587 2572 712 2618 runt
742 2562 1001 2633 Spiritum
1031 2570 1274 2615 sanctum
1293 2599 1310 2625 ,
1339 2569 1389 2614 et
1431 2576 1610 2639 uersus
1642 2567 1719 2613 est
1752 2559 1862 2614 illis
1899 2560 1955 2613 in
1980 2560 2165 2612 inimi-

589 2654 772 2708 citiam
794 2653 857 2707 ¹⁸.
897 2653 963 2706 Et
993 2652 1157 2716 alibi,
1198 2651 1399 2705 Domus
1422 2649 1590 2706 Iacob
1624 2650 1859 2705 irritavit
1902 2649 2160 2719 Spiritum

587 2746 804 2801 Domini
834 2745 897 2802 ".
948 2744 1180 2810 Audite,
1225 2745 1481 2814 inquam,
1516 2757 1586 2797 an
1614 2757 1724 2799 non
1750 2743 1865 2798 haec
1891 2758 2159 2799 summam

588 2838 885 2910 potentiam
930 2835 1245 2893 declarent?
1280 2833 1499 2889 Judicio
1546 2834 1840 2905 legentium
1881 2834 2158 2904 permitto,

588 2945 725 3001 quas
758 2928 977 2984 tandem
1016 2934 1269 2996 oporteat
1290 2941 1385 2982 eos
1407 2968 1423 2992 ,
1452 2925 1547 2996 qui
1576 2926 1692 2982 haec
1737 2924 2001 2990 audiunt,
2042 2925 2161 2995 Opi-

586 3022 779 3076 niones
805 3018 1130 3089 concipere;
1161 3026 1343 3072 utrum
1375 3025 1634 3087 tanquam
1666 3017 1735 3072 de
1768 3016 2155 3081 instrumento,

586 3114 761 3183 deque
789 3111 1098 3177 obediente,
1133 3119 1188 3165 et
1229 3126 1418 3181 parem
1448 3109 1819 3165 conditionem
1848 3123 1972 3164 cum
1999 3122 2154 3162 crea-

584 3214 708 3259 tura
749 3204 976 3267 sortito,
1008 3204 1245 3275 denique
1290 3203 1451 3259 nobis
1497 3217 1764 3259 conservo
1814 3201 2050 3267 sentire;
2084 3215 2151 3254 an

584 3294 968 3365 gravissimum
1018 3296 1105 3352 vel
1160 3296 1330 3351 verbo
1388 3295 1509 3350 solo
1562 3295 1705 3350 hanc
1756 3292 2150 3364 blasphemiam

585 3389 797 3457 piorum
855 3404 1017 3446 aures
1072 3389 1304 3446 subire?
1359 3387 1588 3445 Servum
1646 3388 1787 3444 dicis
1847 3387 2154 3459 Spiritum?

586 3475 692 3534 Sed
728 3495 951 3543 servus,
1000 3479 1220 3550 inquit,
1253 3494 1364 3535 non
1400 3479 1552 3535 novit
1589 3477 1719 3550 quid
1767 3478 1931 3534 faciat
1973 3478 2151 3533 domi-

584 3586 689 3626 nus
716 3571 889 3641 ipsius
915 3572 961 3604 ¹⁶
998 3590 1010 3626 :
1046 3570 1287 3642 Spiritus
1314 3580 1496 3625 autem
1528 3586 1639 3625 non
1667 3570 1825 3624 aliter
1854 3568 2005 3623 novit
2033 3583 2153 3638 qua:

582 3669 712 3717 sunt
745 3661 861 3728 Dei,
890 3677 1054 3733 quam
1090 3662 1318 3733 spiritus
1346 3662 1591 3719 hominis
1616 3663 1769 3719 novit
1798 3676 1919 3732 Quae
1948 3661 2001 3715 in
2034 3661 2152 3731 ipso

582 3759 710 3809 sunt
732 3754 797 3806 ".

1172 3861 1403 3918 CAPUT
1424 3862 1543 3918 XX.

580 3972 997 4045 Adversuseos,
1031 3974 1120 4045 qui
1155 3974 1353 4045 dicunt
1399 3974 1658 4045 Spiritum
1704 3989 1796 4028 nec
1835 3974 1890 4027 in
1934 3974 2145 4045 servili,

650 4058 741 4096 nec
766 4044 820 4095 in
848 4043 1000 4097 herili
1030 4043 1332 4099 conditione
1355 4060 1488 4109 esse,
1517 4044 1607 4098 sed
1639 4048 1694 4097 in
1717 4045 2011 4099 conditione
2030 4044 2151 4099 libe-

651 4128 855 4168 rarum.

651 4200 743 4256 5L
800 4200 989 4272 Neque
1050 4218 1285 4266 servus,
1340 4203 1557 4273 inquit,
1616 4220 1798 4275 neque
1856 4204 2145 4270 dominus,

579 4292 676 4349 sed
708 4293 864 4349 liber.
907 4292 952 4349 Ο
982 4295 1182 4348 mirum
1222 4301 1542 4365 stuporem,
1575 4310 1609 4350 0
1643 4295 2009 4353 miserandam
2045 4312 2146 4351 au-

2266 1833 2461 1906 εὑσεϐῆ
2505 1835 2601 1888 καὶ
2633 1834 2786 1888 ὁσίαν
2830 1836 2958 1907 περὶ
2984 1834 3148 1890 αὐτοῦ
3195 1834 3350 1899 δόξαν
3373 1834 3483 1905 (70)
3528 1833 3849 1905 ζημιωθῇς.

2278 1925 2584 1999 ’Υπερδολὴ
2614 1927 2722 2000 γὰρ
2762 1926 3152 2009 ἀγνωμοσύνης
3188 1927 3345 1980 τοῦτό
3370 1944 3457 1995 γε,
3497 1927 3597 1997 τὴν
3643 1926 3847 1996 φιλαν-

2266 2013 2510 2086 θρωπίαν
2547 2015 2640 2069 τοῦ
2684 2015 2970 2087 εὐεργέτου
3008 2015 3257 2087 ἀφορμὴν
3295 2015 3617 2087 ἀχαριστίας
3662 2018 3847 2067 ποιεῖν

2266 2107 2412 2162 σθαι.
2454 2107 2545 2179 Μὴ
2579 2103 2672 2162 οῦν
2712 2107 2932 2161 λυπεῖτε
2976 2108 3037 2160 τὸ
3066 2107 3291 2177 Πνεῦμα
3326 2106 3387 2159 τὸ
3427 2107 3599 2174 ἅγιον.
3645 2107 3848 2160 ’Δκού-

2265 2215 2395 2251 σατε
2440 2198 2493 2251 τί
2524 2215 2687 2270 φησιν
2744 2201 2778 2269 ἡ
2813 2198 3033 2270 ἀπαρχὴ
3066 2198 3174 2251 τῶν
3221 2198 3510 2269 μαρτύρων
3540 2197 3844 2265 Στέφανος,

2262 2290 2322 2343 τὸ
2367 2289 2654 2354 δυσπειθὲς
2699 2290 2796 2344 καὶ
2839 2290 3208 2343 ἀνυπότακτον
3257 2288 3335 2359 τῷ
3391 2286 3504 2359 λαῷ
3537 2288 3842 2352 ὀνειδίζων.

2274 2381 2491 2451 Ὑμεῖς,
2533 2384 2726 2453 φησιν,
2766 2382 2858 2437 ἀεὶ
2910 2378 2989 2447 τῷ
3015 2382 3312 2450 Πνεύματι
3357 2380 3436 2447 τῷ
3486 2381 3635 2451 ἁγίῳ
3674 2382 3845 2435 ἀντι-

2262 2474 2527 2529 πίπτετε.
2589 2474 2701 2529 Καὶ
2750 2473 2911 2528 πάλιν
2954 2474 2983 2526 ὁ
3035 2474 3299 2537 ’Πσαῖαςο
3352 2472 3728 2541 Παρώξυναν
3776 2474 3845 2526 τὸ

2260 2564 2502 2635 Πνεῦμα
2524 2562 2589 2617 τὸ
2612 2563 2801 2633 ἅγιον,
2826 2562 2923 2617 καὶ
2949 2561 3214 2630 ἐστράφη
3244 2561 3447 2626 αὐτοῖς
3466 2564 3551 2628 είς
3570 2563 3810 2631 ἔχθραν
3826 2580 3841 2593 ο

2261 2658 2357 2712 καὶ
2400 2656 2657 2728 ἑτέρωθι·
2697 2657 2761 2709 '0
2787 2651 2950 2722 οἴκος
2975 2653 3082 2708 τοῦ
3118 2654 3324 2709 Ἰακὼϐ
3356 2653 3692 2725 παρώργισε
3720 2655 3842 2724 (71)

2260 2749 2327 2802 τὸ
2356 2747 2598 2816 Πνεῦμα
2624 2747 2845 2815 Κυρίου
2865 2761 2878 2774 ·
2912 2746 2961 2798 εί
2994 2742 3069 2815 μὴ
3097 2743 3506 2813 ὲξουσιαστικῆς
3545 2743 3842 2815 δυνάμεως

2261 2837 2644 2911 παραστατικά
2691 2837 2759 2891 τὰ
2808 2835 3070 2902 τοιαῦτα;
3098 2837 3176 2907 Τῇ
3238 2835 3344 2889 τῶν
3396 2836 3842 2905 ἐντυγχανόντων

2262 2930 2436 3001 κρίσει
2465 2930 2721 3002 παρίημι,
2761 2928 2932 2983 ταῦτα
2962 2926 3255 2988 ἀκούοντας
3302 2926 3493 2990 ὁποίας
3536 2926 3692 2990 τινὰς
3730 2930 3841 2999 χρὴ

2260 3020 2357 3085 τὰς
2425 3020 2720 3091 ὑπολήψεις
2772 3019 2949 3090 ἔχειν’
2984 3017 3057 3081 ὡς
3105 3016 3232 3087 περὶ
3278 3016 3539 3088 ὀργάνου,
3581 3015 3681 3068 καὶ
3731 3017 3839 3069 ὐπ-

2260 3111 2444 3182 ηκόου,
2466 3111 2559 3164 καὶ
2579 3110 2732 3180 ὁμοτί
2740 3127 2839 3180 μου
2860 3112 2925 3181 τῇ
2953 3109 3150 3173 κτίσει,
3175 3106 3270 3161 καὶ
3289 3108 3418 3178 ἡμῖν
3439 3105 3736 3177 ὁμοδούλου
3761 3124 3776 3171 ;
3803 3108 3837 3176 ῆ

2260 3200 2558 3273 βαρύτατον
2589 3196 2684 3254 καὶ
2712 3203 2918 3272 ῥήματι
2955 3199 3100 3271 μόνῳ
3127 3199 3224 3271 τὴν
3246 3197 3589 3269 βλασφημίαν
3619 3196 3840 3269 ταύτην

2259 3292 2513 3347 ὑποδῦναι
2541 3295 2651 3356 τοῖς
2697 3291 2972 3357 εὐσεϐέσι;
3021 3291 3213 3344 Δοῦλον
3245 3289 3424 3359 λέγεις
3463 3289 3523 3342 τὸ
3558 3290 3836 3360 Πνεῦμα;

2270 3384 2456 3438 ’Λλλ’ὁ
2484 3384 2687 3448 δοῦλος,
2740 3384 2924 3455 φησιν,
2959 3383 3059 3436 οὐκ
3112 3378 3221 3437 οἶδε
3266 3382 3317 3435 τί
3366 3383 3508 3434 ποιεῖ
3550 3383 3579 3433 ὁ
3636 3381 3838 3453 κύριος

2256 3479 2452 3535 αὐτοῦ·
2483 3479 2544 3532 τὸ
2585 3479 2642 3532 δὲ
2687 3477 2910 3549 Πνεῦμα
2955 3476 3125 3541 οὕτως
3148 3472 3254 3529 οἶδε
3296 3477 3365 3529 τά
3413 3476 3506 3529 τοῦ
3555 3475 3721 3541 Θεοῦ,
3760 3477 3837 3534 ὡς

2256 3574 2348 3626 καὶ
2376 3572 2436 3626 τὸ
2463 3571 2677 3643 πνεῦμα
2713 3570 2805 3624 τοῦ
2835 3568 3120 3642 ἀνθρώπου
3154 3568 3222 3622 τὰ
3255 3569 3314 3621 ἐν
3336 3567 3481 3638 αὐτῷ
3504 3566 3646 3638 (τε).

2784 3861 3176 3917 ΚΕΦΑΛΑΙΟΝ
3214 3863 3296 3915 K'.

2255 3980 2411 4047 Πρὸς
2441 3978 2583 4044 τοὺς
2615 3978 2905 4048 λέγοντας
2922 3975 3071 4048 μήτε
3091 3976 3161 4028 ἐν
3181 3972 3449 4048 ᾲδουλιλκῇ
3467 3974 3837 4048 τᾴξειλμήτσ

2323 4051 2393 4102 ἐν
2423 4044 2749 4116 δεσποτικῇ
2774 4044 2931 4101 εἶναι
2959 4045 3026 4099 τὸ
3051 4044 3311 4114 Πνεῦμα,
3341 4045 3480 4098 ἀλλ’
3504 4045 3572 4097 ἐν
3592 4044 3683 4114 τῇ
3710 4048 3837 4100 τῶν

2324 4118 2674 4186 ἐλευθέρων.

2324 4212 2413 4266 51.
2452 4210 2588 4265 Οὔτε
2610 4209 2795 4263 δοῦλόν
2835 4226 3020 4280 φησιν,
3059 4207 3181 4261 οὔτε
3208 4207 3493 4278 δεσπότην,
3523 4206 3643 4260 ἀλλ’
3666 4209 3834 4262 ἐλεύ-

2253 4303 2427 4375 θερον.
2471 4301 2534 4353 Ὢ
2588 4300 2688 4370 τῆς
2721 4298 2900 4369 δεινῆς
2942 4297 3306 4369 ἀναλγησίας,
3352 4295 3396 4349 ὣ
3439 4297 3539 4368 τῆς
3575 4298 3839 4370 ἐλεεινῆς

580 4384 791 4439 daciam
858 4384 963 4439 ista
1022 4384 1399 4455 loquentium!
1459 4385 1602 4453 Quid
1662 4388 1896 4459 amplius
1957 4388 2146 4459 deplo-

2262 4393 2481 4464 Ξιφοὸίας
2538 4391 2643 4445 τῶν
2697 4390 2867 4446 ταῦτα
2926 4388 3228 4458 λεγόντωνί
3293 4387 3358 4474 Τί
3423 4386 3582 4441 πλέον
3638 4390 3835 4443 αὐτῶν

580 4490 740 4531 rem:
797 4485 978 4532 utrum
1043 4477 1349 4545 inscitiam,
1412 4493 1484 4534 an
1557 4479 1951 4551 blasphemiam
2008 4479 2145 4534 isto-

578 4567 753 4621 rum?
808 4568 901 4637 qui
964 4567 1184 4637 quidem
1253 4568 1323 4624 de
1385 4568 1497 4627 Deo
1565 4570 1820 4641 dogmata
1884 4569 2143 4625 humanis

575 4659 841 4730 exemplis
895 4659 1263 4729 dedecorant;
1318 4676 1384 4717 ac
1434 4662 1718 4718 hominum
1785 4662 2141 4719 consuetudi-

573 4752 742 4814 nem',
791 4765 888 4820 per
937 4766 1100 4821 quam
1151 4751 1341 4823 dispar
1372 4760 1457 4810 est
1508 4753 1831 4825 dignitatum
1867 4754 2141 4810 excellen-

572 4840 671 4906 tia,
709 4842 778 4896 ad
807 4841 1048 4897 divinam
1079 4850 1133 4898 et
1165 4844 1492 4902 ineﬂ‘abilem
1527 4853 1778 4901 naturam
1813 4858 2133 4900 accommo-

572 4932 796 4991 modare
833 4934 1087 4990 nituntur
1120 4952 1134 4990 :
1168 4936 1312 4992 haud
1349 4946 1666 5009 reputantes
1697 4938 1839 5008 apud
1889 4938 2136 4993 homines

571 5023 791 5093 quidem
823 5024 1034 5080 nullum
1061 5041 1185 5082 esse
1210 5036 1408 5082 natura
1438 5043 1678 5083 servum.
1716 5029 1824 5083 Aut
1849 5028 1994 5085 enim
2041 5043 2137 5098 po-

644 5199 686 5232 “
723 5199 867 5255 Psal.
907 5217 1111 5267 Lxxvu,
1152 5203 1240 5259 55.

575 5267 616 5298 ,τ
644 5204 882 5298 ’ἰέἶδῗίλ
907 5217 1111 5298 ιὶξνην
1129 5204 1240 5298 ,ξε-
1353 5207 1397 5238 ¹³
1422 5204 1855 5298 ³⁰³η;ηι¹νι.².ίξ
1878 5225 1892 5269 ξ
1918 5223 2061 5298 ,νην
2115 5206 2205 5298 ἑξ-

655 5271 776 5324 Act.
809 5287 916 5337 vn,
949 5272 1036 5329 51.

1129 5275 1173 5306 ⁸⁸
1212 5274 1310 5330 Isa.
1355 5292 1522 5341 um,
1566 5277 1651 5333 10.
1729 5278 1772 5309 ¹⁹
1811 5277 1953 5332 Psal.
1993 5293 2080 5340 cv,
2115 5278 2203 5332 52.

643 5424 757 5501 (gs)
789 5430 900 5501 Καὶ
933 5428 1237 5501 ὁδηγήσει.
1268 5431 1396 5489 Haec
1433 5431 1618 5501 addita
1644 5446 1687 5501 Ae
1709 5446 1809 5501 sex,
1830 5433 2131 5488 codicibus.

644 5496 757 5567 (70)
787 5500 919 5571 Καί,
948 5496 1128 5555 dolor-
1151 5502 1285 5571 περὶ
1326 5501 1512 5555 αὐτοῦ
1555 5499 1763 5564 δόξαν.
1795 5500 1886 5556 Sic
1916 5502 2134 5560 codices

574 5579 767 5643 Ollll_lt_?_s
794 5587 835 5643 ᾗ
840 5569 968 5643 editi
1004 5572 1098 5626 καὶ
1125 5569 1274 5643 θείαν
1301 5572 1457 5643 δόξαν
1482 5571 1610 5643 περὶ
1644 5571 1852 5625 τούτου.

650 5635 761 5713 (⁸η)
789 5638 1143 5713 Παρώργτισε.
1176 5641 1268 5697 Sic
1294 5635 1671 5713 codicesjnss.
1700 5656 1908 5713 omnes,
1941 5659 2040 5713 pro
2067 5660 2132 5699 eo

575 5705 721 5788 qpod
744 5705 839 5764 est
865 5705 919 5763 in
951 5705 1129 5768 'editis
1170 5710 1471 5783 παρώξυνε.
1504 5709 1678 5781 Caput
1723 5705 2038 5770 vicesimum
2073 5717 2126 5770 in

2250 4483 2559 4555 όδύρωμαι;
2593 4482 2653 4536 τὺ
2690 4480 2899 4552 ἀμαθὲς
2944 4480 3053 4551 (7'5)
3077 4479 3153 4550 ,ἢ
3193 4479 3254 4532 τὸ
3291 4469 3638 4550 βλάσφημονς
3672 4481 3735 4533 οἴ
3765 4498 3835 4549 γε

2247 4575 2317 4629 τὰ
2378 4576 2478 4646 τῆς
2523 4575 2799 4644 θεολογίας
2847 4573 3090 4643 δόγματα
3143 4570 3500 4643 ἀνθρωπίνοις
3551 4566 3851 4643 παραδεξέ

2245 4682 2418 4735 γμασι
2462 4664 2847 4737 καθυϐρίζουσι
2869 4704 2884 4728 ,
2924 4664 3019 4717 καὶ
3052 4661 3151 4733 τὴν
3184 4654 3287 4715 ὧδε
3332 4660 3616 4733 συνήθειαν
3636 4679 3832 4733 ,παρ-

2241 4752 2583 4825 ηλλαγμένην
2651 4754 2878 4824 ἔχουσαν
2923 4751 3032 4804 τῶν
3096 4751 3418 4822 ἀξιωμάτων
3468 4751 3567 4823 τὴν
3622 4753 3847 4824 διαφο-ι

2246 4846 2365 4918 ράν,
2391 4848 2457 4915 τῇ
2499 4844 2619 4916 θείᾳ
2656 4845 2749 4899 καὶ
2787 4844 3010 4916 ἀρρήτῳ
3039 4842 3198 4912 φύσει
3241 4843 3650 4916 προσαρμόζειν
3692 4846 3845 4899 ἐπι-η

2240 4936 2546 5009 χειροῦσινο
2577 4937 2677 4990 οὐκ
2698 4933 3038 4997 ἐννοοῦντες,
3062 4934 3144 4987 ὅτι
3174 4931 3323 5004 παρά
3373 4934 3469 5005 μὲν
3498 4934 3843 5007 ἀνθρώποις

2239 5030 2306 5098 τῇ
2348 5027 2506 5095 φύσει
2534 5027 2715 5089 δοῦλος
2751 5025 2945 5089 οὐδείς.
2984 5025 3054 5080 Ἦ
3081 5025 3191 5097 γὰρ
3223 5026 3841 5098 καταδυναπευθέντες

2314 5208 2357 5239 ¹⁴
2396 5208 2552 5262 Rom.
2587 5223 2705 5270 vnn,
2739 5207 2828 5263 54.

2279 5280 2324 5311 ³ο
2361 5277 2519 5333 Joau.
2562 5296 2650 5343 xv,
2690 5277 2776 5333 15.

2942 5208 2986 5277 ξ’
3022 5209 3154 5265 ibid.
3262 5209 3306 5240 “
3343 5205 3541 5277 Ephes.
3594 5220 3683 5270 tv,
3720 5206 3825 5262 30.

2850 5283 2893 5311 ²¹
2932 5276 2954 5331 Ι
2987 5280 3117 5335 Cor.
3160 5295 3237 5343 tt,
3275 5278 3363 5332 H.

2239 5436 2515 5490 nonnullis
2566 5432 2850 5489 codicibus
2890 5433 3080 5503 incipit
3128 5433 3197 5489 ab
3238 5433 3324 5489 his
3357 5430 3559 5492 verbis.
3608 5435 3833 5503 Δοῦλοαη

2236 5505 2412 5573 λέγεις
2437 5506 2499 5559 τὸ
2544 5505 2787 5575 Πνεῦμα.
2822 5503 2937 5561 imo
2963 5506 3124 5575 etiam
3157 5520 3323 5574 supra
3370 5503 3428 5556 in
3474 5518 3587 5559 uno
3614 5503 3834 5563 codici

2235 5576 2305 5631 ab
2335 5576 2477 5646 istis.
2505 5574 2648 5646 ἀλλὰ
2678 5574 2770 5628 καὶ
2797 5574 3129 5646 ἐντυγχάνει.
3288 5643 3318 5646 __
3411 5644 3421 5646 _
3466 5645 3472 5646 γ
3660 5643 3684 5646 _
3830 5576 3831 5646 ί

2304 5645 2415 5712 (72)
2452 5644 2527 5700 Τὰ
2551 5646 2620 5699 ἐν
2644 5646 2821 5711 αὐτῷ.
2847 5643 3074 5700 Codices
3099 5643 3342 5715 nonnulli
3358 5644 3437 5715 τὸ
3461 5645 3531 5715 ὲν
3547 5643 3725 5715 αὐτῷ.

2296 5716 2416 5787 ('75)
2456 5716 2523 5770 Τὸ
2554 5717 2797 5786 ἀμαθές.
2828 5714 2957 5786 Reg.
2988 5721 3221 5785 quartus
3248 5714 3309 5767 τὸ
3345 5713 3593 5778 ἀπειθές.

3830 5464 3834 5561 ι

3830 5586 3831 5655 l
