3908 6540
129 430 209 489 i8!
780 458 791 467 -
1204 423 1402 479 LIBER
1432 424 1519 479 DE
1560 423 1830 480 SPlRlTU
1877 425 2163 481 SANCTO.

3248 430 3352 486 162

127 547 213 599 ὑπὸ
249 543 407 611 ζυγὸν
451 542 703 606 δουλείας
760 540 1003 612 ἤχθησαν
1043 539 1176 610 (74),
1208 540 1281 604 ὡς
1319 541 1376 591 ὲν
1413 539 1681 610 αἰχμαλω-

1788 539 1959 593 tentia
1991 540 2263 609 oppressi,
2290 538 2395 594 sub
2429 539 2624 608 jugum
2669 540 2954 597 servitutis
2993 540 3101 613 43
3142 540 3354 596 inducti

126 637 245 698 aiat;
263 653 276 664 '
298 635 333 704 ἢ
360 635 451 687 διὰ
473 634 670 686 πενίαν
696 630 1197 702 κατεδουλώθησαν,
1223 631 1298 693 ὡς
1324 632 1373 695 el
1397 629 1681 700 Αἰγύπτιοι

207 727 398 797 Φαραώ
417 741 431 753 ·
468 727 504 797 ἦ
545 727 688 779 κατά
714 742 835 777 τινα
868 725 1036 795 σοφὴν
1066 725 1160 778 καὶ
1187 723 1496 795 ἀπόρρητον
1539 725 1679 776 οἰκος

122 820 287 890 νομίαν
314 821 365 870 οἱ
397 819 622 888 χείρους
663 816 773 870 τῶν
811 815 1015 869 παίδων
1061 817 1124 867 ἐκ
1163 815 1264 884 τῆς
1295 814 1402 867 τῶν
1432 813 1680 886 πατέρων

124 908 279 977 gari};
293 912 409 970 τοῖς
430 906 864 978 φρονιμωτέροις
882 905 976 957 καὶ
1008 903 1238 974 βελτίοσι
1275 900 1543 955 δουλεύειν
1559 918 1683 954 κατ-

123 999 501 1069 εδικάοθηςανο
564 1000 634 1069 ἦν
683 997 803 1050 οὐδὲ
842 995 1172 1065 καταδίκην,
1207 994 1319 1047 ἀλλ’
1366 992 1681 1064 εὐεργεσίαν

121 1093 239 1144 εἴποι
264 1108 349 1153 τις
392 1090 462 1142 ἂν
487 1088 700 1151 δίκαιος
726 1088 835 1141 τῶν
880 1087 1180 1156 γινομένων
1220 1083 1531 1160 ἐξεταστής.
1577 1083 1681 1135 Τὸν

120 1182 211 1253 γὰρ
234 1182 297 1234 δι’
328 1180 544 1233 ἔνδειαν
580 1178 677 1233 τοῦ
714 1180 929 1250 φρονεῖν
957 1178 1057 1231 οὐκ
1092 1174 1282 1246 ἔχοντα
1322 1176 1381 1228 ἐν
1412 1174 1588 1244 ἐαυτῷ
1620 1172 1682 1227 τὸ

119 1273 241 1327 uti
286 1273 454 1340 φύσιν
487 1271 655 1343 ἄρχον
676 1310 691 1332 ,
738 1270 923 1323 τοῦτον
969 1268 1155 1341 ἐτέρου
1193 1268 1377 1339 κτῆμα
1425 1268 1680 1337 γενέσθαι

119 1364 561 1435 λυσιτελέστερον,
615 1361 726 1424 ἴνα,
786 1359 864 1430 τῷ
910 1358 1003 1411 τοῦ
1059 1358 1382 1430 κρατοῦντος
1436 1357 1681 1428 λογισμῷ

118 1456 533 1525 ὰενθυνόμενος,
566 1455 754 1524 ὅμοιος
856 1451 1061 1522 ἆρματι
1093 1453 1307 1522 ἡνίοχον
1339 1450 1679 1515 ἀναλαὸύντι,

117 1551 198 1602 καὶ
220 1547 392 1617 πλοίῳ
420 1546 767 1618 κυῦερνήτην
798 1544 972 1614 ἔχοντι
1003 1543 1094 1595 ἐπὶ
1121 1544 1321 1597 οἰάκων
1350 1542 1490 1613 καθή
1501 1559 1679 1613 μενον.

119 1642 201 1693 Διὶ
226 1638 387 1693 τοῦτο
438 1634 639 1690 Ἰακὼῦ
664 1634 851 1707 κύριος
877 1633 971 1687 τοῦ
1011 1631 1179 1687 Ἦσαῦ
1206 1635 1269 1686 ἐκ
1303 1632 1403 1703 τῆς
1432 1631 1682 1700 εὐλογίας

118 1732 196 1784 τοι]
225 1729 456 1801 πατρὸς,
486 1729 577 1781 ἴνα
602 1726 697 1781 καὶ
732 1725 807 1797 μὴ
845 1724 1159 1797 βουλόμενος
1187 1723 1338 1795 παρὰ
1372 1723 1466 1777 τοῦ
1493 1723 1679 1797 φρονία

120 1840 205 1893 μου
224 1822 310 1873 εύε
321 1819 591 1891 ρτετῆται
617 1820 648 1872 ὁ
669 1818 880 1889 ἄφρων,
905 1816 1004 1870 οὐκ
1025 1815 1165 1886 ἔχων
1191 1816 1282 1868 τὸν
1308 1817 1503 1869 οἰκεῖον
1526 1815 1681 1886 κηδε-

1786 638 1935 694 sunt,
1968 631 2119 685 velut
2149 631 2208 684 in
2250 631 2395 685 bello
2429 631 2576 700 capti
2614 649 2627 684 :
2665 639 2758 685 aut
2799 631 2869 685 ob
2908 639 3256 703 pauperatem
3296 632 3355 687 in

1787 723 2107 777 servitutem
2139 722 2318 776 adacti
2351 733 2502 786 sunt,
2551 723 2702 777 velut
2741 722 2986 795 :Egyptii
3026 723 3303 780 Pharaoni
3335 741 3351 779 :

1787 823 1880 867 aut
1904 812 2062 883 juxta
2086 814 2389 884 sapientem
2418 813 2714 884 quamdam
2754 822 2807 870 et
2837 831 3096 872 arcanam
3125 818 3354 888 dispen-

1786 906 2080 971 sationem,
2113 906 2206 976 qui
2241 907 2384 962 inter
2408 907 2550 962 ﬁlios
2571 906 2875 963 deteriores
2898 911 3047 976 sunt,
3068 921 3353 980 parentum

1786 1011 1952 1062 voce,
1994 997 2422 1068 sapientioribus
2460 1013 2525 1053 ac
2568 999 2888 1056 melioribus
2929 1000 2987 1055 in
3036 1002 3354 1060 servitutem

1786 1088 1988 1142 addicti
2012 1098 2170 1155 sunt;
2195 1104 2358 1160 quam
2381 1088 2803 1161 haudquaquam
2822 1095 3350 1163 condemnationem,

1786 1178 1882 1235 sed
1912 1178 2235 1234 beneﬁcium
2260 1180 2445 1250 potius
2468 1179 2670 1236 dixerit
2700 1198 2890 1253 aequus
2912 1198 3095 1239 rerum
3119 1188 3359 1241 aestima-

1786 1276 1895 1322 tor.
1938 1265 2073 1321 Nam
2104 1269 2197 1338 qui
2225 1269 2295 1324 ob
2330 1285 2528 1327 sensus
2561 1270 2827 1343 inapiam,
2869 1288 2978 1328 non
3009 1274 3170 1331 habet
3197 1276 3254 1331 in
3281 1293 3361 1332 se-

1786 1376 1845 1415 se
1873 1361 1927 1415 id
1953 1360 2099 1430 quod
2133 1368 2324 1416 natura
2354 1364 2609 1434 imperat,
2632 1365 2765 1420 huic
2797 1367 2986 1424 utilius
3016 1377 3100 1425 est
3133 1371 3359 1445 alterius

1787 1450 1900 1505 iieri
1935 1451 2290 1521 mancipium,
2320 1464 2381 1507 ut
2414 1453 2543 1508 dum
2579 1454 2917 1515 dominantis
2942 1461 3231 1530 prudentia
3273 1464 3361 1520 di-

1785 1541 2005 1611 rigitur,
2034 1542 2233 1597 similis
2266 1545 2338 1597 sit
2365 1546 2554 1600 currui
2588 1548 2684 1617 qui
2707 1548 2953 1621 aurigam
2981 1553 3226 1623 recepit,
3263 1564 3359 1609 aut

1785 1634 1911 1689 navi
1951 1649 2073 1704 quae
2105 1635 2423 1691 nauclerum
2453 1636 2616 1693 habet
2645 1639 2801 1695 clavo
2831 1640 3183 1699 assidentem.
3206 1643 3359 1701 Hane

1785 1723 1855 1777 ob
1888 1739 2112 1781 causam
2162 1724 2333 1782 Jacob
2370 1728 2628 1785 dominus
2678 1728 2819 1786 Esau
2856 1747 2924 1787 ex
2974 1732 3359 1790 benedictione

1785 1816 1956 1886 patris
1983 1817 2050 1884 ²¹,
2078 1825 2139 1871 ut
2161 1818 2363 1873 stultus
2398 1833 2429 1872 a
2462 1820 2708 1889 sapiente
2736 1824 2821 1876 vel
2847 1824 3053 1879 invitus
3082 1824 3356 1881 beneﬂcio

120 1914 233 1981 μένα
263 1913 357 1964 τὸν
391 1908 542 1963 νοῦν.
580 1910 690 1963 Καὶ
720 1908 939 1962 Χαναὰν
969 1910 1098 1970 παῖς
1131 1907 1345 1977 οἰκέτης
1373 1906 1482 1977 (75)
1529 1906 1681 1960 ἔσται

1786 1904 2107 1974 alliceretur,
2154 1908 2357 1978 quippe
2411 1924 2521 1963 non
2556 1908 2765 1965 habens
2815 1914 3097 1983 proprium
3140 1922 3361 1972 curato-

116 2006 212 2065 τοῖς
240 2000 519 2069 ἀδελφοῖς,
546 1997 733 2070 ἐπειδὴ
770 1996 1047 2059 ἀδίδακτος
1070 1992 1138 2067 ἦν
1166 1997 1263 2065 τῆς
1281 1996 1500 2066 ἀρετῆς,
1522 1996 1687 2049 ἀσύν-

116 2110 219 2148 nov
248 2092 391 2162 ἔχων
413 2092 511 2143 τὸν
538 2089 730 2143 ἑαυτοῦ
770 2089 980 2159 πατέρα
1013 2087 1104 2140 τὸν
1135 2088 1282 2157 Χάμ.
1315 2081 1440 2139 Ὧδε
1469 2088 1565 2157 μὲν
1591 2084 1685 2141 οὖν

114 2186 267 2248 οὕτως
283 2186 336 2237 oi
354 2182 556 2236 δοῦλον
579 2180 850 2251 ἐλεύθεροι
877 2180 956 2245 δὲ,
976 2181 1026 2233 el
1052 2179 1403 2248 διαφυγόντες
1429 2177 1618 2231 πενίαν
1647 2178 1681 2248 ἢ

116 2277 358 2346 πόλεμον,
381 2275 416 2344 ἢ
443 2274 545 2344 τῆς
579 2272 784 2344 ἑτέρων
810 2269 1129 2341 κηδεμονίας
1155 2266 1490 2339 ἀπροσδεεῖς.
1526 2268 1681 2319 Ὥστε

115 2369 203 2421 κᾶν
219 2369 250 2419 ὁ
265 2368 368 2436 μὲν
394 2364 685 2432 δεσπότης,
712 2366 741 2416 ὁ
754 2362 811 2415 δὲ
827 2362 1040 2433 οἰκέτης
1051 2361 1297 2431 λέγηται,
1317 2358 1431 2412 ἀλλ’
1445 2354 1535 2412 οὖν
1551 2360 1686 2411 πάν-

113 2476 189 2523 τες
213 2459 310 2512 καὶ
345 2456 495 2510 κατὰ
526 2456 627 2525 τὴν
666 2454 804 2524 πρὸς
843 2452 1100 2523 ἀλλήλους
1131 2450 1444 2522 ὁμοτιμίαν,
1490 2451 1584 2503 καὶ
1610 2450 1686 2513 ὡς

113 2552 354 2620 κτήματα
375 2548 488 2616 (76)
508 2544 603 2598 τοῦ
630 2543 989 2613 πεποιηκότος
1016 2543 1183 2613 ἡμᾶς,
1215 2540 1509 2610 ὁμόδουλοι.
1543 2541 1686 2594 Ἐκεῖ

112 2642 157 2694 δὲ
187 2640 244 2693 τί
272 2638 508 2692 δύνασαι
556 2635 656 2704 τῆς
692 2632 937 2695 δουλείας
966 2630 1361 2698 ύπεξαγαγεῖνς
1404 2627 1568 2699 Ὁμοῦ
1624 2644 1684 2680 τε

113 2735 207 2803 rip
258 2728 533 2799 ἐκτίσθη,
589 2728 685 2782 καὶ
739 2726 802 2779 τὸ
848 2722 1032 2778 δοῦλον
1084 2722 1197 2793 (77)
1259 2716 1398 2774 εἶναι
1443 2734 1683 2788 συγκατ-

113 2824 453 2875 amatae-rat.
528 2818 795 2889 Ἀλλήλων
858 2816 955 2887 μὲν
1008 2813 1117 2883 γὰρ
1150 2813 1210 2866 ού
1286 2811 1680 2883 κατάρχουσιν,

112 2912 281 2981 ἐπειδὴ
316 2907 641 2973 πλεονεξίας
668 2907 870 2978 ἄμοιρα
898 2903 965 2958 τὰ
996 2903 1250 2975 οὐράνια·
1286 2900 1405 2971 Θεῷ
1428 2901 1482 2953 δὲ
1507 2900 1682 2953 πάντα

118 3002 429 3065 ἓποκύπτει,
467 3000 563 3053 καὶ
594 2999 670 3061 ὡς
702 2996 935 3067 δεσπότῃ
971 2994 1062 3049 τὸν
1110 2992 1452 3062 ὀφειλόμενον
1496 2990 1679 3059 φόϐον,

110 3098 185 3147 καὶ
224 3095 306 3158 ὡς
358 3089 684 3163 δημιουργῷ
733 3089 832 3159 τὴν
864 3085 1258 3140 ἐπιϐάλλουσαν
1290 3083 1444 3146 δόξαν
1489 3081 1679 3135 ἀποδι-

107 3187 267 3240 tiri-na.
307 3184 451 3250 Υἱὸς
484 3185 599 3253 γὰρ
644 3179 870 3245 δοξάζει
899 3177 1122 3245 πατέρα
1141 3217 1155 3239 ,
1190 3177 1287 3229 καί
1328 3174 1548 3238 δοῦλος
1575 3172 1683 3225 τὸν

1788 2014 1923 2066 rem,
1948 1999 2202 2054 videlicet
2219 2007 2479 2056 mentem.
2510 1999 2576 2054 Et
2596 2000 2855 2057 Chanaan
2879 2003 3021 2060 ﬁlius
3042 2020 3236 2062 servus
3253 2009 3358 2062 erit

1788 2093 2050 2151 fratribus
2077 2093 2196 2150 suis
2231 2094 2299 2160 ’³,
2342 2094 2602 2164 quoniam
2645 2095 2899 2152 indocilis
2928 2106 3045 2153 erat
3073 2100 3142 2155 ad
3173 2102 3355 2156 virtu-

1786 2190 1918 2249 tem,
1952 2182 2348 2254 imprudentem
2380 2184 2588 2241 habens
2608 2198 2841 2256 patrem,
2861 2187 3115 2244 videlicet
3147 2190 3346 2247 Cham.

1785 2271 1868 2326 Ad
1894 2274 2040 2328 hunc
2077 2273 2245 2344 igitur
2271 2274 2493 2329 modum
2524 2275 2614 2331 hic
2646 2275 2783 2331 ﬁunt
2816 2280 2957 2333 servi
2982 2282 3009 2344 ;‘
3032 2279 3188 2335 liberi
3227 2298 3358 2338 vero

1788 2373 1937 2428 sunt,
1967 2365 2059 2434 qui
2091 2364 2395 2436 elfugerunt
2430 2373 2833 2437 paupertatem,
2869 2377 2962 2423 aut
2994 2369 3222 2437 bellum,
3257 2387 3356 2428 aut

1785 2455 1876 2524 qui
1932 2455 2164 2508 aliorum
2212 2470 2343 2509 cura
2378 2470 2487 2509 non
2533 2463 2713 2526 egent.
2751 2454 2937 2528 Itaque
2974 2465 3224 2529 quamvis
3270 2462 3360 2517 hic

1785 2547 1974 2610 herus,
2005 2546 2095 2600 ille
2131 2562 2323 2601 servus
2349 2548 2671 2618 appelletur,
2706 2564 2897 2605 omnes
2928 2558 3111 2606 tamen
3141 2560 3195 2607 et
3225 2570 3358 2623 qua-

1786 2647 1943 2693 tenus
1976 2653 2167 2693 sumus
2206 2636 2448 2706 ejusdem
2482 2637 2626 2691 inter
2658 2653 2759 2693 nos
2782 2640 3135 2708 conditionis,
3159 2651 3212 2696 et
3235 2652 3359 2698 tan-

1784 2744 1948 2799 quam
1997 2728 2144 2783 illius
2188 2728 2281 2798 qui
2333 2744 2432 2784 nos
2467 2728 2712 2783 condidit
2765 2733 3071 2801 mancipia,
3108 2736 3359 2790 conservi

1793 2838 2011 2877 sumus.
2049 2802 2162 2875 lilio
2189 2836 2356 2889 porro
2390 2823 2519 2892 quid
2552 2830 2706 2891 potes
2738 2838 2769 2877 e
2807 2825 3069 2881 servitute
3095 2827 3361 2882 eximere?

1783 2911 1917 2967 Nam
1949 2913 2131 2968 statim
2165 2928 2226 2967 ac
2259 2913 2479 2967 condita
2509 2922 2656 2978 sunt,
2686 2915 2849 2971 simul
2872 2931 2995 2971 cum
3028 2918 3108 2975 eis
3138 2920 3359 2985 condita

1783 3010 2040 3064 servitus.
2078 3006 2193 3061 Sibi
2218 3007 2363 3061 enim
2398 3007 2629 3062 invicem
2654 3023 2763 3062 non
2795 3008 3084 3078 imperant,
3117 3026 3183 3067 eo
3205 3012 3356 3081 quod

1781 3098 2026 3153 cmlestia
2059 3098 2182 3167 plus
2224 3096 2458 3151 habendi
2489 3113 2596 3152 non
2628 3106 2883 3153 tenentur
2912 3101 3206 3157 desiderio.
3247 3102 3357 3157 Deo

1781 3197 1960 3242 autem
1996 3185 2239 3257 subjecta
2281 3188 2496 3253 omnia,
2556 3202 2618 3241 ac
2676 3195 2936 3260 tanquam
2984 3191 3205 3247 domino
3265 3193 3361 3249 de-

110 3282 299 3348 κιὶρισν
327 3276 528 3332 αὑτοῦ
558 3274 690 3346 (78).
721 3273 831 3325 Καὶ
870 3273 1090 3325 ἀπαιτεῖ
1114 3270 1329 3331 παντως
1360 3266 1468 3319 τῶν
1495 3266 1589 3318 δύο
1619 3265 1681 3318 τὸ

1786 3279 1953 3335 bitum
2021 3280 2319 3346 timorem,
2390 3295 2455 3335 ac
2526 3288 2786 3351 tanquam
2866 3285 3136 3341 conditori
3203 3289 3359 3342 debi.

108 3372 276 3442 ἕτερον
300 3372 335 3422 ὀ
368 3367 527 3429 Θεός.
557 3366 626 3417 El
668 3363 778 3433 γὰρ
810 3360 1012 3429 Πατήρ
1055 3363 1171 3429 ειμι
1214 3357 1348 3428 ἐγὼ,
1380 3357 1497 3410 ποῦ
1524 3358 1676 3420 ἐστι,

110 3463 273 3530 φησιν,
308 3462 352 3529 ἡ
390 3458 545 3522 δόξα
575 3470 729 3525 μους
754 3455 847 3507 καὶ
888 3455 940 3505 εὶ
981 3452 1191 3520 Κύριός
1225 3452 1340 3518 εἰμι
1380 3448 1515 3519 ἐγὼ,
1563 3447 1680 3502 ποῦ

109 3557 260 3608 ἐστιν
289 3556 327 3607 ὁ
363 3552 548 3620 φόϐος
580 3563 730 3617 μου;
764 3541 843 3599 Ἦ
875 3545 1091 3599 πάντων
1123 3542 1188 3596 ἂν
1225 3543 1307 3612 εἴη
1341 3540 1679 3610 ἐλεεινοτάτη

112 3646 207 3716 ζωὴ
234 3648 382 3716 (79),
416 3644 496 3714 μὴ
528 3640 634 3695 ὑπὸ
662 3638 760 3709 τὴν
794 3637 1094 3705 ἐπισκοπὴν
1133 3635 1225 3689 τοῦ
1262 3634 1531 3686 Δεσπότου
1567 3649 1680 3685 κει-

112 3740 227 3809 μένη
291 3734 521 3791 Ὀποῖαί
546 3734 684 3786 εἰσιν
714 3733 767 3784 αἱ
805 3727 1164 3783 ἀποστατικαὶ
1188 3726 1461 3797 δυνάμεις,
1492 3726 1547 3778 ai
1593 3724 1680 3776 διὰ

108 3830 159 3880 τὸ
184 3827 559 3900 τραχηλιάσαι
620 3822 763 3876 κατὰ
804 3820 938 3874 Θεοῦ
976 3817 1681 3889 παντοκῴτοροςξάφηνιά-

110 3918 279 3981 (mat
300 3918 411 3986 τῆς
434 3914 681 3977 δουλείας
701 3929 715 3943 ⁸
747 3912 808 3965 ού
838 3910 916 3982 τῷ
951 3910 1152 3981 ἑτέρως
1189 3908 1517 3977 πεφυκέναι,
1546 3906 1680 3959 ἀλλὰ

109 4009 175 4078 τῷ
193 4007 595 4067 ἀνυποτάκτως
622 4003 764 4073 ἔχειν
796 4001 933 4072 πρὸς
958 4000 1047 4053 τὸν
1073 4000 1393 4069 ποιήσαντα.
1429 3998 1561 4052 Τίνα
1588 3996 1681 4051 οὖν

110 4101 269 4169 λὲγεις
310 4097 642 4166 ἐλεύθεροπ
667 4096 769 4148 Τὸν
796 4093 1143 4148 ἀϐασίλευτον
1164 4078 1305 4158 ;’τὸν
1330 4094 1464 4162 μήτε
1493 4091 1682 4161 ἄρχειν

112 4194 278 4263 ἑτέρου
309 4190 552 4260 δύναμιν
596 4187 785 4257 ἔχοντα
807 4225 821 4249 ,
855 4186 990 4257 μήτε
1029 4181 1287 4254 ἄρχεσθαι
1316 4182 1682 4254 καταδεχόμε-

113 4299 216 4346 νον;
269 4279 421 4335 Ἀλλ’
452 4277 579 4331 οὔτε
605 4276 719 4329 ἔστι
751 4291 833 4338 τις
866 4272 1088 4343 τοιαύτη
1119 4272 1281 4343 φύσις
1309 4275 1367 4325 ὲν
1396 4274 1506 4335 τοῖς
1541 4268 1677 4336 οὖσι,

112 4373 382 4426 καὶτοῦτο
410 4369 526 4442 (80)
556 4367 805 4437 ἐννοῆσαι
837 4366 975 4421 κατὰ
998 4364 1093 4419 τοῦ
1123 4363 1436 4435 Πνεύματος
1460 4363 1681 4417 ἀσέϐεια

112 4464 434 4533 περιφανής.
474 4460 637 4511 Ὥστε
679 4460 727 4511 εί
770 4456 869 4528 μὲν
908 4455 1172 4518 ἔκτισται,
1205 4452 1444 4507 δουλεύει
1480 4453 1679 4525 δηλαδὴ

117 4557 236 4624 μετὰ
258 4557 495 4609 πάντων
512 4569 524 4582 ·
567 4552 643 4606 Τὰ
669 4552 781 4620 γὰρ
813 4552 1152 4619 σύμπαντα,
1183 4549 1336 4618 φησὶ,
1362 4547 1549 4602 δοῦλα
1574 4546 1674 4601 σά·

111 4650 155 4699 εἰ
180 4650 235 4701 δὲ
270 4647 425 4713 ὑπὲρ
452 4645 557 4715 τὴν
589 4643 763 4696 κτίσιν
791 4642 938 4706 ἐστὶ,
982 4640 1083 4711 τῆς
1117 4639 1391 4710 βασιλείας
1419 4640 1535 4692 ἐστὶ
1563 4656 1678 4694 κοι-

113 4740 283 4792 νωνόν.
670 4748 673 4751 ’

1782 3381 1891 3425 tam
1939 3372 2165 3443 gloriam
2204 3374 2541 3443 persolvunt.
2585 3372 2941 3456 Filius‘enim
2986 3378 3159 3449 gloria
3204 3381 3361 3450 afﬁcit

1780 3474 2005 3532 patrem,
2033 3473 2083 3518 et
2110 3482 2287 3519 servus
2316 3467 2588 3520 dominum
2620 3484 2774 3521 suum
2806 3469 2894 3522 ³³⁸.
2916 3469 2981 3523 Et
3011 3488 3077 3526 cx
3102 3471 3187 3528 his
3222 3473 3360 3527 duo-

1781 3555 1885 3608 bus
1927 3555 2158 3609 alterum
2188 3557 2415 3611 omnino
2438 3555 2581 3613 Deus
2615 3560 2865 3627 requirit.
2907 3558 3049 3615 Nam
3078 3565 3124 3616 si
3172 3562 3355 3627 Pater,

1780 3644 1978 3713 inquit,
2014 3661 2130 3697 sum
2166 3662 2278 3715 ego,
2329 3646 2418 3699 ubi
2464 3654 2543 3699 est
2576 3647 2751 3717 gloria
2796 3652 2953 3704 mea?
2991 3649 3052 3704 Si
3097 3651 3357 3707 Dominus

1780 3748 1897 3785 sum
1924 3748 2040 3802 ego,
2077 3732 2167 3786 ubi
2197 3743 2276 3787 est
2305 3735 2464 3787 timor
2493 3751 2636 3790 meus
2667 3736 2752 3790 “‘i
2777 3737 2998 3807 Alioqui
3022 3740 3134 3793 vita
3168 3752 3358 3795 custo-

1780 3824 1884 3878 diae
1927 3838 1990 3878 ac
2020 3823 2350 3894 inSpectioni
2395 3822 2609 3879 Domini
2657 3842 2767 3880 non
2818 3829 3061 3893 subdita,
3113 3832 3357 3885 omnium

1780 3914 2018 3970 maxime
2056 3914 2389 3971 miserabilis
2416 3915 2578 3970 foret.
2607 3916 2929 3987 Cujusmodi
2962 3927 3091 3974 sunt
3129 3920 3357 3974 virtutes

1780 4007 2132 4072 desertrices,
2162 4022 2285 4079 quae
2314 4009 2457 4078 quod
2479 4010 2747 4065 cervicem
2769 4018 3064 4065 erexerunt
3092 4009 3357 4067 adversus

1779 4096 1951 4152 Deum
2003 4100 2460 4169 omnipotentem,
2511 4101 2827 4156 servitutem
2865 4102 3357 4168 detrectant,~non

1780 4187 1927 4258 quod
1966 4189 2122 4243 aliter
2154 4199 2350 4244 natura
2379 4199 2707 4261 comparatae
2732 4195 2862 4257 sint,
2895 4193 2990 4249 sed
3022 4194 3169 4265 quod
3212 4195 3359 4250 sub-

1779 4280 1906 4335 ditm
1936 4296 2059 4336 esse
2089 4282 2264 4336 nolint
2290 4281 2558 4338 Creatori.
2591 4283 2762 4350 Quem
2803 4286 2968 4356 igitur
3011 4288 3255 4357 appellas
3288 4288 3359 4341 li-

1781 4372 1999 4426 berum?
2021 4371 2160 4428 Eum
2202 4374 2296 4444 qui
2342 4375 2460 4430 sine
2509 4391 2637 4446 rege
2671 4376 2788 4431 est?
2828 4377 2921 4447 qui
2964 4394 3143 4447 neque
3184 4379 3360 4450 impe~

1780 4463 1939 4519 randi
1969 4465 2126 4520 alteri
2154 4474 2479 4536 potestatem
2504 4467 2688 4534 habet,
2714 4484 2891 4540 neque
2928 4471 3154 4526 alterius
3186 4470 3359 4540 impe-

1783 4555 1923 4612 rium
1952 4556 2213 4613 admittit?
2242 4559 2312 4612 At
2333 4573 2433 4614 nec
2452 4570 2536 4614 est
2564 4558 2870 4614 istiusmodi
2894 4571 3087 4616 natura
3114 4563 3169 4616 in
3194 4563 3357 4617 rebus

1785 4645 2043 4713 conditis,
2072 4655 2125 4703 et
2164 4646 2265 4703 hoc
2297 4649 2363 4704 de
2395 4648 2603 4719 Spiritu
2631 4638 2869 4718 cogitare
2893 4660 3077 4719 aperta
3107 4650 3357 4720 impietas

1785 4746 1889 4793 cst.
1922 4737 2102 4804 Quare
2132 4741 2177 4796 si
2206 4741 2443 4810 Spiritus
2486 4747 2706 4795 creatus
2736 4748 2815 4795 est
2838 4777 2854 4803 ,
2904 4740 3149 4809 profecto
3192 4741 3359 4793 servit

113 4846 224 4882 cum
248 4826 541 4885 omnibus.
574 4822 770 4878 Omnia
794 4824 956 4887 enim,
989 4821 1187 4892 inquit,
1215 4821 1445 4875 serviunt
1493 4820 1588 4874 tibi
1617 4823 1686 4887 ’5;
1724 4825 1809 4880 sin
1840 4842 2008 4899 supra
2031 4841 2337 4886 creaturam
2375 4840 2479 4897 est,
2519 4832 2670 4901 regni
2720 4846 2938 4901 quoque
2987 4846 3215 4886 consors
3250 4841 3354 4887 est.

174 4993 216 5023 ”
250 4988 401 5043 Gen.
444 4999 615 5049 xxvii,
650 4983 741 5039 57.
815 4982 861 5015 ’³
896 4981 1032 5037 Gen.
1069 4978 1143 5048 rx,
1181 4980 1272 5034 25.

177 5102 285 5166 (Π)
322 5099 664 5166 Ἥκθησαν.
687 5096 780 5152 Sic
807 5110 997 5150 omnes
1024 5093 1240 5166 codices
1267 5110 1282 5160 ;
1306 5093 1434 5166 editi
1458 5092 1681 5166 ἠνέχθη-

118 5164 223 5224 σας..
247 5163 439 5225 Paulo
455 5163 581 5237 post
609 5168 833 5234 quidam
855 5180 989 5221 mss.
1015 5164 1230 5235 codices
1261 5163 1429 5235 σοφὴν
1461 5166 1552 5218 καὶ
1583 5165 1682 5233 ἄρ-

329 5312 751 5383 οικέτηςηοῑο.
769 5305 929 5383 Δξέλόίιί
959 5304 1178 5383 οίκέντης
1201 5305 1475 5383 ’ἐστὶᾲτοῖς
1532 5303 1685 5383 ἀδελ-

119 5373 225 5447 φοῖς
257 5373 454 5446 αὐτοῦ,
490 5373 680 5449 ἐπειδὴ
729 5376 1028 5440 ἀδίδακτος.
1065 5373 1215 5429 Libri
1264 5381 1471 5430 veteres
1515 5383 1575 5428 ut
1630 5374 1688 5426 in

120 5461 628 5591 ﬁrﬁitii'mpum.
680 5519 783 5591 Sic
824 5533 959 5591 mss.
989 5515 1251 5591 quinque.
1290 5512 1432 5567 Editi
1479 5514 1682 5583 κτῆμα.

123 5587 232 5645 lex
262 5587 398 5660 Reg.
426 5587 705 5647 secundus
731 5589 784 5642 τί
816 5587 1067 5641 δύνασθε.

184 5664 293 5731 ιη)
319 5653 569 5734 Δὶῦλσν·
604 5663 682 5734 lla
717 5675 850 5734 “3393:
886 5656 1253 5734 du9z.q“ib‘§s
1280 5654 1461 5734 Ϊίὶνίῖίη
1504 5653 1688 5734 illi]???

123 5722 493 5813 aii‘in'quibus
519 5733 721 5802 legitur
742 5729 932 5800 δούλῳ.
959 5722 1111 5783 Alius
1130 5726 1293 5781 habet
1315 5722 1518 5786 δοῦλος.
1548 5722 1688 5776 Editi

341 5872 449 5926 Τὸν
475 5874 689 5941 κύριον
708 5869 913 5924 αὐτοῦ.
938 5868 1283 5925 Colbertinus
1308 5864 1477 5920 codex
1502 5872 1559 5920 et
1581 5862 1691 5916 duo

1346 4980 1413 5012 ²³·
1448 4979 1676 5035 Malach.
1720 4997 1758 5047 ι,
1787 4980 1840 5035 6.
1917 4982 1966 5014 ’⁸
2008 4983 2140 5038 ibid.
2218 4986 2264 5017 “
2294 4984 2437 5040 Psal.
2478 5002 2621 5049 cui,
2658 4986 2747 5040 9l.

1778 5094 1868 5167 alii
1893 5093 2265 5167 accmbeﬁsio
2294 5097 2441 5151 citati
2463 5099 2666 5152 addunt
2690 5096 2950 5167 φοὸεῖται.
2979 5094 3082 5149 Sed
3100 5092 3358 5167 bocver-

1780 5164 1910 5236 bum
1942 5165 2011 5236 ab
2043 5165 2163 5236 ipso
2177 5166 2403 5230 Basilio,
2431 5171 2684 5222 omnibus
2703 5164 2846 5220 'inss.
2866 5165 3351 5229 consentientibus,

1783 5234 2139 5309 omittitur'in
2168 5252 2288 5308 cap.
2317 5237 2383 5292 18
2405 5238 2568 5309 hujus
2597 5238 2743 5302 libri,
2776 5235 2866 5290 ubi
2918 5236 3057 5290 idem
3107 5236 3354 5290 testimo-

1785 5305 1937 5357 nium
1974 5304 2230 5362 refertur.

1859 5374 1987 5448 (79)_
2010 5376 2162 5443 Ζωή.
2197 5376 2337 5448 Εᾰὶιί
2369 5391 2491 5448 post
2523 5378 2883 5448 hanc_vocem
2912 5374 3125 5448 addunt
3158 5375 3227 5448 εί,
3261 5375 3357 5433 sed

1791 5442 2316 5515 deest'iniomnibus
2342 5442 2642 5502 codicibus.
2676 5446 2878 5500 Ibidem
2912 5444 3043 5515 Reg.
3079 5445 3273 5515 tertius
3304 5455 3358 5499 et
3397 5491 3399 5495 .

1783 5512 1939 5568 Colb.
1966 5514 2070 5567 ὑπὸ
2092 5515 2190 5585 τὴν
2215 5517 2424 5585 σκέπην
2444 5517 2562 5578 τοῦ,
2590 5517 2696 5571 Sub
2728 5515 2893 5569 tutela
2921 5512 3152 5569 Domini.
3188 5513 3359 5570 Paulo

1785 5591 1909 5657 post
1938 5585 2069 5637 editi
2120 5584 2495 5655 ἀφηνιάζουσι,
2543 5587 2687 5657 quod
2743 5589 3066 5641 auctoritate
3113 5589 3358 5656 quinque

1786 5653 2033 5707 codicum
2067 5653 2421 5710 mutavimus.
2559 5653 2577 5657 “
3131 5653 3144 5655 “
3269 5653 3283 5656 ’
3354 5684 3366 5710 ε

1857 5723 1968 5796 (80)
1987 5725 2094 5778 Kal
2116 5726 2310 5779 τοῦτο.
2334 5724 2426 5779 Sic
2453 5726 2795 5782 emendatum
2819 5741 2920 5796 ope
2951 5726 3105 5795 Regii
3129 5724 3354 5796 secundi

1784 5794 1932 5863 quod
1952 5810 2117 5864 prave
2140 5796 2195 5849 in
2221 5797 2345 5852 aliis
2365 5812 2498 5853 mss.
2524 5808 2578 5852 et
2606 5798 2662 5852 in
2684 5794 3143 5869 editis'legebatur
3161 5797 3255 5848 καὶ
3275 5794 3352 5849 τό.
