3908 6534
548 383 655 439 185

1133 495 1362 551 CAPUT
1404 492 1544 552 XXI.

552 609 876 667 Tcstimonia
924 625 989 663 ea:
1027 609 1316 679 Scripturis
1352 608 1609 678 Spiritum
1655 609 1911 679 apparari
1944 607 2124 663 Domi-

1267 697 1413 734 num.

622 771 713 826 δι’..
747 770 851 825 Sed
873 770 1002 840 quid
1021 785 1158 839 opus
1172 780 1256 824 est
1275 786 1341 825 ex
1366 770 1530 824 rebus
1555 768 1855 823 humilibus
1881 783 2125 838 pugnan-

554 871 656 927 tes,
700 862 969 917 doctrina:
998 862 1233 930 turpiter
1284 875 1478 930 parare
1507 861 1813 924 victoriam,
1859 858 1968 931 46
1999 875 2122 913 cum

552 952 1083 1008 liceatillustriorum
1111 952 1472 1022 appositione,
1518 951 1704 1020 gloriae
1723 951 2121 1016 excellentiam,

552 1045 642 1098 cui
689 1043 990 1098 contradici
1033 1059 1142 1098 non
1174 1046 1383 1113 possit,
1426 1041 1837 1096 demonstrare?
1880 1040 2035 1108 Quod
2076 1042 2124 1096 si

550 1136 892 1206 proferemus
918 1149 985 1189 ea
1019 1148 1141 1204 quae
1179 1149 1280 1187 nos
1307 1131 1590 1201 Scriptura
1627 1132 1852 1198 docuit,
1898 1131 2125 1187 forsitan

551 1241 750 1296 magno
802 1226 1218 1295 vehementique
1264 1224 1505 1279 clamore
1544 1222 2028 1287 vociferabuntur,
2071 1232 2127 1278 et

553 1320 780 1373 auribus
802 1317 1076 1371 ohturatis
1100 1315 1583 1371 Pneumatomachi
1613 1316 1865 1370 tollentes
1895 1314 2122 1385 lapides,

553 1407 648 1463 alit
668 1409 932 1480 quidquid
957 1407 1099 1462 forte
1126 1407 1451 1472 occurrerit,
1484 1407 1538 1459 in
1571 1421 1721 1460 arma
1750 1406 1983 1476 quisque
2002 1421 2125 1461 ver—

551 1507 749 1561 tentes,
792 1498 848 1552 in
877 1513 978 1553 nos
1008 1497 1239 1552 irruent.
1281 1494 1389 1550 Sed
1420 1510 1528 1549 non
1550 1504 1635 1549 est
1657 1495 1818 1549 nobis
1837 1493 2126 1549 incolumi-

555 1599 639 1646 tas
678 1590 1056 1660 anteponenda
1104 1585 1344 1643 veritati.
1409 1584 1720 1641 Invenimus
1775 1586 1940 1656 igitur
1982 1584 2125 1655 apud

552 1682 873 1752 Apostolum
911 1700 924 1736 :
958 1680 1217 1733 Dominus
1250 1689 1424 1732 autem
1454 1677 1653 1748 dirigat
1676 1676 1839 1733 corda
1868 1686 2039 1732 uestra
2070 1678 2125 1731 in

552 1773 880 1828 dilectionem
906 1771 1025 1838 Dei,
1054 1781 1103 1825 et
1130 1771 1185 1825 in
1201 1770 1516 1839 patientiam
1543 1768 1744 1825 Christi
1770 1785 1864 1837 pro
1895 1766 2123 1822 tribula-

556 1866 785 1919 tionibus
817 1864 883 1918 ³⁸.
913 1862 1050 1929 Quis
1093 1870 1179 1918 est
1208 1851 1472 1917 Dominus
1502 1860 1742 1931 dirigens
1786 1861 1843 1914 in
1881 1859 2129 1916 dilectio-

553 1972 680 2011 nem
713 1956 829 2020 Dei,
860 1963 912 2009 et
951 1955 1007 2008 in
1037 1953 1356 2025 patientiam
1392 1952 1601 2007 Christi
1626 1967 1726 2021 pro
1754 1951 2130 2007 tribulationi-

552 2047 693 2104 bus?
726 2045 1113 2117 Respondeant
1144 2046 1326 2110 nobis,
1364 2046 1457 2116 qui
1497 2043 1760 2115 Spiritum
1810 2044 1866 2098 in
1897 2044 2130 2099 servitu-

554 2146 661 2193 tem
714 2139 958 2208 adigunt.
1012 2135 1139 2192 Sive
1178 2137 1322 2192 enim
1368 2137 1436 2191 de
1476 2136 1586 2191 Deo
1627 2142 1681 2192 et
1724 2135 1887 2191 Patre
1935 2134 2130 2191 fuisset

553 2245 771 2295 sermo,
817 2229 1053 2283 omnino‘
1086 2228 1322 2282 dixisset
1366 2246 1380 2281 :
1422 2225 1680 2281 Dominus
1725 2243 1810 2281 vos
1843 2227 2039 2298 dirigat
2075 2230 2129 2280 in

553 2322 886 2376 dilectionem
910 2320 995 2374 sui
1028 2337 1047 2373 :
1078 2321 1193 2375 sive
1225 2318 1292 2373 de
1333 2317 1492 2383 Filio,
1525 2318 1863 2383 addidisset,
1892 2320 1947 2371 in
1978 2334 2129 2372 suam

555 2412 720 2481 ipsius
759 2411 1092 2478 patientiam.
1125 2407 1384 2475 Quaerant
1424 2410 1591 2478 igitur
1624 2421 1875 2477 quaenam
1911 2408 1985 2462 sit
2024 2408 2129 2463 alia

555 2514 812 2571 persona,
841 2514 1007 2569 quam
1036 2497 1252 2552 Domini
1297 2496 1565 2551 vocabulo
1606 2500 1798 2551 deceat
1848 2494 2127 2550 honorari.

556 2591 696 2646 liuic
728 2590 884 2646 aliine
914 2601 999 2646 est
1042 2599 1096 2645 et
1132 2588 1306 2655 illud,
1350 2589 1497 2659 quod
1530 2588 1661 2642 alibi
1707 2588 1943 2658 positum
1982 2597 2063 2644 est
2111 2607 2126 2644 :

555 2683 814 2737 Dominus
839 2699 924 2737 vos
956 2684 1169 2751 impleat
1196 2689 1245 2735 et
1276 2680 1547 2735 abundare
1575 2680 1741 2749 faciat
1771 2679 2048 2744 charitate,
2076 2680 2131 2733 in

555 2791 643 2829 uos
673 2775 887 2830 invicem
914 2783 963 2828 et
994 2775 1047 2828 in
1077 2789 1277 2837 omnes,
1303 2770 1744 2843 quemadmodum
1765 2778 1813 2823 et
1833 2786 1926 2824 nos
1945 2771 1997 2822 in
2020 2786 2127 2833 vos,

557 2863 626 2919 ad
664 2864 1087 2936 conﬁrmandum
1127 2863 1292 2916 corda
1346 2871 1519 2916 uestra
1558 2858 2038 2930 irreprehensibilia
2076 2860 2130 2912 in

554 2955 996 3024 sanctiﬁcatione,
1036 2969 1218 3007 coram
1258 2952 1367 3006 Dea
1401 2961 1451 3006 et
1483 2950 1645 3004 Patre
1691 2960 1872 3005 nostra
1895 2992 1909 3016 ,
1941 2951 1996 3004 in
2031 2951 2130 3003 ad-

556 3056 710 3101 ventu
737 3044 952 3098 Domini
982 3044 1150 3098 nostri
1172 3041 1304 3097 Iesu
1332 3041 1533 3097 Christi
1559 3057 1681 3095 cum
1724 3042 1965 3095 omnibus
2003 3057 2131 3096 san-

1850 376 1910 435 S.
1949 377 2194 439 BASlLll
2234 376 2448 433 MACNI

3689 368 3798 427 164

2620 500 2628 506 “
2737 491 3129 545 ΚΕΦΔΔΑΙυΝ
3178 490 3286 544 KA'

2223 604 2548 673 Μαρτυρίαι
2573 602 2643 656 ἐκ
2671 598 2789 655 τῶν
2814 598 3069 724 Γρῆφῷγ
3091 599 3197 654 τοῦ
3224 596 3696 667 κυριολοτεῖσθαι
3728 596 3800 650 τὸ

2932 685 3138 724 reuna.

2932 685 3138 739 νευμα.

2294 763 2384 818 52.
2426 763 2537 817 Καὶ
2568 762 2619 817 τί
2648 762 2755 828 δεῖ,
2782 762 2846 814 ἐκ
2876 760 2985 815 τῶν
3026 759 3294 814 ταπεινῶν
3322 757 3801 830 ἀπομαχομένους.

2223 853 2462 926 αἰσχρῶς
2498 853 2598 925 τὴν
2635 854 2790 924 νίκην
2832 851 3205 906 κατακτᾶσθαι
3251 850 3330 921 τῷ
3366 849 3529 922 λόγῳ,
3563 850 3683 914 ἰξὺν
3730 852 3803 921 τῇ

2225 944 2524 1017 παραθέσει
2553 944 2662 997 τῶν
2700 943 3037 1014 σεμνοτέρων
3074 943 3462 1014 ἀναντίρρητον
3488 942 3586 1011 τὴν
3631 942 3809 1010 ὑπερο

2224 1035 2385 1107 δολὴν
2409 1037 2510 1106 τῆς
2533 1035 2692 1106 δόξης
2711 1033 3075 1089 ἐπιδεικνύναι
3097 1052 3111 1102 ;
3140 1034 3203 1087 Ei
3230 1033 3287 1087 δὲ
3314 1033 3565 1104 λέγοιμεν
3585 1032 3622 1087 ἃ
3642 1032 3807 1105 παρά

2223 1130 2322 1201 τῆς
2348 1129 2572 1201 Γραφῆς
2615 1126 2973 1199 ἐδιδάχθημεν
2993 1165 3008 1191 ,
3050 1125 3190 1197 τάχα
3224 1142 3327 1179 που
3361 1125 3505 1196 μέγα
3540 1125 3636 1177 καὶ
3666 1140 3808 1192 090-

2222 1222 2347 1294 δρὸν
2378 1220 2797 1294 ἀνακράξονται,
2827 1220 2921 1274 καὶ
2948 1219 3236 1295 συσχόντες
3263 1217 3332 1271 τά
3358 1212 3499 1281 ὦτα,
3531 1215 3807 1288 ἀράμενοι

2223 1313 2425 1381 λίθους,
2450 1315 2484 1388 ἢ
2516 1315 2544 1368 ὃ
2573 1332 2627 1367 τι
2649 1312 2714 1367 ἂν
2743 1313 2897 1384 τύχοι
2927 1311 3245 1383 παραφανὲν
3263 1351 3279 1375 ,
3304 1309 3460 1363 τοῦτο
3491 1310 3598 1363 τῶν
3624 1310 3805 1363 Πνευ-

2229 1408 2560 1480 ματομάχων
2598 1406 2824 1471 ἕκαστος
2869 1405 3033 1459 ὅπλον
3086 1403 3482 1473 ποιησάμενος,
3525 1403 3611 1471 ἐφ’
3649 1402 3806 1471 ἡμᾶς

2224 1501 2464 1571 ἥξουσιν.
2512 1501 2587 1554 Οὐ
2622 1500 2728 1572 μὴν
2756 1499 2861 1571 πρό
2890 1515 2955 1567 γε
2987 1497 3087 1568 τῆς
3125 1495 3380 1569 ἀληθείας
3404 1494 3639 1566 τιμητέα
3666 1495 3808 1563 ἡμῖν

2224 1595 2258 1665 ἡ
2285 1593 2570 1663 ἀσφάλεια.
2592 1592 2839 1665 Εὖρομεν
2856 1591 3034 1645 τοίνυν
3054 1589 3205 1662 παρὰ
3222 1589 3301 1660 τῷ
3332 1588 3636 1658 ’Δποστόλῳ
3660 1585 3803 1657 (8Ι)’

2236 1684 2291 1737 '0
2321 1683 2390 1737 δὲ
2426 1685 2640 1752 Κύριος
2671 1682 3027 1738 κατευθύναι
3069 1680 3239 1750 ὑμῶν
3280 1678 3387 1746 τὰς
3426 1677 3673 1747 καρδίας
3712 1679 3805 1742 εὶς

2225 1774 2341 1843 τὴν
2370 1774 2610 1845 ἀγάπην
2632 1772 2741 1828 τοῦ
2767 1772 2935 1838 Θεοῦ,
2965 1772 3063 1826 καὶ
3090 1774 3179 1838 είς
3201 1768 3316 1839 τὴν
3344 1768 3664 1838 ὑπομονὴν
3691 1769 3807 1823 τοῦ

2226 1867 2482 1936 Χριστοῦ
2528 1866 2681 1937 ὑπὲρ
2711 1865 2833 1920 τῶν
2869 1866 3133 1935 θλίψεων
3160 1863 3293 1935 (82).
3336 1863 3431 1927 Τίς
3471 1865 3500 1916 ὁ
3534 1860 3808 1916 κατευθύα

2227 1974 2332 2012 νων
2375 1957 2578 2031 Κύριος
2617 1960 2697 2022 είς
2732 1959 2831 2030 τὴν
2863 1957 2957 2011 τοῦ
3005 1957 3140 2011 Θεοῦ
3182 1955 3423 2026 ἀγάπην,
3458 1956 3550 2009 καὶ
3581 1957 3664 2020 είς
3697 1956 3806 2029 τὴν

2227 2048 2367 2120 ὑπὲρ
2394 2048 2502 2101 τῶν
2542 2048 2773 2120 θλίψεων
2794 2049 2889 2103 τοῦ
2919 2048 3155 2120 Χριστοῦ
3189 2049 3498 2120 ὑπομονήν;
3545 2050 3809 2120 ’Δποκρι-

2228 2141 2508 2196 νάσθωσαν
2537 2144 2667 2213 ἡμῖν
2694 2144 2744 2195 0i.
2773 2142 2835 2195 τὸ
2872 2141 3094 2213 Πνεῦμα
3131 2140 3615 2212 καταδουλούμενοι
3671 2142 3805 2195 Εἴτε

2228 2234 2334 2307 γὰρ
2362 2235 2491 2306 περὶ
2519 2235 2612 2289 τοῦ
2639 2235 2773 2288 Θεοῦ
2807 2235 2902 2289 καὶ
2929 2234 3141 2306 Πατρὸς
3169 2234 3277 2306 (85)
3318 2236 3346 2288 ὁ
3376 2234 3550 2303 λόγος,
3580 2234 3807 2295 πάντως

2229 2326 2296 2381 ἂν
2324 2329 2508 2399 εἴρητο
2527 2345 2539 2360 ι
2579 2328 2643 2380 '0
2671 2326 2740 2382 δὲ
2769 2329 2986 2395 Κύριος
3008 2323 3166 2396 ὑμᾶς
3191 2327 3543 2382 κατευθύναι
3570 2328 3661 2391 εὶς
3684 2326 3808 2393 τὴν

2227 2416 2445 2471 ἑαυτοῦ
2463 2415 2707 2487 ἀγάπην
2725 2434 2738 2447 ·
2769 2418 2879 2469 εἴτε
2904 2414 3142 2487 περὶτοῦ
3168 2415 3299 2469 Υίοῦ
3322 2415 3453 2486 (84),
3479 2417 3807 2486 προσέκειτο

2228 2508 2315 2576 ἂν,
2339 2511 2428 2576 είς
2457 2508 2572 2578 τὴν
2601 2508 2819 2563 ἑαυτοῦ
2862 2509 3195 2578 ὑπομονήν.
3239 2508 3578 2580 Ζητείτωσαν
3619 2503 3716 2563 οὖν
3752 2509 3807 2561 τί

2230 2600 2375 2653 ἐστιν
2419 2598 2546 2654 ἄλλο
2573 2600 2861 2672 πρόσωπον
2881 2640 2896 2666 ,
2925 2599 2954 2653 ὅ
2981 2603 3046 2671 τῇ
3085 2599 3422 2673 προσηγορίᾳ
3458 2601 3551 2655 τοῦ
3588 2599 3807 2670 Κυρίου

2226 2689 2491 2761 τιμᾶσθαι
2523 2690 2690 2756 ἄξιον.
2732 2691 3120 2763 Παραπλήσιον
3153 2691 3211 2744 δὲ
3241 2691 3415 2761 τούτῳ
3450 2691 3560 2761 (85)
3601 2692 3699 2745 καὶ
3744 2692 3810 2745 τὸ

2229 2782 2454 2854 ἑτέρωθι
2479 2783 2757 2854 κείμενον,
2786 2785 2848 2838 τό
2868 2799 2884 2815 ·
2923 2781 3106 2854 ’Υμᾶς
3145 2782 3214 2837 δὲ
3238 2787 3271 2838 ό
3301 2785 3512 2853 Κύριος
3537 2783 3807 2837 πλεονὰ-

2229 2887 2333 2927 σαι
2357 2873 2456 2928 καὶ
2495 2876 2893 2943 περισσεύσαι
2921 2874 2998 2944 τῇ
3022 2874 3218 2945 ἀγάπῃ
3246 2877 3330 2940 εις
3354 2873 3669 2940 ἀλλήλους
3702 2874 3810 2928 καὶ

2228 2965 2316 3029 είς
2343 2962 2595 3030 πάντας,
2636 2964 2903 3033 καθάπερ
2927 2965 3025 3018 καὶ
3064 2960 3236 3033 ἡμεῖς
3270 2966 3358 3029 είς
3387 2962 3563 3033 ὑμᾶς,
3595 2966 3688 3028 εις
3738 2964 3809 3017 τὸ

2228 3055 2506 3124 στηρίξαι
2531 3055 2699 3125 ὑμῶν
2739 3057 2846 3122 τὰς
2888 3055 3132 3124 καρδίας
3160 3054 3502 3125 ἀμέμπτους
3521 3055 3591 3108 ἐν
3626 3057 3810 3123 ἀγεω-

557 3138 654 3190 clis
680 3136 790 3190 suis
813 3135 880 3189 ⁸⁷.
928 3132 1101 3201 Quem
1142 3132 1429 3188 Dominum
1464 3142 1750 3203 precatur,
1798 3146 1985 3197 coram
2018 3131 2125 3187 Deo

2234 3146 2388 3215 σύνῃ
2437 3145 2777 3215 ἔμπροσθεν
2814 3145 2922 3199 τοῦ
2969 3143 3115 3200 Θεοῦ
3148 3144 3247 3198 καὶ
3275 3144 3503 3212 Πατρός
3528 3141 3706 3212 ’ἡμῶν
3736 3144 3813 3197 ἐν

555 3236 612 3284 et
641 3226 802 3281 Patre
837 3234 1025 3281 nostro
1054 3225 1110 3279 in
1142 3224 1379 3279 adventu
1420 3223 1637 3277 Domini
1674 3223 1851 3278 nostri
1891 3222 2127 3292 irrepre-

557 3316 847 3372 hensibilia
888 3315 1126 3369 ﬁdelium
1157 3312 1731 3369 Thessalonicensium
1758 3311 1948 3378 corda,
1992 3327 2127 3366 con-

555 3405 768 3461 llrinata
801 3405 857 3459 in
885 3406 1175 3459 sanctitate
1203 3403 1590 3458 constabilire?
1617 3402 2000 3473 Respondeant
2026 3417 2127 3458 no-

555 3497 664 3559 bis,
684 3494 922 3565 quicum
951 3494 1362 3549 ministratoriis
1384 3494 1691 3564 spiritibus,
1720 3495 1814 3564 qui
1839 3494 2127 3548 mittuntur

556 3586 625 3641 ad
657 3585 1061 3649 ministerium,
1113 3586 1387 3640 collocant
1426 3583 1691 3655 Spiritum
1735 3595 2008 3642 sanctum.
2056 3584 2127 3638 At

556 3693 665 3733 non
695 3678 894 3734 habent
919 3676 1065 3748 quod
1104 3677 1493 3748 respondeant.
1528 3676 1872 3748 QuaprOpter
1896 3678 2127 3734 audiant

554 3785 611 3827 et
646 3771 791 3826 aliud
817 3770 1212 3836 testimonium,
1238 3771 1523 3826 evidenter
1566 3769 1833 3842 Spiritum
1875 3779 2124 3827 sanctum

556 3864 836 3935 appellans
888 3862 1202 3918 Dominum.
1254 3862 1513 3917 Dominus
1545 3903 1561 3929 ,
1612 3864 1829 3933 inquit,
1893 3861 2124 3934 Spiritus

555 3964 633 4007 est
654 3954 734 4021 ης
764 3961 818 4008 et
840 3968 1081 4025 _rursum
1116 3972 1129 4007 :
1167 3952 1443 4024 Tanquam
1479 3968 1512 4006 a
1555 3952 1781 4011 Domino
1815 3952 2019 4025 Spiritu
2055 3956 2122 4011 ”.

555 4044 634 4099 Ne
662 4059 792 4099 vero
821 4046 929 4099 ulla
959 4048 1302 4121 relinquatur
1321 4051 1540 4106 occasio
1557 4045 1990 4113 contradicendi,
2008 4049 2126 4120 ipsa

556 4137 801 4206 Apustoli
825 4141 987 4196 verba
1011 4142 1282 4211 proferam
1312 4142 1368 4196 in
1399 4141 1636 4197 medium
1673 4161 1686 4196 :
1727 4140 1899 4212 Usque
1934 4140 2004 4195 ad
2032 4142 2125 4195 ho-

556 4234 800 4286 diernum
829 4233 966 4286 enim
998 4233 1135 4288 diem
1164 4232 1302 4287 idem
1335 4233 1569 4288 velamen
1589 4234 1646 4287 in
1668 4233 1887 4288 lectione
1930 4232 2124 4309 Veteris

560 4323 880 4378 Testamenti
906 4334 1113 4390 manet,
1160 4342 1265 4380 non
1295 4325 1610 4390 revelatum,
1649 4326 1787 4398 quod
1831 4328 1885 4380 in
1914 4324 2124 4381 Christo

558 4415 864 4487 abrogatur.
885 4415 1016 4472 Cum
1044 4426 1218 4471 autem
1240 4434 1521 4473 conversus
1536 4418 1698 4489 fuerit
1724 4418 1793 4473 ad
1814 4417 2121 4480 Dominum,

2231 3234 2305 3306 τῇ
2338 3240 2640 3306 παρουσίᾳ
2686 3237 2793 3291 τοῦ
2835 3237 3057 3305 Κυρίου
3095 3235 3265 3306 ἡμῶν
3313 3235 3506 3303 Ἰησοῦ
3537 3236 3809 3304 ξριστοῦ

2225 3325 2377 3396 μετὰ
2417 3324 2660 3379 πάντων
2684 3324 2805 3380 τῶν
2834 3326 3018 3396 ἁγίων
3049 3326 3254 3381 αὐτοῦ.
3287 3324 3444 3379 Ποῖον
3473 3325 3678 3396 Κύριον
3722 3326 3814 3378 εὖ.

2228 3432 2383 3486 χεται
2410 3415 2715 3489 ἔμπροσθεν
2756 3415 2851 3469 τοῦ
2883 3417 3035 3470 Θεοῦ
3062 3417 3157 3471 καὶ
3205 3417 3417 3489 Πατρὸς
3452 3417 3610 3488 ἡμῶν
3640 3419 3699 3471 ὲν
3740 3421 3813 3490 τῇ

2231 3509 2504 3581 παρουσίᾳ
2530 3506 2625 3560 τοῦ
2667 3506 2871 3580 Κυρίου
2910 3506 3066 3578 ἡμῶν
3090 3507 3413 3579 ἀμέμπτους
3436 3509 3535 3572 τὰς
3571 3508 3813 3578 καρδίας

2229 3599 2625 3670 ὲστηριγμένας
2687 3601 2745 3653 ὲν
2806 3598 3083 3672 ἁγιωσύνῃ
3143 3598 3250 3653 τῶν
3315 3600 3372 3653 ὲν
3433 3598 3812 3673 Θεσσαλονίκη

2231 3688 2435 3744 πιστῶν
2477 3689 2761 3762 στηρίξαι;
2826 3689 3338 3762 Ἀποκρινάσθωσαν
3386 3692 3519 3761 ἡμῖν
3563 3693 3613 3744 οἱ
3663 3692 3815 3762 μετά

2227 3780 2336 3836 τῶν
2382 3782 2765 3855 λειτουργικῶν
2805 3784 3128 3855 πνευμάτων
3185 3783 3293 3837 τῶν
3338 3784 3473 3855 πρὸς
3524 3783 3815 3838 διακονίαν

2228 3873 2706 3945 ἀποστελλομένων
2726 3874 2787 3928 τὸ
2812 3874 2965 3944 ἅγιον
3002 3875 3224 3947 Πνεῦμα
3245 3875 3501 3940 τιθέντες.
3538 3876 3679 3930 Ἀλλ’
3703 3879 3816 3931 οὐκ

2228 3964 2429 4036 ἔχουσι.
2476 3965 2677 4039 Διόπερ
2717 3968 3066 4022 ἀκουέτωσαν
3106 3969 3201 4022 καὶ
3247 3968 3438 4040 ἑτέρας
3493 3971 3815 4042 μαρτυρίας

2228 4053 2521 4126 διαρρήδην
2553 4056 2647 4108 καὶ
2688 4056 2858 4127 αὐτῆς
2886 4056 3308 4128 κυριολογούσης
3341 4057 3401 4110 τὸ
3438 4058 3687 4129 Πνεῦμα.
3745 4059 3816 4114 '0

2222 4144 2297 4225 es
2326 4146 2558 4214 Κύριος,
2576 4147 2806 4217 φησὶ,τὸ
2828 4147 3071 4219 Πνεῦμά
3090 4149 3222 4203 ἐστι
3240 4167 3253 4181 ο
3282 4151 3375 4203 καὶ
3394 4149 3583 4203 πάλιν
3608 4150 3817 4206 Καθάο

2230 4253 2339 4305 περ
2413 4238 2532 4292 ἀπὸ
2591 4241 2808 4309 Κυρίου
2857 4242 3219 4311 Πνεύματος.
3283 4242 3443 4296 Ὥστε
3513 4243 3570 4297 δὲ
3639 4244 3817 4315 μηδε-

2232 4327 2358 4398 μίαν
2386 4327 2497 4400 (86)
2517 4330 2826 4400 ἀντιλογίας
2847 4333 3462 4405 ἀφορμὴν-καταλιπεῖν,
3493 4333 3664 4405 αὐτὴν
3697 4353 3811 4389 πα.-

2231 4419 2536 4492 ραθήσομαι
2554 4421 2649 4476 τοῦ
2687 4423 3005 4479 ’Δποστόλου
3032 4425 3131 4497 τὴν
3157 4425 3299 4491 λέξιν
3319 4441 3333 4454 ·
3365 4427 3526 4495 Ἄχρι
3556 4425 3668 4497 γὰρ
3692 4426 3818 4496 τῆς

559 4508 770 4562 tolletur
790 4508 1038 4563 velamen.
1066 4508 1323 4564 Dominus
1347 4519 1525 4564 autem
1551 4509 1784 4578 Spiritus
1806 4523 1885 4563 est
1919 4509 1985 4564 ³ο.
2015 4505 2125 4561 Cur

2234 4509 2493 4580 σήμερον
2523 4511 2591 4565 τὸ
2620 4514 2764 4567 αὐτὸ
2796 4513 3076 4585 κάλυμμα
3105 4516 3204 4569 ἐπὶ
3230 4514 3306 4585 τῇ
3329 4517 3666 4585 ἀναγνώσει
3691 4517 3818 4586 τῆς

556 4600 662 4655 hoc
691 4599 856 4655 dicit?
884 4598 1150 4667 Quoniam
1171 4602 1265 4672 qui
1291 4602 1438 4656 nudo
1466 4602 1767 4657 intellectui
1801 4602 1996 4655 litterae
2026 4616 2120 4656 as-

557 4690 719 4755 sidet,
747 4697 800 4745 et
831 4690 941 4745 illic
972 4691 1119 4747 circa
1143 4692 1342 4764 legales
1371 4693 1787 4749 observationes
1819 4699 2119 4763 occupatus

2225 4599 2496 4669 Παλαιᾶς
2527 4603 2824 4673 Διαθήκης
2848 4605 3017 4675 μέυνει
3036 4646 3051 4671 ,
3081 4606 3168 4676 μὴ
3207 4608 3816 4677 ἀνακαλυπτόμενον,

2224 4692 2258 4746 ὅ
2284 4710 2337 4746 τι
2368 4694 2438 4748 ἐν
2466 4694 2696 4763 Χριστῷ
2734 4697 3125 4767 καταργεῖται.
3145 4698 3332 4753 Ὅταν
3355 4698 3424 4751 δὲ
3462 4698 3817 4769 ἐπιστρέψῃ

629 4869 673 4899 ’⁸
696 4866 739 4922 Il
769 4868 964 4926 Thess.
1006 4885 1085 4935 ιιι,
1119 4870 1172 4926 5.
1246 4871 1289 4902 ²⁷
1312 4869 1333 4923 l
1360 4870 1553 4928 Thess.
1586 4886 1670 4936 ιιι,
1704 4869 1792 4936 12,
1825 4868 1912 4922 15.
1988 4867 2033 4900 ³⁸
2054 4865 2125 4921 ΙΙι

2237 4909 2251 4923 .
2287 4884 2366 4931 ιιι,
2404 4868 2490 4923 17.
2566 4873 2610 4906 ³⁸
2630 4872 2762 4928 ibid.
2798 4873 2885 4928 18.
2959 4873 3004 4906 ³⁸
3027 4874 3159 4930 ibid.
3192 4876 3279 4943 14,
3310 4874 3396 4944 16,
3429 4876 3516 4931 17.

627 5053 742 5126 (81),
781 5054 866 5121 Τῷ
906 5056 1265 5124 Ἀποστόλῳ.
1318 5056 1540 5111 Addunt
1587 5055 1716 5109 editi
1764 5057 1822 5108 ὲν
1860 5055 1927 5124 τῇ
1964 5054 2126 5126 ’πρὸς

554 5120 967 5198 Θεσσαλονικεῖς
994 5120 1243 5198 δευτέρα,
1275 5127 1371 5182 sed
1401 5128 1514 5181 hac
1534 5126 1686 5180 nullo
1707 5120 1935 5195 prorsus
1962 5122 2021 5179 in
2035 5120 2127 5181 co-

554 5193 1118 5278 diceﬂtnszﬂlegunt-ur.

628 5265 738 5336 (8:1)
775 5265 786 5283 '
802 5263 955 5331 Υπὲρ
976 5264 1094 5317 τῶν
1109 5266 1395 5333 θλίψεων.
1412 5263 1811 5336 Fatendumest
1831 5263 1944 5336 hac
1960 5265 2127 5320 verba

554 5334 731 5403 neque
752 5336 806 5387 in
839 5348 996 5403 sacro
1020 5342 1277 5390 contextu
1303 5336 1432 5403 legi,
1461 5345 1514 5388 et
1555 5336 1611 5388 in
1642 5334 1818 5403 tribus
1845 5334 2009 5403 hujus
2061 5335 2127 5388 li-

554 5352 806 5403 nequem
839 5352 996 5387 sacro
1020 5352 1277 5390 contextu
1303 5352 1357 5389 te
1396 5352 1432 5398 I,
1461 5352 1514 5388 et
1555 5352 1611 5388 in
1642 5352 1818 5387 tribus
1845 5352 2009 5403 nujus
2061 5352 2127 5388 ιι-

552 5403 636 5458 bri
658 5419 789 5458 mss.
809 5401 1091 5458 codicibus
1111 5405 1318 5461 deesse.
1340 5352 1482 5470 éuin
1497 5407 1657 5459 etiam
1680 5404 1732 5473 in
1749 5401 1917 5472 Regio
1934 5403 2127 5473 quinto

554 5489 663 5527 non
688 5480 985 5528 occurrunt
1013 5475 1121 5528 nisi
1151 5474 1389 5530 secunda
1413 5490 1599 5528 manu.
1629 5472 1734 5526 Sed
1768 5472 1965 5528 tamen
1996 5489 2123 5530 cum

440 5552 445 5557 '
555 5544 718 5613 paulo
741 5551 863 5613 post
890 5559 921 5595 ιι
944 5541 1146 5614 Basilio
1178 5552 1513 5614 repetantur.
1541 5551 1601 5597 ut
1624 5558 1655 5596 e
1681 5557 1841 5614 sacro
1865 5551 2124 5601 contextu

556 5612 876 5680 desumpta;
916 5612 1081 5665 nolim
1116 5628 1177 5667 ea
1209 5612 1430 5680 delere;
1464 5630 1529 5668 ac
1567 5613 1917 5670 verisimilius
1947 5624 2126 5671 estex

557 5684 863 5745 codicibus,
892 5680 947 5750 in
973 5683 1174 5750 quibus
1200 5687 1418 5748 desunt,
1455 5685 1527 5738 ob
1556 5699 1676 5738 eam
1704 5697 1926 5738 causam
1954 5683 2127 5742 fuisse

555 5752 791 5821 sublata,
815 5749 941 5821 quia
963 5749 1074 5808 non
1094 5753 1408 5825 legebantur
1433 5752 1578 5824 apud
1598 5753 1937 5825 Apostolum,
1959 5770 2123 5826 quam

2230 5060 2350 5130 sine
2382 5069 2550 5110 causa
2580 5054 2637 5109 in
2685 5056 2824 5113 alios
2870 5055 3111 5122 codices,
3151 5057 3211 5111 in
3252 5059 3451 5128 quibus
3480 5070 3819 5130 occurrunt,

2175 5188 2181 5194 I
2229 5127 2448 5196 injecta.

2299 5198 2411 5265 (85)
2444 5195 2582 5264 Περὶ
2612 5195 2719 5251 τοῦ
2753 5196 2913 5252 ’Θεοῦ
2956 5197 3053 5251 καὶ
3094 5198 3346 5265 Πατρός.
3376 5197 3451 5252 Ita
3488 5214 3624 5254 mss.
3665 5208 3823 5263 tres.

2229 5268 2425 5340 melius
2453 5280 2619 5340 quam
2646 5268 2702 5340 in
2732 5266 3052 5340 editis_rrept
3092 5266 3186 5340 τοῦ
3211 5269 3345 5321 Θεοῦ
3388 5269 3600 5340 [ἰατρὸς
3627 5272 3723 5324 καὶ
3761 5276 3821 5325 ὁ.

2300 5336 2411 5411 (δέ)
2436 5336 2577 5411 Περὶ
2594 5336 2701 5391 τοῦ
2722 5335 3013 5411 Υίοῦεμιλιιό
3023 5337 3257 5411 ~codices
3281 5339 3408 5411 negt
3423 5335 3521 5411 τοῦ
3540 5340 3823 5411 Χριστοῦ.

2300 5406 2410 5475 (85)
2446 5407 2656 5472 Τούτῳ,
2679 5413 2786 5462 etc.
2804 5405 2947 5480 Editi
2958 5406 3116 5480 τοῦτο
3139 5408 3308 5480 καὶτὸ
3318 5405 3383 5480 ιν
3394 5408 3478 5462 ὲτέ
3488 5405 3825 5480 partit,un

2230 5476 2395 5549 trium
2432 5490 2691 5549 mssaope
2735 5476 3162 5549 emendavimus.
3198 5476 3323 5532 Mox
3351 5476 3555 5549 Regius
3598 5476 3823 5536 secun-

2228 5546 2332 5624 dps
2364 5544 3051 5624 nsptocedcatﬁvﬁydnn,
3088 5556 3144 5602 et
3184 5549 3348 5618 paulo
3378 5544 3501 5619 ρόει
3525 5549 3625 5614 τάς
3659 5566 3824 5624 καρ-

2227 5615 2685 5698 δίαίήἀμρμτξτως
2719 5618 2777 5669 ὲν
2804 5615 3079 5698 ἀγιασμῷ.

2299 5683 2774 5762 (ὃθᾚΜὴδξμίαν.
2817 5683 2895 5743 ita
2932 5683 3065 5744 mss.
3110 5696 3242 5756 tres,
3274 5704 3374 5760 pro
3400 5704 3469 5748 eo
3495 5690 3639 5762 quod
3677 5702 3829 5747 erat

2226 5756 2285 5813 in
2307 5754 2467 5812 editis
2498 5754 2784 5826 μηδεμιᾶς.
