3908 6538
488 380 594 437 £07

1796 372 1853 425 S.
1896 367 2141 423 BASILII
2184 365 2395 421 MAGNI

3662 355 3781 409 I68

489 504 608 557 lans
642 503 730 556 hic
769 516 879 555 non
915 498 1135 570 globum
1167 512 1199 552 ε
1239 496 1381 551 calo
1423 501 1477 550 et
1514 504 1660 550 terra
1701 498 2067 554 constantem,

2198 487 2373 557 ιόσμον
2406 484 2578 552 λέγων
2614 481 2724 552 (94)
2754 482 2849 534 νῦν
2888 479 3010 549 οὐχὶ
3040 477 3101 532 τὸ
3139 475 3199 544 EE
3237 473 3467 547 οὐρανοῦ
3510 474 3611 527 καὶ
3658 472 3781 540 γῆς

492 593 587 650 sed
619 592 881 648 caducam
930 591 1073 644 hanc
1102 589 1517 658 innumerisque
1544 585 1941 641 mutationibus
1971 584 2070 637 ob.

491 684 714 738 noxiam
740 681 927 735 vitam.
962 679 1040 734 Ac
1072 678 1141 733 de
1175 679 1358 748 seipse
1387 677 1639 748 loquens,
1679 675 1865 729 Adhuc
1893 672 2070 728 modi-

492 795 635 843 cum,
672 777 872 846 inquit,
892 785 941 829 et
968 773 1193 828 mundus
1222 790 1302 827 me
1321 773 1433 842 iam
1465 790 1569 827 non
1595 772 1753 840 videt,
1778 787 1865 826 vos
1896 779 2071 824 autem

493 869 680 924 videtis
704 885 783 922 me
796 867 862 921 ³⁸.
881 865 1100 921 Rursus
1122 864 1209 919 hic
1230 880 1325 920 eos
1345 864 1438 935 qui
1464 864 1733 919 materiali
1755 863 2074 933 carnalique

491 963 607 1017 vita
633 960 874 1016 devincti
907 966 1057 1023 sunt,
1084 964 1137 1011 et
1170 957 1348 1013 oculis
1379 964 1594 1010 tantum
1630 955 1947 1025 expendunt
1981 968 2075 1009 ve-

493 1055 739 1117 ritatem,
766 1049 1029 1105 mundum
1050 1049 1353 1119 appellans,
1375 1046 1468 1118 qui
1500 1062 1609 1102 non
1635 1047 1869 1117 amplius
1899 1045 2075 1102 oculis

497 1142 684 1199 cordis
713 1141 888 1197 visuri
911 1147 1073 1195 erant
1095 1137 1387 1193 Dominum
1412 1145 1692 1202 nostrum,
1724 1152 1790 1191 eo
1813 1134 1958 1207 quod
1985 1152 2076 1191 re-

497 1236 895 1294 surrectionem
951 1248 1063 1288 non
1119 1232 1428 1288 crederent.
1484 1230 1612 1286 llaec
1655 1239 1836 1285 autem
1885 1229 2076 1285 eadem

496 1327 638 1384 dixit
664 1335 717 1384 et
741 1326 808 1382 de
831 1323 1039 1396 Spiritu
1068 1342 1084 1380 :
1111 1323 1393 1394 Spiritum,
1418 1324 1618 1395 inquit,
1642 1323 1905 1389 veritatis,
1928 1336 2078 1390 quem

498 1418 725 1475 mundus
754 1435 860 1473 non
884 1426 1056 1487 potest
1082 1417 1338 1486 accipere,
1373 1414 1511 1486 quod
1539 1414 1650 1486 46
1682 1430 1785 1468 non
1824 1412 1994 1466 videat
2020 1411 2083 1465 il-

499 1512 635 1577 lum,
665 1526 827 1580 neque
850 1517 1130 1578 cognoscat
1159 1524 1278 1561 eum
1300 1523 1319 1561 :
1349 1523 1437 1561 vos
1466 1516 1640 1559 autem
1670 1503 1986 1573 cognoscitis
2007 1502 2081 1555 il-

502 1602 634 1666 lum,
665 1599 806 1670 quod
825 1598 963 1671 apud
993 1614 1081 1654 vos
1104 1606 1279 1652 manet
1307 1596 1375 1650 “.
1398 1594 1650 1650 Carnalis
1679 1592 1950 1663 siquidem
1980 1591 2081 1646 ho-

500 1708 593 1746 mo
667 1699 908 1746 mentem
964 1690 1177 1745 habens
1239 1687 1308 1744 ad
1370 1684 1886 1755 contemplationem
1939 1682 2083 1754 haud

500 1764 880 1842 exercitatam,
917 1776 1028 1832 imo
1067 1791 1198 1832 vero
1223 1782 1393 1830 totam
1415 1776 1469 1829 in
1495 1773 1690 1829 aﬂeetu
1717 1773 1902 1828 carnis
1935 1773 2084 1826 velut

2173 576 2451 646 σύστημα,
2495 572 2632 627 ἀλλὰ
2674 570 2773 642 τὴν
2822 569 3086 640 ἐπίκηρον
3130 566 3336 636 ταύτην
3387 566 3481 619 καὶ
3529 564 3783 634 μυρίαις

2176 668 2498 741 μεταϐολαῖς
2559 662 2927 733 ὑποκειμένην
2983 658 3150 731 ζωήν.
3204 658 3317 711 Καὶ
3371 657 3499 729 περὶ
3561 652 3782 707 ἑαυτοῦ

2170 759 2568 829 διαλεγόμενος,
2607 758 2738 809 Ἔτι
2760 750 3010 824 μικρὸν,
3043 748 3199 821 φησι,
3226 749 3326 803 καὶ
3371 751 3403 802 ό
3429 748 3672 816 κόσμος
3697 761 3787 813 με

2171 849 2372 904 οὐκέτι
2395 846 2599 917 θεωρεῖ
2617 845 2752 916 (95),
2777 842 2945 912 ὑμεῖς
2970 839 3038 894 δὲ
3064 837 3331 908 θεωρεῖτέ
3347 856 3442 909 με.
3477 837 3657 891 Πάλιν
3690 837 3787 888 ὲν-

2171 940 2348 995 ταῦθα
2384 940 2510 1003 τοὺς
2557 941 2625 1010 τῇ
2673 937 2831 1007 ὑλικῇ
2884 935 2977 988 καὶ
3026 934 3263 1004 σαρκικῇ
3303 929 3786 1002 προσδεδεμένους

2174 1033 2311 1106 ζωῇ,
2344 1034 2439 1087 καὶ
2478 1031 2660 1102 μόνοις
2686 1026 2983 1099 ὀφθαλμοῖς
3009 1024 3106 1096 τὴν
3135 1022 3389 1095 ἀλήθειαν
3429 1021 3784 1093 ἐπιτρέπον-

2175 1142 2301 1189 τας,
2327 1123 2530 1193 κόσμον
2546 1118 2985 1193 προσαγορεύων,
3007 1117 3058 1169 οἳ
3081 1118 3147 1189 τῇ
3169 1115 3395 1186 ἀπιστία
3407 1115 3504 1185 τῆς
3522 1112 3788 1167 ἀναστάο

2177 1235 2317 1281 σεως
2349 1215 2533 1270 οὐκέτι
2564 1213 2788 1285 ἔμελλον
2814 1213 2926 1275 τοῖς
2955 1208 3250 1281 ὀφθαλμοῖς
3277 1208 3379 1278 τῆς
3408 1207 3643 1279 καρδίας
3679 1206 3787 1259 τὸν

2177 1309 2383 1379 Κύριον
2434 1305 2590 1377 ήμῶν
2640 1304 2886 1375 ὄψεσθαι.
2935 1301 3016 1355 Τὰ
3063 1301 3120 1355 δὲ
3153 1300 3295 1355 αὐτά
3341 1298 3433 1354 καὶ
3480 1299 3615 1370 περὶ
3673 1297 3785 1351 τοῦ

2179 1401 2496 1471 Πνεύματος
2524 1394 2646 1451 εἷπε
2666 1413 2679 1426 '
2713 1396 2790 1451 Τὸ
2830 1390 3096 1465 Πνεῦμα,
3125 1393 3283 1465 φησὶ,
3310 1390 3420 1459 τῆς
3446 1390 3784 1458 ἀληθείας,

2181 1492 2213 1547 ὅ
2235 1496 2267 1547 ὁ
2289 1493 2512 1560 κόσμος
2533 1491 2605 1544 οὑ
2631 1487 2881 1543 δύναται
2904 1487 3135 1551 λαϐεῖν,
3157 1486 3245 1541 ὅτι
3269 1488 3342 1541 οὐ
3364 1484 3573 1553 θεωρεῖ
3591 1484 3782 1547 αὐτὸ,

2181 1583 2322 1639 οὐδὲ
2364 1583 2643 1653 γινώσκει
2686 1581 2854 1635 αὐτό.
2897 1579 3082 1649 Ὑμεῖς
3127 1578 3195 1632 δὲ
3236 1576 3558 1647 γινώσκετε
3590 1580 3787 1644 αὐτὸ,

2182 1674 2272 1729 ὅτι
2296 1674 2430 1742 παρ’
2471 1673 2614 1743 ὑμῖν
2640 1672 2828 1742 μένει.
2866 1672 2923 1725 '0
2957 1672 3056 1742 μὲν
3085 1670 3194 1743 γὰρ
3234 1671 3487 1742 σάρκινος
3514 1671 3631 1742 (96)
3683 1673 3789 1726 ἄν⁸

2182 1764 2420 1837 θρωπος,
2471 1764 2815 1834 ἀγύμναστον
2861 1761 2999 1834 ἔχων
3036 1762 3173 1834 πρὸς
3207 1760 3439 1833 θεωρίαν
3482 1763 3576 1816 τὸν
3618 1764 3785 1827 νοῦν,

503 1872 562 1925 in
592 1885 752 1926 coeno
779 1869 1056 1926 defossam
1081 1884 1298 1940 gerens,
1339 1884 1449 1922 non
1480 1873 1664 1937 potest
1695 1865 1763 1919 ad
1795 1864 2083 1935 spirituale

2198 1855 2384 1926 uallo)
2416 1855 2473 1908 δὲ
2509 1853 2658 1920 ὅλον,
2709 1852 2898 1923 ὥσπερ
2937 1853 2995 1906 ὲν
3030 1851 3295 1924 βορϐόρῳ,
3340 1852 3422 1923 τῷ
3454 1854 3787 1924 φρονήματι

503 1960 689 2015 lumen
720 1959 965 2014 veritatis
1008 1960 1258 2014 attollere
1296 1957 1507 2012 oculos.
1543 1955 1889 2025 Quapropter
1919 1968 2084 2007 mun-

509 2052 635 2118 dus,
672 2052 775 2106 lioc
807 2057 914 2116 est,
946 2050 1130 2104 carnis
1157 2049 1552 2119 cupiditatibus
1574 2047 1793 2101 addicta
1815 2046 1948 2112 vita,
1971 2045 2086 2100 vel-

512 2150 569 2196 ut
595 2142 791 2196 oculus
816 2140 1106 2196 imbecillis
1131 2156 1241 2195 non
1269 2140 1453 2195 ferens
1482 2138 1624 2193 radii
1646 2136 1845 2194 solaris
1883 2137 2086 2200 lumen,

510 2233 753 2303 Spiritus
787 2232 1016 2302 gratiam
1041 2247 1149 2287 non
1172 2232 1388 2301 recipit.
1426 2230 1497 2285 At
1533 2229 1798 2284 Dominus
1827 2242 1952 2282 cum
1985 2226 2091 2283 hoc

509 2323 801 2393 discipulis
830 2321 1203 2377 testimonium
1230 2320 1509 2385 dedisset,
1557 2316 1706 2388 quod
1744 2313 1964 2369 mundae
2003 2328 2091 2369 es-

510 2422 634 2473 sent
660 2415 787 2470 vitae
808 2414 879 2469 ob
909 2413 1221 2468 doctrinam
1252 2412 1448 2482 ipsius,
1479 2410 1572 2465 dat
1599 2408 1787 2472 etiam,
1811 2416 1871 2462 ut
1885 2406 2000 2475 jam
2022 2404 2093 2459 ad

513 2507 949 2579 speculationem
1001 2504 1630 2574 contemplationemque
1695 2499 1935 2570 Spiritus
1984 2497 2094 2553 sint

514 2596 1039 2664 idoneiJamenim,
1068 2596 1269 2667 inquit,
1290 2612 1379 2650 vos
1409 2593 1593 2648 mundi
1622 2592 1748 2647 estis
1767 2598 2098 2661 propterser-

514 2690 1099 2761 acnemquemlocutus
1111 2705 1225 2743 sum
1239 2687 1382 2742 vobis
1395 2688 1460 2740 ⁸⁷.
1472 2684 1619 2740 Unde
1643 2682 1868 2738 mundus
1889 2680 2096 2748 quidem

515 2802 619 2846 non
653 2791 823 2853 potest
869 2784 1022 2836 illum
1071 2782 1327 2850 accipere,
1360 2777 1786 2849 quandoquidem
1823 2790 1925 2828 non
1962 2771 2099 2827 videt

513 2875 669 2928 illum
704 2890 722 2927 .'
765 2889 854 2927 vos
893 2882 1070 2926 autem
1099 2871 1316 2924 novistis
1353 2884 1469 2923 eum
1493 2906 1508 2932 ,
1553 2865 1804 2937 quoniam
1841 2860 1980 2932 apud
2010 2878 2098 2915 vos

515 2974 691 3018 manet
724 2964 789 3019 ³⁸.
822 2962 1023 3018 Eadem
1059 2960 1196 3016 dicit
1244 2966 1300 3014 et
1332 2958 1501 3013 Isaias
1538 2974 1553 3009 :
1585 2955 1689 3021 Qui
1716 2952 1973 3007 stabilivit
1998 2960 2102 3004 ter-

402 3084 407 3089 -
516 3074 656 3120 ram,
691 3065 741 3110 et
774 3072 890 3126 qua:
913 3055 966 3109 in
990 3071 1053 3109 ea
1076 3060 1221 3117 sunt,
1249 3049 1494 3118 deditque
1519 3048 1860 3116 spirationem
1887 3042 2098 3114 populo,

517 3151 606 3220 qui
627 3158 705 3205 est
733 3164 889 3217 super
913 3146 1098 3210 illam,
1130 3155 1180 3199 et
1210 3143 1471 3212 Spiritum
1519 3136 1846 3194 calcantibus
1890 3151 2008 3189 eam
2030 3134 2098 3187 ”.

518 3242 656 3296 Nam
673 3242 767 3310 qui
801 3240 1131 3295 conculcant
1159 3249 1398 3299 terrena,
1422 3234 1601 3302 iisque
1631 3229 1947 3298 superiores
1971 3240 2101 3282 eva-

519 3342 733 3400 serunt,
774 3332 923 3404 digni
959 3329 1240 3401 praedicati
1273 3334 1404 3382 sunt
1441 3326 1588 3380 dono
1629 3321 1869 3392 Spiritus
1898 3319 2099 3373 sancti.

520 3424 691 3490 Quem
723 3437 854 3494 ergo
889 3419 1127 3476 mundus
1169 3433 1367 3489 capere
1410 3432 1519 3470 non
1563 3420 1779 3484 potest,
1822 3410 2029 3481 quique
2071 3423 2104 3463 a

521 3516 655 3572 solis
702 3513 911 3570 sanctis
953 3527 1050 3583 per
1087 3510 1274 3565 cordis
1310 3508 1607 3579 puritatem
1659 3503 1830 3558 videri
1881 3509 2101 3573 potest,

519 3606 737 3678 qualem
764 3619 887 3660 esse
917 3601 1345 3659 existimandum
1389 3609 1497 3664 est,
1533 3607 1627 3652 aut
1673 3597 1865 3669 quales
1900 3596 1979 3650 illi
2009 3595 2105 3650 ho-

522 3714 689 3755 nores
716 3705 1032 3768 competere
1056 3696 1079 3749 ?

1088 3891 1321 3950 CAPUT
1360 3890 1552 3947 XXIII.

567 3985 796 4055 Spiritus
811 3985 1399 4057 gloriﬁcalionemesse
1414 3982 1862 4036 enumerationem
1890 3994 2071 4033 eorum

1087 4070 1203 4124 qua:
1228 4052 1310 4105 illi
1332 4050 1547 4106 adsunt.

600 4146 690 4200 54.
738 4148 805 4201 Et
835 4147 1063 4216 reliqua:
1104 4145 1324 4215 quidem
1373 4145 1607 4197 virtutes
1643 4140 1871 4212 singula:
1902 4142 1959 4194 in
1989 4138 2109 4193 loco

528 4236 953 4306 circumscripto
1003 4252 1128 4290 esse
1185 4232 1509 4289 creduntur.
1558 4230 1694 4285 Nam
1745 4229 1970 4302 angelus
2016 4228 2109 4299 qui

532 4328 749 4382 astabat
777 4327 1033 4381 Cornelio
1063 4325 1131 4387 ‘°,
1164 4340 1275 4379 non
1308 4324 1366 4378 in
1401 4324 1591 4379 eodem
1636 4330 1917 4376 momento
1957 4329 2107 4376 asta-

532 4423 685 4472 tabat
721 4427 773 4474 et
803 4418 1055 4489 Philippo
1089 4419 1132 4449 “
1165 4436 1179 4472 :
1213 4432 1391 4487 neque
1424 4415 1514 4485 qui
1541 4416 1759 4469 locutus
1784 4422 1869 4468 est
1895 4411 2108 4467 Zacha-

2182 1949 2282 2020 τῆς
2324 1947 2525 2017 σαρκὸς
2571 1944 3060 2018 κατορωρυγμένον
3109 1944 3292 2016 φέρων
3338 1944 3472 2015 (97),
3514 1944 3791 1998 ἀδυνατεῖ

2186 2039 2320 2111 πρὸς
2358 2038 2418 2091 τὸ
2446 2038 2812 2109 πνευματικὸν
2853 2036 2970 2107 φῶς
3013 2036 3110 2106 τῆς
3152 2033 3410 2106 ἀληθείας
3445 2035 3785 2105 ἀναϐλέψαι.

2187 2131 2276 2184 Διὸ
2301 2130 2330 2182 ὁ
2372 2129 2594 2201 κόσμος,
2634 2129 2947 2194 τουτέστιν,
2978 2129 3012 2199 ή
3056 2129 3169 2191 τοῖς
3202 2127 3400 2182 πάθεσι
3427 2126 3528 2197 τῆς
3568 2127 3789 2198 σαρκὸς

2187 2221 2550 2292 δεδουλωμένη
2583 2220 2716 2294 ζωὴ,
2749 2215 2859 2274 οἷον
2900 2219 3174 2290 ὀφθαλμὸς
3200 2219 3430 2290 ἀσθενὴς
3473 2220 3591 2289 φῶς
3615 2218 3791 2289 ἡλια-

2195 2315 2297 2385 κῆς
2337 2315 2587 2378 ἀκτῖνος,
2634 2313 2733 2385 τὴν
2771 2312 2862 2366 τοῦ
2896 2311 3213 2383 Πνεύματος
3252 2312 3408 2383 χάριν
3445 2313 3543 2382 οὐχ
3581 2312 3793 2365 ὑποδέ-

2191 2423 2362 2475 χεται.
2398 2405 2522 2467 Τοῖς
2549 2403 2733 2475 μέντοι
2765 2402 3035 2475 μαθηταῖς
3059 2403 3253 2457 ἑαυτοῦ
3276 2403 3394 2474 ’(98)
3429 2404 3794 2475 καθαρότητα

2193 2495 2342 2565 ζωῆς
2386 2495 2450 2547 ὲκ
2481 2494 2588 2548 τῶν
2620 2493 2965 2564 διδαγμάτων
3000 2493 3167 2549 αὐτοῦ
3214 2496 3569 2567 μαρτυρήσας
3604 2498 3633 2548 ὁ
3662 2492 3798 2546 K6-

2198 2602 2341 2657 ριος,
2369 2584 2432 2637 τὸ
2473 2584 2568 2637 καὶ
2596 2586 2910 2647 ὲποπτικοῖς
2946 2585 3048 2657 ήδη
3099 2580 3238 2638 εἶναι
3283 2585 3378 2638 καὶ
3421 2584 3793 2655 θεωρητικαῖς

2193 2675 2287 2729 τοῦ
2324 2674 2638 2746 Πνεύματος
2674 2675 3017 2731 ἀποδίδωσιν.
3050 2674 3197 2743 Ἤδη
3227 2675 3356 2747 γὰρ,
3390 2676 3571 2745 φησιν,
3604 2676 3791 2744 ὑμεῖς

2196 2770 2444 2838 καθαροί
2488 2770 2630 2823 ἐστε
2675 2768 2776 2822 διὰ
2803 2768 2911 2822 τὸν
2937 2768 3125 2837 ,λόγον
3152 2768 3225 2820 ὃν
3260 2767 3574 2834 λελάληκα
3605 2767 3790 2836 ὑμῖν.

2200 2863 2370 2917 Ὅθεν
2401 2865 2436 2916 ό
2468 2862 2587 2931 μὲν
2637 2862 2867 2931 κόσμος
2897 2862 2969 2915 οὐ
3011 2859 3259 2914 δύναται
3296 2859 3533 2914 λαϐεῖν’
3564 2861 3639 2913 οὐ
3666 2860 3796 2928 τὰρ

2199 2953 2403 3022 θεωρεῖ
2423 2955 2572 3009 αὑτό
2588 2971 2601 2985 ο
2645 2953 2817 3022 ὑμεῖς
2843 2952 2913 3005 δὲ
2943 2949 3265 3023 γινώσκετε
3296 2951 3441 3004 αὐτύ
3462 2990 3477 3014 ,
3506 2949 3594 3002 ὅτι
3639 2952 3796 3019 παρ’

2201 3045 2342 3115 ὑμῖν
2375 3046 2563 3115 μένει.
2598 3043 2784 3100 Ταυτά
2820 3044 2969 3113 λέγει
3014 3044 3109 3097 καὶ
3147 3043 3402 3107 Ἡσαΐας
3447 3043 3509 3096 '0
3533 3041 3800 3111 στερεώ-

2127 3181 2171 3240 C
2202 3152 2320 3202 σας
2363 3134 2478 3203 τὴν
2516 3132 2632 3205 γῆν
2675 3134 2774 3187 καὶ
2828 3133 2900 3188 τὰ
2940 3133 3011 3186 ἐν
3040 3132 3217 3203 αὐτῇ,
3261 3132 3361 3185 καὶ
3407 3131 3615 3198 διδοὺς
3665 3131 3795 3202 (99)

2203 3227 2400 3297 πνοὴν
2436 3228 2516 3292 τῷ
2559 3226 2688 3287 Jac?)
2719 3227 2799 3293 τῷ
2842 3227 2936 3280 ἐπ’
2977 3225 3189 3294 αὐτῆς.
3234 3225 3335 3279 καί
3372 3225 3614 3294 Πνεῦμα
3654 3225 3799 3292 τοῖς

2202 3319 2500 3375 πατοῦσιν
2538 3318 2752 3385 αὐτὴν.
2787 3319 2851 3373 Οἱ
2896 3317 3004 3391 γὰρ
3038 3318 3473 3380 καταπατοῦντες
3513 3317 3581 3371 τὰ
3614 3319 3801 3388 γήϊνα.

2203 3414 2296 3467 καὶ
2332 3413 2585 3483 ὑπεράνω
2617 3412 2797 3466 αὐτῶν
2818 3412 3124 3481 γενόμενοι,
3157 3413 3298 3479 ἄξιοι
3324 3412 3423 3483 τῆς
3451 3411 3660 3483 δωρεᾶς
3687 3413 3795 3466 τοῦ

2202 3505 2358 3573 ἁγίου
2400 3505 2717 3574 Πνεύματος
2750 3502 3223 3576 μεμαρτύρηνται.
3252 3503 3327 3556 Τὸ
3366 3500 3459 3559 οὖν
3498 3503 3799 3576 ἀχώρητον

2207 3596 2304 3667 μὲν
2331 3594 2409 3666 τῷ
2433 3596 2619 3666 κόσμῳ
2638 3634 2653 3658 ,
2677 3597 2789 3659 τοῖς
2817 3594 2992 3663 ἁγίοις
3014 3594 3073 3647 δὲ
3109 3594 3287 3665 μόνοις
3314 3593 3402 3648 διὰ
3438 3594 3799 3666 καθαρότητα

2203 3690 2301 3759 τῆς
2331 3688 2559 3759 καρδίας
2603 3686 2894 3759 θεωρητὸν.
2940 3688 2994 3741 τί
3022 3686 3129 3759 χρὴ
3161 3685 3475 3757 νομίζεσθαι
3494 3726 3508 3750 ,
3538 3687 3571 3758 ἢ
3608 3703 3793 3741 ποτα-

2206 3778 2314 3840 «is;
2345 3779 2422 3847 (I)
2461 3776 2626 3847 τιμὰς
2668 3777 3015 3848 συμμέτρους
3051 3777 3317 3849 ὑπάρχειν
3353 3775 3532 3847 αὐτῷ;

2702 3888 3096 3943 ΚΕΦΑΛΑΙΟΝ
3133 3890 3259 3951 Kl".

2214 3977 2327 4033 Ὀτι
2360 3980 2680 4047 δοεολογία
2723 3981 3066 4049 Πνεύματός
3089 3980 3260 4033 ἐστιν
3298 3980 3338 4047 ἡ
3381 3978 3496 4033 τῶν
3524 3979 3797 4044 προσόν.

2612 4066 2730 4102 των
2763 4049 2923 4114 αὐτῷ
2952 4050 3370 4119 ἀπαρίθμησις.

2281 4140 2367 4194 54.
2404 4141 2523 4194 Τῶν
2570 4141 2668 4212 μὲν
2712 4137 2803 4195 οὖν
2834 4142 2907 4212 (2)
2947 4141 3120 4195 ἄλλων
3166 4143 3369 4211 ἑκάστη
3415 4141 3698 4212 δυνάμεων
3727 4142 3795 4194 ὲν

2211 4231 2571 4304 περιγράπτῳ
2617 4232 2768 4304 τόπῳ
2813 4236 3098 4304 τυγχάνειν
3147 4233 3520 4288 πεπίστευται.
3576 4234 3634 4287 ’0
3676 4233 3794 4306 γὰρ

2207 4323 2285 4393 τῷ
2320 4324 2607 4395 Κορνηλίῳ
2641 4325 2869 4390 ἐπιστὰς
2895 4325 3124 4394 ἄγγελος
3163 4326 3264 4379 οὐκ
3290 4321 3357 4397 ἦν
3390 4328 3446 4380 ὲν
3482 4326 3664 4396 ταυτῷ
3691 4328 3795 4381 καὶ

2210 4415 2357 4488 παρὰ
2382 4416 2461 4486 τῷ
2487 4415 2760 4487 Φιλίππῳ,
2799 4417 2919 4470 οὐδὲ
2952 4419 2981 4470 ὁ
3010 4418 3118 4471 ἀπὸ
3153 4418 3246 4472 τοῦ
3279 4417 3666 4488 θυσιαστηρίου
3708 4418 3797 4488 τῷ

533 4514 630 4567 rite
659 4512 728 4565 ab
765 4512 922 4565 altari
958 4511 1034 4574 δ’,
1072 4526 1169 4580 per
1216 4511 1360 4565 idem
1403 4518 1619 4578 tempus
1662 4507 1825 4561 etiam
1873 4507 1931 4561 in
1968 4507 2092 4561 σωκ

2210 4508 2454 4580 Ζαχαρία
2489 4508 2867 4579 διαλεγόμενος
2892 4509 3033 4563 κατά
3069 4509 3160 4563 τὸν
3195 4510 3358 4563 αὐτὸν
3391 4509 3579 4580 καιρὸν
3605 4512 3702 4563 καὶ
3728 4513 3795 4565 ἐν

531 4618 689 4658 suam
724 4602 980 4673 implebat
1011 4604 1325 4657 stationem.
1357 4599 1428 4653 At
1472 4598 1713 4668 Spiritus
1741 4596 1984 4652 creditur
2024 4599 2103 4653 si-

534 4696 651 4750 mul
683 4694 728 4726 ⁸⁸
751 4705 805 4750 ει
836 4695 891 4748 in
925 4694 1142 4750 Abacuc
1166 4702 1220 4748 et
1252 4694 1309 4748 in
1340 4692 1558 4747 Daniele
1584 4690 1640 4744 in
1661 4688 1958 4759 Babylonia
1982 4704 2107 4760 ope-

2207 4600 2422 4672 οὑρανῷ
2483 4600 2583 4672 τὴν
2640 4603 2844 4656 οἰκείαν
2899 4604 3086 4657 στάσιν
3144 4602 3405 4674 ἐπλήρου.
3468 4602 3541 4655 Τὸ
3599 4604 3795 4673 μέντοι

2211 4691 2436 4762 Πνεῦμα
2468 4692 2603 4763 ὁμοῦ
2630 4711 2691 4747 τε
2735 4698 2793 4749 ὲν
2834 4694 3150 4768 Ἀϐϐακουμ
3181 4698 3423 4766 ἐνεργεῖν
3453 4697 3546 4749 καὶ
3586 4697 3645 4748 ὲν
3690 4699 3794 4749 Aa.-

611 4848 835 4924 πίσσῃ.
876 4866 992 4924 ίχιν,
1030 4851 1118 4905 l9.
1164 4851 1507 4924 _f'ibii_l.__l7.
1570 4820 1804 4924 -"Joan.
1836 4868 1924 4916 xv,
1958 4852 2011 4907 5.
2090 4873 2092 4881 τ

2198 4869 2310 4908 Jan.
2348 4872 2471 4921 xw,
2510 4857 2594 4912 l7.
2670 4859 2713 4890 ³³
2741 4859 2847 4913 lsa.
2880 4873 3014 4921 xui,
3037 4858 3091 4912 5.
3166 4859 3212 4890 ‘°
3235 4858 3356 4913 Act.
3382 4875 3439 4924 ι,
3471 4859 3525 4914 3.
3594 4860 3633 4891 ⁸⁸
3662 4860 3789 4915 Act.

535 4935 653 4984 vni,
680 4920 769 4975 26.
846 4923 889 4954 "
915 4919 1044 4974 Luc.
1083 4938 1123 4985 ι,
1156 4920 1242 4975 Η.
1324 4920 1369 4952 ⁴⁸
1396 4919 1529 4975 Dan.
1560 4935 1672 4985 XIV,
1706 4922 1795 4977 55.

610 5074 718 5145 (94)
748 5074 965 5145 Λέγων.
999 5072 1140 5129 Editi
1171 5073 1377 5130 addunt
1403 5077 1431 5127 ὁ
1457 5075 1603 5139 Υἱός,
1636 5076 1731 5130 sed
1761 5077 1873 5129 hznc
1899 5084 2107 5131 veteres

540 5147 662 5200 libri
695 5161 801 5198 non
838 5145 1058 5199 habent.

611 5215 722 5284 (95)
757 5215 983 5284 Θεωρεῖ.
1014 5215 1376 5271 Combelisius
1404 5214 1740 5275 reddendum
1765 5224 1939 5286 putat,
1967 5217 2110 5269 uide-

541 5287 636 5343 bit.
668 5294 721 5337 et
752 5288 912 5353 paulo
942 5294 1082 5354 post,
1108 5286 1368 5340 videbitis.

611 5354 721 5422 (9G)
744 5354 1048 5422 Σάρκινος.
1090 5357 1167 5411 Ita
1197 5371 1329 5411 mss.
1360 5355 1597 5410 codices.
1629 5355 1790 5419 Eaiti,
1821 5355 2101 5422 σαρκικός.

611 5425 965 5498 (97)-(Ιξέρων.
1002 5425 1136 5498 Reg.
1176 5428 1399 5498 primus
1426 5427 1582 5496 ἔχων.
1633 5425 1833 5498 Ibidem
1867 5433 2105 5498 quatuor

541 5496 953 5571 ηὶδξᾌάδὲιατος
970 5496 1122 5571 ῃρρξ.
1148 5496 1290 5551 Nihil
1312 5507 1490 5571 tamen
1521 5496 1850 5571 mutandum
1869 5496 2102 5571 videtut'.

613 5565 722 5636 (98)
758 5564 1025 5622 Ἑαυτοῦξ
1048 5566 1125 5621 Ita
1161 5568 1330 5622 nostri
1353 5564 1567 5623 codices
1597 5580 1731 5621 mss.
1757 5565 1897 5636 Ε.ᾱίιί
1921 5564 2104 5618 αὐτοῦ.

542 5634 714 5714 Paulli
742 5637 1041 5714 pos-[editi
1066 5638 1409 5714 διδαγμάτων
1434 5637 1647 5714 ὲαρτοῦ,
1686 5635 1927 5714 quinque
1974 5650 2106 5689 mss.

545 5705 728 5759 αὑτοῦ.
744 5703 754 5704 ί
771 5703 976 5777 Ibidem
1004 5703 1208 5777 Regius
1227 5703 1462 5777 quartus
1495 5703 1895 5777 διαταγμάτων,

616 5777 725 5847 (99)
758 5774 865 5830 Kal
894 5774 1116 5843 διδούςζ
1140 5774 1302 5839 ,Tres
1334 5778 1552 5835 codices
1580 5774 1674 5832 ml
1694 5774 1844 5839 δούς.
1876 5774 1998 5830 Mox
2028 5785 2111 5831 lo-

2213 5076 2378 5131 tidem
2410 5076 2569 5129 παντὶ
2597 5076 2675 5147 τῷ
2706 5075 2838 5147 λαῷ.

2287 5147 2362 5219 (1)
2397 5144 2800 5219 Ἢ·ποτιιπὰςζ
2821 5146 3090 5219 Corrupte
3125 5148 3181 5201 in
3208 5147 3369 5219 editis
3396 5148 3428 5219 ἢ
3458 5147 3555 5209 τὰς
3588 5163 3792 5199 παντο-

2214 5216 2409 5279 δαπάς,
2438 5216 2581 5286 quod
2613 5231 2716 5287 ope
2748 5232 2844 5271 sex
2872 5218 3122 5272 codicum
3173 5216 3606 5281 emendavimus,
3645 5234 3792 5287 quo-

2212 5302 2333 5364 rum
2363 5295 2547 5364 unnen
2571 5287 2816 5364 noun_ulli
2836 5288 3047 5364 babent
3062 5287 3189 5364 te;
3208 5287 3473 5352 πώαπάς.

2216 5427 2227 5438 .
2283 5354 2520 5438 (ille?
2534 5353 2808 5438 μὲηρῦτι
2827 5357 3003 5428 Caput
3024 5358 3345 5438 γίωξίιιειιει)
3370 5359 3609 5438 tertium:
3636 5358 3790 5438 ριξρά

2215 5427 2269 5480 in
2301 5427 2462 5480 editis
2488 5427 2680 5498 incipit
2705 5428 2769 5482 ad
2795 5426 3117 5498 haaciverba,
3150 5427 3262 5497 ἐγὼ
3292 5428 3350 5482 δὲ
3376 5428 3495 5482 οὐδὲ
3521 5426 3669 5493 ἄλλο,
3698 5430 3792 5483 hic

2216 5497 2596 5578 opponendum
2636 5497 2971 5564 censuimus,
2997 5515 3128 5578 cum
3161 5503 3343 5578 plures
3376 5514 3508 5554 mss.
3539 5500 3786 5578 codices,

2216 5577 2329 5619 tum
2359 5571 2521 5621 etiam
2569 5571 2740 5639 ipsam
2775 5573 3041 5626 sermonis
3090 5572 3285 5625 seriem
3326 5577 3381 5624 et
3410 5571 3789 5624 continuatio-

2217 5652 2339 5691 nem
2390 5638 2605 5693 secuti.’
2634 5638 2827 5708 Liquet
2869 5644 3012 5695 enim
3077 5640 3165 5696 hic
3212 5640 3470 5695 Basilium
3527 5639 3595 5694 ad
3636 5639 3788 5693 aliud

2223 5719 2597 5779 argumentum
2631 5711 2886 5765 transire.
