3908 6526
1179 218 1197 265 Ι

523 370 623 431 ΓΠ

1795 374 1851 430 S.
1895 371 2137 430 BASILII
2174 369 2391 428 MAGNI

2546 249 2561 256 ”
2632 250 2661 269 ’Ἰ

2595 271 2627 279 .-

3679 366 3785 421 172

527 491 600 545 sit
647 490 739 561 qui
790 489 1164 561 gloriﬁcetur?
1208 489 1273 544 Et
1318 505 1513 562 magna
1542 491 1761 561 quidem
1807 501 1893 549 est
1937 493 2094 565 glori:

2213 490 2389 556 καίου,
2420 488 2560 543 κατὰ
2591 488 2681 542 τὸν
2715 485 3042 558 Ψαλμῳδόψ
3080 484 3205 551 δόξα
3241 485 3294 539 δὲ
3323 484 3415 539 τοῦ
3445 482 3789 554 Πνεύματος,

523 582 662 653 justi
689 582 847 653 juxta
868 580 1220 637 'Psalmorum
1258 590 1538 638 cautorem
1564 583 1630 638 “.
1663 584 1732 638 At
1774 584 1945 656 gloria
1982 584 2106 655 Spi-

527 674 671 729 ritus
697 673 857 744 juxta
891 680 1043 728 tuam
1075 674 1387 745 opinionem
1419 675 1568 728 nulla
1602 682 1706 731 est.
1750 675 1945 731 Annon
2007 677 2105 749 igi-

528 772 624 820 tur
651 764 880 821 evidens
896 765 1208 837 periculum
1239 773 1322 821 est
1345 781 1415 821 ne
1446 766 1652 822 talibus
1685 766 1847 823 dictis
1876 768 2105 823 inevita-

528 852 637 910 bile
669 854 879 910 crimen
922 855 976 908 in
1012 859 1379 925 nosmetipsos
1414 857 1809 913 accersamus?
1843 856 1900 911 Si
1942 858 2103 911 homo

532 947 623 1017 qui
652 946 838 1002 salvus
878 945 935 1000 ﬁt
967 962 1033 1002 ex
1068 946 1328 1015 operibus
1355 947 1607 1017 iustitiae,
1644 949 1807 1003 etiam
1847 949 2102 1003 timentes

531 1039 825 1095 Dominum
855 1038 1154 1111 'gloriﬁeat,
1195 1040 1371 1093 multo
1419 1041 1599 1097 minus
1622 1040 1883 1112 Spiritum
1921 1040 2103 1095 debita

533 1131 703 1204 gloria
748 1131 1040 1187 fraudabit.
1086 1131 1192 1193 Sit,
1229 1132 1507 1201 inquiunt,
1547 1132 1956 1204 glorificandus,
2007 1132 2103 1187 sed

534 1239 640 1279 non
677 1239 803 1279 cum
831 1222 991 1279 Patre
1039 1231 1093 1278 et
1124 1221 1284 1278 Filio.
1320 1223 1386 1278 Et
1417 1225 1511 1295 qui
1548 1233 1976 1281 consentaneum
2017 1232 2103 1280 est

529 1314 753 1379 rationi,
785 1315 953 1368 alium
989 1315 1168 1370 locum
1198 1315 1589 1387 imaginatione
1617 1316 1906 1388 designare
1930 1314 2103 1387 Spiri-

527 1409 627 1472 tui,
660 1423 728 1463 eo
770 1407 984 1471 relicto,
1032 1423 1194 1479 quem
1230 1408 1424 1463 statuit
1467 1409 1763 1476 Dominus;
1814 1417 1869 1465 et
1914 1410 2103 1481 gloria:

524 1498 809 1556 consortio
839 1499 1080 1569 spoliare
1114 1514 1240 1555 eum
1280 1500 1375 1570 qui
1411 1501 1613 1572 ubique
1655 1500 1988 1571 coniunctus
2017 1509 2102 1558 est

525 1589 824 1655 divinitati,
876 1590 932 1644 in
967 1589 1311 1661 professione
1343 1590 1492 1656 fidei,
1542 1593 1596 1647 in
1629 1593 1959 1663 baptismate
2010 1610 2098 1650 re-

522 1680 879 1751 demptionis,
903 1680 959 1735 in
981 1681 1302 1752 operatione
1314 1682 1601 1749 virtutum,
1622 1674 1678 1737 in
1702 1683 2100 1741 inhabitatione

525 1781 867 1837 sanctorum,
903 1774 958 1827 in
1001 1773 1285 1829 beneﬁciis
1310 1773 1373 1828 in
1408 1774 1668 1830 subditos
1711 1773 2102 1831 conferendis?

2208 582 2349 635 κατὰ
2394 580 2474 648 σὲ,
2517 578 2763 650 οὐδεμία.
2812 578 2936 641 Πῶς
2977 572 3070 630 οὖν
3109 576 3170 629 οὐ
3215 576 3481 649 πρόδηλος
3530 576 3558 627 6
3605 572 3793 627 κίνδυ-

2206 689 2295 736 νος
2345 673 2408 724 ὲκ
2453 672 2562 724 τῶν
2601 671 2859 724 τοιούτων
2896 669 3069 739 λόγων
3103 668 3201 739 τὴν
3239 670 3476 738 ἄφυκτον
3511 666 3791 738 ἁμαρτίαν

2206 767 2290 834 ἐφ’
2318 766 2540 828 ἑαυτοὺς
2573 762 2939 829 ἐπισπᾶσθαι;
2967 764 3029 817 Ei
3049 765 3076 815 ὁ
3113 763 3222 834 (12)
3256 762 3559 832 σωζόμενος
3589 761 3657 812 ἐκ
3676 758 3791 811 τῶν

2202 856 2302 926 τῆς
2336 855 2679 926 δικαιοσύνης
2722 855 2897 927 ἔργων
2938 855 3242 927 ἄνθρωπος,
3278 854 3373 907 καὶ
3409 853 3535 916 τοὺς
3582 849 3788 919 φοϐουσ

2206 950 2400 1019 μένους
2442 947 2534 1002 τόν
2584 948 2787 1020 Κύριον
2835 945 3045 1013 δοξάζει
3068 986 3083 1011 ,
3129 945 3382 999 τοσούτου
3436 944 3503 998 ἂν
3555 945 3667 999 δέοι
3724 948 3790 999 τὸ

2203 1040 2426 1111 Πνεῦμα
2463 1040 2563 1111 τῆς
2609 1039 2963 1110 ὀφειλομένης
3001 1037 3157 1109 δόξης
3196 1037 3540 1108 ἀποστερεῖν.
3576 1039 3819 1103 Ἐστω,⁹

2202 1132 2338 1204 φησὶ
2379 1132 2522 1203 (15),
2563 1131 2851 1199 δοξαστὸν,
2898 1130 3011 1185 ἀλλ’
3061 1132 3182 1202 οὐχὶ
3235 1130 3371 1202 μετὰ
3428 1131 3645 1195 Πατρὸς
3686 1132 3791 1184 καὶ

2201 1223 2352 1277 Υίοῦ.
2381 1225 2489 1279 Καὶ
2515 1225 2638 1279 τίνα
2666 1225 2777 1295 ἔχει
2801 1224 2957 1292 λόγον
2992 1224 3186 1295 ἑτέραν
3215 1221 3398 1294 χώραν
3432 1224 3667 1275 ἐπινοεῖν
3703 1222 3789 1293 τῷ

2200 1317 2497 1389 Πνεύματι,
2543 1318 2641 1391 τὴν
2681 1303 2831 1390 παρά
2875 1316 2968 1370 τοῦ
3000 1316 3201 1388 Κυρίου
3247 1316 3585 1385 τεταγμένην
3612 1333 3788 1369 κατα-

2199 1408 2471 1475 λιπόντας,
2526 1413 2618 1465 καὶ
2656 1410 2753 1480 τῆς
2791 1409 2934 1463 κατὰ
2971 1408 3068 1480 τὴν
3116 1407 3274 1475 δόξαν
3320 1408 3603 1472 κοινωνίας
3644 1410 3788 1461 ἀπο-

2203 1504 2413 1575 στερεῖν
2456 1503 2515 1556 τὸ
2557 1500 2828 1574 πανταχοῦ
2871 1500 3276 1573 συναναληφθὲν
3301 1500 3410 1571 (14)
3440 1504 3504 1572 τῇ
3540 1501 3785 1573 θεότητι,

2200 1595 2257 1648 ἐν
2291 1598 2358 1667 τῇ
2398 1594 2655 1667 ὁμολογία
2692 1594 2794 1665 τῆς
2837 1594 3090 1658 πίστεως,
3129 1594 3186 1646 ἐν
3210 1592 3287 1664 τῶ
3318 1592 3653 1664 βαπτίσματι
3678 1594 3788 1666 τῆς

2200 1685 2659 1758 ἀπολυτρώσεως,
2707 1688 2764 1740 ἐν
2810 1687 2874 1757 τῇ
2914 1685 3165 1757 ἐνεργείᾳ
3204 1684 3313 1738 τῶν
3360 1684 3672 1756 δυνάμεων,
3720 1687 3787 1739 ἐν

2199 1782 2265 1850 τῇ
2292 1781 2558 1848 ἐνοικήσει
2591 1779 2699 1833 τῶν
2734 1778 2924 1847 ἁγίων,
2961 1780 3018 1832 ἐν
3044 1781 3164 1843 ταῖς
3199 1780 3280 1841 εἰς
3314 1778 3378 1831 τὸ
3412 1778 3652 1850 ὑπήκοον
3678 1778 3789 1848 χά-

523 1864 712 1935 Neque
737 1866 883 1920 enim
922 1873 1007 1920 est
1040 1866 1210 1920 ullum
1241 1867 1466 1922 omnino
1499 1865 1703 1921 donum
1733 1868 1942 1938 absque
1970 1884 2094 1924 sau-

2203 1888 2377 1943 ρισιν;
2424 1872 2558 1925 Οὐδὲ
2600 1872 2709 1943 γάρ
2763 1873 2910 1931 ἐστιν
2959 1870 3096 1935 ὅλως
3140 1870 3317 1943 δωρεά
3361 1887 3445 1934 τις
3501 1869 3633 1923 ἄνευ
3679 1869 3787 1923 τοῦ

522 1964 616 2011 ctu
646 1955 856 2028 Spiritu
893 1957 960 2012 ad
1009 1966 1322 2012 creaturam
1361 1959 1719 2028 perveniens;
1761 1960 1983 2030 quando
2029 1976 2100 2017 ne

522 2048 753 2119 simplex
784 2048 1006 2119 quidem
1034 2048 1260 2104 verbum
1298 2049 1356 2103 in
1380 2049 1797 2107 defensionibus
1818 2067 1918 2122 pro
1940 2051 2100 2107 Chri-

521 2148 609 2195 sto
630 2140 755 2212 quis
777 2139 1169 2211 possitdieere,
1196 2140 1305 2197 nisi
1327 2140 1624 2211 adjuvaute
1647 2140 1879 2213 Spiritu,
1906 2160 2098 2215 quem-

521 2233 817 2288 admodum
853 2233 911 2289 in
936 2232 1246 2305 Evangeliis
1271 2249 1303 2288 a
1330 2233 1560 2290 Domino
1598 2244 1653 2291 et
1681 2235 1974 2293 Servatore
1999 2254 2099 2293 no-

521 2334 639 2381 stro
669 2323 965 2380 didicimus
990 2326 1057 2378 ⁸⁷.
1090 2323 1262 2379 Porro
1306 2335 1367 2380 ut
1404 2326 1489 2383 bis
1520 2327 1776 2384 omnibus
1808 2329 2095 2399 neglectis,

519 2424 687 2486 atque
722 2431 787 2471 ea
839 2418 1247 2485 communione,
1295 2433 1460 2488 quam
1516 2420 1574 2473 in
1619 2419 1872 2475 omnibus
1914 2420 2094 2486 habet,

521 2506 785 2562 oblivioni
816 2507 1036 2573 tradita,
1060 2524 1092 2563 a
1123 2508 1283 2565 Patre
1312 2519 1366 2565 ct
1397 2509 1537 2566 Filio
1562 2511 1742 2581 ipsum
1771 2511 2094 2576 avellamus,

523 2598 710 2655 nescio
752 2614 821 2654 an
851 2601 1145 2671 quisquam
1190 2603 1367 2657 sancti
1414 2601 1653 2672 Spiritus
1693 2604 1970 2674 particeps
2003 2618 2097 2659 as-

522 2708 790 2749 sensurus
819 2694 911 2748 sit.
955 2692 1013 2747 lu
1043 2710 1154 2766 quo
1194 2696 1358 2766 igitur
1384 2695 1576 2750 ordine
1611 2695 1762 2749 illum
1801 2695 2097 2752 collocabi-

519 2785 679 2841 nius?
715 2787 1136 2841 creaturarum?
1164 2787 1233 2840 At
1265 2787 1525 2842 universa
1576 2795 1828 2841 creatura
1873 2787 2043 2842 servit
2077 2808 2091 2843 :

523 2876 764 2949 Spiritus
792 2877 904 2951 48
929 2885 1111 2933 autem
1152 2879 1383 2934 liberum
1414 2878 1623 2935 reddit:
1661 2877 1762 2932 Ubi
1798 2880 1937 2933 enim
1972 2877 2096 2949 Spi-

2198 1962 2352 2033 ἁγίου
2380 1962 2694 2036 Πνεύματος
2722 1963 2802 2026 εἰς
2841 1962 2938 2033 τὴν
2978 1962 3154 2015 κτίσιν
3192 1961 3597 2033 ἀφικνουμένη·
3639 1962 3787 2015 ὅπου

2198 2069 2263 2122 γε
2308 2053 2426 2106 οὐδὲ
2466 2053 2617 2125 ῥῆμα
2650 2051 2804 2123 ψιλὸν
2845 2052 2905 2107 ἐν
2950 2054 3069 2117 ταῖς
3108 2052 3244 2134 ὑπὲρ
3295 2050 3531 2124 Χριστοῦ
3581 2051 3787 2105 ἀπολο-

2199 2138 2341 2208 γίαις
2400 2139 2620 2193 δυνατὸν
2680 2140 2908 2213 λαλῆσαι
2971 2140 3045 2212 μὴ
3105 2143 3563 2212 συνεργουμένους
3620 2142 3787 2214 παρὰ

2198 2229 2292 2284 τοῦ
2342 2230 2676 2301 Πνεύματος,
2710 2232 2787 2297 ὡς
2821 2233 2879 2285 ἐν
2924 2229 3277 2302 Εὐαγγελίοις
3315 2232 3470 2302 ’παρά
3519 2232 3615 2287 τοῦ
3657 2235 3781 2287 Κυ-

2202 2318 2316 2391 ρίου
2356 2322 2448 2374 κα¹ι
2485 2321 2736 2393 Σωτῆρος
2782 2321 2938 2393 ἡμῶν
2984 2320 3400 2392 μεμαθήκαμεν.
3432 2320 3682 2373 Ἀπαντα
3715 2318 3783 2374 δὲ

2196 2411 2367 2465 ταῦτα
2414 2412 2755 2482 παριδόντας,
2793 2412 2887 2465 καὶ
2934 2413 3034 2482 τῆς
3069 2414 3126 2465 ἐν
3166 2414 3300 2466 πᾶσι
3336 2412 3614 2477 κοινωνίας
3653 2414 3783 2465 ἐπι-

2197 2503 2539 2576 λαθομένους,
2588 2504 2695 2557 ἀπὸ
2742 2504 2955 2575 Πατρός
3020 2504 3114 2557 καὶ
3174 2503 3304 2557 Υίοῦ
3358 2505 3632 2575 διασπᾷν,
3671 2506 3781 2559 οὐκ

2197 2593 2310 2649 οἶδα
2351 2594 2405 2649 εί
2453 2613 2536 2660 τις
2590 2595 2814 2667 μέτοχος
2864 2596 3180 2668 Πνεύματος
3222 2597 3378 2666 ἁγίου
3426 2597 3775 2668 συνθήσεται.

2196 2688 2307 2743 Ποῦ
2339 2689 2516 2744 τοίνυν
2554 2689 2807 2760 φέροντες
2849 2688 2979 2742 αὐτὸ
3021 2689 3292 2761 τάξομεν;
3341 2688 3479 2760 μετὰ
3520 2688 3619 2759 τῆς
3653 2689 3780 2742 κτί-

2199 2799 2369 2846 σεως;
2407 2781 2598 2854 nam;
2641 2781 2816 2845 κτίσις
2859 2782 3009 2835 πᾶσα
3047 2781 3315 2835 δουλεύει·
3346 2781 3406 2834 τὸ
3446 2780 3504 2834 δὲ
3547 2781 3781 2852 Πνεῦμα

2197 2874 2484 2945 ἐλευθεροῖ.
2519 2870 2601 2930 Οὗ
2627 2874 2735 2945 γὰρ
2751 2872 2818 2927 τὸ
2838 2874 3081 2943 Πνεῦμα
3102 2874 3346 2943 Κυρίου,
3379 2873 3507 2927 ἐκεῖ
3534 2873 3780 2929 ἐλευθε-

521 2972 656 3026 ritus
691 2970 930 3039 Domini,
970 2970 1044 3025 ibi
1077 2971 1295 3026 libertas
1313 2972 1379 3025 ⁸⁸.
1409 2970 1588 3041 Atque
1617 2985 1742 3025 cum
1782 2970 1953 3025 multa
1983 2971 2094 3026 sint

2203 2968 2311 3032 ρία.
2358 2967 2467 3020 Καὶ
2505 2965 2711 3021 πολλῶν
2745 2966 2971 3020 ἐνόντων
3004 2968 3198 3030 εἰπεῖν,
3235 2968 3383 3030 ὅπως
3409 2966 3470 3019 οὐ
3504 2966 3779 3037 προσήκει

521 3078 643 3131 quae
669 3063 876 3133 possim
915 3063 1004 3117 hic
1043 3075 1499 3126 commemorare,
1536 3075 1698 3132 quam
1742 3077 1855 3116 non
1891 3076 2093 3118 conveo

520 3155 638 3208 niat
660 3153 934 3224 Spiritum
977 3162 1231 3209 sanctum
1268 3146 1632 3207 annumerare
1671 3153 1838 3210 rebus
1868 3154 2090 3219 creatis,

2192 3061 2259 3130 τῇ
2320 3060 2509 3130 κτιστῇ
2561 3056 2719 3127 φύσει
2767 3058 2828 3112 τὸ
2871 3056 3095 3128 Πνεῦμα
3139 3056 3200 3110 τὸ
3243 3056 3396 3125 ἅγιον
3440 3073 3779 3128 συγκαταρι-

2196 3150 2369 3217 θμεῖν,
2398 3151 2487 3204 τὸν
2516 3151 2642 3223 περὶ
2671 3150 2875 3205 τούτων
2899 3151 2993 3205 νῦν
3034 3150 3144 3223 (15)
3172 3149 3548 3222 ὑπερθήσομαι
3586 3149 3773 3219 λόγον.

520 3244 707 3307 dehis
737 3245 920 3301 dicere
937 3260 1099 3300 .nunc
1145 3244 1531 3317 supersedebo.
1567 3244 1702 3298 Nam
1745 3245 1791 3302 si
1836 3245 2092 3315 incipiam

2203 3244 2254 3297 Et
2284 3242 2393 3314 γάρ
2426 3240 2710 3312 μέλλοιμεν
2738 3241 2873 3314 πρὸς
2915 3240 3074 3306 ἀξίαν
3118 3241 3212 3296 τοῦ
3257 3242 3638 3315 προὸλήματος
3668 3242 3778 3307 τάς

520 3353 623 3409 pro
657 3337 963 3409 argumenti
994 3337 1280 3408 dignitate,
1311 3343 1366 3392 et
1394 3351 1516 3407 quae
1547 3351 1644 3407 pro
1671 3337 1829 3394 nobis
1860 3335 2089 3404 faciunt,

521 3427 870 3500 probationes
906 3427 1199 3493 adducere,
1231 3439 1288 3486 et
1321 3445 1444 3500 quae
1475 3430 1544 3484 ab
1584 3429 1913 3487 adversariis
1952 3430 2095 3502 obji-

521 3518 767 3583 ciuutur,
796 3518 1006 3574 diluere
1024 3561 1038 3585 ,
1061 3519 1282 3589 prolixo
1309 3533 1563 3574 sermone
1576 3518 1682 3574 erit
1706 3533 1865 3589 opus,
1899 3518 2093 3589 loqua-

521 3610 793 3682 citateque
809 3610 1103 3666 voluminis
1134 3608 1534 3666 deterrebimus
1569 3609 1825 3666 lectores.
1856 3610 2089 3679 Idcirco;

520 3702 630 3758 lioe
683 3702 843 3758 alteri
890 3701 1116 3775 proprio
1154 3701 1414 3757 tractatui
1458 3710 1759 3767 reservato,
1793 3702 2090 3774 propositis

520 3795 919 3852 adhaereamus.

590 3885 682 3941 56.
724 3885 1154 3942 Consideremus
1190 3886 1362 3958 igitur
1390 3886 1728 3957 singulatim.
1762 3884 1966 3941 Natura
1996 3886 2094 3942 bo-

519 3992 627 4032 nus
650 3984 756 4045 est,
786 3985 846 4031 ut
877 3977 1056 4034 bonus
1084 3976 1272 4043 Pater,
1319 3986 1373 4034 et
1397 3978 1580 4033 bonus
1606 3976 1797 4032 Filius.
1826 3977 2090 4033 Creatura

519 4083 652 4124 vero
692 4083 791 4137 per
818 4067 1143 4123 electionem
1190 4068 1312 4138 ejus
1341 4069 1485 4139 quod
1526 4070 1731 4124 bonum
1761 4077 1867 4135 est,
1918 4069 2089 4139 parti-

520 4176 651 4231 ceps
677 4168 762 4215 est
793 4159 1072 4217 bonitatis.
1109 4160 1390 4216 Profunda
1432 4159 1529 4216 Dei
1572 4160 1727 4217 novit
1755 4180 1768 4216 :
1800 4160 1898 4217 sed
1935 4176 2089 4217 erea-

520 4259 645 4307 tura
676 4266 773 4322 per
798 4249 1061 4319 Spiritum
1086 4251 1287 4323 accipit
1312 4266 1638 4306 arcanorum
1665 4252 2085 4312 reserationem.

524 4342 771 4400 Viviﬁcat
812 4356 939 4399 cum
981 4342 1227 4415 Deoqui
1268 4341 1506 4399 viviﬁcat
1552 4343 1760 4406 omnia.
1793 4360 1917 4400 cum
1950 4343 2090 4401 Filio

522 4436 615 4507 qui
646 4435 740 4491 dat
767 4434 958 4491 vitam.
988 4434 1093 4501 Qui
1119 4436 1258 4491 enim
1286 4436 1558 4500 excitavit,
1591 4436 1787 4508 inquit,
1816 4435 2090 4493 Christum

2191 3351 2251 3388 τε
2297 3334 2425 3406 παρ’
2452 3332 2657 3388 ἑαυτῶν
2696 3334 3037 3398 κατασκευάς
3083 3334 3333 3403 ἐπάγειν,
3371 3335 3465 3387 καὶ
3499 3334 3568 3387 τὰ
3613 3336 3777 3405 παρὰ

2192 3426 2297 3480 τῶν
2338 3424 2594 3480 ἐναντίων
2635 3423 3043 3497 προϐαλλόμενα
3093 3425 3347 3491 διαλύειν,
3381 3424 3590 3478 πολλῶν
3632 3428 3775 3497 ἡμῖν

2190 3517 2370 3591 δεήσει
2417 3516 2612 3586 λόγων,
2658 3517 2752 3571 καὶ
2793 3517 3226 3589 ἀποκναίσαιμεν
3264 3517 3376 3589 (16)
3420 3520 3484 3589 τῇ
3516 3516 3775 3587 πολυφω-

2191 3609 2280 3683 νίᾳ
2306 3610 2405 3682 τῆς
2433 3609 2613 3681 βίϐλου
2637 3609 2764 3674 τοὺς
2786 3609 3233 3681 ἐντυγχάνοντας.
3259 3612 3461 3682 Διόπερ
3492 3610 3595 3682 ίδίᾳ
3626 3628 3776 3682 πρα-

2190 3702 2428 3775 γματείᾳ
2477 3703 2651 3756 ἐκεῖνο
2700 3702 3125 3773 ταμιευσάμενοι
3148 3742 3164 3767 ,
3218 3700 3330 3755 τῶν
3393 3701 3774 3774 προκειμένων

2191 3791 2465 3863 ἐχώμεθα.

2260 3882 2349 3956 56.
2394 3881 2728 3955 Σκεψώμεθα
2767 3877 2860 3938 οὖν
2905 3882 2974 3937 τὰ
3020 3881 3373 3940 καθέκαστον.
3416 3884 3577 3940 Φύσει
3615 3887 3773 3942 ἐστὶν

2188 3975 2414 4045 ἀγαθὸν,
2452 3976 2530 4040 ὡς
2570 3975 2773 4044 ἀγαθὸς
2808 3978 2839 4030 ὁ
2888 3974 3075 4047 Πατὴρ
3098 4015 3113 4041 ,
3157 3974 3253 4030 καὶ
3310 3977 3513 4045 ἀγαθὸς
3550 3978 3580 4030 ὁ
3612 3978 3771 4044 Υἱός

2201 4067 2266 4122 Ἦ
2304 4069 2479 4132 κτίσις
2509 4067 2567 4122 δέ
2595 4069 2653 4121 ἐν
2684 4071 2753 4140 τῇ
2788 4068 2983 4140 ἐκλογῇ
3020 4066 3115 4122 τοῦ
3158 4068 3366 4138 ἀγαθοῦ
3392 4070 3616 4141 μέτοχός
3646 4070 3772 4125 ἐστι

2187 4159 2287 4230 τῆς
2316 4158 2664 4231 ἀγαθότητος.
2691 4154 2810 4213 Οἵδε
2838 4159 2908 4213 τὰ
2937 4158 3072 4232 βάθη
3106 4159 3200 4213 τοῦ
3234 4158 3369 4216 Θεοῦ
3402 4159 3513 4232 (17)
3534 4176 3548 4189 ο
3577 4163 3608 4232 ἡ
3645 4162 3772 4215 κτί-

2190 4269 2274 4316 σις
2310 4252 2367 4309 δὲ
2407 4252 2671 4324 λαμόάνει
2708 4252 2806 4324 τὴν
2838 4252 3144 4326 φανέρωσιν
3177 4252 3286 4307 τῶν
3318 4254 3646 4326 ἀπορρήτων
3673 4254 3770 4309 διὰ

2188 4339 2282 4394 τοῦ
2334 4341 2666 4413 Πνεύματος.
2721 4343 2980 4396 Ζωοποιεῖ
3028 4342 3168 4414 μετὰ
3206 4341 3302 4396 τοῦ
3362 4341 3496 4396 Θεοῦ
3556 4342 3650 4396 τοῦ
3694 4345 3772 4398 τὰ,

2189 4433 2366 4489 πάντα
2388 4434 2799 4504 ζωογονοῦντος,
2836 4434 2973 4507 μετὰ
3006 4435 3119 4506 (18)
3164 4434 3259 4489 τοῦ
3304 4434 3436 4488 Υίοῦ
3471 4434 3565 4489 τοῦ
3596 4435 3770 4490 διδόν-

523 4543 559 4581 a
603 4527 850 4590 mortuis,
905 4520 1189 4596 viviﬁcabit
1237 4536 1290 4582 et
1336 4527 1590 4582 mortalia
1629 4542 1855 4597 corpora
1893 4537 2086 4594 uestra,

2203 4543 2281 4590 τος
2303 4525 2465 4599 ζωήν.
2504 4525 2565 4579 ’θ
2599 4526 2709 4597 γὰρ
2740 4525 2974 4596 ἐγείρας
2996 4525 3254 4596 Χριστὸν
3283 4525 3352 4580 ἐκ
3379 4523 3606 4595 νεκρῶν
3636 4524 3772 4586 ζωο-

522 4633 610 4689 per
653 4620 820 4691 ipsius
844 4617 1105 4691 Spiritum
1128 4620 1217 4692 qui
1252 4618 1518 4675 inhabitat
1548 4621 1602 4675 in
1644 4620 1787 4676 vobis
1808 4619 1895 4688 ";
1925 4628 2089 4692 atque

592 4774 638 4807 ⁵⁸
660 4772 807 4829 Psal.
833 4789 929 4837 xx,
956 4773 1011 4830 6.
1084 4774 1129 4806 ⁸⁷
1157 4771 1348 4830 Matth.
1386 4790 1442 4839 ι,
1484 4774 1570 4832 19.

521 4930 694 5002 Kurd,
709 4930 799 5002 τὸν
815 4929 1143 5002 Ἶζαλμῳδόν,
1164 4929 1373 4986 addunt
1395 4930 1527 4987 editi
1560 4951 1571 4985 :
1598 4931 1839 5002 Μεγάλη
1870 4933 1909 4999 ἡ
1934 4931 2084 4996 δόξα

520 5001 709 5071 αὐτοῦ
726 5001 797 5055 ἐν
812 4999 894 5067 τῷ
922 4999 1191 5071 ἀωτηριφ
1214 5002 1474 5071 σου-καὶ
1496 5003 1676 5055 πάλιν·
1695 4999 1854 5068 Τοὺς
1880 5002 1949 5058 δὲ
1974 5018 2084 5071 φο·-

522 5070 859 5143 6ρυμένους
881 5070 1244 5143 τὸνΚύριον
1273 5070 1523 5136 δοξάζει.
1560 5071 1757 5143 Mggna
1798 5082 1876 5126 est
1910 5070 2083 5142 glaria

522 5140 639 5208 ejus
685 5143 740 5197 in
778 5142 1011 5196 salutari
1048 5152 1175 5206 tuo;
1207 5149 1262 5197 et
1306 5157 1501 5198 rursus
1548 5160 1562 5197 ε
1602 5140 1862 5197 Timentes
1908 5140 2083 5196 autem

524 5210 896 5281 Dominuglom
919 5213 1115 5281 riﬁcat.

593 5281 705 5347 (12)
732 5285 804 5352 Et
824 5286 878 5337 ό.
905 5282 1030 5337 Haec
1051 5282 1251 5352 desunt
1280 5281 1336 5336 in
1357 5281 1778 5352 quinque_mss.,
1813 5287 1868 5334 at
1894 5281 2089 5351 legun-

523 5357 613 5421 tur
645 5352 700 5405 in
729 5350 861 5421 lteg.
890 5352 1151 5408 secundo.
1183 5351 1325 5406 Editi
1346 5350 1421 5416 ὡς
1445 5350 1576 5421 ὅγε.
1607 5350 1793 5421 Paulo,
1809 5358 1934 5420 post
1953 5350 2090 5407 con-

524 5418 730 5492 iunctio
776 5418 966 5492 addita
988 5437 1057 5478 ex
1089 5438 1184 5478 sex
1216 5437 1351 5477 mss.
1384 5418 1514 5478 ante
1535 5422 1661 5486 τοὺς
1696 5418 2084 5492 φοόὸυμένους.

620 5490 702 5563 lii)
736 5491 912 5559 Φησί.
947 5491 1453 5563 Regiussecuudus
1479 5492 1629 5561 φασί.

621 5561 707 5630 14)
740 5560 1234 5633 Σωανωήφθέν.
1269 5562 1360 5616 Sic
1401 5560 1535 5633 mss.
1566 5561 1825 5633 quinque.
1862 5560 2085 5632 Legitur

520 5630 990 5702 συμπαραληφθέν
1034 5630 1090 5687 iu
1132 5633 1370 5688 editione
1413 5630 1733 5700 Parisieusi.
1782 5633 1915 5689 Aliae
1947 5630 2081 5686 'cum

519 5715 656 5760 mss.
685 5702 1057 5757 consentiunt.
1546 5757 1567 5765 η

591 5771 701 5845 (15)
756 5772 988 5831 Τούτων
1027 5769 1163 5826 νῦν.
1207 5770 1411 5828 Vocula
1459 5773 1642 5831 addita
1698 5787 1762 5830 ex
1809 5773 1943 5846 Reg.
1995 5788 2082 5829 se-

2194 4617 2450 4686 ποιήσει,
2499 4616 2651 4690 φησὶ,
2701 4617 2800 4672 καὶ
2852 4616 2923 4672 τὰ
2967 4617 3153 4685 θνητὰ
3193 4616 3361 4688 ὑμῶν
3388 4616 3497 4689 (19)
3520 4616 3770 4687 σώματα

1664 4775 1710 4809 ³³
1734 4773 1774 4828 ΙΙ
1797 4772 1925 4833 Cor.
1950 4790 2036 4839 tu,
2067 4774 2154 4829 17.
2224 4773 2273 4807 ⁸³
2298 4771 2458 4828 Rom.
2486 4788 2611 4838 vm,
2648 4773 2735 4828 11.

2186 4932 2386 4988 eundo.

2262 5002 2372 5073 (16)
2427 5002 2943 5073 Ἀποκναίσαεμεν.
2973 5000 3051 5056 ita
3082 5002 3206 5059 cod.
3238 5004 3482 5061 Colbcrt.
3510 5012 3562 5061 et
3590 5005 3769 5062 editio

2191 5072 2359 5148 Basil.
2427 5072 2652 5148 Legitur
2683 5072 3279 5148 -in_l_)aris.__edi!_ione
3333 5076 3764 5148 ἀποκναίσομεν.

2190 5141 2360 5213 Paulo
2389 5141 2711 5213 post'iidern
2738 5141 3107 5213 editiéxeiya.
3137 5144 3285 5201 Libri
3319 5158 3532 5202 veteres
3560 5141 3762 5203 ἐκεῖνο.

2266 5211 2527 5288 (ιυςτοῦ
2547 5283 2559 5288 _
2579 5211 2747 5288 Θεοῦ.
2797 5211 2979 5267 Editio
3017 5212 3194 5271 Paris.
3219 5216 3387 5288 addit
3420 5217 3485 5288 το
3510 5216 3765 5288 Πνεῦμα,

2195 5282 2343 5354 quod
2358 5282 2518 5339 deest
2546 5283 2600 5337 in
2635 5283 2877 5354 quinque
2915 5284 3303 5354 mss.et_edit.
3345 5287 3511 5343 iiasil.

2267 5353 2379 5423 (18)
2407 5352 2878 5423 Ζωογονοῦντος,
2922 5353 3094 5423 μετὰ.
3152 5352 3226 5409 Ita
3281 5372 3372 5412 sex
3432 5371 3569 5414 mss.
3613 5355 3769 5415 Editt

2194 5421 2725 5496 ζωοποιοῦντοςμκαὶ
2775 5421 2934 5496 μετάζ
2976 5423 3148 5496 Paulo
3196 5435 3322 5496 post
3367 5424 3503 5482 editi
3553 5426 3770 5483 addunt

2207 5492 2411 5562 Ἰησοῦν
2440 5502 2563 5563 post
2590 5493 2844 5564 Χριστόν.
2884 5494 2992 5549 Sed
3018 5494 3172 5551 deest
3198 5492 3268 5553 ca
3295 5512 3396 5552 vox
3422 5497 3476 5551 in
3498 5498 3764 5555 omnibus

2193 5577 2321 5617 mss.

2263 5631 2375 5712 (39)
2408 5630 2602 5712 eamea
2623 5631 2808 5712 ὑμῶν.
2833 5632 2974 5712 ileg.
3010 5634 3284 5712 secundus
3319 5634 3490 5712 θνῃτά
3530 5636 3768 5712 σώματα

2195 5700 2370 5778 ἡμῶν
2419 5700 2587 5755 Paulo
2621 5709 2744 5771 post
2781 5700 3221 5778 θᾴἰιῖἀκούουσι,
3248 5700 3770 5778 (ιιιοσιάυοιοιίὶυῃε

2193 5772 2430 5844 plurium
2464 5787 2598 5828 mss.
2637 5773 2987 5830 mutavimus.
