3908 6540
484 420 591 480 175

1813 423 1869 478 S.
1912 422 2155 479 BASILII
2194 424 2411 482 MAGNI

3614 421 3723 478 {76

482 532 774 590 tonantibus
798 535 842 566 δ’
876 554 889 589 :
918 548 1015 605 pro
1050 534 1138 590 his
1161 535 1408 600 vocibus.
1460 552 1577 590 cum
1613 536 2050 591 holocautomati-

2155 535 2565 607 καυτώμασιν’
2595 536 2714 591 ἀντὶ
2740 536 2854 603 τοῦ,
2871 535 3022 608 μετὰ
3057 534 3575 606 ὁλοκαυτωμάτων.
3603 537 3726 594 Καὶ

482 625 603 682 bus.
654 625 721 680 Et
749 625 929 681 eduxit
968 642 1055 681 eos
1093 627 1150 682 in
1203 636 1417 699 argento
1450 637 1499 682 et
1533 645 1665 683 auro
1688 628 1757 693 ⁷⁸,
1792 628 1898 684 bne
1939 636 2046 693 est,

485 735 608 773 cum
638 726 854 789 argento
882 727 932 773 et
978 735 1131 775 auro.
1166 717 1297 775 Item
1324 719 1481 787 illud,
1518 718 1644 776 Non
1673 719 1954 792 egredieris
1992 720 2047 774 in

487 809 769 867 virtutibus
812 811 1103 875 nostris“,
1158 825 1281 880 pro,
1330 827 1450 865 rum
1499 812 1783 866 virtutibus
1827 810 2047 874 nostris,

490 904 704 974 aliaque
749 904 912 973 hujus
941 904 1158 973 generis
1208 903 1645 959 innumerabilia.
1687 902 1922 958 Omnino
1967 902 2050 956 lu-

488 996 627 1050 bens
663 996 732 1050 ab
766 995 871 1050 ista
889 1010 1027 1049 nova
1059 994 1328 1064 sapientia
1357 992 1620 1059 didicero,
1644 995 1856 1065 qualem
1885 992 2050 1064 glori-

489 1086 801 1141 iicationem
824 1086 1120 1157 Apostolus
1146 1084 1441 1140 absolverit
1466 1098 1562 1154 per
1589 1085 1730 1139 hanc
1756 1083 2050 1140 dictionem

488 1177 566 1241 in,
593 1178 747 1248 juxta
783 1177 1009 1232 formam
1036 1191 1201 1247 quam
1242 1175 1335 1233 isti
1368 1192 1515 1231 nunc
1548 1185 1804 1248 tanquam
1839 1192 1870 1232 e
1896 1175 2051 1231 Scri-

490 1278 650 1339 ptura
704 1269 1003 1340 proferunt.
1041 1262 1333 1338 Nusquam
1374 1267 1518 1322 enim
1576 1269 1758 1323 inveni
1796 1267 1999 1322 dictum
2032 1287 2047 1322 :

492 1361 619 1417 Tibi
656 1360 803 1416 Patri
843 1361 1021 1417 honor
1049 1368 1104 1417 et
1136 1359 1309 1432 gloria
1346 1374 1441 1430 per
1477 1359 1818 1432 unigenitum
1851 1358 2051 1415 Filium

492 1462 646 1509 tuum
676 1455 732 1508 in
761 1452 971 1524 Spiritu
1010 1460 1201 1509 sancto
1233 1470 1246 1507 :
1278 1451 1374 1523 qui
1403 1466 1586 1508 sermo
1613 1466 1761 1507 nunc
1791 1451 1913 1509 istis
1941 1453 2054 1508 usi-

491 1546 659 1599 latior
687 1553 770 1600 est
801 1545 939 1615 ipsa,
976 1553 1036 1599 ut
1066 1545 1139 1598 ita
1172 1544 1385 1614 loquar,
1426 1542 1816 1613 respiratione.
1848 1541 2053 1598 Horum

492 1634 710 1706 quidem
758 1636 974 1707 singula
1019 1635 1311 1706 separatim
1360 1633 1606 1690 invenire
1634 1635 1784 1704 licet,
1820 1635 2053 1706 conjun-

491 1727 623 1780 ctim
678 1741 808 1781 vero
851 1726 1031 1795 posita
1072 1726 1128 1781 in
1163 1726 1265 1781 hac
1319 1726 1731 1781 constructione
1783 1741 2054 1798 nusquam

2148 625 2440 697 ἐξήγαγεν
2474 627 2695 695 αὐτοὺς
2731 628 2802 683 ἐν
2843 628 3100 700 ἀργιφίῳ
3137 628 3235 683 καὶ
3276 628 3527 697 χρυσίῳ,
3559 647 3726 684 τουτ-

2151 717 2284 781 έστι,
2326 716 2474 787 μετὰ
2518 718 2802 788 ἀργυρίου
2843 718 2941 773 καὶ
2994 717 3280 788 χρυσίου·
3319 717 3415 772 καὶ
3452 717 3551 783 τὸ,
3592 720 3726 773 Οὐκ

2149 809 2439 881 ἐξελεύσῃ
2472 810 2581 882 (25)
2614 811 2684 866 ἐν
2707 811 2835 878 ταῖς
2863 809 3194 881 δυνάμεσιν
3225 809 3413 880 ἡμῶν,
3438 809 3559 864 ἀντὶ
3595 810 3723 873 τοῦ,

2149 901 2271 955 σὺν
2309 900 2439 966 ταῖς
2480 900 2809 971 δυνάμεσιν
2856 900 3054 971 ἡμῶν,
3102 901 3197 955 καὶ
3249 900 3416 972 μυρία
3468 898 3726 955 τοιαῦτα.

2152 991 2326 1055 Ὅλως
2357 991 2414 1044 δὲ
2441 991 2608 1064 ἡδέως
2647 992 2713 1046 ἂν
2762 992 2988 1064 μάθοιμι
3014 990 3167 1063 παρὰ
3203 992 3298 1061 τῆς
3337 992 3464 1055 νέας
3503 991 3727 1060 σοφίας,

2150 1083 2310 1139 ποίαν
2336 1081 2640 1153 δοξολογίαν
2665 1085 2694 1138 ό
2733 1084 3054 1145 Ἀπόστολος
3087 1082 3174 1139 διὰ
3204 1083 3321 1149 τοῦ,
3354 1084 3444 1150 ἐν,
3473 1084 3727 1156 ῥήματος

2151 1175 2534 1248 ἀπεπλήρωσε,
2563 1175 2703 1230 κατά
2729 1176 2819 1229 τὸν
2841 1177 3007 1231 τύπον
3037 1174 3094 1230 ὃν
3127 1169 3271 1231 οὗτοι
3296 1174 3390 1231 νῦν
3415 1175 3490 1239 ὡς
3526 1176 3590 1229 ὲκ
3619 1175 3728 1247 τῆς

2150 1269 2370 1339 Γραφῆς
2392 1268 2766 1340 ἀναφέρουσιν.
2808 1267 3057 1340 Οὐδαμοῢ
3088 1268 3196 1341 γὰρ
3229 1263 3385 1341 εὗρον
3425 1267 3727 1339 λεγόμενον

2150 1361 2232 1423 τὺ,
2252 1361 2343 1414 Σοὶ
2373 1359 2449 1431 τῷ
2477 1356 2650 1434 Πατρὶ
2680 1359 2712 1433 ἡ
2744 1358 2876 1432 τιμὴ
2908 1360 3003 1415 καὶ
3046 1362 3080 1432 ἠ
3122 1360 3247 1427 δόξα
3283 1359 3372 1413 διὰ
3415 1358 3510 1412 τοῦ
3560 1376 3728 1430 μονο-

2152 1453 2341 1524 γενοῦς
2372 1470 2463 1507 σου
2495 1453 2625 1507 Υίοῦ
2659 1455 2715 1507 ὲν
2747 1452 2823 1524 τῷ
2852 1452 2992 1524 ἁγίῳ
3018 1451 3320 1520 Πνεύματιο
3353 1452 3486 1523 ὅπερ
3508 1450 3730 1515 τούτοις

2154 1546 2270 1600 ἐστὶ
2325 1545 2419 1601 νῦν
2460 1546 2553 1600 καὶ
2578 1545 2768 1616 αὐτῆς,
2811 1544 2886 1609 ὡς
2920 1546 3115 1608 εἰπεῖν,
3144 1544 3244 1615 τῆς
3276 1542 3549 1612 ἀναπνοῆς
3594 1558 3730 1595 συν-

2156 1637 2461 1709 ηθέστερον.
2502 1636 2918 1708 Διεσπασμένως
2962 1633 3057 1704 μὲν
3086 1633 3194 1707 γὰρ
3246 1635 3447 1688 τούτων
3486 1632 3731 1687 ἕκαστον

2158 1727 2302 1781 ἔστιν
2343 1728 2551 1799 εὑρεῖν
2597 1725 2952 1798 συνημμένως
2997 1724 3054 1778 δὲ
3094 1726 3150 1778 ἐν
3198 1726 3263 1796 τῇ
3312 1722 3554 1790 συντάξει
3605 1722 3727 1793 (26)

494 1825 754 1887 poterunt
780 1817 1087 1873 ostendere.
1120 1816 1307 1887 Itaque
1339 1818 1385 1873 si
1410 1824 1599 1872 exacte
1625 1825 1820 1890 urgent
1843 1821 1908 1875 e‘a
1936 1834 2053 1889 quas

2155 1816 2327 1891 ταύτῃ
2352 1816 2603 1887 ούδαμοῦο
2614 1816 2874 1870 δεικνύειν
2900 1814 3131 1879 ἕξουσιν.
3159 1813 3322 1866 Ὥστε
3347 1814 3395 1866 εἰ
3431 1812 3530 1882 μὲν
3561 1812 3729 1883 ἀκρι-

495 1886 550 1961 in
580 1906 877 1977 Scripturis
915 1907 1203 1972 habentur,
1218 1886 1526 1962 ostendant
1546 1886 1819 1965 undeista
1842 1886 2049 1965 dicant.

2156 1886 2496 1976 Golovoﬁwat
2524 1906 2648 1979 περὶ
2684 1906 2751 1961 τὰ
2788 1905 3058 1977 ἔγγραφα,
3088 1904 3413 1970 δειξάτωσαν
3443 1902 3605 1957 πόθεν
3633 1901 3730 1957 λέ-

495 1997 647 2064 Quod
685 1998 732 2053 si
767 1999 1078 2054 concedunt
1108 1999 1491 2054 consuetudini
1518 2039 1535 2065 ,
1561 2014 1740 2072 neque
1768 2016 1869 2058 nos
1892 2002 1961 2059 ab
1991 2017 2056 2058 ea

491 2090 804 2146 excludant.

563 2179 652 2236 59.
694 2177 805 2235 Nos
844 2179 991 2234 enim
1040 2180 1229 2238 ambas
1269 2180 1541 2240 dictiones
1585 2182 1641 2238 in
1672 2182 1916 2240 ﬁdelium
1949 2194 2056 2240 usu

494 2269 1001 2341 deprehendentes,
1058 2272 1326 2331 ambabus
1374 2274 1616 2330 utimur:
1653 2275 1882 2348 gloriam
1934 2276 2056 2346 qui-

494 2362 618 2419 dem
650 2360 881 2434 Spiritui
923 2378 990 2418 ex
1023 2378 1178 2434 aequo
1204 2380 1302 2435 per
1334 2375 1621 2437 utramque
1650 2368 1886 2437 persolvi
1923 2368 2051 2434 rati,

493 2454 577 2512 eis
608 2469 737 2510 vero
769 2453 862 2525 qui
894 2454 1194 2525 depravant
1223 2455 1528 2525 veritatem,
1569 2457 1841 2515 credimus
1867 2459 2054 2531 magis

493 2563 558 2605 os
580 2547 823 2603 obturari
851 2561 948 2618 per
976 2562 1093 2602 eam
1123 2549 1585 2618 praepositionem,
1621 2565 1742 2620 qua:
1771 2566 1895 2606 cum
1934 2568 2056 2608 sen-

495 2652 621 2694 sum
662 2636 719 2692 in
761 2636 1061 2707 Scripturis
1098 2637 1332 2693 similem
1374 2638 1590 2703 habeat,
1641 2655 1747 2696 non
1784 2641 1863 2696 ita
1893 2640 2054 2701 facile

494 2729 564 2784 ab
610 2728 944 2786 adversariis
1000 2728 1298 2800 expugnari
1337 2738 1513 2800 potest
1554 2731 1661 2803 (est
1713 2740 1894 2787 autem
1932 2734 2054 2805 ipsa

494 2819 588 2876 illa
634 2822 723 2877 cui
771 2836 918 2876 nunc
951 2820 1021 2877 ab
1073 2822 1193 2877 istis
1235 2823 1651 2894 contradicitur)
1701 2832 1887 2896 utpote
1933 2842 2053 2897 quae

493 2928 594 2984 pro
624 2922 675 2968 et
725 2913 1111 2983 conjunctione
1162 2923 1427 2970 sumatur.
1469 2914 1604 2970 Nam
1656 2917 1800 2974 idem
1852 2928 1936 2977 est
1976 2920 2055 2976 di-

491 3017 639 3067 cere,
688 3001 892 3058 Paulus
941 3013 990 3058 et
1032 3004 1304 3069 Silvanus,
1343 3014 1393 3060 et
1438 3005 1742 3063 Timotheus
1763 3007 1833 3075 ⁷³,
1863 3018 2050 3083 atque,

494 3091 696 3149 Paulus
730 3109 855 3149 cum
885 3092 1171 3151 Timotheo
1208 3102 1263 3152 et
1305 3095 1546 3152 Silvano.
1576 3097 1868 3157 Nominum
1906 3102 2052 3158 enim

2159 2017 2371 2071 γουσιν·
2416 2000 2463 2052 εἰ
2505 1998 2562 2051 δὲ
2610 1996 2945 2070 συγχωροῦσι
2970 1998 3037 2068 τῇ
3077 1995 3352 2061 συνηθείᾳ,
3397 1994 3530 2066 μηδὲ
3571 1995 3727 2067 ἡμᾶς

2157 2091 2562 2163 ὲξειργέτωσαν.

2226 2183 2314 2238 59.
2353 2184 2541 2254 Ἡμεῖς
2590 2180 2727 2253 γὰρ,
2776 2180 3089 2252 ἀμφοτέρας
3138 2179 3195 2233 ὲν
3243 2181 3310 2250 τῇ
3356 2178 3462 2231 τῶν
3511 2176 3728 2232 πιστῶν

2154 2275 2345 2348 χρήσει
2363 2271 2866 2344 καταλαμϐάνοντες
2886 2269 2997 2343 (27)
3028 2270 3124 2333 τὰς
3154 2270 3361 2342 ῥήσεις,
3384 2270 3727 2341 ἀμφοτέραις

2155 2366 2498 2439 κεχρήμεθα’
2532 2364 2628 2436 τὴν
2660 2364 2757 2436 μὲν
2787 2364 2944 2428 δόξαν
2971 2362 3047 2434 τῷ
3078 2362 3352 2432 Πνεύματι
3394 2360 3593 2431 ὁμοίως
3621 2362 3724 2430 ἀφ’

2154 2456 2421 2527 ἑκατέρας
2465 2453 2796 2526 πληροῦσθαι
2841 2449 3280 2513 πεπιστευκότες,
3330 2450 3456 2514 τοὺς
3503 2449 3558 2503 δὲ
3609 2466 3720 2503 κα-

2154 2547 2514 2621 κουργοῦντας
2560 2546 2655 2617 τὴν
2713 2545 2969 2616 ἀλήθειαν
3023 2540 3464 2614 ἐπιστομίζεσθαι
3520 2541 3724 2613 μᾶλλον

2151 2641 2239 2696 διὰ
2267 2642 2366 2712 τῆς
2386 2637 2749 2712 προκειμένης
2779 2635 2996 2703 λέξεως,
3036 2635 3178 2706 ἣτις,
3218 2633 3315 2705 τὴν
3355 2632 3579 2704 δύναμιν
3606 2632 3726 2685 τῶν

2153 2731 2383 2804 Γραφῶν
2425 2726 2810 2802 παραπλησίαν
2850 2725 3065 2798 ἔχουσα,
3112 2724 3293 2778 οὐκέτι
3338 2723 3486 2779 ἐστὶν
3520 2722 3726 2793 ὁμοίως

2153 2824 2264 2886 τοῖς
2285 2819 2543 2883 ἐναντίοις
2563 2814 2965 2887 εὐεπιχείρητος
2990 2814 3126 2885 (ἔστι
3152 2813 3208 2867 δὲ
3235 2811 3373 2882 αὕτη
3402 2809 3729 2882 ἠάντιλεγο-

2158 2913 2291 2984 μένη
2318 2910 2411 2965 νῦν
2441 2907 2588 2982 παρὰ
2613 2905 2837 2975 τούτων)
2867 2903 2986 2958 ἀντὶ
3008 2899 3103 2956 τοῦ
3137 2901 3235 2957 καὶ
3265 2901 3553 2970 συνδέσμου
3576 2916 3728 2969 παρ-

2154 3002 2476 3077 ειλημμένη.
2505 3002 2647 3053 Ἴσον
2674 2997 2782 3070 γάρ
2820 2999 2966 3051 ἐστιν
2997 2996 3201 3048 εἰπεῖν·
3232 2992 3469 3057 Παῦλος
3494 2990 3590 3044 καί
3624 2993 3729 3044 Σι-

2151 3092 2418 3160 λουανὸς
2440 3090 2537 3146 καὶ
2565 3092 2852 3159 Τιμόθεος,
2877 3089 2989 3155 καὶ,
3011 3085 3220 3149 Παῦλος
3245 3085 3338 3139 σὺν
3360 3084 3603 3155 Τιμοθέῳ
3628 3084 3731 3139 καὶ

494 3184 797 3249 connexio,
864 3192 1097 3257 utraque
1153 3188 1600 3257 pronuntiatione
1653 3191 1903 3249 similiter
1939 3211 2053 3253 ser-

2160 3185 2445 3257 Σιλουανῷ.
2489 3182 2552 3236 'ﬂ
2581 3182 2690 3254 γὰρ
2722 3179 3008 3252 συμπλοκὴ
3044 3178 3152 3232 τῶν
3178 3175 3451 3248 ὀνομάτων
3491 3175 3557 3229 δι’
3591 3175 3728 3229 ἑκα-

493 3286 672 3330 vatur.
711 3276 899 3347 itaque
947 3276 995 3334 si
1042 3293 1167 3333 cum
1199 3277 1463 3338 Dominus
1506 3282 1706 3341 dixerit
1749 3284 1965 3345 Patrem
2003 3301 2058 3348 et

492 3364 691 3420 Filium
722 3376 776 3421 et
823 3376 1073 3423 sanctum
1117 3366 1400 3439 Spiritum,
1452 3372 1569 3443 ipse
1610 3374 1812 3442 dicam,
1844 3377 2057 3438 Patrem

495 3466 549 3513 et
596 3456 791 3513 Filium
849 3474 974 3515 curn
1031 3459 1239 3532 Spiritu
1300 3473 1533 3532 sancto;
1598 3467 1853 3539 aliudue,
1911 3475 2058 3544 quod

496 3546 565 3603 ad
605 3549 890 3607 sententia:
920 3552 1028 3607 vim
1073 3553 1288 3622 attinet,
1319 3555 1551 3613 dixero?
1594 3556 1769 3615 Porro
1801 3577 1899 3632 per
1924 3578 2057 3620 con-

493 3642 832 3712 junctionem
872 3653 923 3700 et
975 3647 1225 3702 connecti
1271 3649 1513 3714 nomina,
1570 3651 1760 3708 multis
1807 3655 2057 3710 testimo-

496 3733 604 3789 niis
641 3735 858 3805 probari
902 3744 1101 3808 potest.
1152 3735 1342 3794 Gratia
1380 3741 1544 3809 enim,
1595 3742 1794 3813 inquit,
1846 3744 2059 3802 Domini

496 3827 669 3880 nostri
723 3826 853 3883 Iesu
934 3827 1170 3897 Christi,
1227 3840 1278 3886 et
1324 3833 1560 3890 charitas
1612 3835 1751 3903 Dei,
1810 3847 1859 3893 et
1916 3856 2059 3895 com-

2154 3280 2320 3350 τέρας
2357 3276 2555 3348 ὁμοίως
2584 3275 2682 3346 τῆς
2719 3270 3077 3343 ὲκςιωνήσεως
3123 3268 3369 3332 σώζεται.
3420 3267 3481 3320 Ei
3522 3266 3725 3331 τοίνυν,

2154 3369 2248 3424 τοῦ
2305 3368 2509 3439 Κυρίου
2563 3365 2803 3427 εἰπόντος
2840 3362 3058 3432 Πατέρα
3106 3361 3199 3414 καὶ
3245 3358 3372 3412 Υίδν
3425 3357 3518 3411 καὶ
3569 3358 3731 3427 ἅγιον

2156 3461 2410 3533 Πνεῦμα,
2455 3458 2612 3522 αὐτὸς
2664 3456 2872 3526 εἴποιμι
2916 3452 3134 3523 Πατέρα
3180 3450 3274 3504 καὶ
3320 3449 3446 3504 Υίὸν
3498 3450 3593 3504 σὺν
3644 3448 3728 3520 τῷ

2157 3555 2294 3626 ἁγίῳ
2325 3551 2618 3622 Πνεύματι,
2645 3548 2772 3602 ἄλλο
2814 3564 2865 3600 τι
2912 3545 3021 3616 (28)
3065 3541 3299 3615 εἰρηκὼς
3330 3541 3469 3595 κατὰ
3503 3539 3600 3611 τὴν
3628 3541 3727 3593 δύ·-

2155 3662 2316 3717 ναμιν
2338 3644 2527 3715 ἔσομαι
2549 3659 2563 3708 ;
2589 3642 2697 3712 Τῆς
2722 3638 2777 3692 δὲ
2801 3638 2887 3692 διὰ
2907 3636 2999 3690 τοῦ
3029 3636 3129 3690 καὶ
3158 3634 3450 3705 συνδέσμου
3484 3633 3727 3703 συμπλο-

2156 3741 2258 3811 κῆς
2301 3737 2406 3792 τῶν
2441 3734 2714 3805 ὀνομάτων
2763 3730 2934 3785 πολλὰ
2977 3729 3046 3782 τὰ
3101 3727 3391 3800 μαρτύρια.
3446 3726 3507 3783 Ἠ
3552 3726 3731 3795 χάρις

2155 3834 2285 3903 γὰρ,
2307 3828 2459 3901 φησὶ,
2476 3826 2581 3881 τοῦ
2610 3822 2830 3893 Κυρίου
2859 3818 3025 3891 ἡμῶν
3046 3818 3239 3888 Ἰησοῦ
3258 3816 3535 3888 Χριστοῦ,
3558 3816 3659 3869 καὶ
3680 3815 3727 3885 ἡ

2155 3921 2351 3992 ἀγάπη
2383 3918 2490 3974 τοῦ
2520 3916 2686 3982 Θεοῦ,
2717 3915 2815 3972 καὶ
2843 3913 2882 3982 ἡ
2913 3912 3188 3966 κοινωνία
3219 3910 3324 3965 τοῦ
3350 3909 3521 3979 ἁγίου
3543 3908 3728 3962 11νεύ-

2150 4030 2334 4085 ματος
2350 4030 2363 4042 ο
2398 4012 2492 4065 καὶ
2518 4008 2702 4062 πάλιν·
2732 4002 3064 4075 Παρακαλῶ
3091 4002 3158 4057 δὲ
3185 4000 3339 4071 ὑμᾶς
3357 4001 3467 4074 (29)
3492 3999 3588 4053 διὰ
3613 3999 3724 4054 τοῦ

482 3919 676 3972 ἰηιιηίο
710 3918 940 3987 Spiritus
1000 3921 1173 3976 sancti
1196 3923 1279 3990 7';
1330 3939 1394 3981 ac
1430 3940 1646 3992 rursus,
1689 3928 1915 3985 Obsecro
1961 3946 2060 3984 au-

499 4016 601 4060 tem
663 4024 750 4061 vos
818 4024 909 4075 per
984 4008 1270 4091 Domian
1340 4024 1579 4069 nostrum
1651 4015 1833 4072 Iesum
1901 4018 2058 4074 Chri-

497 4107 661 4162 stum,
706 4108 756 4153 et
786 4114 877 4168 per
918 4100 1231 4157 charitatem
1280 4104 1512 4174 Spiritus
1535 4108 1605 4163 ".
1639 4107 1829 4180 Itaque
1866 4110 1913 4166 si
1950 4110 2053 4181 50

2155 4107 2375 4174 Κυρίου
2401 4100 2567 4172 ήμῶν
2586 4098 2786 4167 Ἰησοῦ
2809 4096 3065 4166 Χριστοῦ
3087 4095 3183 4149 καὶ
3214 4095 3311 4148 διὰ
3339 4092 3447 4161 τῆς
3479 4091 3726 4161 ἀγάπης

496 4203 597 4261 pro
629 4188 1014 4258 conjunctione
1056 4203 1107 4247 et
1157 4194 1490 4252 voluerimus
1543 4199 1620 4253 uti
1676 4201 2053 4270 praepositione

2155 4194 2262 4251 τοῦ
2288 4194 2646 4262 Πνεῦματος.
2674 4189 2738 4241 El
2763 4186 2939 4241 τοίνυν
2961 4186 3081 4240 ἀντὶ
3108 4185 3208 4256 τῆς
3233 4184 3325 4238 καὶ
3350 4186 3415 4255 τῇ
3448 4183 3568 4236 σὺν
3597 4182 3723 4235 ἑθε-

496 4290 639 4344 eum,
667 4276 801 4347 quid
858 4276 1149 4336 fecerimus
1199 4281 1447 4339 diversi?
1501 4283 1613 4357 Ego
1664 4302 1797 4344 sane
1830 4304 1941 4345 non
1974 4290 2053 4345 vi-

2156 4288 2417 4360 λήσαιμεν
2458 4278 2781 4355 χρήσασθαι,
2816 4279 2869 4332 τί
2910 4278 3165 4348 διάφορον
3200 4274 3555 4347 πεποιηκότες
3600 4273 3726 4327 ἐσό-

497 4367 636 4434 deo,
679 4366 788 4422 nisi
816 4369 942 4439 quis
1000 4370 1071 4426 ob
1135 4370 1364 4444 frigidas
1411 4376 1774 4445 grammaticae
1840 4380 2053 4451 regulas

2159 4378 2325 4452 μεθα;
2371 4371 2512 4445 Ἐγὼ
2547 4372 2643 4444 μὲν
2665 4371 2762 4441 οὐχ
2787 4367 2920 4443 ὁρῶ,
2947 4367 3087 4439 πλὴν
3110 4368 3158 4421 εί
3187 4366 3261 4439 μὴ
3282 4365 3514 4438 ψυχραῖς
3539 4376 3729 4437 γραμ-

496 4464 936 4535 conjunctionem
987 4473 1243 4538 tanquam
1303 4470 1660 4540 copulativam
1685 4509 1701 4538 ,
1752 4489 1816 4529 ac
1884 4475 2053 4547 majo-

2161 4470 2411 4544 ματικαῖς
2454 4482 2541 4529 τις
2579 4463 2669 4517 τὸν
2707 4462 2804 4534 μὲν
2854 4460 3148 4531 σύνδεσμον
3194 4459 3270 4523 ὼς
3322 4457 3729 4529 συμπλεκτικδν

497 4570 615 4612 rem
656 4556 915 4612 unionem
961 4557 1251 4615 facientem
1320 4560 1653 4631 praeferens,
1718 4568 2053 4637 prmpositio-

2161 4560 2520 4619 καὶ.πλείονα
2549 4554 2807 4610 ποιοῦντα
2846 4553 2944 4626 τὴν
2975 4553 3170 4607 ἕνωσιν
3206 4551 3502 4623 προτιμῶν,
3535 4552 3635 4624 τὴν
3663 4552 3729 4606 δὲ

494 4663 620 4707 nem
674 4649 906 4719 rejiciat,
961 4652 1119 4722 quasi
1160 4667 1268 4709 non
1294 4654 1537 4710 obtineat
1563 4671 1747 4729 parem
1777 4661 1907 4715 vim.
1946 4661 2051 4717 Sed

2160 4654 2433 4728 πρόθεσιν,
2467 4650 2542 4715 ὡς
2591 4647 2960 4719 οὐκέχουσαν
2989 4644 3087 4716 τὴν
3127 4644 3247 4714 ἴσην
3289 4643 3534 4714 δύναμιν,
3585 4644 3725 4696 dero—

494 4740 542 4797 si
577 4740 645 4796 de
676 4740 761 4796 bis
794 4756 825 4795 a
863 4741 1022 4796 nobis
1049 4743 1190 4797 ratio
1240 4755 1659 4815 exposceretur,
1688 4746 1829 4804 forte
1867 4751 2053 4806 multis

2159 4747 2443 4820 πέμποιτο.
2491 4740 2627 4795 Ἀλλ’
2651 4740 2701 4793 εί
2717 4757 2780 4809 γε
2815 4738 2943 4809 περὶ
2970 4736 3170 4790 τούτων
3197 4735 3292 4800 τὰς
3312 4735 3539 4798 εὐθύνας
3568 4736 3722 4786 ὑπεί-

496 4830 677 4905 νοιςίιὶε
723 4846 832 4887 non
880 4847 1018 4901 opus
1057 4839 1203 4889 esset
1256 4834 1416 4892 nobis
1473 4841 1542 4892 ad
1589 4839 2049 4907 respondendum.

2159 4854 2346 4912 χομεν,
2398 4836 2526 4897 ἴσως
2578 4832 2676 4885 οὐκ
2725 4830 2790 4884 ἃν
2838 4828 2950 4901 (50)
2998 4827 3191 4881 πολλοῦ
3229 4827 3385 4896 λόγου
3439 4826 3576 4897 πρὸς
3622 4826 3721 4897 τὴν

494 4940 778 5069 Πυῶειιι.
811 4958 935 5008 uv,
969 4942 1057 4997 I3.
1127 4943 1173 4975 "
1194 4943 1334 5002 Psai.
1365 4963 1472 5011 ειν,
1503 4950 1591 5004 37.
1690 4951 1734 4983 ⁷⁸
1758 4950 1904 5008 Psal.
1936 4969 2053 5008 xui:

2155 4954 2189 5009 0
2310 4948 2618 5003 "ITbess.
2652 4963 2691 5011 ι,
2726 4944 2775 5001 I.
2884 4942 2994 4999 "II
3022 4946 3146 5001 Cor.
3174 4959 3294 5010 xm,
3330 4941 3416 4997 i3.
3491 4936 3537 4972 "
3554 4939 3720 4997 Rom.

567 5052 584 5079 ’
616 5052 705 5066 υνο

565 5126 687 5250 (25)⁸
718 5126 1059 5208 Ἐξελεύσῃ
1113 5122 1508 5206 Ειίίιίρειύιιιιι
1615 5123 1767 5205 Θεός,
1803 5124 1898 5187 sed
1937 5125 2048 5179 lucc
2147 5124 2269 5179 loco
2295 5132 2602 5213 agnoscunt
2628 5131 2839 5206 veteres
2870 5124 3017 5179 libri.

565 5217 569 5249 ι
596 5200 646 5250 lo
676 5213 729 5250 ιιι
750 5204 919 5250 veteri
944 5197 1084 5250 hth
1109 5202 1476 5250 reuertuntur.
1504 5193 1712 5247 Ibidem
1745 5194 1900 5250 illud.
1925 5195 2050 5248 ἀντὶ
2215 5193 2326 5250 (29)
2386 5194 2561 5250 Υιιας.
2596 5192 2735 5247 Edttt
2759 5194 2964 5248 addunt
2990 5196 3017 5247 ἀ

494 5191 729 5252 nulloin
750 5199 919 5252 veteri
944 5191 1084 5250 libro
1109 5193 1476 5265 reperiuntur.
1504 5193 1712 5265 Ibidem
1744 5194 1900 5257 illud,
1925 5195 2050 5248 ἀντὶ

2215 5191 2354 5264 (29)’
2371 5191 2561 5262 Ὺμᾶς.
2596 5192 2735 5265 Editi
2759 5194 2964 5265 addunt
2990 5194 3229 5264 ἀδελφοί.
3254 5197 3401 5265 quod
3424 5197 3481 5251 in
3504 5198 3720 5255 nostris

493 5266 668 5339 τοῦν,
689 5267 870 5338 ήμῶν,
886 5262 1208 5339 addidimus
1230 5280 1298 5339 ex
1325 5264 1501 5319 tribus
1535 5264 1687 5339 libris
1707 5265 1971 5339 antiquis.

2155 5262 2276 5339 inse.
2318 5278 2428 5339 non
2477 5264 2777 5339 reperitur.
2810 5262 2989 5339 Paulo
3015 5262 3139 5339 post
3170 5262 3712 5339 editiAéGeMaoqtev.

483 5378 489 5386 .
567 5336 676 5410 (ξρ)
709 5331 1123 5410 Συντάξειηίιο
1153 5334 1278 5389 libri
1312 5341 1544 5410 veteres.
1581 5331 1725 5410 Editi
1750 5331 1942 5410 esset.”
1964 5403 1997 5410 __
2029 5403 2041 5410 _

2155 5332 2273 5389 Mss.
2298 5342 2357 5410 u_t
2375 5334 2429 5386 in
2449 5331 2620 5410 textu.
2646 5331 2889 5410 subinde
2908 5331 3278 5410 editioAParis.
3302 5331 3504 5410 ψυχρὸὲ
3524 5331 3714 5410 γιίαμ-

587 5401 679 5475 27)
708 5405 1291 5476 Καταλαμϐἀνοκτες.
1331 5402 1408 5476 Ita
1430 5418 1574 5476 mss.
1609 5404 1867 5476 quinque.
1904 5403 2044 5476 Editi

2155 5401 2367 5473 ματικός
2400 5419 2482 5464 τις
2508 5402 2599 5476 τόν
2632 5403 2735 5476 μὲν
2758 5406 2917 5458 καὶ...
2943 5404 3131 5476 τὴνλδὲ
3171 5406 3287 5462 σύν.
3317 5401 3547 5461 ’δύῖῐιιηό
3566 5401 3714 5463 coh-

495 5472 904 5540 καταλαὸόντες.
947 5472 1275 5547 Μοιῃίίιιοιιι
1312 5473 1444 5547 editi
1485 5472 1571 5542 ἐφ’
1592 5472 1893 5547 ἑκατέρας.
1938 5472 2045 5547 Sed

2155 5488 2316 5547 sensu
2364 5472 2564 5527 vetusti
2617 5472 2834 5547 codices
2874 5483 2937 5547 et
2980 5472 3115 5547 edit.
3160 5476 3324 5533 Basil.
3381 5483 3611 5547 utraque
3654 5486 3715 5533 ut

496 5564 647 5618 mss.
669 5548 815 5618 utin
864 5554 1038 5602 textu.
1068 5544 1187 5601 Non
1217 5544 1387 5599 multo
1436 5554 1556 5600 oost
1592 5543 1724 5612 Reg.
1770 5544 2047 5598 secundus
2146 5543 2413 5618 edendum
2450 5544 2781 5618 curavimus,
2834 5543 2940 5618 nisi
2976 5545 3119 5614 quod
3153 5547 3206 5601 in
3242 5547 3478 5618 secunda
3510 5543 3714 5618 legitur

495 5616 577 5671 ὅτι
602 5616 699 5726 τὴν
730 5615 977 5687 δύναμιν.
1102 5686 1113 5697 .
1148 5686 1159 5698 _
1727 5682 1738 5693 .
1990 5682 2002 5694 .

567 5688 676 5733 (9.x
711 5686 886 5733 ’Ἄλλο
916 5703 990 5733 τι.
1021 5684 1160 5733 Edm
1182 5686 1281 5733 οὐκ
1308 5683 1436 5733 ἄλλο
1459 5702 1532 5733 τι.
1555 5681 1781 5733 Namatio
1806 5681 1960 5733 deest
1986 5697 2043 5733 tn

2155 5612 2775 5733 ᾧυχρὸςιγραμιματὶκός,
2799 5614 2943 5669 unde
2972 5612 3128 5671 error
3153 5618 3211 5672 in
3234 5612 3621 5685 Parisiensem,
3651 5626 3716 5675 ut

2155 5697 2288 5733 ςιιιοθ
2320 5698 2349 5733 ὁ]
2378 5696 2475 5733 I118.
2546 5699 2635 5733 IIII
2668 5720 2684 5733 .

567 5681 678 5757 (28)
711 5681 886 5740 Ἄλλο
916 5684 1160 5757 tt._Editi
1182 5686 1281 5757 ούκ
1308 5683 1436 5757 ἄλλο
1459 5702 1532 5738 τι.
1555 5681 1781 5757 Negatio
1806 5681 1960 5737 deest
1986 5682 2043 5757 in

2309 5682 2475 5757 alius,

496 5750 593 5813 seti
619 5750 751 5833 mss.
785 5764 840 5810 et
878 5770 908 5809 a
943 5750 1293 5833 typographis
1312 5754 1533 5833 .videtur
1564 5750 1762 5814 addita,
1799 5767 1863 5806 eo
1897 5752 2042 5833 quod
2178 5822 2187 5833 ἰ
2214 5750 2325 5823 (50)
2352 5751 2520 5833 Ἴσως
2542 5756 2651 5805 οὐκ
2678 5750 2774 5833 (ir.
2801 5752 3016 5833 S_i_e_0p_e
3038 5755 3279 5833 quinque
3301 5772 3434 5833 mss.
3459 5756 3717 5833 emenda-

496 5842 605 5885 nun
633 5820 980 5883 adverterent
1002 5820 1447 5894 interrogationis
1490 5833 1696 5892 notam,
1735 5820 2040 5894 quam’boc
2141 5820 2317 5878 vimus
2340 5820 2481 5893 quod
2509 5836 2670 5892 prave
2696 5825 2753 5878 iu
2783 5820 3257 5899 editis'legebatur
3296 5827 3452 5893 τέως,
3491 5827 3590 5881 οὐκ
3614 5829 3701 5884 ἄν.

2546 5682 2684 5736 uxit.
