3908 6544
192 399 291 454 ιη

1338 402 1537 459 LIBER
1576 404 1664 460 DE
1704 398 1968 465 SPIRITU
2003 408 2289 466 SANCTO.

3303 419 3405 475 I78

187 513 475 582 ἀπολογίαν
513 514 909 588 ὲπεδεήθημεν.
954 517 1070 571 Νῦν
1100 518 1155 572 δὲ
1192 520 1252 573 οῦ
1287 523 1413 593 περὶ
1453 522 1751 588 συλλαϐῶν,

1863 523 2008 581 Nunc
2029 540 2158 581 vero
2187 540 2365 597 neque
2403 525 2471 581 de
2521 528 2763 598 syllabis.
2817 544 2993 602 neque
3032 531 3135 587 hoc
3186 541 3279 588 aut
3314 537 3407 590 illo

182 606 295 662 οὐδὲ
325 609 459 678 περὶ
486 607 695 661 τοιοῦδε
725 608 759 678 ἢ
791 608 998 663 τοιοῦδε
1034 612 1218 681 φωνῆς
1244 613 1377 683 ἤχου
1408 615 1437 667 ὁ
1464 615 1618 684 λόγος
1655 618 1749 668 αὺ-

181 701 304 763 τοῖς,
348 699 491 752 ἀλλά
525 702 654 769 περὶ
692 701 1031 772 πραγμάτων
1060 703 1118 755 ὲν
1145 703 1371 775 δυνάμει
1405 708 1497 760 καὶ
1529 707 1752 780 ἀληθείᾳ

183 791 444 862 μεγίστην
503 791 740 861 ἐχόντων
779 792 1061 865 διαφοράν.
1091 789 1192 848 Ὧν
1218 795 1422 863 ἕνεκεν,
1473 799 1752 871 ἀπαρατηο

181 883 343 952 ρήτου
385 881 493 951 τῆς
520 885 770 954 χρήσεως
798 883 908 937 τῶν
958 884 1237 939 συλλαϐῶν
1270 885 1456 958 οὔσης,
1486 884 1627 943 οὗτοι
1656 888 1752 952 τάς

101 953 107 968 ’
179 972 274 1044 μὲν
313 973 643 1045 ἐγγράφειν,
683 973 784 1037 τάς
831 975 889 1028 δὲ
919 975 1239 1029 ἀποδιὼκειν
1290 953 1403 1048 τῆς*
1432 978 1752 1050 Ἐκκλησίας

178 1066 571 1138 ἐπιχειροῦσιν.
611 1066 752 1136 Ἐγὼ
792 1067 871 1131 δὲ,
912 1069 960 1121 εί
1000 1067 1095 1122 καὶ
1124 1071 1187 1122 ἐκ
1213 1070 1312 1141 τῆς
1336 1069 1556 1142 πρώτης
1582 1071 1753 1142 ἀκοῆς

179 1156 404 1227 ἐναργὲς
429 1156 550 1227 εχει
575 1156 637 1210 τὺ
653 1158 941 1229 χρήσιμον,
972 1157 1086 1211 ἀλλ’
1111 1153 1205 1212 οὖν
1229 1159 1434 1214 καὶτὸν
1465 1161 1573 1232 (51)
1595 1161 1751 1230 λόγον

180 1247 490 1319 παρέξομαι
525 1248 650 1302 καθ’
675 1249 737 1301 ὃν
758 1249 808 1302 οἱ
840 1249 1076 1321 πατέρες
1099 1250 1256 1322 ήμῶν
1285 1253 1383 1305 οὐκ
1402 1252 1586 1324 ἀργῶς
1615 1270 1753 1324 συμ-

184 1339 495 1410 παρέλαϐον
524 1339 625 1411 τὴν
657 1340 854 1411 χρῆσιν
889 1341 989 1412 τῆς
1019 1340 1327 1411 προθέσεως
1359 1342 1578 1415 ταύτης.
1606 1344 1751 1417 Πρὸς

184 1431 286 1501 γὰρ
332 1430 417 1502 τῷ
456 1431 524 1485 τὸ
575 1432 672 1485 τοῦ
706 1432 992 1486 Σαδελλίου
1025 1434 1192 1487 κακὸν
1230 1435 1513 1501 ίσοσθενῶς
1538 1438 1604 1507 τῇ
1652 1436 1751 1490 καί

185 1522 416 1594 συλλαβῇ
450 1523 772 1594 διελέγχειν,
802 1526 897 1578 καὶ
929 1525 1322 1596 παραπλησίως
1350 1527 1532 1601 ἐκείνῃ
1556 1527 1617 1580 τὸ
1642 1527 1749 1582 τῶν

185 1614 535 1669 ὑποστάσεων
558 1613 690 1669 ίδιον
723 1618 1009 1687 παριστᾷν,
1042 1616 1117 1680 ὡς
1138 1617 1200 1670 τό
1217 1634 1232 1647 ’
1280 1618 1426 1689 Ἐγὼ
1451 1619 1549 1672 καὶ
1574 1621 1607 1673 ὀ
1633 1621 1750 1673 Πα-

185 1706 289 1775 rip
336 1707 718 1777 ἐλευσόμεθα
742 1723 755 1738 ·
788 1708 882 1761 καὶ
930 1708 1023 1762 τόο
1068 1708 1214 1776 Ἐγὼ
1251 1710 1350 1763 καί
1395 1713 1428 1764 ό
1454 1711 1654 1779 Πατὴρ
1681 1711 1750 1766 ἓν

183 1797 364 1867 ἐσμεν
379 1815 394 1828 ·
424 1797 710 1869 ἐξαίρετον
730 1798 841 1869 ἔχει
864 1799 961 1870 τῆς
981 1799 1150 1853 ἀϊδίου
1175 1800 1453 1864 κοινωνίας
1475 1802 1564 1855 καὶ
1583 1802 1752 1855 ἅπαύέ

1853 614 2105 670 dictionis
2157 632 2294 681 son_o
2328 616 2626 685 disputant,
2680 618 2774 675 sed
2807 608 2881 675 de'
2918 622 3084 678 rebu$
3111 623 3266 693 juxta
3299 627 3406 680 vim

1847 719 1917 759 ac
1976 705 2256 761 veritatem
2306 705 2545 762 maximo
2594 708 2737 764 inter
2778 725 2837 767 se
2884 710 3199 768 discrimine
3242 715 3407 770 dissi-

1850 794 2126 851 dentibus.
2168 794 2284 865 Qua
2324 797 2391 853 de
2418 812 2582 853 causa
2608 840 2623 866 ,
2657 815 2779 855 cum
2823 802 3133 860 indifferens
3165 806 3237 861 sit
3291 807 3408 877 syl-

1850 886 2095 941 labarum
2155 903 2311 952 usus,
2373 889 2465 944 isti
2512 891 2611 945 has
2658 891 2873 961 quidem
2919 893 3234 960 admittere,
3285 897 3406 953 illas

1850 990 1980 1030 vero
2010 975 2079 1031 ab
2130 974 2373 1032 Ecclesia
2406 977 2728 1034 submovere
2766 979 3081 1036 moliuntur.
3125 976 3238 1052 Ego
3278 997 3407 1038 vero

1849 1064 1952 1118 etsi
2012 1066 2189 1135 primo
2249 1068 2432 1121 statim
2499 1068 2686 1123 auditu
2730 1052 3046 1140 praepositio
3102 1074 3413 1130 evidentem

1852 1156 2139 1211 utilitatem
2196 1155 2405 1222 habet,
2469 1166 2705 1215 attamen
2759 1159 2923 1215 etiam
2980 1164 3242 1219 rationem
3283 1165 3409 1220 red-

1850 1247 1997 1308 dam,
2051 1247 2204 1317 juxta
2243 1263 2404 1319 quam
2454 1256 2636 1318 patres
2692 1251 2866 1306 nostri
2900 1267 3011 1307 non
3042 1252 3220 1309 otiose
3260 1254 3421 1311 illius.

1850 1350 2067 1407 quoque
2130 1353 2288 1392 usum
2354 1338 2587 1408 amplexi
2636 1339 2768 1393 sint.
2838 1338 2972 1395 Nam
3050 1349 3413 1413 praeterquam

1849 1426 1993 1496 quod
2028 1426 2141 1480 hate
2188 1426 2329 1481 idem
2387 1428 2531 1483 valet
2571 1428 2715 1499 quod
2791 1440 2840 1484 el
2867 1471 2883 1493 ,
2924 1430 2991 1485 ad
3062 1432 3423 1488 refellendam-

1853 1516 2073 1572 Sabellii
2107 1518 2368 1572 malitiam
2397 1557 2411 1583 ,
2450 1520 2809 1590 similiterque
2845 1526 3008 1593 atque
3046 1522 3139 1577 illa
3177 1524 3409 1593 conjun-

1850 1608 1959 1662 ctio
2022 1607 2384 1678 bypostaseon
2443 1610 2825 1679 proprietatem
2893 1612 3135 1669 declarat
3165 1653 3181 1679 ,
3238 1615 3419 1679 velut,

1851 1696 1962 1768 Ego
1995 1710 2046 1752 et
2077 1697 2240 1752 Pater
2269 1699 2702 1765 veniemus",et:
2728 1701 2838 1773 Ego
2858 1713 2910 1758 et
2943 1703 3106 1758 Pater
3137 1720 3300 1758 unum
3327 1721 3412 1758 su-

1852 1789 2068 1855 mus";
2102 1797 2360 1859 praeterea
2385 1791 2643 1847 eximium
2686 1793 2848 1849 habet
2883 1794 3230 1866 sempiternae
3266 1809 3411 1850 com-

186 1904 305 1941 στου
339 1889 459 1958 (52)
518 1890 813 1958 συναφείας
851 1889 912 1943 τὸ
967 1890 1279 1962 μαρτύριον.
1327 1892 1385 1945 '0
1426 1896 1534 1963 γὰρ
1584 1892 1752 1952 εἰπὼν

1863 1879 2130 1937 munionis
2172 1895 2237 1935 ac
2271 1890 2545 1952 perpetua:
2582 1884 2986 1954 conjunctionis
3016 1886 3409 1943 testimonium.

188 1980 277 2031 σὺν
310 1978 392 2049 τῷ
419 1978 602 2049 II:th
637 1979 731 2043 τὸν
764 1979 887 2034 Υίὺν
914 1977 1050 2036 εἶναι
1080 1981 1213 2052 ὁμοῦ
1254 1983 1354 2053 τήν
1396 2000 1456 2036 τε
1488 1983 1595 2038 τῶν
1623 1985 1751 2038 ὐπο-

190 2072 425 2124 στὰσεων
481 2070 724 2142 ἰδιότητα
753 2072 846 2124 καὶ
888 2071 949 2124 τὸ
990 2071 1291 2143 ἀχώριστον
1341 2073 1439 2144 τῆς
1475 2076 1753 2139 κοινωνίας

187 2161 402 2227 ῐᾶειξεν.
468 2162 651 2234 Ὅπερ
707 2163 803 2217 καὶ
863 2163 954 2216 ἐπὶ
1020 2162 1129 2217 τῶν
1197 2164 1548 2235 ἀνθρωπίνων
1608 2167 1752 2221 ἔστιν

190 2253 311 2305 ἰδεῖν
342 2252 462 2323 (35)
488 2270 507 2282 ·
535 2254 565 2305 ὁ
596 2255 695 2326 μὲν
733 2253 828 2307 καί
862 2253 1151 2325 σύνδεσμος
1191 2253 1254 2309 τὸ
1284 2256 1457 2309 κοινὸν
1478 2257 1576 2326 τῆς
1604 2258 1751 2329 ἐνερ-

182 2347 332 2413 γείας
357 2346 702 2418 παρίστησιν
723 2362 738 2376 ο
769 2347 804 2418 ή
834 2346 890 2400 δὲ
920 2346 1041 2400 σὺν
1073 2345 1329 2418 πρόθεσις
1352 2347 1450 2419 τὴν
1476 2348 1753 2402 κοινωνίαν

184 2456 294 2501 an;
322 2436 790 2492 συνενδείκνυται.
815 2434 958 2500 οἷον,
983 2437 1286 2492 Ἔπλευσαν
1310 2439 1391 2502 είς
1422 2438 1753 2493 Μακεδονίαν

182 2527 392 2591 Παῦλος
418 2528 523 2583 καὶ
548 2527 811 2599 Τιμόθεος
829 2546 843 2560 ’
874 2527 1007 2582 ἀλλά
1033 2530 1130 2583 καὶ
1156 2529 1387 2600 Τυχικὸς
1411 2532 1503 2584 καὶ
1543 2530 1753 2600 Ὀνήσι-

187 2636 281 2689 po;
307 2618 715 2690 ἀπεστάλησαν
740 2618 1137 2675 Κολοσσαεῦσιν
1155 2637 1171 2652 ο
1201 2623 1268 2674 ὲκ
1289 2620 1510 2683 τούτων,
1545 2621 1627 2676 ὅτι
1658 2622 1755 2692 μὲν

182 2710 376 2764 ταυτὸν
429 2710 771 2780 ἑνήργησαν,
820 2709 1242 2782 μεμαθήκαμεν·
1275 2710 1372 2765 ὲάν
1420 2710 1475 2764 δὲ
1512 2710 1757 2765 ἀκούσω-

186 2818 299 2874 μεν,
326 2802 416 2855 δτι
467 2800 840 2854 συνέπλευσαν
879 2801 971 2854 καὶ
1010 2799 1509 2871 συναπεστάλησαν,
1542 2801 1624 2853 ὅτι
1666 2799 1758 2853 καὶ

188 2893 299 2963 μετ’
328 2890 593 2960 ἀλλήλων
618 2890 716 2960 τὴν
749 2887 945 2961 πρᾶξιν
978 2888 1299 2961 ἐπλήρωσαν
1337 2888 1757 2961 προσεδιδάχθη-

186 2999 300 3055 μεν.
336 2981 508 3036 Οὕτω
532 2980 598 3034 τὸ
631 2979 727 3033 τοῦ
769 2978 1054 3033 Σαδελλίου
1079 2980 1264 3045 κακὸν,
1297 2980 1373 3044 ὡς
1403 2980 1624 3051 οὐδεμία
1649 2978 1757 3032 τῶν

184 3072 356 3127 ἄλλων
382 3070 588 3140 φωνῶν
623 3068 994 3134 κατοιλύουσα,Δ
1010 3068 1360 3141 προστίθησιν
1394 3070 1621 3132 ἐκείνοις
1645 3068 1756 3139 (54)

185 3166 277 3218 καὶ
312 3164 451 3226 τοὺς
479 3161 629 3217 κατά
658 3161 945 3235 διάμετρον
974 3159 1322 3226 ἀσεϐοῦντας.
1358 3161 1513 3230 Λέγω
1542 3160 1606 3232 δὴ
1635 3161 1759 3214 τού·-

183 3271 309 3319 τους
351 3254 405 3308 οἱ
437 3254 715 3325 χρονικοῖς
764 3251 1084 3323 διαστήμασι
1136 3250 1228 3305 τοῦ
1271 3251 1368 3321 μὲν
1417 3249 1628 3321 Πατρὸς
1670 3250 1760 3311 τὸν
1786 3246 1809 3263 “

188 3349 334 3416 Υἱὺν,
366 3346 471 3400 τοῦ
499 3345 558 3399 δὲ
583 3343 714 3399 Υίοῦ
744 3344 806 3397 τὸ
828 3343 1050 3415 Πνεῦμα
1073 3344 1309 3413 τδηὸιγιον
1337 3341 1618 3414 διαιροῦσι,

252 3524 343 3579 60.
380 3522 537 3596 Πρδς
564 3520 625 3576 δὲ
661 3520 761 3593 τὴν
803 3521 873 3576 ἐν
905 3519 1172 3590 συλλαϐὴν
1219 3520 1392 3573 ἐκεῖνο
1434 3517 1665 3588 μάλιστα
1702 3517 1767 3571 τὸ

188 3616 445 3688 διάφορον
478 3614 617 3684 ἔχει,
638 3615 722 3668 ὅτι
740 3615 774 3685 ή
799 3612 896 3688 μὲν
916 3612 1036 3666 σὺν
1061 3612 1165 3683 τὴν,
1190 3610 1325 3683 πρὸς
1356 3609 1615 3681 ἀλλήλους
1641 3625 1766 3662 συν-

189 3710 385 3776 ἀφειαν
460 3705 577 3760 τῶν
646 3702 1041 3759 κοινωνούντων
1096 3702 1448 3775 παρίστησιν,
1500 3699 1609 3755 οἷον
1655 3699 1764 3757 τῶν

194 3800 612 3872 συμπλεόντων,
638 3797 672 3868 ἢ
704 3795 1113 3860 συνοικούντων,
1150 3795 1182 3867 ἢ
1208 3794 1385 3848 ὁτιοῦν
1414 3793 1522 3849 τῶν
1549 3793 1765 3848 πάντων

196 3895 389 3958 mea};
410 3890 781 3946 ὲκτελούντων
800 3905 814 3920 ·
838 3890 872 3959 ή
905 3887 962 3941 δὲ
990 3888 1061 3941 ἐν
1089 3886 1186 3958 τὴν
1215 3886 1395 3956 σχέσιν
1421 3886 1520 3957 τὴν
1549 3885 1686 3957 πρὸς
1703 3885 1764 3938 τὸ

192 3984 255 4039 ἓν
290 3977 338 4053 ᾧ
392 3982 762 4052 τυγχάνουσιν
812 3977 1157 4051 ἐνεργοῦντες
1203 3977 1367 4048 δηλοῖ.
1407 3975 1764 4046 Ἔμπλέουσι

194 4076 303 4147 γὰρ
334 4075 433 4129 καὶ
463 4072 816 4128 ἐνοικοῦσιν
844 4070 1195 4133 ἀκούσαντες,
1227 4070 1289 4123 τὸ
1314 4070 1517 4139 σκάφος
1548 4070 1642 4124 καὶ
1668 4070 1766 4142 τὴν

194 4166 372 4219 οὶκίαν
417 4164 588 4228 εὐθὺς
617 4165 964 4235 ἐννοήσαμεν.
1013 4161 1170 4223 Κατά
1199 4162 1296 4232 μὲν
1326 4156 1418 4215 οῦν
1445 4161 1543 4232 τὴν
1584 4161 1765 4233 κοινὴν

187 4258 413 4329 χρῆσιν,
437 4258 475 4327 ή
505 4255 643 4325 πρὸς
671 4253 906 4326 ἀλλήλας
942 4251 1120 4307 αὐτῶν
1146 4253 1375 4331 διαφορά
1402 4250 1643 4323 τοιαύτη,
1671 4253 1766 4306 καὶ⁹

188 4345 284 4398 ἐπὶ
310 4345 505 4397 πλεῖον
530 4342 601 4398 ἂν
628 4341 739 4414 ('55)
773 4341 1020 4415 εὑρεθείη
1041 4340 1196 4412 παρά
1217 4339 1324 4394 τῶν
1348 4340 1667 4410 φιλοπόνων.
1690 4339 1780 4399 Οὐ,

190 4438 303 4509 γὰρ
349 4438 479 4506 ἐμοὶ
525 4434 691 4506 σχολὴ
740 4433 810 4490 τὰ
852 4434 983 4506 περὶ
1026 4432 1134 4491 τῶν
1169 4430 1445 4491 συλλαϐῶν
1474 4431 1760 4499 ἐξετάζειν.

1852 1971 1987 2028 Nam
2023 1971 2117 2042 qui
2147 1972 2303 2038 dixit,
2337 1989 2460 2027 cum
2511 1972 2673 2029 Patre
2711 1973 2910 2029 Filium
2941 1990 3061 2031 esse
3089 2014 3103 2038 ,
3149 1977 3313 2030 simul
3356 1983 3431 2033 et.

1852 2064 2214 2135 hypostaseon
2290 2066 2670 2136 proprietatem
2734 2082 2788 2121 et
2844 2067 3207 2137 inseparabile
3267 2083 3406 2123 con-

1854 2155 2080 2211 sortium
2112 2158 2405 2227 expressit.
2445 2156 2602 2223 Quod
2633 2157 2775 2213 idem
2814 2160 2977 2213 etiam
3013 2160 3067 2214 in
3106 2160 3277 2215 rebus
3306 2160 3411 2214 hu-

1852 2246 2030 2303 manis
2078 2246 2264 2302 videre
2316 2255 2419 2311 est,
2460 2248 2514 2302 in
2545 2231 2743 2318 quibus
2796 2260 2843 2304 et
2874 2250 3189 2321 conjunctio
3240 2251 3395 2307 decla

1852 2346 1938 2391 rat
1972 2351 2313 2394 communem
2344 2340 2718 2410 operationem
2756 2358 2768 2393 :
2826 2346 2881 2395 et
2934 2342 3248 2411 prtepo‘sitio
3296 2357 3433 2396 cum.

1853 2426 2252 2496 quodammodo
2342 2429 2508 2484 etiam
2596 2427 2869 2499 signiﬁcat
2954 2430 3414 2487 communionem.

1854 2519 2011 2586 Quod
2043 2534 2215 2589 genus
2252 2526 2357 2584 est,
2398 2517 2733 2590 Navigarunt
2780 2520 2836 2574 in
2875 2516 3245 2576 Macedoniam
3276 2520 3417 2579 Paue

1856 2610 1941 2664 ius
1975 2618 2028 2663 et
2074 2609 2432 2672 Timotheus,
2499 2610 2593 2665 sed
2655 2617 2709 2665 et
2786 2608 3057 2681 'I'ycbicus
3105 2618 3160 2666 et
3224 2611 3418 2668 Onesi-

1855 2714 1979 2754 mus
2016 2699 2168 2754 missi
2221 2707 2347 2754 sunt
2403 2696 2826 2756 Colossensibus
2873 2716 2887 2752 :
2929 2684 2997 2756 ex
3036 2698 3123 2756 bis
3149 2700 3418 2759 discimus

1856 2789 1979 2844 illos
2012 2804 2124 2843 rem
2158 2790 2403 2845 eamdem
2425 2789 2644 2846 fecisse.
2679 2788 2785 2845 Sed
2812 2790 2858 2845 si
2890 2791 3248 2857 audierimus,
3285 2808 3419 2847 con-

1856 2880 2212 2951 navigaruut,
2266 2888 2321 2936 et
2355 2881 2515 2936 simul
2556 2882 2712 2937 missi
2740 2889 2905 2948 sunt,
2945 2882 3110 2938 etiam
3150 2883 3284 2938 illud
3321 2885 3420 2939 ad-

1857 2970 2141 3037 discimus,
2207 2973 2441 3028 alterum
2505 2988 2630 3029 cum
2669 2974 2839 3028 altero
2900 2975 3169 3030 actionem
3239 2976 3421 3029 absolv

1856 3063 2019 3119 visse.
2054 3062 2130 3118 Ita
2166 3062 2384 3120 Sabellii
2423 3079 2664 3121 errorem
2707 3066 3000 3121 destruens
3054 3067 3166 3121 haec
3215 3082 3323 3121 vox
3358 3074 3421 3122 ut

1858 3170 1970 3210 non
2000 3156 2105 3210 alia
2134 3171 2328 3227 .aeque,
2372 3156 2528 3212 addit
2576 3157 2687 3213 illis
2725 3164 2780 3213 et
2826 3172 2922 3213 eos
2960 3158 3053 3228 qui
3089 3158 3293 3214 directe
3323 3162 3423 3230 op-‘

1859 3249 2041 3320 posito
2072 3249 2365 3320 impietatis
2392 3264 2592 3319 genere
2618 3249 2924 3305 insaniunt.
2975 3249 3051 3305 De
3087 3249 3171 3306 his
3202 3250 3421 3321 loquor,

1860 3338 1952 3408 qui
1983 3337 2373 3407 temporalibus
2407 3337 2707 3394 intervallis
2737 3335 2932 3392 Filium
2964 3354 2994 3392 a
3026 3337 3204 3405 Patre,
3228 3348 3281 3396 et
3305 3336 3425 3411 Spi-

1859 3429 2025 3483 ritum
2057 3438 2305 3483 sanctum
2334 3442 2364 3482 a
2394 3426 2533 3483 Filio
2564 3428 2896 3487 distrahunt.

1930 3518 2019 3576 60.
2063 3519 2329 3576 Caeterum
2384 3535 2414 3574 a
2452 3521 2658 3592 syllaba
2700 3523 2755 3575 in
2805 3537 2870 3578 eo
2924 3524 3158 3581 maxime
3198 3525 3380 3580 dill‘ert
3407 3565 3422 3589 ,

1861 3608 2009 3681 Quod
2088 3612 2398 3681 praepositio
2465 3629 2582 3667 cum
2648 3622 2891 3669 mutuam
2976 3616 3424 3686 conjunctionem

1861 3715 2050 3756 eorum
2108 3702 2203 3772 qui
2253 3703 2620 3761 communiter
2676 3705 2881 3776 aliquid
2942 3714 3111 3777 agunt
3170 3707 3419 3773 exhibet,

1862 3795 2011 3851 velut
2064 3795 2574 3867 connavigantium,
2637 3805 2731 3853 aut
2792 3800 3222 3855 cohabitantium
3253 3841 3267 3866 ,
3333 3810 3426 3856 aut

1864 3885 2079 3957 quidvis
2108 3886 2254 3941 aliud
2302 3887 2668 3942 communiter
2711 3888 3101 3959 perﬁcientium
3142 3909 3154 3944 :
3191 3899 3246 3946 at
3287 3906 3425 3962 prae-

1862 3976 2062 4047 positio
2114 3977 2170 4030 in
2209 3975 2449 4031 declarat
2479 3977 2794 4034 relationem
2851 3976 2917 4033 ad
2946 3976 3001 4033 id
3034 3978 3087 4033 in
3136 3995 3247 4051 quo
3297 3987 3425 4036 sunt

1864 4075 2173 4141 operantes.
2237 4064 2514 4136 Siquidem
2548 4081 2671 4122 cum
2721 4067 3015 4135 audimus,
3074 4070 3423 4143 innavigant,

1866 4165 1959 4214 aut
1996 4158 2331 4223 inhabitant;
2379 4159 2631 4231 protinus
2682 4159 2990 4230 cogitamus
3031 4163 3293 4233 scapham
3331 4170 3426 4217 aut

1864 4251 2104 4308 domum.
2164 4249 2348 4321 Itaque
2383 4250 2540 4320 juxta
2586 4259 2930 4308 cemmunem
2982 4268 3139 4308 usum
3173 4296 3187 4321 ,
3230 4254 3427 4310 harum

1864 4343 2196 4415 syllabarum
2227 4344 2353 4401 talis
2385 4351 2471 4399 est
2514 4344 2656 4399 inter
2688 4344 2834 4416 ipsas
2865 4344 3197 4413 dill‘erentia,
3222 4348 3425 4419 major-

1866 4450 1972 4506 que
2036 4434 2267 4489 inveniri
2332 4434 2529 4503 poterit
2581 4449 2625 4490 a
2672 4436 2954 4493 studiosis.
3017 4436 3204 4509 Neque
3277 4440 3423 4496 enim

203 4526 367 4583 Ἐπεὶ
411 4523 509 4581 οὖν
552 4526 817 4582 δέδεικται
844 4529 879 4596 ή
905 4525 1027 4580 σὺν
1062 4523 1406 4595 εὐσημότατα
1448 4524 1758 4579 ἀποδιδοῦσα

1868 4525 1999 4581 mihi
2035 4532 2192 4580 vacat
2221 4524 2289 4581 de
2323 4525 2536 4581 ratione
2555 4526 2884 4597 syllabarum
2915 4530 3221 4599 exquirere.
3278 4531 3453 4596 Quo-.

191 4620 294 4690 τῆς
331 4618 634 4688 συναφείας
664 4618 763 4687 τὴν
790 4616 1027 4684 ἔννοιαν,
1045 4615 1284 4686 γενέσθω
1310 4617 1437 4687 ὑμῖν
1462 4615 1764 4682 ἔνσπονδος,

193 4716 243 4766 εξ
268 4713 450 4775 δοκεῖ,
483 4712 578 4766 καὶ.
607 4709 883 4765 παύσασθε
923 4709 1017 4764 τοῦ
1044 4708 1277 4783 χαλεποῦ
1312 4708 1447 4780 πρὸς
1471 4708 1638 4780 αὐτὴν
1673 4710 1765 4763 καὶ

190 4802 519 4874 ἀκηρύκτου
535 4801 791 4873 πολέμου.
813 4802 996 4873 Ὅμως
1018 4802 1196 4872 μέντοι
1215 4799 1385 4864 οὕτως
1400 4800 1636 4877 εὐσήμου
1651 4800 1762 4871 (36)

262 4963 315 4995 "
336 4959 504 5016 Joan.
532 4976 641 5027 xiv,
671 4960 761 5016 25.
837 4960 882 4991 ⁷⁸
901 4957 1058 5016 Joan.
1083 4976 1120 5017 x
1172 4960 1262 5016 50.

263 5106 395 5178 (51)
433 5108 585 5178 Ἀλλ’
616 5100 844 5178 οὖνκαὶ
872 5107 995 5159 τόν.
1024 5107 1098 5159 lta
1129 5106 1260 5177 Reg.
1295 5105 1587 5160 secumlus.
1620 5103 1762 5178 Editi

189 5175 358 5251 ὅμως
377 5175 479 5251 ’καὶ
503 5176 617 5251 τόν.
650 5175 893 5241 Quatuor
917 5190 1049 5232 mss.
1088 5175 1270 5232 minus
1301 5184 1553 5233 accurate
1572 5176 1760 5246 χρήσι-

193 5247 459 5320 unum
485 5247 596 5301 τόν.

266 5316 394 5389 (52)
439 5316 796 5372 ’Δπαύστου.
835 5314 926 5370 Sic
956 5315 1160 5389 dudum
1186 5316 1394 5389 monuit
1433 5315 1658 5389 Ducaeus
1687 5314 1767 5370 le-

194 5384 445 5469 gelidum
474 5401 690 5469 esseex
712 5403 822 5442 uno
844 5386 1013 5440 veteri
1034 5386 1254 5469 codice.
1266 5384 1474 5469 .Eadem
1488 5385 1772 5469 scriptura

197 5453 254 5513 in
286 5464 537 5525 quatuor
566 5457 692 5512 aliis
713 5473 846 5512 mss.
873 5464 1107 5525 reperta.
1139 5453 1281 5525 Editi
1324 5456 1419 5509 ἀπ’
1443 5453 1629 5525 αὐτοῦ.

268 5524 397 5598 (33)
429 5524 644 5581 Ἔστιν
679 5526 846 5584 ἰδεῖν.
883 5524 974 5581 Ila:
1002 5540 1163 5581 voces
1205 5524 1400 5581 additae
1432 5540 1499 5580 ex
1530 5524 1662 5597 Reg.
1689 5539 1774 5581 se-

355 5612 411 5653 0.

196 5598 411 5749 $3143.
438 5667 746 5749 ’ἣκεινοιᾳ
778 5665 871 5721 Sic
896 5682 1045 5749 mss._
1068 5664 1284 5749 codices
1320 5673 1375 5720 et
1391 5664 1573 5749 prima
1614 5661 1772 5749 basi:-

200 5733 414 5793 ιεέειιιίε
446 5737 652 5800 editio,
675 5751 773 5806 pro
798 5752 863 5792 eo
904 5737 1047 5805 quod
1078 5744 1193 5793 erat
1239 5736 1294 5790 in
1340 5733 1468 5793 edit.
1508 5733 1679 5793 Paris.
1715 5740 1769 5789 et

205 5808 379 5867 Basil.
411 5809 652 5869 secunda
687 5806 895 5879 ἐκείνῳ.

1868 4617 2017 4673 niam
2065 4616 2229 4687 igitur
2263 4617 2696 4674 demonstratum
2730 4625 2814 4674 est
2837 4621 3272 4690 praepositionem
3306 4637 3426 4675 cum

1872 4707 2371 4778 signiﬁcantissime
2447 4709 2675 4766 reddere
2756 4712 3159 4782 coniunctionis
3227 4713 3427 4768 intelli-

1869 4800 2104 4873 gentiam
2127 4840 2161 4869 ,V
2182 4798 2431 4859 inducias
2463 4814 2495 4856 a
2533 4801 2690 4859 vobis
2714 4843 2730 4868 ,
2768 4804 2815 4858 si
2866 4803 3114 4870 videtur,
3151 4804 3422 4875 impetret,
3452 4862 3461 4868 ,

1939 5101 2048 5175 (55)
2089 5100 2220 5175 ‘_E_:_rl_
2264 5101 2472 5175 πλεῖοτς
2503 5101 2598 5175 ᾅν.
2634 5099 2711 5175 Ita
2739 5111 2899 5175 _mss.
2958 5100 3090 5151 tres.
3139 5092 3295 5149 Alius
3345 5093 3425 5147 ἔτι
3458 5150 3465 5153 _

1871 5168 2049 5246 «Moti;
2085 5171 2382 5246 Editiei'zt
2416 5171 2576 5246 πλέον
2605 5168 2872 5246 εῦρεθείη.
2990 5235 3001 5246 _

1940 5243 2050 5315 (56)
2079 5240 2388 5319 Εὐσήμου.
2436 5240 2696 5319 Quamvis
2743 5240 2857 5293 haec
2884 5240 3165 5319 scriptura
3202 5250 3427 5319 exnunc

1869 5307 2080 5367 tantum
2102 5307 2263 5367 eruta'
2284 5314 2354 5367 sit
2373 5307 2559 5367 codice
2582 5327 2708 5371 ms.,
2734 5324 2853 5363 eam
2881 5314 3059 5360 tamen
3090 5307 3428 5375 praetulimus
3464 5354 3468 5358 Α

1873 5385 2101 5453 vulgata
2130 5382 2400 5453 εὐφήμου,
2429 5382 2550 5453 Ι)υηί
2593 5379 2808 5453 ominis,
2842 5384 2900 5453 ut
2940 5372 3107 5453 vertit
3143 5372 3425 5453 Erasmus.

1874 5445 1995 5508 Non
2032 5452 2120 5505 hic
2144 5445 2325 5521 agitur
2348 5445 2509 5522 quam
2537 5451 2666 5522 boni
2703 5447 2903 5522 ominis
2932 5445 3005 5501 sit
3046 5446 3139 5522 illa
3170 5447 3431 5522 vox,hsed
3462 5504 3463 5507 η

1876 5537 2037 5593 quam
2068 5516 2207 5593 apta'
2221 5523 2289 5576 ad
2317 5516 2749 5593 signiﬁcandum.
2783 5516 2919 5593 IIinc
2950 5517 3111 5593 paulo
3133 5525 3256 5572 ante
3282 5517 3431 5593 dice-

1878 5588 1973 5647 bat
2003 5588 2235 5647 Basilius
2271 5588 2389 5646 eam
2423 5588 2905 5660 signiﬁcantiasime
2949 5588 3163 5660 reddere
3207 5589 3429 5658 conjun-

1883 5662 2077 5717 ctiom‘s
2108 5659 2526 5730 intelligentiam.
2555 5659 2754 5730 Ibidem
2782 5659 2922 5712 male
2956 5659 3009 5712 in
3040 5660 3255 5715 duobus
3294 5673 3442 5730 lusa.

1872 5734 1990 5802 τῆς,
2016 5731 2112 5802 ἐν,
2149 5728 2351 5802 φωνῆς.
2395 5729 2512 5802 Non
2540 5730 2682 5786 enim
2728 5729 2805 5802 de
2836 5732 3215 5800 praepositione
3247 5730 3321 5796 in,
3349 5728 3452 5789 [ος

1875 5799 2057 5875 quitur
2082 5799 2331 5867 Basilius,
2363 5800 2457 5857 sed
2482 5803 2548 5858 de
2584 5799 2964 5876 praepositione
2992 5817 3125 5855 cum.
