3788 6496
74 345 145 401 185

1173 341 1371 412 LIBER
1415 341 1502 397 DE
1542 343 1814 401 SPIRITU
1854 345 2142 404 SANCTO.

3157 346 3262 404 186

69 476 140 512 tm
176 454 327 518 οὕτως
371 455 616 521 εὐσεϐῶς
663 456 723 510 ὲν
758 456 1038 528 Πνεύματι
1078 455 1178 529 τὴν
1239 457 1585 529 εὐχαριστίαν

1706 459 1901 514 hostias
1948 459 2126 516 laudis
2167 458 2301 519 Deo.
2346 459 2659 517 Secundum
2712 474 2882 530 unum
2922 458 3091 530 igitur
3137 474 3262 515 mo-

67 546 445 620 ἁεοπληροῦμεν.
496 547 691 602 Καίτοι
734 548 829 601 καὶ
862 548 1022 601 τοῦτο
1048 549 1149 602 οὐκ
1176 547 1400 620 ἀϐαρὲς,
1430 547 1591 603 αὐτόν

66 660 148 696 τινι
172 637 329 708 ἑαυτῷ
366 641 691 712 μαρτυρεῖν,
726 640 811 693 ὅτι
840 640 1065 710 Πνεῦμα
1085 638 1221 694 Θεοῦ
1247 641 1306 693 ἐν
1329 641 1475 711 ἐμοὶ,
1498 640 1592 694 καὶ

67 735 127 787 διὰ
150 732 232 801 τῆς
276 731 366 783 ἀπ’
387 730 562 784 αὐτοῦ
609 730 832 803 χάριτος
869 731 1146 801 σοφισθεὶς
1194 731 1452 804 ἀναφέρω
1492 731 1592 804 τὴν

65 826 195 892 θίξιν.
254 821 447 892 Παύλῳ
490 821 602 892 γὰρ
649 822 933 892 πρέπουσα
972 823 1007 892 ή
1066 821 1251 893 φωνή·
1287 819 1449 874 Δοκῶ
1480 821 1591 890 τὰρ

68 918 183 985 κάγὼ
199 913 428 984 Πνεῦμα
469 912 622 967 Θεοῦ
659 915 859 980 ἔχειν’
889 913 984 966 καὶ⁹
1008 911 1169 966 πάλιν
1188 929 1201 942 ·
1240 912 1359 980 Τὴν
1391 910 1591 978 καλὴν

67 1004 512 1076 παρακαταθήκην
562 1004 841 1073 φύλαξον
889 1002 989 1059 διὰ
1032 1003 1377 1072 Πνεύματος
1417 1003 1589 1073 ἁγίου

66 1101 140 1155 τοῦ
160 1096 517 1162 ἐνοικοῦντος
542 1096 615 1149 ἐν
642 1095 815 1164 ἡμῖν’
845 1094 941 1148 καί⁵
964 1093 1095 1166 περὶ
1123 1094 1217 1148 τοῦ
1241 1095 1441 1166 Δανιήλ
1463 1111 1477 1126 ·
1507 1095 1589 1148 ὅτι

66 1189 232 1258 Πνεῦμα
257 1185 386 1240 θεοῦ
421 1186 585 1256 ἅγιον
623 1187 683 1240 ὲν
706 1185 855 1258 αὐτῷ
877 1204 891 1216 ·
924 1185 1020 1240 καὶ
1053 1186 1212 1252 εἴτις
1238 1184 1468 1249 ἐκείνοις
1488 1185 1588 1258 τὴν

68 1281 218 1352 iusst»:
246 1276 652 1350 παραπλήσιος.

50 1444 55 1493 Ἷ
115 1455 178 1510 6i.
199 1454 443 1525 Δεύτερος
474 1455 537 1509 δὲ
565 1454 715 1521 νοῦς,
757 1452 877 1509 οὐδὲ
914 1455 1078 1520 αὐτὸς
1109 1454 1414 1526 ἀπόϐλητος
1439 1470 1454 1486 ·
1500 1455 1587 1519 ὃτι

69 1546 201 1615 ὅπερ
220 1546 269 1597 ὲν
295 1543 370 1615 τῷ
398 1544 518 1615 Υίῷ
551 1545 750 1617 ὁρᾶται
789 1545 818 1596 ὁ
850 1544 1070 1616 Πατὴρ,
1114 1544 1287 1609 οὕτως
1317 1546 1346 1597 ὁ
1380 1544 1507 1609 Υἱὸς
1529 1546 1587 1598 ἐν

67 1633 396 1705 τῷιινεύματι.
428 1636 498 1687 ἸΙ
537 1635 722 1690 τοίνυν
756 1638 813 1688 ὲν
841 1635 920 1707 τῷ
958 1635 1239 1707 Πνεύματι
1274 1634 1586 1709 προσκύνη-

72 1746 128 1792 ﬁt;
147 1729 225 1800 τὴν
250 1727 318 1791 ὡς
367 1729 425 1781 ὲν
473 1728 623 1795 φωτὶ
681 1728 970 1800 γινομένην
1012 1728 1113 1801 τῆς
1156 1728 1392 1792 διανοίας
1430 1726 1587 1800 ἡμῶν

70 1822 279 1892 ἐνέργειαν
303 1819 623 1886 ὑποϐάλλει,
647 1820 722 1884 ὡς
752 1824 815 1875 ἐκ
844 1821 953 1874 τῶν
974 1820 1112 1892 πρὸς
1132 1820 1230 1892 τὴν
1256 1821 1586 1892 Σαμαρεῖτιν

72 1912 300 1983 εἰρημένων
325 1910 389 1964 ἂν
429 1911 653 1982 μάθοις.
671 1912 760 1965 Ἑν
797 1912 947 1983 τόπῳ
982 1912 1091 1983 γὰρ
1120 1907 1257 1965 εἶναι
1291 1911 1388 1984 τὴν
1421 1928 1587 1981 προσ-

72 2004 231 2074 κύνησιν
251 2003 311 2055 ἐκ
348 2002 449 2073 τῆς
496 2004 775 2075 ἐγχωρίου
821 2003 1106 2073 συνηθείας
1151 2002 1511 2075 ἡπατημένην
1558 2005 1588 2057 ὀ

72 2095 216 2165 Κύριος
234 2092 377 2166 ἡμῶν
399 2094 839 2166 μεταδιδάσκων,
862 2097 919 2148 ὲν
947 2094 1224 2166 Πνεύματι
1245 2096 1339 2149 καὶ
1359 2094 1586 2166 ἀληθείᾳ

71 2186 209 2256 χρῆναι
238 2188 555 2259 προσκυνεῖν
580 2185 804 2257 ἔφησεν,
842 2187 1033 2241 ἑαυτὸν
1061 2186 1234 2256 λέγων
1258 2186 1457 2258 δηλαδὴ
1487 2187 1586 2259 τὴν

72 2277 274 2349 ἀλήθειαν.
298 2279 505 2349 Ὠσπερ
526 2272 626 2332 οὖν
662 2280 720 2332 ὲν
757 2276 836 2349 τῷ
874 2277 990 2348 Υἱῷ
1027 2278 1397 2350 προσκύνησιν
1430 2277 1585 2348 λέγο-

73 2386 154 2438 μεν,
176 2369 253 2439 τὴν
283 2369 353 2432 ὡς
388 2372 449 2423 ὲν
483 2369 663 2423 είκόνι
700 2368 794 2422 τοῦ
840 2369 979 2423 Θεοῦ
1023 2371 1118 2424 καὶ
1159 2370 1393 2443 Πατρὸς,
1444 2370 1586 2425 οὕτω

73 2463 137 2513 καὶ
158 2461 203 2514 ὲν
226 2460 295 2532 τῷ
324 2461 633 2533 Πνεύματι,
663 2460 739 2526 ὡς
772 2462 828 2514 ἐν
858 2460 1038 2533 ἐαυτῷ
1062 2461 1330 2517 δεικνύντι
1364 2462 1461 2534 τὴν
1490 2462 1584 2516 τοῦ

72 2550 218 2620 Κυρίου
241 2552 479 2624 θεότητα.
511 2553 613 2605 Διὸ
640 2554 735 2606 καὶ
775 2554 835 2607 ἐν
865 2555 931 2623 τῇ
983 2556 1349 2626 προσκυνήσει
1383 2553 1587 2626 ἀχώρι-

76 2658 157 2696 στον
174 2644 258 2697 ἀπὸ
284 2644 491 2716 [ἰατρὸς
520 2644 624 2698 καὶ
651 2644 782 2699 Υίοῦ
807 2645 869 2699 τὸ
904 2646 1126 2717 Πνεῦμα
1149 2647 1210 2700 τὸ
1235 2647 1411 2716 ἆγιον.
1440 2647 1586 2711 Ἔξω

76 2734 141 2802 μὲν
161 2735 244 2805 γὰρ
266 2735 522 2807 ὑπάρχων
559 2736 750 2801 αὑτοῦ,
796 2738 914 2799 οὐδὲ
958 2739 1359 2811 προσκυνήσεις
1397 2740 1458 2793 τὸ
1483 2756 1588 2793 πα·-

78 2824 226 2894 ράτανο
266 2829 319 2882 ὲν
370 2828 518 2899 αὐτῷ
569 2829 630 2884 δὲ
676 2829 965 2900 γενόμενος
1016 2832 1196 2885 οὐδενὶ
1253 2832 1439 2911 τρόπῳ
1472 2830 1584 2902 (51)

75 2916 356 2989 ἀπεχωρίσεις
382 2920 492 2975 ἀπὸ
525 2919 670 2974 Θεοῦ
700 2938 713 2951 ι
749 2920 810 2974 οὐ
844 2921 1043 2991 μᾶλλόν
1068 2938 1153 2991 γε,
1182 2923 1215 2994 ἢ
1244 2922 1352 2976 τῶν
1372 2924 1584 2994 ὁρατῶν

77 3006 323 3079 magna;
350 3010 411 3063 τὸ
447 3010 574 3082 φῶς
598 3025 613 3040 ⁸
663 3009 922 3065 ἀδύνατον
961 3011 1070 3084 γὰρ
1106 3012 1232 3065 ἰδεῖν
1265 3012 1363 3084 τὴν
1400 3013 1584 3068 είκὸνα

76 3092 137 3145 τοῦ
151 3095 257 3149 Θεοῦ
282 3097 366 3151 τοῦ
392 3099 662 3171 ἀοράτου,
693 3099 769 3171 μὴ
798 3101 854 3154 ἐν
877 3100 956 3173 τῷ
990 3101 1257 3174 φωτισμῷ
1283 3103 1377 3157 τοῦ
1414 3104 1583 3158 Πνεύ-

78 3202 212 3253 ματος.
234 3191 331 3243 Καὶ
352 3190 440 3246 τὸν
473 3190 860 3255 ὲνατενίζοντα
888 3196 954 3265 τῇ
981 3195 1149 3248 είκόνι
1186 3196 1464 3266 ἀμήχανον
1486 3196 1585 3267 τῆς

76 3279 220 3344 εἰκόνος
240 3283 572 3354 ἀποχωρίσαι
598 3279 662 3336 τὸ
694 3282 828 3352 φῶς.
865 3284 939 3336 Τὸ
966 3284 1075 3356 γὰρ
1108 3284 1203 3338 τοῦ
1242 3287 1373 3356 ὁρᾷν
1416 3286 1585 3340 αἴτιον

77 3365 117 3430 ἐξ
137 3370 336 3443 ἀνάγκης
356 3373 773 3445 συγκαθορᾶται
796 3377 908 3439 τοῖς
929 3377 1163 3447 ὁρατοῖς.
1185 3377 1348 3429 Ὥστε
1368 3378 1586 3442 οἰκείως

78 3460 140 3511 καί
160 3463 422 3529 ἀκολούθως
451 3466 544 3521 διὰ
586 3467 686 3538 μὲν
714 3466 806 3521 τοῦ
837 3467 1116 3540 φωτισμοῦ
1148 3468 1242 3522 τοῦ
1267 3470 1585 3541 Πνεύματος

78 3549 419 3629 τδάπαύγασμα
457 3557 567 3628 τῆς
601 3557 760 3629 δόξης
791 3558 883 3611 τοῦ
923 3556 1056 3614 Θεοῦ
1105 3560 1457 3632 καθορῶμεν·
1496 3561 1584 3614 διὰ

80 3638 199 3694 ἂτώ
214 3647 540 3719 χαρακτῆρος
573 3648 668 3699 ἐπὶ
698 3648 797 3718 τὴν
831 3644 890 3703 οῦ
922 3651 1069 3704 ἐστιν
1108 3652 1137 3705 ὁ
1170 3652 1456 3724 χαρακτὴρ
1490 3653 1584 3705 καὶ

79 3731 100 3798 ἡ
128 3732 325 3801 Erigone;
356 3740 603 3811 σφραγὶς
632 3741 969 3812 ἀναγόμεθα.

1610 3146 1653 3205 C

504 3937 913 4000 ΚΕΦΑΛΑΙΟΝ
950 3942 1077 3996 KZ'.

81 4043 214 4099 Πόθεν
237 4048 271 4115 ἡ
288 4067 317 4120 ﬁt
341 4049 462 4104 σὺν
488 4069 509 4105 ι
552 4047 779 4120 ῇρξατο
802 4053 1104 4120 συλλαϐὴ,
1134 4053 1233 4107 καὶ
1272 4054 1453 4108 ποίαν
1476 4054 1582 4109 δύο·

126 4118 413 4201 ρίαν-ἕχει,
443 4121 516 4174 ἐν
549 4118 727 4201 (Irata!
756 4122 827 4201 rd
852 4124 983 4192 περὶ
1022 4118 1141 4177 τῶν
1166 4123 1445 4195 ἀγράφων
1473 4125 1583 4194 τῆς

145 4187 444 4257 Εκκλησίας
474 4192 783 4264 νομίμωνη

126 4295 190 4352 65.
211 4299 347 4365 Τίνος
384 4298 479 4359 οὖν
518 4304 730 4370 ἕνεκεν,
783 4305 966 4374 φασιν,
1012 4306 1158 4370 ίδίως
1201 4308 1584 4380 προσηκούσης

82 4384 132 4455 τῷ
148 4389 381 4463 Πνεύματι
412 4396 513 4467 τῆς
562 4396 634 4450 ἐν
666 4395 954 4468 συλλαϐῆς,
1000 4400 1094 4451 καὶ
1125 4400 1207 4462 είς
1240 4400 1420 4452 πᾶσαν
1452 4402 1584 4471 ἡμῖν

1691 549 1821 603 dum
1856 548 1938 604 sic
1966 549 2054 619 pie
2081 550 2384 620 gratiarum
2415 548 2686 603 actionem
2718 546 2774 600 in
2806 545 3016 617 Spiritu
3045 546 3262 618 persol-

1689 643 1889 699 vimus.
1913 642 2237 712 Quanquam
2267 647 2322 695 et
2351 640 2457 694 hoc
2488 638 2694 694 invidia
2720 653 2830 692 non
2855 646 3027 702 caret,
3063 643 3126 693 ut
3157 636 3264 691 ali«

1689 734 1816 804 quis
1843 734 1912 790 de
1946 733 2132 803 seipso
2171 731 2516 795 testiﬁcetur,
2552 728 2808 799 dicatque
2842 748 2855 784 :
2896 728 3138 800 Spiritus
3162 727 3262 784 Dei

1688 821 1747 877 in
1779 837 1866 876 me
1894 829 2000 886 est,
2028 827 2086 877 et
2120 835 2218 892 per
2254 820 2483 891 gratiam
2512 819 2663 874 illius
2703 819 2919 889 sapiens
2946 819 3128 877 lactus
3165 834 3260 874 re-

1688 913 1806 969 fero
1840 913 2091 985 gloriam.
2122 912 2259 967 Nam
2290 913 2541 981 hrccgvox
2574 909 2805 964 Paulum
2833 910 2987 966 decet
3015 929 3029 965 :
3070 911 3261 966 Videor

1687 1014 1739 1069 et
1776 1006 1910 1059 milii
1955 1004 2219 1075 Spiritum
2264 1005 2362 1059 Dei
2412 1003 2703 1070 habere“;
2735 1010 2790 1057 et
2827 1017 3051 1067 rursus,
3096 1001 3261 1074 Egre-

1686 1099 1833 1171 gium
1863 1099 2161 1167 depositum
2192 1112 2346 1151 serva
2373 1111 2466 1167 per
2492 1094 2755 1164 Spiritum
2784 1102 3027 1148 sanctum
3052 1095 3141 1164 qui
3167 1095 3256 1147 Ita-

1691 1190 1831 1251 bitat
1880 1191 1935 1245 in
1977 1188 2128 1243 nobis
2148 1190 2217 1243 θ’.
2246 1186 2379 1243 ltem
2415 1186 2483 1243 de
2512 1185 2739 1241 Daniele
2765 1184 3000 1256 legimus
3017 1184 3086 1243 ”.
3116 1185 3261 1254 quod

1689 1280 1931 1352 Spiritus
1963 1279 2061 1336 Dei
2103 1286 2329 1335 sanctus
2370 1277 2534 1337 fuerit
2570 1277 2628 1332 in
2658 1291 2756 1340 eo;
2807 1283 2867 1331 et
2911 1276 2959 1333 si
3004 1274 3130 1346 quis
3156 1274 3263 1333 illis

1686 1371 1952 1440 assimilis
1982 1371 2055 1429 sit
2084 1371 2308 1427 virtute.

1757 1464 1849 1530 64.
1888 1464 2037 1526 Alter
2087 1471 2271 1518 autem
2320 1460 2640 1517 intellectus
2680 1466 2790 1526 est,
2821 1474 2924 1514 nec
2960 1458 3080 1530 ipse
3126 1460 3263 1532 reji-

1686 1552 1936 1621 ciendus,
1983 1551 2130 1624 quod
2177 1551 2322 1607 sicut
2375 1551 2430 1605 in
2480 1548 2622 1604 Filio
2665 1549 2909 1605 cernitur
2956 1547 3139 1612 Pater,
3183 1550 3263 1603 sic

1685 1642 1861 1700 Filius
1894 1642 2139 1709 cernitur
2172 1641 2228 1696 in
2262 1639 2491 1712 Spiritu.
2525 1639 2714 1711 itaque
2752 1638 3001 1694 adoratio
3027 1653 3150 1708 quae
3191 1642 3263 1694 sit

1687 1733 1743 1788 in
1774 1733 2007 1804 Spiritu,
2051 1731 2251 1787 mentis
2286 1737 2490 1785 nostrae
2532 1728 2902 1800 operationem
2953 1736 3014 1782 ut
3047 1727 3104 1782 in
3141 1727 3264 1782 luce

1616 1807 1659 1863 Β
1690 1826 1890 1881 factam
1929 1825 2157 1892 indicat,
2185 1834 2249 1879 ut
2278 1825 2492 1880 discere
2527 1823 2655 1878 licet
2682 1838 2748 1877 ex
2778 1820 2845 1876 iis
2874 1836 2994 1892 qua:
3019 1819 3265 1875 Samari-

1690 1927 1831 1972 tanaa
1859 1916 2007 1972 dicta
2032 1925 2180 1972 sunt.
2212 1915 2349 1970 Nam
2374 1930 2499 1970 cum
2530 1914 2623 1968 illa
2651 1912 3053 1968 consuetudine
3084 1912 3263 1982 regio-

1687 2011 1775 2064 nis
1803 2009 2029 2079 decepta
2071 2007 2413 2063 existimaret
2446 2007 2501 2060 in
2536 2006 2657 2061 loco
2695 2020 2820 2059 esse
2850 2003 3260 2068 adorationem;

1688 2100 1952 2157 Dominus
1979 2113 2098 2154 eam
2131 2097 2407 2153 dedocens
2433 2097 2572 2151 dixit
2603 2095 2659 2150 in
2700 2093 2911 2165 Spiritu
2944 2100 2999 2149 et
3025 2092 3263 2147 veritate

1684 2191 1918 2246 adorare
1961 2188 2329 2259 Oportere“:
2376 2185 2641 2240 nimirum
2691 2185 2934 2255 seipsum
2980 2183 3269 2254 appellans

1685 2284 1992 2338 veritatem.
2042 2277 2515 2355 Quemadmodum
2555 2276 2719 2347 igitur
2768 2276 2825 2329 in
2861 2272 2999 2328 Filio
3028 2274 3265 2329 dicimus

1686 2372 2086 2436 adorationem,
2106 2369 2258 2424 velut
2280 2369 2337 2421 in
2360 2365 2599 2437 imagine
2628 2364 2725 2421 Dei
2754 2379 2818 2419 ac
2841 2362 3020 2418 Patris
3053 2381 3068 2418 :
3104 2363 3186 2419 sic
3208 2369 3263 2416 et

1685 2465 1743 2520 in
1779 2463 1988 2533 Spiritu
2037 2468 2303 2529 tanquam
2354 2457 2409 2511 in
2461 2457 2646 2527 seipse
2677 2454 2895 2509 Domini
2923 2453 3262 2509 divinitatem

1684 2555 2047 2628 exprimente.
2094 2549 2253 2606 Unde
2304 2556 2359 2604 et
2406 2548 2465 2602 in
2506 2548 2836 2603 adoratione
2879 2545 3265 2616 inseparabilis

1684 2654 1769 2705 est
1798 2662 1828 2701 a
1855 2644 2018 2699 Patre
2063 2650 2118 2699 et
2152 2641 2291 2696 Filio
2333 2639 2572 2710 Spiritus
2624 2646 2870 2694 sanctus.
2926 2635 3063 2690 Nam
3096 2638 3141 2692 si
3178 2638 3258 2693 sis

1685 2747 1839 2796 extra
1884 2737 2057 2798 illum,
2105 2734 2259 2788 nullo
2307 2739 2469 2804 pacto
2514 2746 2575 2787 es
2629 2730 2961 2785 adoraturus
2991 2747 3005 2783 :
3041 2736 3260 2792 contra,

1685 2826 1732 2882 si
1771 2822 1880 2896 54
1905 2824 1960 2877 in
1996 2823 2091 2877 illo
2133 2820 2325 2887 fueris,
2370 2820 2525 2876 nullo
2554 2820 2715 2874 modo
2744 2834 2867 2874 eum
2902 2818 3188 2888 separabis
3228 2834 3260 2872 a

1685 2916 1817 2980 Deo,
1848 2914 2020 2989 nihilo
2056 2912 2300 2983 profecto
2346 2910 2523 2982 magis
2557 2926 2720 2981 quam
2743 2909 2926 2963 lumen
2972 2910 3257 2978 separabis

1686 3008 1756 3064 ab
1800 2994 1868 3063 iis
1902 3021 2023 3078 qua:
2049 3005 2190 3060 visui
2213 3012 2399 3075 patent
2431 3022 2443 3057 :
2476 3001 2815 3073 impossibile
2864 3000 3135 3071 siquidem
3173 3008 3261 3059 est

1687 3114 1911 3156 cernere
1953 3097 2248 3168 imaginem
2289 3095 2384 3149 Dei
2435 3095 2750 3157 invisibilis,
2796 3092 2905 3147 nisi
2952 3092 3010 3146 in
3050 3092 3260 3148 lumine

1690 3190 1951 3261 Spiritus.
1985 3187 2051 3241 Et
2076 3187 2168 3258 qui
2203 3186 2448 3240 intuetur
2473 3184 2790 3255 imaginem,
2834 3183 2979 3239 hunc
3002 3183 3262 3253 impossi-

1686 3283 1795 3339 bile
1817 3292 1901 3338 est
1934 3282 2120 3335 lumen
2156 3280 2226 3335 ab
2254 3278 2490 3350 imagine
2517 3292 2795 3348 separare.
2831 3275 2987 3343 Quod
3020 3276 3168 3330 enim
3202 3282 3261 3327 ut

1685 3375 1872 3431 videas
1904 3376 1959 3429 in
1994 3388 2163 3429 causa
2205 3378 2310 3437 est,
2343 3370 2399 3426 id
2433 3385 2658 3426 necesse
2697 3376 2803 3431 est,
2836 3375 2895 3423 ut
2939 3368 3102 3423 simul
3133 3380 3259 3422 cum

1684 3465 1754 3521 iis
1803 3481 1924 3537 quae
1982 3472 2306 3527 cernuntur,
2356 3461 2632 3518 videatur.
2695 3461 2886 3530 Itaque
2939 3459 3161 3530 pr0prie
3202 3465 3259 3515 et

1683 3563 2050 3626 congruenter
2076 3569 2173 3623 per
2207 3552 2666 3607 illuminationem
2699 3549 2940 3621 Spiritus
2980 3549 3258 3620 conspici-

1683 3660 1807 3700 mus
1847 3644 2193 3713 splendorcm
2224 3643 2409 3713 gloriae
2438 3642 2571 3708 Dei;
2609 3658 2707 3712 per
2747 3643 3121 3697 characterem
3153 3656 3256 3694 au-

1682 3744 1792 3792 tem
1832 3737 1897 3791 ad
1930 3752 2076 3799 eum,
2110 3735 2270 3807 cujus
2318 3743 2403 3791 est
2446 3735 2734 3790 character
2776 3742 2833 3789 et
2860 3733 3069 3804 aequale
3102 3733 3254 3803 sigil-

1683 3829 1818 3894 lum,
1854 3826 2232 3883 subvehimur.

2219 3935 2447 3993 CAPUT
2485 3934 2699 3992 XXVII.

1689 4051 1835 4108 Unde
1859 4053 2066 4106 initium
2087 4050 2240 4106 habet
2269 4050 2499 4120 syllaba.
2525 4050 2738 4116 ccum,»
2769 4059 2818 4104 et
2846 4065 3005 4120 quam
3032 4049 3131 4103 vim
3159 4047 3254 4101 Ita-

1752 4123 1890 4246 ἔαρι,
1922 4123 2009 4175 ubi
2031 4132 2081 4177 et
2115 4122 2179 4175 de
2212 4121 2460 4176 Ecclesia:
2482 4121 2681 4192 legibus
2717 4120 2862 4175 nulla
2898 4120 3095 4189 scripto
3124 4133 3252 4188 pro—

1792 4211 1805 4248 ι
1839 4211 1904 4247 ts.

1754 4302 1843 4358 65.
1883 4300 2057 4369 Quam
2086 4300 2254 4372 igitur
2282 4301 2355 4355 ob
2380 4314 2625 4365 causam,
2660 4299 2936 4370 inquiunt,
2972 4316 3096 4355 cum
3128 4314 3256 4371 pro-

1682 4394 1799 4465 prie
1824 4393 2116 4450 conveniat
2149 4393 2265 4449 haac
2308 4394 2539 4465 syllaba,
2566 4394 2640 4460 iu,
2677 4393 2938 4464 Spiritui,
2992 4408 3057 4448 ac
3094 4393 3255 4450 nobis

81 4477 146 4547 τὴν
172 4485 271 4553 περὶ
292 4486 448 4540 αὑτοῦ
479 4487 695 4541 ἔννοιαν
725 4488 1082 4561 ὲξαρκούσης,
1115 4490 1215 4560 τὴν
1237 4489 1426 4562 καινὴν
1451 4491 1581 4545 ταύ-

1706 4487 1753 4542 id
1797 4486 2207 4556 exprimendum
2262 4487 2511 4556 quemvis
2559 4486 2628 4541 de
2668 4485 2878 4557 Spiritu
2918 4487 3254 4541 intellectum

85 4584 151 4639 την
165 4572 291 4643 ipsi;
311 4576 576 4650 συλλαϐὴν
596 4579 1015 4651 ὲπεισηγάγετε,
1036 4579 1158 4637 σὺν
1176 4579 1258 4646 τῷ
1274 4580 1384 4653 (52)
1408 4584 1589 4636 11νεύ-

81 4675 176 4723 rum
196 4663 433 4733 λέγοντες,
465 4669 566 4724 καὶ
592 4669 713 4732 οὐκ,
759 4670 829 4722 ἐν
861 4668 942 4735 τῷ
977 4670 1276 4739 Πνεύματι
1312 4669 1394 4737 τῷ
1419 4673 1583 4742 ἁγίῳ,

82 4749 167 4805 οὔτε
200 4756 347 4824 Hm;
379 4761 678 4831 ἀναγκαῖα,
727 4761 851 4824 οὔτε
909 4762 1266 4834 νενομισμένα
1310 4748 1431 4827 ταῖς
1463 4765 1585 4817 Ἐκ-

84 4843 268 4915 κλητίαις
293 4852 682 4926 φθεγγόμενοις
721 4855 808 4919 Ὠς
839 4856 937 4926 μὲν
963 4851 1056 4911 οὖν
1099 4855 1218 4927 οὐχὶ
1261 4856 1585 4927 ἀποκληρω⁶

84 4936 201 5000 ταῶς
222 4941 287 5011 τῷ
314 4945 446 5015 ἀγίῳ
478 4945 760 5016 Πνεύματι
801 4948 835 5017 ἡ
874 4947 945 5000 ἐν
981 4946 1218 5019 συλλαϐὴ
1254 4947 1577 5019 διενήνοχεν’

86 5021 327 5101 nume,
358 5034 568 5106 Πατρός
613 5036 728 5089 ἐστι
768 5037 860 5105 καὶ⁵
905 5036 1059 5106 Υίοῦ,
1087 5038 1160 5107 ξεν
1199 5041 1314 5103 τοῖς
1348 5038 1581 5092 κατόπιν

87 5117 259 5188 εῐρηται.
293 5121 451 5200 Οἶμαι
478 5129 535 5181 δὲ
580 5130 798 5184 κάκεῖνο
841 5130 1153 5202 ἀρκούντως
1193 5131 1465 5203 εἰρῆσθαι,
1500 5132 1583 5185 ὅτι

89 5208 128 5258 εὖ
152 5213 276 5279 μόνον
300 5219 391 5271 οὐκ
420 5221 731 5293 ἀφαιρεῖταί
766 5241 819 5277 τι
855 5225 954 5294 τῆς
996 5224 1152 5291 ἀξίας
1192 5224 1286 5277 τοῦ
1326 5224 1580 5294 Πνεύμα-

90 5313 167 5365 τας.
193 5304 304 5361 ἀλλὰ
329 5311 415 5364 καὶ
445 5312 581 5386 πρὸς
608 5312 670 5366 τὸ
703 5315 956 5384 μέγιστον
997 5315 1129 5385 ὕψος
1159 5316 1268 5369 τῶν
1304 5316 1378 5387 μὴ
1406 5316 1584 5388 πάντη

75 5458 78 5473 ⁴
137 5456 334 5519 "lCor.
361 5485 452 5527 vn.
483 5473 576 5528 40.
654 5472 703 5504 ”
726 5473 767 5529 ll
801 5476 943 5532 Tim.
990 5492 1031 5537 ι.
1069 5475 1151 5531 14.
1225 5473 1272 5505 “
1295 5471 1431 5528 Dan.
1468 5489 1521 5528 v.
1570 5474 1658 5530 ll.

93 5641 225 5768 Wa!)
238 5650 442 5774 ﬁeri
475 5673 733 5727 τροπῳ...
772 5659 811 5728 ἢ
850 5660 986 5719 τῶν.
1015 5659 1106 5723 Sic
1140 5675 1272 5718 mss.
1296 5674 1412 5716 sex.
1440 5658 1579 5715 Editi

1686 4576 1937 4641 sumciat,
1967 4591 2065 4634 vos
2094 4593 2292 4632 novam
2329 4577 2489 4633 istam
2527 4578 2789 4649 syllabam
2818 4578 3136 4643 induxistis,
3159 4579 3255 4648 qui

1686 4671 1892 4735 dicitis,
1924 4668 2057 4726 Cum
2094 4670 2324 4741 Spiritu,
2357 4686 2491 4737 non,
2538 4669 2603 4725 In
2629 4671 2835 4741 Spiritu
2864 4681 3082 4736 sancto;
3118 4672 3255 4728 alio-

1683 4764 1817 4834 quin
1840 4778 1940 4818 nec
1972 4763 2324 4829 necessariis,
2356 4779 2458 4819 nec
2488 4763 2556 4818 ab
2596 4761 2840 4823 Ecclesia
2871 4763 3115 4833 probatis
3154 4781 3254 4820 vo-

1684 4855 1843 4910 cibus
1889 4855 2138 4910 utentes?
2177 4853 2332 4920 Quod
2366 4854 2535 4925 igitur
2559 4855 2672 4910 haec
2705 4855 2935 4927 syllaba,
2963 4856 3040 4920 in,
3077 4854 3256 4925 Spiri-

1686 4946 1763 5000 tui
1797 4953 1991 5002 sanctu
2018 4962 2127 5002 non
2153 4947 2207 5003 in
2237 4953 2443 5003 sortem
2473 4948 2697 5019 pr0prie
2723 4948 2912 5008 cessit.
2948 4947 3043 5001 sed
3073 4946 3255 5005 Patris

1682 5037 1914 5110 Filiique
1934 5039 2244 5095 communis
2272 5049 2377 5106 est,
2407 5038 2461 5093 in
2503 5040 2881 5110 superioribus
2905 5039 3112 5094 dictum
3142 5047 3249 5097 est.

1680 5132 1931 5195 Arbitror
1958 5139 2137 5187 autem
2166 5139 2221 5186 et
2257 5131 2391 5186 illud
2434 5132 2569 5188 satis
2605 5132 3064 5193 demonstratum,
3106 5132 3254 5203 quod

1682 5225 1740 5278 in
1777 5240 1884 5279 non
1912 5223 2087 5280 solum
2128 5223 2264 5277 nihil
2306 5222 2547 5278 detrahit
2574 5222 2827 5293 dignitati
2868 5220 3127 5291 Spiritus,
3161 5239 3255 5278 ve-

1684 5333 1808 5372 rum
1839 5316 2005 5372 etiam
2034 5313 2101 5369 ad
2138 5329 2411 5370 summam
2436 5313 2816 5372 celsitudinem
2857 5313 3018 5388 erigit
3045 5317 3255 5389 cogita-

1735 5474 1779 5507 9‘
1799 5471 1959 5529 Joan.
2001 5487 2079 5539 tv,
2112 5469 2208 5528 24.

1762 5657 1874 5727 (52)
1912 5659 2034 5714 Σὺν
2077 5658 2178 5724 τῷ.
2210 5657 2353 5713 Editi
2380 5657 2451 5729 ,οἱ
2501 5656 2595 5729 σὺν
2629 5656 2723 5728 τῷ.
2770 5656 2875 5715 Sed
2923 5657 3132 5729 primus
3160 5652 3263 5726 illa

1692 5728 1953 5793 articulus
1982 5730 2133 5786 abest
2166 5746 2195 5783 a
2221 5728 2498 5791 veteribus
2530 5728 2701 5786 libris.
