3788 6522
450 358 553 414 187

1723 359 1781 416 s.
1823 339 2069 415 BASlLll
2108 356 2321 414 MAGNI

3639 347 3735 401 188

450 479 632 537 tiones
650 493 863 545 eorum,
883 480 976 550 qui
1005 495 1115 534 non
1141 494 1368 550 prorsus
1396 467 1578 535 mente
1601 479 1842 550 corrupti
1870 483 2020 533 sunt.

2155 474 2523 542 νδιαστρόφων
2553 472 2677 534 τοὺς
2710 468 2999 538 λογισμοὺς
3043 467 3322 536 ἐπανάγει.
3370 465 3736 534 Λειπόμενον

450 570 721 644 Superest
776 580 958 628 autem
1009 571 1282 628 disserere
1331 571 1401 627 de
1446 571 1654 643 syllaba
1695 587 1835 635 cum,
1879 571 2029 627 unde

451 662 706 733 coeperit,
754 669 811 717 et
839 677 1007 733 quam
1035 662 1145 717 vim
1193 662 1411 729 habeat,
1462 672 1516 719 et
1552 662 1828 733 quomodo
1873 660 2028 716 Scri-

454 761 632 826 ptura:
657 755 977 811 concordet.

527 847 618 903 66.
659 848 738 902 Ex
771 847 1067 903 asservatis
1096 847 1151 902 in
1175 847 1418 902 Ecclesia
1441 847 1789 918 dogmatibus
1814 854 1868 903 et
1888 862 2027 917 prte-

455 939 844 1005 dicationibus,
877 939 984 992 alia
1005 938 1225 1008 quidem
1256 938 1523 994 habemus
1546 953 1577 993 e
1603 938 1854 993 doctrina
1886 938 2027 993 scri-

456 1039 551 1103 pto
593 1030 848 1101 prodita;
895 1030 1002 1084 alia
1051 1045 1182 1084 vero
1217 1030 1376 1085 nobis
1420 1032 1477 1084 in
1527 1029 1785 1101 mysterio
1825 1030 2027 1084 tradita

451 1122 763 1191 recepimus
829 1136 896 1176 ex
958 1121 1251 1176 tradilione
1316 1121 1687 1190 apostolorum
1740 1118 2025 1191 {quorum

454 1221 686 1284 utraque
714 1214 823 1268 vim
879 1214 1125 1268 eamdem
1157 1213 1362 1267 habent
1394 1212 1461 1266 ad
1495 1212 1783 1283 pietatem;
1812 1226 1912 1265 nec
1955 1212 2026 1266 iis

454 1303 743 1373 quisquam
785 1303 1128 1359 contradicet
1159 1323 1174 1359 :
1209 1304 1395 1357 nullus
1435 1310 1605 1368 certe,
1637 1302 1730 1372 qui
1762 1302 1842 1357 vel
1878 1302 2026 1356 tenui

454 1394 791 1464 experientia
849 1396 1061 1449 noverit
1112 1408 1232 1464 qua:
1278 1393 1390 1448 sint
1443 1391 1700 1447 Ecclesiae
1753 1392 2025 1445 instituta.

454 1484 592 1539 Nam
650 1485 696 1538 si
753 1483 1187 1539 consuetudines
1221 1498 1343 1553 quae
1393 1481 1598 1551 scripto
1644 1480 1871 1552 prodita:
1917 1495 2029 1534 non

455 1586 604 1641 sunt,
631 1588 888 1648 tanquam
914 1576 1061 1630 haud
1084 1577 1316 1630 multum
1348 1574 1614 1628 habentes
1645 1572 1904 1627 momenti
1934 1587 2029 1641 ag-

455 1671 769 1743 grediamur
830 1670 1090 1740 rejiccre,
1140 1667 1515 1739 imprudentes
1564 1664 1919 1736 Evangelium
1973 1665 2026 1719 iu

456 1764 593 1833 ipsis
626 1763 792 1818 rebus
825 1760 1116 1833 pracipuis
1147 1758 1426 1823 laedemus,
1478 1758 1589 1812 imo
1620 1757 1802 1828 potius
1834 1755 2029 1826 praedi-

456 1855 729 1909 cationem
779 1853 847 1907 ad
896 1853 1102 1907 nudum
1152 1865 1349 1905 nomen
1404 1848 1814 1904 contrahemus.
1860 1844 2026 1901 Verbi

457 1945 653 2015 gratia,
683 1951 743 1997 ut
771 1944 890 2012 ejus
924 1943 1068 2013 quod
1106 1943 1340 2012 primum
1379 1949 1464 1997 est
1508 1949 1563 1996 et
1589 1939 2026 2012 vulgatissimum

458 2036 634 2107 primo
664 2036 782 2090 loco
805 2050 1227 2090 commemorem
1254 2054 1267 2089 :
1301 2041 1359 2087 ut
1389 2033 1546 2105 signo
1577 2032 1764 2088 crucis
1797 2045 1895 2085 eos
1932 2030 2027 2100 qui

457 2140 608 2195 spem
650 2125 920 2178 collocant
965 2124 1019 2177 in
1050 2124 1272 2178 Christo
1313 2124 1620 2194 signemus,
1653 2121 1776 2192 quis
1822 2120 2027 2192 scripto

459 2218 678 2273 docuit?
711 2216 779 2271 Ut
813 2216 878 2271 ad
911 2214 1188 2271 Orientem
1227 2215 1370 2271 versi
1410 2229 1720 2284 precemur,
1765 2229 1887 2284 qute
1927 2227 2027 2267 nos

459 2309 645 2364 docuit
672 2307 991 2377 Scriptura?
1018 2307 1388 2362 lnvocationis
1409 2308 1574 2362 verba
1595 2322 1718 2360 cum
1742 2304 2029 2360 coniicitur

461 2402 620 2475 panis
655 2400 760 2471 55
792 2399 1151 2455 Eucharistize
1196 2407 1251 2453 et
1305 2397 1563 2468 poculum
1604 2396 2026 2461 benedictionis,

462 2495 585 2563 quis
607 2500 930 2548 sanctorum
962 2492 1015 2545 in
1047 2490 1255 2560 scripto
1285 2491 1443 2547 nobis
1463 2490 1712 2561 reliquit?
1746 2487 1857 2545 Nec
1882 2489 2026 2545 enim

461 2585 548 2640 Ιιίε
592 2583 836 2640 contenti
872 2599 1085 2650 sumus,
1123 2598 1244 2653 quae
1295 2566 1691 2638 commemorat
1729 2582 2028 2652 Apostolus

461 2688 554 2732 aut
591 2674 965 2748 Evangelium,
994 2692 1183 2732 verum
1213 2676 1320 2730 alia
1352 2690 1569 2746 quoque
1588 2684 1643 2731 et
1669 2683 1794 2744 ante
1822 2686 1877 2731 et
1904 2683 2030 2746 post

459 2769 720 2834 dicimus,
771 2775 1033 2839 tanquam
1081 2768 1312 2822 multum
1351 2767 1605 2822 habentia
1655 2769 1917 2821 momenti
1961 2766 2030 2821 ad

459 2859 809 2931 mysterium,
842 2874 964 2928 quae
988 2874 1053 2913 ex
1087 2857 1385 2912 traditione
1428 2873 1536 2912 non
1576 2858 1781 2928 scripta
1815 2856 2033 2929 accepi-

460 2968 606 3008 mus.
641 2951 1024 3007 Benedicimus
1057 2961 1240 3006 autem
1270 2961 1323 3007 et
1358 2967 1555 3022 aquam
1586 2952 1951 3022 baptismatis,
1977 2959 2032 3007 et

462 3043 641 3097 oleum
683 3042 982 3106 unctionis,
1022 3042 1131 3096 imo
1157 3044 1336 3114 ipsum
1364 3044 1531 3098 etiam
1570 3042 1664 3114 qui
1700 3042 2030 3113 baptismum

2128 568 2183 621 δέ
2210 570 2323 620 ἐστι
2352 565 2480 636 περὶ
2511 565 2608 634 τῆς
2634 565 2775 629 σὺν,
2821 562 3015 617 ὁπόθεν
3059 559 3277 633 ἤρξατο,
3318 560 3436 613 καὶ
3478 557 3615 612 τίνα
3650 558 3738 612 δύο

2128 676 2292 730 ναμιν
2322 658 2454 727 ἔχει,
2487 657 2581 711 καὶ
2608 657 2755 720 ὃπως
2786 656 2896 726 (55)
2928 652 3214 725 σύμφωνός
3243 652 3370 705 ἐστι
3398 652 3478 722 τῇ
3512 650 3737 723 Γραφῇ,

2126 746 2509 819 διηγήσασθαι.

2198 839 2283 893 66.
2307 839 2426 893 Τῶν
2456 841 2513 893 ἐν
2541 843 2605 911 τῇ
2641 837 2935 910 Ἐκκλησία
2957 836 3397 906 πεφυλαγμένων
3430 832 3737 905 δογμάτων

2128 931 2222 984 καὶ
2254 932 2619 1004 κηρυγμάτων
2660 931 2728 984 τά
2767 931 2867 1001 μὲν
2907 931 2970 983 ὲκ
3004 930 3107 1000 τῆς
3140 927 3434 1000 ἐγγράφου
3473 928 3737 982 διδασκα-

2127 1024 2246 1086 λίας
2279 1023 2493 1094 ἔχομεν,
2522 1023 2590 1077 τὰ
2627 1024 2685 1077 δὲ
2730 1024 2793 1076 ἐκ
2828 1023 2927 1093 τῆς
2963 1022 3072 1076 τῶν
3110 1021 3438 1075 ἀποστόλων
3490 1020 3739 1091 παραδό-

2131 1135 2265 1181 σεως
2307 1117 2615 1170 διαδοθέντα
2662 1118 2796 1187 ἡμῖν
2846 1116 2903 1169 ὲν
2936 1115 3217 1187 μυστηρίῳ
3260 1106 3733 1187 παρεδεξάμεθαθ

2128 1210 2270 1279 ἅπερ
2296 1209 2582 1281 ἀμφότερα
2621 1207 2718 1280 τὴν
2752 1207 2918 1279 αὐτὴν
2962 1208 3113 1278 ἰσχὺν
3154 1205 3266 1277 ἕχει
3307 1206 3463 1278 πρὸς
3501 1192 3608 1278 τ’ὴν
3650 1207 3736 1259 εὖ-

2131 1302 2364 1357 σέϐειαν.
2385 1303 2495 1355 Καὶ
2515 1300 2726 1364 τούτοις
2740 1300 2914 1362 οὐδεὶς
2937 1300 3171 1371 ἀντερεῖ,
3199 1297 3402 1352 οὐκοῦν
3431 1298 3560 1369 (ὅρέ)
3588 1300 3733 1362 ὅστις

2129 1411 2191 1464 γε
2236 1392 2378 1449 κατὰ
2422 1394 2614 1465 μικρὸν
2660 1391 2790 1461 γοῦν
2838 1390 3054 1462 θεσμῶν
3102 1390 3602 1463 ὲκκλησιαστικῶν
3641 1408 3736 1443 πε-

2131 1487 2405 1560 πείραται.
2454 1488 2517 1540 Εἰ
2568 1486 2674 1558 γὰρ
2722 1485 3173 1556 ἐπιχειρήσαιμεν
3214 1484 3282 1538 τὰ
3333 1482 3587 1556 ἄγραφα
3628 1483 3731 1537 τῶν

2132 1577 2269 1632 ἐθῶν
2295 1577 2368 1641 ὡς
2407 1577 2479 1649 μὴ
2512 1576 2750 1648 μεγάλην
2797 1575 2986 1645 ἔχοντα
3024 1574 3122 1645 τὴν
3156 1574 3392 1644 δύναμιν
3431 1576 3733 1644 παραιτεῖ-

2134 1671 2277 1739 σθαι,
2301 1670 2554 1741 λάθοιμεν
2579 1669 2645 1723 ἂν
2678 1669 2757 1732 εἰς
2797 1667 2935 1720 αὐτὰ
2963 1666 3032 1720 τὰ
3074 1667 3260 1738 καίρια
3289 1664 3646 1737 ζημιοῦντες
3674 1665 3732 1718 τὸ

2131 1762 2459 1831 Εὑαγγέλιον
2480 1776 2493 1789 ·
2526 1760 2723 1832 μᾶλλον
2747 1759 2804 1812 δὲ
2840 1761 2919 1822 είς
2944 1758 3113 1829 δνομα
3137 1757 3290 1827 ψιλὸν
3319 1774 3389 1810 πε
3400 1774 3459 1829 ρι
3469 1757 3731 1821 ιστῶντες

2129 1854 2190 1908 τὸ
2220 1856 2497 1924 κήρυγμα.
2541 1847 2665 1905 Οἷον
2712 1850 2823 1922 [ἵνα
2853 1848 2946 1902 τοῦ
2989 1848 3204 1921 πρώτου
3249 1847 3343 1902 καὶ
3398 1848 3727 1902 κοινοτάτου

2130 1945 2341 2017 πρῶτον
2373 1942 2594 2015 μνησθῶ
2624 1941 2756 2014 (55)]
2783 1940 2859 2012 τῷ
2887 1939 3042 2011 τύπῳ
3083 1938 3177 1994 τοῦ
3211 1939 3451 2009 σταυροῦ
3485 1939 3621 2003 τοῦς
3650 1940 3727 2002 είς

2127 2039 2187 2092 τὸ
2211 2040 2378 2111 ὄνομα
2406 2037 2500 2092 τοῦ
2536 2038 2741 2109 Κυρίου
2765 2039 2796 2108 ἡ
2806 2036 2921 2107 μῶν
2954 2034 3128 2108 Ἰησοῦ
3150 2034 3389 2106 Χριστοῦ
3414 2033 3725 2104 ἧλπικότας

2130 2127 2628 2199 κατασημαίνεσθαι
2672 2127 2756 2190 τίς
2800 2129 2829 2179 ὁ
2859 2126 2946 2179 διὰ
2986 2126 3310 2198 γράμματος
3355 2121 3627 2188 διδάξας;
3653 2122 3724 2174 Τὸ

2129 2219 2265 2289 πρὸς
2293 2218 2550 2282 ἀνατολὰς
2581 2215 2878 2288 τετράφθαι
2918 2215 3058 2269 κατὰ
3083 2217 3183 2286 τὴν
3219 2213 3545 2286 προσευχὴν
3573 2215 3726 2266 ποῖον

2129 2310 2366 2377 ἐδίδαξεν
2391 2311 2537 2382 ἡμᾶς
2564 2310 2832 2380 γράμμα;
2880 2308 2961 2363 Τά
2987 2307 3085 2379 τῆς
3119 2306 3467 2378 ἐπικλήσεως
3501 2306 3720 2377 ῥήματα

2130 2402 2222 2455 ἐπὶ
2251 2405 2316 2474 τῇ
2344 2401 2608 2466 ἀναδείξει
2634 2400 2742 2473 (56)
2774 2401 2868 2454 τοῦ
2907 2400 3070 2470 ἄρτου
3098 2399 3196 2471 τῆς
3218 2398 3603 2471 Εὐχαριστίας
3632 2397 3721 2450 καὶ

2128 2497 2223 2552 τοῦ
2257 2497 2516 2568 ποτηρίου
2544 2496 2644 2566 τῆς
2683 2493 2933 2565 εὐλογίας
2961 2494 3046 2557 τίς
3082 2492 3188 2546 τῶν
3220 2492 3390 2562 ἁγίων
3418 2491 3719 2563 ἐγγράφως

2131 2592 2263 2662 ἡμῖν
2302 2588 2718 2654 καταλέλοιπεν;
2753 2588 2828 2641 Οὐ
2870 2586 2980 2659 γὰρ
3016 2585 3081 2659 δὴ
3115 2585 3324 2649 τούτοις
3365 2580 3717 2657 ἀρκούμεθαο

2131 2676 2207 2736 ὧν
2242 2682 2270 2734 ὁ
2307 2678 2679 2750 Ἀπόστολοςῆ
2716 2678 2779 2731 τὸ
2822 2677 3151 2748 Εὑαγγέλιον
3192 2675 3546 2748 ἐπεμνήσθη,
3589 2671 3717 2726 ἀλλά

2131 2772 2224 2825 καὶ
2253 2770 2587 2842 προλέγομεν
2631 2769 2724 2821 καὶ
2764 2768 3088 2839 ὲπιλέγομεν
3121 2767 3302 2839 ἕτερα,
3346 2767 3425 2831 ὡς
3475 2765 3720 2838 μεγάλην

2132 2863 2321 2933 ἔχοντα
2348 2861 2483 2934 πρὸς
2502 2860 2562 2914 τὸ
2592 2864 2886 2931 μυστήριον
2906 2860 3003 2931 τὴν
3040 2861 3211 2929 ἰσχὺν,
3244 2861 3309 2913 ὲκ
3334 2860 3439 2930 τῆς
3468 2858 3714 2928 ἀγράφου

2131 2954 2473 3017 διδασκαλίας
2501 2951 2920 3023 παραλαϐόντες.
2945 2950 3286 3022 Εὑλογοῦμεν
3309 2949 3365 3003 δὲ
3392 2949 3460 3003 τό
3485 2965 3549 3002 τε
3580 2946 3717 3015 ὕδωρ

2133 3044 2226 3098 τοῦ
2261 3044 2654 3115 βαπτίσματος,
2704 3042 2799 3096 καὶ
2853 3043 2913 3096 τὸ
2949 3041 3125 3097 ἔλαιον
3171 3042 3270 3113 τῆς
3321 3041 3597 3113 κρίσεως,
3628 3038 3717 3092 καῖ

464 3133 682 3201 accipit.
716 3131 796 3186 Ex
831 3132 1032 3201 quibus
1059 3133 1320 3203 scriptis?
1353 3132 1548 3189 Nonne
1585 3149 1616 3187 a
1644 3134 1809 3188 tacita
1851 3148 2034 3191 secre—

2152 3136 2359 3208 προσέτι
2383 3138 2542 3191 αὑτὸν
2567 3136 2657 3190 τὸν
2691 3134 3103 3207 βαπτιζόμενον.
3144 3133 3276 3188 Ἀπὸ
3305 3133 3480 3187 ποίων
3516 3129 3715 3203 ἐγγρά-

464 3233 627 3294 taque
662 3224 997 3280 traditione?
1030 3223 1206 3295 Ipsam
1240 3240 1368 3281 vero
1397 3226 1501 3280 olei
1530 3225 1873 3290 unctionem,
1906 3226 2033 3297 quis

464 3331 647 3371 sermo
696 3318 901 3387 scripto
930 3317 1179 3387 proditus
1227 3317 1455 3372 docuit?
1485 3314 1603 3370 Jam
1656 3324 1739 3371 ter
1786 3316 2034 3389 immergi

465 3407 764 3473 hominem,
797 3408 940 3463 unde
972 3408 1268 3464 haustum?
1296 3407 1523 3478 Reliqua
1553 3417 1731 3463 autem
1756 3424 1877 3478 quae
1899 3408 2036 3463 fiunt

466 3499 526 3554 in
568 3499 864 3570 baptismo,
896 3499 1062 3554 veluti
1106 3500 1425 3555 renuntiare
1471 3498 1794 3566 Satanae,“
1826 3499 2037 3571 angelis

465 3590 607 3660 ejus,
638 3607 706 3647 ex
729 3607 836 3662 qua
860 3591 1136 3660 scriptura
1162 3590 1472 3649 habemus?
1500 3589 1692 3646 Nonne
1723 3607 1786 3646 ex
1813 3592 2038 3646 minime

468 3683 747 3753 publicata
777 3691 830 3738 et
858 3698 1059 3738 arcana
1084 3687 1185 3738 hac
1217 3683 1490 3747 doctrina,
1524 3699 1686 3754 quam
1725 3691 1909 3754 patres
1938 3698 2039 3739 no-

469 3775 568 3830 stri
606 3775 822 3831 silentio
851 3775 1039 3846 quieto
1075 3776 1406 3847 minimeque
1436 3776 1659 3832 curioso
1712 3776 2040 3832 servarunt?

468 3868 681 3938 Quippe
717 3868 852 3925 illud
885 3869 1053 3940 probe
1091 3868 1414 3937 didicerant,
1467 3871 1850 3942 mysteriorum
1885 3885 2038 3925 reve-

456 4034 460 4091 ζ
543 4022 659 4091 (55)
697 4022 805 4076 Kal
841 4022 1022 4089 ὅπως.
1045 4024 1122 4076 ita
1155 4039 1288 4079 mss.
1314 4022 1458 4076 Editi
1496 4023 1591 4077 καὶ
1623 4023 1757 4087 πῶς.

544 4091 1123 4173 φίλοὺκοῦνκηος·
1149 4094 1405 4173 additum
1460 4102 1564 4173 est"
1605 4094 1856 4173 putribus
1906 4110 2037 4173 mss.

471 4160 616 4215 Editi
639 4160 790 4224 ὅστις
818 4178 881 4229 γε
911 4162 1030 4215 κάν.
1088 4162 1288 4217 lbident
1322 4163 1568 4216 nonnulli
1596 4160 1812 4218 codices
1843 4165 2042 4220 habent

471 4230 687 4301 θεσμῶν
715 4231 1057 4301 Ἑκκλησίαςἶ
1168 4246 1169 4249 ‘

545 4298 656 4370 (55)
691 4298 974 4374 Μνησθίρ.
1004 4299 1168 4374 ,υηιιε
1215 4301 1388 4358 codex
1442 4302 1788 4374 μνησθῶμεν.
1839 4301 2043 4363 Ibidem

472 4369 582 4425 duo
612 4372 828 4442 codices
871 4369 963 4442 τοῦ
983 4371 1167 4442 κτύπῳ,

546 4440 658 4509 (56)
709 4441 832 4492 Ἐπὶ
860 4438 934 4513 τῇ
961 4438 1281 4513 ἀναδείξει.
1317 4440 1434 4495 Non
1466 4443 1686 4513 respicit
1723 4442 1952 4499 Basilius
1976 4444 2043 4498 ad

474 4510 642 4565 ritum
685 4512 1018 4565 ostensionis
1059 4511 1433 4571 Eucharistim,
1460 4524 1515 4565 ut
1555 4510 1709 4567 inulti
1759 4517 2041 4570 existima-

474 4589 627 4644 runt,
663 4582 754 4655 scd
786 4583 973 4655 potius
1001 4583 1066 4634 ad
1112 4582 1296 4647 verba,
1342 4582 1600 4655 Liturgia:
1634 4584 1736 4653 ipsi
1768 4586 2039 4655 ascriptze,

475 4667 599 4706 cum
630 4652 759 4721 petit
788 4653 1066 4723 sacerdos.
1097 4656 1352 4723 inveniat
1380 4653 1618 4723 Spiritus
1639 4662 1861 4709 sanctus
1883 4652 2044 4723 ἁγιά-

476 4739 567 4794 σαι
591 4723 683 4776 καὶ
711 4721 982 4794 άναδεῖξαι
1000 4722 1088 4794 τδν
1120 4721 1216 4793 μὲν
1246 4723 1408 4794 ἄρτον
1423 4721 1615 4777 τοῦτον
1632 4724 1761 4778 αὐτὸ
1784 4726 1843 4778 τὸ
1866 4721 2045 4794 τίμιον

479 4792 639 4867 σῶμα
657 4792 747 4867 τοῦ
768 4792 988 4867 Κρρίου.
1013 4791 1134 4846 nec
1151 4791 1328 4847 autem
1352 4794 1536 4867 verba,
1556 4795 1729 4867 ἐπιτῇ
1756 4791 2042 4862 ἀναδείξει,

478 4862 760 4935 siereddit
798 4862 1079 4935 Erasmus,
1104 4878 1222 4915 cum
1254 4864 1567 4935 ostenditur.
1604 4862 1887 4935 Vitiiperat
1918 4881 2043 4921 eum

480 4932 710 5005 put:qu
734 4972 750 4996 ,
794 4933 1137 5005 sicqtteqipse
1170 4934 1371 5005 vertit,
1398 4950 1516 4987 cum
1556 4932 1853 5002 conﬁcitur,
1884 4946 2046 5005 atque

476 5002 620 5075 hanc
670 5002 1171 5075 interpretationem
1221 5003 1409 5059 multis
1451 5008 1713 5075 exemplis
1737 5002 2042 5061 continuat.

479 5071 707 5128 Videtur
735 5071 915 5127 tamen
964 5074 1098 5126 nihil
1131 5088 1356 5142 prorsus
1394 5076 1508 5129 vitii
1545 5071 1797 5130 habitura
1824 5078 1936 5131 haec
1964 5081 2047 5131 in-

476 5146 816 5216 terpretatio,
852 5142 1206 5216 Itttjocationis
1242 5143 1398 5216 verbo
1429 5162 1547 5198 cum
1577 5146 1868 5200 ostenditur
1896 5151 2045 5216 panis

479 5212 851 5286 Euclturistige,
897 5213 949 5286 id
992 5222 1239 5286 est‘cum
1281 5215 1437 5283 panis
1460 5232 1564 5270 non
1589 5216 1701 5281 jam
1744 5212 1904 5286 panis
1931 5231 2044 5281 est,

478 5282 573 5337 sed
602 5286 757 5353 panis
791 5283 1165 5355 Eucharistia},
1191 5282 1305 5337 sive
1333 5302 1532 5355 corpus
1558 5282 1760 5341 Christi
1794 5290 2039 5342 ostendi-

478 5352 678 5436 turget
724 5356 778 5408 in
818 5355 1069 5436 liturgia,
1116 5352 1182 5407 Ut
1231 5352 1521 5434 sancti/{cet
1556 5365 1606 5409 et
1633 5358 1873 5436 ostendat
1909 5358 2044 5436 {tunc

475 5423 685 5546 quidem
709 5441 914 5493 panem,
932 5425 1104 5492 ipsum
1125 5425 1409 5494 pretiosum
1433 5442 1618 5495 corpus
1650 5426 1882 5481 Domini.
1911 5427 2043 5483 Nam
2120 5442 2131 5455 '

513 5502 535 5524 °
562 5492 675 5546 Cur
714 5510 832 5546 eam
885 5510 1072 5546 vocent
1129 5494 1574 5546 reformidemus.
1611 5512 1718 5546 nua
1759 5497 1933 5546 Latini
1970 5500 2046 5546 uti

562 5492 675 5548 Cur
698 5492 832 5567 eam
885 5510 1075 5567 vocent
1126 5492 1574 5567 reformidemus,
1611 5512 1718 5567 qua
1757 5497 1933 5551 Latini
1970 5500 2049 5554 uti

478 5578 590 5616 non
615 5564 901 5637 dubitant,
926 5564 1113 5637 ubiide
1151 5564 1496 5637 Eucharistia
1522 5564 1857 5636 loquuntur?
1887 5571 2048 5637 quale

476 5644 563 5705 est
596 5633 723 5687 illud
746 5632 1000 5705 Cypriani
1028 5636 1081 5688 in
1110 5636 1338 5705 epistola
1364 5639 1432 5692 65
1459 5636 1526 5691 ad
1548 5632 1822 5693 Caecilium
1862 5657 1874 5691 :
1906 5632 2047 5694 'Vino

480 5702 678 5775 Christi
732 5702 948 5775 sanyuis
987 5702 1298 5775 ostenditur.
1337 5707 1428 5763 Sic
1457 5709 1619 5763 etiam
1650 5706 2040 5775 Tertullianus,

480 5788 498 5829 1
526 5772 723 5840 Πανίου
761 5790 812 5831 Co
838 5772 909 5829 η
938 5790 949 5825 ε
989 5774 1185 5829 Panem
1215 5778 1515 5851 quo_ipsum
1560 5795 1748 5849 corpus
1783 5796 1932 5833 suum
1966 5772 2046 5837 re;

2138 3248 2289 3301 φων;
2321 3230 2434 3284 Οὐκ
2468 3229 2574 3283 ἀπὸ
2597 3230 2696 3301 τῆς
2725 3228 3085 3301 σιωπωμένης
3117 3227 3212 3282 καὶ
3244 3227 3520 3299 μυστικῆς
3546 3240 3716 3295 παρα-

2136 3322 2366 3389 δόσεω;;
2395 3322 2459 3375 Τί
2486 3322 2579 3389 δέ;
2608 3321 2776 3395 αὐτὴν
2817 3322 2927 3393 (57)
2961 3320 3055 3374 τοῦ
3083 3319 3261 3373 ἐλαίου
3287 3318 3384 3391 τὴν
3424 3319 3612 3391 χρίσιν
3637 3315 3714 3378 τίς

2135 3414 2291 3484 λόγος
2315 3415 2697 3488 γεγραμμένο·
2730 3414 2933 3468 ἐδίδαξε
2954 3430 2967 3442 ·
3000 3412 3074 3466 Τό
3103 3412 3159 3466 δὲ
3198 3413 3319 3484 τρὶς
3355 3408 3712 3483 βαπτίζεσθαι

2136 3505 2226 3560 τὸν
2250 3505 2532 3578 ἄνθρωπον
2562 3505 2723 3560 πόθεν
2743 3548 2756 3571 ,
2784 3507 2954 3558 Ἀλλά
2977 3515 3033 3557 οε
3053 3507 3154 3558 deat
3178 3504 3304 3575 περὶ
3323 3502 3382 3555 τὸ
3407 3501 3710 3572 βάπτισμα,

2138 3596 2535 3651 ἀποτάσσεσθαι
2557 3597 2633 3666 τῳ
2664 3597 2874 3668 Σατανᾷ
2906 3596 2998 3649 καὶ
3022 3598 3135 3659 τοῖς
3157 3592 3405 3664 ἀγγέλοις
3428 3590 3624 3655 αὐτοῦ,
3652 3589 3714 3641 ἐκ

2139 3687 2298 3751 ποίας
2330 3688 2444 3740 ἐστὶ
2469 3688 2682 3759 γραφῆς
2705 3704 2719 3753 ;
2754 3688 2866 3741 Οὐκ
2892 3689 2955 3740 ἐκ
2981 3689 3078 3760 τῆς
3094 3686 3491 3759 ἀδημοσιεύτου
3517 3683 3709 3751 ταύτης

2140 3778 2234 3833 καὶ
2266 3780 2576 3851 ἀπορρήτου
2603 3779 2968 3844 διδασκαλίας,
2991 3781 3057 3851 ἣν
3081 3780 3139 3833 ὲν
3168 3777 3711 3849 ἁπολυπραγμονήτῳ

2139 3870 2232 3923 καὶ
2262 3870 2675 3943 ἁπεριεργάστῳ
2709 3870 2818 3945 (58)
2855 3874 2977 3944 σιγῇ
3026 3873 3075 3925 οἱ
3119 3872 3352 3945 πατέρες
3388 3872 3551 3944 ἡμῶν
3591 3864 3710 3939 ἐφύ-

2140 4036 2446 4096 ρνωδεηιαε.
2468 4096 2483 4098 _
2510 4026 2568 4081 2°
2626 4026 2697 4082 ['t
2737 4026 2955 4091 Graece,
3012 4028 3315 4095 ἀναδεῖξαι,
3345 4025 3705 4098 Διίιποφαίνειν.

2146 4101 2220 4151 ita
2258 4096 2685 4168 etiam_Latine,
2739 4097 3027 4162 ostendere,
3077 4114 3278 4168 corpus
3327 4096 3537 4153 Christi
3579 4110 3709 4168 prte-

2146 4167 2371 4239 sensqin
2422 4166 2763 4239 Eucharistia
2807 4165 3205 4239 signiﬁcatione
3251 4168 3491 4239 quodam
3553 4165 3707 4239 modo

2144 4237 2422 4309 exprimit.
2464 4237 2577 4309 lloc
2605 4239 2748 4309 enim
2772 4237 3001 4309 verbum
3026 4254 3140 4309 non
3175 4237 3348 4295 solum
3376 4254 3571 4309 panem
3602 4237 3705 4289 ﬁeri

2146 4322 2346 4376 corpus
2367 4307 2579 4361 Domini
2612 4306 2904 4377 signiﬁcat,
2944 4308 3038 4363 sed
3089 4310 3251 4363 etiam
3282 4306 3434 4361 [idem
3473 4317 3707 4362 nostram

2146 4380 2372 4441 excitat,
2403 4386 2461 4431 ut
2493 4379 2624 4444 illud
2653 4392 2855 4447 corpus
2885 4380 2987 4434 sub
3010 4380 3191 4449 specie
3220 4379 3377 4449 panis
3401 4377 3705 4449 videndum,

2149 4449 2455 4516 tegendum,
2488 4444 2821 4503 adorandum
2850 4444 3060 4504 ostendi
3102 4444 3408 4505 credamus.
3439 4444 3703 4516 Quemad-

2074 4514 2119 4569 D
2148 4514 2364 4572 modum
2401 4518 2653 4585 lrenteus,
2688 4534 2811 4573 cum
2864 4520 2938 4573 ait
2996 4520 3090 4573 lib.
3130 4535 3206 4581 ιν,
3242 4536 3361 4590 cap.
3402 4514 3519 4575 ὅδε
3558 4515 3703 4571 Acci-

2144 4591 2288 4656 piens
2317 4604 2501 4655 panem
2541 4604 2694 4643 suum
2734 4605 2925 4657 corpus
2969 4606 3080 4644 esse
3108 4590 3477 4659 conﬁtebatur,
3508 4599 3558 4644 et
3586 4597 3704 4640 tem-

2146 4670 2503 4728 peramentum
2555 4660 2735 4714 colicis
2794 4677 2948 4714 suum
3004 4661 3311 4730 sanguinem
3360 4659 3707 4729 conﬁrmavit.

2145 4746 2255 4785 non
2283 4732 2457 4803 solum
2496 4732 2862 4803 mutationem
2888 4730 3044 4803 panis
3081 4740 3144 4803 et
3178 4732 3290 4784 vini
3332 4730 3389 4803 in
3430 4744 3628 4803 corpus
3651 4733 3707 4803 ct

2146 4802 2464 4867 sanguinem
2485 4800 2691 4855 Christi
2715 4799 2987 4869 exprimit,
3015 4799 3108 4856 sed
3132 4800 3304 4871 ipsam
3323 4801 3484 4854 etiam
3508 4799 3697 4855 Chrisﬂ

2146 4871 2624 4932 asseverationem.
2660 4886 2780 4941 quae
2820 4871 2959 4923 hanc
3004 4871 3162 4927 nobis
3204 4871 3559 4925 mutationem
3589 4882 3701 4939 per-

2147 4944 2338 4995 suadet
2377 4958 2391 4993 :
2433 4942 2515 4996 sic
2553 4942 2644 5011 qui
2679 4940 2878 5011 corpus
2914 4940 3117 4996 Christi
3158 4941 3214 4995 in
3248 4941 3586 4995 Eucharistia
3618 4952 3701 4991 osv

2147 5010 2294 5065 tendi
2329 5020 2384 5066 et
2431 5010 2809 5079 t'epraasentari
2843 5011 3052 5075 dicunt,
3093 5028 3204 5066 non
3254 5011 3414 5066 modo
3434 5011 3615 5081 jejune
3651 5011 3703 5060 et

2147 5082 2359 5135 exiliter
2405 5082 2549 5152 loqui
2592 5097 2701 5136 non
2762 5082 3054 5152 videntur,
3104 5081 3199 5138 sed
3242 5084 3404 5137 etiam
3438 5080 3700 5152 acriores

2147 5153 2352 5206 Christi
2400 5148 2973 5228 pra-sentisadorandi
2998 5152 3249 5228 stimulos
3284 5152 3573 5228 subjicere.
3606 5148 3698 5228 Po-

2150 5230 2287 5276 terat
2316 5238 2446 5290 ergo
2486 5222 2705 5279 retineri
2752 5222 3126 5292 interpretatio
3163 5222 3411 5286 Erasrni;
3455 5223 3549 5292 sed
3580 5222 3699 5288 quia

2149 5294 2279 5348 viris
2308 5293 2538 5350 eruditis
2565 5292 2864 5363 displicuit.
2896 5291 3085 5357 satius
3108 5293 3281 5363 visum
3315 5301 3403 5363 est
3420 5291 3553 5362 quid
3580 5304 3703 5346 seu-

2147 5363 2391 5435 tiremin
2419 5364 2517 5435 hac
2549 5361 2673 5416 nota
2706 5379 2998 5435 exponere.
3030 5393 3100 5403 —
3129 5362 3265 5418 Vide
3294 5361 3602 5435 Addenda._
3672 5424 3695 5435 _

2379 5434 2439 5513 Τί
2466 5433 2534 5488 δέ
2550 5449 2574 5513 ,'_
2596 5431 2810 5513 auctir.
2844 5433 2973 5513 Re_g_.
3014 5434 3421 5513 secundus-Ti;
3457 5433 3514 5487 δὲ
3547 5431 3696 5513 αὺτρῧ

2147 5496 2242 5576 rex?
2293 5496 2472 5576 ἐλαίου
2524 5496 2622 5574 τὴν
2677 5496 2855 5576 κρίσιν
2912 5496 3086 5573 λόγος,
3118 5513 3223 5576 etc.
3273 5496 3411 5576 Duo
3436 5518 3569 5576 mss.
3611 5496 3700 5567 τὴν

2150 5574 2362 5646 χρῆσιν,
2389 5575 2491 5627 olei
2520 5589 2693 5628 usum.
2711 5574 2849 5646 Mox
2883 5591 3023 5646 unus
3055 5574 3224 5629 codex
3251 5575 3384 5628 ἄλλα
3405 5591 3469 5646 -τε
3489 5574 3605 5646 ὅσαΣ

2221 5637 2331 5711 (38)
2382 5643 2865 5716 Ἀπεριεργὰστῳ,
2912 5644 3026 5699 Duo
3057 5661 3189 5700 mss.
3226 5644 3557 5716 ἁπεριέργῳ.
3589 5637 3692 5696 MC!

2149 5716 2278 5771 editi
2319 5718 2534 5771 ἐκεῖνοι.
2566 5714 2811 5782 Quatuor
2852 5731 2984 5773 mss.
3012 5724 3063 5770 ut
3105 5717 3158 5769 in
3192 5723 3362 5771 textu.

2600 5902 2635 5913 ..ι
