3788 6512
509 344 610 403 191

1809 351 1866 408 S.
1908 350 2151 408 BASILII
2187 351 2401 409 MAGNI

3651 359 3756 413 193

510 481 636 521 cum
689 481 995 537 precamur,
1042 469 1199 538 pauci
1251 477 1432 525 tamen
1474 471 1760 536 novimus,
1815 471 1961 543 quod
2014 471 2066 525 id

2177 473 2402 546 ἀρχαίαν
2445 473 2805 545 ἐπιζητοῦμεν
2849 473 3108 545 πατρίδα,
3150 474 3238 528 τὸν
3287 475 3653 547 παράδεισον,
3697 479 3755 532 ὃν

511 557 778 613 facientes
827 560 1110 628 antiquam
1156 561 1487 631 requirimus
1533 564 1789 632 patriam,
1818 563 2072 618 videlicet

511 649 851 718 paradisum,
882 667 1045 720 quem
1076 652 1341 721 plantavit
1371 652 1514 708 Deus
1537 654 1592 708 in
1621 653 1766 708 Eden
1796 656 1862 709 ad
1887 654 2075 711 Orien-

510 751 621 797 tem
667 744 707 797 ¹.
760 742 940 798 Erecti
985 744 1170 798 itidem
1222 745 1534 814 perficimus
1567 746 1972 816 deprecationes
2015 748 2073 802 in

510 847 622 887 una
674 830 918 896 Sabbati,
967 833 1060 888 sed
1108 833 1374 889 rationem
1425 850 1532 888 nou
1571 850 1762 890 omnes
1797 838 2070 892 novimus.

509 921 630 978 Non
661 923 806 979 enim
848 924 1025 978 solum
1068 922 1215 992 quod
1267 924 1430 978 veluti
1481 924 1644 979 simul
1690 941 1813 980 cum
1853 925 2074 981 Christo

508 1015 845 1079 resuscitati,
876 1031 995 1085 qua:
1039 1031 1256 1071 sursum
1300 1024 1430 1071 sunt
1471 1030 1715 1086 quaerere
1757 1018 2071 1084 debeamus,

508 1107 568 1161 in
629 1106 719 1161 die
775 1108 1195 1162 resurrectionis
1246 1106 1386 1162 data:
1438 1108 1596 1167 nobis
1647 1110 1834 1179 gratiae
1876 1109 2074 1165 stando

507 1209 800 1270 precantes
832 1201 1197 1271 nosmetipsos
1237 1201 1777 1270 commonefacimus,
1807 1203 1903 1258 sed
1928 1204 2073 1274 quod

508 1291 560 1346 is
587 1289 706 1346 dies
737 1291 986 1346 videatur
1013 1293 1196 1362 aliquo
1223 1294 1384 1348 modo
1409 1294 1585 1366 imago
1620 1295 1829 1350 venturi
1862 1296 2069 1350 saeculi.

505 1384 695 1456 quue
727 1401 851 1440 cum
900 1385 972 1441 sit
1013 1386 1341 1456 principium
1387 1385 1617 1454 dierum,
1663 1404 1774 1443 non
1803 1389 2012 1458 primus
2041 1402 2073 1442 a

507 1477 714 1550 Moyse,
739 1479 836 1534 sed
864 1495 1006 1535 unus
1030 1481 1335 1550 appellatus
1356 1489 1460 1538 est.
1493 1478 1664 1534 Facta
1691 1488 1770 1535 est
1801 1482 1961 1544 enim,
1988 1481 2072 1535 in-

502 1569 648 1638 quit,
700 1585 929 1639 vespera,
963 1579 1013 1624 et
1052 1571 1253 1640 factum
1285 1583 1363 1626 est
1401 1588 1588 1637 mane,
1641 1571 1752 1626 dies
1803 1587 1939 1627 unus
1984 1575 2005 1604 ⁸
2050 1588 2066 1625 :

505 1672 768 1734 tanquam
811 1663 906 1734 qui
948 1679 1088 1734 saepe
1131 1673 1395 1720 recurrat.
1423 1665 1594 1736 lgitur
1631 1681 1773 1721 unus
1814 1673 1899 1719 est
1929 1663 2070 1720 idem

503 1763 563 1809 et
613 1762 878 1818 octavus,
930 1771 1098 1809 unum
1151 1757 1302 1810 illum
1373 1757 1702 1828 singularem
1757 1772 1819 1812 ac
1879 1771 2068 1812 verum

503 1856 784 1912 octavum,
814 1849 973 1917 cujus
1002 1857 1056 1903 et
1081 1848 1369 1907 Psalmista
1400 1849 1455 1902 in
1486 1848 1810 1918 quibusdam
1835 1848 2074 1904 Psalmo-

505 1955 629 1994 rum
665 1940 1115 2010 inscriptionibus
1158 1941 1407 1996 meminit
1440 1942 1483 2007 ⁸,
1515 1956 1614 2012 per
1643 1957 1703 1997 se
1734 1942 2070 2013 signiﬁcans,

504 2041 712 2088 statum
781 2031 1032 2088 videlicet
1083 2032 1188 2088 hoc
1245 2042 1460 2104 tempus
1521 2040 1870 2099 secuturum,
1931 2033 2073 2088 diem

506 2140 619 2180 non
644 2123 970 2190 desiturum,
1006 2139 1244 2195 vespera:
1290 2124 1560 2189 nescium,
1606 2125 1944 2181 successoris
1980 2141 2074 2180 ex-

505 2225 738 2288 pertem,
769 2232 968 2283 aevum,
998 2217 1132 2271 illud
1173 2233 1452 2287 nunquam
1500 2217 1794 2272 finiendum
1831 2233 1930 2272 nec
1972 2234 2075 2271 uno

507 2325 673 2380 quam
714 2324 1024 2364 senescens.
1064 2307 1388 2364 Necessario
1416 2310 1585 2380 igitur
1623 2309 1676 2364 in
1723 2310 1827 2364 hoc
1865 2310 1952 2366 die
1981 2310 2075 2366 Ec-

502 2402 677 2458 clesia
717 2417 848 2457 suos
887 2403 1138 2457 alumnos
1190 2401 1386 2466 docet,
1439 2415 1636 2470 preces
1691 2416 1820 2457 suas
1877 2402 2073 2458 stando

505 2493 832 2556 absolvere,
876 2500 936 2547 ut
991 2493 1212 2547 assidua
1263 2493 1689 2548 commonitione
1737 2495 1861 2548 vita}
1922 2494 2071 2550 illius

507 2595 788 2650 nunquam
824 2578 1102 2643 desiturte,
1139 2596 1246 2634 non
1279 2581 1616 2651 negligamus
1650 2583 1716 2637 ad
1745 2598 1866 2638 eam
1907 2584 2074 2638 demi.

496 2655 807 2742 'grationem
860 2688 1056 2742 parare
1093 2673 1372 2728 viaticum.
1426 2673 1567 2740 Quin
1618 2683 1672 2730 et
1719 2683 1893 2731 totum
1938 2676 2071 2730 illud

507 2764 905 2836 quinquaginta
956 2764 1168 2820 dierum
1208 2774 1423 2836 tempus
1448 2767 1747 2822 admonitio
1776 2779 1859 2823 est
1889 2785 2073 2825 resur—

507 2859 805 2922 rectionis,
858 2872 1020 2928 quam
1086 2857 1142 2912 iu
1193 2859 1364 2912 altero
1405 2860 1602 2914 saeculo
1669 2869 2068 2929 exspectamus.

506 2949 643 3004 Nam
677 2967 820 3010 unus
849 2951 940 3005 ille
970 2960 1023 3004 et
1049 2951 1259 3020 primus
1285 2951 1401 3006 dies
1428 2952 1629 3020 septies
1658 2952 2069 3022 multiplicatus,

508 3049 714 3112 septem
762 3057 932 3098 sacra:
986 3040 1336 3096 Pentecostes
1395 3041 1766 3097 hebdomadas
1816 3043 2067 3100 absolvit.

2175 565 2469 634 ἐφύτευσεν
2514 566 2542 617 ὁ
2578 565 2708 630 θεὸς
2751 567 2808 618 ἐν
2856 565 3017 636 Ἐδὲμ
3052 567 3170 620 κατ’
3211 567 3494 632 ἀνατολάς.
3562 569 3757 641 Ὀρθοὶ

2177 654 2276 724 μὲν
2308 653 2620 726 πληροῦμεν
2647 655 2746 719 τὰς
2779 653 2942 726 εὐχὰς
2972 657 3029 708 ἐν
3058 659 3124 728 τῇ
3162 658 3261 727 μιᾷ
3289 655 3382 710 τοῦ
3415 658 3718 715 Σα66άτου
3741 681 3753 692 ·

2173 745 2264 798 τὸν
2293 745 2351 799 δὲ
2399 746 2553 814 λόγον
2582 747 2641 800 οὐ
2687 747 2887 811 πάντες
2918 747 3154 818 οἴδαμεν.
3194 751 3268 802 UO
3314 751 3420 823 γὰρ
3457 751 3635 822 μόνον
3681 753 3758 818 ὡς

2176 837 2598 901 συναναστάντες
2617 837 2857 908 Χριστῷ,
2879 837 2971 890 καὶ
2993 838 3061 892 τὰ
3083 839 3192 892 ἄνω
3207 838 3386 910 ζητεῖν
3410 843 3755 912 ὀφείλοντες,

2173 929 2231 982 ἐν
2261 932 2324 1000 τῇ
2359 929 2708 1001 ἁναστασίμῳ
2745 932 2926 1004 ἡμέρᾳ
2954 933 3053 1003 τῆς
3093 932 3381 1003 δεδομένης
3407 937 3540 1006 ἡμῖν
3595 937 3756 1007 χάρι-

2173 1036 2262 1083 τος
2305 1019 2392 1072 διὰ
2431 1020 2529 1090 τῆς
2570 1019 2708 1073 κατὰ
2743 1020 2840 1091 τὴν
2878 1022 3183 1094 προσευχὴν
3222 1025 3462 1089 στάσεως
3509 1026 3756 1089 ἑαυτοὺς

2174 1109 2691 1181 ὑπομιμνήσκομεν’
2729 1111 2842 1165 ἀλλ’
2875 1113 2957 1166 ὅτι
3004 1113 3150 1166 δοκεῖ
3193 1121 3309 1179 πως
3356 1115 3452 1169 τοῦ
3506 1118 3755 1188 προσδο-

2173 1203 2416 1273 κωμένου
2445 1202 2638 1267 αἰῶνος
2664 1198 2800 1258 εἶναι
2823 1202 3003 1260 εἰκών.
3039 1205 3128 1258 Διὸ
3155 1207 3249 1259 καὶ
3271 1207 3411 1279 ἀρχὴ
3436 1203 3582 1262 οὖσα
3616 1211 3756 1280 ἡμεο

2176 1294 2305 1367 ρῶν,
2335 1293 2457 1364 οὐχ).
2488 1296 2677 1367 πρώτη
2715 1295 2866 1367 παρὰ
2892 1296 3190 1360 Μωῦσέως,
3225 1297 3359 1351 ἀλλὰ
3386 1298 3483 1368 μία
3512 1298 3753 1369 ὠνόμα-

2176 1403 2317 1438 σται.
2380 1383 2636 1454 Ἐγένετο
2679 1386 2822 1456 γὰρ,
2859 1387 3042 1457 φησὶν,
3074 1387 3320 1456 ἑσπέρα,
3351 1388 3452 1442 καί
3494 1389 3752 1460 ἐγένετο

2173 1477 2323 1547 πρωῒ
2342 1517 2357 1541 ,
2407 1477 2592 1548 ἡμέρα
2616 1477 2723 1548 μία
2746 1495 2760 1509 ·
2795 1478 2868 1542 ὡς
2901 1478 2997 1549 τῆς
3041 1480 3207 1550 αὐτῆς
3253 1482 3751 1554 ἀνακυκλουμένηές

2173 1567 2450 1631 πολλάκις.
2485 1569 2595 1621 Καὶ
2635 1571 2730 1638 μία
2778 1569 2954 1622 τοίνυν
2995 1570 3028 1640 ἡ
3071 1568 3208 1641 αὑτὴ
3231 1609 3244 1632 ,
3274 1573 3367 1624 καὶ
3403 1571 3572 1642 ὀγδόη
3601 1612 3617 1636 ,
3653 1573 3751 1642 τὴν

2176 1660 2306 1730 μίαν
2345 1659 2509 1724 ὅντως
2555 1659 2770 1733 ἐκείνην
2797 1660 2888 1714 καὶ
2930 1661 3187 1734 ἀληθινὴν
3216 1663 3427 1735 ὀγδόην,
3455 1660 3524 1735 ἧς
3577 1667 3683 1718 καὶ
3723 1667 3750 1717 ὁ

2173 1753 2470 1825 Ψαλμῳδὸς
2501 1753 2557 1806 ἓν
2594 1772 2732 1830 τισιν
2756 1755 3086 1825 ἐπιγραφαῖς
3105 1755 3211 1809 τῶν
3230 1755 3454 1828 ψαλμῶν
3491 1759 3601 1810 ἐπε
3610 1776 3751 1828 μνη--

2177 1845 2299 1916 σθη,
2325 1845 2391 1898 δι’
2433 1847 2632 1916 ἑαυτῆς
2672 1849 3040 1918 ἐμφανίζουσα
3061 1886 3076 1911 ,
3105 1847 3200 1919 τὴν
3244 1848 3380 1918 μετὰ
3416 1849 3508 1901 τὸν
3541 1851 3749 1920 χρόνον

2172 1940 2357 1992 τοῦτον
2398 1939 2748 2005 κατάστασιν,
2783 1941 2882 2013 τὴν
2925 1940 3198 1994 ἄπαυστον
3239 1940 3472 2012 ἡμέραν,
3501 1942 3609 2013 τὴν
3652 1945 3748 1996 ἀνη-

2173 2032 2435 2103 έσπερον,
2489 2031 2588 2104 τὴν
2636 2032 2947 2102 ἀδιὰδοχον,
2994 2032 3085 2086 τὸν
3125 2033 3354 2104 ἄληκτον
3395 2035 3614 2089 ἐκεῖνον
3651 2035 3746 2086 καί

2172 2123 2363 2193 ἀγήρω
2381 2121 2568 2176 αἰῶνα.
2608 2123 2942 2192 Ἀναγκαίως
2961 2118 3051 2176 οὖν
3071 2122 3168 2186 τὰς
3186 2125 3243 2175 ἐν
3263 2124 3396 2193 αὐτῇ
3420 2124 3745 2194 προσευχὰς

2173 2212 2410 2274 ἑστῶτας
2448 2211 2793 2283 ἀποπληροῦν
2817 2213 2941 2275 τοὺς
2975 2213 3169 2283 ἑαυτῆς
3196 2214 3495 2283 τροφίμους
3527 2215 3563 2284 ἡ
3622 2214 3746 2266 Ἐκ·-

2171 2303 2368 2374 κλησία
2391 2303 2652 2370 παιδεύει,
2685 2303 2771 2356 ἵνα
2801 2305 2867 2374 τῇ
2908 2305 3117 2372 συνεχεῖ
3148 2303 3445 2375 ὑπομνήσει
3474 2305 3580 2375 τῆς
3616 2306 3744 2358 ἁτε--

2169 2395 2424 2466 λευτήτου
2469 2393 2616 2464 ζωῆς
2659 2393 2767 2446 τῶν
2817 2393 2956 2464 πρὸς
2995 2394 3093 2465 τὴν
3142 2394 3466 2464 μετάστασιν
3511 2397 3743 2464 ἐκείνην

2171 2485 2392 2557 ἐφοδίων
2441 2486 2515 2558 μὴ
2560 2485 2870 2556 ἀμελῶμεν.
2902 2485 3014 2539 Καὶ
3055 2487 3201 2539 πᾶσα
3230 2486 3286 2538 δέ
3321 2487 3353 2556 ή
3386 2487 3741 2556 πεντηκοστὴ

2169 2578 2268 2648 τῆς
2311 2579 2367 2630 ἐν
2409 2576 2484 2648 τῷ
2521 2576 2676 2631 αἰῶνι
2724 2575 2834 2646 (65)
2880 2575 3331 2648 προσδοκωμένης
3381 2577 3742 2639 ἀναπάσειρς

2171 2669 2316 2722 ἐστιν
2369 2669 2682 2740 ὑπόμνημα.
2733 2670 2796 2722 Ἦ
2851 2669 2959 2740 γὰρ
3016 2668 3115 2738 μία
3157 2667 3337 2739 ἐκείνη
3388 2669 3480 2722 καὶ
3537 2669 3739 2740 πρώτη

2170 2763 2383 2833 ἡμέρα,
2427 2761 2651 2825 ἐπτάκις
2691 2759 3254 2824 ἐπταπλασιασθεῖσα,
3302 2759 3399 2823 τὰς
3445 2761 3592 2814 ἐπτὰ
3642 2763 3741 2832 τῆς

2173 2857 2322 2928 ἱερᾶς
2355 2856 2722 2927 πεντηκοστῆς
2751 2855 3046 2925 έὸδομάδας
3073 2853 3339 2908 ἀποτελεῖ.
3384 2855 3474 2908 Ἐκ
3505 2854 3740 2925 πρώτης

2170 2947 2278 3018 γὰρ
2309 2947 2603 3018 ἀρχομένη,
2639 2949 2718 3010 είς
2749 2945 2846 3017 τὴν
2875 2946 3042 3016 αὐτὴν
3074 2947 3393 3018 καταλήγει,
3429 2946 3497 2999 δι’
3527 2947 3740 3018 ὁμοίων

2170 3038 2277 3092 τῶν
2319 3040 2374 3092 ἐν
2419 3038 2498 3108 τῷ
2546 3037 2693 3109 μέσῳ
2725 3036 3096 3109 ἐξελιττομένη
3145 3036 3592 3108 πεντηκοντακις.
3648 3037 3742 3090 Διὸ

507 3135 553 3188 Α
597 3134 771 3204 primo
807 3133 950 3188 enim
993 3133 1277 3202 incipiens,
1317 3132 1372 3185 in
1419 3132 1666 3187 eumdem
1709 3132 1929 3198 desinit,
1969 3149 2067 3205 per

2177 3135 2265 3187 καὶ
2292 3133 2462 3188 αἰῶνα
2492 3132 2601 3204 (66)
2636 3134 2878 3203 μιμεῖται
2905 3134 2971 3202 τῇ
2998 3131 3294 3204 ὁμοιότητι,
3330 3131 3516 3206 ὥσπερ
3549 3133 3615 3185 ἐν
3646 3149 3739 3185 κυ-

509 3224 736 3288 similes,
768 3224 858 3293 qui
910 3223 963 3276 in
1013 3224 1190 3278 medio
1234 3223 1598 3285 intercedunt,
1645 3223 1760 3279 dies
1809 3225 2070 3296 quinqua-

507 3319 623 3388 gies
664 3317 934 3374 evolutus.
1012 3313 1164 3369 Unde
1207 3322 1262 3369 et
1313 3315 1672 3369 aeternitatem
1716 3315 2072 3374 similitudine

509 3408 700 3473 refert,
735 3408 864 3464 dum
895 3408 1043 3461 velut
1086 3407 1141 3462 in
1174 3417 1320 3461 motu
1355 3407 1632 3471 circulari,
1664 3407 1732 3462 ab
1758 3409 1950 3464 iisdem
1982 3426 2072 3465 or-

509 3517 606 3558 sus
639 3501 808 3571 signis
858 3501 913 3552 in
948 3497 1136 3553 eadem
1165 3497 1388 3553 desinit.
1423 3498 1544 3564 Quo
1586 3500 1640 3553 in
1683 3499 1793 3566 die,
1824 3504 2071 3574 corporis

507 3599 692 3650 erecto
741 3592 929 3647 babitu
973 3590 1186 3662 precari
1237 3591 1420 3660 potius
1469 3607 1568 3646 nos
1623 3591 1880 3648 Ecclesia:
1932 3596 2071 3652 ritus

507 3685 830 3749 docuerunt,
878 3685 1135 3739 nimirum
1186 3699 1280 3755 per
1332 3685 1640 3739 evidentem
1686 3689 2070 3741 commonitio-

508 3794 633 3835 nem
657 3780 817 3850 quasi
842 3778 1235 3834 transferentes
1253 3787 1487 3833 mentem
1511 3787 1754 3834 nostram
1779 3794 1809 3833 a
1843 3796 2073 3850 praesen-

508 3872 656 3926 tibus
687 3872 753 3926 ad
793 3871 996 3926 futura.
1016 3870 1242 3942 Insuper
1266 3881 1319 3926 et
1348 3871 1562 3940 quoties
1588 3887 1763 3941 genua
1784 3872 2070 3937 ﬂectimus,

509 3973 564 4017 et
612 3978 806 4018 rursus
847 3965 1131 4034 erigimur,
1175 3965 1293 4032 ipso
1337 3962 1480 4018 facto
1529 3963 1890 4024 ostendimus,
1928 3963 2072 4032 quod

511 4053 582 4108 ob
605 4062 888 4122 peceatum
937 4054 991 4106 in
1022 4061 1225 4107 terram
1264 4053 1469 4123 delapsi
1518 4069 1728 4115 sumus,
1753 4062 1806 4107 et
1836 4070 1932 4124 per
1969 4055 2074 4107 hu-

512 4141 828 4196 manitatem
858 4141 978 4211 ejus
1011 4142 1103 4210 qui
1146 4143 1350 4197 creavit
1388 4157 1490 4196 nos
1526 4143 1582 4196 in
1610 4143 1807 4197 cmlum
1837 4145 2076 4198 revocati

510 4243 728 4287 sumus.

583 4322 674 4377 67.
718 4321 940 4379 Deficiet
985 4338 1071 4378 me
1112 4323 1250 4391 dies,
1292 4324 1338 4380 si
1384 4322 1646 4380 Ecclesiae
1694 4326 1954 4397 mysteria
1997 4326 2076 4381 cie

595 4477 759 4535 'Gcn.
798 4494 858 4544 ιι,
892 4478 945 4544 8.
1021 4482 1040 4516 ³
1067 4478 1200 4536 Gen.
1234 4495 1272 4544 ι,
1301 4479 1352 4536 5.
1433 4479 1452 4510 ³
1475 4477 1619 4535 Psal.
1654 4495 1708 4535 vl
1739 4487 1792 4535 et
1813 4471 1926 4536 πη.

585 4631 693 4705 (65)
727 4633 834 4705 [Εξο
864 4631 944 4705 τῷ
985 4633 1171 4705 αἰῶνι.
1205 4631 1385 4688 Editio
1425 4633 1597 4689 Paris.
1633 4637 1688 4688 ἐν
1719 4635 1794 4705 τῷ
1826 4635 2067 4705 μέλλοντι

511 4703 686 4758 αἰῶνι.
721 4701 826 4755 Sed
869 4701 972 4756 hoc
1004 4702 1429 4758 additamentum
1465 4721 1562 4758 nec
1591 4701 1958 4760 necessarium
1993 4707 2070 4760 vi-

407 4775 414 4781 ’
510 4775 816 4847 detu_r,ne_e
858 4772 917 4847 in
943 4773 1050 4847 ul_l_o
1097 4789 1162 4827 ex
1199 4775 1402 4829 nostris
1450 4775 1730 4830 codicibus
1776 4777 2067 4847 reperitur,

512 4858 612 4907 nec
644 4844 696 4895 in
728 4842 858 4896 edit.
882 4841 1047 4898 Basil.

585 4912 694 4980 (66)
725 4910 935 4967 Λὶῶνα.
967 4912 1098 4980 Reg.
1129 4915 1400 4970 secundus
1429 4915 1646 4979 αἰῶνας.

604 4983 695 5052 67)
727 4985 852 5034 Ὅτι
879 4981 995 5036 διά.
1028 4981 1162 5038 Tres
1190 5002 1320 5041 mss.
1355 4986 1434 5038 ὃτι
1460 4988 1552 5039 καὶ
1579 4986 1684 5040 διά.

607 5051 696 5122 68)
736 5052 813 5106 Τὰ
835 5051 1087 5125 amasset.
1114 5055 1168 5108 ld
1206 5064 1310 5121 est,
1348 5057 1402 5109 in
1433 5053 1730 5125 Scripturis
1762 5057 1936 5112 sacris
1961 5073 2069 5116 non

514 5123 851 5200 praascripta.
873 5123 988 5178 Non
1006 5125 1147 5178 enim
1175 5126 1413 5200 hocloco
1437 5123 1624 5200 statuit
1648 5126 1900 5200 Basilius,
1925 5129 2070 5198 quod

514 5192 582 5258 ab
608 5209 675 5266 eo
699 5192 1036 5266 eruditorum
1067 5197 1334 5266 nonnulli,
1371 5197 1430 5266 in
1467 5197 1550 5251 bis
1586 5192 2070 5266 praestantissimus

513 5262 1033 5336 scriptorAEusebius
1066 5265 1343 5336 Benaudot
1370 5262 2069 5336 Liturg.Drient.,’dissert.

516 5335 569 5401 1,
595 5333 715 5408 cap.
733 5334 788 5395 2,
817 5333 1346 5395 doceriexistimant,
1370 5333 1721 5392 Eucharistiaz
1739 5346 1794 5391 et
1821 5338 2072 5408 baptismi

511 5412 568 5458 et
609 5405 837 5476 aliorum
865 5414 1350 5476 sacramentorum
1397 5422 1583 5476 preces
1631 5416 1685 5461 et
1720 5408 1858 5461 ritus
1892 5405 1972 5463 'ne
2017 5409 2073 5464 in

513 5474 768 5546 ecclesiis
785 5474 1004 5546 quidem
1029 5475 1101 5546 ad
1147 5474 1487 5531 sacerdotum
1527 5493 1683 5531 usum
1716 5479 1917 5546 scripta
1956 5494 2074 5533 sera

515 5544 653 5596 vari.
680 5541 876 5619 Merito
915 5543 1051 5619 illud
1075 5546 1401 5619 quidennex
1430 5546 1532 5600 boc
1561 5547 1736 5616 capite
1777 5541 2072 5619 colligitur,

515 5627 783 5690 summam
807 5613 936 5690 olim
966 5613 1262 5690 adhibitam
1301 5615 1469 5690 fuisse
1499 5613 1828 5690 cautionem,
1852 5613 1932 5690 ne
1941 5619 2072 5690 quid

519 5684 587 5738 de
606 5682 878 5756 mysteriis
916 5699 1024 5738 non
1068 5687 1241 5740 solum
1277 5685 1343 5738 ad
1395 5688 1642 5756 gentiles,
1684 5688 1775 5742 sed
1810 5682 1973 5743 etiam
2004 5690 2070 5745 ad

517 5754 939 5818 catechumenos
969 5763 1307 5833 permaneret
1333 5774 1345 5822 ;
1386 5754 1448 5811 ac
1478 5767 1623 5813 recte
1653 5758 1903 5815 observat
1943 5762 2073 5818 scri-

2172 3235 2330 3305 κλικῇ
2374 3233 2582 3305 κινήσει
2630 3231 2736 3286 ἀπὸ
2778 3230 2886 3284 τῶν
2923 3231 3100 3284 αὐτῶν
3145 3227 3418 3301 ἀρχομένη
3463 3229 3738 3300 σημείων,

2171 3329 2266 3384 καὶ
2293 3331 2372 3392 είς
2399 3328 2468 3381 τὰ
2493 3327 2632 3382 αὐτὰ
2657 3325 3056 3396 καταλήγουσα.
3099 3325 3185 3377 Ἐν
3259 3323 3317 3377 τὸ
3341 3321 3522 3394 ὄρθιον
3549 3324 3742 3394 σχῆμα

2169 3421 2268 3492 τῆς
2302 3419 2608 3492 προσευχῆς
2652 3418 2919 3488 προτιμᾷν
2946 3418 2993 3468 οἱ
3029 3415 3217 3485 θεσμοὶ¹
3253 3415 3351 3486 τῆς
3407 3412 3742 3484 Ἐκκλησίας

2171 3513 2317 3582 ἡμᾶς
2357 3510 2772 3578 ἐξεπαίδευσαν,
2819 3509 2881 3560 ἐκ
2925 3507 3022 3576 τῆς
3059 3505 3321 3576 ἐναργοῦς
3371 3505 3740 3574 ὑπομνήσεως

2171 3607 2330 3658 οἱονεὶ
2370 3603 2760 3676 μετοικίζοντες
2783 3600 2938 3674 ἡμῶν
2972 3600 3062 3652 τὸν
3093 3598 3216 3652 νοῦν
3249 3597 3356 3652 ἀπὸ
3381 3595 3489 3649 τῶν
3526 3596 3741 3666 παρόν-

2171 3716 2278 3752 των
2306 3699 2399 3751 ἐπὶ
2419 3697 2487 3750 τὰ
2515 3696 2794 3768 μέλλοντα.
2837 3695 2945 3746 Καὶ
2976 3691 3098 3747 καθ’
3131 3689 3364 3762 ἑκάστην
3389 3690 3444 3742 δὲ
3473 3690 3738 3758 γονυκλι-

2176 3791 2292 3844 σίαν
2334 3790 2426 3843 καὶ
2469 3789 2810 3842 διανάστασιν
2840 3786 2983 3856 ἔργῳ
3032 3783 3338 3854 δείκνυμεν,
3369 3783 3450 3836 ὃτι
3496 3783 3592 3836 διὰ
3625 3783 3740 3849 (67)

2171 3883 2269 3954 τῆς
2297 3881 2566 3953 ἁμαρτίας
2599 3882 2678 3943 είς
2700 3879 2802 3949 γῆν
2827 3876 3227 3949 κατερῤύημεν,
3254 3876 3346 3928 καὶ
3365 3875 3450 3928 διὰ
3481 3876 3586 3945 τῆς
3619 3877 3741 3944 φιλ-

2173 3975 2484 4046 ανθρωπίας
2516 3972 2611 4026 τοῦ
2648 3973 2929 4035 κτίσαντος
2957 3971 3102 4041 ἡμᾶς
3131 3970 3209 4032 είς
3234 3967 3460 4039 οὐρανὸν
3498 3969 3738 4038 ἀνεκλήο

2175 4065 2238 4118 0n
2250 4083 2366 4118 μεν.

2244 4326 2332 4382 67.
2386 4324 2677 4395 Ἐπιλείψει
2713 4341 2778 4396 με
2819 4326 2852 4397 ἠ
2902 4323 3104 4395 ἡμέρα,
3134 4322 3202 4376 τὰ
3238 4320 3457 4393 ἄγραφα
3491 4321 3606 4392 (68)
3641 4323 3740 4394 τῆς

2177 4645 2299 4707 ptor
2325 4633 2802 4707 modolaudatus.
2832 4633 3101 4707 mysteria
3124 4633 3556 4707 initiandisviva
3599 4651 3740 4690 voce

2177 4704 2399 4777 exponi,
2444 4706 2668 4777 initiatis
2699 4704 2932 4777 breviter
2957 4712 3011 4758 et
3049 4704 3461 4777 obscuriusculc
3487 4705 3540 4762 in
3601 4721 3740 4777 con-

2178 4774 2424 4834 cionibus
2448 4775 2671 4830 indicari
2701 4775 2878 4832 solita.
2897 4789 3020 4828 cum
3049 4774 3149 4829 hac
3175 4774 3605 4844 ἀποσιωπήσεως
3633 4776 3742 4830 Γοβ-

2177 4849 2345 4909 mnla,
2373 4845 2581 4899 Norunt
2612 4845 2827 4900 initiati.
2861 4844 3307 4898 Perincommode
3327 4845 3470 4899 enim
3498 4846 3742 4901 fuissent

2178 4920 2414 4988 vulgata,
2446 4932 2565 4985 qua:
2606 4915 3010 4971 catccliumcuis
3057 4922 3301 4988 spectare
3342 4929 3449 4967 non
3497 4914 3738 4984 licebat;

2177 4983 2296 5043 nec'
2313 4989 2427 5042 leve
2465 4983 2765 5056 periculum
2797 4993 2933 5056 erat,
2978 4999 3046 5056 ne
3078 4983 3404 5056 vilescerent
3449 4988 3739 5056 mysteria,

2177 5060 2224 5114 si
2255 5052 2672 5112 violata'arcani
2717 5055 2977 5109 sanctitas
3017 5053 3229 5108 fuisset.
3259 5052 3364 5108 Sed
3400 5052 3582 5107 tamen
3625 5054 3740 5110 Ba-

2176 5129 2332 5184 silius
2354 5127 2481 5181 dum
2509 5127 2710 5194 scripta
2739 5132 2898 5194 negat
2945 5127 3055 5178 haec
3093 5123 3361 5194 instituta,
3395 5139 3505 5178 non
3535 5123 3604 5178 de
3642 5142 3740 5180 ve-

2175 5206 2352 5254 terum
2407 5193 2732 5265 scriptorum
2783 5193 2955 5256 libris,
2987 5209 3092 5247 non
3141 5194 3208 5248 de
3239 5193 3494 5263 Liturgiis
3522 5196 3740 5318 scripto

2175 5267 2532 5318 consumatis.
2573 5267 2664 5318 sed
2695 5265 2761 5318 de
2795 5265 3096 5318 Scrinturis
3118 5265 3323 5318 sanctis
3349 5265 3609 5318 loauitur.
3697 5268 3740 5318 i-

2175 5267 2532 5335 consignatis.
2573 5267 2664 5321 sed
2695 5265 2761 5320 de
2795 5265 3096 5334 Scripturis
3118 5265 3323 5320 sanctis
3349 5265 3609 5333 loquitur.
3639 5265 3741 5320 Li-

2175 5345 2304 5408 quet
2333 5334 2392 5391 l0
2423 5334 2966 5408 Pneumatomaclios,
2988 5335 3114 5388 dum
3141 5335 3479 5408 glorilicandi
3507 5335 3738 5408 modum

2175 5405 2251 5472 ὡς
2282 5408 2523 5479 ἄγραφον
2560 5405 2830 5479 rejiciunt,
2863 5407 2968 5479 boc
2988 5413 3203 5479 tantum
3235 5405 3739 5479 nomineargutias

2179 5495 2309 5534 suas
2333 5474 2704 5546 tim-texuisse,
2734 5475 2878 5546 quod
2903 5474 3287 5546 inirSeripturisr
3317 5489 3423 5546 non
3460 5474 3740 5546 legeretur

2180 5567 2295 5604 cum
2329 5543 2509 5600 Sancto
2543 5543 2768 5613 Spiritu.
2798 5545 2933 5599 llinc
2961 5543 3192 5599 Basilius
3220 5545 3326 5599 illis
3347 5543 3592 5598 instituta
3617 5559 3738 5599 non

2182 5619 2382 5687 scripta
2413 5617 2674 5685 opponit;
2705 5619 2756 5670 in
2789 5617 2979 5685 primis
3012 5615 3370 5687 invocationis
3399 5617 3583 5687 verba,
3606 5630 3740 5682 quae

2179 5683 2395 5760 quidem
2422 5683 2677 5760 negat‘ab
2697 5683 2805 5760 ullo
2828 5695 3137 5760 sanctorum
3161 5684 3330 5740 fuisse
3353 5683 3572 5752 scripta,
3597 5687 3738 5752 quia

2181 5755 2280 5816 tiec
2311 5756 2450 5827 apud
2488 5756 2742 5813 Basilium
2769 5758 2987 5826 ἄγραφα
3029 5755 3302 5820 dicuntur,
3336 5768 3454 5824 qua:
3497 5769 3608 5808 non
3633 5769 3737 5811 ex-
