3788 6500
1251 353 1455 410 LIBER
1503 354 1592 411 DE
1629 355 1904 416 SPIRITU
1945 358 2234 416 SANCTO.

3263 357 3369 415 ίθᾶ

117 473 463 543 tabida;
492 473 770 545 μυστήρια
796 470 1168 545 διηγούμενον.
1225 472 1331 527 Ἐὦ
1357 472 1558 547 τάλλαο
1606 492 1650 529 αι

1806 482 1889 531 tra
1946 477 2215 547 scriptum
2270 474 2468 529 tradita
2528 487 2748 544 pergam
2801 486 3110 529 recensere.
3162 470 3369 529 Omitto

101 564 204 634 τὴν
233 565 296 617 ἃ
340 564 451 637 τὴν
490 564 785 636 ὁμολογίαν
825 565 923 635 τῆς
951 565 1190 629 πίστεως
1225 564 1335 637 (69)
1368 566 1448 628 είς
1474 566 1696 638 Πατέρα

98 656 197 709 καὶ
244 656 379 709 Υἱὺν
428 658 525 709 καὶ
566 656 722 725 ἀγιον
765 654 987 725 Πνεῦμα
1026 657 1092 708 ἐκ
1134 655 1301 710 ποίων
1350 657 1695 728 γραμμάτων

98 747 348 816 huius;
398 747 466 800 Εί
512 748 615 817 μὲν
643 746 754 819 γὰρ
793 748 859 801 ὲκ
894 746 996 816 τῆς
1029 745 1124 801 τοῦ
1174 746 1548 818 βαπτίσματος
1591 764 1696 802 πα-

96 837 415 908 ραδόσεως,
449 837 596 891 κατά
626 837 689 891 τὸ
714 838 814 909 τῆς
845 837 1126 903 εὐσεϐείας
1153 838 1463 903 ἀκόλουθον,
1494 839 1569 904 ὼς
1600 839 1695 910 βα-

98 928 424 999 πτοσζὸμεθα
453 927 599 981 οὕτω
628 929 724 982 καὶ
751 928 1027 985 πιστεύειν
1055 928 1379 1001 ὀφείλοντες,
1406 931 1591 987 ούσίαν
1616 929 1694 1002 τῷ

95 1020 457 1091 βαπτίσματι
482 1020 596 1090 (70)
644 1019 742 1092 τὴν
769 1021 1054 1092 ὁμολογίαν
1098 1022 1521 1094 κατατιθέμεθα,
1558 1040 1690 1093 συγ-

95 1105 534 1184 ψρησάτωσαν
581 1113 676 1167 καὶ
727 1115 857 1183 ἡμῖν
908 1115 971 1167 ἐκ
1016 1115 1114 1185 τῆς
1160 1115 1332 1185 αὐτῆς
1374 1115 1691 1181 ἀκολουθίας

92 1203 300 1272 ὁμοίαν
341 1206 415 1274 τῇ
467 1203 655 1257 πίστει
694 1203 794 1275 τὴν
835 1203 991 1271 δόξαν
1024 1204 1360 1260 ἀποδιδόναι’
1405 1208 1453 1259 εί
1503 1206 1559 1260 δὲ
1601 1206 1691 1261 τὸν

92 1294 305 1365 τρόπον
342 1294 449 1365 τῆς
498 1292 811 1361 δοξολογίας
859 1292 936 1357 ὼς
974 1293 1219 1364 ἄγραφον
1266 1294 1689 1366 παραιτοῦνται,

92 1386 344 1439 δότωσαν
372 1387 513 1456 ἡμῖν
549 1384 653 1455 τῆς
679 1401 738 1439 τε
766 1384 908 1438 κατά
937 1384 1036 1456 τὴν
1065 1384 1247 1440 πίστιν
1275 1387 1564 1457 ὁμολογίας
1596 1389 1689 1444 καὶ
1716 1385 1724 1394 ’

94 1476 210 1528 τῶν
260 1476 494 1541 λοιπῶν,
534 1471 611 1530 ὧν
650 1475 1188 1547 ἀπηριθμησάμεθα,
1238 1479 1549 1550 ἐγγράφους
1590 1479 1690 1543 τὰς

96 1566 433 1633 ἀποδείξεις.
474 1561 614 1619 Εἶτα
642 1564 911 1619 τοσούτων
936 1565 1106 1619 ὅντων
1137 1567 1419 1639 ἀγράφων,
1458 1570 1554 1622 καὶ
1599 1586 1689 1623 το-

100 1659 307 1728 σαύτην
330 1656 580 1728 ἐχόντων
615 1654 715 1727 τὴν
746 1656 899 1724 ίσχὺν
933 1655 1013 1720 είς
1042 1655 1104 1709 τὸ
1130 1655 1232 1727 τῆς
1267 1656 1548 1721 εὐσεϐείας
1588 1674 1687 1728 μυ-

98 1751 342 1823 στήριαν,
376 1749 515 1821 μίαν
542 1747 687 1813 λέξιν
713 1750 847 1820 ἡμῖν
874 1749 939 1801 ἐκ
962 1747 1211 1817 πατέρων
1237 1749 1314 1812 είς
1340 1750 1486 1819 ἡμᾶς
1511 1748 1686 1802 ἐλθοῦ-

1797 566 1905 637 57
1941 574 2136 622 caetera
2171 581 2186 619 :
2223 565 2396 636 ipsam
2436 564 2560 620 fidei
2604 564 3005 636 professionem
3043 567 3098 620 in
3144 565 3365 623 Patrem

1795 664 1852 712 et
1899 654 2095 711 Filium
2147 664 2202 712 et
2233 654 2497 727 Spiritum
2545 666 2815 720 sanctum,
2866 673 2899 713 e
2946 657 3148 729 quibus
3192 657 3364 714 habe-

1794 762 1919 803 mus
1970 746 2236 817 scriptis?
2302 745 2514 801 Etenim
2570 746 2617 801 si
2674 748 2933 816 quoniam
2984 765 3051 804 ex
3099 748 3359 819 baptismi

1796 837 2110 904 traditione,
2135 839 2290 908 juxta
2327 838 2547 908 pietatis
2574 840 3049 905 consecutionem,
3081 847 3141 895 ut
3183 842 3364 913 bapti-

1794 945 2004 990 zamur.
2034 931 2109 985 ita
2151 939 2205 985 et
2247 931 2469 986 credere
2512 929 2795 993 debemus,
2828 931 3058 987 similem
3088 933 3362 1003 baptismo

1793 1021 2188 1091 professionem
2218 1023 2540 1081 exhibemus
2586 1038 2600 1072 :
2643 1023 2947 1078 concedant
2973 1023 3139 1078 etiam
3176 1025 3358 1088 nobis.

1793 1121 1853 1166 ut
1894 1112 2050 1182 juxta
2093 1114 2339 1168 eamdem
2390 1115 2840 1184 consequentiam
2908 1114 3361 1185 gloriﬁcationem

1791 1203 1916 1258 lidei
1946 1204 2287 1259 consimilem
2330 1206 2724 1275 persolvamns.
2756 1206 2914 1273 Quod
2943 1207 2991 1263 si
3020 1208 3360 1279 glorificandi

1789 1297 2013 1352 modum
2045 1297 2207 1352 veluti
2256 1299 2463 1368 scripto
2492 1314 2599 1354 non
2631 1300 2889 1354 traditum
2919 1300 3200 1371 rejiciunt,
3230 1316 3360 1372 pro-

1791 1387 1969 1443 ferant
2014 1388 2178 1442 nobis
2240 1398 2294 1443 et
2342 1389 2707 1459 professionis
2757 1390 2882 1447 ﬁdei
2935 1400 2990 1448 et
3039 1403 3359 1452 cmterorum

1788 1494 1908 1549 qua:
1952 1479 2497 1534 commemoravimus
2543 1480 2916 1549 probationem
2962 1498 2994 1538 e
3038 1482 3358 1555 Scripturis.

1788 1567 1988 1623 Adhaec
2029 1584 2155 1623 cum
2203 1576 2313 1623 tam
2362 1571 2535 1623 multa
2575 1571 2687 1625 sint
2719 1587 2841 1643 quae
2888 1575 3095 1643 scripto
3143 1576 3360 1645 prodita

1788 1678 1899 1717 non
1946 1669 2095 1730 sunt,
2123 1670 2180 1718 et
2223 1670 2434 1717 tantum
2482 1663 2683 1718 habent
2725 1667 2985 1721 momenti
3029 1666 3096 1720 ad
3142 1668 3360 1739 pietatis

1791 1755 2113 1825 mysterium
2148 1793 2163 1819 ,
2215 1756 2436 1810 unicam
2488 1755 2880 1812 dictiuneulam
2938 1775 3060 1829 quas
3108 1775 3139 1814 a
3186 1761 3362 1832 majo.

97 1857 198 1895 σαν
241 1840 305 1892 οὐ
356 1837 839 1910 συγχωρήσουσιν,
889 1839 958 1911 ἢν
1003 1840 1166 1909 ἡμεῖς
1210 1838 1273 1891 ἐκ
1301 1841 1400 1909 τῆς
1429 1839 1650 1908 ἀνεπιτη

1794 1843 1943 1899 ribus
1971 1844 2036 1898 ad
2066 1859 2165 1899 nos
2196 1844 2434 1910 devenit,
2467 1861 2576 1900 non
2604 1848 2930 1910 concedent,
2964 1865 3128 1918 quam
3158 1867 3260 1906 nos
3287 1868 3357 1908 ex

94 1931 284 1987 δεύτου
318 1930 623 2001 συνηθείας
655 1930 775 1993 ταῖς
806 1928 1182 2001 ἀδιαστρόφοις
1212 1928 1321 1983 τῶν
1357 1929 1689 1999 Ἐκκλησιῶν

97 2024 554 2096 ἀναπομείνασαν
577 2022 830 2095 εὕρομεν,
853 2020 914 2075 οὒ
944 2021 1137 2093 μικρὸν
1154 2021 1242 2075 τὸν
1262 2020 1417 2090 λόγον
1437 2022 1685 2092 ἔχουσαν,

94 2118 218 2171 οὐδὲ
268 2116 547 2190 βραχεῖαν
606 2114 918 2169 συντέλειαν
969 2115 1049 2177 είς
1100 2114 1199 2187 τὴν
1245 2112 1338 2167 τοῦ
1386 2114 1686 2187 μυστηρίου

95 2210 333 2282 δύναμιν
362 2207 775 2281 εἰσφερομένην
805 2207 916 2279 (71)
936 2222 951 2273 ;

164 2322 256 2376 68.
294 2322 542 2393 Εῐρηται
576 2320 674 2391 μὲν
717 2314 809 2375 οὗν
845 2317 930 2383 τίς
964 2319 998 2392 ἡ
1030 2318 1256 2390 δύναμις
1295 2319 1560 2394 ἑκατέρας
1586 2323 1687 2395 τῆς

100 2413 495 2483 ὲκᾳωνήσεως.
538 2411 833 2482 Εἰρήσεται
870 2408 927 2463 δὲ
972 2409 1066 2463 καὶ
1098 2410 1281 2476 πάλιν,
1322 2412 1427 2482 ὅπη
1458 2429 1517 2465 τε
1550 2430 1687 2485 συμ-

100 2501 373 2572 φωνοῦσιν
413 2499 703 2570 ἀλλήλαις,
756 2497 849 2551 καὶ
887 2498 996 2568 ὅπη
1041 2496 1338 2553 διΐστανται
1362 2515 1377 2530 ·
1406 2500 1505 2552 οὐκ
1550 2502 1685 2554 ἀπο-δ

100 2594 419 2665 μαχόμεναι
454 2592 596 2663 πρὸς
632 2590 966 2656 ἐναντίωσιν,
1006 2589 1121 2643 ἀλλ’
1161 2589 1289 2644 ἴδιον
1321 2591 1554 2662 ἑκατέρα
1594 2592 1685 2647 τὸν

95 2686 221 2740 ..μεν
253 2684 632 2757 εξςφερομένη
661 2683 797 2757 πρὸς
837 2683 934 2756 τὴν
981 2681 1281 2737 εὐσέεειαν·
1325 2683 1387 2736 Ἦ
1420 2683 1516 2755 μὲν
1552 2684 1680 2759 γάρ’

94 2778 183 2843 ἐν,
215 2778 287 2830 τὰ
333 2777 480 2848 πρὸς
528 2778 678 2848 ἡμᾶς
726 2770 1022 2848 παρίστησι
1065 2773 1262 2846 μᾶλλον
1285 2790 1301 2806 ο
1336 2775 1370 2845 ἡ
1418 2774 1507 2839 δὲ,
1538 2775 1680 2845 σὺν,

95 2872 194 2941 τὴν
222 2870 366 2942 πρὸς
393 2869 534 2923 Θεὸν
563 2867 848 2924 κοινωνίαν
885 2867 977 2922 τοῦ
1006 2865 1321 2938 Πνεύματος
1346 2866 1677 2936 ἐξαγγέλλει.

95 2964 297 3033 Διόπερ
331 2961 679 3033 ἀμφοτέραις
710 2960 1024 3033 κεχρήμεθα
1050 2962 1171 3026 ταῖς
1208 2962 1413 3030 φωναῖς
1433 2977 1447 2991 ·
1477 2963 1543 3031 τῇ
1583 2962 1681 3033 μὲν

92 3054 152 3107 τὸ
179 3054 407 3124 ἀξίωμα
444 3046 545 3106 τοῦ
587 3051 904 3122 Πνεύματος
936 3051 1310 3126 παριστῶντες
1332 3091 1348 3117 ,
1377 3055 1443 3124 τῇ
1490 3051 1548 3106 δὲ
1580 3052 1681 3124 τὴν

1788 1936 2100 1992 inaffectata
2151 1938 2547 1994 consuetudine
2614 1939 2670 1994 in
2726 1939 3019 2004 Ecclesiis,
3068 1958 3190 2013 quas
3233 1959 3358 2013 per-

1787 2045 1961 2087 versae
1985 2038 2039 2086 et
2070 2038 2342 2099 corrupta:
2385 2046 2496 2086 non
2525 2042 2674 2096 sunt,
2704 2042 3114 2103 permanentem
3144 2036 3357 2092 inveni-

1787 2131 1933 2180 mus,
1970 2116 2119 2171 haud
2158 2117 2494 2175 mediocrem
2522 2120 2792 2175 rationem
2822 2120 3136 2189 habentem,
3172 2140 3354 2196 neque

1785 2203 2063 2263 mediocre
2092 2206 2468 2278 adjumentum
2498 2208 2568 2264 ad
2591 2210 2835 2282 mysterii
2861 2212 2971 2266 vim
2998 2212 3357 2271 alferentem?

1856 2318 1946 2374 68.
2004 2318 2224 2374 Dictum
2267 2318 2489 2390 quidem
2536 2326 2621 2374 est
2664 2335 2785 2389 quae
2827 2321 2900 2375 sit
2957 2321 3040 2377 vis
3069 2323 3356 2395 utriusque

1785 2411 2273 2483 pronuntiationis.
2348 2410 2569 2466 Dicetur
2635 2418 2817 2466 autem
2870 2419 2925 2467 et
2980 2429 3201 2468 rursum
3260 2417 3354 2471 ubi

1785 2500 2124 2556 concordent
2151 2500 2297 2556 inter
2334 2515 2477 2566 sese,
2510 2509 2565 2556 et
2611 2501 2704 2555 ubi
2734 2500 2989 2557 dill'erant
3021 2522 3034 2558 :
3068 2519 3181 2559 non
3206 2508 3365 2575 quod»

1784 2590 1931 2647 inter
1985 2606 2045 2649 se
2097 2602 2339 2665 pugnent
2384 2607 2482 2662 per
2529 2592 3002 2664 contrarietatem,
3059 2596 3156 2652 sed
3207 2600 3354 2669 quod

1784 2688 2020 2752 utraque
2076 2683 2410 2752 peculiarem
2467 2682 2657 2736 afferat
2689 2681 3026 2738 intellectum
3065 2688 3132 2740 ad
3177 2688 3355 2757 pieta-

1782 2778 1915 2829 tem.
1955 2770 2089 2826 Nam
2131 2772 2445 2843 praepositio
2492 2773 2568 2838 in,
2619 2787 2682 2827 ea
2725 2788 2846 2843 quae
2876 2774 2943 2829 ad
2974 2790 3078 2830 nos
3103 2785 3355 2847 spectant

1781 2867 1959 2936 magis
2014 2864 2261 2927 declarat
2326 2883 2339 2919 :
2397 2874 2452 2919 at
2513 2866 2829 2936 praepositio
2901 2884 3040 2933 cum,
3095 2871 3352 2940 exprimit

1781 2960 2229 3026 communionem
2254 2958 2494 3031 Spiritus
2525 2974 2649 3015 cum
2692 2957 2823 3015 Deo.
2866 2959 3208 3032 Quapropter
3247 2978 3349 3017 vo-

1780 3050 1936 3106 cibus
1978 3050 2243 3107 ambabus
2288 3051 2514 3114 utimur,
2548 3051 2717 3105 altera
2763 3051 2984 3122 quidem
3033 3053 3350 3123 dignitatem

93 3149 259 3219 χάριν
302 3148 409 3218 τὴν
438 3147 571 3216 παρ’
621 3146 753 3216 ἡμῖν
787 3146 1189 3215 διαγγέλλοντες
1219 3145 1353 3217 (72).
1398 3134 1552 3200 Οὕτω
1585 3164 1650 3201 κα

1794 3139 2022 3212 Spiritus
2044 3142 2443 3211 exprimentes,
2489 3143 2656 3197 altera
2687 3144 2919 3214 gratiam
2954 3160 3076 3215 qum
3103 3146 3158 3199 in
3188 3146 3351 3201 nobis

91 3242 148 3291 ἐν
171 3239 255 3310 τῷ
292 3238 584 3309 Πνεύματι
622 3237 722 3309 τὴν
749 3237 902 3303 δόξαν
929 3236 1278 3309 προσάγομεν
1308 3237 1384 3309 τῷ
1415 3238 1554 3310 Θεῷ,
1584 3238 1677 3292 καὶ

93 3334 193 3387 σὺν
237 3330 321 3402 τῷ
366 3328 654 3400 Πνεύματι
678 3344 693 3361 ⁸
746 3329 896 3383 οὐδὲν
938 3330 1205 3401 ἡμέτερον
1247 3329 1526 3400 λέγοντες,
1561 3330 1676 3385 ἀλλ’

90 3424 281 3496 ὥσπερ
322 3422 439 3478 ἀπὸ
486 3421 732 3485 κανόνος,
783 3423 882 3493 τῆς
921 3421 1013 3476 τοῦ
1057 3421 1261 3494 Κυρίου
1310 3421 1672 3488 διδασκαλίας,

92 3518 185 3570 ἐπὶ
210 3517 283 3570 τά
312 3514 568 3588 προσεχῆ
597 3514 691 3567 καὶ
717 3513 961 3586 ἀλλήλων
982 3515 1233 3587 ἐχόμενα,
1257 3516 1353 3570 καὶ
1377 3513 1676 3585 ἀναγκαίαν

90 3612 149 3662 ἓν
177 3614 295 3675 τοῖς
332 3608 663 3681 μυστηρίοις
697 3601 810 3680 (75)
849 3606 945 3679 τὴν
994 3608 1287 3678 συνάφειαν
1322 3606 1533 3678 ἔχοντα,
1575 3607 1675 3678 τὴν

92 3696 273 3767 ψει-θὴν
307 3696 738 3769 μεταφέροντες.
772 3695 845 3748 Τὸ
882 3695 989 3767 γάρ
1030 3694 1122 3750 ἐπὶ
1165 3695 1259 3749 τοῦ
1303 3695 1676 3769 βαπτίσματος

92 3788 507 3860 συναριθμηθὲν
547 3786 861 3857 ἀναγκαίως
903 3785 1163 3858 ᾠήθημεν
1189 3788 1298 3842 δεῖν
1338 3786 1432 3842 καὶ
1454 3787 1547 3840 ἐπὶ
1576 3788 1675 3860 τῆς

89 3883 331 3946 πίστεως
356 3879 724 3952 συναρμόσαι.
752 3879 863 3952 Τὴν
903 3879 960 3933 δὲ
992 3878 1281 3950 ὁμολογίαν
1311 3879 1411 3950 τῆς
1437 3879 1673 3943 πίστεως

89 3970 198 4029 οἷον
227 3974 412 4047 ἀρχήν
459 3989 585 4026 τινα
617 3972 713 4026 καὶ
744 3971 955 4044 μητέρα
1002 3971 1101 4041 τῆς
1143 3970 1449 4040 δοξολογίας
1485 3972 1673 4041 ὲποιηέ

90 4064 328 4135 αάμεθα.
374 4062 542 4117 Ἀλλά
576 4060 631 4115 τί
665 4060 770 4133 χρὴ
803 4062 1011 4127 ποιεῐν;
1061 4059 1176 4114 Νῦν
1212 4058 1320 4132 γάρ
1350 4060 1495 4131 ἡμᾶς
1531 4058 1674 4112 διδα-

89 4156 405 4223 σκέτωσαν,
466 4154 542 4225 μὴ
594 4152 876 4224 βαπτίζειν
926 4150 1001 4217 ὡς
1056 4151 1462 4223 παρελάϐομεν⁵
1506 4150 1540 4224 ἦ
1596 4150 1673 4223 μὴ

88 4245 390 4309 πιστεύειν,
444 4243 523 4308 ὡς
571 4243 1015 4314 ἐϐαπτίσθημεν
1056 4243 1090 4315 ἢ
1159 4242 1234 4314 μὴ
1277 4239 1541 4307 δοξάζειν,
1594 4240 1671 4306 ὡς

88 4338 565 4406 πεπιστεύκαμεν.
614 4333 887 4388 Δεικνύτω
915 4333 1024 4406 γάρ
1054 4351 1136 4398 τις
1167 4327 1200 4405 ἢ
1255 4331 1330 4397 ὡς
1374 4333 1475 4386 οὐκ
1505 4333 1672 4402 ἀναγ-

90 4433 216 4486 καία
251 4430 354 4483 καὶ
394 4428 677 4500 ἄρρηκτος
700 4424 733 4498 ἡ
757 4426 893 4498 πρὸς
914 4425 1115 4497 ἄλληλα
1135 4425 1336 4479 τούτων
1359 4423 1668 4491 ἀκολουθία,

1779 3243 1863 3291 est
1892 3235 2266 3291 enuntiantes.
2314 3234 2406 3290 Sic
2445 3242 2500 3289 et
2541 3235 2595 3289 in
2630 3234 2837 3306 Spiritu
2880 3246 2937 3292 et
2971 3254 3098 3292 cum
3143 3237 3349 3310 Spiritu

1777 3328 2061 3385 offerimus
2112 3327 2343 3398 gloriam
2388 3326 2500 3381 Deo
2543 3344 2558 3382 :
2605 3327 2839 3383 nihilex
2868 3330 3032 3386 nobis
3077 3330 3347 3397 dicentes,

1778 3420 1872 3477 sed
1906 3434 1974 3475 ex
2018 3418 2221 3474 tradita
2252 3434 2281 3472 a
2313 3417 2540 3474 Domino
2581 3417 2853 3485 doctrina,
2885 3422 3033 3475 velut
3073 3437 3103 3476 e
3136 3404 3348 3491 regula,

1777 3512 1843 3567 ad
1869 3527 1933 3568 ea
1961 3527 2081 3583 qua:
2109 3509 2406 3580 conjuncta
2451 3519 2606 3578 sunt,
2653 3513 2866 3585 sibique
2912 3513 3143 3568 invicem
3171 3514 3351 3569 cohae-

1776 3611 1919 3669 rent,
1976 3619 2041 3659 ac
2087 3604 2452 3659 necessariam
2495 3604 2551 3658 in
2612 3606 2892 3675 mysteriis
2943 3601 3347 3676 copulationem

1776 3696 2001 3761 habent,
2045 3695 2341 3750 dictionem
2383 3693 2798 3751 transferentes.
2838 3695 2971 3750 Nam
3002 3711 3129 3751 eum
3165 3697 3345 3767 quiin

1774 3788 2106 3860 baptismate
2143 3794 2571 3842 connumeratus
2616 3794 2730 3852 est,
2776 3788 3088 3843 necessario
3126 3788 3347 3857 iudica-

1773 3893 1897 3934 mus
1925 3884 1979 3934 et
2007 3877 2063 3933 in
2105 3876 2211 3934 ﬁde
2236 3884 2489 3947 oportere
2519 3877 2783 3948 copulari.
2815 3876 3216 3934 Professioncm
3248 3895 3345 3935 au-

1774 3978 1881 4026 tem
1909 3969 2055 4037 fidei,
2084 3969 2234 4025 velut
2258 3968 2475 4023 initium
2507 3968 2784 4038 quoddam
2822 3984 2888 4024 ac
2917 3977 3147 4025 matrem
3181 3972 3346 4041 glori-

1774 4057 2043 4114 ficationis
2077 4056 2327 4113 fecimus.
2363 4055 2469 4113 Sed
2510 4057 2641 4127 quid
2686 4057 2996 4114 faciendum
3038 4062 3164 4116 est?
3191 4060 3345 4116 Nunc

1772 4151 1916 4206 enim
1958 4150 2189 4205 doceant
2217 4163 2337 4213 nos,
2368 4164 2437 4204 ne
2468 4149 2805 4217 baptizemus
2828 4188 2845 4215 ,
2883 4150 3345 4221 quemadmodum

1785 4242 2121 4312 accepimus,
2152 4248 2245 4295 aut
2276 4255 2346 4296 ne
2382 4241 2693 4303 credamus.
2745 4241 3202 4311 quemadmodum
3246 4244 3346 4298 ba-

1770 4334 1960 4403 ptizati
1990 4348 2205 4395 sumus,
2234 4340 2329 4386 aut
2356 4348 2423 4389 ne
2453 4332 2844 4401 glorificemus,
2885 4333 3343 4404 quemadmodum

1771 4423 2069 4478 credimus.
2103 4422 2450 4477 Demonstret
2490 4423 2636 4477 enim
2669 4422 2889 4494 aliquis,
2934 4430 3029 4478 aut
3075 4440 3183 4480 non
3221 4441 3345 4481 esse

88 4522 121 4593 ἢ
148 4523 218 4586 ὡς
263 4522 393 4592 οὐχὶ
424 4522 462 4590 ἡ
500 4521 558 4572 ἐν
584 4512 792 4582 τούτοις
834 4517 1149 4589 καινοτομία
1183 4515 1278 4570 τοῦ
1323 4516 1522 4580 παντός
1551 4516 1650 4569 ἐστι

1794 4516 2137 4572 necessariam
2181 4524 2235 4570 et
2279 4515 2605 4573 indivulsam
2649 4516 2847 4571 horum
2878 4516 3021 4571 inter
3062 4533 3121 4573 se
3153 4532 3344 4573 conse-

88 4613 405 4675 κατάλυσις.
450 4608 593 4663 Ἀλλ’
621 4610 682 4663 οὐ
724 4608 986 4663 παύονται
1015 4609 1127 4664 ἀνω
1172 4608 1267 4662 καὶ
1299 4608 1450 4663 κάτω
1496 4607 1657 4679 θρυλε-

87 4802 227 4851 stant
261 4792 594 4848 nominatim
618 4790 673 4845 in
704 4789 1025 4860 Scripturis.
1054 4787 1115 4844 ln
1133 4788 1272 4844 libro
1295 4788 1409 4844 sive
1435 4787 1666 4857 epistola

90 4866 159 4921 De
196 4864 327 4924 ﬁde,
361 4862 664 4917 Moralibus
692 4862 932 4931 praefixa.
963 4875 1087 4914 cum
1130 4860 1350 4928 quidam
1387 4861 1455 4912 ab
1482 4873 1553 4931 eo
1569 4874 1665 4931 po-

90 4937 385 4992 stulassent
404 4927 1009 5003 ὁμολογίανξγγραφον,
1032 4927 1408 5000 confessionem
1428 4942 1493 4982 ea:
1516 4927 1665 4982 Scri-

88 5008 249 5075 pruris
298 5000 550 5072 petitum,
588 5000 1222 5075 p._225,‘prolitetur_se
1278 5014 1388 5075 non
1432 5014 1661 5075 usurum

88 5070 255 5133 verbis
284 5070 602 5143 ἀγράφοις,
616 5072 671 5126 id
718 5079 823 5137 est,
842 5070 989 5143 quae
1017 5071 1072 5143 in
1103 5070 1403 5143 scripturis
1452 5083 1571 5143 non_
1594 5070 1664 5123 le-

88 5158 305 5218 guntur.
336 5138 503 5200 Unde
548 5138 1026 5218 consubstantiale
1056 5141 1130 5218 in_
1155 5138 1402 5218 illalidei
1425 5138 1660 5218 confes-

91 5208 235 5273 sione
269 5232 386 5271 non
435 5215 727 5284 reperitur.
758 5211 948 5266 Ariani
989 5211 1133 5284 apud
1175 5210 1533 5284 Athanasium
1565 5208 1657 5284 lib.

92 5287 157 5344 De
180 5290 394 5343 decret.
413 5279 536 5339 Nic.
564 5290 871 5354 queruntur
889 5279 1254 5354 quod’Nicteni
1282 5279 1471 5354 Patres
1497 5280 1570 5354 ἀγ

94 5376 212 5427 qm;
231 5355 435 5423 λέξεις,
452 5348 708 5427 αἱσιὶὖῃεε
736 5370 839 5427 non
859 5348 1082 5427 scriptas
1107 5351 1473 5427 admisissent.
1492 5348 1663 5427 _2°_N_i-

93 5419 157 5482 liil
190 5419 326 5485 τοι-ἱ*
353 5419 591 5483 dixisset
623 5423 881 5486 Basilius,
922 5419 971 5478 si
1001 5421 1399 5478 confessionem
1444 5419 1565 5475 ﬁdei
1604 5419 1662 5476 in

93 5497 297 5555 Patrem
317 5509 373 5553 et
401 5495 604 5551 Filium
634 5502 689 5551 et
718 5492 1279 5563 Spiritumrsanctutn,
1309 5501 1362 5563 et
1389 5491 1490 5545 alia
1515 5489 1661 5559 ejus—

94 5571 223 5623 modi
271 5568 551 5630 instituta,
590 5580 714 5637 quae
758 5561 916 5619 vocat
964 5562 1209 5637 ἄγραφα,
1250 5561 1400 5637 nullo
1426 5575 1653 5637 prorsus

96 5641 285 5710 scripto
308 5630 640 5706 consignata
685 5649 808 5710 esse
836 5630 1230 5710 contendisset.
1266 5630 1469 5685 ﬂorum
1508 5631 1651 5710 enim

98 5701 211 5779 non'
237 5701 560 5779 infrequens
594 5706 754 5779 apud
788 5704 1040 5779 antiquos
1090 5703 1387 5779 scriptores
1422 5701 1647 5755 mentio.

98 5778 221 5844 Quin
244 5772 411 5838 etiam
440 5781 561 5846 ipse
591 5772 829 5833 Basilius
858 5772 1197 5846 glorificandi
1228 5772 1649 5842 modum,,quem

1762 4607 2063 4679 quentiam,
2093 4607 2286 4679 autgin
2323 4605 2478 4664 hisce
2526 4606 2820 4663 novitatem
2852 4622 2963 4663 non
2989 4622 3114 4663 esse
3169 4608 3341 4663 totius

1764 4786 1907 4860 inter
1933 4787 2154 4860 ἄγραφα
2178 4786 2431 4860 instituta
2457 4786 2853 4842 numerandum
2879 4787 3093 4860 fatetur.
3123 4786 3179 4841 in
3208 4789 3348 4842 scri-

1764 4858 1871 4926 ptis
1911 4855 2154 4912 veterum
2206 4855 2430 4912 Patrum
2480 4872 2625 4926 saepe
2670 4872 2962 4912 occurrere
3001 4857 3344 4912 demonstrat

1761 4942 1887 4999 cap.
1921 4928 2010 4983 29.
2054 4926 2457 4999 Frustraergo
2480 4928 2907 4999 sententiaesua:
2956 4927 3266 4999 praesidium
3308 4945 3339 4982 a

1759 4993 1961 5053 Basilio
1980 5005 2197 5068 petunt,
2224 4997 2316 5067 qui
2350 4993 2539 5068 preces
2586 4996 2843 5068 Liturgiae
2867 4993 2993 5052 sero
3040 4993 3339 5051 admodum

1758 5067 2096 5122 contendunt
2123 5068 2315 5123 litteris
2343 5067 2628 5122 mandatas
2650 5067 2843 5123 fuisse.

1831 5137 1942 5208 (69)
1976 5135 2091 5207 Τῆς
2122 5137 2576 5208 πίστεως.ξΕὰἰιὶ
2608 5136 2815 5191 addunt
2861 5134 3160 5199 πιστεύειν,
3178 5135 3338 5208 quod

1762 5205 1861 5264 sua
1889 5205 2081 5277 sponte
2107 5206 2537 5273 incommodum,
2568 5221 2644 5277 iac
2673 5209 2728 5262 in
2759 5207 2940 5262 tribus
2985 5221 3118 5277 mss.
3158 5205 3335 5260 deest.

1833 5274 1945 5350 (70')
1984 5278 2069 5350 Τῷ
2108 5277 2504 5350 βαπτίσματι.
2534 5276 2672 5331 Male
2707 5278 2763 5332 in
2805 5277 3044 5350 editione
3068 5274 3246 5332 Paris.
3277 5278 3337 5328 ἐν

1756 5347 1848 5421 τῷ
1870 5347 2226 5421 βαπτίσματι,
2256 5348 2403 5418 quod
2433 5362 2536 5418 ope
2567 5347 3111 5421 veterumhlibrorum
3147 5361 3335 5421 etneno

1757 5416 2025 5476 (lavimus.
2060 5416 2227 5475 Paulo
2249 5416 2372 5489 post
2401 5416 2513 5489 tr_és
2539 5431 2673 5473 mss.
2699 5419 2765 5471 ἐκ
2786 5418 2883 5489 τῆς
2902 5416 3081 5489 ἀὐτῆς
3107 5416 3332 5489 ταύτης.

1832 5435 2025 5476 Vtmus.
2060 5435 2227 5475 rauto
2249 5435 2372 5489 posm
2401 5435 2513 5472 tres
2539 5435 2673 5473 mss.
2699 5435 2765 5471 εκ
2856 5435 2883 5480 ς
2911 5435 3081 5486 αυτ-ης
3107 5435 3332 5485 ταυτης.

1828 5489 1938 5568 )
1958 5488 2426 5568 Είσφερρμᾴνηγ.
2446 5485 2679 5568 Ita-mss.
2703 5435 2983 5543 sexﬂiditi
2998 5486 3332 5568 Δ(λοερομλξνην.

1828 5555 1956 5633 (ΗΣ
1980 5555 2472 5633 Αιάγηὶέλλργῖες.
2521 5555 2601 5611 lta
2648 5571 2839 5614 omnes
2887 5555 3087 5613 nostri
3113 5555 3333 5612 codices

1757 5628 2061 5710 mss;
2084 5628 2518 5710 ἐξαγγέλλοντες.

1828 5699 1940 5773 (73)
1984 5698 2078 5756 Ἑν
2123 5697 2247 5764 τοῖς
2263 5698 2642 5768 μυστηρίοις.
2683 5697 3001 5771 Prmpositio
3042 5697 3228 5754 addita
3262 5707 3336 5751 ex

1756 5784 1891 5825 mss.
