3788 6522
442 372 547 432 195

1780 365 1838 420 8.
1878 360 2120 420 BASILII
2159 361 2372 419 MAGNI

3620 361 3748 417 186

442 486 894 545 destructionem.
927 481 998 536 At
1028 495 1138 536 non
1177 478 1440 536 desinunt
1469 479 1560 536 isti
1595 494 1816 535 sursum
1847 479 2007 535 deor-

2159 477 2324 542 ιῦντες
2342 477 2440 549 τὴν
2464 476 2779 549 ἀμάρτυρον
2800 476 2894 530 καὶ
2909 476 3175 547 ἄγραφον.
3197 475 3291 530 καὶ
3312 477 3413 530 ὃσα
3428 473 3742 542 τοιαῦτα,

445 594 569 635 sum
617 576 851 647 jactare,
898 572 1351 645 gloriﬁcationem
1395 587 1521 626 cum
1567 578 1763 626 sancto
1806 569 2014 642 Spiritu

444 685 636 728 carere
661 656 997 733 testimonio,
1028 680 1219 720 carere
1255 662 1562 734 Scriptura,
1596 669 1651 718 et
1679 662 1785 716 alia
1814 662 2011 732 hujus-

443 762 614 819 modi.
642 760 863 816 Dictum
892 766 978 815 est
1008 756 1228 829 quidem
1270 756 1408 811 nihil
1440 756 1645 812 referre
1670 754 1738 810 ad
1767 770 2010 821 sensum,

448 857 565 912 sive
588 852 764 920 dicas,
793 849 978 906 Gloria
1009 847 1161 902 Patri
1195 852 1251 903 et
1276 845 1419 901 Filio
1449 852 1505 902 et
1544 842 1774 916 Spiritui
1799 850 2011 908 sancto,

448 946 565 1003 sive
587 944 763 1011 dicas,
813 941 1003 998 Gloria
1035 939 1187 994 Patri
1219 946 1274 995 et
1300 938 1441 993 Filio
1463 951 1587 992 cum
1639 944 1830 993 sancto
1885 934 2013 1006 Spi-

447 1037 580 1093 ritu.
616 1035 737 1090 Non
783 1033 952 1105 igitur
993 1031 1078 1088 fas
1122 1043 1208 1088 est
1244 1031 1498 1101 cuiquam
1548 1028 1812 1101 syllabam
1845 1035 1917 1093 et,
1946 1041 2016 1082 ex

448 1143 546 1185 ore
592 1125 810 1182 Domini
859 1122 1161 1196 profectam
1209 1121 1438 1191 rejicere
1488 1129 1584 1175 aut
1643 1133 1955 1190 expungere
1996 1135 2012 1173 :

448 1234 552 1275 nec
581 1217 882 1289 quidquam
909 1225 1052 1271 vetat
1090 1215 1314 1269 alteram
1335 1228 1459 1283 qua:
1478 1212 1620 1267 idem
1652 1212 1837 1282 pollet,
1872 1208 2017 1266 reci-

449 1326 579 1382 pere
617 1329 631 1365 :
663 1324 786 1380 quae
844 1306 1121 1378 quomodo
1170 1320 1295 1360 cum
1340 1304 1434 1359 illa
1484 1304 1565 1359 vel
1601 1301 1892 1357 conveniat
1932 1300 2020 1356 vel

448 1402 762 1473 discrepet,
824 1399 1079 1470 superius
1132 1396 1648 1453 demonstravimus.
1714 1393 2018 1449 Conﬁrmat

450 1499 634 1547 autem
662 1490 989 1548 sententiam
1022 1487 1186 1543 nobis
1215 1496 1269 1542 et
1312 1487 1632 1557 Apostolus,
1666 1485 1775 1556 58
1801 1482 2019 1539 iudill‘e-

453 1591 641 1638 renter
670 1588 903 1651 utraque
944 1593 1080 1633 voce
1116 1586 1276 1633 utens
1312 1576 1586 1632 interdum
1628 1576 1701 1631 ita
1738 1577 1968 1645 loquens
2000 1592 2014 1628 :

452 1673 521 1729 In
566 1673 778 1728 nomine
824 1669 1040 1725 Domini
1085 1666 1213 1723 Iesu
1252 1667 1475 1733 Christi,
1507 1668 1636 1722 etin
1671 1667 1876 1736 Spiritu
1920 1664 2020 1719 Dei

451 1766 624 1822 nostri
656 1766 680 1797 ⁵
705 1783 721 1833 ;
751 1778 817 1819 ac
860 1777 1078 1826 rursus,
1120 1758 1462 1831 Congregatis
1485 1758 1628 1814 vobis
1660 1767 1710 1812 et
1746 1774 1859 1812 meo
1893 1756 2018 1825 Spi-

2114 569 2212 641 τὴν
2252 570 2348 623 σὺν
2375 568 2453 640 τῷ
2484 568 2761 640 Πνεύματι
2804 566 2880 639 τῷ
2910 566 3049 637 ἁγίῳ
3085 567 3411 637 δοξολογίαν.
3445 568 3744 640 Εἴρηται

2118 660 2217 732 μὲν
2251 655 2365 725 οὖν,
2394 661 2476 713 ὅτι
2500 659 2694 715 ταυτόν
2741 659 2858 712 ἐστι
2895 659 3030 731 πρὸς
3058 658 3293 712 διάνοιαν
3318 660 3523 724 εἰπεῖν,
3565 658 3743 725 Δόξα

2115 751 2289 823 Πατρὶ
2316 751 2410 804 καὶ
2436 750 2550 821 Υἱῷ
2582 750 2673 803 καὶ
2701 749 2842 819 ἁγίῳ
2873 749 3180 821 Πνεύματιο
3209 749 3303 803 καὶ
3327 750 3463 817 Δόξα
3510 752 3745 821 Πατρὶ

2115 845 2209 898 καὶ
2235 843 2349 914 Υἱῷ
2381 843 2477 898 σὺν
2511 842 2591 915 τῷ
2630 843 2769 915 ἁγίῳ
2796 844 3095 914 Πνεύματι.
3131 842 3267 897 Ούτε
3304 840 3396 899 οὖν
3427 845 3544 917 τὴν
3616 843 3743 897 καὶ

2116 936 2382 1009 ωλλαὸὴν
2422 936 2483 1005 ἐξ
2520 937 2689 1009 αὐτῆς
2718 935 2813 989 τοῦ
2843 936 3049 1009 Κυρίου
3093 936 3276 1006 φωνῆς
3308 934 3743 1009 προελθοῦσαν

2114 1029 2374 1102 ἀθετῆσαι
2404 1047 2510 1084 τινι
2541 1028 2575 1100 ἢ
2601 1028 2919 1099 διαγράφειν
2942 1023 3055 1080 οἷόν
3082 1044 3163 1091 τε,
3190 1026 3284 1081 καὶ
3310 1026 3408 1099 τὴν
3437 1026 3707 1101 ἰσοδυνα

2119 1121 2325 1195 μοῦσαν
2365 1121 2501 1193 αὐτῇ
2560 1120 2711 1174 οὐδὲν
2754 1120 2814 1174 τὸ
2844 1117 3055 1173 κωλύον
3102 1119 3495 1191 καταδεχθῆναι
3543 1118 3692 1188 (74)
3714 1137 3734 1151 ο

2114 1215 2182 1287 ῆν
2201 1215 2349 1277 ὅπως
2374 1212 2487 1284 ἔχει
2521 1209 2659 1284 πρὸς
2688 1209 2900 1281 ἐκείνην
2931 1209 3192 1281 διαφορᾶς
3215 1227 3277 1263 τε
3308 1211 3405 1265 καὶ
3430 1210 3742 1282 ὁμοιότη-

2114 1322 2225 1371 τος,
2264 1307 2323 1360 ὲν
2358 1307 2470 1368 τοῖς
2496 1302 2726 1358 κατόπιν
2758 1300 3054 1373 ἐδείξαμεν.
3087 1300 3304 1355 Βεὸαιοτ
3327 1301 3383 1356 δὲ
3410 1302 3563 1373 ἡμῖν
3621 1300 3736 1354 τὸν

2114 1397 2270 1467 λόγον
2306 1398 2400 1452 καὶ⁴
2421 1396 2451 1449 ὁ
2493 1394 2809 1464 ’Δπόστολρς
2829 1394 3132 1465 ἀδιαφόρως
3160 1393 3391 1466 ἑκατέρᾳ
3427 1397 3493 1465 τῇ
3536 1396 3732 1465 φωνῇ

2115 1488 2449 1561 κεχρημένος
2470 1527 2486 1551 ,
2517 1484 2612 1541 νῦν
2641 1486 2738 1557 μὲν
2782 1484 2973 1552 λέγων,
3026 1485 3131 1539 Ἐν
3169 1482 3251 1549 τῷ
3278 1485 3531 1553 ὀνόματι
3596 1484 3731 1538 τοῦ

2115 1581 2335 1649 Κυρίου
2368 1578 2570 1647 Ἰησοῦ
2601 1575 2878 1646 Χριστοῦ,
2918 1573 3016 1629 καὶ
3043 1576 3115 1629 ἐν
3140 1574 3221 1641 τῷ
3243 1576 3553 1645 Πνεύματι
3596 1575 3733 1629 τοῦ

2118 1670 2264 1726 Θεοῦ
2316 1670 2511 1741 ὴμῶν-ο
2569 1669 2729 1724 πάλιν
2765 1668 2822 1722 δὲ
2844 1706 2859 1731 ,
2907 1665 3335 1736 Συναχθέντων
3364 1666 3541 1737 ὑμῶν
3602 1666 3727 1722 καὶ

2116 1764 2222 1819 τοῦ
2254 1763 2400 1834 ἐμοῦ
2429 1762 2770 1832 Πνεύματος
2801 1759 2922 1814 σὺν
2948 1757 3024 1829 τῇ
3045 1758 3291 1829 δυνάμει
3313 1759 3419 1814 τοῦ
3455 1760 3729 1828 Κιερίου

451 1859 564 1913 ritu
611 1872 730 1911 cum
777 1855 970 1910 virtute
1018 1852 1235 1907 Domini
1282 1850 1412 1906 Jesu
1464 1851 1526 1918 ⁸;
1575 1849 1712 1905 nihil
1754 1849 2017 1906 interesse

2159 1854 2360 1923 ίησοῦ·
2405 1853 2556 1907 οὐδὲν
2606 1851 2879 1923 διαφέρειν
2918 1848 3221 1920 ἡγούμενος
3255 1848 3347 1922 .τῷ
3395 1850 3725 1921 συνδέσμῳ

454 1955 629 2015 ratus,
660 1947 777 2003 sive
821 1944 1228 2016 conjunctione,
1266 1944 1383 1999 sive
1411 1941 1796 2013 praepositione
1827 1941 1896 1996 ad
1929 1956 2023 1997 no-

454 2037 664 2093 minum
689 2035 1137 2107 conjunctionem
1159 2032 1358 2089 utaris.

984 2146 1213 2206 CAPUT
1252 2145 1489 2203 XXVIII.

455 2264 613 2332 Quod
645 2279 763 2334 qua:
809 2262 891 2334 de,
918 2261 1213 2317 hominibus
1266 2261 1394 2334 dicit
1442 2258 1718 2334 Scriptura
1749 2267 2024 2334 -lonqnom

524 2351 631 2388 una
657 2326 786 2387 'cum
829 2333 1040 2387 Christo
1074 2332 1432 2400 regnantibus,
1476 2344 1540 2383 ea
1575 2328 1638 2383 de
1667 2326 1885 2397 Spiritu
1916 2329 2024 2383 dici

526 2420 628 2457 non
661 2403 949 2461 concedunt
982 2401 1298 2456 adversarii.

448 2550 459 2559 -
526 2516 617 2571 69.
670 2513 966 2569 Videamus
1024 2526 1189 2583 porro
1240 2526 1309 2566 an
1360 2510 1736 2568 defensionem
1784 2510 2022 2581 aliquam

454 2604 711 2678 patribus
760 2603 968 2661 nostris
1009 2617 1178 2672 super
1226 2601 1543 2673 huiusmodi
1591 2617 1695 2657 usu
1744 2601 2023 2672 possimus

454 2697 784 2766 excogitare.
840 2694 974 2750 Nam
1023 2694 1118 2764 qui
1161 2693 1320 2757 nobis
1365 2686 1454 2749 'ita
1501 2693 1759 2764 loquendi
1806 2692 2024 2749 fuerunt

455 2796 731 2854 auctores,
795 2788 969 2859 magis
1022 2801 1188 2857 quam
1245 2801 1349 2842 nos
1401 2786 1611 2841 haerent
1663 2786 1719 2841 in
1771 2785 2021 2841 crimine.

454 2881 659 2936 Paulus
713 2880 881 2951 igitur
936 2879 1360 2937 Colossensibus
1410 2878 1659 2934 scribens
1718 2900 1730 2933 :
1789 2877 1858 2932 Et
1903 2894 2020 2943 vos,

2119 1946 2153 2017 ἢ
2186 1948 2254 2017 τῇ
2281 1944 2568 2017 προσθέσει
2596 1943 2732 2014 πρὸς
2760 1943 2860 2014 τὴν
2898 1942 3007 1995 τῶν
3038 1942 3315 2013 ὀνομάτων
3357 1940 3724 2012 συμπλοκὴν

2121 2036 2551 2108 ἀποχρήσασθαι.

2606 2149 2998 2207 ΚΕΦΑΔΑῙΟΝ
3034 2148 3167 2207 KH’.

2121 2267 2250 2323 Ὅτι
2292 2267 2331 2323 ἆ
2375 2267 2508 2339 περὶ
2549 2266 2666 2322 τῶν
2711 2268 3031 2339 ἀνθρώπων
3067 2261 3227 2339 λέγει
3264 2267 3302 2336 ἢ
3352 2267 3573 2337 Γραφὴ
3618 2268 3711 2339 ὡς

2190 2336 2756 2408 συμϐασιζὶευόντων
2809 2336 3038 2406 Χριστῷ
3061 2378 3076 2402 ,
3128 2336 3313 2391 ταῦτα
3370 2340 3502 2408 περὶ
3564 2336 3714 2392 τοῦ

2192 2406 2531 2479 Πνῦεὐματος
2575 2410 2646 2463 οὐ
2681 2409 3101 2478 συγχωροῦσιν
3127 2410 3180 2462 οἱ
3211 2406 3670 2478 ἀντιλέγοντες.

2190 2520 2277 2575 69.
2322 2521 2544 2592 Ἰδωμεν
2575 2519 2632 2574 δὲ
2669 2520 2761 2574 καὶ
2790 2519 2843 2574 ετ
2866 2536 2986 2575 τινα
3013 2519 3303 2589 ἀπολογίαν
3329 2522 3438 2584 τοῖς
3472 2520 3714 2593 πατρά-

2124 2629 2206 2666 σιν
2226 2611 2384 2683 ὴμῶν
2410 2611 2507 2683 τῆς
2540 2611 2785 2683 χρήσεως
2808 2609 3011 2683 ταύτης
3058 2612 3430 2682 ὲπινοήσομεν.
3466 2612 3531 2665 Oi
3579 2610 3713 2682 γὰρ

2120 2701 2218 2774 τὴν
2250 2702 2423 2781 ἀρχὴν
2445 2702 2812 2773 παρασχόντες
2842 2701 2920 2772 τῷ
2954 2701 3097 2772 λόγῳ
3126 2702 3322 2773 μᾶλλον
3360 2704 3393 2773 ἡ
3403 2702 3519 2773 μῶν
3548 2702 3707 2754 ὑπό-

2121 2808 2328 2849 κεινται
2358 2795 2469 2857 τοῖς
2502 2792 2825 2865 ἐγκλήμασι.
2864 2792 3073 2857 Παῦλος
3102 2793 3283 2847 τοίνυν
3310 2793 3709 2847 Κολοσσαεῦσι

2122 2888 2365 2960 γράφων·
2388 2887 2497 2942 Καὶ
2523 2883 2703 2956 ὑμᾶς,
2747 2884 2902 2957 φησὶ,
2940 2884 3185 2954 νεκροὺς
3214 2884 3391 2951 ὄντας
3414 2885 3542 2951 τοῖς
3578 2901 3708 2938 παι

455 2972 655 3043 inquit,
714 2986 835 3025 cum
885 2972 1068 3025 essetis
1132 2970 1331 3024 mortui
1378 2966 1585 3023 delictis
1631 2983 1693 3021 ac
1738 2971 2017 3038 praeputio,

2159 2976 2580 3048 απτώμασικαὶ
2608 2976 2679 3046 τῇ
2705 2977 3086 3045 ἀκροόυστίᾳ,
3108 2974 3588 3045 συνεζωοποίησε
3614 2976 3707 3041 τῷ

453 3061 740 3132 υίυίβεαυίι
785 3060 947 3115 simul
993 3077 1112 3115 cum
1162 3059 1376 3116 Christo
1436 3060 1479 3113 ⁸.
1526 3058 1668 3114 Num
1711 3060 1879 3132 igitur
1923 3060 2023 3115 toti

2122 3070 2353 3141 Χριστῷ
2378 3072 2512 3143 (75).
2539 3062 2697 3143 *Αρα
2722 3067 2818 3126 οὖν
2844 3069 2958 3140 λαῷ
2991 3070 3088 3140 μὲν
3128 3070 3233 3141 ὅλῳ
3258 3070 3350 3123 καὶ
3390 3068 3707 3141 Ἐκκλησία

455 3153 658 3226 populo
700 3160 757 3210 et
795 3151 1054 3209 Ecclesia:
1101 3153 1326 3209 donavit
1377 3151 1522 3207 Deus
1562 3155 1731 3208 vitam
1776 3168 1896 3223 quae
1940 3161 2017 3210 est

2159 3165 2415 3237 χαρίσατο
2440 3165 2469 3218 ὁ
2492 3163 2623 3228 Θεὸς
2653 3163 2752 3235 τὴν
2791 3163 2887 3216 σὺν
2920 3161 3139 3234 Χριστῷ
3163 3162 3325 3235 ζωὴν,
3357 3161 3432 3233 τῷ
3459 3162 3517 3215 δὲ
3544 3163 3708 3233 ἁγίῳ

458 3260 586 3301 cum
624 3244 864 3311 Christo,
910 3252 1102 3300 sancto
1144 3252 1326 3300 autem
1365 3242 1592 3315 Spiritui
1633 3259 1743 3302 non
1783 3252 1869 3301 est
1914 3247 2025 3300 vita

459 3353 589 3394 cum
626 3336 887 3394 Christo?
921 3337 1078 3405 Quod
1102 3339 1149 3394 si
1200 3337 1345 3393 istud
1393 3338 1479 3393 vel
1518 3338 1701 3394 animo
1741 3338 2027 3409 concipere

457 3429 683 3501 impium
729 3438 855 3497 est,
904 3444 1090 3486 annon
1161 3431 1311 3502 pium
1374 3429 1561 3497 fuerit,
1606 3436 1667 3484 ut
1715 3429 1878 3486 habet
1930 3444 2025 3484 na-

456 3529 603 3587 tura,
655 3521 730 3577 ita
777 3523 942 3576 etiam
981 3521 1381 3593 professionem
1433 3521 1769 3591 conjunctim
1823 3521 2028 3592 persoL

453 3613 619 3669 vere?
668 3612 872 3669 Adbch
908 3653 924 3681 ,
981 3628 1163 3669 annon
1225 3613 1454 3670 extremi
1512 3613 1753 3685 stuporis
1800 3620 1905 3680 est,
1955 3612 2029 3667 fa-

456 3705 561 3761 teri
616 3714 840 3762 sanctos
891 3720 1016 3762 esse
1059 3720 1185 3761 cum
1225 3705 1444 3761 Christo
1494 3705 1784 3778 (siquidem
1822 3704 2025 3762 Paulus

455 3798 813 3868 peregrinans
877 3812 909 3852 a
959 3811 1191 3867 corpore
1250 3813 1490 3867 praesens
1532 3807 1618 3853 est
1656 3794 1799 3869 apud
1850 3796 2028 3852 Domi-

457 3902 590 3942 num
623 3888 643 3919 "
674 3903 689 3953 ;
723 3896 779 3942 et
828 3886 923 3941 ubi
956 3886 1263 3958 emigravit,
1288 3887 1402 3957 jam
1449 3902 1572 3942 cum
1602 3885 1821 3941 Christo
1864 3886 1969 3956 est)
2008 3903 2023 3940 :

460 3977 566 4031 hos
593 3992 719 4032 vero
745 3976 993 4047 Spiritui,
1016 3987 1277 4047 quantum
1305 3978 1524 4048 quidem
1558 3979 1611 4032 in
1642 3978 1777 4047 ipsis
1801 3985 1906 4042 est,
1932 3993 2029 4033 ne-

459 4081 567 4136 que
604 4067 708 4121 hoc
741 4068 1013 4131 tribuere,
1049 4079 1109 4122 ut
1144 4083 1300 4138 aeque
1342 4069 1534 4124 saltem
1571 4076 1734 4139 atque
1780 4068 2026 4124 homines

459 4174 584 4214 cum
618 4158 838 4215 Christo
873 4160 977 4215 sit?
999 4159 1140 4226 Quin
1168 4169 1223 4217 et
1262 4161 1464 4217 Paulus
1494 4162 1734 4233 seipsum
1766 4162 1860 4218 Dei
1895 4178 2026 4218 coo-

459 4257 765 4323 peratorem
793 4250 1032 4322 appellat
1079 4252 1138 4307 in
1169 4253 1646 4310 administratione
1687 4253 1968 4326 Evangelii
2009 4272 2021 4309 :

352 4398 356 4403 ,
459 4340 555 4397 sed
583 4338 847 4409 Spiritum
876 4350 1153 4409 sanctum,
1185 4359 1282 4414 per
1308 4360 1470 4416 quem
1508 4345 1564 4399 in
1598 4347 1745 4400 omni
1777 4353 2026 4401 creatura

460 4449 582 4504 qua
613 4434 715 4489 sub
738 4434 877 4490 caelo
907 4443 1014 4501 est,
1038 4436 1333 4493 fructiﬁcat
1362 4437 1734 4510 Evangelium,
1761 4440 1806 4495 si
1835 4454 2025 4511 coope-

2127 3258 2399 3329 Πνεύματι
2447 3255 2568 3328 οὐχ).
2614 3257 2709 3310 σὺν
2762 3254 2980 3328 Χριστῷ
3027 3256 3061 3327 ἡ
3115 3254 3260 3327 {mi};
3309 3256 3371 3308 Ei
3421 3254 3476 3308 δὲ
3526 3255 3709 3310 τοῦτο

2125 3348 2219 3402 καὶ
2249 3346 2359 3418 (76)
2398 3345 2605 3417 διανοίᾳ
2647 3344 2829 3403 Ααόεῖν
2859 3343 3073 3407 ἀσεϐὲς,
3112 3342 3228 3406 πῶς
3257 3343 3354 3412 οὐχ
3391 3341 3559 3407 ὅσιον,
3618 3341 3708 3404 ὡς

2124 3439 2236 3510 ἔχει
2275 3438 2505 3509 φύσεως,
2546 3436 2688 3491 οὕτω
2729 3436 2823 3490 καὶ
2858 3436 2956 3507 τὴν
2993 3434 3279 3506 ὁμολογίαν
3324 3433 3705 3504 συνημμένως

2123 3530 2460 3595 ἀποδιδόναις
2510 3526 2643 3583 Εἶτα
2663 3568 2679 3593 ,
2709 3528 2827 3591 πῶς
2858 3528 2918 3581 ού
2960 3527 3059 3598 τῆς
3088 3526 3319 3597 ἐσχάτης
3353 3524 3703 3594 ἀναλγησίας

2123 3625 2248 3688 τοὺς
2291 3623 2388 3696 μὲν
2410 3622 2598 3691 ἁγίους
2635 3620 2913 3693 ὁμολογεῖν
2954 3619 3051 3673 σὺν
3078 3617 3298 3690 Χριστῷ
3322 3612 3457 3669 εἶναι
3483 3615 3503 3685 (
3525 3617 3702 3688 εἴπερ

2123 3716 2186 3788 δὴ
2214 3716 2417 3779 Παῦλος
2441 3714 2751 3786 ἐκδημήσας
2776 3712 2883 3765 ἀπὸ
2909 3709 3003 3765 τοῦ
3046 3709 3294 3782 σώματος
3325 3708 3434 3779 (77)
3463 3708 3591 3778 ὲνδη
3603 3709 3705 3778 μετ

2124 3808 2259 3879 πρὸς
2272 3808 2364 3861 τὸν
2379 3806 2602 3878 Κύριον,
2623 3808 2716 3860 καὶ
2732 3804 3002 3868 ἀναλύσας
3021 3804 3115 3857 σὺν
3134 3800 3351 3873 Χριστῷ
3372 3802 3515 3853 ἐστιν
3536 3801 3698 3877 ήδη),

2122 3897 2200 3969 τῷ
2230 3898 2287 3952 δὲ
2312 3896 2585 3968 Πνεύματι
2618 3895 2839 3958 τούτους
2869 3894 3002 3967 μηδὲ
3034 3897 3144 3955 τοῖς
3174 3891 3474 3964 ἀνθρώποις
3505 3890 3699 3957 ὲξίσου

2127 3992 2262 4059 μετά
2300 3988 2535 4061 Χριστοῦ
2568 3982 2727 4053 εἶναι,
2778 3987 2900 4056 τότε
2936 3987 3015 4047 εἰς
3051 3986 3246 4048 αὐτοὺς
3282 3981 3434 4057 ἧκον,
3468 3984 3701 4052 μεταδιο

2122 4078 2300 4145 δόναι;
2328 4081 2435 4134 Καὶ
2464 4078 2673 4144 Παῦλος
2714 4078 2848 4132 Θεοῦ
2885 4079 2981 4150 μὲν
3021 4075 3271 4148 συνεργὸν
3303 4076 3489 4128 ἑαυτὸν
3528 4077 3589 4128 ὲν
3624 4077 3698 4145 τῇ

2123 4172 2397 4243 οἰκονομίᾳ
2425 4170 2518 4224 τοῦ
2561 4169 2891 4240 Εύαγγελίου
2934 4169 3115 4223 καλεῖο
3157 4167 3217 4220 τὸ
3259 4166 3315 4220 δὲ
3364 4165 3588 4237 Πνεῦμα
3635 4167 3699 4219 τὺ

2123 4262 2295 4331 ἅγιον,
2321 4263 2387 4316 δι’
2417 4255 2477 4316 οὗ
2508 4264 2565 4317 ὲν
2599 4261 2748 4334 πάσῃ
2770 4261 2941 4315 κτίσει
2967 4262 3031 4331 τῇ
3051 4258 3154 4313 ὑπὸ
3175 4258 3263 4312 τὸν
3291 4259 3518 4330 ούρανδν
3553 4276 3699 4332 καρ-

2124 4356 2436 4425 ποφορεῖ-,ται
2473 4353 2534 4406 το
2578 4352 2935 4421 Εύαγγέλιον,
2984 4350 3079 4403 ἐὰν
3124 4349 3378 4421 συνεργὸν
3421 4350 3696 4421 εἴπωμεν,

2124 4444 2401 4500 κάνταῦθα
2429 4444 2539 4515 (78)
2570 4444 2820 4508 ἀσεϐείας
2846 4441 3061 4513 γραφὴν
3096 4441 3219 4495 καθ’
3262 4440 3416 4512 ἡμῶν
3454 4442 3697 4512 ἀπενέγ-

458 4534 694 4581 ratorem
721 4528 1075 4596 appellemus,
1106 4529 1193 4584 hic
1222 4545 1439 4600 quoque
1459 4531 1750 4601 impietatis
1771 4548 1870 4587 nos
1898 4547 2017 4588 reos

2160 4554 2338 4605 αιντο;
2383 4538 2492 4593 Καὶ
2521 4538 2596 4603 ὡς
2646 4538 2838 4602 ἔοικεν,
2886 4538 2918 4607 ἡ
2968 4538 3062 4608 μὲν
3092 4534 3203 4606 ζωὴ
3230 4535 3337 4587 τῶν
3380 4533 3697 4602 ἡλπικότων

457 4617 751 4689 peragent?
780 4616 844 4671 Et
862 4629 922 4674 ut
947 4620 1182 4684 videtur,
1216 4623 1322 4676 vita
1352 4625 1685 4693 sperantium
1711 4624 1767 4678 in
1793 4623 2019 4680 Domino

459 4707 781 4763 abscondita
806 4720 891 4764 est
922 4725 1045 4765 cum
1079 4711 1299 4769 Christo
1326 4715 1382 4769 in
1417 4713 1555 4780 Deo,
1595 4731 1827 4786 cumque
1860 4714 2021 4771 Chri-

459 4808 580 4854 stus
608 4799 924 4868 apparuerit
945 4802 1055 4855 vita
1083 4811 1291 4867 nostra,
1325 4812 1438 4858 tum
1461 4812 1515 4861 et
1541 4806 1643 4876 ipsi
1675 4822 1798 4861 cum
1828 4822 1892 4862 eo
1924 4821 2022 4877 ap-

2125 4630 2217 4683 ὲπὶ
2240 4629 2438 4702 Κύριον
2457 4629 2758 4702 κέκρυπται
2789 4630 2882 4683 σὺν
2905 4628 2981 4699 τῷ
3007 4626 3224 4699 Χριστῷ
3244 4629 3301 4680 ὲν
3317 4626 3391 4697 τῷ
3409 4624 3526 4695 Θεῷ
3541 4641 3554 4654 ⁸
3592 4628 3696 4682 καὶ

2117 4722 2245 4775 ὃταν
2292 4722 2322 4775 ὁ
2360 4722 2591 4794 Χριστὸς
2628 4721 2950 4794 φανερωθῇ,
2978 4722 3012 4791 ἡ
3063 4719 3175 4791 ζωὴ
3222 4718 3398 4790 ἡμῶν,
3432 4717 3553 4771 τότε
3591 4721 3696 4773 καὶ

2118 4812 2271 4866 αὐτοὶ
2304 4814 2399 4866 σὺν
2425 4810 2573 4883 αύτῴ
2594 4810 3062 4883 φανερωθήσονται
3094 4809 3151 4863 ὲν
3180 4808 3308 4881 δόξῃ
3328 4824 3343 4839 ·
3371 4807 3500 4861 αὐτὸ
3537 4806 3596 4861 δὲ
3626 4808 3695 4861 τὸ

458 4888 729 4960 parebunt
761 4889 816 4944 in
846 4891 1016 4963 gloria
1048 4893 1070 4925 ⁸
1102 4912 1115 4947 :
1140 4892 1255 4963 ipse
1285 4906 1466 4951 autem
1498 4895 1734 4968 Spiritus
1760 4898 1903 4963 vitae,
1930 4899 2017 4970 qui

2159 4902 2343 4973 [νεῦμα
2363 4902 2461 4972 τῆς
2495 4902 2658 4971 ζωῆς,
2683 4901 2744 4955 τὸ
2776 4899 3144 4971 ὲλευθερῶσαν
3172 4898 3315 4969 ἡμᾶς
3346 4896 3452 4951 ἀπὸ
3474 4897 3571 4950 τοῦ
3598 4898 3695 4951 νό-

458 4981 709 5037 Iiberavit
736 4996 839 5037 nos
867 4997 897 5037 a
927 4983 1043 5054 lege
1065 4987 1271 5055 peccati
1305 4987 1361 5054 θ,
1396 5003 1738 5060 nequaquam
1777 5001 1859 5048 est
1896 5008 2021 5047 cum

2124 5010 2225 5064 μου
2251 4994 2350 5065 τῆς
2390 4994 2683 5065 ἁμαρτίας,
2723 4992 2972 5095 ούδαρζῶς
3012 4992 3129 5043 ἐστι
3162 4991 3258 5043 σὺν
3290 4986 3528 5061 Χριστῷ,
3561 4985 3694 5042 οὔτε

530 5134 966 5203 ‘lCor.vr,ll.
1051 5139 1447 5210 'ICor.v,4.
1527 5106 1781 5203 ‘Coloss.
1810 5162 1869 5213 ιι,
1902 5147 1988 5203 ιδ.
2068 5146 2382 5213 'llCor.v,
2412 5148 2464 5203 8.
2538 5146 2792 5201 'Coloss.
2824 5146 2988 5214 111,5,
3019 5145 3074 5199 ι.
3151 5141 3575 5206 ’Βοω.νιιι,2.

533 5291 643 5374 (74)
663 5295 1122 5374 Κατᾳδεχθῆνιιι.
1147 5297 1277 5374 Reg.
1306 5297 1575 5374 secundus
1595 5302 2013 5374 mpuosxtiﬁvat.

460 5358 637 5442 Paulo:
655 5375 778 5442 pgst
790 5358 939 5442 idem
978 5358 1151 5442 code;
1179 5358 1380 5442 ενντοῖς
1412 5358 2012 5442 ίκατόπινηὶδιδᾶξαξιεν.

533 5430 762 5513 Ἶξῷ
783 5436 1028 5513 Χριστῷ.
1057 5437 1203 5513 Εᾶίιί
1231 5441 1327 5513 σῦν
1354 5430 1430 5513 τῷ
1457 5439 1695 5512 Χριστῷ,
1730 5430 1854 5511 (ιυὲ
1879 5430 2017 5512 pm-

462 5503 662 5572 positio
686 5503 838 5561 deest
864 5507 918 5560 in
944 5509 1156 5565 duobus
1193 5503 1435 5565 melioris
1465 5503 1607 5565 nota:
1627 5503 1920 5567 codicibus.

498 5569 645 5654 __(7_§)
667 5576 735 5654 ξι
753 5573 821 5654 δὲ
840 5578 1021 5654 τοῦτο.
1036 5578 1280 5654 xghSic
1309 5580 1467 5654 iidem
1487 5582 1613 5654 duo_
1614 5583 1829 5654 codices
1844 5581 2014 5654 modo

462 5645 634 5719 cit_ati.
665 5645 1023 5719 Quatuoralii
1061 5651 1123 5703 El
1150 5649 1207 5703 δὲ
1243 5652 1335 5704 καὶ
1362 5651 1536 5706 τοῦτο.
1576 5650 1713 5705 Editi
1744 5653 1806 5707 Ei
1836 5653 1892 5706 δὲ
1919 5654 2014 5706 καὶ

462 5712 617 5765 τοῦτο
647 5712 759 5768 καί.
799 5712 970 5773 Paulo
996 5727 1117 5788 post
1151 5720 1279 5777 editi
1314 5720 1429 5785 πῶς
1460 5723 1578 5793 οὐχ).
1601 5722 1693 5776 καὶ
1729 5723 1827 5794 τῆς
1848 5723 2012 5794 ἐσχά-

2118 5319 2235 5373 της.
2270 5300 2491 5373 Veteres
2517 5300 2645 5373 libri
2680 5301 2817 5373 utin
2840 5305 3015 5373 textu.

2192 5363 2303 5454 (77)
2354 5371 2486 5454 uno
2510 5372 2616 5425 τοῦ
2655 5369 2949 5454 σώματος.
2971 5363 3687 5454 _lta_mss.'codices.'Edi.ti

2119 5434 2310 5527 ὲκςτοῦ
2346 5443 2616 5527 σιὶῃψτοςζ
2658 5434 2826 5527 Paulo
2850 5434 2990 5527 lpos‘t
3023 5439 3151 5495 editi
3189 5434 3556 5527 ﬂavae-{salq-
3580 5438 3685 5527 ad:

2118 5515 2309 5577 τοὺς...
2330 5509 2437 5582 ,και
2460 5514 2516 5563 ὲν
2549 5513 2695 5582 πάσῃ
2729 5514 2819 5582 τῇ.
2848 5509 3074 5566 Codices
3102 5524 3235 5565 mss.
3270 5518 3329 5564 ut
3365 5509 3420 5562 in
3449 5515 3599 5562 textu
3624 5516 3683 5560 ct

2117 5583 2289 5654 prima
2324 5581 2643 5654 Basileensis
2672 5581 2863 5654 editio.

2189 5653 2300 5724 (78)
2330 5651 2661 5724 Κάνταῦθα.
2699 5652 2847 5706 Hanc
2885 5665 3094 5724 vocem,
3125 5664 3245 5722 qum
3274 5649 3455 5707 deerat
3486 5647 3539 5700 in
3562 5638 3686 5701 edi;-

2116 5722 2208 5789 tis,
2234 5722 2540 5778 addidimus
2566 5737 2633 5778 ex
2654 5737 2786 5780 mss.
2814 5722 3115 5778 codicibus.
