3788 6498
97 331 191 387 157

1211 281 1430 380 ἰιιιειι
1462 323 1553 378 DE
1584 321 1853 379 senum
1896 322 2191 381 SANCTO.

3252 324 3361 381 198

93 452 147 503 ἐν
174 445 527 519 λανθανούσῃ
558 447 652 499 καὶ
676 445 1036 519 κεκρυμμένῃ
1076 446 1174 500 σὺν
1213 445 1361 516 αὐτῷ
1395 442 1531 518 ζωῇ,
1563 444 1658 497 οῦτ

1788 442 2042 509 Christo,
2083 458 2259 514 neque
2288 442 2343 497 in
2382 441 2489 496 vita
2530 442 2735 497 latente
2770 448 2826 497 et
2874 442 3195 526 abscondita
3238 458 3363 499 cum

90 542 143 590 ἓν
170 541 238 608 τῇ
270 532 592 608 φανερώσει
620 540 721 607 τῆς
757 536 936 607 δόξης,
968 538 1034 607 ἣν
1062 538 1224 607 ἡμεῖς
1253 536 1347 588 ἐπὶ
1365 538 1477 599 τοῖς
1512 534 1688 603 ἁγίοις

91 626 510 698 ἑκςανήσεσθαι
566 627 986 698 προσδοκῶμενς
1025 624 1367 698 Κληρονόμοι
1401 626 1557 691 Θεοῦ,
1592 627 1687 679 καὶ

90 718 533 790 σλγκληρονὸμοι
570 718 809 790 Χριστοῦ
852 721 1047 790 ἡμεῖς’
1084 718 1145 770 τὸ
1188 718 1246 771 δὲ
1283 717 1504 788 Πνεῦμα
1538 718 1687 771 ἀπό-

85 811 289 882 κληρον
325 812 426 864 καὶ
458 811 694 881 ἄμοιρον
734 810 835 881 τῆς
861 810 1144 874 κοινωνίας
1183 810 1275 863 τοῦ
1304 809 1440 863 Θεοῦ
1468 811 1561 864 καὶ
1590 808 1682 863 τοῦ

84 903 323 973 Χριστοῦ
357 902 560 966 αὐτοῦς
590 902 702 956 Καὶ
750 903 880 955 αὐτὸ
934 902 1034 974 μὲν
1063 902 1125 955 τὸ
1156 901 1382 973 Πνεῦμα
1431 918 1686 973 συμμαρ-

80 997 233 1065 τυρεῖ
397 993 678 1064 πνεύματι
726 993 905 1064 ἡμῶν,
958 995 1040 1047 ὅτι
1096 993 1263 1064 ἐσμὲν
1304 993 1468 1046 τέκνα
1514 992 1679 1046 Θεοῦο

80 1087 243 1155 ἡμεῖς
275 1085 336 1137 δὲ
365 1083 447 1155 τῷ
478 1084 768 1155 Πνεῦματι
796 1084 915 1137 οὐδὲ
953 1085 1020 1154 ἢν
1050 1082 1201 1155 παρά
1233 1082 1325 1137 τοῦ
1354 1084 1556 1155 Κυρίου
1586 1101 1684 1155 με-

85 1176 426 1247 μαθήκαμεν
460 1176 566 1248 τῆς
608 1176 741 1248 πρὸς
770 1176 900 1230 Θεὸν
933 1177 1216 1240 κοινωνίας
1243 1177 1344 1246 τὴν
1379 1176 1683 1248 μαρτυρίαν

80 1267 540 1338 κατατιθέμεθα;
584 1268 657 1320 Τὸ
696 1267 753 1320 δὲ
797 1266 1092 1336 κεφάλαιον
1138 1268 1235 1339 τῆς
1276 1267 1480 1332 ἀνοίας,
1524 1269 1684 1338 ἡμεῖς

82 1363 178 1431 μὲν
205 1359 300 1413 διὰ
348 1360 456 1430 τῆς
508 1360 589 1424 είς
618 1360 854 1431 Χριστὸν
893 1360 1126 1423 πίστεως
1166 1360 1265 1431 τῆς
1315 1362 1373 1412 ἐν
1408 1358 1682 1429 Πνεύματι

85 1452 599 1524 σονεγερθὴσεσθαι
653 1452 802 1523 αὐτῷ
847 1453 941 1507 καὶ
991 1452 1433 1522 ωγκαθεδεῖσθαι
1474 1452 1584 1523 (79)
1624 1454 1683 1505 ὲν

80 1550 189 1608 τοῖς
217 1545 583 1617 ἐπουρανίοις
613 1543 925 1615 ἐλπίζομεν,
970 1544 1098 1598 ὅταν
1145 1544 1594 1617 μετασχηματίσῃ
1621 1543 1684 1597 τὸ

88 1638 244 1708 σῶμα
268 1637 382 1707 τῆς
415 1635 812 1697 ταπεινώσεως
848 1634 1004 1707 ἡμῶν
1027 1636 1135 1690 ἀπὸ
1159 1634 1253 1690 τοῦ
1283 1636 1513 1708 ψυχικοῦ
1548 1636 1683 1709 πρὸς

80 1731 137 1781 τὸ
180 1728 610 1799 πνευματικόν·
643 1727 723 1798 τῷ
759 1727 817 1781 δὲ
868 1727 1149 1800 Πνεύματι
1185 1728 1245 1781 οὐ
1276 1729 1576 1800 συνεδρίας,
1618 1728 1680 1780 οὐ

81 1819 257 1890 δόξης,
281 1821 393 1872 οὐκ
422 1819 590 1872 ἄλλου
618 1816 786 1883 τινος,
813 1811 888 1872 ὧν
914 1817 1110 1890 ἔχομεν
1140 1819 1270 1891 παρ’
1292 1818 1481 1885 αὐτοῦ,
1512 1837 1678 1891 μετα·
1713 1796 1755 1850 Β

82 1911 336 1981 δίδομεν;
377 1909 503 1963 ἀλλ’
551 1902 628 1963 ὧν
672 1908 900 1973 ἑαυτοὺς
953 1908 1137 1975 ἀξίους
1194 1906 1352 1976 εἶναι,
1391 1909 1531 1963 κατά
1581 1910 1678 1982 τὴν

79 2002 281 2073 ἀξευδῆ
302 2002 406 2056 τοῦ
443 2000 919 2073 ἐπαγγειλαμένου
952 2001 1182 2073 δωρεὰν,
1211 2002 1674 2074 πεπιστεύκαμεν,

82 2093 282 2146 τούτων
311 2093 539 2157 οὐδενὸς
576 2092 654 2165 τῷ
700 2093 976 2164 Πνεῦματι
1020 2092 1098 2163 τῷ
1147 2093 1283 2165 ἁγίῳ
1311 2092 1386 2155 ὼς
1415 2093 1677 2165 ὑπερϐαί-

80 2202 257 2248 νοντος
282 2185 467 2238 αὑτοῦ
489 2185 589 2257 τὴν
619 2184 778 2250 ἀξίαν
806 2183 1280 2257 παραχωροῦμεν;
1321 2185 1429 2237 Kal
1466 2185 1549 2238 σοὶ
1580 2185 1678 2256 μὲν

80 2278 217 2331 κστά
244 2278 359 2349 τὴν
389 2275 554 2342 ἀξίαν
600 2278 717 2330 ἐστὶ
759 2277 986 2331 πάντοτε
1024 2272 1161 2330 εἶναι
1196 2277 1293 2329 σὺν
1339 2274 1417 2347 τῷ
1466 2276 1674 2348 Κυρίῳ,

78 2370 170 2421 καὶ
204 2368 552 2439 προσδοκᾷς,
586 2368 858 2439 ἀρπαγεὶς
894 2369 951 2421 ἐν
978 2368 1226 2437 νεφέλαις
1253 2368 1332 2432 εἰς
1377 2368 1677 2439 ἀπάντησιν

82 2463 158 2523 si;
176 2463 345 2532 ἀέρα,
371 2460 610 2514 πάντοτε
634 2457 949 2512 συνέσεσθαι
977 2458 1054 2529 τῷ
1078 2460 1297 2531 Κυρίῳο
1328 2460 1388 2514 τὸ
1422 2461 1479 2514 δὲ
1509 2461 1676 2515 Πνεῦ-

82 2569 153 2620 μα
181 2552 280 2605 νῦν
312 2550 633 2619 ἀντιλέγεις
665 2550 780 2621 (80)
828 2546 965 2603 εἶναι
1016 2551 1111 2604 σὺν
1140 2549 1220 2622 τῷ
1252 2551 1296 2603 Χ
1305 2551 1505 2623 ριστῷ;
1536 2553 1594 2617 ὃς
1611 2569 1675 2622 γε

72 2644 164 2697 τὴν
184 2640 653 2714 συναριθμοῦντα
682 2640 814 2696 αὐτὸ
845 2641 940 2696 καὶ
983 2640 1345 2696 συντάσσοντα
1382 2642 1555 2715 Πατρὶ
1581 2643 1676 2697 καὶ

106 2736 192 2807 fit?)
240 2736 532 2807 ἐξόριστον
580 2734 813 2801 τίθεσαι,
857 2733 932 2797 ὡς
977 2733 1226 2805 ἀφόρητα
1278 2733 1661 2790 δυσσεϐοῦντα.

143 2828 237 2883 τι).
275 2826 626 2897 Αἰσχύνομαι
679 2827 974 2896 ἐπαγαγεῖν
1006 2826 1074 2880 τὰ
1124 2824 1437 2896 λειπόμενα,
1481 2828 1563 2881 ὅτι
1608 2828 1672 2881 σὺ

79 2919 179 2988 μὲν
216 2917 759 2990 συνδοξασθήσεσθαι
793 2917 1013 2990 Χριστῷ
1036 2916 1338 2988 προσδοκᾷς
1357 2917 1535 2989 (εἴπερ
1567 2918 1672 2991 γὰρ

76 3010 491 3081 σομπάσχομεν
524 3010 614 3063 ἵνα
641 3010 738 3063 καὶ
763 3008 1247 3079 συνδοξασθῶμεν)·
1277 3009 1337 3063 τὸ
1366 3008 1425 3062 δὲ
1456 3008 1674 3080 Πνεῦμα

72 3103 176 3172 τῆς
208 3101 537 3172 ἁγιωσύνης
556 3101 635 3155 ὀὐ
675 3102 1012 3169 συνδοξάζεις
1051 3100 1293 3173 Χριστῷ,
1327 3100 1403 3166 ὡς
1436 3103 1555 3156 οὐδὲ
1588 3105 1671 3157 σοὶ

78 3196 186 3247 τῶν
213 3195 352 3247 ἰσων
377 3192 676 3264 τυγχάνειν
700 3193 849 3260 ἄξιον
884 3193 1023 3265 (81).
1054 3195 1165 3247 Kal
1194 3194 1259 3245 σὺ
1297 3192 1397 3264 μὲν
1427 3192 1667 3258 ἐλπίζεις

76 3285 515 3357 σομᾶσσιλεύειν
532 3302 548 3316 ’
572 3285 705 3338 τὸδὲ
734 3284 956 3357 Πνεῦμα
979 3284 1080 3355 τῆς
1099 3285 1319 3361 χάριτος
1342 3284 1663 3357 ὲνυϐρίζεις,

76 3379 175 3450 τὴν
194 3378 389 3432 δούλου
412 3376 570 3449 αὐτῷ
593 3378 687 3432 καὶ
719 3377 992 3449 ὑπηρέτου
1020 3374 1171 3444 τάξιν
1192 3376 1533 3449 ἀποκληρῶν.
1558 3377 1665 3431 Kal

76 3469 247 3524 ταῦτα
302 3470 479 3539 λέγω,
533 3470 634 3541 οὐχ
690 3470 777 3524 ἵνα
829 3469 1077 3524 τοσοῦτον
1124 3470 1281 3536 δείξω
1324 3469 1666 3541 ὀφειλόμενον

76 3561 215 3617 εἶναι
240 3566 333 3627 είς
354 3562 674 3632 δοξολογίαν
701 3560 779 3633 τῷ
799 3561 1075 3634 Πνεύματι
1098 3580 1112 3594 ν
1135 3561 1249 3616 ἀλλ’
1273 3562 1359 3615 ἴνα
1374 3561 1473 3633 τὴν
1493 3564 1667 3631 ἀγνω-

80 3657 321 3729 μοσύνην
354 3655 569 3725 ἐλέγξω
607 3654 716 3708 τῶν
765 3655 898 3728 μηδὲ
928 3654 1181 3708 τοσοῦτον
1230 3654 1497 3718 διδόντων,
1551 3653 1665 3707 ἀλλ’

75 3747 149 3810 ὡς
195 3748 464 3802 ἀσέϐειαν
515 3745 830 3816 φευγόντων
872 3745 970 3818 τὴν
1022 3745 1117 3799 τοῦ
1168 3744 1482 3816 Πνεύματος
1531 3744 1667 3818 πρὸς

82 3838 202 3891 Ti?”
231 3839 333 3892 καὶ
368 3838 602 3909 Πατέρα
644 3836 926 3891 κοινωνίαν
970 3836 1072 3907 τῆς
1112 3835 1288 3907 δόξης.
1328 3837 1425 3900 Τίς
1447 3836 1666 3890 δύναται

78 3930 245 3984 ταῦτα
278 3930 587 3984 ἀστενακτὶ
612 3927 902 3999 παρελθεῖν
923 3944 941 3996 ;
968 3929 1037 3980 Ἦ
1079 3927 1186 4000 γὰρ
1211 3928 1330 3998 οὐχὶ
1385 3926 1666 3998 προδήλως

81 4022 209 4089 [82),
230 4020 381 4074 ὥστε
412 4020 524 4073 κᾶν
564 4018 719 4073 παιδὶ
748 4016 998 4088 γενέσθαι
1039 4016 1331 4088 γνώριμον,
1376 4016 1474 4088 τὴν
1507 4017 1665 4070 ἀπει-

78 4113 332 4183 ληθεέσαν
348 4112 455 4183 τῆς
472 4111 711 4174 πίστεως
728 4108 966 4178 ἔκλειψιν
982 4108 1420 4180 προοιμιάζονται
1440 4106 1506 4162 τὰ
1528 4125 1667 4179 παρ-

80 4206 230 4272 όντας
271 4202 584 4276 ’Δμφίόολα
608 4201 799 4270 γέγονε
834 4199 901 4254 τὰ
928 4199 1315 4272 ἀναντίρῤητα.
1337 4199 1666 4272 Πιστεύομεν

81 4298 159 4361 είς
184 4300 247 4351 τὺ
268 4294 507 4366 Πνεῦμα
526 4310 542 4325 ·
570 4295 665 4348 καὶ
683 4297 798 4359 ταῖς
816 4292 1109 4364 ἡμετέραις
1135 4292 1313 4346 αὐτῶν
1357 4293 1667 4363 ὁμολογίαις

84 4387 527 4461 ζυῃμαχοῦμεν.
572 4382 984 4455 Βαπτιζόμεθα’
1039 4383 1133 4437 καὶ
1164 4383 1325 4438 πάλιν
1359 4384 1662 4455 μαχόμεθα.

1788 535 1904 598 illo,
1939 549 2116 605 neque
2149 535 2204 588 in
2233 532 2671 589 manifestatione
2698 534 2906 604 glorim,
2950 549 3116 604 quam
3160 550 3260 591 nos
3306 537 3363 591 in

1789 627 1995 681 sanctis
2027 624 2460 695 patefaciendam
2495 640 2619 680 esse
2651 624 3064 695 exspectamus?
3101 625 3361 684 Heredes

1786 714 1884 770 Dei
1917 723 1971 771 et
2019 715 2333 770 cohaeredes
2369 713 2578 769 Christi
2617 730 2721 769 nos
2757 730 2948 771 sumus
2979 717 3021 748 ¹⁰
3060 735 3073 771 :
3122 715 3362 787 Spiritus

1785 821 1918 861 vero
1950 807 2198 862 exbaeres
2241 814 2359 874 est,
2408 814 2463 861 et
2504 820 2695 862 exsors
2740 809 3143 864 communionis
3174 809 3270 879 Dei
3306 818 3362 866 et

1785 898 1989 954 Christi
2026 899 2184 969 ejus?
2209 897 2274 952 Et
2308 899 2427 968 ipse
2456 897 2675 969 quidem
2708 897 2949 968 Spiritus
2982 903 3357 958 testinmnium

1785 992 2030 1062 perhibet
2080 992 2299 1063 spiritui
2330 1001 2539 1059 nostro,
2570 994 2732 1063 ;quod
2772 994 2944 1049 simus
2975 993 3072 1048 ﬁlii
3117 993 3210 1050 Dei
3247 996 3290 1027 ¹²
3339 1014 3353 1051 :
3403 1057 3414 1067 ,

1784 1098 1887 1137 nos
1911 1098 2040 1138 vero
2073 1081 2321 1151 Spiritui,
2349 1098 2419 1139 ne
2449 1084 2572 1154 ejus
2601 1076 2820 1154 quidem
2856 1085 3160 1153 societatis,
3193 1103 3355 1158 quam

1785 1174 1863 1228 illi
1888 1189 2013 1228 cum
2044 1173 2153 1229 Deo
2172 1188 2294 1230 esse
2320 1188 2351 1228 a
2375 1174 2606 1230 Domino
2637 1176 2950 1240 didicimus,
2984 1178 3357 1234 testimonium

1784 1264 2129 1334 praebemus?
2160 1264 2330 1319 Porro
2354 1265 2500 1337 quod
2525 1275 2608 1323 est
2636 1269 2888 1324 amentiae
2914 1276 3101 1339 caput,
3131 1286 3233 1326 nos
3263 1287 3361 1342 per

1784 1356 1943 1412 ﬁdem
1971 1358 2026 1411 in
2050 1356 2329 1412 Christum
2351 1374 2473 1427 quae
2497 1369 2580 1414 est
2611 1360 2667 1413 in
2701 1358 2929 1430 Spiritu,
2950 1358 3357 1419 resurrecturos

1784 1462 1906 1502 cum
1938 1448 2033 1501 illo
2063 1457 2116 1503 et
2139 1449 2302 1503 simul
2337 1465 2462 1503 cum
2494 1451 2592 1504 illo
2619 1464 2873 1506 sessuros
2898 1467 3024 1508 esse
3063 1453 3117 1506 in
3158 1468 3355 1523 super-

1783 1540 2103 1596 cmlestibus
2141 1556 2448 1612 speramus,
2478 1558 2602 1597 cum
2630 1543 3105 1601 transformaverit
3152 1562 3355 1618 corpus

1784 1630 2103 1687 humilitatis
2126 1642 2329 1689 nostrae
2351 1633 2420 1688 ab
2444 1635 2666 1689 animali
2687 1636 2754 1690 ad
2784 1637 3088 1707 spirituale;
3128 1638 3355 1708 Spiritui

1782 1737 1911 1777 vero
1936 1739 2046 1778 non
2078 1739 2429 1793 consessum,
2465 1740 2574 1780 non
2598 1726 2979 1797 gloriam,non
3013 1730 3162 1784 aliud
3193 1732 3355 1800 quid-

1785 1831 1946 1886 quam
1967 1831 2153 1870 eorum
2181 1833 2301 1884 qua:
2328 1819 2397 1873 ab
2427 1818 2544 1888 ipso
2566 1819 2849 1882 habemus.
2874 1821 3240 1891 impertimus?
3259 1825 3355 1880 sed

1784 1909 1987 1978 quibus
2023 1923 2122 1963 nos
2153 1908 2261 1980 59
2298 1909 2447 1980 ipsos
2473 1923 2594 1965 esse
2615 1910 2831 1982 dignos,
2862 1928 2930 1967 ex
2952 1912 3072 1982 ejus
3104 1915 3195 1984 qui
3227 1931 3354 1986 pro-

1784 1999 1933 2054 misit
1970 2013 2077 2054 non
2129 2000 2380 2054 mendaci
2423 2016 2671 2066 munere,
2700 2002 2998 2068 credimus,
3031 2004 3225 2059 horum
3265 2006 3354 2060 ni-

1785 2091 1860 2145 hil
1900 2089 2127 2161 Spiritui
2158 2100 2368 2155 sancto,
2391 2093 2548 2163 quasi
2572 2104 2831 2163 superent
2861 2095 3007 2150 illius
3038 2095 3351 2166 dignitatem

1783 2181 2163 2238 concedimus?
2186 2181 2251 2235 Et
2279 2181 2379 2236 tibi
2404 2182 2622 2254 quidem
2649 2198 2749 2254 pro
2770 2185 2962 2240 merito
2989 2185 3116 2241 licet
3141 2202 3355 2257 semper

1783 2287 1907 2328 esse
1932 2288 2055 2328 cum
2088 2272 2322 2327 Domino
2354 2291 2367 2327 :
2403 2281 2457 2328 et
2488 2281 2801 2343 exspectas,
2837 2282 2897 2328 ut
2929 2283 3121 2345 raptus
3166 2276 3221 2331 in
3250 2293 3354 2332 nu-

1782 2366 1944 2423 bibus
1968 2366 2023 2421 in
2054 2382 2348 2423 occursum
2388 2370 2442 2425 in
2472 2382 2651 2426 aerem
2673 2410 2687 2433 ,
2722 2385 2940 2441 semper
2967 2372 3047 2428 sis
3085 2388 3208 2427 cum
3242 2372 3352 2428 Do-

1781 2459 1930 2514 mino
1959 2460 2003 2491 "
2036 2476 2050 2513 :
2093 2457 2356 2528 Spiritum
2404 2467 2588 2517 autem
2628 2476 2776 2515 nunc
2805 2477 2929 2518 esse
2961 2477 3086 2518 cum
3129 2464 3352 2522 Christo

1782 2550 1981 2620 negas?
2018 2548 2121 2617 Qui
2158 2552 2370 2608 scilicet
2401 2568 2547 2619 eum,
2581 2555 2675 2623 qui
2701 2554 2883 2623 ipsum
2927 2570 3050 2609 cum
3085 2555 3245 2614 Patre
3286 2573 3353 2615 ac

1781 2638 1922 2696 Filio
1951 2649 2199 2697 numerat
2219 2657 2284 2698 ac
2310 2644 2476 2709 locat,
2513 2645 2742 2714 expellis
2766 2655 2823 2700 et
2851 2645 3029 2716 ejicis,
3066 2648 3219 2704 velut
3254 2651 3350 2720 qui

1780 2732 2111 2803 impietatem
2140 2748 2251 2789 non
2282 2735 2554 2790 ferendam
2590 2736 2891 2793 admiserit.

1757 2827 1766 2837 '
1848 2823 1939 2879 70.
1962 2823 2137 2880 Pudet
2162 2826 2372 2897 reliqua
2404 2825 2723 2897 adiungere;
2753 2829 2899 2899 quod
2929 2836 2989 2884 tu
3012 2830 3231 2901 quidem
3259 2848 3350 2889 ex-

1782 2923 1998 2984 spectas
2024 2913 2160 2979 iore,
2191 2924 2250 2970 ut
2274 2931 2398 2971 cum
2427 2915 2648 2971 Christo
2671 2916 2990 2987 gloriﬁceris
3026 2938 3043 2973 :
3076 2920 3345 2991 siquidem

1780 3006 1943 3061 simul
1973 3006 2282 3077 afﬂigimur,
2311 3016 2371 3062 ut
2394 3008 2559 3063 simul
2589 3023 2808 3079 quoque
2837 3010 3208 3080 gloriﬁcemur
3251 3014 3295 3046 ³⁸
3327 3034 3343 3071 :

1782 3096 2047 3169 Spiritum
2067 3108 2245 3156 autem
2271 3100 2723 3156 sanctiﬁcationis
2750 3117 2858 3156 non
2890 3101 3164 3172 gloriﬁcas
3178 3104 3346 3161 simul

1774 3208 1897 3248 cum
1936 3194 2176 3260 Christo,
2212 3197 2369 3266 quasi
2399 3210 2468 3251 ne
2510 3197 2628 3266 pari
2662 3195 2880 3267 quidem
2927 3205 3107 3253 tecum
3138 3200 3347 3258 honore

1772 3285 2016 3357 dignum.
2048 3286 2114 3342 Et
2146 3300 2201 3343 tu
2228 3289 2449 3358 quidem
2486 3304 2674 3360 speras
2709 3299 2762 3347 te
2808 3305 2933 3346 cum
2979 3307 3046 3348 c0
3089 3303 3345 3366 regnatu-

1772 3394 1916 3443 rum,
1956 3378 2219 3451 Spiritum
2249 3395 2378 3437 vero
2403 3382 2594 3451 gratia
2617 3382 2790 3438 allicis
2813 3387 3166 3452 contumelia,
3200 3388 3345 3444 servi

1772 3469 2070 3540 famulique
2114 3472 2296 3526 locum
2342 3473 2421 3529 illi
2462 3474 2768 3545 assignans.
2812 3477 2989 3547 Atque
3035 3478 3149 3535 haec
3182 3480 3339 3547 dico,

1770 3575 1882 3615 non
1916 3568 1977 3616 ut
2006 3560 2272 3617 duntaxat
2301 3564 2587 3619 ostendam
2620 3568 2953 3624 tantumdem
2992 3569 3218 3626 honoris
3246 3572 3343 3627 de-

1772 3651 1887 3706 beri
1914 3650 2137 3722 Spiritui
2168 3653 2222 3706 in
2241 3654 2655 3725 gloriﬁcatione,
2689 3658 2783 3714 sed
2802 3666 2861 3713 ut
2893 3661 3341 3719 illorumdemen—

1772 3744 1901 3796 tiam
1935 3743 2280 3815 redarguam,
2309 3747 2403 3817 qui
2435 3763 2503 3803 ne
2529 3748 2632 3805 hoc
2656 3751 2874 3821 quidem
2902 3752 2980 3807 illi
3005 3755 3335 3823 concedunt,

1773 3835 1867 3890 sed
1898 3836 2040 3892 velut
2066 3837 2396 3908 impietatem
2438 3838 2695 3907 horrent,
2746 3841 2981 3913 Spiritus
3021 3860 3145 3901 cum
3174 3846 3338 3905 Patre

1771 3935 1826 3982 et
1858 3925 1996 3982 Filio
2018 3929 2072 3983 in
2103 3929 2277 4000 gloria
2306 3933 2666 3989 consortium.
2692 3934 2825 4000 Quis
2862 3944 3040 4006 potest
3071 3939 3184 3995 hanc
3211 3941 3337 3998 abs-

1771 4034 1877 4088 que
1907 4019 2105 4088 gemitu
2142 4024 2605 4078 commemorare?
2627 4022 2822 4079 Annon
2862 4026 3207 4084 manifestum
3230 4038 3334 4098 est,

1772 4109 1848 4163 ita
1881 4120 1941 4164 ut
1969 4110 2051 4166 vel
2084 4127 2222 4181 puer
2250 4112 2538 4184 intelligat,
2569 4130 2632 4170 ea
2666 4131 2787 4186 quae
2809 4132 2959 4173 nunc
2988 4118 3123 4174 ﬁunt
3150 4136 3336 4191 proas-

1771 4201 1881 4254 mia
1904 4215 2026 4257 esse
2061 4201 2388 4261 defectionis
2419 4206 2577 4271 fidei,
2610 4223 2773 4277 quam
2815 4210 3057 4268 minatus
3100 4223 3183 4268 est
3228 4216 3335 4270 Do-

1770 4292 1991 4347 minus?
2038 4292 2245 4360 Quibus
2274 4297 2574 4352 contradici
2617 4297 2702 4354 fas
2740 4314 2847 4354 non
2890 4307 3043 4366 erat,
3094 4303 3336 4360 eatacta

1772 4390 1903 4437 sunt
1942 4383 2217 4454 ambigua.
2260 4385 2546 4442 Credimus
2596 4387 2651 4442 in
2696 4387 2997 4458 Spiritum,
3039 4399 3093 4445 et
3131 4393 3335 4449 nostris

94 4481 178 4546 Ὧς
218 4478 476 4552 ἀρχηγὸν
506 4478 610 4548 τῆς
649 4475 793 4547 ζωῆς
818 4474 1250 4546 ὲπικαλούμεθα*
1288 4475 1381 4528 καὶ
1412 4474 1487 4539 ὡς
1538 4477 1660 4547 ὁμο-

1778 4475 2012 4542 ipsorum
2059 4475 2493 4545 professionibus
2532 4493 2923 4550 repugnamus.
2961 4479 3331 4551 Baptizamur,

85 4572 264 4625 ἄτᾶλοο
301 4567 776 4640 καταφρονοῦμεν.
808 4566 964 4621 Μετά
1004 4566 1218 4643 Πατρρς
1246 4568 1340 4622 καὶ
1368 4565 1494 4620 Υἱοῦ
1525 4584 1660 4639 παρ-

1778 4571 1824 4619 et
1854 4579 2074 4621 rursum
2103 4581 2430 4637 pugnamus.
2461 4566 2531 4623 Ut
2554 4568 2678 4624 vita:
2695 4577 2970 4625 auctorem
2990 4570 3331 4637 invocamus,

84 4661 366 4731 ελάεομενο
408 4659 505 4711 καὶ
532 4657 608 4724 ὡς
640 4657 804 4729 μέρος
832 4657 931 4727 τῆς
958 4656 1187 4721 κτίσεως
1224 4656 1576 4728 ἀτιμάζομεν.
1601 4658 1660 4711 Ol

1778 4663 1827 4712 et
1871 4666 1929 4711 ut
1959 4672 2286 4714 conservum
2326 4660 2678 4730 despicimus.
2724 4661 2863 4717 Cum
2911 4661 3073 4719 Patre
3106 4672 3160 4720 et
3195 4663 3334 4720 Filio

86 4752 161 4815 δὲ,
183 4752 236 4805 τί
260 4748 658 4822 προσεύξονται
686 4748 760 4820 μὴ
782 4747 999 4813 εἰδότες,
1019 4748 1116 4801 ὲάν
1139 4766 1191 4800 τι
1214 4747 1308 4801 καὶ
1336 4746 1660 4817 φθέγξασθαι

1778 4746 2036 4819 Spiritum
2075 4751 2418 4821 accepimus,
2462 4759 2516 4808 et
2551 4768 2676 4808 eum
2717 4759 2778 4807 ut
2819 4762 3082 4810 creatura:
3121 4763 3330 4825 partem

87 4842 279 4913 σεμνὸν
327 4840 460 4911 περὶ
508 4838 605 4891 τοῦ
660 4837 974 4910 Πνεύματος
1018 4838 1132 4909 (85)
1179 4836 1542 4910 προαχθῶσιν,
1588 4839 1660 4905 ὠς

1778 4842 2104 4911 contemptui
2149 4842 2434 4899 habemus.
2479 4843 2574 4899 lsti
2603 4851 2783 4899 autem
2809 4884 2825 4910 ,
2863 4844 2994 4915 quid
3035 4859 3194 4901 orare
3237 4846 3333 4901 de-

154 4962 381 5048 i'ltom.
415 5006 534 5056 riu,
566 4990 654 5046 l7.
727 4989 922 5046 "ibid.
957 4989 1042 5045 16.
1123 4987 1427 5046 "lThess.
1463 5005 1535 5056 ιν,
1578 4989 1660 5045 16.

1778 4990 1969 5050 'Rom.
2008 5010 2129 5061 νηί,
2161 4993 2248 5051 17.

153 5112 267 5183 (ῖ9)
295 5108 818 5183 Σηικαθεδεῖσβαι.
840 5106 930 5183 Sic
947 5116 1156 5163 veteres
1175 5108 1297 5163 libri
1311 5124 1411 5179 pro
1428 5123 1492 5164 eo
1513 5108 1660 5179 quod

89 5177 197 5239 erat
229 5177 289 5237 in
321 5177 487 5236 editis
516 5177 963 5247 συγκαθέζεσθαι.

155 5252 269 5323 (80)
296 5251 430 5323 ῌῦν
447 5246 799 5323 angam.
831 5246 1035 5323 Vocula
1057 5262 1123 5302 ex
1154 5247 1428 5323 geteribus
1450 5256 1661 5323 mss.__et

305 5315 885 5393 Basileensi‘editione
912 5316 1115 5371 addita.
1142 5315 1328 5393 ‘Paulo
1361 5326 1483 5388 post
1525 5317 1657 5374 editi

317 5390 582 5445 τίθεσθαι.
612 5386 867 5454 Quinque
891 5403 1024 5458 mss.
1052 5395 1111 5458 ut
1142 5388 1194 5442 iu
1221 5386 1392 5458 textu,
1423 5403 1656 5458 quorum

97 5474 269 5518 tamen
312 5464 371 5517 in
416 5461 633 5517 duobus
683 5460 877 5528 legitur
901 5456 1167 5513 τίθεσθαι.
1218 5457 1339 5512 Mox
1390 5456 1524 5514 editi
1556 5461 1656 5512 ἐπ-

98 5534 270 5600 άγεινς
303 5547 439 5589 mss.
476 5531 620 5600 utin
654 5536 829 5600 textu.

159 5596 269 5672 (81)
300 5602 528 5668 Ἄξιον.
568 5599 710 5672 μειβ
733 5599 788 5652 in
812 5596 974 5672 editis
1012 5597 1179 5672 ἀξιῶν
1201 5605 1392 5672 contra
1419 5608 1661 5672 veterum

101 5667 334 5729 codicum
358 5667 541 5733 ﬁdem.
567 5670 740 5726 Paulo
767 5674 891 5740 post
922 5667 1120 5739 Regius
1149 5668 1425 5726 secundus
1453 5670 1663 5742 συμϐα-

104 5746 369 5801 σιλεύσειν.

1839 5110 1953 5196 (82)
1978 5113 2320 5196 Προδήτζως.
2353 5114 2478 5196 Haec
2501 5117 2769 5196 scriptura
2804 5119 2857 5175 in
2881 5118 3092 5176 duobus
3117 5125 3327 5196 tantum

1767 5193 1983 5261 reperta
2017 5186 2299 5261 codicibus
2321 5203 2334 5253 ;
2361 5188 2457 5243 sed
2483 5186 2629 5261 quia‘
2641 5190 2800 5259 paulo
2830 5201 2952 5261 post
2976 5198 3212 5260 quatuor
3233 5190 3327 5261 alii

1765 5251 1970 5307 habent
2008 5251 2470 5326 προοιμιάζονται,
2499 5251 2555 5313 et
2587 5251 2720 5331 Reg.
2753 5251 3025 5317 secundus
3047 5260 3326 5335 προοιμιά-

1765 5319 1938 5400 ζεται,
1974 5334 2161 5400 nonut
2194 5328 2324 5382 editi
2360 5329 2826 5400 προοιμιάζεσθαι,
2848 5330 3051 5386 idcirco
3067 5331 3200 5387 satis
3223 5331 3326 5386 fuit

1765 5393 1945 5479 legate
1974 5396 2271 5479 προδήλως,
2290 5393 2478 5479 ﬂuam
2513 5393 2573 5452 ut
2604 5393 2735 5479 editi
2767 5393 3045 5479 πρόδηλοντ

1837 5464 2113 5587 (83)(Ϊερὶ
2130 5464 2251 5519 τοῦ
2281 5464 2643 5535 Πόιεύματος.
2681 5468 2769 5523 Sic
2793 5464 2932 5525 mss:
2953 5472 3169 5526 codices
3197 5485 3327 5541 qua-

1768 5541 1909 5588 tuor.
1980 5550 2049 5588 0n
2079 5539 2216 5588 male
2236 5537 2288 5588 in
2306 5537 2466 5588 editis
2483 5540 2632 5588 παρὰ
2658 5539 2750 5588 τοῦ
2779 5540 3107 5588 Πνεύιιατοε-
3131 5541 3178 5588 εἰ
3200 5542 3324 5588 auid

1768 5605 2235 5679 etiam_magniﬁce
2261 5608 2482 5679 inquit:
2518 5605 2721 5679 Spiritu
2756 5605 3109 5679 impellantur.
3154 5605 3324 5665 Paulo

1768 5683 1893 5747 post
1912 5674 2356 5747 Regfsecundus
2369 5677 2463 5734 τοῦ
2491 5674 2648 5753 λόγου
2664 5680 2741 5754 τῷ
2765 5674 2939 5737 δοκεῖν
2966 5681 3302 5737 ὑπεσπίπτον

1980 5550 2049 5590 on
2079 5539 2216 5611 male
2235 5537 2466 5611 in_edit_is
2483 5540 2632 5611 παρά
2658 5539 2750 5593 τοῦ
2779 5540 3108 5611 Πνεύματος,
3131 5541 3178 5611 εί
3200 5537 3324 5611 quid
