3788 6518
1280 360 1481 439 LIBER
1519 363 1607 419 ns
1646 359 1917 421 suumn
1960 322 2242 419 sisere.

3283 349 3414 421 'aio

155 480 242 551 ἐφ’
280 481 425 551 ἡμᾶς
455 479 688 550 εργανον
724 480 1096 551 κολαστήριοψ
1124 480 1199 545 ὡς
1231 480 1417 552 ἔμοιγε
1449 481 1600 535 οὐδὲν
1634 498 1686 552 φ(

1828 493 1948 531 rum
1983 478 2349 553 instrumenta
2390 468 2590 533 mnos
2633 484 2989 544 moveantur;
3018 478 3162 548 quod
3203 477 3271 534 ad
3310 496 3397 537 me

151 572 458 646 θερὼτερον
490 570 586 624 τοῦ
625 571 702 641 μὴ
741 569 1022 640 φοόεῑσθαι
1047 570 1147 634 τὰς
1176 570 1423 638 ἀπειλὰς,
1457 571 1525 640 ἃς
1558 574 1586 626 ὀ
1612 572 1726 626 Κύ-

150 678 267 734 ριος
317 665 429 725 τοῖς
468 661 533 714 τὸ
586 659 814 732 Πνεῦμα
869 660 1281 731 βλασφημοῦσιν
1331 663 1722 717 ὲπανετείνατο.

148 756 296 827 Πρὸς
325 756 423 825 μὲν
450 750 546 808 οὖν
575 755 704 817 τοὺς
729 753 1077 825 εὐγνώμονας
1103 754 1212 807 τῶν
1237 754 1538 825 ἀνθρώπων
1569 756 1726 827 ἱκανὴ

144 845 413 914 ἀπολογία
470 845 542 898 τὰ
591 843 878 916 εἰρημένα,
922 845 1004 898 ὄτι
1048 844 1315 915 δεχόμεθα
1359 845 1542 916 φωνὴν
1585 846 1727 900 οὔτω

148 937 249 1006 μὲν
282 936 446 1005 φίλην
480 936 580 990 καὶ
601 938 944 1007 προσήγορον
968 934 1083 1005 (15)
1110 937 1223 999 τοῖς
1259 936 1455 1005 ἁγίοις,
1489 936 1726 1008 τοσούτῳ

139 1027 199 1081 δὲ
246 1026 363 1081 εθει
422 1026 837 1096 βεϐαιωθεὴαν·
887 1025 1023 1080 διότι
1069 1026 1162 1095 ἀφ’
1203 1020 1264 1080 οὗ
1310 1028 1616 1099 κατηγγέλη
1662 1029 1725 1089 τὸ

142 1119 481 1187 Εύαγγέλιον
508 1118 675 1190 μέχρι
692 1117 789 1173 τοῦ
823 1117 939 1185 νῦν,
962 1120 1426 1191 ὲμπολιτευομένη
1452 1123 1572 1185 ταῖς
1604 1120 1724 1176 Ἑκ-

142 1209 396 1279 κλησίαις
447 1209 745 1263 δείκνυταιο
795 1210 891 1264 καὶ
936 1209 1021 1263 τὸν
1042 1209 1292 1280 μέγιστον
1311 1252 1327 1272 ,
1359 1211 1599 1276 εὐσεϐῶς
1628 1213 1723 1267 καὶ

139 1303 303 1363 ὁσίως
342 1300 489 1354 κατὰ
531 1301 631 1373 τὴν
681 1300 890 1365 ἔννοιαν
933 1300 1151 1372 ἔχουσα.
1199 1303 1343 1372 Πρὸς
1381 1303 1440 1358 δὲ
1471 1303 1549 1357 τδι
1580 1304 1723 1374 μέγα

138 1391 451 1463 κριτήριον,
489 1391 615 1444 τίνα
652 1390 751 1462 τὴν
789 1388 1083 1459 ἀπόλογίαν
1126 1393 1339 1457 ἑαυτοῖς
1382 1393 1723 1465 εὐτρεπίσαι-

140 1498 274 1552 μενς
300 1482 427 1534 Ὅτι
454 1481 653 1551 ἐνῆγεν
676 1480 787 1553 (16)
810 1483 958 1552 ἡμᾶς
986 1482 1122 1554 πρὸς
1149 1482 1249 1554 τὴν
1269 1483 1425 1548 δόξαν
1440 1484 1535 1538 τοῦ
1559 1485 1723 1540 Πνεύ-

140 1588 310 1641 ματος
339 1571 566 1644 πρῶτον
596 1571 694 1641 μὲν
719 1572 752 1641 ἡ
780 1570 930 1642 παρὰ
961 1570 1056 1625 τοῦ
1087 1574 1292 1647 Κυρίου
1316 1573 1469 1645 τιμὴ,
1500 1592 1719 1647 συμπα-

138 1662 472 1732 ραλαϐόντος
494 1660 681 1739 ἑαυτῷ
717 1661 811 1715 καὶ
840 1661 919 1732 τῷ
954 1664 1131 1735 Πατρ“ι
1174 1666 1309 1737 πρὸς
1333 1666 1395 1720 τὸ
1418 1665 1716 1739 βάπτισμαο

134 1718 330 1804 ἔπειτα
357 1752 394 1822 ἡ
705 1749 863 1821 ἡμῶν
890 1718 986 1804 διὰ
1011 1718 1110 1822 τῆς
1133 1718 1390 1827 τοιαύτης

1827 568 2047 640 quidem
2072 567 2287 633 attinet,
2324 567 2460 622 nihil
2500 568 2738 631 arbitror
2778 568 3199 634 formidabilius,
3227 578 3394 640 quam

1827 674 1933 713 non
1985 656 2280 713 formidare
2327 657 2539 721 minas,
2578 672 2717 725 quas
2757 658 3017 716 Dominus
3044 660 3101 715 in
3131 658 3395 730 Spiritum

1825 749 2194 819 blasphemias
2213 749 2553 819 jacientibus
2585 748 2695 821 64
2718 748 3023 807 intentavit.
3056 750 3227 822 igitur
3247 748 3393 821 apud

1824 841 2081 896 cordatos
2126 840 2379 896 homines
2429 840 2497 894 ad
2544 840 2914 911 purgationem
2961 841 3069 896 mei
3116 841 3391 896 subiciunt

1824 932 1942 987 haec
1971 946 2094 1003 quae
2129 931 2275 986 dicta
2323 937 2484 996 sunt,
2520 930 2667 1001 quod
2703 930 2994 1001 recipimus
3032 947 3219 988 vocem
3252 931 3390 989 adeo

1823 1029 2035 1093 gratam
2071 1037 2136 1076 ac
2167 1020 2493 1093 familiarem
2528 1022 2757 1089 sanctis,
2789 1022 3012 1094 insuper
3038 1030 3093 1080 et
3127 1032 3235 1080 tam
3266 1025 3392 1081 diu-

1822 1113 1938 1168 tino
1960 1128 2064 1167 usu
2115 1111 2519 1168 conﬁrmatam.
2558 1111 2694 1167 Nam
2744 1127 2814 1167 ex
2857 1129 2966 1184 quo
3006 1120 3250 1185 tempore
3301 1119 3388 1183 est

1821 1204 2207 1259 annuntiatum
2239 1201 2593 1276 Evangelium
2616 1220 2792 1276 usque
2816 1206 2883 1260 ad
2913 1220 3171 1277 praesens,
3203 1214 3386 1262 ostens

1820 1296 1968 1351 ditur
1987 1294 2041 1350 in
2064 1294 2327 1352 Ecclesiis
2347 1297 2552 1351 usitata
2578 1295 2783 1354 fuisse:
2806 1306 2861 1353 et
2878 1297 3021 1368 quod
3040 1306 3123 1352 est
3142 1297 3389 1353 omnium

1821 1385 2142 1450 maximum,
2195 1386 2345 1456 pium
2406 1400 2471 1441 ac
2531 1386 2847 1458 religiosum
2906 1402 3130 1443 sensum
3186 1386 3388 1443 habere

1818 1475 2248 1532 demonstratur.
2300 1475 2571 1533 Cancrum
2619 1479 2765 1551 apud
2812 1492 3069 1551 magnum
3113 1478 3245 1534 illud
3281 1479 3385 1533 tri-

1808 1564 2016 1628 bunal,
2064 1580 2227 1637 quam
2266 1566 2429 1624 nobis
2467 1569 2877 1624 excusationem
2906 1567 3386 1640 apparaverimus?

1818 1657 2085 1715 Nimirum
2136 1657 2284 1729 quod
2336 1659 2555 1714 induxit
2604 1674 2706 1716 nos
2757 1659 2825 1715 ad
2875 1660 3100 1733 gloriam
3148 1660 3385 1730 Spiritus

1820 1749 2052 1819 primum
2082 1749 2260 1805 honos
2286 1750 2363 1805 illi
2387 1750 2608 1806 habitus
2632 1766 2661 1805 a
2688 1750 2941 1817 Domino,
2972 1751 3026 1806 in
3058 1751 3386 1823 baptismate

134 1843 258 1910 γίας
290 1819 436 1914 πρδς
460 1843 562 1915 τὴν
594 1819 926 1911 θεογνωσίαν
954 1819 1249 1917 εἰσαγωγὴ*
1284 1819 1370 1916 sc?"
1400 1819 1569 1902 ἀπασι
1600 1819 1658 1903 δὲ
1683 1874 1686 1891 ‹

1819 1839 2080 1912 Spiritum
2128 1842 2458 1914 adjungente
2506 1844 2611 1899 sibi
2659 1852 2714 1900 et
2764 1844 2913 1900 Patri
2943 1845 3026 1900 ”:
3090 1819 3383 1915 praeterea,

100 1952 107 1958 '
137 1936 299 2005 τὸὃος
337 1934 454 1988 τῶν
479 1933 905 2006 ἀπειληθέντων,
935 1936 1214 2008 ἀπείργων
1249 1939 1347 2011 τὴν
1374 1937 1579 1995 ἔννοιαν
1612 1942 1715 1995 πά-

136 2043 236 2098 σης
268 2027 505 2093 ἀναξίας
533 2027 629 2080 καὶ
660 2028 923 2098 ταπεινῆς
955 2029 1291 2100 ὑπολήψεως.
1315 2034 1376 2085 υἱ
1397 2033 1456 2086 δὲ
1484 2035 1714 2089 ἐναντίοι

135 2120 187 2173 τί
232 2121 336 2173 καὶ
382 2119 611 2191 ἑροῠσι;
669 2120 833 2174 ποίαν
877 2121 1169 2191 ἀπολογίαν
1221 2124 1322 2194 τῆς
1370 2124 1714 2198 βλασφημίας

135 2210 352 2276 tlinum;
399 2213 545 2282 μήτε
586 2210 688 2277 τὰς
728 2211 895 2284 τιμὰς
923 2213 1033 2284 (17)
1066 2214 1438 2293 τοῖλΚυρίου¹
1466 2220 1707 2274 καταιδε-

137 2302 379 2367 σθέντες,
411 2304 555 2375 μήτε
589 2303 689 2367 τὰς
714 2304 944 2370 ἀπειλὰς
975 2306 1139 2365 αὐτοῦ
1173 2307 1517 2379 φοϐηθέντες.
1549 2304 1707 2367 Οὗτοι

136 2393 233 2464 μὲν
262 2392 364 2448 οὖν
391 2394 577 2466 κύριοι
616 2394 1005 2466 βουλεύσασθαι
1036 2399 1298 2470 περὶτῶν
1334 2402 1456 2456 κατ’
1491 2403 1707 2469 αὐτοὺς,

132 2482 163 2554 ἢ
190 2486 291 2538 καὶ
328 2484 867 2556 μεταϐουλεύσασθαι
899 2488 1022 2560 ἤδη.
1048 2490 1220 2563 Αὐτὸς
1254 2490 1298 2544 δ’
1339 2492 1405 2546 ἂν
1448 2492 1709 2567 εὐξαίμην

132 2575 373 2644 μάλιστα
412 2576 514 2648 μὲν
540 2576 726 2632 δοῦναι
756 2578 850 2633 τὸν
884 2580 1084 2648 ἀγαθὸν
1107 2580 1239 2636 Θεὸν
1272 2582 1369 2654 τὴν
1405 2585 1596 2640 ἑαυτοῦ
1626 2589 1707 2641 εί-

132 2667 304 2738 ρήνην
330 2665 711 2739 βραϐεύουσαν
740 2670 797 2722 ἐν
830 2673 950 2735 ταῖς
980 2672 1229 2744 καρδίαις
1262 2675 1534 2743 ἁπάντων,
1565 2678 1706 2734 ὥστε

129 2756 256 2818 τ>²ος
309 2756 666 2835 σφριγῶντας
693 2758 816 2813 καθ’
851 2760 1008 2832 ἡμῶν
1047 2760 1290 2838 τούτους,
1323 2766 1418 2819 καὶ
1454 2784 1707 2823 συντετα-

130 2846 366 2916 γμένους
392 2848 508 2918 (18)
560 2849 827 2922 σφοδρῶς,
866 2853 924 2905 ὲν
971 2851 1248 2925 Πνεύματι
1279 2857 1584 2929 πραότητος
1611 2862 1705 2916 καὶ

129 2937 353 3009 ἀγάπης
373 2936 804 3012 κατασταλῆναι·
830 2944 880 2997 εί
907 2943 952 2998 δ’
978 2943 1086 3017 άρα
1108 2947 1381 3012 παντελῶς
1406 2948 1702 3023 ὲξηγρίων-

127 3043 215 3080 ται
255 3030 355 3083 καὶ
387 3028 799 3096 ἀτιθασσεύτως
826 3032 1059 3104 ἔχουσιν,
1102 3036 1218 3090 ἀλλ’
1247 3039 1378 3109 ἡμῖν
1422 3057 1485 3109 γε
1522 3042 1702 3099 δοῦναι

1816 1933 1960 2003 quod
2002 1934 2239 2003 quisque
2285 1941 2538 1990 nostrum
2571 1951 2669 2006 per
2713 1937 2874 1991 talem
2912 1936 3275 1992 initiationem
3314 1933 3383 1991 ad

1816 2023 1911 2079 Dei
1945 2026 2314 2095 cognitionem
2347 2024 2632 2083 institutus
2662 2034 2779 2083 est:
2821 2043 2984 2098 super
3027 2027 3212 2083 omnia
3255 2012 3383 2084 vero

1813 2124 1992 2172 terror
2023 2117 2296 2172 minarum
2340 2132 2537 2174 arcens
2567 2132 2783 2174 omnem
2820 2118 3161 2189 indignitatis
3194 2127 3249 2175 et
3275 2119 3381 2174 hu-

1812 2206 2048 2262 milioris
2089 2207 2371 2278 opinionis
2413 2209 2824 2279 cogitationem.
2863 2209 3173 2266 Adversarii
3215 2225 3382 2282 porro

1810 2297 1940 2368 quid
1970 2298 2184 2354 tandem
2215 2298 2420 2355 dicturi
2446 2300 2622 2355 sunt?
2649 2315 2813 2371 quam
2838 2301 3188 2372 blasphemia:
3216 2317 3382 2358 excu-

1812 2390 2079 2446 sationem
2111 2389 2378 2446 ail‘erent?
2401 2392 2494 2461 qui
2539 2407 2716 2462 neque
2752 2383 3037 2459 honorem.
3068 2408 3229 2465 quem
3269 2393 3380 2450 Do-

1809 2477 1992 2534 minus
2035 2479 2229 2534 tribuit
2280 2478 2535 2550 Spiritui,
2582 2483 2809 2538 reVeriti
2856 2491 3009 2551 sunt,
3062 2499 3166 2540 nec
3215 2485 3382 2541 minis

1812 2569 1962 2626 illius
2011 2571 2287 2627 deterriti.
2338 2572 2461 2629 istis
2491 2574 2710 2645 quidem
2753 2575 2987 2632 liberum
3028 2583 3114 2632 est
3156 2576 3226 2632 de
3276 2591 3382 2632 suo

1809 2661 2125 2718 consultare
2161 2663 2406 2735 negotio,
2457 2672 2554 2720 aut
2596 2666 2762 2722 etiam
2812 2673 3026 2723 mutare
3060 2668 3376 2724 consilium.

1809 2749 1931 2819 Ipse
1960 2766 2090 2806 vero
2120 2752 2351 2822 optarim
2385 2753 2622 2808 maxime
2647 2753 2899 2825 quidem,
2936 2762 2997 2808 ut
3024 2751 3169 2811 Deus
3198 2754 3378 2810 bonus

1811 2840 1901 2896 det
1927 2856 2082 2897 suam
2114 2858 2324 2913 pacem,
2348 2859 2471 2915 quae
2491 2845 2568 2900 ita
2591 2845 2648 2900 in
2674 2846 2934 2902 cordibus
2958 2847 3203 2901 omnium
3233 2861 3374 2917 prae-

1806 2932 2012 2997 sideat,
2047 2942 2106 2988 ut
2138 2936 2231 2990 isti
2264 2936 2360 3006 qui
2402 2937 2457 2991 in
2489 2951 2593 2993 nos
2623 2936 2893 3004 fremunt,
2921 2946 2976 2994 et
3004 2936 3061 2993 in
3092 2952 3193 2994 nos
3222 2946 3373 2993 atro-

1806 3018 1944 3074 citer
1986 3022 2398 3091 conglomerati‘
2433 3025 2760 3097 insurgunt,
2793 3025 2849 3081 in
2896 3025 3104 3098 Spiritu
3131 3027 3374 3085 lenitatis

130 3118 510 3192 μακροθύμως
544 3122 730 3193 φέρειν
757 3123 824 3177 τά
852 3127 983 3197 παρ’
1006 3127 1205 3183 αὐτῶν.
1235 3108 1458 3196 Πάντως
1483 3133 1561 3199 δὲ,
1590 3139 1686 3200 τοῖς

1812 3116 1857 3164 et
1881 3108 2168 3168 charitatis
2212 3122 2664 3185 compescantur.
2708 3115 2864 3183 Quod
2898 3119 2945 3173 si
2976 3133 3206 3188 prorsus
3237 3117 3372 3174 eﬂ‘e-

127 3209 186 3261 τὺ
212 3210 508 3284 ἀπόκριμα
542 3212 636 3267 τοῦ
683 3213 913 3270 θανάτου
953 3219 1011 3271 ὲν
1047 3220 1257 3284 ἑαυτοῖς
1287 3221 1498 3293 ἔχουσιν
1539 3226 1599 3279 ού
1639 3227 1686 3280 τὶ

1812 3199 1906 3252 rati
1932 3208 2085 3265 sunt,
2111 3217 2214 3258 nec
2239 3218 2631 3260 mansuescere
2653 3216 2905 3276 possunt,
2928 3217 3078 3265 certe
3096 3209 3185 3265 det
3209 3210 3371 3267 nobis

127 3301 322 3355 παθεῖν
378 3303 522 3375 ὑπὲρ
569 3304 670 3376 τῆς
727 3306 958 3382 πίστεως
1008 3310 1275 3381 ἀλγεινὸν,
1322 3314 1458 3370 ἀλλὰ
1506 3317 1566 3372 τὸ
1621 3319 1698 3390 μὴ

126 3391 420 3463 ἐναθλῆααι
468 3394 607 3465 αύτῇ
637 3394 747 3467 (19)
797 3396 1229 3473 δυσφορώτατον·
1281 3406 1405 3458 ἐπεὶ
1451 3407 1546 3462 καὶ
1587 3411 1699 3474 τοῖς

124 3481 386 3553 ἀθληταῖς
424 3483 486 3537 ού
527 3484 781 3542 τοσοῦτον
822 3488 1038 3559 πληγὰς
1069 3492 1250 3547 λαϐεῖν
1284 3494 1698 3568 ἀγωνιζομένοις

125 3572 289 3647 βαρὺ,
321 3576 453 3629 ὅσον
481 3576 621 3649 μηδὲ
648 3580 1048 3655 παραδεχθῆναι
1073 3584 1185 3658 (20)
1211 3586 1310 3659 τὴν
1340 3588 1513 3661 ἀρχὴν
1536 3594 1615 3656 εἰς
1637 3592 1698 3646 τὸ

126 3666 359 3721 στάδιον.
392 3667 466 3720 Ἥ
500 3668 645 3739 τάχα
672 3666 827 3735 οὗτος
849 3670 917 3745 ἦν
944 3676 973 3729 ὁ
994 3677 1185 3749 καιρὸς
1220 3678 1313 3732 τοῦ
1345 3683 1522 3753 σιγᾷν,
1557 3683 1695 3738 κατά

124 3756 213 3810 τον
249 3758 421 3829 σοφὸν
454 3758 798 3830 Σολομῶντα.
839 3764 904 3817 Τί
950 3767 1059 3839 γὰρ
1098 3766 1292 3838 ὄφελος
1326 3770 1405 3842 τῷ
1441 3771 1556 3827 ὄντι
1601 3790 1694 3827 κε·-

127 3848 391 3919 κραγέναι
415 3851 554 3922 πρὸς
577 3851 797 3925 ἄνεμον,
815 3855 957 3910 οὕτω
981 3857 1159 3928 βιαίας
1176 3861 1342 3934 ζάλης
1362 3864 1694 3938 κατεχούσης

123 3939 213 3993 τὴν
237 3939 375 4010 βίον,
400 3942 494 4013 ὑφ’
520 3937 589 4015 ἧς
615 3946 764 3999 πᾶσα
780 3947 878 4017 μὲν
900 3948 1105 4003 διάνοια
1130 3951 1240 4006 τῶν
1262 3953 1354 4007 τὸν
1385 3953 1540 4024 λόγον
1568 3937 1695 4010 κατ-

123 4031 461 4103 ηχουμένων,
506 4030 629 4097 οἷον,
654 4035 931 4108 ὀφθαλμὸς
987 4041 1265 4114 κονιορτοῦ
1299 4060 1465 4111 τινος,
1493 4046 1596 4117 τῆς
1626 4048 1692 4101 ὲκ

125 4120 227 4175 τῶν
254 4124 690 4197 παραλογισμῶν
718 4129 934 4201 ἀπάτης
964 4131 1388 4203 ἀναπλησθεῖσα,
1423 4138 1690 4210 συγκέχυ-

120 4226 226 4264 ται·
279 4214 432 4268 πᾶσα
479 4214 540 4269 δὲ
583 4216 723 4289 ἀκοὴ
758 4217 1082 4291 βαρυτάτοις
1124 4225 1220 4279 καὶ
1259 4227 1451 4298 ἀήθεσι
1498 4228 1689 4300 ψόφοις

120 4309 573 4360 κατακτυπεῖται·
618 4308 846 4365 δονεῖται
892 4312 951 4367 δὲ
995 4313 1194 4380 πάντα,
1239 4318 1332 4372 καὶ
1369 4304 1428 4373 ἐν
1461 4320 1688 4394 κινδύνῳ

122 4393 232 4448 in!
254 4394 349 4449 τοῦ
374 4396 670 4467 πτώματος
696 4415 715 4465 ;

708 4664 955 4725 ΚΕΦΑΛ.
998 4671 1077 4726 Λ⁹.

119 4752 395 4825 Διήτησις
424 4750 539 4822 τῆς
571 4757 1041 4886 παρούσηὲ-στῶν
1100 4765 1462 4832 Ἐκκλησιῶν
1501 4787 1682 4824 κατα-

207 4852 213 4857 ”
757 4846 801 4884 σ
804 4848 834 4884 τ
919 4848 1048 4886 εωρ.

207 4852 213 4857 -
757 4846 1048 4900 στασεως.

183 4938 268 4995 76.
296 4941 421 4995 Τίνι
460 4934 555 4995 οὖν
584 4942 922 5016 ὁμοιώσομεν
965 4946 1061 5018 τὴν
1095 4948 1373 5020 παροῦσαν
1410 4952 1681 5009 κατάστα-

175 5098 222 5131 ¹³
244 5097 438 5155 Ilatth.
469 5115 665 5167 xm",
699 5100 787 5157 l9.
863 5102 911 5135 "
931 5100 1111 5160 Eccle.
1153 5120 1236 5171 Ill,
1275 5106 1323 5164 7.

172 5257 280 5327 (15)
319 5257 432 5313 Καὶ
469 5258 869 5331 προσήγορον.
900 5260 1033 5337 Reg.
1056 5269 1286 5334 quartus
1322 5266 1416 5318 καὶ
1442 5268 1675 5342 εὐπροσ-

277 5348 316 5380 η.
1068 5360 1071 5361 ν

638 5399 772 5473 Reg.
818 5414 1046 5470 quartus
1080 5364 1372 5476 ἐνήγαγεν,
1416 5416 1471 5462 et
1507 5410 1668 5476 paulo

110 5469 414 5607 git-{$121
471 5471 645 5528 codex
697 5469 874 5546 ἐαυτῷ
916 5477 1012 5530 καὶ
1051 5475 1115 5589 το
1167 5469 1392 5549 Πνεῦμα
1442 5469 1574 5548 πρὸς
1608 5481 1670 5533 τὸ

172 5607 279 5677 (l7)
311 5611 423 5676 Τὰς
467 5611 662 5682 τιμάς.
693 5609 915 5685 Legitur
949 5616 1052 5681 τὰς
1076 5616 1258 5688 φωνάς
1296 5616 1351 5671 in
1376 5633 1486 5674 uno
1519 5619 1670 5674 codi-

113 5692 289 5820 θείῖΈῖ
311 5752 857 5824 Συντετατμένους.
901 5756 981 5814 Ita
1033 5756 1205 5815 nostri
1258 5757 1475 5814 codices
1531 5773 1663 5816 mss.

1799 3290 2017 3345 illorum
2052 3292 2196 3348 facta
2228 3295 2529 3353 toleranter
2560 3296 2719 3353 ferre.
2754 3297 2812 3353 In
2843 3314 3080 3364 summa,
3112 3302 3206 3372 qui
3231 3317 3373 3357 mor-

1799 3380 1870 3437 tis
1904 3384 2231 3439 sententiam
2268 3385 2327 3439 in
2360 3399 2483 3442 sese
2521 3387 2754 3456 habent,
2786 3389 2872 3446 bis
2918 3392 3210 3450 molestum
3257 3408 3369 3450 non

1796 3479 1883 3553 est
1934 3489 2033 3543 pro
2070 3474 2177 3532 [ide
2223 3476 2418 3548 ailligi:
2470 3477 2568 3533 sed
2605 3481 2844 3536 maxime
2889 3481 3237 3542 intolerabile
3280 3494 3369 3542 est

1796 3577 1895 3631 pro
1946 3578 2011 3619 ea
2058 3580 2167 3620 non
2214 3577 2482 3634 certasse,
2523 3571 2966 3642 quandoquidem
2992 3575 3221 3632 athletis
3255 3592 3376 3632 non.

1794 3654 2020 3723 perinde
2064 3671 2230 3727 grave
2272 3667 2355 3714 est
2406 3661 2464 3715 in
2512 3652 2811 3720 certamine
2853 3665 3045 3736 plagas
3091 3666 3360 3737 accipere,

1794 3760 1956 3815 quam
1986 3761 2055 3800 ne
2086 3746 2298 3804 admitti
2344 3750 2563 3821 quidem
2597 3753 2825 3809 omnino
2862 3756 2920 3811 in
2960 3755 3219 3812 stadium.
3254 3760 3365 3815 Aut

1794 3835 2049 3894 fortassis
2072 3837 2174 3893 hoc
2205 3848 2322 3894 erat
2360 3842 2563 3898 silentii
2605 3852 2841 3917 tempus.
2872 3847 3032 3918 juxta
3057 3850 3360 3921 sapientem

1794 3926 2145 3984 Salomonem
2176 3930 2241 3984 “.
2273 3930 2408 3987 Nam
2452 3935 2584 4004 quid
2632 3936 2856 4005 prodest
2887 3954 3076 3995 revera
3123 3941 3362 4000 clamare

1792 4017 2056 4078 adversus
2090 4032 2335 4089 ventum,
2365 4039 2490 4082 cum
2527 4035 2826 4099 tempestas
2854 4030 2990 4086 adeo
3020 4032 3256 4089 violenta
3276 4035 3361 4091 vi-

1789 4121 1897 4168 tam
1923 4124 2174 4186 occupet,
2199 4131 2230 4170 a
2254 4132 2362 4188 qua
2391 4134 2548 4175 mens
2572 4122 2828 4191 quaelibet
2848 4138 3038 4179 eorum
3068 4126 3165 4195 qui
3192 4125 3374 4184 verba

1790 4203 1988 4259 initiati
2018 4216 2175 4271 sunt,
2209 4216 2270 4261 ut
2302 4208 2493 4265 oculus
2530 4211 2584 4266 in
2619 4227 2730 4283 quo
2763 4214 3003 4284 pulveris
3040 4216 3244 4288 aliquid
3274 4218 3360 4273 in-
3470 4282 3475 4287 τ

1789 4294 1949 4363 sidet,
1980 4296 2054 4350 ita
2082 4298 2564 4357 ratiocinationum
2598 4304 2861 4360 falsarum
2896 4322 3085 4363 errore
3117 4309 3355 4381 oppleta,

1787 4385 2015 4443 confusa
2038 4395 2155 4455 est;
2195 4390 2450 4460 quaelibet
2471 4407 2632 4451 aures
2669 4397 3007 4466 gravissimis
3038 4406 3093 4454 et
3120 4399 3356 4456 insolitis

1716 4497 1760 4553 ι)
1789 4479 1942 4534 sonis
1980 4480 2412 4548 'obtundunlur,
2475 4486 2693 4543 turbine
2735 4505 2866 4546 vero
2906 4492 3356 4564 circumaguntur

1790 4570 1993 4637 omnia,
2020 4581 2255 4643 suntque
2287 4575 2339 4630 in
2371 4578 2616 4645 periculo
2643 4579 2816 4637 ruinae
2840 4583 2865 4635 ?
2948 4652 2951 4657 η

2341 4693 2574 4752 CAPUT
2622 4697 2790 4755 XXX.

1980 4781 2257 4847 Expositio
2280 4789 2553 4855 praesentis
2581 4788 2939 4846 Ecclesiarum
2966 4804 3162 4852 statur.

1852 4959 1939 5018 76.
1972 4963 2070 5021 Cui
2103 4965 2270 5040 igitur
2293 4971 2739 5042 comparabimus
2757 4982 3084 5045 praesentem
3109 4977 3351 5031 statum?

1779 5269 1920 5341 Editi
1963 5274 2404 5341 συντεταμένως.
2436 5277 2801 5332 Conﬁrmatur
2829 5289 3013 5334 nostra
3037 5279 3345 5335 emendatio

1779 5293 1920 5326 num
1963 5293 2187 5327 συντετα
2234 5293 2404 5341 ενους.
2436 5293 2801 5332 uonnrmatur
2829 5293 3013 5334 nosua
3037 5293 3345 5335 emendatio

1776 5356 1844 5397 ex
1870 5340 2050 5416 _Epist.
2082 5344 2153 5397 al.
2188 5293 2272 5409 ξε),
2308 5348 2396 5400 ubi
2434 5347 2666 5403 Basilius
2691 5348 2877 5403 eadem
2904 5365 3031 5407 voce
3055 5352 3248 5416 utitur,
3287 5361 3345 5407 ut

1776 5412 2387 5489 malamadversarigrum
2412 5419 2647 5489 consilia
2676 5420 2940 5489 designet.

1847 5481 1960 5564 (19)
1998 5482 2205 5564 aeni.”
2231 5485 2370 5564 Editi
2405 5488 2462 5541 ὲν
2489 5488 2645 5560 αὐτῇ.
2695 5481 2823 5545 8οᾶ
2846 5492 2999 5547 deest
3038 5494 3343 5564 prmpositio

1771 5552 1826 5606 in
1856 5552 2125 5607 veteribus
2154 5556 2321 5611 libris.

1846 5622 1954 5703 (ἐρ)
1980 5622 2157 5703 ΔΙξεῖηδὲ
2177 5626 2638 5699 παραδεχθῆναι.
2672 5628 2763 5687 Sic
2794 5631 3009 5690 codices
3034 5650 3167 5693 mss.
3199 5630 3343 5691 Editi

1777 5692 1851 5763 μὴ
1883 5691 2152 5765 δεχθῆναι.
