3788 6518
391 338 495 396 2i!

1748 338 1807 395 Β.
1848 339 2094 398 BASILII
2131 342 2347 402 MAGNI

3545 349 3674 406 αις

390 448 651 510 Profecto
686 451 885 509 similis
923 448 1114 523 praelia
1154 450 1360 518 navali,
1390 450 1541 523 quod
1579 467 1649 509 ex
1692 452 1971 510 veteribus

2124 474 2194 524 .v;
2233 452 2315 512 Ἦ
2335 474 2437 513 που
2464 457 2629 530 ὁμοία
2655 457 2773 513 εστὶ
2804 458 3028 532 πολέμῳ
3053 460 3161 516 τινὶ
3194 462 3432 535 ναυτικῷ
3453 505 3468 526 .
3492 462 3558 517 δν
3597 464 3676 518 ἐκ

390 542 621 601 offensis
654 543 758 597 viri
788 542 1012 614 quidam
1045 541 1203 598 bellis
1235 542 1472 600 nauticis
1509 543 1718 600 assueti
1757 556 1823 599 ac
1854 543 1971 600 bel-

392 635 576 700 laces,
603 633 733 690 dum
762 636 994 689 multmn
1035 633 1179 689 inter
1204 648 1326 691 sese
1355 634 1542 690 odium
1574 636 1764 701 alunt,
1791 636 1971 693 susci-

390 734 603 783 tarunt.
636 725 794 782 Nunc
844 726 1013 797 igitur
1063 725 1119 780 in
1170 725 1272 782 hac
1319 725 1557 799 imagine
1605 728 1739 784 mihi
1786 738 1971 800 specta

389 820 624 875 classem
669 818 928 888 utrinque
976 816 1208 873 adverso
1259 817 1469 887 impetu
1526 819 1859 876 horrendum
1913 820 1970 876 in

391 911 614 965 modum
645 909 1029 980 ingruentem,
1060 925 1185 964 mox
1214 910 1293 964 ira
1321 910 1433 980 jam
1467 926 1534 966 eo
1561 921 1882 983 erumpente
1911 922 1972 969 ut

390 1002 464 1058 sit
515 1000 962 1063 immedicabilis,
1011 1015 1341 1070 congressos
1376 1001 1658 1060 dimicare.
1702 1002 1885 1068 Pone,
1921 1005 1968 1061 si

390 1091 475 1146 vis
502 1131 517 1156 ,
549 1090 787 1145 violento
826 1089 1046 1145 turbine
1091 1078 1679 1162 circuntagi‘elassem
1708 1133 1724 1158 ,
1773 1095 1969 1166 caligi-

389 1196 627 1253 nemque
678 1181 904 1237 densam
950 1198 983 1237 e
1039 1182 1280 1238 nubibus
1332 1184 1688 1252 incumbere,
1724 1187 1970 1258 adeoque

380 1272 693 1345 obscurare
714 1289 906 1330 otnnes
929 1289 1112 1330 rerum
1139 1276 1438 1332 visibilium
1469 1279 1703 1350 species,
1740 1282 1969 1336 utnulla

388 1364 500 1437 65
524 1364 639 1434 jam
675 1365 748 1419 sit
795 1364 1098 1421 amicorum
1132 1376 1187 1422 et
1229 1367 1469 1424 hostium
1507 1369 1770 1426 discretio
1794 1410 1810 1438 ,
1841 1386 1970 1442 pro-

351 1448 363 1463 ’
390 1465 579 1529 pterea
603 1458 748 1527 quod
773 1457 844 1513 ob
873 1458 1258 1516 confusionem
1291 1461 1543 1533 symbola
1577 1461 1834 1517 militaria
1857 1464 1969 1519 sint

391 1545 605 1618 ignota.
633 1548 774 1606 Huic
801 1551 1023 1622 imagini
1047 1550 1333 1610 evidentia:
1360 1568 1490 1625 ergo
1516 1553 1781 1610 addamus
1805 1557 1970 1610 etiam

391 1651 545 1694 mare
578 1637 977 1707 intumescere,
1006 1648 1173 1711 atque
1202 1642 1272 1696 ab
1305 1641 1415 1696 imo
1449 1658 1670 1699 sursum
1703 1642 1869 1707 ferri,
1904 1658 1969 1699 ac

392 1730 767 1786 vehementem
800 1731 1026 1786 imbrem
1050 1747 1081 1788 e
1109 1732 1347 1789 nubibus
1376 1732 1631 1789 deorsum
1659 1749 1967 1804 erumpere,

392 1819 824 1895 horribilemque
862 1821 1157 1890 procellam
1194 1822 1508 1893 ingentibus
1545 1837 1611 1877 ac
1647 1823 1967 1881 decumanis

389 1913 649 1969 fluctibus
680 1928 1016 1985 exsurgere:
1046 1923 1170 1985 post
1198 1915 1315 1970 hate
1351 1916 1529 1972 ventis
1568 1916 1812 1986 undique
1835 1931 1969 1972 con-

390 2004 746 2063 cursantibus
772 2046 789 2073 ,
824 2012 990 2061 totam
1037 1986 1447 2063 classetn’inter
1490 2023 1548 2063 se
1579 2023 1704 2063 cum
1752 2006 1970 2079 fragore

388 2097 602 2163 collidi,
629 2105 796 2169 atque
823 2113 887 2155 ex
925 2097 995 2154 iis
1027 2097 1121 2169 qui
1148 2099 1202 2154 in
1236 2098 1352 2155 acie
1386 2106 1556 2165 stant,
1582 2100 1723 2157 alios
1747 2101 1970 2170 quidem

388 2197 573 2244 castra
600 2204 700 2246 sua
734 2190 985 2258 prodere,
1016 2198 1188 2262 atque
1214 2191 1481 2262 flagrante
1505 2194 1695 2263 prwlio
1726 2193 1969 2250 transfuo

387 2296 552 2353 gere;
579 2281 719 2337 alios
757 2296 890 2338 vero
911 2282 1057 2354 cogi,
1086 2290 1147 2338 ut
1175 2285 1389 2354 pariter
1419 2295 1473 2341 et
1509 2286 1749 2357 scaphas
1775 2287 1971 2357 impel«

387 2372 506 2429 lant
554 2388 587 2428 a
620 2374 799 2431 ventis
847 2381 1021 2439 aetas,
1068 2383 1124 2431 et
1170 2385 1467 2433 occurrant
1514 2377 1966 2449 irrumpentibus,

389 2480 625 2534 seseque
674 2474 868 2520 mutuo
914 2481 1012 2537 per
1059 2466 1383 2524 seditionem
1444 2465 1752 2527 trucident:
1803 2487 1967 2543 quam

391 2557 715 2614 seditionem
751 2559 948 2630 partim
988 2560 1192 2615 invidia
1233 2560 1502 2619 adversus
1536 2564 1966 2634 praestantiores,

390 2651 593 2723 partim
624 2667 747 2723 qua:
773 2653 1007 2723 singulis
1040 2653 1195 2710 adest
1221 2656 1477 2712 vincendi
1518 2659 1791 2728 cupiditas
1813 2659 1967 2715 exci-

393 2728 554 2821 tavjt.
583 2743 666 2799 Ad
701 2745 817 2800 haec
850 2747 1030 2817 cogita
1059 2746 1293 2804 confuso
1321 2751 1555 2820 quodam
1584 2758 1640 2806 et
1669 2752 1968 2808 indiscreta

390 2835 576 2892 sonitu
621 2837 940 2894 universum
990 2839 1124 2893 illud
1174 2854 1325 2896 mare
1368 2842 1672 2912 compleri,
1705 2843 1903 2914 partim
1937 2858 1969 2899 e

390 2936 681 2986 ventorum
728 2930 1000 3002 strepitu,
1050 2932 1251 3002 partim
1302 2948 1334 2988 e
1377 2933 1663 2991 cettisione
1713 2936 1963 3000 navium,

390 3022 590 3094 partim
628 3037 699 3077 ex
741 3022 1014 3077 undarum
1043 3023 1246 3095 impetu
1280 3022 1605 3081 ferventinm
1628 3068 1643 3093 ,
1672 3027 1869 3097 partim
1897 3043 1965 3083 ex

390 3114 787 3170 vociferatione
809 3114 1198 3185 praeliantium,
1222 3115 1403 3172 varias
1426 3132 1586 3173 voces
1611 3117 1682 3173 ob
1706 3119 1967 3189 ingruen-

393 3210 469 3262 tia
502 3207 647 3260 mala
691 3207 1097 3271 eminentium,
1141 3214 1202 3261 ut
1243 3223 1418 3280 neque
1462 3210 1746 3275 naucleri,
1792 3225 1969 3280 neque

394 3297 780 3368 gubernatoris
813 3298 1141 3353 exaudiatur
1172 3314 1275 3353 vox
1300 3340 1315 3365 ,
1348 3301 1442 3355 sed
1488 3302 1560 3357 sit
1600 3302 1792 3371 ingens
1821 3318 1971 3372 quae.

394 3390 520 3447 dam
549 3390 890 3462 perturbatio
937 3388 1336 3461 confusioque,
1384 3391 1690 3448 incredibili
1733 3384 1968 3465 quadam

394 3483 665 3537 malorum
720 3483 1131 3555 magnitudine,
1183 3484 1256 3540 ob
1303 3485 1429 3540 vita:
1484 3485 1967 3556 desperationem,

393 3587 609 3629 omnem
656 3574 739 3630 eis
796 3576 1059 3645 peccandi
1117 3576 1393 3633 licentiam
1447 3575 1725 3634 afferente.
1782 3579 1971 3649 Adjice

393 3666 589 3721 iisdem
632 3673 688 3722 et
720 3666 1178 3725 immedicabilem
1218 3669 1510 3740 quemdam
1542 3672 1826 3735 morbum,
1854 3673 1973 3743 glo-

392 3760 491 3815 ria:
519 3758 891 3831 adipiscenda:
915 3761 1164 3821 insanam
1194 3759 1571 3833 cupiditatem,
1595 3762 1731 3820 adeo
1755 3774 1815 3820 ut
1834 3781 1971 3822 nave

390 3850 503 3923 iam
538 3854 592 3908 in
628 3852 859 3910 fundum
883 3856 1223 3926 prolabente,
1260 3855 1363 3928 ipsi
1393 3865 1642 3914 vectores
1671 3858 1739 3915 de
1767 3858 1964 3930 prima-

394 3956 483 4015 tus
513 3947 865 4003 contentione
894 3948 1032 4003 nihil
1060 3950 1361 4005 remittant.

463 4036 556 4092 77.
591 4037 789 4094 Transi
810 4039 923 4108 jam
961 4042 1030 4096 ab
1056 4042 1293 4113 imagine
1327 4040 1395 4096 ad
1421 4042 1597 4113 ipsum
1629 4043 1759 4097 mali
1785 4057 1973 4099 exem-

394 4127 533 4200 plar.
610 4128 805 4184 Annon
864 4131 995 4186 olim
1043 4130 1333 4188 videbatur
1372 4135 1773 4206 quodammodo
1815 4134 1973 4192 Aria-

395 4236 529 4276 num
560 4220 823 4289 schisma,
856 4224 912 4277 in
952 4223 1321 4280 adversariam
1347 4224 1607 4282 Ecclesia:
1638 4225 1731 4283 Dei
1761 4238 1970 4299 partem

397 4321 710 4385 separatum
739 4355 755 4377 ,
813 4316 868 4369 in
913 4315 1158 4373 hostium
1202 4316 1322 4373 acie
1367 4318 1543 4389 ipsum
1580 4335 1675 4389 per
1704 4336 1763 4376 se
1792 4322 1969 4377 solum

396 4405 706 4461 obsistere?
765 4403 968 4462 Verum
1003 4417 1360 4479 posteaquam
1408 4424 1439 4464 e
1483 4410 1643 4482 longa
1692 4412 1972 4483 atrociqne

2071 551 2315 605 παλαιῶν
2340 552 2847 625 προσκρουσμάτων
2880 594 2895 619 ,
2928 553 3096 609 πολὺν
3129 557 3249 609 κατ’
3276 555 3527 626 ἀλλήλων
3560 556 3676 612 τὸν

2070 643 2244 716 θυμὸν
2283 645 2580 717 θρέψαντες
2603 686 2620 712 ,
2664 646 2931 719 ναυμάχοι
2973 647 3119 713 τινες
3170 647 3363 720 ἄνδρες
3403 647 3524 717 (21)
3558 646 3675 703 καὶ

2071 735 2419 809 φιλοπόλεμοι
2470 740 2881 811 συνεστήσαντο.
2933 739 3076 810 Ὅρα
3125 739 3189 812 δὴ
3225 735 3319 794 οὖν
3358 756 3449 809 μοι
3480 741 3544 793 ὲν
3587 741 3668 812 τῇ

2070 830 2239 884 είκόνι
2291 832 2462 904 ταύτῃ
2521 830 2766 902 φοϐερῶς
2827 829 3166 902 ἑκατέρωθεν
3219 829 3669 903 άντεφορμιῖιντα

2068 920 2159 975 τὸν
2187 921 2371 976 στόλον
2393 964 2408 989 ,
2439 918 2559 977 εἶτα
2609 925 2686 987 είς
2711 923 2772 976 τὸ
2809 924 3103 995 ἀνήκεστον
3149 922 3247 993 τῆς
3276 921 3450 993 ὀργῆς
3478 923 3670 993 ἐκρα-

2067 1013 2294 1086 γείσης,
2346 1015 2724 1087 συμπεσόντας
2778 1012 3212 1083 διαγωνίζεσθαι.
3266 1011 3506 1066 ’Υπόθου
3533 1051 3552 1077 ,
3610 1012 3667 1065 εί

2071 1107 2285 1180 βούλει,
2327 1108 2424 1162 καλ⁸
2448 1108 2669 1163 λαίλαπι
2728 1108 2878 1181 βιαίᾳ
2923 1106 3228 1162 κλονεῖσθαι
3259 1106 3323 1159 τὸ
3366 1105 3664 1171 ναυτικόν,

2067 1204 2162 1256 καὶ
2212 1202 2373 1274 ζόφον
2417 1201 2627 1274 ἀθρόως
2685 1204 2749 1256 ἐκ
2802 1200 2979 1272 νεφῶν
3030 1199 3322 1269 ἐπισχόντα
3371 1197 3670 1270 μελαίνειν

2068 1293 2177 1345 πᾶν
2214 1291 2276 1345 τὸ
2308 1290 2616 1363 ὁρώμενον,
2652 1290 2730 1355 ὡς
2770 1290 3039 1362 μηδεμίαν
3074 1288 3155 1343 ἔτι
3185 1283 3323 1343 εἶναι
3348 1288 3525 1358 φίλων
3560 1287 3668 1343 καὶ

2068 1383 2342 1455 πολεμίων
2379 1383 2651 1456 διάκρισιν
2670 1424 2687 1449 ,
2724 1382 2833 1435 τῶν
2862 1372 3154 1453 ἱυμϐόλων
3205 1382 3390 1444 αὑτοῖς
3442 1382 3665 1451 ἀγνοη-

2069 1476 2269 1531 θέντων
2317 1477 2405 1531 διὰ
2467 1476 2566 1548 τὴν
2613 1475 2891 1546 σύγχυσιν.
2955 1476 3076 1528 Ἔτι
3139 1472 3546 1546 προσθήοωμεν
3589 1472 3666 1526 δι’

2069 1570 2358 1643 ἐνάργειαν
2389 1573 2456 1642 τῇ
2487 1568 2656 1623 εἰκόνι
2704 1569 2799 1623 καὶ
2830 1567 3105 1623 θάλασσαν
3142 1565 3386 1621 οἰδοῦσαν
3411 1564 3533 1635 (τε)
3560 1563 3670 1620 καὶ

2068 1666 2181 1721 ἄνω
2218 1664 2589 1737 στρεφομένην
2621 1665 2686 1717 ὲκ
2718 1661 2826 1717 τῶν
2852 1661 3062 1733 βυθῶν,
3094 1661 3188 1716 καὶ
3224 1659 3423 1733 λάϐρον
3459 1660 3529 1714 ὲκ
3565 1675 3668 1713 νε·-

2001 1809 2044 1865 B
2073 1760 2188 1831 φῶν
2236 1759 2379 1831 ὕδωρ
2441 1757 2957 1829 καταρρηγνύμενον
2981 1796 2996 1821 ,
3054 1754 3148 1809 καὶ
3203 1753 3431 1865 φοϐερὸν
3484 1754 3668 1807 επαν-

2076 1853 2360 1924 ιστάμενον
2408 1851 2473 1905 ὲκ
2518 1849 2815 1923 τρικυμίας
2842 1849 2933 1902 τὸν
2969 1847 3229 1902 κλύδωνα·
3268 1840 3386 1900 εἶτα
3431 1860 3661 1898 παντα-

2072 1943 2229 2016 χόθεν
2254 1942 2362 1996 τῶν
2392 1941 2715 2013 πνευμάτων
2743 1940 2823 2003 είς
2845 1939 3038 1993 ταυτὸν
3068 1937 3477 2009 συμπεσόντων,
3507 1935 3663 1989 πάν-

2072 2054 2139 2090 τα
2180 2035 2270 2089 τὸν
2299 2034 2484 2089 στόλον
2514 2031 2986 2106 συναρασσόμενον
3008 2071 3024 2091 .
3052 2032 3147 2086 καὶ
3194 2028 3303 2083 τῶν
3345 2028 3440 2082 ἐπὶ
3470 2044 3666 2099 παρα-

2070 2128 2276 2193 τάξεως
2311 2128 2437 2192 τοὺς
2468 2125 2566 2197 μὲν
2615 2123 3136 2195 καταπροδιδόντας,
3182 2122 3276 2176 κα)⁸
3315 2121 3444 2192 παρ’
3475 2119 3662 2190 αὑτὴν

2070 2218 2167 2299 τῂν
2204 2218 2442 2288 ἀγωνίαν
2476 2215 2937 2288 αὐτομολοῦντας
2975 2214 3103 2278 τοὺς
3138 2212 3195 2266 δὲ
3220 2212 3470 2283 ἀνάγκην
3496 2210 3659 2282 ἔχειν

2070 2310 2203 2383 ὁμοῦ
2230 2328 2290 2364 τε
2313 2308 2620 2365 διωθεῖσθαι
2644 2308 2713 2362 τὰ
2740 2307 2923 2378 σκάφη
2954 2308 3019 2360 ἐκ
3055 2305 3165 2360 τῶν
3206 2304 3419 2376 ἀνέμων
3446 2305 3660 2372 ἐπιφε-

2075 2400 2312 2474 ρόμενα,
2353 2401 2448 2453 καὶ
2500 2399 2812 2454 ἀντεπιέναι
2862 2401 2975 2462 τοῖς
3024 2396 3305 2469 ὲφορμῶσι
3343 2395 3498 2467 (ξεν.
3549 2395 3659 2450 καὶ

2071 2492 2334 2564 ἀλλήλους
2367 2488 2757 2560 καταφονεύειν
2786 2489 2891 2543 ὑπὸ
2910 2488 3010 2559 τῆς
3037 2488 3277 2551 στάσεως
3300 2527 3314 2553 ,
3346 2488 3412 2557 ἦν
3439 2489 3471 2540 ό
3503 2486 3659 2559 πρὸς

2070 2584 2131 2637 τὸ
2154 2583 2421 2655 ὑπερέχον
2450 2581 2671 2652 φθόνος,
2701 2580 2796 2636 καί⁵
2834 2582 2867 2653 ὴ
2900 2578 3165 2650 ἐπιθυμία
3196 2577 3288 2633 τοῦ
3322 2577 3482 2633 αὑτὸν
3509 2578 3660 2632 ἐκα-

2073 2693 2195 2730 στον
2258 2676 2479 2748 κρατεῖν
2539 2673 2854 2745 ἐνεποίησεν
2909 2671 3044 2740 (24).
3115 2668 3477 2742 Ἐνθυμήθητι
3545 2668 3657 2723 ἐπὶ

2068 2767 2277 2830 τούτοις
2333 2766 2580 2837 συμμιγῆ
2609 2780 2731 2818 τινα
2769 2765 2863 2817 καὶ
2893 2762 3104 2833 ἄσημον
3143 2756 3274 2832 ἦχον
3319 2761 3497 2814 πᾶσαν
3540 2760 3659 2812 ἐπ’

2071 2858 2261 2930 έχοντα
2286 2856 2398 2923 (9.5)
2428 2857 2524 2929 τὴν
2547 2858 2660 2910 ἐκεῖ
2683 2856 2977 2920 θάλασσαν,
3018 2854 3081 2906 ἐκ
3103 2852 3209 2906 τῶν
3233 2850 3653 2924 περιηχοῦντων

2070 2951 2285 3023 ἀνέμων
2304 2991 2319 3014 ,
2355 2951 2450 3005 καὶ
2476 2949 2571 3005 τοῦ
2610 2949 2854 3018 πατάγου
2879 2948 2988 3002 τῶν
3028 2945 3227 3000 πλοίων
3250 2985 3265 3011 ,
3305 2945 3396 2999 καὶ
3423 2942 3515 2997 τοῦ
3549 2944 3657 3014 po-

2071 3043 2186 3097 θίου
2235 3041 2480 3107 ζέοντος,
2530 3041 2624 3096 καὶ
2660 3042 2724 3094 ὲκ
2774 3040 2870 3109 τῆς
2923 3037 3052 3108 βοῆς
3082 3035 3190 3090 τῶν
3237 3033 3651 3107 πολεμούντων,

2072 3131 2416 3196 παντοδαπὰς
2448 3130 2628 3202 φωνὰς
2665 3132 2757 3184 ἐπὶ
2804 3131 2917 3193 τοῖς
2961 3126 3188 3181 πάθεσιν
3229 3124 3526 3193 ἀφιέντων·
3566 3123 3657 3187 ὡς

2075 3227 2213 3300 μήτε
2254 3225 2523 3297 ναυάρχου
2548 3265 2562 3289 ,
2598 3226 2734 3297 μήτε
2791 3221 3126 3296 κυϐερνήτου
3166 3218 3347 3289 φωνὴν
3387 3216 3653 3271 είσακού-

2026 3356 2033 3360 ‹
2071 3318 2246 3383 εσθαι,
2280 3318 2415 3373 ἀλλὰ
2449 3317 2627 3388 δεινήν
2658 3333 2779 3371 τινα
2804 3311 2938 3370 εἶναι
2964 3313 3075 3386 (26)
3113 3312 3336 3377 ἀταξίαν
3376 3311 3468 3365 καὶ
3512 3309 3656 3380 σύγ-

2071 3428 2227 3484 χυσιν
2250 3451 2265 3473 ,
2296 3410 2395 3481 τῆς
2426 3408 2534 3463 τῶν
2565 3407 2750 3464 κακῶν
2787 3405 3095 3476 ὑπερϐολῆς
3114 3447 3130 3471 ,
3169 3403 3257 3458 διὰ
3279 3404 3375 3474 τὴν
3404 3401 3540 3474 πρὸς
3580 3401 3654 3455 τδ

2072 3497 2171 3569 ζῇν
2227 3497 2535 3566 ἀπόγνωσιν
2565 3536 2579 3561 ,
2641 3496 2857 3550 ἃπασαν
2918 3495 3099 3557 αὑτοῖς
3153 3492 3247 3547 τοῦ
3306 3491 3652 3564 ἁμαρτάνειν

2071 3591 2253 3646 ἄδειαν
2300 3588 2653 3661 ἐμποιούσης.
2694 3587 2937 3661 Πρόσθες
2987 3587 3169 3649 αὑτοῖς
3218 3584 3653 3656 καὶάμήχανόν

2070 3702 2191 3739 τινα
2219 3684 2373 3752 νόσον
2395 3681 2717 3753 δοξομανίας
2741 3679 2851 3751 (9.7)
2869 3697 2883 3711 ’
2918 3679 3080 3744 ὥστε,
3115 3679 3212 3750 τῆς
3239 3677 3373 3742 νεὼς
3393 3676 3505 3747 (28)
3536 3676 3651 3750 ἤδη

2071 3779 2152 3839 εἰς
2190 3776 2350 3848 βυθὸν
2386 3774 2694 3847 φερομένης
2718 3814 2732 3839 ,
2776 3774 2901 3836 τοὺς
2942 3772 3207 3836 ἐπιϐάτας
3246 3770 3492 3842 ἀλλήλοις
3522 3769 3647 3841 (29)

2070 3870 2169 3941 τῆς
2192 3868 2300 3921 τῶν
2327 3867 2608 3941 πρωτείων
2646 3865 2817 3938 ἔριδος
2848 3865 2923 3938 μὴ
2946 3862 3216 3935 ὑφίεσθαι.

2143 4049 2230 4103 77.
2258 4046 2486 4102 Μετάϐα
2519 4046 2583 4117 δή
2620 4062 2711 4117 μοι
2735 4044 2843 4100 ἀπὸ
2875 4043 2977 4116 τῆς
3010 4043 3216 4108 είκόνος
3250 4045 3336 4097 ἐπ’
3376 4043 3507 4098 αὑτὸ
3542 4042 3647 4099 τοῦ

2072 4138 2242 4192 κακοῦ
2295 4137 2358 4190 τὸ
2395 4138 2722 4210 ἀρχέτυπον.
2771 4137 2906 4208 Οὑχὶ
2952 4136 3115 4190 πάλαι
3157 4137 3255 4208 μέν
3299 4152 3415 4198 πως
3465 4134 3655 4190 ἐδόκει

2070 4231 2132 4284 τὸ
2188 4230 2466 4303 Ἀρειανδν
2496 4231 2699 4303 σχίσμα
2722 4272 2737 4294 ,
2770 4231 2847 4294 είς
2877 4228 3167 4284 ἀντίπαλον
3199 4231 3390 4300 μοῖραν
3416 4229 3654 4301 ἀποκρι-

2074 4320 2163 4376 θὲν
2194 4325 2259 4394 τῇ
2307 4320 2602 4394 Ἐκκλησία
2632 4320 2728 4375 τοῦ
2761 4320 2929 4385 Θεοῦ,
2963 4322 3020 4374 ὲν
3060 4320 3332 4392 πολεμίων
3362 4319 3511 4387 τάξει
3542 4319 3651 4374 αὑ-

2072 4415 2135 4470 τὸ
2162 4414 2282 4470 καθ’
2307 4414 2467 4469 ἑαυτὸ
2500 4415 2659 4487 μόνον
2699 4413 3177 4481 ἀντικαθέζεσθαι;
3211 4414 3337 4468 Ὀτε
3362 4406 3430 4466 δὲ
3454 4414 3518 4467 ἐκ
3543 4412 3654 4484 τῆς

397 4499 751 4554 contentione
782 4515 958 4571 usque
988 4499 1057 4553 ad
1094 4500 1445 4557 manifestum
1476 4510 1753 4559 certamen
1784 4504 1838 4558 in
1871 4520 1972 4560 nos

2124 4510 2295 4580 ακρᾶς
2324 4508 2419 4563 καὶ
2442 4507 2686 4579 χαλεπῆς
2724 4507 2899 4581 ἔριδος
2930 4508 3010 4571 είς
3048 4504 3301 4579 προφανῆ
3341 4506 3470 4576 ἡμῖν
3495 4503 3653 4573 ἀγῶ-

396 4592 659 4649 instructi
710 4601 881 4657 sunt,
938 4601 1053 4648 tum
1114 4593 1351 4665 denique
1406 4594 1608 4650 bellum
1667 4596 1721 4650 in
1778 4598 1975 4655 multas

398 4695 583 4759 partes
620 4687 778 4757 juxta
826 4686 1017 4742 modos
1053 4687 1481 4743 innumerabiles
1522 4686 1819 4743 dissectum
1854 4698 1972 4753 est,

398 4781 481 4835 sic
518 4786 579 4834 ut
623 4780 821 4849 partim
865 4778 938 4834 ob
979 4792 1326 4836 communem
1373 4780 1731 4843 simultatem,
1778 4783 1975 4851 partim

396 4873 469 4925 oh
497 4872 765 4943 privatam
799 4873 1171 4945 suspicionem
1205 4873 1465 4929 omnibus
1498 4871 1683 4927 odium
1713 4874 1964 4943 implaca-

396 4964 509 5022 bile
549 4973 716 5022 esset.
768 4965 897 5023 Hmc
941 4983 1073 5023 vero
1115 4975 1415 5038 tempestas
1460 4965 1828 5023 Ecclesiarum
1868 4984 1975 5041 qua

471 5098 582 5169 (2t)
626 5100 894 5169 Ἄνδρες.
943 5099 1097 5155 Hanc
1128 5114 1317 5155 vocem
1374 5098 1685 5154 addidimus
1731 5115 1798 5155 ex
1838 5115 1976 5157 mss.

400 5172 705 5241 codicibus.
766 5173 886 5225 Mox
949 5180 1186 5240 quatuor
1239 5169 1460 5241 codices
1514 5169 1976 5241 ἀντεφορμοῦντα.

376 5240 571 5303 ,Ριιιιιο
605 5248 726 5310 post
753 5242 885 5295 editi
916 5240 1208 5297 ἐπελθόντα
1243 5240 1518 5312 μελαίνειν
1557 5258 1693 5304 πως.
1722 5240 1980 5312 Quinque

398 5327 535 5365 tnss.
574 5324 633 5364 ut
667 5312 722 5366 in
753 5320 927 5367 textu.

473 5380 586 5448 ('22)
610 5382 1124 5452 Πρω-θύσωμεν...
1146 5381 1455 5437 οιυοῦσαν.
1477 5379 1554 5435 Ita
1581 5380 1823 5450 quinque
1842 5398 1976 5438 mss.

399 5448 541 5505 Editi
597 5448 1033 5523 προσθέσομεν...
1081 5453 1435 5511 οἰδαίνουσαν.
1487 5448 1613 5507 Mox"
1672 5453 1803 5506 editi
1831 5454 1980 5523 ᾼάνα-

403 5521 799 5595 στρεφομένην.
855 5524 959 5579 Sed
1008 5527 1201 5580 melior
1247 5526 1360 5581 \isa
1394 5524 1774 5593 estscciptura
1830 5521 1989 5595 Regii,

398 5593 580 5663 quarti
613 5609 773 5661 quem
810 5595 980 5650 seenti
1015 5612 1207 5653 sumus

473 5662 583 5737 (ᾖ)
636 5664 981 5737 Ἑρορμῷσι.
1014 5665 1244 5737 Codices
1279 5665 1523 5721 nonnulli
1555 5664 1874 5737 ἑφορμοῦσι.

474 5733 586 5857 (ῗό)
640 5735 1045 5809 Ὲιιεπριήσεν.
1081 5736 1156 5792 Ita
1211 5749 1343 5794 tnss.
1408 5733 1838 5813 codiccstditi
1888 5737 1983 5793 ἁν-

474 5819 657 5857 οπο-εν

400 5819 657 5878 εποίησεν

2076 4616 2141 4653 να
2175 4597 2675 4669 ἀντικατέστησαν,
2717 4597 2840 4651 τότε
2886 4595 2951 4668 δὴ
2989 4598 3065 4657 εἰς
3105 4593 3272 4648 πολλά
3317 4594 3459 4666 μέρη
3504 4594 3651 4649 κατὰ

2080 4690 2306 4762 μυρίους
2328 4690 2561 4761 τρόπους
2588 4691 2618 4745 ὁ
2648 4688 2881 4760 πόλεμος
2919 4687 3194 4759 διεσχίσθη
3215 4704 3228 4718 ο
3268 4685 3408 4740 ὥστε
3438 4685 3531 4741 καὶ
3556 4686 3653 4742 διὰ

2076 4781 2137 4835 τὸ
2188 4780 2365 4835 κοινὸν
2419 4780 2607 4852 ἔχθος,
2643 4781 2739 4835 καὶ
2766 4780 2853 4835 διὰ
2892 4780 2954 4833 τὸ
2986 4779 3127 4843 ίδὶως
3163 4776 3401 4833 ’ὑποπτον
3422 4817 3438 4841 ,
3468 4776 3655 4837 ἀδιάλ-

2077 4873 2273 4927 λακτον
2302 4874 2467 4927 πᾶσιν
2502 4873 2768 4945 ὑπάρχειν
2797 4872 2859 4925 τὸ
2891 4874 3063 4943 μῖσος.
3121 4870 3179 4922 '0
3210 4868 3267 4922 δὲ
3310 4868 3468 4932 σάλος
3493 4861 3683 4934 οὗτος,

2077 4963 2186 5018 τῶν
2230 4963 2565 5034 Ἐκκλησιῶν
2597 4962 2739 5027 τίνος
2772 4963 2872 5016 οὑκ
2908 4960 3023 5016 ἔστι
3064 4959 3353 5015 θαλασσίου
3384 4958 3655 5025 κλύδωνος

2151 5101 2261 5172 (25)
2311 5098 2660 5170 Ἐπέχοντα.
2715 5098 2796 5153 Ita
2845 5112 2981 5153 mss.
3035 5095 3297 5167 quinque.
3346 5091 3487 5147 Editi
3547 5093 3661 5148 άπ-

2152 5190 2212 5225 ου
2219 5189 2335 5226 ντα.

2078 5190 2493 5315 τΡίῗέθςωιιξῖναι.
2527 5237 2681 5295 Hanc
2710 5252 2984 5315 vocem_ex
3011 5237 3286 5315 veteribus
3315 5233 3469 5315 l_il.t_ris_
3495 5231 3657 5315 addi-

2080 5304 2282 5368 diuitis.
2315 5311 2484 5365 Paulo
2525 5318 2647 5381 post
2682 5310 2811 5367 editi
2846 5312 3023 5365 πᾶσαν
3068 5309 3269 5371 αὑτοῖς.
3321 5304 3468 5360 Libri
3503 5311 3655 5359 vete-

2083 5398 2172 5439 res
2203 5393 2263 5436 nt
2291 5382 2343 5436 in
2374 5390 2546 5436 textu.

2154 5454 2266 5516 (9.7)
2307 5452 2693 5523 Δοξομανιάρ
2725 5449 2858 5523 Reg.
2891 5458 3119 5523 quartus
3142 5444 3481 5523 δοξομανίαν.

2154 5524 2265 5591 (9.8)
2311 5522 2425 5591 Τῆς
2445 5519 2611 5589 ὖεώς.
2648 5520 2785 5591 Tres
2814 5519 2951 5576 inss.
2987 5522 3085 5591 τῆς
3116 5519 3266 5591 νηός.

2156 5589 2267 5666 ('29)
2317 5589 3382 5666 ’A.l.1r';.locq._llancvocemaddidimus
3403 5600 3468 5642 ex
3500 5593 3657 5666 vote:

2083 5653 2443 5738 ribus'libris,
2487 5653 2541 5719 in
2572 5653 2772 5738 quibus
2800 5663 2963 5738 etiam
3002 5661 3196 5738 legitur
3223 5659 3384 5738 paulo
3415 5653 3657 5738 nostnta.‘

2086 5737 2238 5795 αὑτό.
2279 5750 2377 5806 pro
2423 5723 2490 5790 eo
2530 5723 2673 5806 quod
2704 5742 2829 5806 erat
2880 5734 2934 5806 in
2978 5723 3483 5806 etli'tis_s1'::at’ttoﬁ.
3529 5723 3657 5788 Ilo:

2088 5800 2293 5880 Regius
2319 5806 2513 5863 tertius
2532 5800 2630 5880 τῆς
2672 5803 2992 5875 Ἐκκλησίας
3017 5800 3112 5856 τοῦ
3140 5800 3275 5856 Θεοῦ
3570 5822 3589 5838 κ
