3788 6522
456 401 565 459 2l5
621 403 628 411 ’

1670 402 1731 460 8.
1768 404 2011 464 BASlLli
2050 405 2265 465 MAGNI

3580 413 3691 469 216

458 522 631 577 multa
664 519 820 591 copia
849 519 1014 575 simul
1046 518 1404 577 excitantium
1453 520 1796 578 seditionem.
1839 522 2019 595 Itaque

2124 545 2205 581 τοι
2235 528 2331 582 καὶ
2370 486 2751 600 σπουδαρχίδαι
2789 524 2896 581 τῶν
2951 525 3281 599 Ἑκκλησιῶν
3310 525 3407 592 τὰς
3436 546 3691 601 προσ-τα-

456 612 554 683 qui
583 613 795 683 seipsos
825 611 942 668 suis
964 611 1177 681 elegere
1203 611 1503 681 suffragiis,
1537 616 1743 686 quique
1764 615 2020 673 aﬂ'ectant

455 703 845 773 principatum,
873 703 907 757 ii
934 702 1297 758 Ecclesiarum
1318 703 1673 773 praefecturas
1691 707 2016 775 sortiuntur,

457 795 677 866 repulsa
726 794 900 850 sancti
954 794 1192 863 Spiritus
1244 794 1739 851 administratione.
1792 796 2020 867 Jamque

452 899 683 954 prorsus
719 884 1046 955 evangelicis
1082 886 1281 941 ritibus
1306 888 1377 941 ob
1408 888 1683 943 sublatum
1716 906 1896 945 rerum
1929 907 2020 947 or-

450 977 636 1031 dinem
677 976 923 1033 confusis
950 1017 965 1038 .
1000 976 1289 1034 iueﬂ‘abilis
1332 987 1416 1034 est
1459 980 1526 1034 ad
1563 982 1917 1053 praefecturas
1946 983 2018 1036 ir-

451 1068 657 1138 ruptio,
697 1083 1025 1138 unoquoque
1058 1083 1247 1123 eorum
1285 1070 1380 1139 qui
1415 1073 1711 1129 ambitione
1744 1074 2013 1137 laborant,

385 1177 390 1183 ·
415 1194 424 1199 -
452 1173 574 1215 sese
599 1158 653 1212 in
678 1157 971 1228 dignitates
998 1175 1094 1230 per
1115 1160 1219 1214 vim
1243 1160 1572 1219 iutrudente.
1602 1163 1720 1219 J'am
1745 1181 1875 1221 vero
1891 1182 2012 1237 gra-

452 1249 537 1304 vis
593 1248 842 1318 quaedam
891 1248 1153 1303 anarchia
1201 1249 1271 1303 ab
1312 1250 1415 1305 hoc
1460 1254 1800 1324 principatus
1831 1270 2013 1309 amore

448 1341 678 1411 populos
706 1340 936 1397 invasit:
970 1343 1111 1398 unde
1134 1343 1302 1398 irrita:
1324 1353 1452 1400 sunt
1480 1362 1706 1416 prorsus
1732 1362 1795 1404 ac
1824 1348 2013 1404 inanes

450 1433 826 1503 praefectorum
867 1434 1277 1491 exhortationes
1301 1478 1316 1503 ,
1362 1436 1491 1491 dum
1530 1453 1692 1493 nemo
1728 1454 1787 1493 se
1841 1441 2013 1510 magis

447 1528 605 1583 alteri
636 1527 948 1582 auscultare
968 1567 983 1591 ,
1016 1544 1180 1598 quam
1216 1529 1340 1585 aliis
1380 1530 1650 1599 imperare
1678 1531 1876 1587 debere
1900 1574 1915 1598 ,
1941 1532 2012 1587 ob

449 1618 650 1675 fastum
682 1635 749 1675 ex
780 1619 1005 1675 inscitia
1033 1629 1357 1690 conceptum
1382 1622 1677 1677 existimat.

517 1730 603 1786 78.
638 1729 749 1786 Has
767 1732 838 1786 ob
858 1746 946 1788 res
969 1731 1132 1789 silere
1154 1733 1346 1789 utilius
1363 1733 1626 1803 judicavi,
1653 1750 1814 1804 quam
1839 1734 2006 1805 loqui,

2125 618 2246 682 σίας
2276 617 2722 688 διαλαγχάνουσι,
2754 616 2853 690 τὴν
2883 617 3189 687 οἰκονομίαν
3211 617 3303 671 τοῦ
3334 617 3487 689 ἁγίου
3515 620 3693 673 Πνεύ-

2123 726 2292 779 ματος
2370 708 2773 780 παρωσάμενοι.
2848 708 2958 761 Καὶ
3036 709 3311 774 παντελῶς
3388 712 3488 783 ἢδη
3574 713 3690 769 τῶν

2119 800 2487 869 εύαγγελικῶν
2541 799 2754 870 θεσμῶν
2798 800 2856 866 ἐξ
2909 799 3173 870 ἀκοσμίας
3227 803 3687 875 συγκεχυμένων,

2117 892 2396 964 ἀμύθητος
2444 890 2684 963 ὠθισμὸς
2732 894 2822 945 ἐπὶ
2871 892 2967 957 τὰς
3021 894 3305 967 προεδρίας
3358 896 3472 949 ἐστὶ
3501 938 3518 963 ,
3573 898 3688 949 τῶν

2117 983 2499 1054 φανητιώντων
2550 983 2777 1037 ἑκάστου
2827 986 3016 1038 ἑαυτὸν
3060 988 3315 1040 εἰσποιεῖν
3341 991 3405 1059 τῇ
3438 1007 3690 1060 προστα-

2118 1074 2208 1145 σία
2263 1074 2602 1145 βιαζομένου.
2674 1076 2930 1146 ’Λναρχία
2976 1075 3034 1129 δέ
3086 1094 3170 1140 τις
3221 1077 3367 1150 δεινὴ
3417 1080 3526 1133 ἀπὸ
3583 1074 3688 1149 τῆς

2116 1164 2403 1235 φιλαρχίας
2461 1165 2663 1236 ταύτης
2711 1168 2821 1229 τοῖς
2873 1166 3019 1231 λαοῖς
3081 1167 3434 1240 ἐπεκώμασεν
3471 1187 3488 1204 ⁸
3558 1171 3687 1225 ὅθεν

2114 1256 2381 1327 ἄπρακτοι
2431 1257 2708 1321 παντελῶς
2756 1259 2849 1310 καὶ
2899 1259 3064 1330 ὀιργα)⁸
3094 1260 3200 1313 τῶν
3244 1263 3686 1317 ἐπιστατούντων

2113 1348 2170 1399 αἱ
2217 1347 2618 1419 παρακλήσεις,
2676 1350 2737 1401 οὐ
2774 1349 2972 1419 μᾶλλον
3013 1351 3228 1404 ἀκούειν
3271 1354 3446 1418 τινὸς,
3488 1356 3524 1427 ἢ
3579 1356 3685 1408 αύ-

2109 1437 2190 1509 τῷ
2223 1439 2331 1509 (56)
2361 1439 2546 1511 ἄρχειν
2572 1440 2770 1511 ἐτέρων
2799 1441 3139 1512 ὀφειλόμενον
3168 1439 3303 1497 εἶναι
3329 1446 3564 1501 ἑκάστου
3593 1446 3685 1500 διὰ

2112 1531 2202 1585 τὸν
2233 1531 2293 1596 ἐξ
2325 1532 2561 1602 ἀμαθίας
2590 1531 2755 1602 τῦφον
2787 1532 3152 1604 λογιζομένου.

2182 1729 2269 1785 78.
2298 1728 2397 1782 Διά
2424 1727 2598 1782 ταῦτα
2625 1728 3066 1803 λυσιτελεστέραν
3096 1733 3188 1788 τοῦ
3224 1733 3379 1804 λόγου
3407 1736 3505 1809 τὴν
3544 1756 3680 1794 σιω-

447 1833 705 1894 tanquam
740 1822 977 1879 hominis
1005 1840 1109 1878 vox
1132 1840 1229 1894 per
1257 1832 1437 1881 tantos
1472 1826 1737 1880 tumultus
1761 1827 2008 1881 exaudiri

2110 1820 2217 1893 πὴν
2260 1819 2518 1890 ἐτιθέμην
2542 1860 2558 1883 ,
2597 1820 2672 1884 ὡς
2719 1821 2781 1873 οὐ
2823 1821 3121 1894 δυναμένης
3164 1825 3345 1896 φωνῆς
3379 1828 3679 1899 ἀνθρώπου

443 1931 553 1970 non
588 1916 781 1985 possit.
826 1913 960 1969 Nam
995 1918 1039 1970 si
1081 1930 1209 1970 vera
1250 1930 1377 1971 sunt
1424 1932 1545 1987 quae
1573 1916 1711 1972 dixit
1738 1916 2010 1973 Ecclesia-

444 2017 554 2061 stes
572 2007 641 2068 ",
669 2007 833 2062 verba
859 2009 1165 2078 sapientum
1190 2007 1243 2062 in
1268 2009 1446 2079 quiete
1475 2008 1653 2063 audiri
1673 2048 1688 2070 ,
1718 2007 2010 2078 plurimum

442 2098 622 2165 abest,
656 2108 716 2151 ut
763 2098 816 2152 in
860 2099 964 2154 hoc
1000 2107 1144 2155 statu
1181 2115 1361 2155 rerum
1394 2100 1461 2156 de
1496 2101 1584 2155 his
1623 2100 1770 2170 loqui
1811 2115 2012 2156 conve-

445 2190 576 2243 niat.
622 2187 705 2245 Me
735 2204 864 2244 vero
902 2191 1065 2245 etiam
1097 2189 1229 2244 illud
1259 2184 1635 2260 propheticum
1674 2190 1884 2245 dictum
1926 2207 2010 2246 re-

441 2280 665 2348 primit:
709 2278 1011 2342 Iutellt’qens
1044 2280 1097 2334 in
1127 2289 1355 2348 tempore
1392 2282 1487 2335 illo
1516 2282 1736 2337 latcbit:
1775 2299 1835 2338 eo
1871 2281 2009 2353 quod

443 2378 642 2435 tempus
680 2367 880 2421 rnatum
914 2368 1076 2433 est",
1116 2369 1171 2424 in
1207 2387 1316 2440 quo
1360 2373 1450 2426 alii
1496 2374 1712 2443 quidem
1753 2375 2009 2446 supplan-

442 2470 578 2523 tant,
608 2459 699 2514 alii
730 2476 858 2515 vero
883 2462 1150 2516 insultant
1173 2462 1347 2532 lapso,
1373 2463 1462 2516 alii
1488 2478 1617 2517 vero
1640 2465 2006 2534 applaudtmt;

440 2554 535 2607 scd
592 2550 682 2622 qu’i
728 2554 837 2624 67
886 2554 1183 2609 labascenti
1237 2570 1458 2609 manum
1510 2570 1573 2610 ex
1632 2556 2006 2613 misericordia

439 2644 705 2716 porrigat,
744 2644 931 2699 nullus
971 2652 1095 2710 est;
1127 2659 1437 2715 quanquam
1464 2646 1619 2715 juxta
1654 2647 1827 2717 legem
1859 2658 2006 2705 vete-

440 2751 552 2790 rem
581 2737 649 2801 ’⁷,
679 2750 749 2790 ne
778 2734 825 2789 is
851 2734 1068 2805 quidem
1098 2736 1191 2806 qui
1221 2737 1306 2791 vel
1330 2736 1637 2807 jumentum
1665 2738 1869 2794 inimici
1900 2740 2003 2795 sub

437 2844 604 2883 onere
640 2827 939 2898 collapsum
984 2827 1343 2898 praeterierit,
1379 2836 1528 2884 caret
1560 2830 2000 2899 reprehensione.

439 2919 549 2981 Sed
575 2935 684 2975 non
713 2918 898 2973 itidem
929 2917 987 2972 iit
1007 2918 1159 2974 hisce
1180 2920 1538 2991 temporibus.
1562 2919 1797 2987 Quinam
1822 2922 2006 2978 ﬁeret?

435 3009 656 3078 quando
684 3007 1009 3079 refrigerata
1048 3008 1290 3062 omnium
1327 3010 1595 3066 charitate
1619 3052 1634 3076 ,
1666 3011 1880 3066 sublata
1919 3021 2004 3067 est

439 3103 669 3155 fratrum
699 3099 1072 3171 conspiratio,
1105 3102 1410 3157 concordia:
1436 3119 1566 3158 vero
1598 3103 1762 3159 etiam
1801 3119 2000 3159 nomen

2108 1911 2197 1966 διὰ
2232 1911 2502 1966 τοσούτων
2537 1911 2779 1984 θορύϐων
2812 1916 3245 1986 είσακουσθῆναι.
3275 1919 3335 1973 Εἰ
3361 1920 3468 1992 γὰρ
3490 1923 3677 1993 ἀληθῆ

2108 2003 2176 2058 τά
2224 2003 2317 2057 τοῦ
2348 2004 2799 2074 -Ἑκκλησιαστοῦ
2851 2007 3102 2077 ῥήματα,
3150 2009 3229 2062 ὃτι
3270 2010 3431 2079 Λόγοι
3488 2014 3678 2082 σοφῶν

2106 2095 2166 2147 ὲν
2200 2092 2501 2149 ἀναπαύσει
2534 2095 2848 2160 ἀκούονται,
2885 2097 3080 2150 πολλοῦ
3107 2099 3171 2152 ἂν
3212 2100 3319 2156 δέοι
3341 2103 3573 2175 πρέπειν
3605 2108 3672 2176 τῇ

2106 2186 2201 2241 νῦν
2228 2187 2558 2245 καταστάσει
2585 2187 2650 2253 τὸ
2685 2188 2812 2259 περὶ
2852 2188 3051 2243 τούτων
3089 2191 3284 2260 λέγειν.
3331 2195 3459 2263 Ἐμὲ
3486 2196 3545 2249 δὲ
3580 2198 3675 2251 καὶ

2105 2280 2167 2333 τὸ
2192 2280 2523 2352 προφητικὸν
2559 2280 2735 2333 ἐκεῖνο
2762 2279 2978 2351 κατέχει
3012 2281 3210 2350 λόγιον,
3235 2284 3314 2336 ὅτι
3356 2284 3409 2338 Ὀ
3436 2285 3675 2340 συνιὼν

2105 2371 2175 2425 ἐν
2203 2371 2279 2437 τῷ
2303 2370 2481 2440 καιρῷ
2506 2371 2712 2438 ἐκείνῳ
2734 2372 2843 2443 (57)
2872 2374 3240 2441 σιωπήσεται
3258 2392 3271 2406 ·
3303 2375 3449 2431 διότι
3477 2379 3511 2431 ό
3535 2395 3673 2431 και-

2097 2463 2209 2532 ρὸς
2241 2464 2500 2530 πονηρός
2529 2464 2728 2517 ἐστιν·
2765 2464 2823 2517 ὲν
2849 2456 2892 2531 ᾧ
2923 2465 2970 2517 οἱ
2996 2465 3090 2534 μὲν
3113 2465 3519 2530 ύποσκελίζουσι
3544 2466 3670 2530 νῦν,

2102 2554 2153 2606 οἱ
2183 2552 2238 2605 δὲ
2267 2552 2572 2605 ἐνάλλονται
2598 2552 2677 2623 τῷ
2704 2553 2952 2616 πεσόντι,
2984 2554 3129 2609 ἄλλοι
3152 2555 3207 2608 δὲ
3245 2556 3627 2627 ἐπικροτοῦσιν
3652 2572 3666 2584 ’

2103 2646 2133 2698 ὁ
2163 2643 2219 2696 δὲ
2247 2642 2323 2714 τῷ
2352 2642 2640 2695 ὀκλάσαντι
2678 2645 2834 2713 χεῖρα
2859 2644 3065 2716 ὀρέγων
3096 2646 3158 2697 ἐκ
3188 2645 3524 2716 συμπαθείας
3565 2648 3671 2700 ούκ

2102 2731 2216 2787 ἐστι
2239 2748 2253 2762 ⁸
2283 2732 2523 2799 καίτοιγε
2544 2770 2559 2794 ,
2592 2731 2729 2784 κατά
2760 2730 2849 2784 τὸν
2892 2732 3116 2787 παλαιὸν
3153 2734 3312 2805 νόμον
3336 2775 3351 2800 ,
3382 2736 3490 2789 οὐδ’
3533 2738 3567 2790 ὁ
3608 2736 3670 2789 τὸ

2102 2821 2392 2893 ὑποζύγιον
2432 2822 2525 2876 τοῦ
2549 2822 2742 2894 ἐχθροῦ
2768 2825 3055 2889 πεπτωκὸς
3096 2825 3200 2878 ὑπὸ
3224 2826 3313 2880 τὸν
3343 2827 3508 2899 γόμον
3550 2829 3667 2899 (58)

2103 2916 2475 2989 παραδραμὼν
2504 2915 2939 2986 ἀκατάγνωστος.
2984 2916 3123 2971 Ἀλλ’
3149 2918 3269 2989 οὐχὶ
3295 2919 3457 2972 τανῦν
3484 2920 3672 2973 τοιαῦ-

2100 3027 2188 3064 τα.
2228 3008 2429 3075 Πόθεν;
2461 3009 2593 3062 ὅπου
2628 3026 2726 3077 γε,
2769 3008 2858 3062 διά
2900 3010 3115 3063 πάντων
3160 3010 3258 3081 τῆς
3304 3011 3523 3082 ἀγάπης
3562 3013 3671 3081 ψυ-

2102 3097 2290 3171 γείσης
2309 3139 2323 3163 ,
2355 3096 2621 3170 ἀνῄρηται
2668 3098 2764 3169 μὲν
2802 3098 3043 3169 ἀδελφῶν
3083 3100 3349 3171 σύμπνοια
3368 3142 3381 3165 ,
3411 3104 3670 3173 ὁμονοίας

436 3197 760 3266 ignoratur;
790 3194 1019 3251 sublatae
1042 3203 1170 3249 sunt
1201 3204 1380 3251 autem
1408 3199 1574 3253 etiam
1604 3199 1793 3254 amica:
1816 3200 2005 3254 admo-

2107 3188 2161 3241 δὲ
2189 3189 2459 3257 ἀγνοεῖται
2491 3189 2584 3242 καὶ
2615 3188 2851 3261 τοῦνομα
2873 3207 2888 3223 ο
2918 3191 3212 3262 ἀνῄρηνται
3239 3192 3295 3245 δὲ
3324 3194 3667 3264 ἀγαπητικαὶ

435 3286 697 3348 nitiones,
721 3302 993 3356 nusquam
1019 3289 1233 3344 viscera
1259 3287 1592 3350 Christiana.
1623 3305 1893 3360 nusquam
1921 3289 2001 3343 la—

436 3392 623 3449 eryma
651 3393 718 3433 ex
749 3379 1246 3436 commiseratione.
1270 3379 1389 3435 Non
1418 3386 1501 3435 est
1524 3380 1615 3450 qui
1646 3381 1920 3435 inlirmum
1944 3380 1999 3437 in

435 3469 543 3525 ﬁde
582 3469 880 3539 suscipiat.
940 3470 1036 3526 sed
1084 3479 1295 3525 tantum
1340 3471 1527 3527 odium
1574 3473 1719 3527 inter
1770 3472 2001 3531 tribules

434 3562 672 3627 exarsit,
720 3570 780 3615 ut
829 3562 1063 3632 quisque
1108 3563 1280 3633 magis
1329 3562 1395 3618 de
1439 3564 1670 3635 proximi
1724 3564 1998 3635 lapsibus,

435 3664 598 3720 quam
626 3649 694 3705 de
719 3650 957 3720 propriis
985 3657 1134 3706 recte
1169 3651 1329 3707 factis
1355 3655 1607 3709 exsultet.
1637 3653 2002 3721 Quemadmo-

352 3768 359 3773 -
434 3743 564 3797 dum
596 3750 777 3800 autem
809 3744 863 3798 in
890 3745 1156 3817 contagiis
1190 3746 1624 3815 pestilentiarum
1655 3748 1817 3803 etiam
1846 3748 1882 3803 ii
1906 3748 2001 3819 qui

435 3849 648 3889 summa
679 3850 807 3889 cura
839 3846 1061 3890 servant
1091 3836 1267 3892 victus
1290 3838 1575 3901 rationem,
1602 3847 1779 3893 tamen
1808 3838 1997 3893 iisdem

433 3926 643 3982 morbis
683 3927 885 3997 quibus
926 3928 1018 3983 alii
1066 3929 1345 3994 laborant,
1385 3929 1513 3984 dum
1556 3931 1626 3983 ob
1657 3930 2003 3985 consuetudi-

433 4034 561 4073 nem
590 4032 777 4073 eorum
810 4019 902 4088 qui
925 4021 1166 4090 corrupti
1192 4028 1341 4083 sunt,
1371 4022 1663 4090 opplentur
1699 4022 1799 4091 ipsi
1827 4037 1999 4091 aegro-

431 4107 671 4163 tatione:
714 4108 897 4162 itidem
930 4125 1075 4163 nunc
1105 4126 1294 4165 omnes
1324 4111 1528 4166 similes
1567 4112 1709 4166 inter
1736 4127 1838 4166 nos
1869 4112 1999 4168 facti

432 4213 649 4257 sumus.
679 4213 709 4251 a
738 4200 1103 4263 contentione,
1133 4216 1252 4270 qua:
1283 4208 1501 4255 nostros
1530 4202 1741 4257 animos
1766 4217 2002 4273 occupa-

430 4290 543 4352 vit,
584 4290 650 4343 ad
693 4290 956 4344 malorum
1001 4292 1398 4347 aemulationem
1432 4293 1698 4363 perducti.
1733 4292 1869 4348 Ilinc
1900 4295 2001 4349 im-

431 4381 728 4454 placabiles
756 4388 810 4436 et
837 4382 1008 4435 amari
1034 4382 1224 4437 sedent
1248 4388 1550 4438 erratorum
1575 4384 1997 4455 examinatores,

2104 3277 2403 3363 νουθεσίαι·
2428 3277 2662 3350 οὐδαμοῦ
2685 3279 2984 3349 σπλάγχνον
3009 3282 3325 3352 Χριστιανὸν
3350 3283 3480 3354 (59),
3507 3285 3669 3339 οὐδα-

2105 3369 2205 3441 μοῦ
2231 3369 2461 3441 δάκρυον
2490 3369 2785 3441 συμπαθές.
2822 3371 2933 3424 Ούκ
2970 3372 3115 3426 ἔστιν
3156 3375 3185 3427 ό
3212 3374 3303 3427 τὸν
3334 3375 3667 3431 ἀσθενοῦντα

2100 3465 2166 3532 τῇ
2204 3462 2384 3516 πίστει
2437 3463 3015 3535 προσλαμϐανόμενος,
3051 3465 3185 3519 ἀλλὰ
3224 3466 3472 3521 τοσοῦτον
3504 3471 3669 3538 μῖσος

2100 3557 2210 3617 τοῖς
2236 3554 2525 3625 ὁμοφύλοις
2556 3555 2689 3626 πρὸς
2711 3555 2968 3627 ἀλλήλους
2992 3556 3337 3623 ἐκκέκαυται,
3365 3558 3504 3612 ὥστε
3529 3560 3669 3631 μᾶλ-

2100 3645 2192 3699 λον
2228 3648 2337 3711 τοῖς
2368 3646 2592 3718 πλησίον
2637 3645 2920 3717 πτώμασιν
2960 3647 3130 3719 ἢτοῖς
3174 3649 3390 3714 οἰκείοις
3431 3650 3667 3716 ἕκαστος

2100 3738 2516 3811 κατορθώμασιν
2554 3740 2963 3809 ὲπαγάλλονται.
2995 3742 3203 3813 Ὠσπερ
3232 3742 3285 3795 δὲ
3314 3743 3370 3795 ἐν
3397 3745 3517 3806 ταῖς
3550 3742 3668 3798 λοι-

2103 3835 2290 3901 μικαῖς
2342 3829 2699 3902 συμπαθείαις
2751 3833 2843 3885 καὶ
2880 3834 2928 3885 οἱ
2979 3833 3121 3886 κατὰ
3154 3835 3328 3887 πᾶσαν
3375 3833 3666 3905 ἀκρίϐειαν

2100 3920 2443 3993 διαιτώμενοι
2479 3921 2548 3975 τὰ
2597 3922 2686 3975 ἶσα
2732 3927 2841 3987 τοῖς
2876 3923 3054 3987 ἄλλοις
3093 3925 3421 3996 κάμνουσιν,
3456 3925 3525 3978 ὲκ
3560 3926 3668 3998 τῆς

2099 4013 2235 4085 πρὸς
2258 4014 2382 4077 τοὺς
2411 4014 2834 4086 διεφθαρμένους
2862 4015 3074 4086 όμιλίας
3099 4015 3196 4086 τῆς
3220 4014 3527 4087 ἀρρωστίας
3547 4017 3664 4088 (40)

2099 4104 2617 4176 ἀναπιμπλάμενοι·
2665 4106 2806 4160 οὕτω
2861 4107 2955 4160 καὶ
3010 4105 3103 4160 νῦν
3161 4107 3359 4171 πάντες
3410 4108 3665 4180 ἀλλήλοις

2097 4196 2398 4268 γεγόναμεν
2434 4198 2644 4267 ὅμοιοι,
2673 4196 2778 4250 ὑπὸ
2803 4197 2901 4269 τῆς
2939 4198 3312 4270 κατασχούσης
3350 4200 3447 4264 τὰς
3478 4200 3663 4271 ψυχὰς

2098 4287 2257 4359 ἡμῶν
2303 4288 2632 4358 φιλονεικίας
2671 4288 2805 4361 πρὸς
2847 4289 2936 4343 τὸν
2985 4289 3093 4342 τῶν
3136 4289 3321 4344 κακῶν
3362 4288 3521 4359 ζῆλον
3564 4292 3665 4345 ύπ-

2096 4382 2421 4453 ενεχθέντες.
2457 4382 2734 4437 Ἐντεῦθεν
2775 4384 3147 4454 ἀσύγγνωστοι
3188 4384 3286 4454 μὲν
3324 4383 3416 4437 καὶ⁸
3469 4384 3663 4456 πικροὶ

432 4473 605 4547 iniqui
642 4488 773 4529 vero
804 4481 858 4529 et
886 4474 1135 4529 malevoli
1172 4481 1321 4530 recte
1357 4473 1623 4529 factorum
1650 4475 1897 4545 judices:
1932 4490 1997 4531 ac

2107 4473 2358 4543 κάθηνται
2387 4474 2494 4527 τῶν
2526 4476 3044 4547 ἀποτυγχανομὲνων
3074 4474 3384 4542 ἐξετασταὶ,
3414 4474 3664 4546 ἀγνώμο-

431 4544 666 4631 tantum,
694 4573 759 4622 ut
780 4566 1009 4630 videtur,
1037 4567 1238 4621 malum
1269 4567 1427 4623 nobis
1450 4544 1666 4631 insedit,
1693 4576 1754 4622 ut
1779 4570 1997 4625 ratione

2107 4582 2186 4628 νες
2222 4565 2277 4618 δὲ
2321 4566 2413 4618 καὶ
2460 4566 2740 4636 δυσμενεῖς
2784 4567 2893 4620 τῶν
2935 4566 3378 4639 κατορθουμένων
3425 4567 3656 4639 κριταί·

433 4660 797 4717 destituamur
847 4658 1061 4730 magis.
1109 4675 1271 4731 quam
1323 4659 1441 4730 ipsa
1495 4660 1749 4715 animalia
1794 4661 1991 4717 bruta:

2107 4655 2194 4708 καὶ
2228 4654 2512 4718 τοσοῦτον,
2548 4656 2623 4719 ὡς
2653 4654 2825 4719 ἔοικε,
2866 4655 2927 4708 τὸ
2970 4656 3137 4710 κακὸν
3183 4657 3313 4727 ἡμῖν
3360 4654 3655 4726 ἐνίδρυται,

431 4751 703 4823 siquidem
726 4751 816 4805 illa
850 4768 972 4822 qua:
1001 4761 1129 4808 sunt
1152 4752 1396 4823 ejusdem
1425 4751 1662 4822 generis,
1700 4753 1843 4807 inter
1856 4768 1996 4809 sese

2107 4745 2235 4801 ὥστε
2280 4747 2372 4799 καὶ
2426 4746 2534 4800 τῶν
2586 4747 2792 4815 ἀλόγων
2840 4746 3138 4816 γεγόναμεν
3188 4743 3509 4815 ἀλογώτεροι
3540 4763 3553 4775 ·
3603 4744 3660 4798 εῐ

430 4845 858 4907 consociantur,
912 4853 968 4898 at
1009 4845 1167 4900 nobis
1212 4844 1614 4899 atrocissimum
1667 4844 1869 4899 bellum
1910 4852 1995 4901 est

2107 4854 2163 4906 γε
2217 4838 2400 4890 ἐκεῖνα
2452 4838 2551 4909 μὲν
2602 4838 2669 4892 τὰ
2722 4836 2963 4909 ὁμόφυλα
3007 4835 3251 4909 ἀλλήλοις
3299 4835 3656 4906 συναγελάζε-

431 4937 698 4995 adversus
728 4936 1080 4993 domesticos.

2107 4947 2235 4992 ται,
2282 4932 2414 5001 ἡμῖν
2464 4930 2521 4983 δὲ
2572 4932 2600 4985 6
2646 4931 3019 5001 χαλεπώτατος
3071 4931 3302 5003 πόλεμος
3350 4928 3483 5000 πρὸς
3527 4930 3657 4995 τοὺς

1046 5031 1051 5036 ’
2097 5022 2327 5085 οἰκείους
2362 5022 2497 5077 ἐστί.

465 5225 708 5284 "Eccle.
735 5244 812 5293 ιι,
845 5228 931 5282 17.
1014 5224 1059 5261 ’⁸
1081 5228 1249 5284 Amos
1309 5243 1361 5290 v,
1397 5225 1477 5280 l5.
1556 5225 1601 5256 ’⁷
1624 5223 1822 5280 Ezech.
1844 5240 2001 5289 xxut,
2036 5224 2090 5280 5.

499 5423 611 5504 (ζξθ)
653 5426 721 5480 Ἦ
756 5423 935 5491 αὐτῷ.
965 5425 1045 5479 ita
1073 5422 1289 5481 codices
1326 5426 1501 5481 nostri
1531 5440 1742 5481 omnes.
1781 5423 1923 5480 Editi
1958 5425 1991 5496 ἢ

2107 5424 2357 5504 τάξειεν-η
2610 5492 2624 5504 .
2734 5491 2788 5504 -.
2935 5498 2947 5504 _
3334 5488 3470 5504 ....-.

425 5488 670 5567 αὕὲῥὲἓ,
835 5488 896 5567 ξ
1369 5563 1545 5567 --ξ
1744 5488 1990 5567 _

2107 5488 2114 5494 ’
2161 5488 2274 5567 (39)
2308 5492 2680 5561 Χριστιανόν.
2718 5491 2826 5567 ⁸εἰει
2866 5498 3075 5547 veteres
3119 5489 3263 5547 libri.
3332 5488 3473 5545 Editi
3516 5506 3651 5562 χρη-

498 5565 614 5635 (57)
658 5565 761 5619 Ἐν
786 5564 866 5632 τῷ
898 5564 1079 5635 καιρῷ
1108 5563 1336 5630 ἐκείνῳ.
1369 5563 1491 5620 "me
1519 5565 1716 5619 desunt
1742 5565 1796 5619 in
1822 5563 1996 5635 tribus

2107 5564 2267 5635 n6‘!-,_
2304 5624 2310 5631 .

426 5627 565 5689 mss.
592 5627 1013 5714 [legitur'etiani
1047 5627 1105 5703 in
1148 5627 1424 5693 nonnullis
1480 5635 1763 5691 codicibus
1808 5634 1997 5707 καιρὸς

2165 5632 2281 5714 (ιίῃ
2304 5627 2703 5714 ⁷Ἀῤῥῳστίαςτ
2744 5630 2864 5714 Duo
2896 5627 3074 5714 ξῖθεὶἱι
3090 5629 3302 5714 codices
3323 5629 3527 5714 addunt
3546 5628 3651 5683 πάρ

426 5699 691 5775 πονηρῶν
710 5705 876 5761 ἐστιν.
1047 5699 1087 5775 ’γ
1698 5773 1733 5775 _
1760 5773 1787 5775 Η
1902 5699 1953 5775 ’Δ

2107 5699 2215 5775 της.
2237 5700 2352 5756 Non
2386 5699 2557 5759 multo
2586 5712 2707 5775 post
2737 5701 2867 5758 editi
2899 5700 3245 5771 ὑπαχθέντες.
3263 5699 3490 5757 Codices
3509 5715 3647 5757 mss.

495 5771 608 5843 (38)
650 5775 759 5830 Τὸν
803 5775 1006 5846 τόμον.
1063 5774 1157 5831 Sic
1220 5788 1354 5832 mss.
1403 5774 1642 5831 codices.
1696 5773 1837 5829 Editi
1888 5771 1995 5826 τῶν

2107 5780 2152 5826 ut
2182 5773 2234 5827 in
2264 5779 2431 5827 textu.
