3788 6518
542 332 676 389 Ξδίι

1840 326 1900 381 s.
1943 324 2189 382 BASlLll
2219 325 2433 382 MAGNI
2822 355 2828 359 ν
3398 312 3404 317 ’
3634 332 3717 388 23a

546 442 746 515 loquiis
802 457 1064 509 suavem;
1115 456 1217 498 nec
1246 442 1578 512 voluptatein
1627 439 1819 494 facetis
1848 440 2105 495 sermoni-

2216 440 2274 490 ἐν
2326 440 2444 500 ταῖς
2492 435 2727 507 ὁμιλίαις
2749 453 2763 468 ·
2823 437 2883 488 οὐ
2918 435 3005 488 διὰ
3035 436 3133 503 τῆς
3165 433 3517 506 εὐτραπελίας
3556 437 3608 489 τὸ
3641 441 3715 505 ἡδὺ

548 534 651 589 bus
713 532 1017 601 aucupari;
1059 530 1152 585 sed
1218 530 1450 602 benigna
1490 529 1868 583 adhortatione
1920 529 2145 593 lenita-,

546 628 657 677 tem
694 622 960 675 obtinere.
1001 617 1210 690 Ubique
1241 620 1530 690 asperitas,
1565 621 1780 675 etiamsi
1824 621 2113 691 obiurgan-

547 713 675 768 dum
714 712 805 776 sit,
874 711 1187 781 rejicienda.
1247 709 1307 767 Si
1357 712 1502 767 enim
1558 712 1709 781 prior
1750 720 1805 767 te
1856 713 1974 782 ipse
2017 728 2114 782 per

547 802 911 856 humilitatem
958 801 1251 871 abieceris,
1283 801 1386 857 hoc
1417 810 1576 871 pacto
1604 802 1676 865 ei,
1708 802 1799 856 cui
1828 803 2114 859 curatione

547 908 683 963 opus
740 898 860 955 est,
913 902 1171 961 acceptus
1230 893 1359 947 eris.
1419 890 1748 962 Plerumque
1788 907 1917 947 vero
1964 894 2111 950 utilis

546 982 706 1037 nobis
743 990 797 1038 et
841 982 935 1036 illa
980 981 1371 1051 increpationis
1410 983 1553 1036 ratio
1607 998 1637 1036 a
1670 983 1933 1054 praplieta
1961 983 2112 1039 adbi-

547 1074 682 1137 bita,
737 1074 834 1144 qui
866 1089 989 1129 cum
1029 1072 1203 1128 David
1240 1081 1558 1143 peccasset,
1615 1088 1728 1128 non
1757 1088 1787 1126 a
1820 1074 2113 1143 semetipso

549 1164 872 1233 sententiam
918 1164 1131 1217 induxit
1181 1161 1675 1226 condemnationis,
1721 1161 1818 1216 sed
1846 1163 2113 1217 accersita

550 1270 785 1328 persona
818 1262 998 1319 utens,
1024 1255 1203 1324 ipsum
1234 1253 1442 1323 proprii
1468 1252 1711 1322 judicem
1742 1253 1952 1323 peccati
1980 1268 2116 1308 con-

548 1347 759 1412 stituit;
790 1348 863 1421 ita
892 1352 951 1399 ut
977 1360 1102 1399 cum
1125 1344 1183 1398 in
1216 1360 1276 1399 se
1315 1344 1433 1414 ipsc
1481 1344 1811 1399 sententiam
1859 1344 2108 1413 dixisset,

549 1440 685 1495 nihil
720 1439 1213 1509 jamsuccenscrct
1242 1438 1518 1508 arguenti.

617 1631 672 1687 6.
711 1630 1125 1687 Consentaneus
1173 1638 1354 1685 autem
1391 1629 1583 1684 humili
1613 1646 1676 1686 ac
1711 1631 1951 1688 demisso
1982 1648 2111 1688 sen-

547 1725 631 1781 sui
659 1724 831 1779 tristis
862 1723 1054 1779 oculus
1105 1731 1271 1793 atque
1309 1723 1562 1778 deorsum
1600 1738 1861 1793 vergens,
1892 1725 2109 1782 habitus

2215 528 2545 601 θηρώμενον,
2573 526 2707 580 ἀλλὰ
2739 526 2827 579 διὰ
2857 526 2957 594 τῆς
2984 523 3240 594 εὐμενοῦς
3283 526 3648 597 παρακλήσεως
3674 530 3719 582 τὺ

2214 620 2477 691 προσηνὲς
2518 620 2726 690 ἔχοντα.
2774 616 3053 686 Πανταχοῦ
3096 616 3157 670 τὸ
3209 616 3411 687 τραχὺ,
3453 616 3550 670 κᾶν
3580 620 3719 674 ἐπιτι-

2216 714 2382 785 μῆσαι
2411 713 2503 784 δὲῃ
2539 711 2672 784 (92),
2704 710 3105 779 ἀπωθούμενον.
3171 707 3591 779 Προκαταϐαλὼν
3636 710 3718 783 (95)

2211 798 2318 876 γὰρ
2377 804 2565 857 ἑαυτὸν
2612 802 2702 856 διὰ
2750 798 3267 873 ταπεινοφροσύνης,
3317 799 3484 863 οὕτως
3524 801 3720 871 εὐπαρά-

2210 896 2394 959 δεκτος
2424 894 2521 966 ἔσῃ
2543 893 2618 963 τῷ
2645 892 2881 963 δεομένῳ
2910 892 3008 963 τῆς
3037 890 3350 961 θεραπείας.
3405 889 3647 954 Πολλάκις
3679 893 3719 945 δὲ

2212 988 2475 1057 χρήσιμος
2503 986 2635 1055 ἡμῖν
2663 982 2757 1036 καὶ
2780 984 2808 1034 ὁ
2833 980 2923 1033 τοῦ
2966 980 3239 1057 προφήτου
3276 978 3470 1048 τρόπος
3502 976 3594 1043 τῆς
3627 980 3719 1029 ἐπι-

2212 1080 2476 1151 πλήξεως,
2532 1079 2589 1141 ὃς
2633 1075 2709 1146 τῷ
2758 1073 2923 1127 Δαόὶδ
2966 1072 3258 1142 ἁμαρτόντι
3312 1070 3371 1122 οὐ
3416 1071 3537 1140 παρ’
3568 1069 3718 1121 ἑαυτοῦ

2212 1172 2453 1241 ἐπήγαγε
2505 1168 2595 1220 τὸν
2646 1168 2767 1237 ὅρον
2813 1164 2913 1233 τῆς
2972 1160 3294 1230 καταδίκης,
3356 1157 3466 1210 ἀλλ’
3529 1158 3718 1229 ὑποϐολῇ

2212 1260 2497 1333 προσώπου
2525 1248 2896 1331 χρησάμενος,
2932 1253 3092 1307 αὐτὸν
3126 1254 3328 1304 ἐκεῖνον
3359 1249 3466 1320 (94)
3497 1248 3583 1301 τοῦ
3620 1249 3717 1302 ἰδίου

2209 1352 2464 1421 δικαστὴν
2513 1349 2763 1403 ἐκάθισεν
2798 1345 3220 1417 ἁμαρτήματος·
3268 1341 3406 1394 ὥστε
3443 1338 3591 1392 αὐτὶν
3626 1340 3718 1391 καθ’

2210 1443 2399 1498 ἐαυτοῦ
2434 1439 2891 1513 προεξενεγκὸντα
2913 1438 3009 1508 τὴν
3037 1436 3234 1508 κρίσιν,
3269 1432 3429 1505 μηδὲν
3453 1430 3528 1485 ἔτι
3554 1430 3718 1502 μέμψα-

2212 1535 2335 1590 σθαι
2365 1537 2454 1589 τὸν
2484 1533 2795 1602 ἐλέγξαντα.
3065 1578 3074 1601 ,

2278 1630 2332 1683 6.
2380 1629 2609 1681 Ἔπεται
2651 1625 2708 1677 δὲ
2752 1622 2829 1693 τῷ
2881 1618 3119 1690 ταπεινῷ
3173 1618 3268 1670 καὶ
3314 1611 3718 1682 καταϐεϐλημένῳ

2210 1722 2512 1795 φρονήματι
2572 1719 2726 1789 ὄμμα
2781 1714 3003 1782 στυγνὸν
3048 1711 3142 1765 καὶ
3195 1711 3295 1796 εἰς,
3342 1708 3445 1777 γῆν
3493 1722 3719 1796 συννενευ-

548 1818 824 1888 neglectus
846 1856 862 1880 ,
911 1815 1161 1885 squalida
1192 1830 1345 1869 coma
1370 1855 1385 1880 ,
1440 1817 1607 1871 vestis
1667 1790 1884 1884 sordida
1916 1836 1932 1886 ;
1974 1817 2105 1876 adeo

2211 1790 2301 1875 »ὶδς
2492 1809 2674 1879 σχῆμα
2705 1803 3066 1875 ἠμελημένον,
3102 1799 3246 1868 κόμη
3288 1790 3719 1888 ἀύχμηρᾲ,-ἐσθῗίς

549 1919 609 1964 ut
640 1923 759 1979 quae
801 1906 1045 1977 lugentes
1069 1907 1194 1960 data
1223 1922 1387 1976 opera
1419 1906 1645 1973 faciunt,
1680 1922 1745 1962 ea
1791 1924 1889 1964 sua
1916 1920 2108 1979 sponte

548 2000 707 2056 nobis
739 1999 918 2055 inesse
956 1997 1262 2052 videantur.
1315 1996 1523 2051 Tunica
1555 1998 1776 2068 cingulo
1800 2000 1868 2055 ad
1906 2015 2108 2071 corpus

547 2091 772 2146 astricta
821 2091 946 2146 sit:
1009 2089 1225 2146 cinctus
1281 2105 1462 2160 neque
1515 2089 1611 2143 ilia
1680 2099 2003 2161 exsuperet,
2053 2093 2109 2148 id

542 2184 690 2240 enim
723 2182 986 2237 muliebre
1012 2200 1027 2249 ;
1064 2197 1239 2251 neque
1270 2182 1425 2237 laxus
1456 2182 1531 2236 ita
1562 2183 1834 2237 nt.tunica
1868 2184 2104 2253 dimuat;

544 2275 600 2330 id
647 2274 792 2329 enim
824 2273 1004 2327 molle.
1038 2273 1291 2329 lncessus
1330 2282 1450 2328 esto
1484 2278 1584 2329 nec
1610 2276 1818 2345 segnis,
1854 2293 1958 2332 nec
1989 2278 2103 2333 ani-

545 2380 693 2421 mum
721 2366 1047 2420 dissolutum
1083 2371 1316 2434 arguat;
1347 2380 1448 2420 nec
1489 2381 1684 2421 rursus
1718 2367 2009 2424 vehemens
2044 2384 2108 2423 ac

548 2456 862 2526 superbus,
912 2469 982 2509 ne
1047 2455 1276 2509 stolidos
1339 2456 1508 2510 animi
1575 2458 1812 2526 impetus
1884 2458 2103 2513 indicet.

544 2546 701 2605 Unus
732 2546 1039 2602 vestimenti
1076 2560 1304 2616 scopus,
1346 2558 1407 2601 ut
1445 2547 1702 2603 idoneum
1738 2548 1811 2603 sit
1835 2550 2017 2604 carnis
2039 2550 2107 2604 ad

545 2643 778 2697 hiemem
818 2648 873 2694 ct
904 2648 1145 2695 aestatem
1174 2639 1595 2708 operimentum.
1650 2637 1840 2709 Neque
1868 2656 2013 2696 vero-
2050 2641 2106 2696 in

544 2733 729 2789 colore
768 2730 1021 2787 ﬂoridum
1048 2732 1406 2801 exquiratur,
1443 2745 1620 2800 neque
1664 2731 1721 2784 in
1758 2747 1920 2801 opere
1949 2741 2107 2788 tenue

543 2842 610 2884 ac
654 2826 835 2882 molle.
870 2825 1081 2880 Etenim
1130 2825 1187 2879 in
1225 2830 1377 2879 veste
1425 2822 1823 2892 pigmentorum
1870 2823 2108 2878 lautitias

542 2918 872 2982 consectari,
897 2931 1007 2971 non
1041 2916 1290 2970 absimile
1323 2924 1406 2970 est
1439 2914 1738 2970 venustatis
1761 2913 1966 2977 studio,
1996 2930 2106 2984 quo

546 3011 804 3067 mulieres
854 3007 1153 3072 ducuntur,
1203 3006 1330 3060 dum
1387 3020 1554 3076 genas
1598 3013 1653 3059 et
1691 3004 1875 3060 crines
1929 3006 2105 3061 alieno

543 3102 677 3157 ﬂere
703 3101 968 3155 inliciunt.
1015 3097 1123 3153 Sed
1166 3106 1220 3153 et
1256 3112 1322 3151 eo
1358 3111 1529 3166 usque
1569 3110 1754 3151 crassa
1796 3097 1981 3152 tunica
2009 3099 2101 3166 sit,

2211 1903 2458 1977 ῥινπῶσοι⁹
2491 1899 2629 1953 ὥστε
2664 1897 2698 1952 ἃ
2724 1895 2966 1949 ποιοῦσιν
2985 1893 3034 1945 oi
3068 1888 3387 1949 πενθοῦντες
3425 1885 3538 1938 κατ’
3568 1881 3717 1950 ἐπιτή-

2205 1970 2406 2058 δευσιν,
2433 1990 2605 2046 ταῦτα
2634 1989 2698 2042 ἐκ
2734 1986 2826 2041 τοῦ
2866 1983 3170 2054 αὐτομάτου
3204 1980 3334 2049 ἡμῖν
3371 1970 3718 2044 ἐπιφαίνεσθαι.

2206 2083 2383 2140 Χιτὼν
2405 2081 2491 2137 διὰ
2517 2080 2691 2150 ζώνης
2729 2072 3198 2150 προσεσταλμένος
3239 2068 3351 2141 (96)
3396 2066 3474 2136 τῷ
3519 2063 3716 2133 σώματι·

2204 2178 2265 2232 τὸ
2296 2178 2474 2249 μέντοι
2500 2173 2692 2243 ζῶσμα
2724 2173 2857 2243 μήτε
2892 2168 3002 2222 ἄνω
3042 2165 3151 2219 τῶν
3187 2161 3454 2231 λαγόνων,
3498 2154 3723 2249 γυναικῶ-

2205 2248 2450 2337 δεςγαρο
2493 2265 2626 2334 μήτε
2672 2261 2890 2333 χαῦνον,
2924 2257 3063 2311 ὥστε
3104 2256 3344 2326 διαρρεῖν
3393 2253 3483 2305 τὸν
3522 2248 3716 2321 χιτῶνα·

2207 2354 2457 2426 βλακικὸν
2482 2354 2590 2423 γάρ
2611 2370 2625 2383 ο
2656 2353 2749 2405 καὶ
2775 2351 2835 2404 τὸ
2874 2348 3106 2420 βάδισμα
3131 2349 3266 2417 μήτε
3294 2344 3516 2415 νωθρὸν,
3558 2340 3622 2403 ὠς
3653 2338 3719 2391 ἐκ·

2205 2446 2354 2500 λυσιν
2386 2446 2486 2516 τῆς
2525 2446 2703 2516 ψυχῆς
2740 2442 3089 2513 κατηγορεῖν·
3138 2437 3260 2510 μηδ’
3302 2432 3369 2489 αὖ
3416 2431 3621 2503 σφοδρὸν
3650 2430 3719 2480 καὶ

2209 2537 2586 2606 σεσοϐημένον,
2627 2536 2702 2599 ὡς
2728 2533 3071 2606 ἐμπλήκτους
3103 2529 3270 2599 αὐτῆς
3302 2526 3402 2588 τὰς
3437 2524 3598 2598 ὁρμὰς
3622 2521 3720 2573 ὑπο-

2206 2633 2429 2701 φαίνειν.
2486 2629 2692 2692 Σκοπδς
2730 2628 2952 2697 ὲσθῆτος
2996 2621 3096 2689 εἷς,
3145 2625 3413 2692 κάλυμμα
3463 2614 3586 2671 εἶναι
3623 2630 3720 2682 σαρ-

2205 2724 2299 2787 κὸς
2335 2723 2469 2792 πρὸς
2496 2720 2737 2792 χειμῶνα
2775 2719 2869 2773 καὶ
2907 2718 3061 2789 θέρος
3100 2715 3391 2786 αὔταρκες.
3445 2707 3655 2781 Μήτεδέ
3679 2707 3718 2756 ἐν

2205 2816 2454 2890 χρώματι
2490 2815 2599 2885 (97)
2628 2813 2687 2867 τὸ
2716 2810 2949 2883 ἀνθηρὸν
2972 2806 3271 2868 διωκέσθω,
3310 2806 3449 2874 μήτε
3484 2804 3536 2854 ἐν
3565 2803 3622 2870 τῇ
3648 2816 3719 2851 κα-

2204 2911 2441 2979 τασκευῇ
2501 2907 2562 2959 τὸ
2614 2903 2808 2958 λεπτὸν
2872 2902 2964 2955 καὶ
3027 2898 3285 2969 μαλακόν.
3328 2897 3405 2950 Τὸ
3443 2896 3544 2965 γὰρ
3572 2894 3652 2955 τὰς
3678 2895 3719 2943 ἐν

2205 3000 2393 3071 ἐσθῆτι
2418 2997 2668 3069 εὐχροίας
2698 2995 3046 3067 περισκοπεῖν
3063 2992 3174 3044 ἴσον
3195 2989 3311 3042 ἐστὶ
3327 2985 3605 3056 γυναικείῳ
3622 2982 3718 3035 iul.-

2210 3087 2495 3159 λωπισμῷ,
2539 3086 2597 3139 ὃν
2634 3086 2843 3138 ἐκεῖναι
2876 3081 3295 3151 ἐπιτηδεύουσιν,
3327 3075 3580 3149 ἀλλοτρίῳ
3606 3071 3718 3125 ἄνθει

543 3202 607 3250 ut
645 3192 798 3248 socia
841 3206 980 3260 opus
1020 3205 1132 3245 non
1172 3188 1391 3251 haheat,
1436 3163 1503 3241 ad
1545 3201 1670 3240 eum
1720 3188 1812 3257 qui
1860 3163 2102 3243 induitur

2211 3181 2432 3252 παρειὰς
2479 3181 2571 3233 καὶ
2615 3177 2801 3249 τρίχας
2859 3174 3065 3228 ἑαυτῶν
3107 3170 3563 3225 καταϐάπτουσαι.
3598 3163 3719 3217 Ἀλλὰ

544 3281 996 3340 calefaciendum.
1047 3279 1389 3335 Calcearium
1440 3284 1618 3332 autem
1666 3278 1843 3348 pretio
1887 3278 2103 3349 quidem

542 3376 665 3440 vili,
689 3373 785 3429 sed
813 3372 901 3428 cui
938 3371 1073 3426 nihil
1107 3370 1248 3425 desit
1274 3371 1341 3425 ad
1372 3387 1529 3427 usum
1576 3369 1923 3440 explendum.
1955 3369 2020 3425 Et
2046 3378 2106 3425 ut

544 3466 712 3523 semel
758 3463 941 3521 omnia
984 3478 1092 3517 uno
1132 3463 1297 3517 verbo
1351 3463 1705 3532 complectar,
1745 3470 1805 3516 ut
1852 3461 1907 3516 in
1961 3471 2108 3519 veste

543 3556 916 3614 necessarium
946 3555 1219 3625 praecipue
1246 3554 1566 3609 sectandum
1595 3570 1610 3608 :
1653 3554 1727 3609 ita
1755 3554 1812 3608 in
1851 3554 1973 3609 cibo
2008 3568 2105 3623 pa-

542 3650 630 3707 nis
656 3648 894 3720 explebit
920 3646 1330 3713 necessitatem,
1365 3660 1506 3717 aqua
1534 3645 1750 3701 sedabit
1778 3646 1924 3702 sitim
1960 3654 2107 3703 recte

540 3742 739 3798 valenti
771 3758 787 3807 ;
819 3741 1019 3809 quibus
1046 3738 1308 3794 accedent
1333 3754 1673 3809 quaecunque
1700 3754 1766 3794 ex
1812 3738 2104 3809 legumini-

540 3832 643 3890 bus
683 3832 963 3901 pulmenta
1006 3830 1226 3900 corpori
1274 3832 1422 3885 vires
1475 3829 1543 3883 ad
1587 3830 1928 3886 necessarios
1972 3814 2104 3885 usus

539 3936 865 3977 conservare
912 3931 1160 3990 possunt.
1207 3919 1378 3975 Edere
1409 3928 1588 3974 autem
1634 3918 1791 3974 decet
1835 3935 1944 3974 non
1992 3920 2105 3974 hel-

540 4012 806 4071 luantium
857 4011 1096 4082 speciem
1150 4011 1478 4081 prrebentes,
1526 4009 1622 4065 sed
1682 4011 1881 4080 ubique
1920 4010 2105 4067 mode-

543 4102 702 4165 stiam
723 4110 778 4158 et
802 4100 1272 4157 mansuetudinem
1304 4108 1469 4171 atque
1500 4100 1556 4154 in
1579 4100 1947 4171 voluptatibus
1982 4115 2108 4156 con-

541 4194 827 4251 tinentiam
872 4195 1189 4257 retinentes,
1241 4208 1314 4248 ne
1367 4201 1482 4246 tum
1534 4192 1751 4263 quidem
1792 4193 2027 4248 animam
2074 4208 2107 4247 a

544 4287 640 4343 Dei
683 4285 1007 4355 cogitatione
1057 4283 1320 4339 habentes
1391 4284 1647 4350 otiosam,
1697 4285 1792 4340 sed
1843 4302 1907 4340 ex
1987 4286 2108 4357 ipsa

541 4378 922 4437 alimentorum
974 4385 1208 4437 natura,
1256 4384 1311 4430 et
1362 4379 1613 4447 corporis
1662 4394 1727 4432 ea
1756 4378 2106 4448 suscipientis

541 4478 842 4534 structura,
888 4467 1194 4522 divinarum
1243 4468 1461 4522 laudum
1494 4468 1774 4522 materiam
1818 4469 2098 4537 ducentes,

540 4561 689 4634 quod
743 4562 893 4615 varia
946 4560 1193 4615 ciborum
1253 4575 1455 4630 genera
1505 4561 1755 4630 qualitati
1805 4576 2097 4631 corporum

541 4651 971 4716 accommodata,
1020 4650 1088 4705 ab
1135 4656 1199 4705 eo
1255 4652 1347 4720 qui
1396 4652 1582 4705 omnia
1626 4651 1958 4717 moderatur,
2018 4652 2101 4705 in-

542 4752 715 4800 venta.
759 4744 888 4799 sint.
923 4741 1122 4798 Preces
1170 4750 1296 4796 ante
1343 4742 1523 4796 cibum
1575 4743 1726 4807 liant,
1778 4758 1899 4812 quae
1941 4741 2100 4797 donis
2138 4764 2143 4766 τ

541 4835 648 4907 75
688 4834 781 4889 Dei
826 4833 1004 4903 dignae
1030 4833 1167 4895 sint,
1212 4839 1328 4886 tum
1359 4847 1481 4902 qua:
1520 4848 1667 4887 nunc
1695 4833 1942 4903 largitur,
1984 4840 2099 4885 tum

541 4935 663 4991 quae
713 4921 767 4973 in
828 4917 1073 4973 futurum
1128 4918 1456 4973 recondidit.
1516 4917 1713 4976 Preces
1766 4921 1929 4975 etiam
1976 4926 2101 4989 post

540 5014 746 5081 cibum,
794 5025 916 5080 quae
954 5017 1009 5065 et
1055 5011 1352 5081 gratiarum
1400 5010 1669 5065 actionem
1718 5025 1816 5080 pro
1859 5010 2098 5079 acceptis

612 5182 1134 5306 (θῆηἙπιτιμῆσᾳι
1161 5181 1289 5251 δέῃ.
1329 5185 1405 5263 Ita
1448 5182 1623 5264 Harl.,
1670 5181 1839 5238 Coisl.
1888 5182 2098 5252 primus

640 5254 771 5306 {emi
802 5265 935 5306 tres.
967 5254 1187 5306 Leuitur
1213 5253 1322 5306 δέοι
1351 5270 1406 5306 in
1428 5253 1608 5306 editis.

540 5264 597 5311 et
622 5253 806 5331 lfegiL
802 5265 935 5310 tres.
967 5254 1187 5331 Legitur
1213 5253 1322 5331 δέοι
1351 5254 1406 5307 in
1428 5253 1608 5307 editis.
1633 5329 1639 5331 _
1793 5318 1834 5331 _

613 5318 1233 5410 (9?:Srgpoxara6faldw.
1260 5323 1338 5378 lta
1366 5338 1498 5379 mss.
1529 5329 1759 5392 septem.
1793 5318 1936 5376 Editi
1965 5336 2097 5393 προσ

540 5392 1054 5582 “Exigis”.
1085 5460 1237 5539 Hanc
1268 5475 1476 5542 vocem,
1499 5476 1620 5530 quae
1643 5459 1879 5542 deestjn
1907 5458 2092 5543 editis,

540 5532 612 5582 ha
685 5542 745 5582 nt.
777 5548 974 5582 magno
1008 5548 1281 5582 consensu
1312 5533 1527 5582 (20111088
1566 5544 1698 5582 mss.
1736 5527 1935 5582 Ibidem
1963 5531 2092 5582 οᾶιῑι

540 5529 745 5591 habent
777 5548 974 5603 magno
1008 5533 1281 5590 consensu
1312 5529 1527 5586 codices
1566 5544 1698 5586 mss.
1736 5529 1935 5585 Ibidem
1963 5530 2095 5585 editi

541 5604 755 5682 κριτήν.
797 5602 926 5682 μεεε
960 5610 1022 5659 ut
1060 5604 1116 5658 in
1150 5611 1327 5682 ter-tu.
1366 5599 1562 5682 Eadem
1592 5601 1660 5655 de
1687 5598 1898 5682 Natl'i‘an
1926 5599 2093 5682 verba

542 5668 775 5744 legimus
803 5674 858 5727 in
885 5673 1287 5744 Commentario
1307 5672 1365 5744 in
1410 5669 1612 5744 Isaiam
1642 5684 1696 5744 ρ.
1729 5668 1855 5744 479,
1880 5684 1939 5722 n.
1965 5668 2091 5744 με.

542 5737 712 5801 Paulo
738 5753 860 5815 pOSt
904 5744 1037 5801 editi
1085 5739 1409 5814 μέμφεσθαι.
1458 5737 1835 5810 Antiquissimi
1884 5737 2091 5809 quique

2180 3288 2183 3295 ‘
2207 3274 2311 3344 μὴν
2338 3273 2431 3325 καὶ
2457 3270 2760 3340 παχύτητος
2789 3265 2959 3328 οὕτως
2996 3264 3138 3335 ἔχειν
3173 3265 3201 3316 ὁ
3237 3261 3403 3332 χιτὼν
3430 3259 3630 3330 ὀφείλει,
3663 3255 3718 3316 ὡς

2207 3364 2280 3436 μὴ
2299 3364 2501 3417 δεῖσθαι
2530 3359 2786 3415 κοινωνοῦ
2827 3357 2962 3428 πρὸς
3012 3356 3072 3408 τὸ
3120 3354 3342 3407 θάλπειν
3396 3352 3482 3406 τὸν
3519 3348 3720 3417 ἐνδυόμε-

2202 3471 2309 3507 νον.
2351 3452 2630 3521 ’Υπόδημα
2661 3447 2809 3502 δὲτὸ
2849 3445 3063 3509 εὐτελὲς
3120 3446 3215 3517 μὲν
3252 3442 3397 3497 κατὰ
3444 3443 3534 3512 τὴν
3580 3438 3718 3503 ἀξίαν,

2202 3542 2462 3607 ἁνενδεῶς
2527 3541 2584 3596 δὲ
2627 3541 2724 3612 τὴν
2780 3537 2967 3610 χρείαν
3017 3534 3389 3605 ἀποπληροῦν.
3442 3533 3545 3587 Καὶ
3585 3528 3719 3591 ἅπαξ·

2202 3637 2406 3700 απλῶς,
2463 3635 2539 3699 ὡς
2582 3636 2639 3687 ἐν
2669 3631 2747 3703 τῷ
2793 3631 3046 3703 ἐνδύματι
3100 3628 3347 3700 ἡγεῖσθαι
3397 3626 3639 3699 προσήκει
3676 3620 3720 3671 τὸ

2200 3724 2472 3801 χρειῶδες,
2505 3723 2646 3780 οὕτω
2678 3723 2771 3777 καὶ
2796 3724 2852 3774 ἐν
2883 3722 3055 3792 τροφῇ
3093 3720 3254 3791 ἄρτος
3298 3717 3623 3788 ἐκπληρώσει
3646 3711 3718 3780 τὴν

2200 3820 2408 3893 χρείαν,
2450 3818 2544 3871 καὶ
2585 3815 2727 3885 ὕδωρ
2772 3812 3095 3885 θεραπεύσει
3132 3812 3229 3883 τὴν
3272 3810 3433 3880 δίψαν
3480 3808 3551 3879 τῷ
3579 3804 3716 3874 ὑγιεία

2198 3930 2360 3980 νοντι,
2411 3910 2501 3965 καὶ
2543 3910 2639 3962 ὅσα
2692 3909 2757 3960 ἐκ
2807 3905 3133 3976 σπερμάτων
3201 3902 3562 3975 παροψήματα
3616 3896 3720 3968 πρὸς

2202 4005 2300 4069 τὰς
2324 4001 2623 4070 ἀναγκαίας
2650 3999 2838 4071 χρείας
2888 3999 2986 4069 τὴν
3040 3997 3192 4066 ἰσχὺν
3232 3995 3310 4066 τῷ
3344 3994 3552 4066 σώματι
3595 3992 3719 4044 δύνα-

2199 4115 2288 4151 ται
2331 4092 2712 4149 διασώσασθαι.
2780 4090 3011 4145 Ἐσθίειν
3051 4088 3107 4141 δὲ
3147 4087 3221 4160 μὴ
3262 4087 3509 4158 λυσσώδη
3540 4100 3720 4154 γαστρι-

2206 4186 2437 4260 μαργίαν
2471 4183 2796 4254 ἐμφαίνοντα
2836 4178 2968 4250 (98),
3001 4178 3134 4233 ἀλλὰ
3175 4177 3445 4248 πανταχοῦ
3482 4177 3539 4241 τὸ
3568 4176 3718 4227 εὐστα-

2203 4279 2293 4347 θὲς
2326 4278 2418 4331 καὶ
2443 4276 2613 4347 πρᾶον
2646 4274 2738 4326 καὶ
2770 4273 2897 4345 περὶ
2926 4270 3023 4335 τὰς
3050 4270 3239 4340 ἡδονὰς
3270 4270 3531 4341 ἐγκρατὲς
3566 4264 3721 4321 διασὼ·

2203 4370 2390 4435 ζοντα’
2439 4365 2573 4438 μηδὲ
2610 4366 2729 4419 τότε
2772 4363 2862 4416 τὸν
2914 4361 3036 4416 νοῦν
3081 4362 3246 4432 ἀργὸν
3292 4362 3349 4413 ἐν
3378 4364 3445 4432 τῇ
3477 4361 3593 4431 περὶ
3615 4351 3718 4410 Θεοῦ

2203 4459 2377 4530 ἐννοίᾳ
2407 4459 2612 4528 ἔχοντα,
2660 4456 2771 4511 ἀλλ’
2807 4453 2973 4525 αὐτὴν
3017 4453 3125 4506 τῶν
3170 4452 3472 4524 βρωμάτων
3524 4450 3613 4522 τὴν
3648 4445 3720 4516 φύ-

2204 4570 2318 4614 σιν,
2364 4551 2456 4604 καὶ
2519 4550 2614 4619 τὴν
2666 4546 2759 4600 τοῦ
2828 4544 3217 4617 ὑποδεχομένου
3286 4543 3535 4615 σώματος
3590 4555 3719 4594 κατα·

2201 4643 2417 4713 σκευὴν.
2475 4640 2725 4712 ἀφορμὴν
2773 4638 3043 4692 ποιεῖσθαι
3090 4636 3421 4706 δοξολογίαςο
3480 4634 3590 4699 πῶς
3631 4647 3722 4684 ποι-

2198 4733 2321 4787 κίλα
2356 4731 2471 4801 εἴδη
2508 4729 2721 4802 τροφῶν
2752 4731 2818 4799 τῇ
2866 4728 3084 4799 ἰδιότητι
3127 4727 3235 4781 τῶν
3290 4728 3554 4798 σωμάτων
3590 4720 3719 4793 ἁρμό-

2200 4824 2356 4888 ζοντα
2389 4823 2539 4894 παρὰ
2579 4820 2671 4874 τοῦ
2722 4819 2900 4874 πάντα
2946 4817 3352 4890 οἰκονομοῦντος
3398 4818 3717 4885 ἐπινενόηται.

2199 4914 2365 4983 Εὑχαὶ
2410 4911 2656 4984 πρὸτῆς
2705 4910 2910 4982 τροφῆς
2941 4909 3104 4973 ἀξίως
3141 4909 3475 4978 γινέσθωσαν
3523 4908 3620 4961 τῶν
3648 4900 3719 4956 τοῦ

2198 5004 2331 5057 Θεοῦ
2361 5003 2632 5076 παροχῶν,
2678 4996 2754 5056 ὧν
2798 5017 2857 5053 τε
2890 4999 2983 5053 νῦν
3030 5000 3231 5065 δίδωσι,
3265 5001 3359 5054 καὶ
3391 4994 3469 5054 ὧν
3516 4998 3636 5070 πρὸς
3673 4991 3722 5047 τδ

2200 5178 2416 5234 codices
2456 5185 2512 5231 ut
2544 5179 2598 5232 in
2627 5185 2797 5231 textu.
2882 5246 2904 5249 Α
3312 5232 3321 5249 χ

2270 5248 2378 5318 (95)
2410 5248 2837 5318 Συννενευκός.
2871 5246 3119 5313 Quatuor
3148 5258 3281 5300 mss.
3311 5246 3420 5299 non
3458 5254 3625 5298 tamen
3652 5255 3722 5293 ie-

2198 5316 2484 5375 tuStisSinii
2522 5316 2787 5378 νενευκός.

2407 5382 3213 5472 Προσεστᾳλμένρςῆυγηιιξει
3236 5384 3521 5472 codicibus
3528 5379 3727 5472 perlibe-

2198 5454 2404 5529 ﬁsianis
2423 5454 3047 5529 περιεπαλμένοςέ-ῡιιο
3082 5454 3641 5529 ειίὶ-προεσταλμένος.
3671 5517 3699 5529 ﬂ

2268 5527 2395 5600 (97),
2424 5518 2527 5581 Ἐἱο
2560 5518 2841 5600 χρώματι.
2862 5518 3028 5581 Unus
3058 5541 3123 5582 ex
3162 5518 3573 5582 Coinbetisianis
3600 5518 3724 5576 codi-

2198 5597 2367 5670 cibus
2384 5598 2442 5670 ἐν
2468 5599 2740 5670 χρώμασι·

2268 5667 2380 5750 (98)
2430 5658 3144 5750 ’ῥ’ἱιφίιζνοντα.ῂυηιιεξηοπ
3191 5665 3472 5750 codicibus
3522 5658 3725 5718 Cenilieo

2198 5736 2406 5796 tisianis
2435 5737 2812 5808 ὑποφαίνοντα.
2846 5736 2963 5792 Duo
2993 5738 3081 5791 alii
3108 5737 3475 5806 ἐπιφαίνοντα.
