3788 6518
486 306 591 364 259

1764 307 1817 361 S.
1855 305 2046 359 ωιςιι

2158 302 2353 357 HAGNI
3618 312 3699 365 Ἡ]

483 420 641 476 vobis
671 418 859 483 ﬂuere,
901 419 997 475 sed
1047 418 1230 474 subito
1276 419 1543 474 daemonis
1598 419 1800 473 invidia
1846 420 2042 475 evanui

2172 417 2445 481 πλείστοις
2482 416 2538 470 δὲ
2573 416 2713 470 κατά
2744 414 2885 487 ῥοῦν
2904 412 3029 486 ὑμῖν
3057 414 3124 467 τὰ
3148 415 3439 486 πράγματα
3461 416 3700 488 φέρεσθαιο

486 518 603 567 tota
649 512 739 565 illa
784 512 982 566 domus
1032 510 1268 565 felicitas
1307 520 1361 565 et
1400 512 1710 565 animarum
1764 513 2059 575 hilaritas;

484 618 552 658 ac
601 604 919 659 hominibus
962 604 1141 659 tristis
1190 602 1418 659 historia
1478 602 1603 658 facti
1646 620 1861 660 sumus.
1892 606 2063 674 Igitur

484 696 532 752 si
560 697 633 752 ob
664 708 726 751 ea
752 711 873 766 quae
902 694 1218 751 acciderunt
1240 695 1443 766 lugere,
1482 703 1535 750 et
1574 697 1847 766 lacrymas
1885 697 2062 751 effun-

486 788 616 844 dcre
663 790 937 850 volumus,
983 795 1200 857 tempus
1249 788 1375 843 vitae
1423 788 1582 844 nobis
1631 804 1739 843 non
1782 788 2058 855 sulliciet;

476 896 587 950 ,pcc
638 881 684 935 si
730 880 982 935 homines
1011 894 1201 935 omnes
1232 879 1523 938 nobiscum
1552 890 1793 949 gemant,
1827 879 2061 959 infortu-

484 972 577 1027 nio
604 973 884 1042 planctum
910 969 1196 1042 adaequare
1217 978 1473 1042 poterunt
1508 990 1521 1026 :
1552 973 1663 1027 imo
1697 974 1916 1031 etiamsi
1955 972 2059 1028 flu-

481 1064 699 1118 viorum
724 1079 879 1134 aqua:
911 1064 1164 1135 lacrymaa
1192 1064 1346 1126 fiant,
1381 1063 1688 1135 nequibant
1716 1080 1879 1122 casus
1912 1066 2058 1121 illius

483 1158 721 1213 lamenta
749 1157 985 1226 explere.

552 1424 607 1478 2.
655 1422 762 1479 Sed
810 1422 855 1478 si
905 1421 1137 1478 velimus
1179 1420 1275 1478 Dei
1326 1422 1568 1487 donum,
1603 1423 1751 1494 quod
1795 1423 2057 1482 cordibus

482 1515 691 1572 nostris
736 1512 956 1580 indidit,
992 1528 1143 1569 nunc
1172 1528 1454 1585 promere,
1489 1514 1761 1570 rationem
1807 1515 1935 1571 dico
1963 1531 2056 1572 so-

480 1609 677 1675 briam,
699 1622 821 1678 qua
844 1614 899 1663 et
931 1607 987 1661 in
1019 1607 1184 1663 rebus
1209 1607 1470 1663 secundis
1502 1607 1722 1663 modum
1753 1609 1908 1664 novit
1937 1608 2059 1664 ani-

478 1700 676 1755 mabus
706 1700 910 1755 nostris
938 1700 1307 1770 praastituere.
1354 1708 1407 1755 et
1452 1700 1506 1754 in
1537 1701 1878 1757 tristioribus
1913 1701 2054 1758 casi-

477 1791 581 1847 bus
614 1806 700 1847 res
740 1790 1011 1846 humanas
1044 1792 1102 1845 in
1149 1792 1470 1846 memoriam
1517 1808 1808 1857 revocare,
1845 1809 2056 1865 nosque
2088 1781 2129 1834 Β

480 1882 776 1937 admonere
818 1897 1047 1947 eorum,
1093 1897 1215 1954 qua:
1248 1891 1301 1938 et
1334 1883 1570 1940 vidimus
1612 1893 1667 1939 et
1709 1885 2052 1949 audivimus,

480 1973 649 2026 vitam
691 1973 947 2028 videlicet
991 1971 1314 2028 infortuniis
1361 1972 1675 2041 ltujusmodi
1719 1989 1845 2029 esse
1882 1973 2054 2030 refer-

479 2076 612 2127 tam,
638 2079 702 2119 ac
723 2065 893 2119 multa
919 2065 1293 2120 calamitatum
1320 2066 1684 2120 humanarum
1723 2081 1846 2122 esse
1876 2082 2060 2122 exem-

476 2158 597 2227 pla,
640 2164 698 2212 et
734 2164 933 2227 praeter
964 2157 1081 2213 haec
1109 2158 1294 2212 omnia
1329 2157 1646 2213 mandatum
1696 2155 1791 2213 Dei
1819 2173 1962 2221 esse,
1996 2166 2057 2212 ut

475 2249 572 2319 qui
616 2249 673 2302 in
705 2246 987 2303 Christum
1017 2248 1276 2312 credunt,
1317 2264 1429 2303 non
1462 2250 1682 2320 lugeant
1712 2252 2056 2304 m‘ortuorum

471 2356 666 2403 causa,
692 2340 762 2395 ob
784 2355 935 2410 spem
962 2342 1420 2407 resurrectionis;
1454 2356 1517 2394 ac
1549 2342 1829 2411 patientia:
1848 2356 2057 2412 magna:

476 2446 707 2503 magnas
754 2446 877 2487 esse
925 2431 1069 2501 apud
1118 2434 1479 2487 certaminum
1529 2432 1769 2502 judicent
1820 2447 2055 2489 coronas

473 2521 662 2592 gloria:
700 2520 969 2591 repositas
1001 2539 1014 2574 :
1048 2520 1093 2575 si
1127 2521 1290 2590 igitur
1322 2524 1522 2576 rationi
1545 2523 1963 2592 permiserimus
1996 2531 2054 2578 ut

473 2614 593 2668 haec
637 2612 797 2667 nobis
826 2610 1078 2676 occinat,
1119 2606 1303 2667 licebit
1348 2611 1579 2668 fortasse
1629 2614 1904 2668 modicum
1953 2616 2055 2669 ali-

472 2704 624 2777 quod
674 2704 801 2758 mali
851 2703 1089 2759 lenimen
1130 2704 1244 2774 78
1285 2704 1549 2759 invenire.
1579 2704 1761 2771 Quare
1792 2705 2057 2761 adhortor

470 2804 549 2863 te,
581 2805 641 2853 ut
667 2806 950 2853 strenuum
996 2796 1285 2862 athletam,
1321 2804 1381 2849 ut
1410 2807 1603 2850 contra
1648 2798 1819 2868 plagae
1848 2799 2057 2868 magni-

477 2888 729 2943 tudinem
750 2886 1092 2951 obtendaris,
1123 2901 1225 2941 nec
1241 2888 1570 2942 succumbas
1588 2889 1814 2958 ponderi
1827 2889 2052 2953 doloris,

471 2995 654 3052 neque
682 2979 1035 3035 absorbearis
1075 2979 1293 3035 animo:
1329 2995 1656 3051 persuasum
1688 2979 1920 3046 habens,
1951 2983 2055 3037 etsi

471 3074 716 3128 rationes
735 3088 926 3127 eorum
945 3087 1067 3143 quae
1094 3087 1124 3126 a
1157 3071 1269 3128 Deo
1295 3073 1706 3143 dispensantur,
1727 3088 1828 3129 nos
1860 3075 2050 3139 latent;

472 3175 528 3219 at
562 3166 807 3235 profecto
835 3164 980 3236 quod
1014 3181 1044 3218 a
1076 3164 1328 3235 sapiente
1354 3181 1568 3235 nosque
1597 3177 1815 3223 amante
1836 3167 2052 3238 dispel-
2082 3156 2124 3214 Ο

471 3264 647 3320 satur,
693 3256 1111 3326 accipiendum,
1162 3256 1380 3311 etiamsi
1426 3257 1720 3313 molestum
1761 3260 1851 3316 sit.
1892 3258 2054 3314 Novit

469 3350 615 3408 enim
658 3349 792 3419 ipse,
828 3348 1105 3419 quomodo
1144 3349 1440 3419 unicuique
1476 3347 1685 3404 dividat
1730 3350 1878 3421 quod
1920 3351 2055 3407 utile

469 3449 654 3506 est,'et
699 3456 865 3511 quam
918 3442 990 3496 ob
1032 3456 1257 3497 causam
1307 3441 1604 3513 inaequales
1635 3443 1758 3497 vitae
1789 3443 2052 3499 terminos

470 3535 630 3589 nobis
659 3533 989 3605 prtestituat.
1027 3533 1125 3587 Est
1152 3533 1300 3588 enim
1327 3547 1494 3589 causa
1520 3534 1702 3605 aliqua
1736 3534 2053 3591 hominibus

469 3626 899 3697 indepreltensa,
954 3626 1026 3680 ob
1065 3638 1231 3695 quam
1288 3625 1379 3679 alii
1430 3625 1650 3695 quidem
1707 3627 1871 3681 citius
1925 3626 2053 3684 hinc

468 3720 837 3790 abripiuntur,
892 3718 984 3773 alii
1035 3733 1168 3773 vero
1219 3719 1429 3773 diutius
1479 3720 1534 3772 in
1582 3720 1683 3774 hac
1730 3720 2051 3776 calamitosa

470 3813 581 3865 vita
615 3812 684 3865 ad
731 3825 1011 3866 erumnas
1042 3807 1396 3880 perferendas
1419 3809 1824 3878 relinquuntur.
1866 3808 2054 3879 Itaque

468 3902 525 3955 in
570 3899 826 3955 ortinibus
869 3900 1101 3954 adorare
1141 3899 1290 3958 illius
1342 3900 1397 3953 in
1440 3915 1539 3954 nos
1591 3914 1832 3954 amorem
1881 3902 2051 3956 debe-

470 4008 624 4055 mus,
668 4007 768 4045 nec
800 4005 942 4061 aegre
996 3989 1141 4045 ferre
1180 4009 1195 4042 :
1239 4004 1514 4045 memores
1565 4004 1773 4059 magna:
1821 3991 1967 4046 illius
2000 4000 2053 4046 et

472 4085 848 4139 celeberrimae
894 4084 1076 4147 vocis,
1103 4084 1268 4153 quam
1313 4097 1545 4151 magnus
1579 4082 1670 4135 ille
1710 4082 1915 4137 athleta
1948 4082 2054 4137 Job

473 4177 681 4239 emisit,
716 4191 841 4230 cum
894 4174 949 4228 in
981 4188 1093 4227 uno
1119 4172 1373 4228 convivio
1409 4173 1608 4227 liberos
1637 4172 1823 4227 decem
1853 4175 2051 4244 exigue

466 4268 730 4336 temporis
765 4273 1040 4322 momento
1066 4278 1364 4335 oppressos
1398 4265 1568 4319 vidit:
1599 4266 1853 4319 Dominus
1886 4265 2050 4331 dedit,

350 4349 359 4355 ’
466 4360 728 4415 Dominus
763 4358 1014 4423 abstulit;
1034 4350 1173 4412 sicut
1194 4355 1421 4412 Domino
1446 4358 1631 4419 visum,
1663 4357 1741 4411 ita
1772 4367 1820 4411 et
1850 4356 2049 4427 factum

465 4453 621 4507 est".
656 4451 1052 4507 Admirabiletn
1080 4450 1229 4506 illam
1246 4465 1433 4506 vocem
1462 4460 1705 4506 nostram
1737 4450 2006 4508 faciamus
2033 4473 2044 4506 :

2167 510 2282 563 ἀλλ’
2331 509 2543 581 ἀθρόως
2596 509 2864 580 βασκανίᾳ
2924 509 3174 579 δαίμονος
3231 510 3376 561 πᾶσα
3415 509 3583 581 ἐκείνη
3626 515 3698 566 τοῦ

2164 603 2314 655 οἴκου
2342 594 2459 672 ¹(⁵25)
2501 605 2533 674 ή
2581 601 2804 673 εὑθηνία
2853 601 2949 654 καὶ
2986 600 3093 653 τῶν
3145 599 3331 670 ψυχῶν
3377 602 3409 669 ἡ
3451 601 3701 674 φαιδρότης

2165 694 2478 763 ἠφάνισται,
2519 696 2612 747 καὶ
2639 693 2940 763 ἐγενόμεθα
2986 692 3065 764 τῷ
3097 692 3197 763 βίῳ
3221 692 3461 762 διήγημα
3495 694 3699 764 σκυθρω-

2166 787 2284 839 πόν.
2331 787 2458 838 Ἐὰν
2496 786 2597 856 μὲν
2626 782 2718 840 οὖν
2757 785 3075 839 ποτνιᾶσθαι
3125 784 3218 836 ἐπὶ
3240 787 3349 846 τοῖς
3384 785 3701 853 συμϐᾶσικαὶ

2162 878 2417 950 δακρύειν
2474 878 2816 950 βουλώμεθα,
2864 879 2965 931 οὑκ
3009 876 3293 947 ἐξαρκέσει
3337 878 3465 946 ἡμῖν
3496 878 3700 947 ὀχρόνος

2160 970 2254 1024 τοῦ
2286 970 2401 1041 βίου
2420 989 2431 1001 ·
2468 972 2668 1035 πάντες
2686 971 2745 1025 δὲ
2768 970 3068 1043 ἄνθρωποι,
3118 969 3234 1041 μεθ’
3259 969 3415 1039 ἡμῶν
3443 970 3696 1034 στένοντες,

2163 1062 2473 1133 παρισῶσαι
2515 1062 2592 1132 τῷ
2640 1062 2802 1116 πάθει
2849 1064 2942 1117 τὸν
2992 1062 3225 1134 ὀδυρμὸν
3271 1060 3330 1114 οὑ
3379 1060 3695 1131 δυνήσονται·

2162 1155 2297 1210 ἀλλὰ
2328 1156 2430 1210 κᾶν
2451 1156 2519 1209 τὰ
2543 1156 2650 1209 τῶν
2673 1157 2935 1228 ποταμῶν
2963 1156 3209 1228 ῥεύματα
3231 1154 3345 1225 (τε)
3390 1154 3604 1225 δάκρυον
3626 1155 3698 1223 γέ-

2159 1257 2338 1319 νηται,
2366 1248 2721 1320 ἐκπληρῶσαι
2766 1248 2872 1302 τῶν
2902 1247 3227 1318 συμὸάντων
3268 1246 3356 1300 τὸν
3405 1245 3586 1316 θρῆνον
3618 1246 3696 1299 οὐκ

2162 1337 2464 1411 ἐξαρκέσει.

2227 1432 2282 1486 2.
2330 1432 2455 1487 Ἐὰν
2491 1433 2672 1504 μέντοι
2725 1431 3041 1503 θελήσωμεν
3089 1432 3150 1485 τὸ
3190 1430 3284 1485 τοῦ
3331 1428 3464 1484 Θεοῦ
3501 1429 3649 1502 δῶρον
3666 1426 3695 1483 ’ὁ

2159 1523 2451 1578 ἐναπέθετο
2480 1528 2599 1587 ταῖς
2630 1524 2875 1597 καρδίαις
2897 1524 3011 1595 (27)
3041 1522 3200 1595 ἡμῶν
3226 1525 3567 1596 προενεγκεῖν
3591 1521 3691 1576 νῦν·

2158 1614 2248 1668 τὸν
2297 1614 2555 1686 λογισμὸν
2602 1615 2747 1684 λέγω
2791 1615 2883 1669 τὸν
2928 1614 3181 1688 σώφρονα
3204 1654 3219 1679 ,
3272 1613 3335 1679 ὃς
3372 1615 3463 1668 καὶ
3501 1615 3555 1668 ἐν
3598 1616 3693 1676 sui;

2158 1706 2477 1777 εὐημερίαις
2512 1706 2683 1778 μέτρα
2728 1702 2835 1760 οἶδε
2883 1709 3004 1769 ταῖς
3048 1705 3249 1777 ψυχαῖς
3299 1704 3453 1777 ἡμῶν
3494 1705 3691 1776 ὁρίζειν,

2157 1798 2250 1850 καὶ
2297 1800 2354 1851 ὲν
2398 1800 2521 1861 ταῖς
2571 1797 3005 1869 κατηφεστέραις
3046 1798 3432 1869 περιστάσεσιν
3477 1798 3550 1861 είς
3588 1798 3691 1852 ὑπό-

2162 1904 2357 1959 μνησιν
2382 1888 2535 1957 ἄγειν
2557 1888 2667 1941 τῶν
2693 1888 3070 1959 ἀνθρωπίνων,
3109 1890 3202 1942 καὶ
3228 1888 3543 1942 ὑποϐάλλειν
3568 1890 3689 1959 ἡμῖν,

2159 1982 2196 2035 ἀ
2222 1997 2281 2035 τε
2313 1980 2548 2050 εῖδομεν,
2579 1980 2615 2033 ἆ
2649 1997 2710 2033 τε
2744 1979 3082 2051 ἠκούσαμεν,
3122 1981 3203 2034 ὅτι
3229 1981 3391 2052 γέμει
3421 1983 3449 2034 ό
3479 1981 3579 2051 βίος
3607 1982 3691 2033 τῶν

2157 2072 2415 2126 τοιούτων
2457 2072 2647 2130 παθῶν
2672 2112 2686 2134 ,
2734 2072 2830 2125 καὶ
2873 2071 3042 2125 πολλὰ
3070 2072 3180 2126 τῶν
3213 2072 3559 2143 ἀνθρωπίνων
3585 2088 3691 2142 συμ-

2159 2162 2338 2234 φορῶν
2386 2165 2503 2215 ἐστι
2540 2161 2607 2215 τὰ
2655 2162 3067 2233 ὑποδείγματα·
3121 2163 3215 2215 καὶ
3261 2163 3356 2215 ἐπὶ
3402 2164 3581 2223 πᾶσιν,
3626 2163 3689 2214 ὅτι

2159 2254 2488 2325 πρόσταγμα
2549 2253 2684 2306 Θεοῦ
2736 2255 2852 2307 ἐστι
2900 2253 2960 2306 τὸ
3006 2254 3079 2324 μὴ
3134 2254 3422 2307 λυπεῖσθαι
3473 2253 3555 2305 ἐπὶ
3602 2255 3689 2314 τοῖς

2156 2345 2577 2416 κεκοιμημένοις
2619 2345 2747 2408 τοὺς
2784 2347 2866 2408 εἰς
2906 2345 3138 2416 Χριστὸν
3184 2347 3599 2416 πεπιστευκότας
3623 2344 3688 2398 διὰ

2157 2436 2254 2506 τὴν
2300 2413 2492 2488 ἐλπίδα
2527 2435 2627 2505 τῆς
2664 2413 3013 2497 ἀναστάσεως
3038 2453 3050 2463 ·
3080 2435 3174 2487 καὶ
3209 2436 3293 2487 ὅτι
3354 2413 3449 2504 τῆξ
3490 2432 3690 2503 μεγάλης

2157 2528 2435 2598 ὑπομονῆς
2467 2526 2692 2597 μεγάλοι
2728 2524 2881 2595 παρά
2905 2523 2981 2594 τῷ
3009 2524 3269 2596 ἀθλοθέτῃ
3304 2525 3544 2593 στέφανοι
3564 2520 3687 2590 δόξης

2158 2621 2513 2673 ἀπόκεινταιο
2568 2618 2661 2672 ἐὰν
2713 2616 3095 2690 ἐπιτρέψωμεν
3145 2615 3224 2687 τῷ
3281 2614 3518 2687 λογισμῷ
3552 2613 3688 2666 ταῦτα

2156 2714 2288 2783 ἡμῖν
2330 2709 2687 2781 κατεπᾲδειν,
2733 2710 2875 2779 τάχα
2920 2709 2987 2763 ἂν
3032 2707 3290 2781 εῦροιμέν
3338 2725 3457 2762 τινα
3501 2705 3688 2778 μετρίαν

2156 2803 2251 2856 τοῦ
2304 2802 2475 2857 κακοῦ
2523 2801 2699 2857 λύσιν.
2748 2801 2839 2854 Διὸ
2888 2799 3190 2872 παρακαλῶ
3225 2815 3285 2852 σε
3309 2841 3324 2862 ,
3369 2799 3442 2863 ὼς
3486 2797 3689 2866 γενναῖον

2156 2894 2497 2966 ἀγωνιστὴν,
2542 2894 2731 2965 στῆναι
2777 2892 2913 2964 πρὸς
2954 2893 3016 2946 τὸ
3057 2891 3285 2963 μέγεθος
3338 2891 3434 2961 τῆς
3483 2886 3687 2957 πληγῆς»

2158 2984 2255 3038 καὶ
2287 2982 2363 3055 μὴ
2397 2986 2693 3038 ὑποπεσεῖν
2723 2981 2800 3053 τῷ
2835 2981 2988 3053 βάρει
3027 2982 3124 3051 τῆς
3164 2981 3367 3053 λύπης,
3404 2980 3528 3051 μηδὲ
3553 2994 3688 3031 κατα-

2157 3077 2389 3147 ποθῆναι
2437 3077 2535 3149 τὴν
2577 3077 2786 3148 ψυχήν·
2823 3079 3001 3129 ἐκεῖνο
3048 3074 3449 3144 πεπεισμένον,
3477 3073 3570 3133 ὅτι,
3608 3069 3688 3122 κᾶν

2154 3170 2204 3222 οἱ
2236 3169 2385 3238 λόγοι
2418 3168 2527 3223 τῶν
2565 3169 2715 3241 παρὰ
2745 3167 2881 3221 Θεοῦ
2931 3166 3405 3237 οἰκονομουμένων
3431 3162 3690 3232 διαφεύγω-

2157 3278 2242 3314 σιν
2269 3262 2439 3331 ἡμᾶς,
2496 3260 2630 3314 ἀλλά
2656 3262 2876 3324 πάντως
2915 3276 2979 3328 γε
3018 3257 3080 3311 τὸ
3122 3258 3272 3329 παρά
3303 3257 3396 3311 τοῦ
3430 3253 3580 3325 σοφοῦ
3616 3253 3690 3306 καὶ

2155 3352 2476 3421 ἀγαπῶντος
2522 3355 2671 3423 ἡμᾶς
2718 3350 3071 3421 οίκονομηθὲν
3107 3350 3407 3404 ἀπόδεκτόν
3445 3349 3571 3412 ἐστι,
3609 3344 3689 3397 κᾶν

2155 3443 2409 3498 ἐπίπονον
2547 3443 2720 3507 Αὐτὸς
2749 3441 2858 3515 γάρ
2893 3436 3000 3495 οἶδε
3037 3441 3154 3505 πῶς
3200 3441 3421 3511 ἑκάστῳ
3459 3436 3690 3507 διατίθησι

2154 3539 2215 3591 τὸ
2253 3536 2553 3609 συμφέρον,
2588 3538 2684 3591 καὶ
2702 3536 2790 3590 διὰ
2819 3536 2870 3589 τί
2910 3536 3069 3590 ἀνισα
3096 3534 3311 3603 τίθησιν
3341 3532 3452 3604 (28)
3478 3533 3593 3603 ἡμῖν
3616 3527 3689 3581 τοῦ

2156 3629 2271 3699 βίον
2298 3628 2366 3681 τὰ
2396 3629 2625 3698 πέρατα.
2655 3628 2811 3680 Ἔστι
2839 3626 2948 3696 γάρ
2971 3643 3057 3689 τις
3082 3625 3230 3680 αἰτία
3257 3623 3557 3696 ἀνθρώποις
3581 3622 3691 3674 ἀκα-

2153 3720 2445 3791 τάληπτος,
2481 3718 2548 3772 δι’
2572 3720 2637 3790 ἣν
2664 3720 2723 3772 ὀἱ
2757 3719 2855 3788 μὲν
2888 3718 3080 3771 θᾶττον
3115 3714 3369 3769 ἐντεῦθεν
3405 3715 3687 3783 ἀπάγονται,

2153 3809 2203 3860 οἱ
2226 3808 2284 3861 δὲ
2311 3809 2404 3861 ἐπὶ
2434 3807 2616 3861 πλεῖον
2645 3806 3152 3878 προσταλαιπωρεῖν
3183 3803 3259 3875 τῷ
3283 3802 3524 3875 ὀδυνηρῷ
3549 3799 3689 3868 τούτῳ

2156 3899 2256 3971 βίῳ
2302 3900 2823 3971 καταλιμπάνονται.
2883 3899 3044 3951 ’Ὠστε
3093 3898 3186 3950 ἐπὶ
3225 3899 3364 3950 πᾶσι
3410 3893 3688 3977 πριοσκυνεῖν

2154 3990 2319 4044 αὑτοῦ
2368 3990 2466 4063 τὴν
2498 3986 2909 4062 φιλανθρωπίαν
2937 3988 3247 4059 ὀφείλομεν,
3284 3989 3381 4042 καί⁵
3432 3987 3502 4058 μὴ
3532 3984 3687 4053 δυσχει

2158 4081 2387 4150 βαίνειν·
2421 4082 2754 4154 μεμνημένοι
2786 4081 2885 4152 τῆς
2918 4080 3403 4152 μεγάληςκὲκείνης
3441 4077 3529 4131 καλ⁵
3554 4072 3688 4130 ἀοιδί-

2157 4192 2257 4244 μου
2284 4176 2489 4246 φωνῆς,
2523 4177 2591 4247 ἢν
2626 4178 2656 4229 ὁ
2701 4177 2871 4247 μέγας
2900 4176 3141 4247 ἀθλητὴς
3192 4173 3314 4227 Ἰὼϐ
3334 4167 3686 4241 ἀνεφθέγξατο.

2152 4268 2246 4321 ἐπὶ
2288 4269 2416 4337 μιᾶς
2461 4268 2739 4339 τραπέζης
2794 4268 2917 4323 ἰδὼν
2965 4268 3100 4322 δέκα
3152 4265 3351 4330 παῖδας
3406 4266 3463 4318 ὲν
3498 4257 3689 4334 βραχείξ

2155 4357 2341 4429 καιροῦ
2388 4360 2528 4431 ῥοπῇ
2588 4357 3005 4430 συντριϐέντας·
3050 4358 3114 4410 '0
3143 4357 3361 4423 Κύριος
3404 4352 3625 4413 ἔδωκεν,
3662 4347 3712 4398 ὁ·

2153 4453 2364 4520 Κύριος
2399 4452 2711 4521 ἀφεῖλεν-θ’
2743 4452 2825 4517 ὡς
2848 4450 2928 4517 τῷ
2963 4450 3160 4519 Κυρίφ
3194 4448 3428 4512 ἔδοξεν,
3452 4445 3591 4498 οὕτω

465 4560 568 4616 par
619 4558 832 4600 merces
876 4558 906 4597 a
960 4543 1114 4613 justo
1158 4542 1349 4613 judice
1401 4557 1552 4612 pana
1602 4543 1859 4612 praeclare
1904 4542 2046 4599 facta

2158 4544 2409 4614 ἐγένετο.
2452 4543 2746 4615 Ἦμέτερον
2795 4541 3152 4613 ποιησώμεθα
3200 4540 3263 4593 τὸ
3307 4539 3488 4608 θαῦμα
3529 4528 3689 4587 τοῦτοί

466 4635 907 4709 designantibus.
955 4634 1075 4691 Non
1124 4648 1319 4691 sumus
1353 4634 1462 4689 filio
1503 4635 1681 4689 orbati
1712 4654 1723 4687 :
1754 4634 1853 4689 sed
1889 4636 2048 4690 resti-

472 4729 672 4784 ‘uimus
697 4728 748 4785 ei
789 4729 886 4799 qui
910 4737 1102 4784 mutuo
1148 4726 1374 4782 dederat
1409 4744 1421 4779 :
1457 4740 1637 4796 neque
1662 4726 1933 4781 exstincta
1968 4734 2054 4781 est

465 4825 616 4882 illius
642 4824 775 4889 vita,
809 4824 904 4879 sed
950 4824 1005 4877 in
1044 4822 1244 4880 melius
1273 4828 1638 4875 transmutata
1671 4838 1683 4873 :
1720 4835 1819 4874 nec
1852 4819 2051 4874 humus

463 4920 730 4976 dilectum
770 4906 1027 4974 nostrum
1081 4916 1322 4980 obtexit,
1385 4915 1480 4971 sed
1530 4915 1730 4969 cmlum
1780 4910 2049 4984 suscepit.

466 5012 755 5084 Paulisper
800 5020 1220 5082 exspectemus,
1255 5015 1310 5065 et
1342 5023 1451 5062 una
1497 5022 1623 5062 cum
1653 5020 1719 5061 eo
1750 5020 1911 5079 quem
1946 5004 2044 5059 de-

460 5108 795 5173 sideramus,
843 5107 1069 5162 erimus.
1103 5103 1293 5174 Neque
1328 5102 1552 5171 longum
1585 5107 1671 5154 est
1705 5108 1917 5167 tempus
1953 5112 2044 5152 se-

542 5264 583 5295 “
612 5264 718 5317 .ob
749 5277 787 5325 ι,
813 5262 905 5316 21.

502 5376 653 5501 0825)
703 5375 936 5444 ’Exslm
977 5373 1085 5429 τοῦ
1123 5373 1316 5427 οἴκου.
1359 5369 1449 5425 Sic
1506 5376 1617 5446 tres
1677 5365 2045 5434 antiquissimi

577 5449 686 5501 ices
714 5461 816 5501 oro
836 5460 902 5501 eo
924 5445 1071 5501 quod
1101 5452 1220 5500 erat
1244 5444 1298 5496 in
1330 5440 1494 5501 edjtis
1518 5454 1612 5491 του
1635 5435 1782 5491 οἴκου
1810 5436 2039 5488 ἐκείνου.

465 5435 686 5526 codices
714 5461 816 5515 pro
836 5435 1071 5526 ecquod
1101 5444 1298 5526 eratin
1330 5440 1494 5526 edjtjs
1518 5437 1612 5518 τοῦ
1635 5435 1793 5526 οἶκον
1810 5436 2039 5526 ἐκείνουί

470 5524 529 5571 tu
559 5505 751 5573 iisdem
791 5505 1073 5572 codicibus
1129 5513 1326 5584 legitur
1357 5505 1603 5572 καῖξτῶν
1647 5505 1857 5577 ψυχῶν,
1896 5505 2043 5576 quod

468 5593 526 5645 in
552 5586 723 5642 editis
743 5593 947 5641 deerat.
1503 5636 1512 5643 .

539 5658 656 5738 μθ)
695 5655 845 5738 Ian--
899 5657 1186 5738 ρεύμειτοξ-
1227 5651 1345 5738 ,δεξ
1394 5647 1880 5738 υίξέίέἒεῖδείλέἓῖηξ-
1912 5646 2036 5738 τὶιέξ

465 5717 671 5793 ἑεῦμά.
706 5726 813 5782 Sed
836 5717 962 5782 cuiu
986 5717 1202 5796 vulgata
1227 5725 1387 5779 lectio
1413 5728 1590 5778 exstet
1623 5719 1677 5774 in
1709 5717 1885 5773 tribus
1918 5718 2038 5771 aliis

2160 4638 2278 4700 ἶσος
2328 4638 2357 4688 ὁ
2401 4634 2589 4706 μισθὸς
2638 4634 2787 4706 παρὰ
2832 4634 2924 4687 τοῦ
2981 4633 3191 4687 δικαίου
3247 4629 3435 4702 κριτοῦ
3490 4627 3591 4687 τοῖς
3638 4619 3689 4673 τὶ

2157 4729 2248 4781 [σα
2292 4727 2758 4797 ἐπιδεικνυμένοις
2807 4724 3289 4796 ἀνδραγαθήματα.
3338 4722 3453 4776 Οὑκ
3491 4720 3686 4772 ἀπεστε-

2156 4819 2400 4891 ρήθημεν
2427 4818 2517 4873 τοῦ
2556 4818 2767 4883 παιδος,
2793 4818 2908 4871 ἀλλ’
2943 4812 3305 4885 ἀπεδώκαμεν
3325 4812 3403 4883 τῷ
3428 4810 3682 4882 χρήσαντι·

2153 4912 2275 4965 οὐδὲ
2313 4911 2587 4984 ἠφανίσθη
2641 4911 2804 4965 αὑτοῦ
2852 4911 2886 4981 η
2925 4909 3075 4981 ζωὴ.
3104 4907 3219 4962 ἀλλ’
3266 4906 3361 4959 ἐπὶ
3405 4906 3466 4957 τὸ
3517 4900 3686 4972 βέλτιον

2153 5003 2480 5077 διημείφθη·
2526 5006 2587 5057 οὑ
2622 5005 2694 5075 γῆ
2734 5001 3042 5073 κατέκρυψε
3090 5000 3179 5054 τὸν
3230 4996 3509 5068 ἀγαπητὸν
3541 4988 3685 5065 ἡμῶν,

2140 5096 2266 5150 ἀλλ’
2298 5096 2526 5166 οὐρανὸς
2577 5096 2894 5160 ὑπεδέξατο.
2930 5093 3140 5165 Μικρὸν
3169 5091 3543 5162 ἀναμείνωμεν
3564 5124 3578 5148 ,
3616 5077 3689 5132 καὶ

2150 5365 2562 5431 vetustissimis,
2607 5364 2743 5419 nihil
2779 5364 3093 5418 mutandum
3127 5360 3461 5416 censuimus.

2147 5508 2159 5519 ,
2202 5420 2331 5506 (Ξῖ)
2372 5420 2824 5501 παῖςάαρδίαις.
2859 5433 3002 5488 sum
3032 5433 3238 5489 addunt
3279 5422 3530 5496 tantum
3560 5420 3684 5475 deest

2145 5523 2621 5654 "_l_(';§)LTwnow.
2659 5573 2819 5654 Deest
2856 5574 2958 5627 hoc
2985 5573 3210 5631 verbum
3249 5572 3301 5626 in
3349 5568 3521 5624 tribus
3560 5554 3682 5615 codi-

2146 5650 2321 5714 cibus,
2354 5661 2458 5727 ucc
2486 5650 2859 5703 necessarium
2890 5656 2993 5701 est.
