3788 6522
471 366 582 424 ξιτ
1860 373 1918 431 S.
1955 375 2057 429 BA!

2178 377 2195 431 ι
2258 376 2470 434 ΜΑοιιι
3354 348 3357 349 ί
3617 369 3711 426 ιιι

475 481 646 536 subiit
686 481 820 537 mihi
869 498 1151 539 sacrorum
1205 482 1551 555 dogmatum,
1597 492 1649 538 et
1692 484 2055 555 pliilosOphize

2173 486 2248 549 io;
2272 503 2357 549 τις
2391 483 2638 555 ὑπεισῄει
2688 500 2790 553 μου
2836 480 2946 535 τῶν
2984 478 3143 534 θείων
3179 477 3486 549 δογμάτων.
3512 478 3713 549 natum:

431 590 597 677 ξῳιω
645 575 796 631 circa
844 576 933 630 illa
979 584 1248 632 versatur.
1294 576 1577 643 Quomodo
1625 578 1769 632 enim
1821 577 2047 648 possim,

2173 580 2280 651 τερ).
2319 580 2501 631 ἐκεῖνα
2548 574 2882 647 φιλοσοφίας.
2909 573 3033 636 Πῶς
3059 574 3169 645 γάρ
3205 571 3270 625 ἂν
3300 572 3567 677 δυναίμην
3593 571 3710 677 (ῦθ),

441 660 714 735 εειίεικιω,
765 668 1102 724 habitantem
1158 669 1213 724 in
1268 671 1427 725 nobis
1481 671 1744 725 malitiam
1798 669 2052 725 domare?

2173 670 2286 740 ἱφην
2327 667 2459 738 ἐγὼ,
2498 667 2765 739 κρατῆσαι
2797 665 2897 736 τῆς
2935 662 3288 732 συνοικούσης
3325 662 3456 740 ἡμῖν
3499 660 3711 728 κακίας;

445 752 613 852 ἔρυίε
647 760 782 815 mihi
830 760 922 816 ﬁat
965 761 1171 824 Laban,
1204 763 1446 818 liberans
1478 780 1564 819 me
1604 765 1673 818 ab
1716 762 1859 817 Esau
1890 772 2052 831 atque

2173 763 2247 827 Γίς
2290 762 2335 816 δ’
2365 763 2431 817 ἄν
2467 779 2558 833 μοι
2588 760 2814 831 γένηται
2857 757 3073 821 Λάδαν,
3119 755 3481 811 ἀπαλλάττων
3521 770 3590 824 με
3630 753 3711 852 ¹τοῦ

478 851 547 904 ad
595 867 890 922 supernam
949 855 1348 926 philosophiam
1407 853 1719 909 deducens?
1782 852 2049 918 Quoniam

480 950 683 1004 autem,
716 943 830 1002 Deo
867 947 1050 1007 dante,
1093 951 1203 1003 voti
1245 959 1548 1018 compotes,
1582 956 1844 1019 quantum
1876 947 2050 1005 licuit.

480 1031 608 1087 facti
642 1050 859 1100 sumus,
893 1040 1181 1095 electionis
1212 1040 1433 1094 invento
1465 1057 1594 1095 vase
1635 1046 1689 1094 et
1732 1047 1896 1108 puteo
1926 1054 2054 1108 pro-

481 1127 673 1191 fundo,
719 1126 846 1185 dico
901 1138 1082 1187 autem
1131 1132 1338 1190 Christi
1383 1148 1446 1188 os
1488 1131 1856 1202 Gregorium:
1894 1132 2054 1186 nobis

480 1232 810 1288 parumper,
858 1236 1079 1291 quaso,
1134 1239 1359 1292 parum,
1422 1238 1714 1292 rogamus,
1769 1222 2056 1278 concedite

484 1310 783 1377 temporis;
810 1326 919 1367 non
965 1315 1109 1383 quod
1153 1316 1207 1369 in
1243 1316 1377 1371 urbe
1402 1315 1884 1370 commorationem
1940 1329 2055 1368 am-

2167 853 2356 919 Ἠσαῦ,
2397 855 2493 909 καὶ
2538 853 2676 926 πρὸς
2718 852 2817 923 τὴν
2864 850 3126 904 ἀνωτάτω
3170 846 3489 918 φιλοσοφίαν
3536 844 3713 898 παιδα-

2153 946 2381 1016 γωγῶν;
2424 946 2562 999 Ἀλλ’
2620 944 2806 1015 ἐπειδὴ
2861 944 2959 997 σὺν
3014 940 3133 1012 Θεῷ
3184 938 3281 993 τοῦ
3338 936 3545 992 σκοποῦ
3591 937 3712 990 κατὰ

2154 1037 2383 1109 δύναμιν
2413 1039 2813 1109 τετυχήκαμεν,
2846 1034 3099 1107 εὑρόντες
3144 1031 3337 1095 σκεῦος
3379 1029 3611 1100 ἐκλογῆς
3634 1031 3713 1082 καὶ

2157 1132 2331 1204 φρέαρ
2353 1130 2510 1202 βαθὺ,
2529 1131 2673 1199 λέγω
2694 1130 2751 1182 δὲ
2768 1129 2827 1182 τὸ
2851 1127 2944 1182 τοῦ
2964 1124 3201 1199 Χριστοῦ
3222 1124 3395 1195 στόμα
3413 1123 3709 1195 Γρηγὸριον·

2156 1224 2332 1296 ὀλίγον
2361 1226 2514 1293 ἡμῖν,
2545 1220 2872 1293 παρακαλῶ,
2901 1218 3076 1287 ὀλίγον
3108 1216 3501 1287 συγχωρήσατε
3526 1214 3712 1284 χρόνον,

2158 1316 2458 1387 αἰτούμεθα
2479 1331 2491 1347 ·
2538 1315 2599 1368 οὐ
2632 1315 2731 1383 τὴν
2774 1315 2835 1367 ἐν
2874 1315 2992 1376 ταῖς
3029 1311 3216 1365 πόλεσι
3252 1307 3535 1379 διατριϐὴν
3557 1308 3713 1361 άσπα-

484 1398 699 1454 hiamus
743 1407 944 1472 (neque
984 1404 1132 1459 enim
1180 1405 1522 1476 ignoramus,
1555 1404 1806 1460 homines
1837 1404 1941 1459 hoc
1971 1420 2057 1475 pa-

2173 1407 2378 1477 ξόμενοι
2397 1422 2411 1436 ⁸
2441 1404 2559 1459 οὐδὲ
2586 1403 2695 1475 γὰρ
2735 1402 2959 1475 λέληθεν
3003 1403 3151 1474 ἡμᾶς
3180 1403 3210 1454 ὁ
3248 1400 3487 1471 πονηρὸς
3516 1398 3601 1452 διὰ
3624 1400 3714 1453 τῶν

485 1500 573 1545 cto
610 1507 639 1545 a
673 1495 912 1565 maligno
952 1496 1175 1569 decipi),
1207 1499 1300 1554 sed
1343 1500 1486 1568 quod
1528 1499 1732 1553 versari
1764 1514 1887 1554 cum
1929 1515 2057 1554 san-

2173 1498 2412 1551 τοιούτων
2457 1497 2556 1568 τὴν
2600 1496 2820 1566 ἀπάτην
2846 1497 2961 1558 τοῖς
2992 1492 3300 1565 ἀνθρώποις
3337 1493 3714 1563 προσμηχανώ-

485 1580 589 1635 ctis
619 1581 774 1652 longe
805 1585 1159 1651 utilissimum
1207 1603 1328 1643 esse
1365 1587 1700 1657 judicemus.
1734 1587 1872 1642 Dum
1912 1590 2057 1644 enim

2173 1608 2352 1663 μενος·
2396 1590 2530 1644 ἀλλὰ
2572 1589 2673 1661 τὴν
2722 1588 3008 1659 συντυχίαν
3049 1587 3150 1658 τὴν
3195 1586 3504 1659 πρὸς-τοὺς
3550 1585 3714 1653 ἁγίους

484 1674 551 1727 de
596 1675 798 1732 divinis
828 1678 1179 1749 dogmatibus
1208 1682 1414 1751 aliquid
1456 1682 1680 1745 dicitur,
1731 1681 2057 1752 auditurque

2173 1683 2417 1754 ὲπωφελῆ
2450 1683 2686 1753 μάλιστα
2711 1681 2988 1753 κρίνοντες
3021 1680 3155 1750 (51).
3199 1680 3287 1733 Ἐν
3310 1679 3422 1749 γὰρ
3446 1677 3528 1749 τῷ
3563 1677 3716 1745 λέγειν

485 1768 1398 1843 frequentius,contemplationum
1450 1774 1738 1844 quemdam
1791 1775 2055 1841 habitum,

2173 1794 2215 1830 τι
2243 1776 2372 1847 περὶ
2416 1774 2525 1827 τῶν
2548 1774 2713 1827 θείων
2742 1771 3051 1842 δογμάτων,
3097 1770 3192 1824 καὶ
3230 1768 3715 1823 ἀκούειν“πυκνότεο

484 1861 577 1930 qui
618 1878 760 1935 aegre
813 1839 1127 1929 amittatur,
1183 1839 1536 1936 suscipimus.
1586 1865 1653 1920 Et
1702 1883 1792 1922 res
1839 1867 2054 1938 quidem

2173 1887 2256 1941 ρον
2280 1910 2295 1933 ,
2319 1839 2452 1934 ’ἕξιν
2498 1839 2901 1936 δυσαπόὸλητον
2943 1862 3316 1935 θεωρημάτων
3372 1861 3711 1933 λαμϐάνομεν.

487 1962 690 2009 nostrai
718 1956 791 2009 ita
816 1971 878 2013 se
907 1959 1130 2016 habent.
2086 1974 2091 1985 ‘
2160 1964 2272 2018 Καὶ
2297 1961 2367 2015 τὰ
2400 1960 2499 2032 μὲν
2522 1960 2644 2014 καθ’
2668 1961 2815 2031 ἡμᾶς
2837 1950 3022 2013 τοῦτον
3052 1957 3167 2028 ἔχει
3193 1956 3283 2011 τὸν
3310 1957 3539 2028 τρόπον.

2180 2048 2187 2055 ’
2228 2053 2284 2106 2.
2332 2053 2520 2122 Ὑμεῖς
2557 2050 2635 2115 δὲ,
2663 2043 2708 2103 ὦ
2730 2048 2870 2102 θεῖαί
2910 2065 2999 2119 μοι
3027 2047 3125 2101 καὶ
3143 2044 3600 2117 προσφιλέσταται
3629 2057 3713 2094 πα-

2163 2142 2271 2197 σῶν
2324 2140 2557 2211 κεφαλαὶ
2579 2182 2596 2206 ,
2652 2135 2987 2209 φυλάττεσθε
3047 2136 3175 2200 τοὺς
3229 2134 3341 2188 τῶν
3389 2132 3714 2186 Φυλιστιαίων

2161 2236 2449 2307 ποιμένας,
2480 2236 2553 2305 μή
2600 2251 2685 2296 τις
2726 2232 2904 2286 λαθὼν
2948 2229 3205 2302 ἐμφράξῃ
3234 2228 3389 2299 ὑμῶν
3415 2226 3487 2280 τὰ
3514 2225 3712 2297 φρέατα,

2164 2331 2262 2383 καὶ
2308 2328 2372 2382 τὸ
2424 2327 2663 2400 καθαρὸν
2694 2326 2794 2396 τῆς
2825 2322 3082 2394 γνώσεως
3112 2322 3214 2392 τῆς
3260 2321 3392 2391 περὶ
3424 2319 3524 2390 τὴν
3561 2318 3714 2371 πίστιν

2165 2418 2491 2492 ἐπιθολώσῃ.
2543 2417 2712 2471 Τοῦτο
2758 2416 2865 2487 γάρ
2909 2416 3091 2477 αὐτοῖς
3133 2412 3219 2466 ἀεί
3266 2413 3417 2465 ἐστιν
3467 2408 3712 2481 ἐπιμελὲς,

2170 2513 2244 2583 μὴ
2286 2515 2349 2565 ἐκ
2377 2511 2485 2564 τῶν
2517 2509 2677 2583 θείων
2721 2507 2952 2581 Γραφῶν
2974 2506 3246 2561 διδάσκειν
3284 2502 3385 2567 τὰς
3435 2499 3713 2573 ἀκεραιοτέ-

2171 2576 2268 2675 ρας
2310 2600 2507 2673 ψυχὰς,
2536 2576 2651 2655 ἀλλ’
2690 2576 2893 2670 ὲκντῆς
2934 2596 3130 2664 ἔξωθεν
3169 2595 3363 2666 σοφίας
3405 2589 3713 2665 παρακροὺει

2170 2697 2292 2749 σθαι
2318 2696 2417 2767 τὴν
2446 2694 2720 2765 ἀλήθειαν.
2758 2692 2816 2744 '0
2843 2691 2952 2763 γὰρ
2977 2688 3308 2759 ἀγέννητον
3334 2687 3432 2739 καὶ
3458 2682 3713 2756 γεννητὸν

2168 2788 2475 2856 ἐπεισάγων
2513 2783 2673 2856 ἡμῶν
2722 2786 2788 2856 τῇ
2837 2783 3039 2844 πίστει,
3094 2780 3189 2834 καὶ
3227 2779 3319 2834 τὸν
3365 2777 3459 2831 ἀεὶ
3494 2777 3615 2830 ὄντα
3656 2773 3711 2843 μὴ

2168 2881 2297 2934 ὅντα
2334 2879 2465 2932 ποτὲ
2497 2876 2856 2949 δογματίζων,
2893 2874 2986 2928 καὶ
3021 2873 3114 2927 τὸν
3160 2872 3319 2940 φύσει
3360 2870 3461 2924 καὶ
3508 2868 3590 2922 ἀεὶ
3627 2867 3713 2920 [Iac

554 2045 609 2101 2.
644 2046 753 2102 Vos
787 2058 966 2104 autem
989 2091 1004 2116 ,
1035 2066 1069 2105 ο
1098 2050 1282 2105 divina
1310 2059 1365 2107 et
1398 2053 1641 2107 omnium
1674 2054 1805 2107 mihi
1848 2054 2060 2108 charis-

487 2138 624 2190 sima
666 2140 843 2209 capita
871 2181 887 2203 ,
950 2150 1141 2198 cavete
1192 2142 1604 2213 Philistinorum
1653 2154 1944 2216 pastores,
1990 2163 2061 2201 ne

488 2234 612 2298 quis
647 2242 842 2301 puteos
876 2244 1090 2291 vestros
1116 2237 1428 2292 clanculum
1459 2238 1708 2294 obstruat
1735 2278 1753 2302 ,
1780 2249 1833 2293 et
1867 2254 2059 2308 puram

487 2340 676 2377 eorum
699 2366 714 2389 ,
747 2342 868 2395 quae
915 2328 980 2382 ad
1019 2328 1178 2385 ﬁdem
1212 2331 1517 2400 pertinent,
1553 2331 1918 2399 cognitionem
1961 2332 2061 2386 ob-

488 2414 690 2471 turbct.
723 2416 839 2472 Hoc
869 2419 1016 2473 enim
1059 2419 1143 2477 eis
1186 2434 1401 2490 semper
1443 2420 1628 2474 studio
1677 2429 1799 2483 est,
1836 2436 1945 2474 non
1995 2437 2062 2475 ex

490 2506 795 2575 Scripturis
830 2509 1002 2564 sacris
1032 2509 1230 2564 docere
1273 2511 1485 2565 animas
1532 2512 1934 2580 simpliciores,
1967 2514 2064 2567 sed
2105 2494 2111 2502 ’

490 2599 757 2665 sapientia
816 2606 1079 2655 extranea
1138 2602 1423 2655 veritatem
1486 2604 1909 2660 circumvenire.
1959 2604 2062 2670 Qui

489 2688 633 2741 enim
666 2690 951 2760 ingenitum
990 2699 1043 2746 et
1058 2694 1290 2761 genitum
1324 2694 1377 2747 in
1412 2705 1658 2750 nostram
1692 2696 1855 2758 ﬁdem
1887 2699 2067 2752 intro-

489 2778 673 2837 ducit,
708 2781 972 2850 docetque
1021 2797 1144 2837 eum
1197 2784 1289 2853 qui
1338 2797 1554 2854 semper
1598 2796 1721 2848 est,
1769 2786 2068 2856 aliquando

490 2887 599 2925 non
633 2872 839 2937 fuisse,
874 2890 1109 2944 eumque
1148 2878 1242 2945 qui
1292 2883 1489 2930 natura
1544 2894 1608 2932 ac
1663 2894 1880 2949 semper
1907 2879 2069 2935 Pater

488 2974 608 3027 est,
638 2975 846 3035 patrem
892 2965 1044 3032 ﬁeri,
1089 2975 1144 3022 et
1202 2967 1466 3038 Spiritum
1507 2980 1756 3025 sanctum
1792 2988 1902 3026 non
1944 2987 2057 3028 esse

2173 2972 2302 3043 τέρα
2352 2968 2564 3040 πατέρα
2614 2965 2917 3036 γινόμενον,
2965 2964 3060 3016 καὶ
3107 2961 3168 3014 τὸ
3217 2960 3445 3031 Πνεῦμα
3490 2959 3548 3012 τὸ
3589 2957 3714 3025 ἅγιον

491 3058 922 3125 sempiternum,
984 3073 1167 3113 nonne
1216 3060 1309 3114 ille
1366 3062 1542 3131 palam
1587 3061 1899 3120 Philistmus
1949 3074 2057 3129 est,

2173 3066 2270 3118 οὐκ
2307 3062 2494 3123 ἀΐδιον,
2526 3061 2626 3114 οὐκ
2671 3056 2930 3129 ἄντικρύς
2975 3056 3090 3107 ἐστι
3134 3051 3429 3116 Φυλιστεῦς
3468 3050 3606 3122 (52);
3636 3048 3713 3118 βα-

490 3150 743 3202 invidens
781 3149 1103 3218 patriarchae
1130 3152 1302 3206 nostri
1349 3153 1545 3210 ovibus
1570 3195 1585 3219 ,
1621 3172 1691 3210 ne
1723 3172 1790 3211 ex
1844 3172 1981 3227 pura
2014 3167 2057 3212 el

2173 3154 2406 3210 σκαίνων
2432 3155 2546 3215 τοῖς
2593 3148 2686 3204 τοῦ
2737 3148 3075 3220 πατριάρχου
3109 3145 3265 3218 ἡμῶν
3302 3144 3608 3216 προϐάτοις,
3645 3142 3713 3194 ἵνα

494 3242 548 3293 in
574 3239 734 3293 vitam
769 3249 1030 3295 aeternam
1055 3243 1286 3298 saliente
1314 3259 1455 3313 aqua
1481 3246 1672 3301 bibant
1702 3248 1773 3311 “,
1807 3246 1901 3302 sed
1934 3248 2057 3302 illud

2175 3248 2249 3319 μὴ
2277 3245 2503 3299 πίνωσιν
2532 3245 2597 3297 ὲκ
2623 3241 2716 3296 τοῦ
2738 3239 2978 3311 καθαροῦ
3025 3238 3121 3292 καὶ
3162 3236 3458 3307 ἁλλομένου
3495 3237 3569 3298 είς
3598 3232 3713 3301 ζωὴν

493 3332 773 3402 prophetas:
800 3334 1086 3387 oraculum
1111 3334 1332 3389 trahant
1363 3336 1416 3389 in
1436 3322 1819 3408 semetipsos:
1855 3337 1943 3393 He
1977 3339 2057 3394 dei

2173 3340 2388 3395 αἰώνιον
2415 3337 2626 3400 ὓδατος,
2661 3334 2796 3388 ἀλλὰ
2836 3334 2898 3388 τὸ
2943 3332 3036 3387 τοῦ
3082 3332 3360 3404 προφήτου
3407 3328 3580 3398 λόγιον
3606 3324 3712 3395 πρὸς

492 3424 816 3495 reliquerunt
846 3426 1042 3495 [autem
1070 3444 1225 3498 aqum
1260 3430 1405 3495 vim,
1448 3446 1509 3482 ac
1539 3429 1786 3498 foderunt
1812 3432 1917 3486 sibi
1942 3434 2057 3494 ipsi:

2173 3430 2397 3493 ἑαυτοὺς
2436 3426 2846 3481 ἐπισπάσωνται
2881 3424 3014 3494 (53),
3051 3422 3142 3475 τό*
3182 3419 3314 3490 Ἐμὲ
3354 3416 3712 3489 ἐγκατέλιπον

493 3519 750 3575 cisternas
775 3518 1008 3574 obtritas
1033 3559 1049 3586 ,
1081 3536 1199 3590 qua!
1252 3539 1354 3581 non
1394 3533 1639 3592 poterunt
1677 3541 1871 3596 aquam
1900 3526 2057 3580 conti-

2173 3521 2376 3591 πηγὴν
2404 3518 2623 3584 ὓδατος
2654 3516 2891 3583 ζῶντος,
2924 3515 3023 3570 καὶ
3058 3513 3299 3583 ὤρυξαν
3325 3510 3560 3577 ἑαυτοῖς
3594 3506 3713 3562 λάκ-

493 3627 615 3672 nere
668 3612 753 3677 ⁸⁸;
805 3626 930 3666 cum
984 3611 1232 3667 conﬁteri
1284 3622 1535 3683 oporteat
1585 3615 1753 3670 Deum
1811 3616 2057 3683 Patrem,

2173 3628 2318 3676 κους
2360 3607 2927 3678 συντετριμμένους,
2977 3606 3034 3660 οἳ
3083 3607 3155 3659 οὐ
3196 3603 3562 3670 δυνήσονται
3588 3596 3713 3661 ὕδωρ

492 3704 663 3757 Deum
715 3702 949 3769 Filium,
990 3703 1159 3760 Deum
1193 3705 1458 3775 Spiritum
1509 3715 1762 3763 sanctum
1785 3749 1801 3772 ,
1833 3710 1912 3763 uti
1955 3711 2057 3764 elo-

2173 3701 2433 3771 συσχεῒν
2450 3716 2463 3730 °
2506 3700 2626 3753 δέον
2682 3699 2966 3771 ὁμολογεῖν
3011 3698 3144 3752 Θεὸν
3182 3696 3273 3750 τὸν
3314 3694 3532 3767 Πατέρα
3555 3731 3568 3755 ,
3604 3689 3709 3742 Θεὸν

494 3791 621 3858 quia
656 3792 841 3847 divina
863 3833 878 3858 ,
910 3801 967 3848 et
998 3794 1093 3866 qui
1147 3810 1210 3849 ea
1248 3796 1542 3852 sublimius
1576 3799 1931 3863 intellexere,
1965 3799 2057 3854 do-

2173 3794 2263 3847 τὸν
2287 3793 2434 3859 Υίὸν,
2463 3792 2597 3846 Θεὸν
2624 3791 2685 3845 τὸ
2718 3790 2944 3862 Πνεῦμα
2982 3790 3043 3844 τὸ
3090 3788 3273 3859 άγιον’
3310 3786 3385 3852 ὡς
3415 3788 3466 3840 οἱ
3499 3784 3618 3838 θεῖοι
3643 3779 3712 3832 λό’

495 3891 750 3938 cuerunt.
791 3885 1058 3941 Caeterum
1090 3887 1158 3941 ad
1187 3902 1285 3942 eos
1322 3890 1413 3957 qui
1444 3895 1561 3945 tres
1606 3890 1741 3945 deos
1784 3892 1947 3947 nobis
1975 3909 2057 3946 ex-

2173 3904 2279 3956 γοι,
2308 3886 2404 3940 καὶ
2445 3885 2496 3938 οἱ
2535 3884 2757 3948 τούτους
2787 3884 2897 3955 (54)
2928 3882 3262 3953 ὑψηλότερον
3300 3879 3608 3952 νενοηκότες
3630 3875 3711 3929 ὲδέ-

497 3974 797 4043 probrant,
850 3976 983 4030 illud
1031 3977 1293 4032 dicatur:
1347 3995 1515 4033 unum
1570 3996 1671 4036 nos
1726 3980 1896 4037 Deum
1959 3999 2057 4038 nor

2173 3975 2357 4042 δαξαν.
2381 3976 2525 4047 Πρὸς
2563 3974 2619 4027 δὲ
2661 3975 2789 4037 τοὺς
2829 3973 3235 4045 ὲπηρεάζοντας
3261 3974 3393 4042 ἡμῖν
3438 3970 3495 4023 τὸ
3538 3966 3713 4040 τρίθεον

495 4079 728 4118 numero
763 4106 777 4129 ,
847 4067 942 4121 sed
996 4076 1193 4124 natura
1263 4071 1534 4126 conﬁteri.
1594 4066 1871 4145 Quidquid
1925 4079 2057 4133 enitr

2175 4071 2352 4122 ἐκεῖνο
2378 4067 2641 4136 λεγέσθω,
2672 4069 2860 4139 ὅτιπερ
2889 4067 3049 4137 ἡμεῖς
3091 4065 3187 4118 ἕνα
3215 4063 3348 4117 Θεὸν
3381 4065 3446 4117 οὐ
3481 4060 3557 4133 τῷ
3587 4057 3711 4129 ἀριθ-

495 4170 669 4209 unnm
700 4172 930 4212 numero
958 4157 1186 4222 dicitur,
1222 4160 1277 4214 id
1311 4176 1438 4216 vere
1469 4179 1638 4217 unum
1670 4179 1776 4219 non
1813 4173 1931 4229 est,
1979 4182 2057 4220 ne-

2178 4161 2283 4233 μῷ,
2338 4161 2468 4214 ἀλλὰ
2518 4164 2584 4231 τῇ
2630 4159 2786 4228 φύσει
2844 4157 3234 4229 ὁμολογοῦμεν.
3298 4157 3418 4209 Πᾶν
3458 4154 3561 4226 γὰρ
3603 4153 3628 4204 ὅ
3669 4149 3713 4201 ἓν

497 4261 604 4313 que
637 4255 834 4300 natura
864 4248 1098 4319 simplex
1129 4270 1140 4303 :
1178 4250 1347 4306 Deum
1385 4268 1515 4307 vero
1555 4255 1855 4325 simplicem
1909 4267 1961 4311 et
1998 4258 2049 4311 in

2175 4253 2393 4325 ἀριθμῷ
2419 4253 2654 4320 λέγεται.
2679 4251 2834 4305 τοῦτο
2862 4252 2961 4322 οὐχ
3005 4249 3064 4303 ἓν
3092 4251 3279 4312 ὅντως,
3301 4249 3427 4302 ,οὐδ’
3457 4244 3638 4302 ἁπλοῦν
3661 4243 3709 4311 τῇ

497 4338 860 4407 compositum
915 4340 1251 4395 conﬁtentur
1298 4358 1509 4399 omnes.
1566 4343 1683 4400 Non
1730 4347 1898 4416 igitur
1930 4363 2057 4401 unus

2176 4344 2333 4413 φύσει
2365 4345 2540 4397 ἐστίν’
2578 4344 2681 4397 ὀδὲ
2719 4342 2853 4407 Θεὸς
2894 4341 3095 4405 ἁπλοῦς
3144 4342 3237 4394 καὶ
3277 4340 3566 4402 ἀσύνθετος
3596 4331 3712 4405 παρὰ
3751 4363 3766 4389 ς

496 4445 726 4484 numero
755 4441 839 4485 est.
875 4431 1039 4487 Deus.
1070 4434 1223 4500 Quod
1252 4445 1431 4491 autem
1464 4436 1586 4491 divo
1606 4480 1618 4497 .
1653 4449 1737 4494 est
1777 4439 2057 4508 ejusmodi

2178 4436 2342 4487 πᾶσιν
2393 4435 2753 4504 ὁμολογεῖται.
2805 4435 2918 4486 Οὐκ
2960 4432 3065 4503 ἄρα
3127 4426 3207 4494 εἷς
3257 4429 3475 4502 ἀριθμῷ
3527 4423 3711 4481 ἐστι·δὸ

496 4523 678 4577 Unum
721 4539 948 4580 numero
979 4527 1239 4581 mundum
1280 4545 1402 4584 esse
1449 4530 1713 4595 dicimus;
1743 4548 1849 4587 non
1889 4542 2057 4587 tamet

2177 4527 2325 4590 Θεός.
2362 4529 2426 4579 Ὂ
2470 4526 2525 4581 δὲ
2573 4526 2736 4595 λέγω,
2776 4524 3013 4578 τοιοῦτόν
3059 4525 3226 4578 ἐστιν.
3264 4523 3357 4575 Ἓν
3402 4520 3607 4594 ἀριθμῷ
3643 4515 3712 4569 τὸν

496 4633 666 4671 unum
706 4628 935 4683 natura,
986 4636 1165 4691 neque
1199 4623 1504 4691 simplicem
1552 4626 1704 4678 illum
1743 4624 2057 4694 quemdam.

2177 4619 2380 4689 κόσμον
2405 4615 2542 4672 εἷναί
2575 4635 2774 4689 φαμεν,
2796 4616 2911 4670 ἀλλ’
2943 4615 3039 4685 οὐχ
3070 4615 3167 4668 ἕνα
3193 4617 3259 4686 τῇ
3296 4614 3473 4683 φύσει,
3507 4604 3712 4665 amatr

495 4709 803 4765 Dividimus
833 4711 977 4765 enim
1012 4712 1189 4782 ipsum
1221 4714 1273 4767 in
1297 4716 1562 4769 elementa
1596 4733 1660 4769 ex
1700 4719 1899 4783 quibus
1935 4734 2057 4771 eon-

2180 4711 2383 4764 ἁπλοῦν
2407 4729 2526 4763 τινα
2550 4710 2756 4764 τοῦτον.
2792 4709 3072 4779 Τέμνομεν
3111 4706 3221 4779 γάρ
3260 4707 3421 4761 αὑτὸν
3469 4707 3545 4768 είς
3589 4700 3646 4754 τὰ
3666 4697 3710 4763 ἐξ

495 4810 638 4866 stat,
669 4803 721 4856 in
750 4803 929 4874 ignem
955 4846 969 4865 ,
1003 4821 1199 4877 aquam
1221 4845 1238 4869 ,
1265 4822 1445 4864 acrem
1480 4819 1535 4863 et
1598 4810 1833 4867 terram.‘
1858 4812 2057 4869 Rursus

2177 4799 2251 4857 ὧν
2282 4804 2574 4874 συνέστηκε
2620 4807 2880 4873 στοιχεῖα,
2909 4804 2988 4865 εἰς
3020 4801 3132 4872 πῦρ
3173 4802 3266 4854 καὶ
3297 4799 3441 4872 ὕδωρ
3480 4798 3567 4852 καὶ
3602 4792 3709 4861 ἀέρα
3761 4816 3773 4834 ν

495 4893 660 4947 homo
694 4912 836 4948 initis
876 4912 1108 4952 numero
1143 4897 1366 4955 dicitur.
1392 4899 1567 4955 Unum
1602 4904 1747 4957 enim
1791 4905 2057 4961 hominem

2178 4900 2271 4952 καὶ
2304 4898 2427 4969 γῆν.
2458 4897 2624 4950 Πάλιν
2652 4899 2681 4949 ὁ
2713 4894 2998 4967 ἄνθρωπος
3040 4890 3120 4958 εἷς
3149 4893 3370 4966 ἀριθμῷ
3405 4890 3708 4963 ὀνομάζεται.

494 5000 651 5054 saepe
669 4986 943 5052 dicimus,
981 4987 1077 5041 sed
1131 5004 1238 5043 non
1274 4991 1505 5061 simplex
1551 4993 1772 5061 quidam
1818 4995 1908 5049 ille
1954 5007 2057 5061 est,

2180 4993 2317 5045 Ἕνα
2368 4991 2476 5063 γὰρ
2522 4990 2804 5061 ἄνθρωπον
2850 4988 3109 5052 πολλάκις
3159 4987 3413 5059 λέγομεν.
3469 4983 3595 5038 Ἀλλ’
3634 4977 3710 5047 οὐχ

494 5089 620 5127 cum
666 5090 730 5130 ex
786 5088 1020 5146 corpore
1049 5086 1104 5132 et
1133 5078 1312 5132 anima
1344 5089 1575 5135 constet.
1608 5080 1873 5139 Similiter
1892 5095 1945 5138 et
1974 5101 2057 5139 an-

2178 5079 2381 5145 ἁπλοῦς
2404 5098 2486 5144 τις
2510 5076 2661 5144 οὗτός
2704 5083 2873 5143 ἐστιν,
2905 5081 2969 5132 ἐκ
2999 5077 3248 5149 σώματος
3278 5079 3373 5133 καί
3412 5075 3579 5147 ψυχῆς
3610 5083 3707 5122 συν⁶

495 5166 673 5231 gelum
707 5181 877 5221 unum
911 5180 1141 5222 numero
1172 5164 1408 5223 dicimus
1429 5209 1443 5232 ,
1476 5170 1567 5223 sed
1599 5186 1707 5223 non
1742 5187 1911 5226 unum
1957 5172 2057 5242 82

2177 5169 2368 5234 εστώς.
2411 5170 2641 5241 Ὁμοίως
2683 5169 2741 5222 δὲ
2786 5170 2878 5222 καὶ
2929 5168 3158 5237 ἄγγελον
3203 5169 3299 5223 ἕνα
3341 5165 3550 5241 ἀριθμῷ
3584 5157 3709 5231 ἐροῦ-

565 5323 606 5351 "
630 5320 788 5377 Joan.
824 5294 1019 5385 itht.
1094 5320 1138 5355 ³⁸
1160 5323 1358 5380 Jcrem.
1385 5340 1447 5389 κ,
1476 5304 1561 5379 ίό.

563 5503 1043 5584 (ὅφλυναίμηγ.
1102 5507 1243 5584 E_diti
1290 5510 1509 5584 itcrnm‘
1542 5510 1749 5584 addunt
1785 5509 1913 5584 na);
1962 5512 2069 5584 γὰρ

490 5575 574 5624 ἄν.
609 5572 711 5629 Sed
743 5578 857 5629 haec
882 5572 1074 5633 melius
1102 5579 1300 5633 absunt
1330 5595 1359 5632 a
1384 5579 1599 5635 duobus
1623 5572 1905 5636 codicibus
1935 5572 2066 5637 niss'.

491 5640 684 5701 Plures
720 5660 824 5698 non
858 5645 1166 5703 habuimus.

719 5716 1059 5791 Κριγοντες.
1102 5720 1192 5791 Sic
1233 5736 1364 5773 mss.
1393 5719 1530 5774 Editi
1566 5721 1864 5791 κρίναντες.

571 5784 683 5859 (52)
724 5788 1079 5855 Φυλιστεύς.
1125 5788 1271 5842 Harl.
1308 5784 1662 5856 Φυλιστιαῖος.

2250 5513 2362 5575 (5'5)
2415 5511 2918 5566 ’Emo‘xdawrtai.
2973 5512 3063 5567 Sic
3116 5509 3245 5580 Reg.
3299 5517 3353 5562 et.
3402 5507 3545 5562 Harl.
3593 5494 3707 5555 Editi

2177 5583 2591 5636 ἐπισπάσονται.

2249 5653 2360 5722 (54)
2401 5653 2673 5717 Τούτους.
2710 5650 2801 5707 Sic
2828 5652 2978 5707 Harl.
3005 5651 3144 5706 Edili
3175 5650 3395 5705 τούτων.
3428 5638 3707 5722 Paulo

2177 5703 2497 5795 ex‘ilii’nbus
2522 5703 2672 5779 535;:
2705 5703 3393 5795 iegaa.'.;t"eagpe¢cava¢'
3430 5720 3565 5789 ἡμῖνο
3595 5703 3704 5765 m5“

2180 5792 2354 5859 ἡμῶν.
