3788 6518
1021 417 1510 482 EPISTOLABUM
1549 426 1835 485 CLASSIS
1873 431 1910 485 Ι.
1953 430 2177 489 EPIST.
2219 433 2353 490 Vill.

3181 445 3297 506 ξει-

120 529 221 584 mi
262 527 312 581 τὸ
362 526 579 584 δυνατὸν
623 531 754 602 ἡμῖν
804 534 1242 606 ἀναπτύσσοντες
1280 544 1475 599 αὐτῶν
1514 546 1603 618 τὴν

1719 563 1816 619 pro
1854 551 2064 608 viribus
2106 554 2463 625 eXplicantes.
2499 553 2577 610 Ac
2608 556 2845 626 primum
2898 559 3056 617 nobis
3081 577 3280 633 prOpo-

116 619 311 674 διάνοιαν.
339 618 439 671 Καὶ
469 619 676 690 πρῶτον
696 623 829 693 ἡμῖν
865 626 1202 697 προεκθέσθω
1218 633 1299 697 τὸ,
1338 634 1479 704 Ἐγὼ
1528 636 1615 705 ,ζῶ

115 710 184 764 διὰ
205 708 291 763 τὸν
311 708 545 778 Πατέρα.
581 712 746 765 Τοῦτο
774 714 884 786 γάρ
914 718 1062 773 ἐστιν
1088 719 1147 774 ἓν
1176 722 1286 775 τῶν
1308 723 1480 793 βελῶν
1505 726 1613 780 τῶν

114 802 374 873 ιὶςοὺρανὺν
405 805 766 874 πεμπομένων
813 808 919 861 ὑπὸ
953 809 1062 864 τῶν
1090 812 1303 878 ἀσεϐῶς
1330 815 1439 886 (66)
1465 817 1613 888 αὐτῷ

109 894 412 967 κεχρημένων.
483 897 742 953 Ἐνταῦθα
781 900 838 954 δὲ
872 901 933 955 τὸ
959 903 1119 975 ῥητὸν
1156 907 1217 960 οὐ
1250 909 1348 979 τὴν
1378 911 1613 981 προαιὼ-

111 1003 207 1047 sm,
225 986 287 1047 ὡς
310 981 468 1056 οἶμαι,
498 986 640 1058 ζωὴν
666 989 924 1069 ρνομάζει
968 996 1095 1063 (πᾶν
1121 996 1230 1066 γὰρ
1287 998 1348 1051 τὸ
1383 999 1450 1052 δι’
1495 1000 1612 1054 ἕτε-

112 1094 177 1148 ρον
197 1076 284 1141 ζῶν
326 1077 560 1149 αὐτοζωὴ
602 1074 740 1133 εἶναι
794 1083 854 1135 οὗ
885 1083 1129 1152 δύναται,
1163 1087 1239 1150 ὡς
1259 1089 1380 1142 οὐδὲ
1427 1092 1489 1144 τὸ
1519 1094 1608 1162 ὑφ’

110 1168 246 1237 ἐτέρου
273 1166 554 1236 θερμανθὲν
596 1171 999 1244 αὐτοθερμότης
1026 1171 1177 1231 ἐἶναι
1196 1195 1209 1208 ·
1236 1181 1264 1232 6
1291 1180 1346 1233 δὲ
1376 1183 1610 1253 Χριστὸς

109 1258 305 1321 καὶΘεὸς
358 1261 508 1330 ἡμῶν
557 1262 816 1334 εἴρηκεν·
882 1267 1025 1337 Ἐγὼ
1066 1273 1179 1338 ειμι
1206 1270 1245 1339 ὴ
1288 1271 1445 1343 ζωὴ),
1472 1274 1609 1329 ἀλλά

110 1348 214 1417 ζωὴν
254 1350 434 1418 ταύτην
455 1351 556 1422 τὴν
595 1354 869 1426 ὲνοσαρκὶ,
913 1358 1005 1409 καὶ
1040 1359 1097 1411 ὲν
1115 1359 1193 1430 τῷ
1228 1362 1405 1433 χρόνῳ
1434 1364 1607 1434 τούτῳ

109 1443 426 1512 γεγενημένην,
485 1444 554 1514 ἦν
588 1443 752 1514 ἔζησε
802 1446 889 1501 διὰ
933 1450 1024 1502 τὸν
1071 1451 1309 1522 Πατέρα.
1346 1454 1604 1527 Βουλήσει

108 1531 184 1600 γὰρ
206 1530 342 1584 αὐτοῦ
373 1531 735 1605 ἐπιδεδήμηκε
763 1536 840 1607 τῷ
876 1537 976 1609 βίῳ
1005 1539 1112 1593 τῶν
1150 1541 1450 1615 ἀνθρώπων
1474 1560 1488 1573 ⁸
1513 1547 1607 1599 καὶ

106 1622 175 1672 οὐκ
194 1616 336 1683 εἶπεν,
374 1621 511 1691 Ἐγὼ
552 1622 725 1694 ἔζησα
760 1626 848 1681 διὰ
877 1629 968 1681 τὸν
1000 1631 1219 1703 Πατέρα
1239 1648 1253 1662 °
1279 1632 1415 1694 ἀλλ’,
1459 1634 1606 1705 Ἐγὼ

106 1710 155 1772 ὧ
174 1713 250 1767 διὰ
274 1713 369 1767 τὸν
405 1716 660 1785 Πατέρα,
696 1722 886 1790 σαφῶς
913 1723 1004 1775 τὸν
1032 1724 1271 1794 παρόντα
1296 1729 1605 1798 προσημαί-

105 1820 176 1855 tm
192 1804 368 1873 χρόνον.
396 1806 628 1861 Δύναται
649 1809 707 1862 δὲ
728 1812 821 1865 καὶ⁵
850 1812 995 1884 ζωὴν
1008 1813 1205 1883 λέγειν,
1230 1817 1297 1887 ἢν
1317 1815 1382 1888 ζῇ
1414 1819 1443 1871 6
1471 1819 1604 1891 Χρι-

1714 650 1876 696 natur
1905 643 2037 698 illud
2067 665 2081 699 :
2120 646 2227 716 Ego
2259 648 2369 701 rivo
2406 658 2619 716 propter
2650 647 2865 704 Patrem
2892 651 2957 705 ⁵⁸.
2995 650 3106 707 Hoc
3140 655 3283 709 enim

1716 750 1881 789 unum
1918 746 2005 792 est
2037 754 2102 793 ex
2129 737 2352 808 jaculis,
2401 754 2523 808 quae
2562 738 2617 792 in
2666 740 2862 794 caelum
2902 742 3189 797 vibrantur
3217 746 3285 802 ab

1713 824 1818 889 his,
1854 827 1946 896 qui
1980 843 2049 883 eo
2079 829 2243 899 impie
2275 837 2524 884 utuntur.
2561 830 2698 885 Illud
2729 841 2910 887 autem
2942 835 3148 889 dictum
3182 837 3285 894 hoc

1712 915 1835 970 loco
1857 932 1965 971 non
2002 918 2175 989 ipsam
2205 918 2332 974 ante
2355 922 2553 977 saecula
2577 960 2592 984 ,
2628 930 2685 974 ιιι
2710 923 2967 988 arbitror,
3002 927 3167 981 vitam
3189 928 3284 983 de-

1711 1007 1891 1077 signat
1921 1008 2209 1080 (quidquid
2249 1012 2392 1066 enim
2440 1020 2663 1082 propter
2708 1013 2936 1067 alterum
2973 1017 3124 1080 vivit,
3164 1019 3280 1073 vita

1712 1099 1827 1168 ipsa
1865 1116 1987 1156 esse
2035 1103 2257 1173 nequit;
2300 1104 2759 1173 quemadmodum
2808 1122 2986 1176 neque
3027 1111 3171 1179 quod
3211 1111 3281 1165 ab

1709 1188 1818 1242 alio
1858 1191 2182 1246 calefactum
2228 1200 2331 1259 est,
2367 1192 2519 1247 calor
2542 1194 2660 1263 ipse
2707 1209 2828 1249 esse
2872 1207 3094 1265 potest:
3129 1198 3285 1253 Chri-

1707 1286 1827 1335 stus
1858 1289 2040 1337 autem
2079 1290 2134 1337 et
2172 1283 2316 1339 Deus
2354 1292 2543 1339 noster
2571 1285 2710 1340 dixit
2738 1304 2753 1340 :
2785 1285 2894 1357 Ego
2915 1304 3032 1342 sum
3059 1290 3165 1343 vita
3185 1289 3277 1362 ⁸⁸),

1707 1371 1803 1426 sed
1842 1373 2014 1428 vitam
2060 1373 2201 1429 hanc
2236 1376 2289 1429 in
2332 1391 2521 1443 carne,
2573 1386 2628 1433 et
2669 1377 2724 1432 in
2775 1379 2879 1433 hoc
2924 1387 3170 1451 tempore
3200 1380 3280 1436 fa-

1705 1469 1871 1525 ctam,
1899 1479 2062 1533 quam
2086 1474 2310 1535 pr0pter
2332 1468 2550 1522 Patrem
2571 1469 2723 1523 vixit.
2755 1469 2888 1523 Nam
2915 1470 3034 1539 ipso
3065 1472 3281 1528 volente

1702 1552 1759 1607 in
1792 1554 1959 1608 vitam
1988 1556 2273 1611 hominum
2318 1560 2540 1614 advenit
2570 1577 2584 1614 :
2615 1575 2793 1629 neque
2814 1562 2974 1628 dixit,
3024 1561 3138 1631 Ego
3166 1564 3279 1617 vixi

1703 1654 1928 1715 propter
1972 1646 2223 1716 Patrem;
2277 1650 2407 1713 sed,
2451 1650 2562 1722 Ego
2613 1653 2723 1706 vivo
2762 1664 2975 1722 propter
3020 1654 3275 1719 Patrem,

1703 1745 1885 1804 aperte
1926 1736 2167 1806 praesens
2222 1746 2435 1809 tempus
2480 1741 2815 1811 significans.
2858 1741 3043 1799 Potest
3096 1750 3274 1797 autem

1705 1833 1759 1880 et
1793 1826 1959 1881 vitam
1986 1828 2190 1897 dicere,
2222 1846 2384 1900 quam
2421 1832 2557 1887 vivit
2603 1831 2880 1898 Christus,
2916 1832 3153 1888 Verbum
3180 1833 3278 1889 Dei

107 1895 206 1958 πὸς,
230 1897 305 1949 τὸν
341 1898 505 1968 Λόγον
536 1902 632 1955 τοῦ
679 1901 812 1956 Θεοῦ
866 1905 1003 1975 ἔχων
1054 1908 1113 1961 ὲν
1154 1886 1493 1979 ἑαυτῷ.ν-Καὶ
1522 1886 1603 1965 ότι

1717 1917 1917 1974 habens
1958 1919 2014 1973 in
2048 1886 2254 1990 seipso:
2303 1924 2483 1991 Atque
2516 1923 2568 1975 id
2609 1886 2788 1992 ipsum
2832 1886 3152 1995 esse,quod
3201 1886 3280 1981 si;

234 1990 332 2041 ἐστι
357 1990 413 2043 τὸ
448 1992 800 2064 δηλούμενον,
835 1998 900 2050 ἐκ
932 1997 1025 2051 τοῦ
1045 2001 1438 2072 ἐπιφερομένου
1464 2005 1605 2057 εἰσό-

105 2078 328 2147 μεθα.Κώ
388 2085 420 2136 ὀ
477 2085 719 2154 τρώγων
749 2105 844 2157 με,
896 2090 1049 2161 φησὶ,
1095 2090 1332 2158 Maera;
1364 2093 1437 2146 δι’
1476 2094 1600 2163 ἐμέ.

104 2168 330 2256 Τρὼγομεν
358 2173 462 2245 γὰρ
482 2176 653 2231 αὐτοῦ
684 2178 783 2251 τὴν
823 2182 1023 2253 σάρκα,
1054 2185 1148 2236 καὶ
1183 2186 1410 2256 πίνομεν
1439 2188 1602 2242 αὐτοῦ

100 2260 143 2311 τὸ
163 2254 289 2330 αἷμα,
320 2268 555 2320 κοινωνοὶ
580 2269 853 2339 γινόμενοι
893 2271 981 2324 διὰ
1011 2274 1108 2343 τῆς
1142 2254 1604 2348 ὲνανθρωπήσεως

101 2354 166 2404 καὶ
194 2354 274 2423 τῆς
312 2357 568 2427 αἰσθητῆς
599 2360 747 2431 ζωῆς
785 2361 877 2415 τοῦ
929 2364 1101 2432 Λόγου
1142 2366 1237 2419 xai.
1264 2366 1364 2436 τῆς
1388 2349 1609 2438 σοφίας.

101 2442 228 2514 {apta
244 2444 339 2516 γὰρ
377 2450 467 2502 καὶ
492 2446 636 2520 αἷμα
670 2454 849 2508 πᾶσαν
866 2454 1032 2509 αὑτοῦ
1061 2456 1159 2527 τὴν
1197 2459 1463 2531 μυστικὴν
1490 2462 1605 2516 ἐπι-

99 2535 242 2606 δημίαν
263 2538 517 2609 ὠνόμασε,
546 2544 647 2596 καὶ
676 2544 771 2616 τὴν
805 2547 868 2598 ἐκ
898 2549 1210 2618 πρακτικῆς
1246 2551 1340 2603 καὶ
1365 2552 1601 2623 φυσικῆς

98 2628 449 2703 καὶθεολογικῆς
476 2636 822 2690 συνεστῶσαν
861 2638 1207 2695 διδασκαλίαν
1245 2626 1511 2713 ἐδήλωσε,
1532 2644 1600 2697 δι’

99 2714 144 2787 ἧς
172 2721 390 2791 τρέφεται
435 2724 607 2795 ψυχὴ,
665 2727 761 2779 καὶ
814 2728 950 2799 πρὸς
996 2729 1095 2800 τὴν
1123 2729 1232 2782 τῶν
1267 2731 1435 2784 ὄντων
1462 2732 1601 2797 τέως

99 2807 268 2882 θεωρῶν
296 2815 789 2885 παρασκευάζεται.
821 2819 932 2872 Καὶ
977 2819 1136 2873 τοῦτό
1160 2823 1275 2874 ἐστι
1300 2821 1360 2875 τὸ
1410 2824 1475 2875 ὲκ
1501 2822 1597 2875 τοῦ

100 2901 214 2969 ῥητοῦ
240 2903 351 2967 ἴσως
369 2905 525 2977 δηλού
535 2924 724 2977 μενον.

143 2991 179 3044 5.
201 2995 289 3046 Καὶ
317 2997 466 3049 πάλιν
486 3015 500 3028 ·
561 2998 630 3052 '0
662 3000 863 3069 Πατήρ
898 3020 1018 3072 μου
1045 3004 1260 3072 μείζων
1272 3025 1393 3077 μου
1439 3009 1594 3065 ἐστι.

96 3082 305 3154 Κέχρηται
327 3087 432 3158 (67)
461 3090 571 3163 γὰρ
603 3090 697 3144 καὶ
727 3092 902 3164 τούτῳ
930 3094 1007 3165 τῷ
1037 3097 1185 3168 ρητῷ
1225 3098 1294 3152 τὰ
1327 3099 1596 3172 ἀχάριστα

1706 2008 2017 2080 gniﬁcatur,
2071 2027 2135 2066 ex
2186 2012 2271 2067 his
2308 2028 2431 2081 quae
2472 2023 2779 2082 sequuntur
2829 2016 3152 2071 videbimus.
3207 2014 3281 2070 Et

1705 2097 1932 2170 quisiI
1958 2100 2246 2155 manduca!
2298 2118 2401 2165 me,
2450 2102 2650 2172 inquit,
2693 2105 2813 2158 vivit
2858 2114 3069 2175 propter
3107 2106 3275 2163 me”.

1705 2186 1932 2245 Edimus
1976 2193 2122 2246 enim
2177 2192 2353 2263 ipsius
2402 2208 2646 2258 carnem,
2699 2206 2752 2251 et
2809 2196 3049 2252 bibimus
3103 2197 3278 2269 ipsius

1706 2282 2048 2351 sanguinem,
2098 2285 2391 2354 participes
2425 2285 2574 2354 iacti,
2615 2302 2711 2357 per
2740 2288 3172 2344 incarnationem
3221 2292 3280 2345 et

1705 2373 2024 2427 sensibilem
2056 2375 2246 2440 vitam,
2275 2375 2440 2431 Verbi
2469 2388 2517 2432 et
2545 2380 2847 2448 sapientiae.
2870 2378 3103 2433 Carnem
3125 2379 3276 2435 enim

1704 2468 1758 2516 et
1787 2464 2105 2533 sanguinem
2130 2472 2299 2519 totam
2330 2482 2486 2521 suam
2532 2468 2818 2538 mysticam
2847 2467 2902 2521 in
2936 2482 3102 2522 carne
3141 2483 3276 2522 con-

1702 2555 2067 2608 versationem
2110 2554 2348 2618 vocavit,
2397 2563 2453 2610 et
2482 2556 2786 2610 doctrinam
2835 2572 2902 2612 ex
2937 2557 3179 2627 practica
3220 2564 3277 2611 et

1703 2645 1939 2699 naturali
1975 2654 2030 2700 et
2061 2630 2367 2718 theologica
2404 2649 2625 2703 notione
2650 2658 2990 2702 constantem
3028 2649 3277 2703 declara-

1701 2736 1779 2790 vit
1806 2753 1820 2790 :
1853 2751 1951 2807 per
1973 2753 2137 2808 quam
2172 2746 2225 2793 et
2251 2738 2494 2793 nutritur
2522 2723 2726 2804 anima,
2757 2748 2809 2794 et
2845 2740 2911 2794 ad
2943 2756 3132 2794 eorum
3153 2753 3277 2810 qua

1702 2837 1832 2883 sunt
1866 2831 2382 2900 contemplationem
2416 2832 2632 2887 interim
2670 2840 3026 2902 praeparatur.
3062 2832 3127 2886 Et
3160 2834 3276 2889 hac

1700 2927 1786 2977 est
1809 2920 2043 2977 fortasse
2072 2922 2220 2978 illius
2249 2921 2380 2977 dicti
2412 2924 2703 2978 sententia.

1771 3012 1823 3067 5.
1868 3012 1946 3067 Ac
1979 3029 2195 3083 rursus,
2231 3012 2394 3067 Pater
2424 3030 2568 3069 meus
2592 3014 2765 3084 major
2801 3030 2882 3068 me
2908 3024 2985 3068 est
3011 3014 3077 3068 ".
3108 3012 3279 3069 Utun-

1700 3109 1792 3158 tur
1823 3103 1969 3158 enim
2005 3112 2057 3159 et
2094 3105 2199 3159 hoc
2238 3105 2387 3159 dicto
2415 3106 2642 3175 ingratae
2673 3116 2959 3167 creaturae,
2985 3106 3115 3160 mali
3145 3120 3274 3176 pro-

96 3177 317 3246 κτίσματα.
338 3180 403 3233 τὰ
448 3182 542 3235 τοῦ
584 3184 825 3256 πονηροῦ
874 3189 1211 3259 γεννήματα.
1257 3189 1398 3259 Ἐγὼ
1421 3191 1478 3244 δὲ
1503 3194 1596 3246 καὶ

96 3265 137 3288 ι-.
182 3286 217 3288 _,
244 3270 254 3284 ι
438 3272 465 3284 ο
659 3274 686 3285 ι-
791 3276 803 3288 ι
846 3278 857 3288 .
985 3276 996 3288 ι
1186 3276 1211 3288 ο
1372 3281 1383 3288 .
1469 3282 1551 3288 --__

1717 3193 1908 3263 genies.
1943 3193 2055 3264 Ego
2086 3210 2214 3249 vero
2243 3210 2307 3249 ex
2334 3195 2437 3249 bac
2460 3198 2623 3252 etiam
2659 3212 2792 3260 voce
2816 3197 3270 3251 consubstantia-

94 3265 137 3359 ἑκ
179 3270 349 3343 ταύτης
402 3272 505 3343 τῆς
535 3274 724 3345 φωνῆς
756 3276 815 3328 τὸ
836 3276 1120 3346 όμοούσιον
1159 3276 1298 3334 εἶναι
1336 3281 1428 3336 τὸν
1469 3282 1595 3337 Υἱὸν

1720 3299 1805 3341 em
1839 3298 1961 3339 esse
2004 3283 2200 3340 Filium
2243 3283 2393 3339 Patri
2425 3287 2590 3342 credo
2623 3288 3009 3349 demonstrari.
3044 3287 3279 3359 Compa-

95 3357 145 3425 τῷ
164 3359 303 3431 Harp!
327 3362 614 3433 δηλοῦσθαι
667 3368 1026 3421 πεπίστευκα.
1055 3367 1166 3433 Τὰς
1213 3371 1322 3439 γὰρ
1368 3374 1595 3444 συγκρί-

96 3463 173 3514 se;
192 3447 286 3506 οἶδα
311 3456 508 3528 κυρίως
542 3458 642 3511 ὲπὶ
668 3457 776 3511 τῶν
816 3459 915 3529 τῆς
942 3461 1111 3532 αὐτῆς
1142 3461 1356 3531 φύσεως
1374 3465 1597 3536 γινομέ-

94 3553 172 3600 ne
199 3542 430 3610 ’Δγγελον
474 3546 607 3618 γὰρ⁹
642 3547 876 3617 ἀγγέλου
934 3547 1164 3620 λέγομεν
1216 3551 1458 3622 μείζονα,
1503 3556 1598 3606 καὶ

94 3628 309 3701 ἄνθρωπον
332 3635 622 3707 ἀνθρώπου
650 3638 1006 3711 δικαιότερον,
1038 3641 1133 3693 καὶ
1161 3642 1363 3710 πτηνὸν
1391 3642 1596 3713 πτηνοῦ

94 3722 335 3795 ταχύτερον.
370 3728 633 3782 Είτοίνυν
657 3731 712 3783 ai
743 3731 1059 3801 συγκρίσεις
1090 3733 1183 3786 ἐπὶ
1201 3733 1308 3788 τῶν
1339 3734 1598 3805 ὁμοειδῶν

93 3814 299 3880 γίνονται,
324 3820 521 3889 μείζων
543 3821 604 3874 δὲ
637 3821 775 3875 κατὰ
800 3822 1085 3893 σύγκρισιν
1131 3823 1343 3896 εἴρηται
1360 3827 1388 3878 6
1410 3825 1597 3898 Πατὴρ

94 3908 156 3960 τοῦ
179 3911 313 3965 Tia-3'
350 3915 639 3985 ὁμοοὺσιος
693 3913 770 3986 τῷ
806 3915 983 3986 Πατρὶ
1017 3917 1046 3969 6
1074 3915 1220 3978 Υίός.
1258 3917 1413 3970 Ἐστι
1437 3917 1493 3971 δέ
1513 3935 1597 3983 τις

94 3999 158 4052 καὶ
178 4002 284 4075 ἄλλη
304 4006 471 4061 ἔννοια
504 4006 908 4077 ὲναποκειμένη
941 4005 1020 4077 τῷ
1049 4006 1215 4079 ῥητῷ.
1255 4007 1320 4060 Τί
1338 4008 1444 4081 γὰρ
1471 4009 1599 4064 θαυ-

97 4093 260 4160 μαστὸν,
292 4098 336 4149 εί
371 4098 597 4166 μείζονα
633 4097 826 4151 ἑαυτοῦ
882 4098 973 4151 τὸν
1008 4099 1227 4172 Πατέρα
1255 4090 1595 4172 ὡμολόγησε,

94 4183 215 4250 Λόγος
239 4185 304 4240 ὢν
334 4189 422 4243 καὶ
467 4189 611 4262 σὰρξ
657 4189 918 4258 γεγονὼς,
952 4191 1154 4245 ὁπόταν
1206 4194 1299 4246 καὶ
1352 4193 1598 4262 ἀγγέλων

94 4269 201 4345 ὤφθη
229 4277 355 4331 κατὰ
403 4280 502 4352 τὴν
535 4278 700 4344 δόξαν
729 4279 986 4345 ἐλάττων,
1011 4282 1105 4335 καὶ
1132 4280 1434 4354 ἀνθρώπων
1458 4284 1600 4339 κατὰ

92 4362 132 4413 τὸ
152 4359 285 4433 2M;
319 4368 695 4436 Ἠλάττωσας
721 4368 833 4439 γὰρ
868 4370 1078 4434 αὑτὸν,
1121 4373 1274 4443 φησι,
1304 4374 1505 4444 ,ϐραχύ
1543 4393 1598 4429 τι

93 4457 187 4523 παρ’
207 4460 474 4530 ἀγγέλους
491 4480 506 4494 ’
544 4463 642 4516 καὶ
670 4462 860 4516 πάλιψ
904 4463 1018 4517 Τὸν
1059 4463 1128 4517 δὲ
1152 4464 1355 4534 βραχύ
1377 4484 1433 4521 τι
1462 4468 1598 4537 παρ’

1698 3378 1939 3434 rationes
1980 3378 2127 3433 enim
2176 3380 2294 3434 scio
2332 3381 2552 3449 proprie
2584 3380 2725 3436 inter
2761 3397 2825 3436 ea
2869 3397 2991 3451 quae
3030 3381 3274 3450 ejusdem

1698 3475 1909 3522 natura:
1951 3478 2078 3522 sunt
2112 3467 2253 3523 ﬁeri.
2291 3469 2558 3541 Angelum
2611 3486 2849 3541 namque
2898 3473 3091 3540 angelo
3137 3470 3279 3525 dici-

1697 3575 1823 3615 mus
1868 3558 2157 3629 majorem,
2206 3569 2261 3616 et
2294 3561 2570 3618 hominem
2609 3562 2829 3625 homine
2872 3562 3186 3631 iustiorem,
3220 3567 3279 3618 et

1700 3650 1975 3705 volucrem
2002 3650 2214 3705 volucri
2244 3653 2591 3707 velociorem.
2623 3652 2809 3722 Itaque
2834 3653 2879 3706 si
2905 3652 3293 3731 comparatio-1

1698 3758 1799 3798 nes
1837 3742 1982 3797 inter
2012 3756 2076 3798 ea
2119 3758 2241 3813 quze
2275 3744 2522 3814 ejusdem
2554 3746 2756 3814 specuei
2788 3753 2937 3809 sunt,
2980 3743 3277 3799 instituun~

1701 3844 1825 3897 tur;
1861 3832 2024 3889 Pater
2051 3841 2233 3886 autem
2257 3834 2561 3889 secundum
2592 3817 3060 3902 comparationem
3096 3833 3277 3890 dictus

1700 3936 1784 3982 est
1814 3925 1953 3981 Filio
1978 3926 2186 3996 major;
2215 3924 2709 3980 consubstantialis
2736 3922 2885 3977 Patri
2907 3922 3100 3978 Filius.
3126 3922 3277 3979 Inest

1700 4027 1881 4074 autem
1917 4027 1972 4075 et
2004 4020 2110 4073 alia
2142 4020 2293 4074 notio
2324 4019 2408 4074 his
2446 4017 2649 4072 verbis.
2696 4017 2836 4083 Quid
2870 4017 3013 4070 enim
3050 4018 3275 4086 mirum,

1700 4110 1748 4167 si
1798 4110 2061 4181 majorem
2093 4112 2275 4183 seipso
2302 4109 2520 4164 Patrem
2553 4107 2844 4164 confessus
2881 4117 2986 4171 est,
3022 4110 3111 4178 qui
3141 4107 3277 4165 Vero

1697 4201 1827 4256 bum
1851 4209 1935 4257 est
1956 4209 2011 4256 et
2039 4217 2168 4257 caro
2201 4201 2380 4257 factus
2402 4201 2567 4256 est"‘
2599 4219 2612 4255 :
2643 4214 2765 4254 cum
2802 4207 2857 4255 et
2891 4200 3096 4272 angelis
3125 4199 3276 4255 visus

1700 4295 1772 4349 sit
1808 4295 2110 4350 secundum
2157 4295 2389 4365 gloriam
2423 4292 2625 4355 minor,
2657 4300 2711 4347 et
2738 4291 3051 4346 hominibus
3079 4306 3279 4346 secun-

1699 4385 1828 4440 dum
1860 4386 2134 4456 speciem?
2162 4384 2410 4439 Minuisti
2428 4385 2572 4439 enim
2601 4401 2738 4444 eum,
2767 4382 2965 4453 inquit,
2989 4382 3148 4452 paulo
3175 4384 3276 4437 mi-

1700 4494 1799 4531 nus
1839 4478 1904 4531 ab
1936 4478 2133 4549 angelis
2151 4479 2232 4545 ";
2265 4488 2318 4533 et
2376 4477 2576 4533 iterum
2608 4495 2621 4532 :
2652 4477 2787 4530 Eum
2824 4485 2997 4530 autem
3032 4476 3122 4544 qui
3160 4492 3275 4529 nta-

94 4545 319 4618 ἀγγέλους
354 4554 775 4623 ἠλαττωμένον
798 4572 812 4585 ⁸
858 4556 952 4610 καὶ
981 4556 1063 4621 τὸ,
1091 4555 1347 4626 Εἶδομεν
1389 4560 1596 4629 αὑτὸν,

1717 4568 1824 4623 dico
1871 4545 2029 4640 quani
2075 4568 2247 4640 angeli
2289 4569 2585 4622 minoratus
2630 4569 2794 4636 est";
2841 4569 2991 4628 item,
3034 4566 3274 4621 Vidimus

95 4639 161 4691 mi
182 4645 272 4697 οὐκ
291 4642 445 4715 εἶχεν
458 4643 644 4714 εῖὸος,
676 4646 818 4702 οὐδὲ
841 4647 1070 4715 κάλλος
1090 4666 1105 4679 ·
1155 4650 1315 4705 ἀλλὰ
1348 4650 1414 4705 τὸ
1435 4648 1596 4721 εἶδος

94 4731 227 4788 αὐτοῦ
265 4737 540 4794 ἐκλεῖπον
596 4738 754 4809 παρὰ
796 4740 1026 4807 πάντας
1058 4741 1202 4809 τοὺς
1224 4742 1592 4813 ἀνθρώπους.

95 4819 255 4879 Τούτων
280 4828 332 4882 δὲ
388 4831 607 4885 πάντων
650 4831 908 4903 ἠνέσχετο
943 4832 1031 4887 διὰ
1062 4832 1159 4905 τὴν
1204 4835 1403 4908 πολλὴν
1430 4837 1595 4893 αὑτοῦ

93 4915 186 4983 περὶ
210 4916 258 4969 τὸ
274 4918 485 4992 πλάσμα
516 4921 949 4992 φιλανθρωπίαν,
976 4922 1063 4976 ἴνα
1085 4924 1145 4977 τὸ
1170 4925 1446 4991 ἀπολωλὸς
1468 4928 1598 4999 πρό-
1630 4990 1635 4995 ο

95 4999 539 5083 ὃπονάνασώσηται
556 5012 692 5084 (68),
707 5013 802 5067 καὶ
821 5014 882 5068 τὸ
906 5013 1077 5069 σωθὲν
1088 5033 1225 5069 κατα
1232 5016 1379 5093 μίξῃ,
1394 5019 1489 5073 καὶ
1505 5019 1597 5073 τὸν

95 5097 352 5154 κατελθόντα
408 5103 518 5157 ἀπὸ
556 5104 909 5177 Ἰερουσαλὴμ
966 5107 1046 5171 είς
1112 5106 1342 5179 ’ῐεριχὼ,
1378 5111 1470 5164 καὶ
1508 5109 1596 5164 διὰ

95 5184 208 5241 τοῦτο
226 5195 572 5263 περιπεσόντα
585 5195 832 5267 λῃσταῖς,
850 5199 931 5263 εἰς
949 5199 1047 5270 τὴν
1059 5200 1264 5254 οἰκείαν
1285 5201 1596 5271 ὑγιαίνοντα

96 5277 211 5333 πάλιν
233 5284 536 5361 ὲπαναγάγῃ
579 5289 832 5360 πατρίδα.
857 5292 926 5343 Ἦ
968 5292 1062 5345 καὶ⁸
1086 5292 1186 5364 τὴν
1214 5293 1420 5366 φάτνην
1447 5293 1595 5367 αὑτῷ

98 5435 329 5527 η’,ᾞθξη-
354 5460 430 5527 νιιἱ
449 5445 577 5527 58..-
606 5447 662 5527 ’⁸³
692 5446 851 5502 Joan.
877 5447 1077 5527 §t,_‘25.
1150 5448 1197 5482 “
1231 5447 1387 5505 Joan.
1424 5467 1499 5518 vt,
1535 5453 1624 5510 58.

155 5501 285 5564 Hebr.
313 5528 369 5577 tt,
399 5501 453 5569 9.
534 5517 578 5549 ⁸⁸
606 5501 709 5571 lsa.
733 5501 850 5582 LIII,
877 5501 1015 5582 2J3.

103 5619 235 5707 ml“)
274 5628 558 5707 ‘AgchBq._
587 5631 676 5707 Sic
729 5647 865 5686 mss.
929 5632 1067 5707 Editi
1118 5633 1347 5707 ἁσεᾷῷν.
1390 5633 1599 5707 Habent
1640 5704 1641 5707 η

103 5687 241 5774 ζιξῑεῐιιἈ
264 5699 462 5774 codices
492 5687 567 5754 ὀὐ
618 5702 717 5774 τὴν
775 5702 1115 5774 πρωιώνιον.
1144 5703 1310 5774 ΛΕάἱιί
1336 5687 1607 5759 ὀὐκί-αὗ)

104 5757 291 5884 ξξῶξιο.
317 5768 476 5826 Paulo
514 5780 633 5843 post
672 5757 832 5829 ἠιεεῖ
860 5789 960 5844 pro
1001 5772 1248 5845 αὑτοζωή
1275 5757 1477 5832 habent
1502 5757 1599 5831 a6-

1700 4674 1843 4722 eum,
1886 4668 1935 4713 et
1977 4677 2081 4714 non
2116 4659 2341 4714 habebat
2384 4660 2626 4729 speciem,
2670 4675 2832 4729 neque
2869 4659 3106 4713 decorem
3138 4671 3156 4709 :
3185 4656 3275 4711 sed

1701 4752 1894 4816 species
1922 4751 2035 4821 ejus
2066 4752 2312 4821 deﬁciens
2342 4766 2452 4820 prce
2475 4749 2716 4805 omnibus
2740 4749 3035 4804 hominibus
3053 4750 3121 4801 ⁸⁸.
3151 4746 3276 4803 Haec

1702 4851 1883 4898 autem
1925 4844 2108 4899 omnia
2164 4845 2427 4900 sustinuit
2467 4852 2692 4913 prapter
2738 4843 2964 4896 multam
3013 4855 3167 4896 suam
3218 4840 3274 4895 in

1706 4948 1845 5004 opus
1873 4948 2032 4989 suum
2071 4933 2483 5004 benignitatem,
2527 4940 2586 4986 ut
2616 4930 2883 5001 perditam
2921 4943 3073 4983 ovem
3118 4942 3278 4982 recu-

1706 5034 1942 5095 peraret.
1977 5032 2032 5080 et
2061 5025 2435 5081 introduceret
2468 5034 2761 5088 servatam,
2809 5031 2865 5078 et
2902 5036 3050 5086 eum,
3082 5021 3177 5091 qui
3204 5022 3275 5077 ab

1701 5117 2059 5189 Jerosolymis
2088 5116 2411 5173 Jericbunta
2458 5116 2843 5181 descenderat,
2887 5115 2957 5170 ob
2989 5115 3152 5185 idque
3190 5114 3275 5170 in-

1701 5206 1911 5262 ciderat
1958 5207 2013 5261 in
2058 5207 2323 5271 latrones,
2378 5207 2443 5262 ad
2483 5206 2761 5277 prepriam
2809 5220 3005 5260 rursus
3041 5206 3273 5274 patriam

1703 5314 1897 5355 sanum
1921 5300 2359 5371 incolumemque
2380 5299 2685 5356 reduceret.
2722 5298 2805 5354 An
2831 5298 2995 5354 etiam
3026 5313 3267 5369 praesepe

1703 5456 1749 5487 ³³
1784 5453 1942 5510 Joan.
1974 5471 2085 5520 xxv,
2111 5454 2201 5510 28.
2278 5455 2344 5486 "'
2374 5453 2533 5509 Joan.
2562 5470 2599 5521 ι,
2636 5454 2723 5509 14.
2801 5453 2847 5485 ⁵⁸
2875 5450 3020 5507 Psal.
3062 5466 3177 5514 vnn,
3212 5446 3273 5507 6.

1929 5634 2242 5716 ζςέχρηςεαι.
2271 5635 2364 5689 Sic
2391 5634 2693 5716 mss.__lf3diti
2716 5635 3071 5716 xéxmwai."

1778 5703 1892 5774 (68)
1919 5703 2355 5774 i’Aracrdio'ntat.
2390 5704 2482 5759 Sic
2527 5706 2648 5761 libri
2698 5703 2929 5763 veteres.
2975 5705 3118 5761 Editi
3149 5705 3277 5759 ἀνα-

1710 5773 1878 5847 σώσῃ.
1915 5773 2083 5847 Paulo
2109 5785 2231 5845 post
2253 5792 2317 5829 ex
2349 5775 2540 5847 iisdem
2574 5792 2711 5834 mss.
2743 5778 3024 5834 codicibus
3050 5777 3278 5847 legimus

1710 5845 2037 5917 ἀπαναγάγῃ
2069 5860 2167 5915 pro
2198 5846 2560 5919 ὲπεισαγάγῃ.
