3788 6488
518 279 624 337 259

1763 274 1828 332 S.
1868 273 2112 332 ΒΑειιιι
2149 273 2363 332 MAGNI

474 394 720 457 .nudam
769 392 1109 448 divinitatem
1156 390 1440 449 accedere.
1486 389 1551 447 In
1605 390 1853 447 eamdem
1903 398 2083 448 autem

2256 396 2312 449 ’m
2338 395 2511 449 ἐστιν
2540 392 2688 463 ἐμόν
2718 389 2947 456 δοῦναι,
2982 383 3242 459 ἀλλ”οϊς
3263 368 3629 461 ὴτοῖμᾶσται
3660 392 3771 444 ὑπὸ

518 486 759 542 arbitror
798 483 1125 540 sententiam
1162 481 1369 537 dictum
1419 481 1589 539 fuisse
1625 490 1683 538 et
1718 482 1850 537 illud
1884 499 1898 535 :
1930 481 2093 537 Pater

518 578 696 648 major
725 593 805 633 me
834 586 908 630 est
941 576 985 607 ⁸⁸
1017 592 1031 629 :
1072 573 1205 629 illud
1229 574 1437 641 itidem,
1467 572 1589 628 Non
1620 585 1701 628 est
1732 591 1901 628 meum
1939 579 2090 639 dare,

519 671 610 727 sed
653 668 839 742 quibus
885 677 1131 735 paratum
1168 675 1245 721 est
1280 684 1311 719 a
1360 664 1522 720 Patre
1560 667 1626 719 “.
1658 664 1771 721 Hoc
1818 665 1965 722 enim
2007 675 2093 721 est

520 766 665 833 quod
706 771 761 817 et
802 760 1055 816 Christus
1101 774 1328 830 regnum
1374 758 1592 814 tradere
1644 759 1848 814 dicitur
1879 758 1991 814 Deo
2038 768 2093 815 et

520 851 669 907 Patri
701 853 787 919 ‘7;
833 867 957 908 eum
1002 851 1276 921 primitiae,
1323 865 1430 905 non
1482 849 1606 906 ﬁnis
1648 852 1740 915 sit,
1783 851 2091 906 secundum

517 945 831 1008 rudiorem,
896 952 956 998 ut
1003 943 1147 1007 dixi,
1199 942 1540 1008 doctrinam,
1590 960 1711 1014 quae
1761 944 1933 999 nostri
1981 959 2092 999 non

518 1029 699 1106 ipsius
742 1032 867 1087 Filii
899 1041 1153 1103 respectu
1195 1034 1539 1104 intelligitur.
1585 1032 1739 1100 Quod
1767 1043 1946 1088 autem
1979 1028 2093 1089 haec

517 1124 595 1179 ita
621 1140 680 1181 se
706 1125 927 1189 habent,
973 1124 1166 1179 rursus
1216 1123 1504 1193 discipulis
1527 1124 1601 1195 .in
1630 1124 1784 1180 Actis
1811 1126 2092 1196 apostolo-

518 1231 638 1272 rum
717 1216 1225 1286 interrogantibus,
1282 1215 1508 1282 Quando
1569 1218 1810 1272 restitues
1875 1234 2090 1288 regnum

518 1308 715 1369 Israel,
745 1306 1059 1378 respondit,
1108 1305 1230 1360 Non
1266 1316 1341 1361 est
1385 1317 1613 1361 vestrum
1657 1324 1809 1362 nosse
1857 1316 2091 1378 tempora

516 1402 595 1458 uel
657 1411 941 1473 momenta,
988 1416 1104 1470 qua:
1143 1399 1312 1455 Pater
1354 1403 1531 1468 posuit
1578 1402 1632 1455 in
1676 1402 1895 1472 propria
1941 1414 2089 1471 pote-

515 1502 656 1547 state
704 1493 769 1547 ⁸⁸.
815 1490 932 1546 Hoc
975 1499 1079 1557 est,
1132 1506 1243 1545 non
1298 1505 1487 1545 eorum
1538 1498 1645 1548 est.
1692 1492 1787 1562 qui
1836 1493 1988 1547 carni
2033 1505 2089 1550 et

514 1583 768 1655 sanguini
804 1582 994 1653 illigati
1037 1589 1188 1646 sunt,
1240 1581 1365 1637 talis
1412 1581 1566 1652 regni
1612 1581 1874 1653 cognitio.
1900 1582 2090 1638 Posuit

514 1676 661 1732 enim
719 1677 885 1730 Pater
946 1674 1464 1744 contemplationem
1531 1674 1692 1729 istam
1751 1674 1808 1728 in
1866 1676 2088 1746 pr0pria

513 1774 783 1839 potestate
828 1784 841 1821 :
882 1774 1202 1836 potestatem
1247 1766 1436 1822 dicens
1473 1780 1591 1831 eos,
1629 1766 1722 1837 qui
1769 1766 1873 1822 sub
1914 1767 2089 1838 ipsius
2120 1760 2163 1814 Β

515 1865 645 1915 sunt
694 1864 1012 1930 potestate;
1060 1856 1315 1928 proprios
1362 1872 1493 1913 vero
1538 1874 1656 1923 eos,
1713 1875 1854 1929 quos
1900 1875 2089 1916 rerum

513 1951 835 2008 inferiorum
881 1951 1150 2023 ignoratio
1191 1964 1301 2004 non
1349 1956 1516 2005 tenet.
1568 1948 1746 2004 Nolim
1795 1958 1977 2006 autem
2005 1951 2091 2005 in-

512 2046 725 2116 telligas
770 2053 1014 2116 tempora
1052 2051 1107 2099 et
1145 2051 1424 2098 momenta
1477 2043 1783 2109 sensibilia,
1816 2044 1912 2100 sed
1943 2059 2091 2114 quae-

512 2136 635 2192 dam
660 2137 993 2208 cognitionis
1037 2134 1322 2191 intervalla
1351 2149 1382 2189 a
1414 2135 1530 2190 sole
1555 2123 1886 2206 intelligibili
1922 2134 2086 2191 facta.

512 2227 738 2298 Oportet
798 2228 944 2283 enim
997 2227 1163 2282 istam
1220 2227 1436 2283 Domini
1484 2227 1667 2283 nostri
1717 2226 2088 2298 precationem

513 2320 581 2374 ad
627 2321 786 2375 tinem
826 2319 1049 2391 perduci
1097 2334 1162 2374 ac
1208 2319 1449 2389 impleri.
1482 2310 1646 2375 Jesus
1675 2319 1822 2375 enim
1861 2327 1947 2375 est
1994 2321 2086 2390 qui

512 2418 772 2484 precatus
803 2418 890 2465 est
926 2429 940 2465 :
971 2410 1054 2465 Da
1075 2411 1176 2476 sis,
1203 2420 1262 2464 ut
1290 2420 1340 2465 et
1374 2411 1478 2481 ipsi
1505 2411 1560 2465 in
1596 2410 1744 2467 nobis
1776 2427 1937 2466 unum
1958 2412 2086 2478 sint,

511 2503 648 2559 sicut
679 2518 773 2573 ego
802 2511 853 2557 et
885 2513 963 2569 tu,
998 2503 1184 2569 Pater,
1227 2520 1391 2557 unum
1436 2519 1620 2558 sumus
1659 2504 1725 2557 “.
1755 2502 1901 2560 Deus
1941 2504 2086 2559 enim

510 2610 635 2650 cum
679 2611 824 2651 unus
864 2596 958 2663 sit,
1003 2596 1052 2652 si
1097 2595 1152 2650 in
1195 2596 1425 2668 singulis
1462 2595 1649 2662 fuerit,
1692 2612 1886 2652 omnes
1917 2610 2087 2651 unum

511 2686 715 2755 elIicit;
748 2697 802 2742 et
829 2687 1123 2743 accedente
1156 2687 1387 2751 unitate,
1416 2685 1559 2757 perit
1596 2701 1879 2755 numerus.
1911 2685 2088 2757 Atque

511 2777 766 2848 equidem
807 2778 890 2833 sic
925 2793 1218 2849 aggressus
1263 2792 1385 2833 sum
1434 2778 1539 2831 hoc
1589 2776 1795 2830 dictum
1845 2778 2087 2849 secundo

510 2871 833 2938 tentamine.
865 2870 1023 2937 Quod
1070 2869 1115 2924 si
1152 2868 1277 2939 quis
1319 2868 1545 2923 meliora
1577 2868 1747 2933 dicat,
1775 2876 1871 2922 aut
1895 2879 2087 2947 nostra

504 2964 599 3042 pie
625 2962 920 3028 emendet;
977 2970 1030 3017 et
1083 2961 1250 3026 dicat,
1295 2967 1350 3015 et
1390 2960 1663 3027 emendet,
1716 2971 1770 3016 et
1812 2976 1951 3035 eum
1986 2978 2085 3032 pro

509 3053 670 3108 nobis
702 3052 1075 3108 rentunerabit
1121 3049 1404 3109 Dominus.
1434 3049 1593 3105 Nulla
1622 3052 1766 3106 enim
1804 3051 1944 3123 apud
1983 3069 2084 3109 nos

509 3142 720 3198 habitat
750 3144 976 3206 invidia,
1010 3154 1067 3197 ut
1090 3142 1200 3213 qui
1219 3157 1319 3198 nee
1341 3144 1734 3209 contentionis,
1761 3160 1862 3200 nee
1896 3145 2083 3202 inanis

508 3235 697 3307 gloriae
738 3235 923 3291 studio
974 3236 1041 3289 ad
1085 3235 1226 3290 hanc
1270 3237 1563 3291 verborum
1607 3237 2081 3308 investigationem

511 3328 915 3383 accesserimus
946 3345 961 3393 ;
1012 3327 1106 3387 sed
1142 3335 1368 3398 propter
1399 3327 1630 3382 fratrum
1660 3330 1977 3396 utilitatem,
2014 3347 2083 3387 ne

523 3428 765 3475 testacea
793 3432 923 3474 vasa
961 3417 1278 3473 thesaurum
1310 3416 1405 3474 Dei
1437 3420 1694 3476 habentia
1723 3422 1796 3476 ab
1841 3422 2081 3478 homini-

509 3508 614 3565 bus
647 3524 812 3569 saxeo
857 3509 1022 3565 corde
1055 3509 1297 3580 praeditis
1358 3518 1413 3566 et
1452 3512 1880 3580 incircumcisis,
1954 3515 2050 3586 qui
2089 3532 2153 3572 ex

506 3603 760 3660 deantur.

582 3694 635 3750 8.
677 3691 893 3751 Rursus
940 3710 1037 3767 per
1081 3696 1387 3768 sapientem
1447 3695 1796 3756 Salomonem
1852 3701 1907 3756 in
1948 3700 2085 3756 Pro-

503 3788 708 3843 verbiis
749 3794 969 3844 creatus
999 3796 1103 3844 est.
1142 3788 1402 3845 Dominus
1447 3792 1608 3856 enim,
1644 3794 1844 3863 inquit,
1891 3796 2087 3850 creavit

505 3897 586 3934 me
610 3881 678 3935 ⁷⁸.
712 3878 781 3934 Et
825 3881 1043 3936 initium
1078 3883 1293 3938 viarum
1342 3885 1780 3954 evangelicarum
1832 3889 2083 3943 nomina-

505 3978 614 4033 tur,
646 3984 768 4038 qua:
817 3986 921 4025 nos
968 3969 1036 4023 ad
1078 3986 1308 4040 regnum
1357 3971 1629 4025 caelorum
1674 3972 1931 4037 ducunt;
1974 3989 2086 4028 non

512 4058 812 4113 secundum
858 4061 1156 4116 essentiam
1195 4070 1471 4124 creatura,
1507 4063 1602 4116 sed
1641 4064 1939 4135 secundum
1971 4065 2087 4121 dis-

2194 487 2300 542 τοῦ
2322 488 2576 556 Πατρός.
2611 485 2780 541 Τοῦτο
2809 486 2919 559 γάρ
2944 488 3062 541 ἐστι
3099 488 3276 542 καὶτὸ
3315 484 3662 559 παραδοῦναι
3681 486 3771 557 τὴν

2192 578 2468 651 βασιλείαν
2491 578 2583 631 τὸν
2610 578 2845 651 Χριστὸν
2873 577 2953 649 τῷ
2980 577 3099 650 Θεῷ
3137 580 3231 633 καὶ
3270 578 3443 650 Πατρί
3465 595 3480 607 ·
3510 578 3773 649 ἀπαρχὴν

2191 672 2321 725 ὄντα
2348 672 2443 726 καὶ
2487 672 2550 724 οὐ
2603 671 2778 737 τέλος,
2807 673 2951 726 κατὰ
2976 672 3075 743 τὴν
3127 671 3462 747 παχυτέραν,
3503 671 3590 734 ὡς
3622 668 3772 740 ἔφην,

2191 764 2561 830 διδασκαλίαν,
2592 764 2713 835 ἥτις
2740 764 2817 828 ὡς
2849 764 2987 837 πρὸς
3015 767 3186 837 ἡμᾶς,
3220 766 3316 820 καὶ
3353 766 3415 818 οὐ
3451 763 3598 835 πρὸς
3621 761 3774 815 αὐτὸν

2191 856 2281 910 τὸν
2317 856 2445 910 Υἱὸν
2466 858 2770 926 θεωρεῖται.
2808 857 2929 910 Ὅτι
2960 856 3015 910 δὲ
3041 850 3208 910 ’ταῦθ’
3239 856 3413 920 οὕτως
3441 855 3591 926 ἔχει,
3617 852 3775 907 πάλιν

2190 947 2499 1020 ἐρωτήσασι
2527 950 2641 1012 τοῖς
2658 947 2924 1020 μαθηταῖς
2967 950 3023 1002 έν
3056 951 3177 1009 ταῖς
3204 947 3442 1020 Πράξεσι
3489 946 3608 1001 τῶν
3644 948 3777 1000 ἁπο-

2192 1039 2394 1094 στόλων
2422 1039 2501 1094 τό·
2555 1041 2706 1096 Πότε
2746 1040 3251 1107 ἀποκαθιστανεῖς
3287 1039 3403 1109 τὴν
3440 1040 3777 1105 ,βασιλείαν

2191 1131 2272 1197 τῷ
2310 1132 2570 1202 Ἰσραὴλ,
2627 1132 2790 1205 φησίν
2809 1148 2823 1162 ⁸
2859 1133 2982 1201 Οὐχ
3029 1131 3200 1202 ἡμῶν
3228 1133 3362 1187 ἐστι
3391 1131 3627 1202 γνῶναι
3648 1133 3776 1200 χ,ρό-

2191 1226 2397 1294 νουςῆ
2425 1225 2671 1296 καιροὺς
2700 1224 2847 1294 (82),
2901 1225 3010 1291 οὓς
3055 1227 3088 1278 ό
3140 1224 3345 1292 Πατὴρ
3388 1225 3564 1279 ἔθετο
3597 1224 3672 1276 ἐν
3708 1220 3774 1290 τῇ

2186 1317 2310 1385 ἰδίᾳ
2340 1317 2613 1385 ἐξουσίᾳ.
2639 1318 2952 1381 Τουτέστιν,
2975 1317 3037 1370 οὐ
3056 1315 3164 1372 τῶν
3183 1316 3585 1388 συνδεδεμένων
3618 1318 3771 1387 σαρκὶ

2190 1413 2286 1465 καὶ
2306 1412 2496 1484 αἵματι
2525 1411 2628 1482 τῆς
2659 1410 2913 1483 τοιαύτης
2947 1409 3221 1482 βασιλείας
3244 1412 3277 1482 ἡ
3298 1409 3523 1478 γνῶσις.
3558 1409 3769 1479 Ταύτην

2189 1502 2299 1574 γὰρ
2320 1502 2418 1574 τὴν
2448 1492 2679 1574 Θεωρίαν
2711 1505 2741 1556 6
2761 1503 2952 1574 Πατὴρ
2979 1502 3270 1556 ἐναπέθετο
3292 1505 3358 1573 τῇ
3387 1501 3496 1572 ἰδίᾳ
3515 1501 3738 1573 ἐξουσίᾳ
3754 1521 3765 1531 ·

2191 1594 2435 1661 ἐξουσίαν
2465 1595 2636 1665 λέγων
2657 1595 2784 1659 τοὺς
2825 1594 3327 1666 ὲξουσιαζομένους,
3367 1596 3537 1659 ἰδίους
3570 1594 3653 1659 δὲ,
3686 1594 3770 1659 οὓς

2194 1686 2270 1757 μὴ
2311 1686 2532 1757 κατέχει
2570 1686 2683 1757 (85)
2713 1687 2903 1753 ἄγνοια
2929 1686 3039 1741 τῶν
3067 1688 3363 1759 κατωτέρω
3402 1688 3766 1760 πραγμάτων.

2192 1776 2430 1849 Χρόνους
2452 1779 2511 1832 δὲ
2543 1779 2637 1832 καὶ
2664 1781 2890 1851 καιροὺς
2921 1781 2997 1851 μή
3033 1770 3122 1851 μοι
3154 1780 3264 1834 νόει
3289 1779 3614 1853 αἰσθητοὺς,
3645 1782 3772 1835 ἀλλὰ

2193 1866 2380 1939 διαστή
2390 1870 2537 1940 ματα
2550 1887 2669 1923 τινα
2688 1869 2942 1939 γνώσεως
2974 1870 3079 1925 ὑπὸ
3107 1871 3201 1925 τοῦ
3219 1872 3409 1943 νοητοῦ
3438 1872 3602 1943 ἡλίου
3635 1875 3771 1943 γινό-

2196 1977 2355 2032 μενα.
2374 1963 2465 2014 Δεῖ
2482 1962 2587 2035 γὰρ
2610 1961 2707 2032 τὴν
2731 1962 3035 2034 προσευχὴν
3055 1963 3268 2035 ἐκείνην
3291 1965 3382 2017 ἐπὶ
3399 1966 3582 2037 πέρας
3615 1966 3771 2037 exos-

2192 2052 2389 2108 ναιτοῦ
2417 2055 2686 2108 Δεσπότου
2722 2054 2898 2125 ἡμῶν.
2931 2055 3137 2126 Ἰησοῦς
3168 2057 3277 2128 γάρ
3292 2058 3440 2111 ἐστιν
3477 2059 3510 2111 6
3539 2075 3771 2130 προσενε-

2194 2143 2423 2215 ξάμενος
2448 2158 2463 2172 °
2530 2145 2639 2212 Δὸς
2672 2145 2899 2213 αὐτοῖς,
2948 2147 3050 2201 ἵνα
3103 2150 3201 2202 καὶ
3230 2149 3401 2204 αὐτοὶ
3427 2150 3503 2204 ἐν
3537 2152 3772 2222 matris

2188 2231 2324 2301 ὦσι,
2347 2235 2541 2304 καθὼς
2554 2238 2670 2307 ἐγὼ
2689 2239 2789 2292 καὶ
2821 2238 2904 2293 σὺ
2942 2239 3013 2293 ἓν
3042 2240 3251 2311 ἐσμεν,
3294 2242 3511 2313 Πάτερ.
3548 2241 3652 2309 Εἷς
3673 2246 3771 2317 γὰρ

2189 2329 2266 2383 ὢν
2288 2331 2317 2382 6
2344 2329 2501 2395 Θεὸς,
2538 2331 2596 2382 ἐν
2638 2332 2853 2402 ἑκάστῳ
2895 2333 3200 2405 γινόμενος,
3230 2336 3342 2390 ἑνοῖ
3373 2337 3505 2400 τοὺς
3531 2339 3767 2402 πάντας·

2190 2423 2285 2477 καὶ
2315 2423 2610 2478 ἀπόλλυται
2639 2426 2669 2477 6
2712 2425 2944 2497 ἀριθμὸς
2971 2430 3036 2499 τῇ
3065 2428 3166 2499 τῆς
3214 2428 3440 2500 μονάδος
3478 2430 3767 2504 ἐπιδημίᾳ.

2188 2514 2362 2583 Κάγὼ
2416 2515 2515 2587 μὲν
2557 2514 2729 2581 οὕτως
2765 2518 3030 2572 ἐπέϐαλον
3069 2519 3148 2591 τῷ
3176 2520 3328 2592 ῥητῷ
3361 2521 3475 2594 (84)
3509 2524 3659 2576 κατὰ
3682 2523 3771 2594 τὴν

2186 2603 2444 2677 δευτέραν
2475 2605 2836 2678 ἐπιχείρησιν.
2868 2609 2932 2662 Ei
2959 2608 3017 2662 δέ
3038 2626 3122 2673 τις
3136 2609 3344 2680 βέλτιον
3364 2611 3540 2681 λέγοι,
3572 2614 3609 2686 ἢ
3639 2614 3772 2688 διορ-

2188 2696 2306 2767 θοίη
2329 2696 2569 2762 εὐσεϐῶς
2584 2699 2652 2752 τὰ
2678 2700 2939 2773 ἡμέτερα,
2967 2702 3060 2756 καὶ
3081 2702 3285 2772 λεγέτω
3300 2704 3391 2757 καὶ
3409 2705 3765 2778 διορθούσθω,

2187 2788 2282 2841 καὶ
2336 2789 2365 2840 6
2408 2789 2612 2862 Κύριος
2659 2790 3028 2846 ἀνταποδώσει
3058 2794 3198 2863 ὑπὲρ
3230 2795 3408 2866 ἡμῶν.
3449 2796 3656 2861 Οὐδεὶς
3671 2798 3771 2870 γὰρ

2188 2880 2317 2952 παρ’
2354 2882 2502 2952 ,ἡμῖν
2554 2870 2829 2947 αὖλίζεται
2862 2882 3073 2952 φθόνος,
3118 2885 3201 2938 ὅτι
3256 2886 3391 2956 μηδὲ
3434 2887 3769 2957 φιλονεικίας

2186 2971 2370 3025 ἕνεκεν
2402 2972 2435 3044 ἢ
2469 2973 2771 3040 κενοδοξίας
2797 2974 2907 3045 (83)
2931 2976 3023 3028 ἐπὶ
3054 2978 3211 3047 τήνδε
3245 2978 3347 3049 τὴν
3376 2977 3641 3042 ἐξέτασιν
3671 2982 3770 3034 τῶν

2188 3063 2447 3133 ῥημάτων
2510 3065 2957 3135 κεχωρήκαμεν·,
2980 3063 3102 3131 ἀλλ’,
3125 3064 3395 3135 ὠφελείας
3431 3068 3630 3123 ἕνεκεν
3667 3071 3770 3123 τῶν

2189 3154 2453 3224 ἀδελφῶν,
2505 3155 2648 3226 ὑπὲρ
2701 3155 2793 3210 τοῦ
2858 3156 2933 3228 μὴ
2978 3156 3156 3210 δοκεῖν
3199 3158 3659 3231 παρακρούεσθαι
3708 3160 3771 3214 τὰ

2189 3245 2487 3317 ὀστράκινα
2516 3245 2707 3322 σκεύη,
2746 3245 2815 3299 τὰ
2850 3247 2942 3300 τὸν
2976 3247 3247 3320 θησαυρὸν
3272 3249 3464 3320 ἔχοντα
3487 3252 3594 3306 τοῦ
3616 3252 3769 3317 Θεοῦ,

2189 3336 2295 3390 ὑπὸ
2325 3338 2433 3391 τῶν
2490 3337 2844 3409 λιθοκαρδίων
2897 3341 2991 3394 καὶ
3027 3341 3415 3414 ἁπεριτμήτων
3439 3344 3770 3417 ἀνθρώπιον,

2189 3428 2294 3481 τῶν
2330 3430 2394 3481 ὲκ
2414 3427 2515 3497 τῆς
2534 3430 2725 3499 μωρᾶς
2751 3429 3108 3500 ὡπλισμένων
3134 3433 3348 3502 σοφίας.

2195 3522 2361 3576 stulta
2415 3521 2683 3591 sapientia
2746 3525 2943 3577 armati
3011 3536 3182 3592 sunt,
3243 3528 3646 3586 circumveniri
3708 3530 3773 3582 \i-

2256 3703 2312 3758 8.
2349 3704 2518 3758 Πάλιν
2549 3704 2637 3758 διὰ
2658 3705 2752 3758 τοῦ
2778 3706 2943 3776 σοφοῦ
2974 3708 3316 3780 Σολομῶντος
3344 3716 3402 3767 ὲν
3436 3715 3772 3790 Παροιμίαις

2187 3795 2447 3851 ἔκτισται.
2482 3798 2694 3865 Κῧριος
2742 3798 2873 3869 γὰρ,
2912 3801 3095 3872 φησὶν,
3129 3803 3442 3876 ἕκτισέμε.
3477 3810 3600 3863 Καὶ
3631 3814 3769 3885 ἁρχὴ

2186 3887 2321 3940 ὁδῶν
2342 3888 2710 3958 εὐαγγελικῶν
2735 3891 3083 3963 ὀνομάζεται,
3097 3895 3344 3964 ἀγουσῶν
3357 3900 3505 3971 ἡμᾶς
3519 3905 3665 3975 πρὸς
3676 3907 3770 3976 τὴν

2191 3978 2465 4048 βασιλειαν
2488 3980 2596 4034 τῶν
2641 3982 2907 4054 οὐρανῶν,
2934 3986 2995 4037 οὐ
3034 3989 3154 4041 κατ’
3181 3989 3369 4043 οὐσίαν
3403 3991 3612 4059 κτίσις,
3639 3996 3771 4050 ἀλλὰ

2188 4069 2330 4122 κατὰ
2357 4070 2788 4149 τὴνηοίκονομίαν
2830 4074 2949 4139 ὁδὸς
2985 4077 3242 4145 γεγονώς.
3283 4080 3357 4134 Τὺ
3383 4084 3490 4154 γὰρ
3528 4089 3770 4156 geme-

448 4152 459 4166 ‘
504 4151 883 4222 pensationem
912 4153 1088 4208 factus
1122 4153 1230 4210 via.
1260 4151 1394 4207 Nam
1431 4155 1636 4224 factum
1667 4172 1799 4222 esse,
1844 4165 1901 4213 et
1933 4175 2082 4213 crea-

2256 4179 2308 4223 ιι,
2361 4145 2469 4213 και
2506 4162 2568 4215 τὸ
2612 4163 2901 4231 ἐκτίσθαι,
2928 4169 3122 4222 ταυτὸν
3165 4170 3333 4241 δηλοῖ.
3655 4180 3771 4244 ὁδὸς

504 4247 616 4293 tum
642 4256 771 4308 esse,
806 4241 949 4296 idem
977 4242 1307 4313 signiﬁcant.
1344 4242 1545 4301 Factus
1582 4256 1669 4301 est
1709 4249 1853 4302 enim
1886 4259 2078 4319 quate-

2256 4267 2394 4319 γονε,
2430 4254 2523 4307 καὶ
2547 4253 2705 4327 θύρα.
2743 4259 2836 4310 καὶ
2860 4260 3080 4331 ποιμὴν,
3100 4266 3192 4316 καὶ
3216 4265 3463 4334 ἄγγελος,
3503 4241 3607 4326 καί
3638 4241 3765 4345 πρόέ

504 4348 613 4387 nus
647 4334 733 4386 via
761 4344 813 4388 et
839 4335 1006 4404 janua
1053 4347 1107 4391 et
1142 4346 1331 4407 pastor
1374 4347 1429 4393 et
1466 4340 1693 4395 nuntius
1736 4350 1791 4396 et
1832 4318 1971 4410 ovis,
2014 4358 2080 4399 ac

2617 4318 2629 4327 .
2954 4318 2966 4330 .
3016 4318 3078 4331 .-
3505 4318 3603 4326 η--
3641 4318 3739 4345 ..ιη

2256 4361 2381 4411 τον,
2436 4351 2530 4400 καὶ
2581 4348 2743 4403 πάλιν
2794 4351 3087 4424 ἀρχιερεὺς
3140 4359 3234 4411 καὶ
3279 4360 3620 4429 ἀπόστολος·
3674 4370 3765 4423 ἀλ-

502 4436 701 4477 rursus
766 4425 1011 4492 pontifex
1074 4433 1128 4481 et
1182 4428 1512 4497 apostolus;
1571 4431 1893 4489 nominibus
1953 4435 2078 4491 aliis

2256 4453 2289 4487 ιν
2319 4436 2583 4531 (ἔϐλητ’
2605 4438 2772 4511 ἄλλην
2815 4444 3059 4500 ἐπίνοιαν
3101 4448 3210 4502 τῶν
3253 4450 3538 4523 ὀνομάτων
3562 4425 3763 4531 ⁷κειμέ·

502 4528 602 4585 pro
629 4514 734 4567 alia
766 4516 1156 4572 considerandi
1185 4519 1397 4598 ratione
1426 4514 1645 4591 positis.
1684 4523 1898 4583 Rursus
1947 4528 2074 4598 quid

2256 4546 2307 4582 ιν.
2341 4530 2404 4581 Τί
2427 4529 2491 4583 ἂν
2524 4531 2669 4584 εἴποι
2710 4533 2870 4588 πάλιν
2908 4538 2937 4590 6
2964 4538 3240 4609 αἱρετικὸς
3276 4543 3402 4615 περὶ
3440 4546 3537 4600 τοῦ
3567 4514 3764 4604 diluim-

500 4605 650 4661 dicat
680 4607 967 4663 haereticus
1005 4610 1115 4680 87
1162 4612 1231 4667 de
1263 4628 1371 4667 non
1417 4614 1666 4684 subjecto
1696 4616 1827 4682 Deo,
1869 4628 1923 4674 et
1952 4635 2077 4690 pro-

2256 4637 2379 4674 κτου
2430 4622 2586 4686 Θεοῦ,
2631 4624 2724 4677 καὶ
2761 4625 2856 4679 τοῦ
2885 4627 2951 4680 δι’
2977 4605 3123 4700 ἡμᾶς
3159 4605 3432 4706 ἁμαρτίαν
3465 4645 3767 4714 γεγενημέ.

502 4706 624 4767 pter
670 4713 769 4753 nos
823 4699 966 4754 facto
1015 4704 1278 4770 peccato?
1341 4703 1616 4776 Scriptum
1667 4725 1900 4781 namque
1939 4720 2073 4766 est:

2256 4732 2307 4780 );
2369 4715 2682 4786 Γέγραπται
2739 4719 2875 4790 γάρ’
2933 4690 3116 4777 "or-as;
3161 4690 3435 4800 ὐαοταγῇ
3474 4690 3765 4801 ἀιὶξέῑῖῖὰ

498 4786 634 4886 Cum
666 4789 900 4860 subjecta
944 4793 1143 4861 fuerint
1175 4794 1259 4848 illi
1293 4798 1493 4859 omnia,
1527 4809 1649 4853 tunc
1676 4810 1726 4854 et
1756 4804 1868 4871 ipse
1896 4788 2076 4857 Filius

2256 4801 2395 4867 ἱντα,
2424 4785 2558 4858 τότε
2614 4808 2714 4860 καὶ
2752 4785 2956 4877 -αὖτός
2976 4816 3009 4866 ό
3047 4815 3179 4882 Υἱὸς
3212 4785 3659 4890 uxoria-rivers;

499 4876 763 4945 subjectus
805 4880 904 4933 erit
945 4882 1013 4948 ei,
1068 4883 1159 4950 qui
1204 4883 1427 4952 subjecit
1475 4886 1579 4941 sibi
1625 4891 1802 4944 omnia
1847 4892 1914 4947 ".
1954 4890 2075 4948 Non

2256 4894 2543 4960 τοτάξαντι
2591 4899 2752 4966 αὐτῷ
2804 4905 2875 4958 τὰ
2915 4905 3129 4962 πάντα.
3168 4912 3241 4964 Οὐ
3285 4914 3445 4985 φοϐῇ,
3481 4918 3741 4986 ἄνθρωπε

499 4965 678 5028 times,
713 4982 747 5021 ο
780 4968 962 5031 homo.
995 4987 1119 5025 cum
1156 4972 1300 5030 Deus
1343 4992 1454 5031 non
1497 4979 1786 5049 subjectus
1830 4983 2071 5053 appella-

499 5058 619 5084 ...ι-1
660 5056 830 5084 φη-..
894 5063 1028 5084 -_:__
1090 5065 1314 5084 -,,s_9_..'
1799 5072 1820 5084 ι.
1885 5075 1896 5084 .

2256 5004 2265 5037 ν
2292 4987 2425 5084 Θεὸν
2477 4963 2855 5084 ανυπότατκτον
2889 4963 3768 5084 ὀνομαζόμενονῐςγ

496 5058 620 5110 turl
660 5056 832 5114 Tuam
888 5063 1033 5117 enim
1086 5065 1521 5136 subjectionem,
1577 5088 1732 5127 suam
1794 5072 1965 5142 facit;
2018 5084 2073 5131 et

2986 5056 3144 5071 ιν·
3278 5056 3603 5078 ""l'l"
3668 5056 3763 5067 "'

2256 5080 2451 5151 οταγὴν
2476 5080 2612 5136 ἰδίαν
2640 5090 2893 5154 ποιεῖται,
2918 5093 3012 5145 καὶ
3031 5094 3088 5146 ἐν
3107 5093 3185 5163 τῷ
3206 5096 3522 5152 ἀντιτείνειν
3543 5056 3768 5174 σεΓπρδς

496 5207 1421 5353 vn:gzan.1:t1vé:§.":‘2§attb.
1464 5238 1556 5289 xx,
1602 5225 1687 5279 50.
1768 5227 1859 5282 "1
1889 5227 2015 5285 Cor.
2061 5249 2153 5300 xv,
2194 5231 2284 5287 24.
2365 5236 2410 5267 "
2437 5238 2560 5294 Act.
2599 5256 2637 5311 ι,
2675 5242 2730 5305 6,
2789 5244 2838 5300 7.
2916 5248 2960 5279 ”
2993 5245 3151 5304 Joan.
3190 5267 3321 5318 xvii,
3348 5255 3437 5310 21.
3515 5257 3564 5289 τ’
3596 5256 3760 5315 Prov.

571 5397 683 5471 (εἰ)
720 5403 794 5456 Ἢ
819 5408 1081 5474 καιρούς.
1126 5407 1218 5464 Sic
1244 5427 1380 5465 mss.
1412 5410 1560 5467 Editi
1592 5416 1687 5469 καὶ
1706 5418 1950 5490 καιρούς.

569 5467 682 5576 iiii
712 5473 830 5576 93$
838 5476 940 5576 1;?!
956 5477 1504 5576 ,ἷῗτέὲεέξέἒὲδιιῷἒΐ
1517 5486 1868 5576 ,εὲὴμξιὲἳέκέἓ
1889 5575 1912 5576 ,,
1940 5575 1943 5576 ,

2256 5424 2363 5496 (85)
2392 5430 2770 5498 Κενοδοξίας.
2800 5433 2891 5488 Sic
2918 5450 3049 5491 mss.
3080 5436 3217 5492 Editi
3243 5440 3563 5509 φιλοδοξίας.
3590 5443 3766 5502 Paulo

2256 5498 2465 5576 stucod.
2493 5496 2630 5576 ἣτε.
2677 5503 2752 5576 μὴ
2784 5504 2960 5558 δοκεῖν
2993 5510 3437 5576 περικρούεσθαι.

568 5538 682 5643 et;
696 5538 1356 5643 ηεξείιᾳλίξςίξξιέῖιτφο
1387 5538 1954 5643 euertissent?
1979 5577 2070 5643 νες

3529 5586 3585 5638 in
3617 5602 3760 5643 mss.

496 5613 673 5750 giras?
696 5614 945 5670 codicum
969 5613 1248 5690 scriptura
1273 5613 1437 5693 quam
1468 5628 1683 5696 vulgata
1711 5613 2071 5686 ἀπέλαϐοντὸ

2779 5613 3384 5718 not:ng
