3788 6494
516 294 628 352 263

1854 286 1939 343 'S.‘
1965 280 2221 342 BASILII'
2243 278 2453 344 HAGNI

3672 280 3771 344 εει

515 409 785 480 respicias
806 447 821 473 ,
851 422 975 477 qua
1004 405 1237 476 fulguris
1260 405 1323 460 in
1356 420 1564 461 morem
1586 421 1620 461 e
1643 405 1784 460 cmlo
1815 405 1965 475 lapsa
1991 413 2087 470 est,

2199 408 2435 478 νάμεως,
2457 409 2599 479 ἣτις,
2627 408 2703 471 ὡς
2729 408 3006 479 ἀστραπὴ,
3032 398 3326 475 πέπτωκεν
3352 405 3461 459 ἀπὸ
3491 405 3593 458 τοῦ
3620 407 3774 478 αὔρα-

514 511 572 555 et
611 515 738 555 vera
775 501 884 554 vita
917 498 1141 564 excidit,
1193 506 1483 568 propterea
1515 497 1663 566 quod
1723 495 1954 550 ascitam
2003 510 2100 549 ex-

516 600 844 660 ternamque
892 589 1240 644 sanctitatem
1274 588 1467 642 habuit
1490 625 1506 648 .
1544 587 1923 657 successitque
1966 600 2101 639 con-

516 684 643 738 silio
671 682 814 736 malo
852 680 1104 734 mutatio.
1145 679 1336 749 Itaque
1370 689 1725 748 posteaquam
1746 678 1860 747 88
1890 687 1946 732 et
1979 676 2098 731 uni-

521 784 631 830 tate
661 773 884 838 excidit,
943 779 999 826 et
1059 772 1363 843 angelicam
1400 770 1602 840 abjecit
1630 770 1991 840 dignitatem,
2029 786 2096 824 ex

518 870 763 925 moribus
814 869 994 923 dictus
1044 876 1130 922 est
1197 866 1494 932 diabolus,
1558 867 1827 921 exstincto
1877 865 2097 934 quidem

516 959 704 1030 priore
743 973 808 1012 ac
841 958 1002 1012 beato
1038 956 1222 1011 habitu
1245 998 1260 1019 ,
1306 956 1540 1011 excitata
1571 971 1701 1010 vero
1744 957 1971 1010 adversa
2004 955 2096 1009 illa

524 1049 787 1119 potentia.
815 1049 897 1103 Ad
922 1049 1037 1102 haec
1065 1048 1111 1103 si
1141 1046 1405 1119 Spiritum
1433 1056 1687 1103 sanctum
1720 1047 1855 1101 dicit
1875 1056 2095 1100 creatu-

513 1152 658 1203 ram,
706 1137 1180 1208 circumscriptam
1216 1151 1282 1192 ac
1309 1137 1516 1191 ﬁnitam
1548 1137 1696 1191 illius
1726 1145 1978 1190 naturam
2018 1136 2098 1191 in-

512 1225 685 1282 ducit.
744 1228 1031 1294 Quomodo
1086 1243 1217 1297 ergo
1267 1227 1431 1283 stabit
1498 1228 1628 1282 illud
1670 1244 1683 1279 :
1719 1228 1954 1296 Spiritus
1990 1225 2096 1280 Do-

514 1318 645 1371 mini
694 1317 908 1385 replevit
938 1317 1113 1372 orbem
1149 1326 1410 1371 terrarum
1434 1317 1523 1371 "?
1556 1317 1689 1372 illud
1714 1332 1949 1388 quoque.
1977 1318 2095 1383 Quo

510 1407 597 1462 ibo
633 1424 666 1461 a
701 1407 910 1478 Spiritu
942 1419 1029 1462 tuo
1053 1409 1098 1442 ⁸⁵
1134 1407 1158 1461 ‘i
1184 1406 1290 1463 Sed
1315 1424 1494 1479 neque
1522 1408 1700 1478 ipsum
1730 1416 1929 1463 natura
1958 1415 2091 1463 stm-

514 1500 733 1570 plicem,
793 1506 852 1553 ut
904 1506 1159 1570 apparet,
1192 1496 1503 1554 conﬁtetur.
1556 1499 1699 1554 Dicit
1730 1500 1875 1555 enim
1911 1501 2091 1571 ipsum

511 1605 745 1645 numero
778 1606 966 1645 unum.
999 1589 1274 1661 Quidquid
1309 1599 1490 1645 autem
1522 1607 1691 1645 unum
1723 1606 1954 1646 numero
1983 1599 2088 1657 est,

512 1679 591 1744 id,
625 1662 687 1733 ut
720 1680 855 1739 dixi.
908 1681 1138 1750 simplex
1173 1697 1284 1735 non
1334 1690 1438 1737 est.
1477 1679 1534 1735 Si
1565 1698 1693 1737 vero
1723 1682 1950 1752 simplex
1981 1698 2089 1738 non

511 1780 600 1827 est
630 1770 867 1843 Spiritus
897 1749 1120 1827 sanctus
1140 1811 1157 1837 ,
1190 1788 1257 1828 ex
1285 1773 1525 1828 essentia
1557 1781 1611 1827 et
1638 1749 1925 1829 sanctitate
1959 1789 2088 1829 con-
2119 1749 2166 1808 δ

508 1872 619 1921 stat
666 1883 679 1919 :
728 1864 874 1934 quod
907 1870 1091 1919 autem
1120 1872 1205 1919 est
1254 1865 1545 1934 ejusmodi,
1584 1869 1947 1936 compositum
1978 1878 2083 1922 est.

510 1954 616 2009 Sed
648 1954 773 2024 quis
795 1954 930 2010 adeo
959 1954 1187 2010 demens
1214 1953 1401 2021 fuerit,
1436 1965 1495 2011 ut
1534 1954 1801 2026 Spiritum
1832 1969 2083 2013 sanctum

513 2045 662 2101 dicat
694 2046 1059 2116 compositum
1085 2088 1101 2112 ,
1138 2060 1204 2101 ac
1225 2061 1337 2101 non
1386 2046 1715 2117 simplicem,
1743 2060 1798 2103 et
1852 2048 2001 2103 Patri
2031 2058 2087 2104 et

506 2132 649 2190 Filio
697 2136 1223 2194 consubstantialem
1251 2138 1554 2194 secundum
1591 2138 1962 2208 simplicitatis
2006 2157 2087 2194 ra-

506 2225 752 2283 tionem?

575 2354 665 2410 ll.
705 2354 864 2421 Quod
900 2359 948 2411 si
1005 2372 1258 2412 sermone
1310 2358 1773 2429 progrediendum
1800 2369 1916 2424 est,
1963 2377 2080 2415 ma»

424 2478 437 2487 ι
501 2444 734 2515 joraque
780 2446 1123 2516 inapicieuda
1146 2487 1162 2513 ,
1197 2447 1326 2503 hinc
1371 2450 1610 2504 maxime
1632 2449 1871 2504 divinam
1902 2454 2079 2506 sancti

508 2533 748 2604 Spiritus
795 2538 1096 2607 potentiam
1152 2522 1604 2609 contemplemur.
1655 2539 1783 2594 Tria
1841 2544 2080 2597 creatio-

504 2642 636 2681 num
691 2642 892 2699 genera
955 2628 1012 2683 in
1048 2627 1334 2699 Scriptura
1385 2631 1669 2685 nominata
1718 2632 2076 2690 invenimus:

503 2731 674 2771 unum
726 2716 947 2788 quidem
1002 2732 1066 2773 ac
1118 2719 1386 2789 primum,
1437 2737 1502 2776 ex
1548 2722 1720 2778 nihilo
1759 2726 2079 2794 productio-

496 2822 666 2876 uem;
718 2807 1018 2863 secundum
1064 2822 1235 2873 vero,
1295 2825 1364 2865 ex
1418 2810 1607 2882 pejore
1646 2813 1709 2875 in,
1733 2815 1929 2870 melius
1974 2816 2077 2871 im-

496 2900 897 2967 mutationem;
967 2900 1184 2955 tertium
1214 2939 1230 2966 ,
1282 2904 1747 2959 resurrectionem
1789 2912 1793 2916 '
1828 2918 2076 2963 mortuo-

499 3006 644 3043 rum.
680 2990 740 3045 ln
781 2990 869 3046 his
918 2991 1159 3060 reperies
1215 2988 1482 3061 Spiritum
1527 3004 1775 3049 sanctum
1812 3012 1919 3051 una
1951 3014 2074 3054 cum

2201 500 2313 566 νοῦ,
2348 503 2444 555 καὶ
2470 500 2692 568 ἐξέπεσε
2720 502 2820 572 τῆς
2851 501 3021 564 ὅντως
3058 499 3224 569 ζωῆς,
3249 499 3337 553 διὰ
3369 497 3431 552 τδ
3479 500 3773 569 ἐπίκτητον

2198 593 2489 663 ἐσχηκέναι
2538 594 2637 663 τὴν
2681 595 2977 663 ἀγιότητα,
3010 592 3106 645 καὶ
3154 591 3668 663 ἐπηκολουθηκέναι
3714 597 3771 664 τῇ

2197 690 2338 758 κακῇ
2388 687 2548 759 βουλῇ
2584 686 2679 758 τὴν
2713 685 3017 740 ἀλλοίωσιν.
3051 682 3353 755 Τοιγαροῦν
3394 684 3494 737 καὶ
3525 683 3773 737 ἐκπεσὼν

2195 777 2296 846 τῆς
2328 777 2558 847 μονάδος
2576 817 2590 839 ,
2623 778 2720 830 καὶ
2767 777 2828 829 τὸ
2860 774 3150 844 ἀγγελικδν
3178 773 3491 846 ἀπορρίψας
3532 771 3772 842 ἀξίωμα,

2196 867 2305 921 ἀπὸ
2344 868 2438 921 τοῦ
2467 869 2668 942 τρόπου
2695 866 2990 938 ὠνομάσθη
3026 864 3270 929 διάϐολος
3290 882 3303 895 ·
3338 863 3774 934 ἀποσϐεσθείσης

2200 958 2300 1029 μὲν
2329 959 2496 1013 αὐτοῦ
2530 960 2630 1030 τῆς
2676 960 2951 1030 προτέρας
2990 959 3086 1012 καὶ
3122 950 3396 1029 μακαρίας
3430 956 3640 1020 ἕξεως,
3679 956 3771 1024 τῆς

2194 1048 2253 1102 δὲ
2278 1049 2659 1121 ἀντικειμένης
2679 1049 2880 1120 ταύτης
2906 1048 3188 1118 δυνάμεως
3213 1046 3569 1116 ἀναφθείσης.
3592 1045 3775 1097 Ἐπει-

2147 1147 2151 1151 ’
2193 1158 2263 1194 τα
2289 1142 2349 1194 εί·
2366 1140 2572 1212 κτίσμα
2601 1141 2748 1210 λέγει
2780 1141 2842 1193 τὺ
2882 1139 3109 1210 Πνεῦμα
3140 1139 3199 1192 τὸ
3231 1138 3404 1207 ἅγιον,
3443 1153 3772 1207 πεπερατω-

2199 1234 2368 1304 μένην
2395 1234 2492 1306 τὴν
2517 1234 2679 1306 φύσιν
2706 1233 3136 1313 αὑτοῦοείσάγει.
3162 1230 3288 1295 Πῶς
3315 1227 3408 1285 οὖν
3435 1229 3771 1300 σταθήσεται

2193 1323 2274 1386 τὸ,
2304 1321 2547 1393 Πνεῦμα
2578 1326 2802 1392 Κυρίου
2836 1322 3191 1391 πεπλήρωκε
3222 1320 3337 1388 τὴν
3370 1319 3769 1388 οἰκουμένηνὶ

2193 1414 2393 1481 καὶτὸ,
2443 1413 2569 1469 Ποῦ
2615 1414 2885 1484 πορευθῶ
2919 1414 3042 1469 ἀπὸ
3075 1414 3182 1467 τοῦ
3219 1414 3574 1483 Πνεύματός
3620 1428 3768 1475 σου;

2205 1506 2345 1560 Ἀλλ’
2378 1508 2490 1561 οὐδ’
2529 1508 2734 1561 ἁπλοῦν
2769 1507 2900 1561 αὐτὸ
2945 1510 3011 1578 τῇ
3064 1505 3244 1576 φύσει,
3276 1504 3352 1569 ὡς
3382 1505 3588 1569 ἔοικεν,
3643 1506 3765 1575 ὁμο-

2191 1602 2360 1670 λογεῖ.
2398 1602 2642 1674 ’Δριθμῷ
2692 1601 2801 1673 γὰρ
2832 1601 2889 1655 ἐν
2932 1602 3064 1654 αὐτὸ
3089 1600 3365 1671 ὀνομάζει.
3404 1601 3526 1653 Πᾶν
3562 1599 3628 1653 δὲ
3654 1601 3686 1652 ὃ
3718 1599 3767 1652 ἒν

2192 1695 2433 1767 ἀριθμῷ,
2465 1695 2623 1750 τοῦτο
2661 1697 2760 1766 οὐχ
2785 1694 3029 1753 ἁπλοῦν.
3073 1694 3148 1757 ὡς
3181 1693 3350 1763 ἔφην,
3384 1693 3561 1747 ἔστιν.
3606 1694 3673 1746 El
3716 1694 3765 1744 Ei

2200 1784 2276 1856 μὴ
2310 1784 2513 1861 ἁπλοῦν
2554 1787 2670 1838 ἐστι
2712 1784 2773 1837 τὸ
2801 1783 3027 1855 Πνεῦμα
3061 1783 3122 1836 τὸ
3149 1783 3323 1851 ἅγιον,
3356 1781 3415 1849 ἐξ
3452 1783 3659 1849 οὐσίας
3684 1800 3767 1834 και

2197 1876 2472 1946 ἀγιασμοῢ
2500 1877 2836 1946 caveo-mur
2870 1875 2930 1929 τὸ
2968 1875 3026 1929 δὲ
3060 1876 3324 1939 τοιοῦτον,
3349 1873 3636 1927 σύνθετον.
3673 1874 3767 1929 Καὶ

2192 1968 2278 2031 τίς
2301 1966 2475 2030 οὕτως
2502 1966 2746 2037 ἀνόητος,
2777 1965 2851 2029 ὼς
2885 1964 3138 2019 σύνθετον
3166 1966 3340 2017 είπετν
3368 1962 3431 2016 τὸ
3455 1962 3697 2033 Πνεῦμα
3714 1963 3767 2014 τὸ

2190 2061 2367 2131 ἅγιον,
2408 2062 2503 2115 καὶ
2538 2060 2612 2132 μὴ
2639 2058 2866 2122 ἁπλοῦν,
2896 2058 2990 2113 καὶ
3026 2057 3168 2112 κατά
3194 2053 3287 2111 τὸν
3317 2057 3418 2127 τῆς
3457 2057 3768 2127 ἁπλότητος

2188 2155 2347 2223 λόγον
2374 2153 2658 2225 ὀμοούσιον
2683 2153 2861 2224 Πατρὶ
2890 2153 2985 2205 καὶ
3013 2151 3161 2223 Υιῷς

2263 2382 2350 2435 ll.
2387 2380 2450 2433 Ei
2475 2378 2532 2433 δὲ
2554 2378 2634 2431 δεῖ
2660 2358 2926 2449 προϐῆναι
2944 2374 3055 2446 (9|)
3081 2374 3158 2444 τῷ
3181 2390 3340 2444 Αογῳ,
3368 2372 3464 2426 καλ⁵
3491 2371 3763 2425 ἐποπτεῦ-

2191 2487 2280 2522 σαι
2324 2468 2392 2520 τά
2423 2465 2665 2538 μείζονα,
2701 2466 2766 2517 ὲκ
2812 2463 3003 2516 τούτου
3038 2459 3270 2531 μάλιστα
3308 2460 3406 2531 τὴν
3448 2459 3646 2531 θεῖκὴν
3675 2459 3760 2511 δῦ-

2188 2578 2349 2631 ναμιν
2378 2558 2472 2612 τοῦ
2507 2559 2661 2627 ἁγίου
2687 2556 3004 2628 Πνεῦματος
3044 2553 3625 2626 θεωρήσωμενητρεῖς
3656 2554 3761 2606 κτί-

2188 2669 2300 2716 σεις
2344 2650 2660 2723 εὑρήκαμεν
2694 2646 3097 2719 ὀνομαζομένας
3145 2646 3202 2699 ὲν
3244 2646 3308 2716 τῇ
3352 2644 3586 2716 Γραφῇ·
3637 2644 3761 2715 μίαν

2189 2745 2285 2815 μὲν
2334 2743 2428 2797 καὶ
2466 2739 2691 2813 πρώτην
2719 2741 2819 2811 τὴν
2855 2740 2963 2792 ἀπὸ
2992 2736 3085 2792 τοῦ
3120 2738 3194 2809 μὴ
3226 2738 3376 2799 ὄντος
3409 2738 3491 2799 είς
3524 2734 3589 2789 τὸ
3631 2732 3759 2787 εἶναι

2186 2838 2555 2908 παραγωγήν·
2585 2832 2840 2906 δευτέραν
2884 2831 2940 2885 δὲ
2989 2831 3086 2902 τὴν
3115 2830 3223 2882 ἀπὸ
3266 2828 3358 2882 τοῦ
3404 2828 3659 2900 χείρονος
3687 2827 3759 2889 είς

2179 2912 2243 2982 τὸ
2289 2931 2533 3001 κρεῖττον
2584 2924 2899 2979 ἀλλοίωσινο
2937 2922 3127 2991 τρίτην
3156 2922 3213 2974 δὲ
3260 2920 3358 2991 τὴν
3395 2919 3758 2987 ἐξανάστασιν

2181 3021 2289 3075 τῶν
2325 3019 2557 3092 νεκρῶν.
2599 3018 2686 3071 Ἐν
2731 3016 2952 3079 ταύταις
2984 3016 3235 3086 εὑρήσεις
3284 3012 3547 3083 συνεργὸν
3583 3013 3758 3082 Πατρὶ

496 3082 663 3139 Patre
694 3092 748 3139 et
796 3082 935 3139 Filio
976 3093 1317 3155 operantem.
1372 3086 1508 3142 ϐωιὶ
1563 3093 1708 3144 enim
1760 3093 2073 3161 producun-

2195 3112 2275 3165 (αἱ
2317 3082 2441 3183 Titi)-
2480 3110 2540 3163 τὸ
2571 3111 2723 3178 ἅγιον
2763 3106 3003 3177 Πνεῦμα.
3045 3082 3302 3176 Πῦρανῶν
3330 3082 3438 3174 γαρ
3472 3104 3755 3164 οὐσίωσις.

501 3186 613 3230 tur.
648 3174 788 3241 Quid
841 3176 954 3246 jam
1007 3177 1142 3233 dicit
1190 3177 1412 3245 Davidj
1463 3181 1629 3235 Verbo
1683 3182 1903 3240 Domini
1966 3190 2081 3244 cazli

498 3269 699 3337 ﬁrmati
756 3277 920 3334 sunt,
988 3278 1038 3323 et
1082 3271 1276 3339 spiritu
1340 3275 1451 3327 oris
1513 3274 1629 3343 ejus
1688 3279 1857 3332 omnis
1913 3281 2078 3335 virtus

497 3359 759 3413 eorum".
793 3357 1010 3443 liursus
1047 3372 1272 3416 creatur
1329 3363 1494 3418 homo
1541 3380 1637 3435 per
1666 3366 1957 3437 baptisma.
2018 3372 2079 3428 Si

490 3468 603 3521 qua
654 3453 791 3506 enim
845 3454 902 3507 in
948 3452 1166 3509 Christo
1216 3472 1354 3510 nova
1391 3470 1664 3512 -creatura
1686 3460 1756 3513 ⁸³.
1789 3459 1906 3516 1am
1947 3464 2078 3533 quid

492 3542 632 3597 dicit
680 3544 969 3614 discipulis
1027 3544 1325 3600 Salvator?
1390 3546 1590 3603 Euntes
1648 3551 1826 3606 docete
1902 3571 2078 3611 omnes

495 3646 689 3704 gentes,
742 3636 1074 3706 baptizantcs
1134 3654 1224 3692 eos
1258 3640 1313 3693 in
1347 3641 1556 3695 nomine
1606 3641 1792 3699 Patris
1846 3659 1895 3700 et
1944 3645 2081 3702 Filii

497 3743 547 3782 et
579 3727 809 3799 Spiritus
857 3733 1032 3785 sancti
1056 3731 1123 3785 ⁸³.
1181 3729 1348 3788 Vides
1376 3743 1432 3787 et
1466 3734 1556 3790 bic
1587 3752 1696 3790 una
1725 3735 1921 3794 adesse
1950 3756 2075 3794 cum

493 3816 655 3874 Patre
685 3829 737 3875 et
770 3818 908 3874 Filio
933 3819 1198 3890 Spiritum
1230 3831 1502 3877 sanctum.
1541 3822 1686 3890 Quid
1717 3835 1899 3881 autem
1922 3829 2075 3884 dices

493 3923 547 3968 et
599 3913 666 3967 de
722 3915 1122 3969 resurrectione
1173 3900 1517 3970 mortuorum
1546 3956 1561 3980 ,
1603 3925 1894 3988 postquam
1928 3919 2076 3975 defe-

492 4005 730 4058 cerimus
760 4043 774 4066 ,
821 4014 872 4058 et
913 4005 969 4057 in
1022 4012 1274 4060 nostrum
1319 4008 1597 4076 pulverem
1644 4011 1849 4064 reversi
1904 4009 2076 4066 iueri-

490 4094 654 4152 mus?
682 4092 851 4149 Terra
893 4096 1037 4151 enim
1064 4112 1288 4163 sumus,
1324 4107 1380 4154 et
1424 4101 1479 4154 in
1521 4110 1721 4155 terram
1752 4103 1974 4171 ibimus,
2020 4115 2075 4160 et

492 4185 667 4257 mittet
713 4183 975 4265 Spiritum
1021 4196 1270 4241 sanctum
1300 4230 1316 4256 ,
1370 4200 1424 4245 et
1463 4192 1674 4247 creabit
1705 4209 1806 4250 nos
1836 4236 1850 4261 ,
1881 4208 1935 4251 et
1988 4213 2075 4254 re-

493 4277 717 4332 novabit
743 4278 933 4331 faciem
974 4288 1139 4332 terra:
1157 4278 1226 4334 “.
1268 4279 1405 4334 Nam
1440 4282 1587 4353 quod
1613 4299 1837 4343 sanctus
1865 4286 2070 4346 Paulus

488 4367 947 4421 resurrectionem
1005 4366 1172 4431 dixit,
1225 4368 1281 4423 id
1332 4368 1501 4427 David
1535 4377 1939 4432 renovatiouem
1973 4396 2070 4450 ap-

487 4456 727 4528 pellavit.
777 4454 994 4512 Rursus
1048 4466 1235 4516 autem
1289 4462 1579 4519 audiamus
1630 4480 1797 4530 eum,
1851 4470 1946 4539 qui
1997 4471 2064 4525 ad

489 4550 710 4602 tertium
795 4563 970 4619 usque
1017 4552 1220 4607 caelum
1284 4562 1477 4623 raptus
1543 4566 1645 4611 est.
1695 4553 1835 4623 Qbid
1889 4559 2070 4616 dicit?

492 4638 762 4708 Templum
829 4644 953 4696 estis
994 4642 1228 4714 Spiritus
1258 4648 1432 4700 sancti
1490 4648 1545 4701 in
1577 4648 1723 4704 vobis
1763 4652 2069 4708 inhabitan-

489 4734 557 4786 tis
577 4732 643 4788 ⁸³.
688 4731 971 4803 Templum
1022 4746 1201 4791 autem
1253 4753 1456 4804 omne,
1497 4738 1594 4795 Dei
1648 4744 1907 4812 templum
1959 4757 2063 4802 est.

483 4821 642 4891 Quod
685 4826 731 4881 si
767 4828 1033 4898 templum
1060 4844 1257 4886 sumus
1295 4829 1534 4903 Spiritus
1563 4835 1785 4902 sancti;
1829 4834 2067 4907 Spiritus

486 4924 710 4972 sanctus
764 4916 909 4975 Deus
936 4928 1043 4975 est.
1090 4918 1303 4976 Dicitur
1345 4932 1529 4979 autem
1580 4933 1635 4980 et
1675 4927 1935 4998 templum
1967 4928 2069 4983 Sa-

482 5007 758 5079 lomonis;
824 5026 1012 5067 verum
1087 5020 1349 5085 tanquam
1418 5016 1541 5086 ejus
1615 5018 1708 5088 qui
1771 5022 2063 5079 exstruxit.

483 5100 642 5164 Quod
680 5104 729 5156 si
782 5101 862 5157 sic
896 5119 1089 5160 sumus
1132 5107 1397 5177 templum
1429 5105 1670 5178 Spiritus
1705 5113 1904 5176 sancti,
1943 5113 2068 5183 Spi-

482 5193 623 5246 ritus
657 5202 883 5250 sanctus
918 5195 1062 5252 Deus
1093 5207 1217 5253 est:
1282 5199 1387 5266 Qui
1437 5201 1583 5255 enim
1645 5204 1825 5258 omnia
1879 5207 2064 5259 condi-
2104 5264 2113 5273 γ

477 5282 579 5350 dit,
606 5284 747 5341 Deus
796 5298 873 5342 est
896 5288 942 5321 ⁸⁸
975 5306 991 5356 ;
1038 5289 1087 5345 si
1112 5305 1244 5345 vero
1273 5300 1535 5362 tanquam
1567 5292 1710 5363 ejus,
1742 5296 1838 5365 qui
1869 5297 2063 5353 adora-

546 5443 594 5475 "
626 5442 756 5517 Sap.
788 5446 933 5517 1,77.
1043 5449 1089 5481 ⁸⁸
1123 5448 1270 5504 Psal.
1296 5466 1560 5517 cxxxvm,
1587 5453 1639 5505 7.

474 5525 596 5579 cui,
627 5515 718 5569 5οξ
791 5516 1025 5578 υιροτ.
1059 5537 1134 5586 τι,
1166 5521 1232 5575 l9
1315 5521 1361 5552 "
1393 5515 1557 5578 Hebr.
1597 5538 1679 5590 III,
1714 5524 1772 5582 4.

456 5677 463 5686 ⁸
546 5716 1000 5791 (91)Πρσσῆναι.
1034 5681 1162 5775 Mss.
1197 5721 1522 5792 προσϐῆναι.

2181 3204 2292 3258 Καὶ
2321 3203 2374 3256 τί
2408 3219 2571 3273 φησιν
2599 3202 2627 3254 ὁ
2658 3200 2853 3275 Δαβίδ;
2879 3198 2963 3265 Τῷ
2987 3199 3146 3267 λόγῳ
3174 3195 3396 3265 Κυρίου
3422 3197 3474 3249 oi
3506 3195 3755 3262 oiiparci

2180 3295 2668 3365 ἐστερεώθησαν,
2703 3293 2802 3347 καὶ
2844 3291 2925 3359 τῷ
2976 3292 3266 3359 πνεύματι
3305 3288 3410 3343 τοῦ
3453 3291 3757 3357 στόματος

2180 3389 2364 3443 αὑτοῦ
2418 3386 2587 3442 πᾶσα
2630 3386 2669 3453 ἠ
2709 3385 2963 3454 δύναμις
2986 3380 3203 3437 αὐτῶν.
3256 3380 3423 3435 Πάλιν
3463 3380 3757 3451 ἄνθρωπος

2179 3478 2267 3533 διά
2312 3478 2684 3550 βαπτίσματος
2729 3474 2994 3540 κτίζεται·
3044 3475 3124 3530 Et
3159 3492 3250 3535 τις
3278 3474 3385 3544 γὰρ
3426 3472 3497 3525 ἐν
3519 3469 3757 3540 Χριστῴ

2180 3570 2355 3639 καινὴ
2382 3571 2598 3636 κτίσις.
2625 3567 2737 3623 Καὶ
2771 3568 2823 3621 τί
2860 3584 2992 3638 φησι
3018 3562 3132 3629 τοῖς
3161 3563 3430 3635 μαθηταῖς
3455 3556 3751 3633 ὁ’Σωτήρ;

2192 3666 2589 3730 Ἀπελθόντες,
2635 3661 3047 3732 μαθητεύσατε
3086 3656 3283 3710 πάντα
3314 3654 3384 3708 τὰ
3426 3653 3603 3721 ἔθνη,
3639 3654 3755 3717 ,ϐα-

2179 3755 2482 3821 πτίζοντες
2519 3752 2740 3817 αὐτοὺς
2785 3754 2872 3817 εις
2899 3749 2965 3803 τὸ
3005 3750 3192 3816 ὄνομα
3222 3746 3327 3800 τοῦ
3366 3745 3603 3812 Πατρός
3657 3745 3753 3797 καὶ

2176 3847 2285 3902 τοῦ
2325 3847 2458 3901 Υιοῦ
2503 3845 2600 3899 καὶ
2635 3842 2739 3897 τοῦ
2791 3842 2962 3912 ἁγίου
3007 3838 3368 3906 Πνεύματος.
3409 3833 3576 3904 Ὁρᾷς
3614 3835 3751 3887 xiv-

2176 3940 2351 3995 ταῦθα
2387 3937 2672 4011 συμπαρὸν
2713 3936 2886 4006 Πατρὶ
2939 3933 3031 3986 καὶ
3070 3930 3183 4003 Υἱῷ
3214 3931 3274 3983 τὸ
3306 3930 3457 3997 ἅγιον
3494 3927 3747 3998 Πνεῦμα.

2177 4033 2243 4085 Τί
2269 4033 2313 4085 δ’
2340 4032 2405 4086 ἂν
2430 4029 2604 4092 εἴποις
2629 4029 2722 4082 καὶ
2743 4028 2869 4098 περὶ
2896 4026 2992 4097 τῆς
3010 4023 3360 4085 ἀναστάσεως
3381 4020 3485 4075 τῶν
3508 4021 3747 4092 νεκρῶν,

2175 4125 2301 4179 ὅταν
2342 4121 2833 4192 ὲκλείψωμενκκαλ.
2880 4121 2958 4181 είς
2993 4117 3083 4171 τὸν
3118 4114 3247 4188 χοῦν
3288 4113 3442 4185 ἡμῶν
3491 4112 3754 4183 ἐπιστρέ-

2173 4216 2399 4288 ψωμεν;
2430 4214 2503 4284 Γῆ
2531 4214 2638 4284 γάρ
2678 4214 2869 4282 ἐσμεν,
2904 4211 2997 4264 καὶ
3044 4211 3123 4273 είς
3164 4207 3261 4276 τὴν
3301 4206 3402 4275 γῆν
3440 4202 3749 4257 ἀπελευσό-

2178 4304 2338 4376 μεθα,
2364 4303 2459 4358 καὶ
2479 4299 2766 4355 ἀποστελεῖ
2795 4298 2856 4351 τὸ
2888 4295 3110 4367 Πνεῦμα
3130 4292 3191 4347 τὸ
3229 4292 3403 4361 ἅγιον,
3434 4289 3530 4342 καὶ
3567 4289 3748 4341 κτίσει

2174 4398 2341 4468 ἡμᾶς,
2390 4396 2484 4448 καὶ
2527 4390 2865 4447 ἀνακαινίσει
2904 4390 2965 4443 τὸ
3002 4388 3290 4459 πρόσωπον
3338 4383 3435 4454 τῆς
3472 4380 3600 4452 γῆς.
3644 4379 3748 4433 Ἦν

2173 4487 2284 4559 γὰρ
2325 4485 2536 4549 Παῦλος
2578 4486 2607 4538 ὁ
2644 4484 2798 4552 ἅγιος
2849 4479 3203 4549 ἐξανάστασιν
3257 4478 3445 4548 είρηκε
3476 4512 3490 4537 ,
3534 4472 3748 4540 ταύτην

2168 4576 2333 4631 Δαόὶδ
2379 4573 2769 4648 ἁνακαινισμδν
2816 4568 3246 4644 προσηγόρευσε.
3300 4563 3647 4633 ’Λκούσωμεν
3686 4561 3747 4615 δὶ

2169 4667 2331 4721 πάλιν
2364 4665 2475 4738 (92)
2506 4665 2600 4718 τοῦ
2637 4662 2977 4737 ἁρπαγέντος
3020 4660 3124 4724 ἕως
3172 4656 3354 4730 τρίτου
3383 4653 3639 4725 οὐρανοῦ.
3680 4652 3745 4705 Τί

2169 4775 2363 4829 φησιν;
2404 4757 2525 4809 Ὅτι
2566 4755 2712 4819 ναὸς
2754 4752 2859 4806 τοῦ
2902 4752 2972 4805 ἐν
3008 4749 3151 4821 ὑμῖν
3191 4747 3362 4817 ἁγίου
3394 4744 3745 4813 Πνεύέιατός

2166 4849 2328 4903 ἐστε.
2361 4848 2479 4912 Πᾶς
2515 4845 2573 4899 δὲ
2602 4845 2728 4908 ναὸς
2761 4842 2896 4896 Θεοῦ
2935 4843 3077 4905 ναός.
3108 4840 3171 4893 Et
3204 4838 3261 4892 δὲ
3285 4836 3411 4900 ναός
3444 4837 3615 4902 ἐσμεν
3644 4831 3745 4886 τοῦ

2167 4937 2485 5010 Πνεῦματος
2533 4934 2627 4988 τοῦ
2680 4934 2858 5002 ἁγίου,
2892 4931 3023 4994 Θεὸς
3060 4930 3122 4983 τὸ
3176 4925 3398 4996 Πνεῦμα
3452 4923 3513 4976 τὸ
3558 4922 3740 4990 ἅγιον.

2167 5030 2400 5099 Λέγεται
2446 5029 2503 5082 δὲ
2563 5027 2656 5080 καὶ
2708 5026 2835 5088 ναὸς
2881 5022 3245 5094 Σολομῶντος,
3279 5019 3395 5073 ἀλλ’
3445 5016 3521 5079 ὡς
3564 5032 3742 5068 κατα-

2169 5116 2557 5180 σκευάσαντος.
2600 5117 2664 5169 Et
2718 5114 2776 5167 δὲ
2828 5113 3000 5177 οὕτως
3049 5111 3216 5183 ὲσμὲν
3257 5108 3386 5172 ναὸς
3428 5106 3521 5161 τοῦ
3575 5105 3742 5172 ἁγίου

2165 5211 2501 5278 Πνευματος,
2545 5206 2679 5270 Θεὸς
2722 5206 2782 5258 τὸ
2810 5207 2973 5274 ,ἅγιον
3020 5203 3262 5272 Πνεῦμα.
3310 5201 3372 5255 '0
3398 5200 3508 5270 γὰρ
3537 5197 3745 5251 πάντα

2166 5298 2629 5365 κατασκευάσας
2642 5297 2786 5363 Θεός
2804 5315 2817 5329 ο
2853 5298 2901 5350 εἰ
2933 5296 2989 5350 δὲ
3010 5295 3086 5361 ὡς
3113 5292 3609 5366 προσκυνουμένου,
3639 5289 3743 5343 καὶ

1733 5454 1774 5526 θ’
1806 5454 1950 5513 Psal.
1976 5473 2149 5526 xxx",
2177 5458 2231 5514 6.
2310 5459 2353 5491 ⁸²
2377 5457 2419 5511 ll
2439 5458 2567 5513 Cor.
2598 5473 2646 5511 v.
2672 5456 2758 5512 i7.
2836 5457 2882 5489 ”
2910 5454 3101 5511 Matth.
3134 5469 3324 5516 xxvm,
3355 5452 3435 5506 l9.
3513 5450 3557 5481 “
3580 5446 3735 5503 Psal.

2234 5722 2342 5794 (9‘2)
2377 5722 2584 5776 Πάλιν.
2619 5723 2767 5778 ίΙίΙἿΟ
2799 5739 2982 5780 vocem
3016 5722 3326 5778 addidimus
3359 5734 3423 5777 es
3449 5734 3584 5776 mss.
