3788 6508
426 331 529 386 267

1733 334 1789 386 s.
1835 293 2070 386 essum
2110 322 2321 386 metu

3559 330 3666 384 £63

428 456 564 530 pleri
623 454 906 518 materiis,
958 470 1114 511 mens
1155 471 1283 511 vero
1335 456 1449 512 sola
1496 472 1523 509 a
1560 456 1780 528 propria
1811 472 2000 528 opera-

2140 456 2224 510 θαι
2249 457 2350 527 τῆς
2377 451 2583 520 οίκείας
2615 453 2916 528 ἐνεργείας.
2964 451 3052 518 Ὠς
3084 452 3191 526 γὰρ
3217 454 3251 524 ἡ
3285 451 3538 524 αίσθησις
3559 451 3673 508 τῶν

426 550 578 606 tione
646 557 916 605 arceatur.
960 548 1030 604 Ut
1089 551 1234 606 enim
1300 567 1495 606 sensus
1559 552 1881 615 sensibilia,
1927 551 2001 605 ita

427 657 584 698 mens
629 642 993 713 intelligibilia
1049 643 1286 713 attingit.
1331 641 1502 696 Simul
1568 651 1750 698 autem
1803 651 1858 697 et
1899 644 2003 697 hoc

426 731 720 790 dicendum
750 774 764 797 ,
812 734 1083 788 naturalia
1131 734 1340 803 judicia
1385 735 1701 799 documenti
1757 735 2001 805 expertia

428 843 459 880 κ
487 826 767 882 conditore
799 836 989 880 nostro
1011 825 1121 880 Deo
1156 826 1328 880 indita
1385 825 1573 882 fuisse.
1607 825 1801 881 Visum
1853 827 2000 881 enim

427 934 588 973 nemo
648 919 842 974 edocet
904 925 962 970 ut
1033 917 1296 987 percipiat
1341 919 1553 972 colores
1606 928 1700 972 aut
1759 918 2000 988 ﬁguras;

427 1023 605 1079 neque
656 1008 902 1062 auditum
960 1015 1018 1062 ut
1083 1023 1249 1063 sonos
1283 1016 1335 1064 et
1382 1024 1592 1073 voces;
1634 1025 1809 1078 neque
1864 1008 2001 1063 olla-

424 1110 576 1157 ctum
601 1142 619 1166 ,
677 1108 738 1155 ut
772 1100 909 1154 bene
939 1107 993 1154 et
1037 1101 1176 1155 male
1209 1100 1470 1155 olentium
1504 1117 1686 1157 rerum
1719 1116 1951 1172 vapores
1985 1120 1998 1164 ς

427 1208 605 1264 neque
649 1200 891 1263 gustum,
944 1202 1002 1245 ut
1039 1206 1260 1262 sapores
1303 1209 1367 1248 ac
1419 1209 1656 1260 succos;
1690 1210 1867 1264 neque
1921 1203 2005 1248 ta-

427 1295 574 1340 ctum
601 1325 616 1348 ,
649 1292 708 1338 ut
741 1284 921 1338 mollia
963 1293 1016 1339 et
1063 1284 1199 1338 dura
1226 1325 1240 1347 ,
1305 1293 1363 1338 ut
1415 1283 1594 1340 calida
1636 1299 1730 1340 aut
1785 1269 1999 1356 frigida.

426 1375 612 1446 Neque
660 1390 793 1432 sane
837 1376 1126 1446 quisquam
1192 1368 1426 1432 mentem
1474 1377 1693 1432 docebit
1747 1377 2004 1450 intelligi-

428 1469 559 1521 bilia
610 1470 848 1539 assequi.
898 1465 963 1522 Et
995 1469 1452 1538 quemadmodum
1517 1485 1738 1536 sensus,
1773 1470 2002 1542 siquid

428 1558 565 1626 ipsis
627 1559 885 1613 acciderit
963 1559 1335 1625 incommodi,
1392 1571 1554 1630 egent
1614 1562 1790 1616 solum
1852 1577 2006 1617 cura-

426 1650 616 1713 tione,
667 1659 721 1705 et
779 1666 938 1705 suum
989 1652 1230 1721 ipsorum
1284 1669 1483 1707 munus
1529 1653 1748 1724 explent
1797 1653 2000 1726 facile;

2103 553 2394 624 αἰσθητῶν,
2426 551 2600 616 οὕτως
2632 553 2660 604 ὁ
2694 551 2820 614 νοῦς
2845 548 2950 603 τῶν
2979 549 3183 619 νοητῶν
3220 547 3467 610 ἐπίϐολός
3498 549 3670 600 ἐστιν.

2105 645 2256 714 Ἀμα
2282 643 2338 696 δέ
2369 645 2462 697 καὶ
2489 643 2646 696 τοῦτο
2687 643 2925 707 λεκτέον,
2962 642 3042 694 ὅτι
3071 641 3138 694 τὰ
3180 639 3383 709 φυσικά
3412 640 3676 710 κριτήρια

2103 736 2360 790 ἀδίδακτά
2392 735 2688 806 πεποίηκεν
2719 737 2748 788 ὁ
2780 735 2973 798 κτίσας
2997 735 3142 805 ἡμᾶς
3166 732 3316 795 Θεός.
3345 731 3538 794 Οὐδεὶς
3565 731 3675 802 γάρ

2101 827 2340 880 διδάσκει
2376 829 2473 892 τὰς
2504 829 2654 897 ὄψεις
2695 826 2998 898 χρωμάτων
3030 826 3062 897 ἢ
3093 826 3386 895 σχημάτων
3409 824 3677 893 ἀντιλαμ-

2102 918 2397 983 ϐάνεσθαι,
2435 919 2542 973 οὐδ’
2607 918 2774 988 ἀκοὴν
2826 917 3012 986 ψόφων
3052 934 3111 969 τε
3153 917 3246 968 καὶ
3295 914 3524 983 φωνῶν,
3562 912 3677 965 οὐδ’

2102 1014 2366 1084 ὄσφρησιν
2397 1011 2583 1082 ἀτμῶν
2608 1009 2822 1064 εὐωδῶν
2840 1027 2898 1062 τε
2922 1010 3014 1063 καὶ
3046 1008 3314 1071 δυσωδῶν,
3336 1007 3459 1060 ούδέ
3482 1006 3677 1074 γεῦσιν

2103 1098 2290 1168 χυμῶν
2317 1098 2408 1150 καὶ
2440 1096 2636 1167 χυλῶν,
2670 1095 2776 1149 οὐδ’
2805 1093 2948 1164 ἁφὴν
2983 1094 3239 1164 μαλακῶν
3265 1093 3358 1148 καὶ
3394 1091 3676 1162 σκληρῶν,

2102 1193 2135 1263 ἦ
2163 1191 2378 1262 θερμῶν
2406 1191 2496 1243 καὶ
2517 1189 2757 1259 ψυχρῶν.
2789 1186 2923 1241 Ούδέ
2954 1189 3045 1241 τὸν
3071 1186 3193 1240 νοῦν
3220 1187 3531 1241 ἐπιϐάλλειν
3561 1187 3679 1248 τοῖς

2103 1285 2310 1354 νοητοῖς
2357 1281 2553 1346 διδάξοι
2593 1299 2676 1344 τις
2725 1278 2810 1334 ἄν.
2856 1281 2966 1332 Καὶ
3006 1273 3192 1350 ῶσπερ
3247 1278 3300 1331 εί
3344 1295 3397 1330 τι
3448 1272 3682 1330 πάθοιεν

2103 1369 2285 1442 αὗται,
2303 1373 2619 1444 ἐπιμελείας
2646 1373 2804 1443 μόνον
2832 1372 3199 1443 προσδέονται,
3222 1369 3316 1424 καὶ
3343 1370 3440 1440 τὴν
3463 1369 3679 1421 οἰκείαν

2103 1468 2383 1536 ἐνέργειαν
2415 1467 2650 1529 εὐκόλως
2682 1465 3117 1536 ἀποπληροῦσιν·
3150 1459 3319 1527 οὕτως
3354 1463 3447 1516 καὶ
3470 1462 3499 1514 ὁ
3524 1460 3678 1523 νοῦς,

2106 1561 2269 1630 σαρκὶ
2299 1557 2584 1621 συνδεθεῖς,
2620 1558 2713 1611 καὶ
2742 1556 2848 1609 τῶν
2878 1557 2942 1608 ἐκ
2972 1555 3173 1626 ταύτης
3208 1553 3518 1624 φαντασιῶν
3544 1552 3683 1622 πλη-

2107 1652 2319 1721 ρωθεὶς,
2347 1651 2579 1713 πίστεως
2605 1649 2772 1702 δεῖται
2807 1649 2899 1702 καὶ
2937 1647 3216 1725 πολιτείας
3245 1645 3430 1716 ὀρθῆς,
3467 1645 3681 1708 αἵτινες

429 1740 506 1793 ita
545 1749 596 1796 et
635 1757 789 1796 mens
815 1743 964 1796 carni
996 1743 1222 1812 illigata.
1259 1747 1470 1799 ctortis
1495 1759 1563 1800 ex
1595 1761 1657 1800 ea
1697 1746 2003 1817 phant-asiis

2143 1743 2489 1814 αταρτίζουσι
2541 1743 2666 1805 τοὺς
2701 1741 2866 1804 πόδας
2898 1740 3059 1792 αὑτοῦ
3111 1739 3242 1791 ὡσεὶ
3288 1739 3526 1807 ἐλάφου,
3585 1738 3686 1789 καὶ

427 1832 642 1903 oppleta
675 1876 690 1898 ,
731 1833 835 1889 ﬁde
880 1807 1103 1904 indiget.
1139 1843 1194 1890 et
1256 1844 1402 1890 recta
1461 1837 1571 1891 vita
1603 1879 1618 1902 ,
1670 1807 1792 1907 quae
1837 1811 2002 1908 pedes

2141 1839 2200 1890 πὶ
2233 1837 2302 1889 τὰ
2333 1835 2513 1906 ὑψηλά
2555 1834 2772 1888 ἱστῶσιν
2815 1833 2995 1886 αὐτόν.
3023 1829 3192 1883 Τοῦτό
3231 1847 3312 1882 τοι
3354 1829 3484 1882 αὐτὸ
3513 1828 3618 1882 καὶ
3655 1830 3686 1881 ὁ

430 1924 604 1994 ipsius
628 1926 772 1980 velut
803 1927 947 1980 cervi
977 1927 1262 1994 cujusdam
1330 1940 1642 1998 praeparant
1667 1930 1737 1994 ‘7,
1771 1946 2000 2001 eamque

431 2018 498 2069 ad
551 2017 657 2070 alta
716 2020 947 2088 erigunt.
1010 2017 1124 2073 Hoc
1179 2021 1356 2089 ipsum
1416 2023 1577 2076 etiam
1633 2022 1849 2092 sapiens
1909 2023 2000 2078 ille

431 2106 688 2164 Salomon
719 2109 1014 2178 admonet;
1070 2128 1135 2167 ac
1183 2129 1328 2166 nunc
1356 2114 1570 2182 quidem
1629 2116 1785 2170 nobis
1814 2115 2002 2183 objicit

429 2216 540 2255 non
598 2202 1056 2258 verecundantem
1112 2205 1359 2273 opificem
1394 2205 1676 2260 formicam
1706 2207 1773 2270 ",
1809 2221 1873 2260 ac
1905 2222 2002 2276 per

433 2307 555 2366 eam
607 2291 766 2346 nobis
809 2300 1090 2348 actuosam
1124 2293 1267 2348 viam
1313 2293 1618 2350 describit:
1671 2311 1819 2350 nunc
1874 2310 2004 2350 vero

431 2383 694 2452 sapientis
745 2384 974 2453 apicula:
1033 2383 1083 2438 in
1126 2383 1394 2455 ﬁngendis
1439 2386 1578 2443 favis
1623 2377 1886 2456 organum
1912 2387 1999 2440 "z

432 2489 498 2526 ac
556 2488 652 2543 per
708 2489 828 2529 eam
920 2475 1223 2530 naturalem
1294 2477 1804 2546 contemplationem
1877 2493 2003 2548 sug-

429 2564 610 2635 gerit,
668 2565 723 2619 in
775 2581 883 2636 qua
946 2567 1106 2620 etiam
1175 2566 1242 2622 de
1303 2577 1492 2623 sancta
1567 2567 1834 2624 Trinitate
1899 2569 2000 2625 ὁο-

429 2655 609 2710 ctrina
667 2657 1033 2724 admiscetur;
1090 2657 1358 2728 siquidem
1429 2676 1495 2716 ex
1551 2676 1732 2716 rerum
1796 2669 2002 2718 creata-

430 2762 552 2801 rum
588 2747 990 2819 pulchritudine
1018 2749 1135 2820 9o
1174 2752 1565 2808 convenienter
1608 2761 1825 2808 creator
1856 2757 1996 2807 ‘con-

431 2842 723 2897 sideratur.
781 2841 886 2897 Sed
950 2842 1062 2912 jam
1121 2844 1312 2914 gratiis
1378 2843 1713 2900 actis'Patri
1767 2852 1821 2900 et
1860 2843 2000 2898 Filio

2109 1926 2270 1997 σοφὸς
2301 1928 2586 1998 παρεγγυᾷ
2628 1924 2904 1995 Σολομῶν·
2938 1924 3032 1977 καὶ
3074 1921 3203 1974 ποτέ
3237 1921 3334 1991 μέν
3366 1921 3498 1991 ἡμῖν
3541 1934 3688 1991 προ-

2106 2017 2262 2088 φέρει
2291 2016 2367 2087 (2)
2397 2015 2488 2070 τὸν
2529 2015 2952 2084 ἀνεπαίσχυντον
2990 2011 3227 2085 ἐργάτην
3259 2011 3350 2063 τὸν
3380 2009 3681 2081 μύρμηκα,

2105 2109 2198 2162 καὶ
2232 2109 2296 2162 δι’
2332 2107 2494 2164 αὑτοῦ
2532 2107 2630 2179 τὴν
2670 2105 2978 2178 πρακτικὴν
3005 2107 3138 2176 ἡμῖν
3171 2103 3289 2157 ὁδὸν
3323 2103 3644 2175 ὑπογράφει
3666 2121 3682 2132 ⁸

2107 2203 2238 2254 ποτέ
2255 2202 2310 2255 δέ
2339 2201 2399 2254 τὸ
2417 2201 2516 2272 τῆς
2540 2199 2710 2271 σοφῆς
2738 2199 2990 2270 μελίττης
3010 2197 3382 2269 κηρόπλαστον
3405 2197 3649 2267 ὄργανον
3666 2214 3685 2230 ι

2108 2294 2202 2346 καὶ
2241 2293 2506 2362 διἀύτῆς
2541 2289 2617 2362 (3)
2649 2291 2881 2360 φυσικὴν
2926 2289 3155 2359 θεωρίαν
3191 2288 3502 2348 αἰνίττεται,
3537 2287 3603 2338 ἐν
3650 2280 3686 2356 ᾗ

2107 2387 2201 2439 καὶ
2244 2387 2274 2438 ὁ
2326 2386 2452 2457 περὶ
2494 2385 2592 2456 τῆς
2636 2383 2797 2452 ἁγίας
2838 2377 3063 2454 Τριάδος
3104 2381 3433 2450 ἐγκέκραται
3477 2379 3684 2446 λόγος·-

2107 2478 2262 2548 είπερ
2314 2479 2377 2530 ἐκ
2434 2477 2696 2547 καλλονῆς
2755 2474 3070 2544 κτισμάτων
3119 2471 3394 2540 ἀναλόγως
3443 2473 3474 2524 ὁ
3515 2487 3684 2538 γενε-

2109 2567 2357 2639 σιουργδς
2399 2568 2701 2638 θεωρεῖται.
2753 2564 2892 2616 Ἀλλ’
2920 2563 3408 2635 εὐχαριστήσαντες
3436 2561 3515 2632 (4)
3561 2562 3688 2615 II:-

2105 2659 2198 2730 τρὶ
2248 2660 2342 2712 καὶ
2385 2658 2497 2729 Υἱῷ
2531 2660 2624 2712 καὶ
2667 2657 2805 2728 ἀγίῳ
2849 2655 3153 2726 Πνεύματι,
3190 2656 3362 2726 πέρας
3395 2653 3687 2724 ἐπιθῶμεν

2105 2751 2183 2823 τῷ
2228 2752 2535 2824 γράμματι·
2583 2751 2772 2824 ἐπειδὴ
2806 2751 2912 2803 πᾶν
2963 2750 3157 2821 μέτρον
3209 2749 3450 2820 ἄριστον,
3501 2747 3605 2800 καὶ
3649 2748 3688 2817 ἡ

2106 2843 2374 2915 παροιμία
2403 2843 2586 2914 φησίν.

432 2944 486 2988 et
521 2935 748 3006 Spiritui
810 2945 1023 3002 sancto,
1092 2937 1254 2994 tinem
1305 2939 1654 3009 imponamus
1704 2939 1949 2996 litteris:
1988 2939 2258 3011 siquidem
2310 2939 2502 2994 modus
2551 2939 2751 3001 omnis,
2814 2945 2873 2993 ut
2919 2937 3082 2993 etiam
3111 2943 3194 2991 est
3258 2935 3314 2989 in
3361 2930 3688 3002 proverbio,

433 3024 672 3095 optimus
699 3033 803 3080 est.

971 3167 1300 3227 EPISTOLA
1329 3167 1454 3228 'IX‘.

2651 3174 3016 3228 ἘΠΙΣΤΟΛΗ
3055 3143 3148 3228 Θ(

435 3307 621 3386 Laudat
643 3308 852 3386 Basilius
877 3310 926 3386 in
951 3309 1397 3386 Maximogmorem
1419 3312 1771 3386 primqrfaqrum
2064 3328 2204 3386 suntm
2223 3314 2284 3365 de
2321 3312 2539 3386 D-iorigsii
2559 3312 3113 3386 ᾼιβτᾳῃᾳνὶιιὶηεενῇριὶε.
3402 3309 3617 3386 profert,
3644 3318 3696 3386 et

497 3372 728 3468 ἕνείῗέίί
1312 3380 1314 3383 ·
1329 3372 1502 3426 Invitat
1524 3382 1574 3426 ut
1595 3377 1662 3426 ad
1673 3392 1735 3455 se
1755 3375 1912 3430 veniat
1937 3372 2048 3443 (sibi
2069 3377 2198 3468 enim
2218 3372 2474 3441 (egrotanti
2494 3383 2541 3426 et
2563 3375 2724 3427 latenti
2748 3374 2797 3426 in
2818 3372 3075 3426 solitudine
3097 3372 3334 3440 integrum
3369 3372 3462 3422 non
3483 3384 3596 3423 esse
3617 3373 3692 3422 ad

495 3448 604 3486 eum
623 3433 737 3497 ire),
759 3440 841 3483 aut
862 3432 1033 3485 saltem
1062 3433 1256 3484 scribat.

929 3559 1164 3615 Maximo
1191 3560 1515 3632 philosopho.
2028 3577 2072 3635 α

507 3677 558 3732 l.
583 3675 851 3747 imagines
871 3692 992 3732 vere
1008 3677 1315 3732 animorum
1330 3686 1458 3733 sunt
1474 3693 1777 3736 sermones.
1795 3679 2003 3753 Cogno-

436 3766 615 3821 vimus
648 3767 832 3836 itaque
863 3775 917 3822 te
937 3781 1002 3820 ex
1032 3767 1250 3826 litteris.
1280 3777 1566 3838 quantum,
1597 3771 1770 3839 aiunt,
1802 3787 1868 3827 ex
1896 3789 2000 3826 un-

433 3859 633 3932 gulas
671 3860 914 3915 leonem:
954 3860 1236 3931 gavisique
1275 3877 1464 3917 sumus
1487 3902 1502 3925 ,
1549 3863 1695 3932 quod
1730 3866 2004 3918 inveneri-

435 3965 577 4005 mus
612 3956 666 4004 te
714 3949 859 4003 haud
905 3951 1146 4020 segniter
1190 3950 1444 4006 affectum
1475 3967 1602 4022 erga
1646 3953 1902 4023 primaria
1941 3970 2005 4008 ac

436 4037 672 4092 maxima
699 4037 860 4099 bona,
885 4037 1230 4092 dilectionem
1259 4036 1348 4092 Dei
1372 4046 1425 4092 et
1453 4038 1704 4108 proximi.
1736 4039 2002 4094 Indicium

438 4136 620 4184 autem
657 4127 888 4182 facimus
917 4128 1080 4198 hujus
1117 4128 1373 4198 quidem,
1402 4137 1548 4184 tuam
1593 4131 1647 4184 in
1681 4146 1780 4186 nos
1808 4130 2004 4185 huma-

438 4222 681 4286 nitatem,
721 4219 868 4276 illius
894 4235 1040 4284 vero,
1067 4220 1306 4275 studium
1332 4221 1590 4276 scientiae.
1614 4220 1805 4277 Omnia
1825 4230 2004 4278 autem

439 4315 496 4369 in
532 4315 617 4370 his
642 4314 856 4370 duobus
895 4317 1078 4385 posita
1122 4333 1277 4380 esse,
1314 4315 1447 4370 nulli
1491 4316 1694 4374 Christi
1739 4319 2007 4389 discipulo

441 4406 684 4478 ignotum
717 4415 820 4462 est.
1754 4474 1766 4488 .

510 4500 564 4553 2.
606 4500 871 4557 Caeterum
903 4517 1023 4571 qua:
1056 4503 1300 4572 postulas
1346 4501 1590 4575 Dionysii
1639 4505 1841 4576 St‘l'ipla
1864 4545 1878 4566 ,
1914 4521 2006 4558 ve-

443 4606 573 4646 nere
607 4591 697 4644 illa
734 4592 952 4660 quidem
991 4593 1059 4646 ad
1087 4608 1186 4647 nos
1215 4631 1230 4655 ,
1266 4601 1320 4648 et
1352 4595 1504 4650 valde
1536 4596 1738 4652 multa:
1773 4595 1868 4652 sed
1902 4612 2008 4649 non

443 4679 644 4734 adsunt
673 4679 820 4744 libri,
847 4687 901 4736 et
927 4681 1133 4736 idcirco
1163 4697 1269 4736 non
1293 4684 1563 4741 misimus.
1597 4685 1880 4741 Sententia
1915 4700 2010 4738 au-

444 4781 552 4826 tem
578 4779 764 4827 nostra
792 4771 908 4828 haec
939 4779 1043 4828 est.
1080 4770 1199 4828 Non
1229 4776 1412 4830 omnia
1441 4777 1542 4831 viri
1575 4776 1739 4846 hujus
1772 4775 2009 4828 admira—

441 4882 598 4921 mur:
640 4867 750 4921 imo
787 4874 938 4930 sunt,
985 4881 1109 4936 quae
1140 4882 1366 4937 prorsus
1400 4869 1561 4922 etiam
1611 4867 2007 4938 improbemus.

438 4955 574 5010 Nam
600 4955 886 5012 fere‘illius
913 4972 1034 5027 quae
1054 4971 1201 5010 nunc
1227 4956 1650 5024 circumstrepit,
1689 4955 2004 5026 impietatis,

436 5048 760 5104 Anommam
787 5048 946 5114 dico,
985 5049 1032 5104 is
1063 5055 1148 5104 est
1169 5088 1182 5112 ,
1214 5057 1475 5120 quantum
1515 5048 1732 5118 quidem
1775 5050 2004 5112 scimus,

511 5203 557 5237 "
581 5203 725 5260 Psal.
753 5219 886 5267 xvn,
915 5203 1004 5258 34.
1084 5203 1132 5236 "
1173 5201 1331 5259 Prov.
1365 5218 1439 5266 Vl,
1475 5203 1526 5256 6.
1603 5203 1648 5234 ’θ
1682 5202 1848 5257 Eccli.
1872 5219 1949 5266 ιι,
1982 5204 2037 5255 5.

509 5357 715 5428 'UAlias
741 5355 874 5428 XLI.
908 5357 1534 5428 scripta-circaannum
1574 5355 1698 5428 3_6L

511 5425 588 5497 (2)
622 5427 926 5498 Προρέρει.
955 5425 1050 5498 Ita‘
1068 5443 1201 5498 mss.
1240 5425 1701 5498 Editi'fpoocpépu

512 5494 590 5568 (5)
623 5494 840 5568 Καὶδὲ
869 5497 1077 5566 αὐτῆς.
1115 5497 1184 5550 Ita
1227 5512 1360 5550 mss.
1393 5494 1666 5568 Editi'xdtt
1708 5495 1778 5548 δι’
1816 5494 2003 5568 αύτοῦ.

513 5565 590 5637 (ι)
639 5567 802 5620 Ἀλλ’
843 5565 1412 5636 εὐχαριστήσαντες.
1463 5565 1644 5619 Prima
1685 5583 1786 5620 vox
1824 5565 2008 5619 addita

435 5651 739 5780 θ’(ἓῗδῗὲαι
758 5705 1030 5776 μέγιστα.
1063 5707 1151 5763 Sic
1181 5707 1399 5766 codices
1444 5723 1576 5764 mss.
1607 5723 1814 5762 omnes.
1865 5704 2010 5759 E'liti

2583 3563 2829 3633 MaCi'pq)
2859 3544 3190 3630 φιλοσόφὶρ.

2175 3681 2228 3735 1.
2270 3677 2492 3742 Είκόνες
2521 3677 2692 3739 ὅντως
2723 3673 2836 3728 τῶν
2871 3671 3059 3744 ψυχῶν
3087 3674 3220 3726 εἰσιν
3249 3671 3298 3724 oi
3322 3670 3486 3740 λόγοι.
3529 3671 3698 3728 Κατί-

2105 3773 2378 3844 εμάθομεν
2429 3767 2524 3824 οὖν
2574 3787 2633 3822 σε
2671 3767 2759 3822 διά
2805 3765 2897 3822 τοῦ
2933 3766 3282 3838 γράμματος,
3312 3765 3454 3832 ὅσον,
3485 3767 3694 3832 φασὶν,

2105 3864 2165 3927 ἐξ
2191 3864 2396 3934 ὀνύχων
2441 3862 2530 3916 τὸν
2561 3861 2775 3914 λέοντα’
2816 3859 2912 3912 κα)⁸
2949 3857 3226 3928 ἥσθημεν.
3261 3855 3511 3929 εὑρόντες
3547 3873 3699 3929 περι

2105 3955 2172 4008 τὰ
2202 3954 2396 4026 πρῶτα
2438 3954 2534 4008 καὶ
2572 3953 2810 4024 μέγιστα
2836 3950 2912 4022 (5)
2954 3949 3061 4003 τῶν
3093 3947 3312 4019 ἀγαθῶν
3351 3948 3450 4002 οὐκ
3487 3947 3700 4018 ἀργῶς

2105 4043 2478 4113 διακείμενον,
2517 4043 2616 4112 τήν
2655 4059 2720 4094 τε·
2746 4041 2880 4113 πρὸς
2918 4040 3007 4093 τὸν
3047 4039 3178 4092 Θεὸν
3214 4037 3433 4108 ἀγάπην
3461 4037 3558 4088 καὶ
3589 4035 3698 4089 τὸν

2108 4135 2352 4206 πλησίον.
2405 4135 2634 4206 Σημεῖον
2678 4134 2734 4186 δέ
2767 4132 3066 4203 ποιούμεθα
3109 4131 3203 4184 τοῦ
3260 4130 3358 4200 μέν
3401 4128 3501 4197 τὴν
3547 4129 3699 4202 περὶ

2106 4229 2254 4298 ἡμᾶς
2295 4225 2576 4297 δεξιότητά
2621 4243 2712 4280 σου
2743 4264 2759 4287 ,
2804 4223 2897 4278 τοῦ
2945 4224 3001 4277 δέ
3049 4223 3148 4294 τὴν
3180 4222 3306 4293 περὶ
3349 4219 3447 4290 τὴν
3473 4218 3697 4287 γνῶσιν

2109 4322 2364 4388 σπουδήν.
2400 4322 2522 4374 Ὅτι
2551 4320 2608 4373 δὲ
2635 4321 2690 4372 ἐν
2717 4319 2861 4372 δυοῖν
2897 4317 3108 4371 τούτοιν
3138 4316 3256 4370 ἐστὶ
3282 4315 3351 4368 τὰ
3385 4313 3502 4378 ὅλα,
3533 4315 3698 4382 γνὼ-

2110 4430 2270 4484 ριμον
2297 4412 2460 4465 παντὶ
2493 4410 2728 4482 Χριστοῦ
2747 4409 3002 4482 μαθητῇ.

2177 4505 2232 4558 ‘2.
2273 4505 2339 4556 Ἀ
2381 4504 2436 4556 δὲ
2482 4503 2757 4574 ἐπιζητεῖς
2806 4502 2914 4555 τῶν
2961 4501 3235 4556 Διονυσίου
3265 4500 3370 4571 (6),
3399 4494 3528 4570 ἦλθε
3580 4501 3701 4571 μὲν

2110 4595 2188 4656 είς
2225 4595 2371 4663 ἡμᾶς
2393 4632 2408 4654 ,
2441 4595 2534 4647 καὶ
2576 4595 2715 4647 πάνυ
2747 4592 2920 4645 πολλά
2943 4611 2956 4623 ο
2986 4593 3048 4644 ού
3079 4591 3308 4664 πάρεστί
3357 4606 3418 4658 γε
3463 4590 3572 4661 μὴν
3617 4592 3700 4645 τὰ

2114 4684 2327 4754 βιϐλία,
2368 4685 2558 4757 διόπερ
2603 4687 2702 4739 ούκ
2744 4685 3156 4756 ἀπεστείλαμεν.
3191 4685 3424 4755 Ἐχομεν
3457 4683 3512 4760 δέ
3543 4685 3703 4752 γνώ-

2115 4793 2222 4846 μης
2249 4777 2440 4841 οὔτως.
2477 4779 2562 4835 Οὐ,
2587 4777 2766 4832 πάντα
2798 4774 3147 4848 θαυμάζομεν
3177 4775 3270 4829 τοῦ
3303 4775 3491 4848 ἀνδρός
3510 4793 3524 4807 ⁸
3568 4775 3702 4831 ἔστι

2113 4866 2169 4919 δέ
2198 4867 2233 4920 ἃ
2280 4869 2374 4922 καὶ
2428 4869 2704 4932 παντελῶς
2753 4867 3142 4940 διαγράφομεν.
3176 4867 3366 4938 Σχεδὸν
3409 4865 3520 4936 γάρ
3555 4883 3705 4919 ταυ-

2111 4957 2238 5030 τησὶ
2262 4946 2485 5028 τῆξνῦν
2519 4956 3045 5029 περιθρυλλουμένης
3077 4956 3362 5019 ἀσεϐείας,
3395 4955 3491 5024 τῆς
3541 4958 3707 5010 κατὰ

2111 5048 2173 5102 τὸ
2214 5049 2486 5120 Ἀνόμοιον
2512 5049 2654 5118 λέγω
2675 5089 2689 5111 ,
2723 5043 2878 5111 οὗτός
2903 5052 3072 5113 ἐστιν,
3100 5050 3200 5103 ὅσα
3227 5065 3289 5116 γε
3318 5048 3475 5117 ἡμεῖς
3501 5048 3705 5116 ἴσμεν,

2107 5358 2201 5410 καὶ
2248 5355 2532 5427 μάλιστα..
2569 5353 2673 5427 Sic
2721 5351 2884 5427 etiam
2941 5350 3089 5427 infra
3131 5365 3161 5404 a
3209 5349 3478 5427 veteribus
3526 5348 3710 5427 libris

2107 5420 2420 5513 discrepant
2451 5425 2606 5488 editi,
2663 5425 2718 5478 in
2751 5424 2949 5495 quibus
2991 5422 3187 5493 legitur
3231 5421 3288 5473 ἐν
3329 5420 3544 5472 τούτοιν
3575 5424 3713 5476 τοῖν

2105 5497 2414 5692 δυῐξςῖῖῶν
2445 5566 2782 5621 Διονυσίου.
2826 5562 3028 5618 Desunt
3059 5561 3173 5616 hac
3205 5560 3260 5615 in
3297 5558 3510 5616 duobus
3550 5573 3711 5618 mss.

2109 5653 2175 5692 co
2219 5655 2284 5692 ιρι
2329 5651 2416 5692 us.

2109 5651 2416 5693 COUICIDUS.

3519 5803 3548 5816 κ
