3788 6500
148 393 231 448 εἷ’]
1045 392 1543 452 EPISTOLARUM‘
1575 391 1942 450 CLASSIS‘I.
1981 393 2199 449 EPIST'.
2242 394 2357 449 XV.

3237 398 3346 456 278

144 518 216 591 χᾶς
240 516 340 569 ἐστι
373 515 465 568 καὶ
498 508 657 578 αὐτὸς
679 513 927 584 διηνεκὲς
950 513 1044 567 καί
1076 513 1440 585 δυσέμϐατον.
1479 513 1577 568 Ἐκ
1601 511 1660 567 δὲ

1787 526 1881 582 pse
1908 528 2100 570 murus
2129 514 2450 580 continuus,
2481 531 2826 591 ascensuque
2877 517 3133 574 diﬂicilis.
3190 519 3346 579 Mons

139 612 211 665 τοῦ
235 608 318 661 ἐπὶ
344 607 551 678 θάτερα
581 606 875 677 τεταμένον
900 601 1042 661 εῖναι
1071 606 1181 680 ('57)
1203 606 1265 660 τὸ
1291 606 1416 679 δρος
1432 647 1448 671 ,
1477 606 1547 660 δι’
1569 608 1669 676 ἀγ-

136 704 291 758 κώνων
317 700 611 773 μηνοειδῶν
634 704 757 764 ταῖς
786 699 1057 773 φάραγξιν
1083 699 1562 773 ἐπιζευγνύμενον,
1598 700 1669 756 τά

137 797 307 867 βάσιμα
339 795 436 865 τῆς
478 793 755 866 ὑπωρείας
792 793 1149 866 ἀπορειχίζει.
1187 793 1302 848 Μία
1339 794 1396 847 δέ
1424 811 1509 857 τις
1530 793 1671 848 είσο-

134 891 203 953 δος
227 888 303 942 ἐπ’
333 888 523 958 αὐτῆς,
562 881 629 958 ἦς
658 889 818 959 ἡμεῖς
849 888 1016 957 ἐσμεν
1063 885 1263 958 κύριοι.
1303 886 1416 959 Τήν
1454 903 1520 956 γε
1559 887 1667 959 μὴν

133 982 311 1049 οἴκησιν
338 978 512 1049 αύχήν
552 994 636 1041 τις
683 976 869 1048 ἔτερος
900 976 1260 1047 ὑποδέχεται,
1297 975 1498 1049 ὑψηλόν
1544 993 1667 1031 τινα

136 1073 207 1127 ἐπὶ
223 1073 306 1144 τῆς
329 1071 505 1142 ἄκρας
534 1070 742 1142 ἀνέχων
772 1070 1015 1133 τένοντα,
1037 1069 1175 1124 ὥστε
1206 1069 1268 1124 τδ
1302 1070 1481 1124 πεδίον
1508 1070 1668 1124 τοῦτο

135 1163 451 1236 ὐφηπλῶσθαι
482 1166 607 1226 ταῖς
644 1162 800 1233 ὂψεσι
820 1202 836 1227 ,
866 1163 959 1217 καὶ
994 1164 1059 1216 ὲκ
1090 1161 1187 1216 τοῦ
1218 1162 1492 1235 μετεώρου
1526 1162 1665 1228 ἑξεῖ-

131 1273 202 1311 ναι
238 1255 324 1309 καὶ
360 1253 453 1307 τὸν
507 1252 758 1324 ποταμὸν
816 1252 1181 1326 περιρρέοντα
1233 1253 1472 1326 καθορᾷν
1506 1269 1519 1283 ⁸
1565 1254 1667 1308 οὑκ

132 1350 348 1402 ἐλάττονα
384 1345 611 1418 τέρψιν,
643 1346 830 1418 ἔμοιγε
858 1345 1035 1400 δοκεῖν
1074 1344 1185 1418 (5εῆ
1206 1386 1221 1408 ,
1256 1346 1629 1418 παρεχόμενον
1648 1385 1679 1411 ,η

132 1441 271 1513 ﬁmi;
304 1440 365 1492 ἐκ
404 1440 510 1509 τῆς
558 1440 942 1510 ’Δμφιπόλεως
973 1439 1066 1493 τὸν
1099 1438 1385 1512 Στρύμονα
1410 1438 1523 1510 (39)
1562 1457 1665 1494 κα-

131 1533 545 1604 nummum.
591 1534 653 1588 Ὀ
706 1533 805 1605 μὲν
850 1532 965 1605 γὰρ
1013 1532 1381 1606 σχολαιοτέρῳ
1412 1533 1522 1604 (40)
1586 1534 1663 1606 τῷ

132 1625 321 1699 ῥεύματι
346 1625 792 1698 περιλιμνάζων,
829 1625 1029 1698 μικροῦ
1079 1627 1190 1681 δεῖν
1212 1666 1230 1692 ,
1269 1627 1365 1681 καὶ
1410 1627 1475 1681 τδ
1501 1644 1667 1681 ποτα-⁹

132 1719 208 1786 μὸς
231 1715 361 1772 εἶναι
394 1718 504 1772 ὑπὸ
535 1720 637 1791 τῆς
660 1718 891 1789 ἡσυχίας
917 1718 1198 1790 ἀφῄρηται
1215 1733 1231 1748 ⁸
1262 1720 1292 1773 ό
1316 1719 1372 1783 δὲ
1390 1758 1406 1783 ,
1432 1718 1665 1785 ὀξύτατα

128 1804 184 1864 ὧν
203 1794 299 1879 ἐγὼ
319 1806 433 1864 οἶδα
457 1811 727 1882 ποταμῶν
759 1810 919 1884 ῥέων,
955 1811 1130 1883 βραχύ
1151 1828 1207 1865 τι
1236 1813 1302 1883 τῇ
1327 1812 1530 1881 γείτονι
1564 1811 1664 1865 πέ-

128 1919 211 1974 τρᾳ
239 1901 712 1974 παρατραχύνεται
733 1920 747 1933 ·
779 1902 872 1972 ἀφ’
901 1896 970 1974 ἦς
998 1902 1379 1974 ἀναχεόμενος,
1406 1904 1486 1966 είς
1514 1902 1662 1975 δίνην

130 1993 310 2065 βαθεῖαν
337 1993 698 2066 περιειλεῖται
721 2010 733 2023 ·
773 1993 897 2064 ὄψιν
924 2011 983 2049 τε
1011 1993 1236 2066 ἡδίστην
1266 1992 1380 2065 (Η)
1416 1992 1540 2065 ἐμοὶ
1572 1995 1663 2048 καὶ

130 2088 260 2140 παντὶ
287 2085 447 2157 θεατῇ
500 2085 915 2158 παρεχόμενος,
946 2085 1043 2140 καὶ
1089 2084 1278 2157 χρείαν
1312 2087 1424 2149 τοῖς
1465 2085 1664 2155 ἐπιχω-

128 2179 235 2248 ρίοις
262 2179 731 2251 αὐταρκεστάτην,
792 2176 988 2248 ίχθύων
1031 2193 1091 2230 τε
1141 2176 1345 2248 πλῆθος
1385 2175 1663 2247 ἀμύθητον

127 2273 221 2333 ταῖς
240 2269 398 2334 δίναις
433 2267 737 2340 ὲνιρὲςρων.
767 2268 833 2322 Τί
869 2267 950 2321 δεῖ
981 2266 1161 2336 λέγειν
1183 2267 1284 2331 τὰς
1311 2268 1375 2321 ὲκ
1421 2266 1522 2338 τῆς
1559 2267 1663 2337 γῆς

126 2363 379 2427 ἀναπνοὰς,
403 2362 437 2434 ἢ
462 2361 572 2425 τὰς
608 2364 675 2416 ὲκ
706 2360 800 2415 τοῦ
838 2360 1083 2432 ποταμοῦ
1116 2359 1290 2433 αὔρας
1312 2377 1327 2427 ;
1353 2361 1426 2415 Τό
1464 2376 1526 2429 γε
1558 2359 1663 2431 μὴν

130 2455 211 2508 τῶν
246 2454 445 2509 ἀνθέων
480 2452 725 2525 πλῆθος,
768 2454 802 2525 ἢ
854 2453 963 2508 τῶν
996 2454 1208 2525 ᾠδικῶν
1253 2453 1663 2527 ὀρνίθωνηᾶλλος

130 2547 205 2614 μὲν
242 2547 301 2600 ἀν
324 2564 407 2609 τις
458 2546 835 2618 θαυμάσειεν·
893 2547 1018 2618 ἐμοὶ
1063 2547 1120 2600 δὲ
1152 2547 1213 2601 ού
1246 2547 1409 2619 σχολὴ
1455 2547 1664 2613 τούτοις

128 2639 372 2710 προσέχειν
419 2638 515 2692 τὸν
563 2638 708 2694 νοῦν.
748 2641 813 2692 ’0
858 2638 913 2691 δὲ
961 2639 1214 2709 μέγιστον
1252 2641 1426 2694 εἰπεῖν
1469 2639 1664 2712 ῐχομεν

127 2731 198 2783 τοῦ
225 2731 439 2802 χωρίου,
474 2731 566 2784 ὅτι
589 2772 605 2794 ,
638 2730 773 2802 πρὸς
810 2731 990 2785 πᾶσαν
1019 2731 1265 2802 ὑπάρχον
1298 2732 1527 2803 καρπῶν
1570 2749 1665 2803 φο-

132 2822 205 2892 ρὰν
244 2823 543 2896 ἐπιτήδειον
593 2823 660 2876 δι’
690 2822 973 2895 εὐκαιρίαν
1030 2823 1129 2893 τῆς
1177 2822 1413 2887 θέσεως,
1449 2824 1664 2895 ἥδιστον

129 2913 347 2986 (nunc!
379 2915 606 2970 πάντων
647 2914 875 2986 καρπῶν
912 2913 1010 2986 τὴν
1057 2915 1289 2985 ἡσυχίαν
1331 2914 1552 2986 τρέφει·
1600 2915 1662 2969 οὐ

131 3006 254 3075 μίνθον
293 3006 479 3061 καθότι
533 3006 645 3060 τῶν
687 3005 925 3062 ἀστικῶν
975 3005 1218 3079 θορύδων
1274 3008 1622 3080 ἀπήλλακται
1644 3024 1661 3043 ⁸

129 3099 216 3151 ἀλλ’
235 3099 440 3154 ὅτιοῦτε
464 3100 657 3172 όδίτην
671 3099 793 3170 τινά
819 3098 1182 3172 παραπέμπει
1210 3098 1347 3172 πλὴν
1380 3099 1488 3154 τῶν
1522 3099 1663 3154 κατά

1770 609 1950 657 autem
1996 605 2251 677 utrinque
2288 612 2541 662 extentus
2572 616 2625 664 et
2649 624 2746 681 per
2776 617 3033 666 curvatos
3065 607 3347 669 anfractus

1767 695 2389 768 voraginibusjunctus,
2418 714 2517 771 per
2540 701 2661 757 vias
2705 702 2908 759 montis
2942 701 3160 758 inﬁmas
3212 717 3344 773 par-

1768 799 1850 846 tes
1893 790 2228 849 intercludit.
2272 792 2485 851 Habent
2531 806 2712 853 autem
2774 797 2972 853 inﬂmae
3004 797 3112 853 illae
3158 805 3346 868 partes

1767 882 1974 938 aditum
2025 888 2231 951 unum,’
2257 885 2419 957 cujus
2474 903 2576 943 nos
2635 887 2845 959 domini
2894 904 3109 946 sumus.
3168 888 3344 944 Porro

1766 973 2154 1031 habitationem
2204 978 2323 1034 aliae
2368 979 2614 1050 quaedam
2650 978 2834 1036 fauces
2876 982 3174 1052 excipiunt,
3231 979 3344 1053 95

1766 1065 1930 1122 altam
1957 1068 2246 1138 quamdam
2284 1069 2550 1126 cervicem
2594 1069 2649 1124 in
2682 1068 2887 1125 vertice
2931 1070 3225 1142 erigentes,
3259 1071 3343 1127 sic

1768 1163 1827 1210 ut
1864 1171 2091 1228 campus
2143 1160 2215 1214 ob
2258 1160 2449 1217 oculos
2490 1174 2757 1232 expassus
2804 1167 3003 1231 pateat,
3073 1161 3342 1232 liceatque

1766 1263 1798 1303 e
1846 1251 2065 1305 sublimi
2116 1250 2338 1307 ﬂuvium
2381 1253 2545 1308 etiam
2577 1252 3047 1308 circumﬂuentem
3076 1252 3279 1310 intueri
3320 1271 3340 1311 :

1765 1341 1880 1411 qui,
1909 1351 1967 1396 ut
1995 1342 2126 1397 mihi
2173 1344 2392 1414 quidem
2447 1344 2681 1411 videtur,
2736 1360 2843 1400 non
2892 1344 3159 1402 minorem
3191 1345 3343 1402 oble-

1765 1434 2059 1490 ctationem
2126 1436 2317 1500 aﬂ'ert,
2380 1451 2543 1507 quam
2595 1435 2853 1508 Strymon
2898 1452 2967 1491 ex
3031 1435 3343 1509 Amphipoli

1765 1525 2175 1595 aspicientibus.
2205 1526 2305 1583 Hic
2328 1529 2473 1584 enim
2508 1531 2711 1584 ﬂuento
2737 1529 2969 1586 lentiore
2990 1537 3337 1602 restagnans,

1764 1620 1930 1672 etiam
1980 1633 2093 1688 pra:
2137 1618 2322 1689 quiete
2374 1619 2575 1681 ﬂuvius
2606 1636 2732 1677 esse
2791 1620 2905 1678 fere
2963 1620 3210 1678 desinit:
3248 1620 3343 1677 ille

1767 1725 1896 1767 vero
1924 1710 2193 1776 omnium,
2225 1726 2375 1784 quos
2391 1727 2492 1784 ego
2540 1711 2793 1777 viderim,
2830 1713 3122 1770 ﬂuviorum
3166 1713 3343 1770 celer-

1767 1803 1906 1858 rime
1931 1801 2129 1867 ﬂuens,
2152 1818 2220 1859 ex
2252 1801 2433 1858 vicina
2462 1818 2598 1874 rupe
2634 1819 2741 1859 non
2775 1804 2911 1859 nihil
2943 1803 3002 1859 fit
3047 1806 3293 1876 asperior
3322 1824 3338 1867 :

1766 1909 1795 1948 a
1820 1907 1928 1964 qua
1952 1909 2074 1951 sese
2100 1893 2419 1961 refundens,
2454 1894 2510 1949 in
2536 1894 2868 1966 profundum
2905 1897 3163 1953 verticem
3195 1911 3337 1953 con-

1766 1985 2034 2052 volvitur;
2064 1994 2228 2058 atque
2250 1987 2386 2043 adeo
2415 1988 2547 2043 mihi
2580 1997 2637 2043 et
2667 1989 2841 2045 cuivis
2877 1990 3110 2045 intuenti
3178 2004 3340 2062 aspe-

1762 2087 1909 2134 ctum
1944 2080 2187 2133 omnium
2213 2079 2693 2149 iucundissimum,
2745 2081 3048 2152 incolisque
3095 2096 3345 2137 commo-

1762 2172 1990 2228 ditatem
2047 2172 2377 2227 uberrimam
2421 2172 2644 2243 prazbet,
2695 2187 2760 2228 ac
2810 2172 3042 2242 piscium
3086 2168 3343 2230 innume-

1763 2261 1987 2318 rabilem
2024 2263 2236 2333 capiam
2277 2263 2332 2318 in
2378 2263 2682 2320 verticibus
2736 2264 2929 2319 nutrit.
2967 2264 3110 2332 Quid
3145 2266 3342 2321 attinet

1763 2355 2137 2409 exhalationes
2165 2372 2194 2409 a
2230 2365 2377 2410 terra
2424 2363 2733 2422 manantes,
2776 2364 2878 2412 aut.
2917 2372 3084 2414 auras
3116 2374 3146 2414 e
3174 2360 3342 2416 ﬂuvio

1764 2448 2232 2503 commemorare?
2263 2446 2484 2502 Florum
2514 2464 2647 2505 sane
2676 2459 2771 2503 aut
2793 2464 3122 2506 canorarum
3149 2453 3331 2508 avium

1765 2518 2349 2595 multitudinem.alius
2368 2538 2603 2597 fortasse
2652 2542 2882 2598 miretur
2916 2561 2930 2598 :
2967 2544 3061 2600 sed
3091 2544 3223 2599 mibi
3255 2544 3342 2600 bis

1764 2630 2006 2686 animum
2057 2629 2339 2687 advertere
2367 2647 2479 2687 non
2518 2642 2695 2688 vacat.
2737 2633 2893 2701 Quod
2927 2645 3108 2692 autem
3167 2637 3344 2692 maxi-

1765 2737 1913 2779 mum
1944 2722 2012 2779 de
2047 2724 2154 2779 hoc
2182 2723 2305 2780 loco
2337 2724 2519 2782 dicere
2546 2740 2865 2797 possumus,
2894 2728 3027 2785 illud
3058 2737 3163 2793 est,
3191 2718 3341 2802 qua»!

1762 2830 1888 2870 cum
1934 2816 2007 2873 ob
2064 2817 2207 2873 situs
2253 2818 2711 2888 opportunitatem
2766 2820 2834 2876 ad
2882 2836 3073 2880 omnes
3126 2822 3343 2880 fructus

1763 2906 2119 2976 proferendos
2158 2908 2387 2966 idoneus
2418 2910 2525 2976 sit,
2556 2928 2725 2968 unum
2773 2916 3017 2971 omnium
3075 2916 3209 2971 mihi
3249 2916 3340 2986 ju-

1763 2997 2157 3055 cundissimum
2183 3001 2421 3071 quietem
2460 3017 2525 3058 ac
2556 3005 3005 3075 tranquillitatem
3051 3007 3149 3061 alit
3178 3023 3193 3072 ;
3228 3022 3337 3062 non

1765 3090 1940 3147 solum
1985 3099 2255 3163 quatenus
2298 3091 2367 3148 ab
2414 3093 2639 3151 urbanis
2684 3098 3011 3173 tumultibus
3045 3098 3182 3154 liber
3208 3108 3335 3160 est,

127 3189 264 3261 θήραν
303 3191 755 3264 ὲπιμιγνυμένων
795 3191 948 3262 ἡμῖν.
1001 3190 1147 3263 Πρὸς
1182 3191 1290 3264 γὰρ
1330 3194 1444 3256 τοῖς
1484 3191 1663 3258 ἄλλοις

1787 3181 1861 3237 sed
1882 3182 2057 3239 etiam
2096 3182 2221 3253 quia
2258 3199 2330 3239 ne
2368 3184 2630 3240 viatorem
2671 3185 2891 3257 quidem
2939 3187 3109 3242 ullum
3132 3188 3198 3244 ad
3233 3204 3333 3248 nos

131 3282 199 3332 καὶ
237 3281 571 3354 θηροτρόφος
617 3282 789 3345 ἐστὶν,
834 3280 955 3351 οὐχὶ
998 3281 1237 3351 ἄρκτων,
1270 3281 1304 3352 ἢ
1333 3279 1514 3335 λύκων
1551 3281 1662 3335 τῶν
1686 3296 1701 3322 '-

129 3372 383 3445 ὑμετέρων,
417 3375 496 3447 μὴ
538 3373 785 3441 γένοιτοί
824 3372 938 3427 ἀλλ’
967 3371 1181 3443 ὲλάεξων
1214 3372 1415 3441 ἀγέλας
1457 3374 1550 3428 καὶ
1577 3375 1664 3427 αἱ-

128 3465 213 3532 γῶν
240 3467 452 3537 ἀγρίων,
484 3466 590 3520 καὶ
621 3465 867 3533 λαγωοὺς
900 3464 1116 3535 βόσκει,
1143 3465 1241 3518 καὶ
1280 3466 1334 3520 εῖ
1358 3483 1412 3520 τι
1449 3466 1661 3529 τούτοις

126 3553 290 3623 ὅμοιον.
318 3551 440 3628 'Ap’
474 3551 699 3610 οὖνούκ
730 3553 937 3625 ἐνθυμῇ
962 3554 1092 3627 παρ’
1126 3554 1248 3607 ὅσον
1274 3550 1437 3626 ἦλθον
1480 3554 1660 3610 κινδύ-

129 3661 199 3697 νου
220 3647 245 3697 ό
279 3647 500 3717 μάταιος
535 3644 680 3715 ἐγὼ,
711 3644 952 3699 τοιούτου
984 3645 1186 3716 χωρίου
1219 3645 1316 3718 τὴν
1345 3645 1656 3718 Τιϐερίνην,

129 3737 201 3804 τῆς
221 3737 537 3809 οἰκουμένης
554 3736 622 3790 τὴ
662 3735 953 3808 βάραθρον,
982 3734 1297 3806 φιλονεικῶν
1330 3736 1662 3802 ἀνταλλάξα-

134 3826 262 3893 30m;
294 3829 441 3900 Πρὸς
463 3830 612 3901 ὅπερ
653 3825 750 3880 νῦν
793 3826 1133 3897 ἐπειγομένῳ
1171 3826 1478 3900 συγγνώσῃ.
1511 3828 1657 3883 Πάνυ

132 3932 213 3981 τως
250 3920 351 3992 γὰρ
387 3920 515 3975 οὐδὲ
558 3917 874 3989 Ἀλκμαίων
911 3916 1191 3989 Ἐχινάδας
1215 3917 1435 3989 εὑρὼν,
1457 3916 1536 3976 ἔτι
1558 3919 1658 3990 τῆς

136 4006 299 4082 πλάνης
324 4010 613 4084 ἠνέσχετο.

627 4297 974 4353 ΕΠΙΣΤΟΛΗ
1010 4298 1110 4350 1E".

1769 3275 2109 3342 transmittit,
2144 3275 2191 3332 si
2227 3292 2324 3333 eos
2369 3279 2632 3351 excipias,
2682 3280 2777 3352 qui
2828 3283 2970 3337 inter
3026 3282 3339 3339 venandum

1768 3367 2051 3424 nobiscum
2111 3368 2430 3425 miscentur.
2501 3370 2638 3425 Nam
2699 3378 2895 3442 praeter
2939 3372 3148 3443 reliqua
3201 3372 3344 3428 feras

1766 3456 1927 3511 etiam
1957 3459 2183 3524 enutrit,
2212 3475 2321 3535 non
2363 3476 2522 3516 ursos
2550 3469 2643 3516 aut
2668 3462 2827 3533 lupos
2860 3472 3070 3520 vestros
3099 3463 3341 3536 (absitl),

1766 3542 1865 3602 sed
1902 3563 2192 3604 cervorum
2256 3561 2419 3622 atque
2463 3553 2798 3609 silvestrium
2866 3570 3157 3625 caprarum
3219 3571 3344 3627 gre-

1730 3653 1883 3708 -ges,
1916 3638 2256 3711 leporesque,
2282 3653 2336 3698 et
2375 3644 2421 3697 si
2457 3643 2586 3713 quid
2628 3643 2715 3700 bis
2757 3644 2954 3701 simile.
2995 3645 3140 3700 Num
3181 3646 3343 3717 igitur
3392 3648 3395 3653 ‘

1764 3727 1992 3799 cogitas,
2046 3745 2157 3801 quo
2212 3747 2314 3802 ego
2364 3733 2591 3803 periculi
2641 3734 2844 3789 stultus
2878 3735 3159 3801 :venerim,
3214 3752 3339 3792 cum

1767 3817 2074 3888 huiusmodi
2135 3822 2319 3878 sedem
2371 3821 2663 3889 Tiberina,
2722 3824 2872 3880 omis
2920 3832 3189 3881 terrarum
3244 3826 3342 3881 lia-

1765 3911 1986 3979 rathro,
2050 3922 2389 3970 commutare
2443 3918 2738 3986 cuperem?
2792 3917 2966 3982 Quem
3038 3918 3107 3972 ad
3159 3920 3339 3975 locum

1766 4020 1913 4060 nunc
1942 4006 2254 4076 properanti
2296 4007 2505 4062 veniam
2553 4007 2729 4066 dabis.
2774 4009 2909 4065 Nam
2953 4000 3211 4082 profecto
3240 4026 3341 4067 nec

1771 4094 2046 4151 Alcmawn
2097 4096 2332 4155 inventis
2377 4096 2749 4155 Ecliinadibus
2803 4101 3039 4172 amplius
3085 4099 3341 4158 aberrare

1769 4184 1957 4243 voluit.

2294 4305 2632 4364 EPISTOLA
2671 4308 2810 4363 ΧΨ.

1098 4407 1311 4461 Basilius
1334 4411 1549 4463 Arcadio
1562 4420 1870 4471 commendat
1886 4418 2015 4471 cives
2037 4421 2332 4487 melropolis.

452 4514 742 4586 ’Apxaﬁlq)
768 4514 977 4584 κόμητι
1008 4511 1324 4581 πριϐατῶν.

187 4634 404 4689 Ἐδωκαν
448 4633 675 4705 μείζονα
720 4630 817 4703 τὴν
844 4629 1066 4704 χάρινῆ
1106 4629 1297 4685 ἔλαϐον
1345 4633 1393 4684 οἱ
1448 4632 1659 4688 πολῖται

132 4724 208 4794 τῆς
240 4727 612 4799 μητροπόλεως
654 4724 813 4796 ἡμῶν
834 4763 848 4790 ,
900 4721 1306 4796 παρασχόμενοί
1354 4740 1444 4793 μοι
1490 4726 1660 4797 513509.-

135 4816 216 4887 μὴν
239 4820 334 4873 τῶν
370 4820 507 4891 πρὸς
540 4817 639 4889 τὴν
679 4816 777 4887 σὴν
818 4814 1108 4886 τιμιότητα
1152 4815 1515 4886 γραμμάτων.
1555 4817 1660 4869 Αύ-

132 4913 218 4974 τοῖς
241 4914 329 4984 μὲν
349 4912 455 4985 γάρ
484 4914 518 4983 ἡ
550 4909 933 4982 φιλανθρωπία
952 4948 967 4973 ,
996 4905 1064 4980 ἦς
1094 4909 1281 4961 ’ἐνεκεν
1305 4909 1404 4978 τὴν
1441 4911 1658 4962 ἐπιστο-

130 5000 205 5072 λὴν
223 5004 393 5059 ἔλαϐον
427 5005 558 5076 παρ’
575 5000 755 5074 ἡμῶν,
782 5000 874 5055 καὶ
895 5001 1002 5072 πρὸ
1025 4999 1134 5055 τῶν
1158 5001 1190 5071 ἡ
1200 5000 1316 5072 μῶν
1338 5000 1451 5072 (45)
1473 4989 1654 5072 γραμ-

133 5094 280 5163 μάτων
322 5099 530 5171 ὑπῆρχε
561 5094 652 5150 διὰ
692 5095 790 5167 τὴν
828 5092 1030 5165 συνήθη
1066 5092 1161 5147 καὶ
1208 5091 1306 5165 τὴν
1336 5093 1399 5145 ἐκ
1444 5092 1657 5162 φύσεως

229 5252 275 5318 7)
304 5250 488 5310 Εἶναι.
516 5252 680 5307 Deest
702 5251 756 5306 in
785 5264 881 5305 sex
907 5264 1040 5303 mss.
1070 5247 1375 5318 codicibus.

229 5252 275 5318 7)
304 5250 488 5310 Εἶναι.
516 5252 680 5307 Deest
702 5251 756 5306 in
785 5264 881 5305 sex
907 5264 1040 5303 mss.
1070 5250 1375 5302 codicibus.

181 5250 257 5389 ἷξὸ
306 5325 523 5378 Δοιεῖν.
568 5322 661 5377 Sic
693 5320 842 5375 llarl.
872 5328 925 5374 et
952 5319 1061 5372 duo
1098 5317 1270 5386 Regii.
1306 5317 1446 5372 Editi
1483 5318 1649 5374 δοκεῖ.

185 5324 277 5460 (τι-νζ
308 5396 627 5460 Στρύμονιι.
662 5394 753 5446 Sic
791 5390 961 5446 Coisl.
991 5388 1219 5460 primus
1245 5404 1385 5460 cum
1431 5406 1544 5460 uno
1572 5405 1649 5460 ex,

132 5456 312 5560 ligus;
333 5456 477 5520 Harl.
524 5471 579 5519 et

135 5546 403 5662 "tam.

295 5649 755 5741 ὥξῖδὶιόᾟὶιεῇ
805 5649 1027 5741 codices:
1070 5649 1525 5741 περιτρέχύνεται
1558 5671 1649 5739 ὑφ’

135 5731 200 5805 ἧς.
217 5731 379 5812 liabet
405 5748 565 5799 etiam
594 5731 779 5812 ὕφ’νῆς
821 5739 972 5794 llarl.

190 5810 279 5883 με)
322 5814 608 5883 Ἡδίστην.
640 5808 770 5870 Post
795 5812 936 5868 hanc
966 5826 1151 5869 vocem
1182 5808 1330 5866 addit
1359 5809 1648 5868 Cuislinia-

1691 4528 1738 4585 D

618 5461 752 5533 Reg.
797 5457 1074 5517 secundus
1119 5457 1470 5530 Στρύμμονα.
1507 5458 1653 5514 Editi
1751 5463 1872 5533 ταῖς

1755 5742 1850 5813 τὲρ

2114 4526 2345 4602 ᾼνεαάίο
2402 4527 2585 4581 comiti
2629 4529 2979 4597 privatarum.

1829 4636 2034 4695 Dedere
2067 4639 2243 4707 majus
2275 4639 2598 4695 beneficium
2641 4656 2804 4711 quam
2843 4657 3098 4711 accepere
3137 4650 3338 4698 metro-

1759 4730 1899 4798 polis
1935 4738 2138 4786 nostra:
2184 4730 2355 4794 cives,
2418 4747 2541 4788 cum
2588 4732 2719 4787 mihi
2754 4733 3056 4788 litterarum
3091 4733 3155 4787 ad
3189 4742 3337 4789 tuam

1758 4822 2077 4892 dignitatem
2108 4825 2456 4878 occasionem
2519 4825 2861 4880 obtulerunt.
2900 4825 3009 4880 lllis
3048 4827 3192 4881 enim
3232 4827 3338 4880 liu-

1759 4913 2016 4978 manitas,
2042 4915 2202 4984 cujus
2230 4930 2396 4971 causa
2425 4916 2711 4987 epistolam
2744 4925 3075 4986 acceperunt
3095 4931 3126 4970 a
3152 4918 3336 4982 nobis,

1728 5058 1733 5061 _
1762 5005 1923 5059 etiam
1950 5012 2078 5061 ante
2110 5006 2317 5062 litteras
2343 5015 2562 5064 nostras
2591 5015 2779 5078 parata
2831 5017 2968 5070 erat.
3002 5010 3073 5063 ob
3106 5023 3339 5066 consue-

1765 5103 1872 5148 tam
1895 5102 1950 5151 et
1974 5096 2072 5152 tibi
2098 5104 2293 5153 natura
2317 5099 2544 5155 insitam
2575 5101 2631 5154 in
2656 5114 2849 5156 omnes
2877 5101 3209 5158 comitatem.
3227 5101 3340 5158 Nos

1754 5266 1858 5306 nus
1880 5250 2090 5326 primus
2116 5253 2337 5326 πασῶν.
2353 5252 2481 5326 Mox,
2500 5252 2631 5309 editi
2653 5254 3096 5326 tyxwpi0tc.Sex
3120 5256 3340 5316 codices

1730 5337 1886 5375 ,mss.
1919 5324 2067 5399 ut_i_n
2098 5331 2271 5378 textu.
2281 5323 2504 5399 Jbideru
2521 5339 2601 5399 ex
2634 5323 2859 5399 duobus
2886 5323 3172 5399 cedicibus
3208 5330 3341 5399 legi-

308 5396 627 5464 Στρύμονιι.
662 5394 753 5446 Sic
791 5390 961 5446 Coisl.
1008 5388 1219 5458 primus
1261 5404 1385 5441 cum
1431 5406 1541 5443 uno
1585 5405 1652 5443 ex

333 5464 477 5514 Harl.
524 5471 579 5514 et
618 5461 752 5514 Rea.
797 5459 1074 5514 secundus
1119 5457 1470 5514 Στρύαμονα.
1507 5458 1653 5514 Editi

1787 5406 1876 5445 HIS
1919 5390 2116 5514 ἰχθύων
2154 5410 2235 5448 τε.
2276 5392 2418 5448 Edili
2462 5393 2660 5464 ἰχθύων
2690 5394 2770 5449 δέ.
2806 5394 2952 5453 Idem
3002 5398 3170 5454 Coisl.
3217 5388 3342 5470 post

1787 5463 1872 5514 αἶς
1901 5461 1929 5514 δ
1954 5479 2073 5514 ναις
2106 5462 2255 5514 addit
2285 5462 2751 5514 πεοιειλούμενον.

1954 5479 2083 5552 ναις
2106 5462 2255 5517 addit
2285 5462 2751 5552 περιειξούμξνον.
2885 5537 2897 5552 1
2982 5539 2992 5552 Ι
3133 5537 3170 5552 ﬂ

1825 5530 1937 5612 (ξῖ)
1975 5531 2278 5612 "Heracon
2306 5530 2423 5612 “Sic
2460 5530 2642 5612 Qoi'sl.
2688 5550 2814 5591 cum
2865 5537 3081 5596 duobus
3133 5537 3339 5612 Regiis,

203 5596 276 5672 ω)
295 5601 604 5673 Σχολαιοτέ
656 5621 708 5669 ,).
732 5599 966 5657 Codices
993 5607 1233 5671 quatuor
1258 5597 1508 5670 σχολαίῳ.
1534 5596 1654 5654 Νοιι

207 5670 269 5724 lto
305 5682 416 5726 post
450 5675 557 5726 duo
605 5621 755 5726 ἔδειῙὶ
805 5672 1022 5726 codices
1070 5668 1525 5726 περιτραγύνεται
1558 5671 1649 5726 ὑφ’

1787 5596 1957 5658 melius
1975 5618 2138 5672 quam
2176 5605 2229 5657 in
2256 5602 2419 5660 editis
2448 5603 2697 5677 ἡδίστην.

1827 5671 1941 5726 (ιιόὶ
1973 5673 2089 5726 Hoc)
2123 5672 2236 5726 τῶν
2263 5673 2453 5726 ἡμῶν.
2480 5674 2614 5726 lien.
2636 5691 2695 5726 se

1827 5671 1941 5743 (45)
1973 5673 2089 5742 Πρὸ
2123 5672 2236 5727 τῶν
2263 5673 2453 5734 ἡμῶν.
2472 5671 2914 5748 ἰὶεε.ἐεειιιιάιι8
2937 5680 3042 5753 πρὸ
3062 5680 3170 5735 τῶν
3197 5682 3337 5754 ints-

1821 5760 2016 5873 ‘pujt‘iias
2054 5808 2344 5873 CCCCXV.
2381 5814 2597 5891 Scripta
2632 5818 2688 5878 in
2722 5835 2968 5880 secessu.
