3788 6468
58 489 255 560 περόντας
275 488 355 543 καὶ
380 486 625 554 συνόντας
670 490 966 549 ἀπολαύειν
986 513 1000 527 ·
1033 495 1177 552 οὕτω
1211 502 1434 571 συνεχὲς
1455 496 1525 573 ἦν
1554 508 1596 561 Α

57 584 97 635 τὸ
121 581 273 650 πλῆθος
304 579 404 635 τῶν
448 584 582 655 πρὸς
607 586 755 656 ἡμᾶς
798 587 1232 661 ἀφικνουμένων.
1271 593 1431 646 Ἀλλὰ
1470 594 1526 646 τί

55 673 120 725 οὐκ
140 670 708 746 ἑπιστέλλειςίκαίτοιγε
744 679 896 733 οὐδὲν
938 681 1101 752 ἔργον
1132 688 1360 757 σοφιστῇ
1391 686 1524 756 (68),

53 764 75 831 ᾖ
107 764 152 815 τὸ
184 764 412 833 γράφειν·
465 766 661 836 μᾶλλον
711 769 769 824 δὲ
819 774 869 835 εί
917 773 1138 844 καὶτῆς
1176 776 1358 846 χειρὸς
1384 777 1528 847 ἔχεις

54 855 194 926 ἀργῶς,
218 856 318 913 οὐδὲ
347 858 571 928 γράφειν
599 860 781 932 δεήσει
797 880 812 894 ·
833 862 994 929 ἄλλος
1013 867 1122 936 γάρ
1148 884 1232 921 σοι
1261 868 1528 940 διακονή-

55 964 121 1000 an.
146 946 347 1018 Γλώττης
372 949 426 1002 δὲ
449 952 607 1022 χρεία
640 954 808 1027 μόνης
827 974 843 989 -
868 958 924 1027 ἢ,
948 957 1050 1011 κᾶν
1074 959 1206 1029 ἡμῖν
1230 959 1306 1031 μὴ
1337 959 1530 1015 διαλέ-

52 1056 179 1109 γηται,
201 1039 296 1123 ἁὶριν
320 1040 394 1092 ἐνί
440 1058 503 1109 γε
546 1043 764 1109 πάντως
807 1046 916 1101 τῶν
957 1050 1223 1104 συνόντων
1265 1050 1486 1125 λαλήσει
1509 1068 1527 1086 ·

50 1134 119 1185 κᾶν
142 1132 290 1202 μηδεὶς
326 1136 489 1205 παρῇ,
522 1136 609 1203 ἐφ’
642 1136 840 1208 ἐαυτῆς
882 1138 1214 1204 διαλέξεται*
1256 1144 1525 1214 σιωπήσει

49 1222 309 1293 ὃὲοὺδαμῶς,
336 1230 613 1297 σοφιστική
644 1245 704 1281 τε
737 1225 872 1283 οὖσα
893 1231 989 1284 κα)⁸
1015 1230 1242 1305 Ἀττικῆ
1254 1252 1267 1264 ·
1298 1234 1359 1287 οὑ
1389 1235 1526 1304 μᾶλ-

52 1316 110 1369 λόν
124 1315 287 1384 γεῆαί
309 1316 545 1387 ἀηδόνες,
575 1319 705 1374 ὃταν
744 1321 811 1374 τὸ
852 1320 954 1393 ἔαρ
990 1323 1162 1388 αὐτάς
1207 1326 1344 1397 πρὸς
1385 1326 1527 1398 ᾠδὴν

51 1409 263 1479 ἀναστήσῃ.
292 1409 443 1479 Ἡμῖν
473 1411 572 1481 μὲν
611 1412 719 1485 γὰρ
757 1415 819 1469 τὸ
858 1415 1062 1470 πυκνὸν
1091 1416 1205 1488 (69)
1237 1418 1338 1489 τῆς
1367 1420 1530 1488 ἀσχο-

51 1500 126 1562 iiz;
143 1499 280 1561 τοῦτο,
303 1502 357 1553 ἐν
380 1494 424 1568 ᾧ
447 1500 543 1555 νῦν
572 1506 761 1575 ἐσμεν,
801 1506 904 1560 κᾶν
948 1508 1280 1579 παραίτησιν
1315 1510 1529 1579 ἐνέγκοι

50 1589 155 1657 λαχὸν
190 1590 303 1659 πρὸς
350 1591 445 1661 τὴν
490 1592 699 1648 ἔνδειαν
751 1596 860 1650 τῶν
902 1599 1244 1669 πραγμάτων
1263 1616 1279 1630 ο
1332 1601 1427 1654 καὶ
1469 1601 1531 1654 τὸ

51 1682 477 1753 ιξοδεὶέῥρυπῶσθαι
503 1684 690 1740 λοιπὸν
717 1690 785 1758 τῇ
815 1692 1113 1761 κατακορεῖ
1136 1690 1395 1763 συνηθείᾳ
1416 1690 1527 1761 (70)
1598 1700 1604 1704 “

51 1772 137 1841 epit;
171 1772 440 1844 ἰδιωτισμὺν
484 1775 645 1830 ὄκνον
690 1778 918 1842 εἰκότως
971 1780 1191 1850 ἐμποιεῖ
1221 1780 1531 1852 προσφθέγ-

50 1862 175 1929 γεπθαι
203 1864 326 1934 ὑμᾶς
349 1867 471 1929 τοὺς
513 1868 817 1937 σοφιστάς-ε
861 1869 939 1934 οἳ,
969 1872 1019 1924 εί
1054 1872 1127 1942 μή
1164 1888 1216 1926 τι
1247 1872 1396 1938 ἄξιον
1425 1872 1526 1942 τῆς
1559 1863 1599 1916 Β

51 1956 236 2026 ὑμετέρας
255 1956 418 2011 αὐτῶν
444 1958 640 2027 σοφίας
658 1959 978 2023 ἀκούσεσθε,
1005 1961 1405 2035 δυσχερανεῖτε,
1429 1966 1524 2018 καὶ

48 2049 110 2100 cf:
124 2047 345 2112 ἀνέξεσθε.
378 2051 443 2103 Σὲ
471 2050 529 2104 δέ
553 2069 660 2105 που
688 2052 750 2106 τὸ
776 2053 1017 2108 ἐναντίον
1044 2054 1193 2118 εἰκὸς
1218 2055 1311 2109 ἐπὶ
1344 2056 1524 2126 πάσης

48 2140 281 2206 emissa»;
318 2140 665 2212 δημοσιεύειν
711 2144 908 2207 σαυτοῦ
950 2146 1050 2217 τὴν
1093 2145 1297 2217 φωνὴν,
1337 2148 1525 2218 ἐπιτή-

46 2227 135 2280 δειον
153 2228 252 2282 δντα
278 2232 458 2296 είπεῐν,
481 2226 559 2285 ὧν
583 2233 746 2296 αὐτὸς
777 2228 894 2287 οἶδα
919 2234 1184 2307 Ἑλλήνων
1208 2251 1222 2266 ’
1256 2231 1371 2293 οἶδα
1390 2235 1519 2308 γὰρ,

45 2314 237 2387 inium.
262 2321 376 2383 τοὺς
418 2320 886 2392 ὀνομαστοτάτους
924 2322 1033 2376 τῶν
1080 2323 1139 2382 ἐν
1177 2323 1333 2395 ὑμῖν·
1381 2324 1521 2378 ὥστε

45 2406 193 2477 «iisut:
227 2412 538 2483 παραίτησις
585 2412 884 2473 σιωπῶντι.
918 2414 1026 2467 Καὶ
1078 2410 1253 2467 ταῦτα
1298 2416 1395 2487 μὲν
1442 2417 1524 2478 είς

44 2500 231 2554 enim.
268 2503 579 2557 Ἀπέστειλα
623 2504 680 2558 δὲ
729 2506 824 2559 κα)⁵
872 2504 943 2559 τὰ
981 2506 1117 2578 πρὸς
1158 2506 1454 2579 Εὐνόμιον·
1486 2506 1523 2561 ἀ

44 2593 111 2642 sit:
131 2593 303 2646 ωιδιάν
328 2595 430 2667 χρὴ
461 2596 671 2662 καλεῖν,
714 2596 827 2650 εἴτε
875 2596 1059 2669 μικρῷ
1082 2598 1323 2664 ,παιδιᾶς
1352 2616 1520 2657 σπου-

43 2683 377 2759 δαιότερα,αὑτῷ
404 2706 483 2742 σοι
507 2689 717 2759 κρίνειν
738 2689 976 2763 παρίημι
998 2706 1012 2720 ·
1043 2690 1102 2755 ὃς
1121 2692 1258 2763 πρὸς
1286 2691 1386 2763 μὲν
1409 2691 1519 2763 (Ἡ)

44 2775 230 2832 deinde
266 2781 449 2834 σαυτοῦ
497 2781 715 2847 οὐκέτι,
764 2778 951 2853 οἶμαι,
991 2783 1251 2855 χρῄζεις·
1293 2784 1430 2857 πρὸς
1461 2784 1520 2845 δέ

42 2866 110 2919 τῶν
139 2870 483 2945 ἐνδιαπρόφων
523 2873 654 2937 τοὺς
697 2872 1124 2944 ἐντυγχάνοντας
1162 2874 1262 2926 οὐκ
1298 2872 1520 2942 ἀγεννές

46 2961 227 3015 maxim
246 2963 443 3018 ἔσεσθαι
470 2963 792 3036 προσδοκῶο
825 2965 887 3017 οὐ
920 2967 985 3036 τῇ
1019 2964 1243 3035 δυνάμει
1264 2962 1360 3018 τοῦ
1387 2983 1516 3019 συν-

44 3056 235 3121 τάγματος
268 3057 748 3121 καταπιστεύοντες
795 3056 1085 3120 τοσοῦτον,
1129 3056 1244 3110 ἀλλ’
1275 3056 1518 3128 ἀκριϐῶς

45 3146 303 3213 γνωρίζοντες
336 3148 439 3202 ἀπὸ
461 3150 661 3219 ὀλίγων
692 3147 956 3221 ἀφορμῶν
984 3149 1078 3203 ἐπὶ
1109 3149 1281 3203 πολλά
1306 3167 1365 3206 σε
1389 3150 1517 3205 ὄντα

46 3236 253 3305 εὑρετικόν.
285 3243 402 3295 Ἐὰν
432 3242 489 3296 δέ
517 3243 574 3297 τί
604 3260 686 3296 σοι
722 3244 816 3303 uel.
839 3241 1222 3314 ἀσθενέστερον
1253 3242 1396 3314 ἔχειν
1421 3244 1520 3315 τῆς
1547 3227 1589 3285 C

46 3329 167 3395 Ἀρείας
200 3338 474 3405 καταφανῇ,
529 3334 609 3406 μὴ
656 3335 999 3412 κατοκνήσῃς
1056 3332 1292 3402 ἐλέγξαι.
1333 3332 1520 3406 Τούτῳ

45 3420 110 3489 γὰρ
134 3421 217 3491 (72)
243 3424 461 3494 μάλιστα
512 3425 669 3495 φίλος
703 3424 934 3489 κόλακος
981 3425 1274 3496 διενήνοχε,
1313 3424 1393 3496 τῷ
1426 3425 1519 3480 τὸν

49 3510 107 3578 pi»
123 3514 223 3585 πρὸς
245 3517 420 3595 ἡδονὴν
456 3517 689 3594 ὁμιλεῖν,
717 3517 811 3572 τὸν
839 3515 895 3571 δὲ
919 3516 1056 3595 μηδὲ
1078 3514 1187 3570 τῶν
1209 3515 1519 3578 λυπούντων

48 3604 272 3676 ἁτέχεσθαι.

466 3924 819 3980 ΕΠΙΣΤΟΛΗ
854 3924 988 3977 KA‘.

889 372 1706 439 EPISTULAeRUM'CLASSlS
1742 382 1783 439 Ι.
1813 383 2037 439 EPIST.
2074 384 2215 439 XXI.

3101 385 3211 441 286

1626 503 1672 558 si
1704 505 2047 567 adessemus,
2083 510 2137 558 et
2175 513 2351 557 tecum
2411 516 2759 557 versaremur
2806 516 2818 553 :
2855 500 2994 557 adeo
3035 502 3211 561 conti-

1626 610 1735 649 nua
1778 596 1880 650 fuit
1912 594 2207 650 multitudo
2230 592 2297 648 ad
2342 607 2443 648 nos
2465 593 2818 648 venientium.
2842 595 2912 648 At
2961 606 3062 653 cur
3099 608 3212 649 non

1627 688 1843 751 scribis,
1870 702 1994 742 cum
2024 671 2244 757 quidem
2282 687 2564 755 negotium
2600 684 2807 740 nullum
2846 687 2918 741 sit
2953 685 3213 758 sophista

1627 779 1904 836 scribere?
1926 780 2038 833 lmo
2059 778 2107 834 si
2135 793 2330 861 manus
2365 778 2517 849 pigra
2547 784 2652 843 est,
2692 793 2762 833 ne
2802 778 3045 835 scribere
3085 779 3210 850 qui-

1627 867 1749 924 dem
1773 884 1913 938 opus
1943 868 2081 936 erit;
2124 868 2267 922 alius
2295 867 2441 922 enim
2479 865 2581 921 tibi
2617 866 2768 922 dabit
2809 883 3051 938 operam.
3075 868 3210 924 Lin-

1627 975 1730 1033 gua
1758 969 1940 1015 autem
1989 961 2107 1017 sola
2162 977 2302 1031 opus
2349 967 2456 1023 est,
2503 975 2627 1031 qua!
2681 960 2898 1016 etiamsi
2958 976 3060 1018 nos
3097 978 3211 1018 non

1629 1054 1959 1123 alloquatur,
1978 1062 2033 1108 at
2054 1052 2303 1124 profecto
2325 1067 2497 1107 unum
2529 1068 2594 1108 ex
2620 1052 2689 1107 iis
2723 1051 2816 1123 qui
2844 1059 3024 1107 tecum
3056 1062 3206 1119 sunt,

1631 1144 1961 1214 alloquetur.
1989 1143 2147 1210 Quod
2177 1145 2223 1199 si
2258 1158 2420 1198 nemo
2442 1144 2606 1212 adsit,
2638 1159 2821 1200 secum
2866 1144 2983 1214 ipsa
3018 1144 3210 1215 loque-

1631 1247 1751 1301 tur;
1785 1235 2192 1289 tacebitautem
2223 1249 2592 1305 nequaquam,
2614 1249 2740 1289 cum
2761 1234 2833 1290 sit
2866 1243 2920 1290 et
2946 1234 3212 1305 sophisti-

1594 1338 1595 1341 ‘
1628 1340 1693 1379 ca
1726 1331 1780 1379 et
1826 1324 2006 1378 Attica
2052 1343 2064 1378 :
2100 1338 2210 1378 non
2244 1325 2440 1393 magis,
2478 1339 2641 1394 quam
2687 1324 2953 1387 lusciniae,
2990 1324 3210 1394 quando

1627 1432 1722 1473 eas
1753 1432 1979 1474 vernum
2009 1424 2223 1486 tempus
2248 1417 2314 1471 ad
2333 1416 2639 1472 cauendum
2669 1416 3008 1471 excitaverit.
3043 1413 3209 1472 Nobis

1628 1509 1772 1563 enim
1795 1508 2003 1563 crebra:
2043 1507 2152 1563 illa:
2184 1509 2598 1579 occupationes,
2631 1508 2831 1578 quibus
2864 1523 3010 1562 nunc
3052 1508 3211 1564 disti-

1630 1612 1846 1663 nemur,
1902 1597 2314 1652 excusationem
2359 1597 2597 1652 fortasse
2646 1596 2894 1660 alIerant,
2930 1597 2976 1651 si
3011 1596 3210 1651 litteris

1630 1690 1920 1745 desimus:
1955 1698 2010 1745 et
2045 1689 2293 1760 quadam
2348 1689 2515 1744 veluti
2577 1688 2771 1744 sordes
2817 1703 2884 1744 ex
2943 1688 3199 1744 continu:

1632 1781 1873 1850 vulgaris
1895 1780 2168 1837 sermonis
2200 1797 2302 1836 usu
2321 1781 2433 1851 jam
2470 1787 2771 1835 contractae
2798 1795 2907 1834 non
2935 1779 3208 1835 immerito

1626 1871 1925 1942 deterrent,
1956 1874 2254 1945 quominus
2281 1888 2380 1928 vos
2402 1872 2676 1942 sophistas
2703 1871 3044 1941 alloquamur
3068 1888 3085 1940 ;
3112 1872 3205 1942 qui

1629 1967 1734 2022 nisi
1761 1967 2033 2037 sapientia
2061 1973 2248 2023 vestra
2277 1964 2503 2035 dignum
2535 1962 2742 2033 aliquid
2778 1962 3085 2028 audieritis,
3121 1962 3206 2018 ln-

1628 2055 2012 2127 dignabimini,
2041 2071 2144 2112 nec
2174 2054 2484 2127 perferetis.
2511 2052 2589 2110 Te
2609 2069 2739 2109 vero
2765 2062 2957 2109 contra
2981 2069 3203 2125 aequum

1627 2157 1710 2205 est
1758 2158 1905 2204 tuam
1946 2164 2138 2204 vocem
2185 2147 2255 2203 ad
2303 2161 2523 2203 omnem
2572 2147 2918 2202 occasionem
2964 2145 3208 2218 promul—

1628 2258 1777 2314 gare,
1819 2258 1946 2297 cum
1978 2244 2056 2298 sis
2084 2244 2322 2298 maxime
2347 2241 2594 2297 omnium
2628 2255 2769 2311 quos
2815 2240 2943 2295 novi
2986 2238 3205 2296 Greco-

1626 2342 1748 2381 rum
1774 2331 1841 2381 ad
1867 2326 2159 2382 dicendum
2185 2327 2416 2382 idoneus
2447 2343 2461 2381 :
2491 2324 2617 2379 novi
2642 2325 2810 2389 enim,
2836 2334 2898 2379 ut
2925 2332 3076 2395 puto,
3108 2323 3204 2395 qui

1628 2419 1772 2474 inter
1811 2434 1909 2473 vos
1955 2426 2087 2473 sunt
2115 2416 2458 2474 celeberrimi
2503 2436 2518 2472 :
2548 2431 2718 2487 quare
2748 2417 2898 2471 nulla
2924 2416 3205 2472 excusatio

1626 2511 1848 2564 tacenti.
1886 2510 2064 2579 Atque
2111 2508 2227 2563 haec
2266 2508 2486 2577 quidem
2528 2507 2816 2563 hactenus.
2856 2505 2978 2562 Misi
3021 2512 3203 2562 autem

1624 2614 1680 2656 et
1711 2601 1916 2671 scripta
1945 2601 2211 2656 adversus
2240 2598 2594 2665 Eunomium,
2626 2614 2747 2666 qua:
2776 2598 2995 2669 quidem
3019 2605 3201 2653 utrum

1626 2692 1780 2747 lusus
1827 2691 2060 2747 dicenda
2109 2692 2242 2757 sint,
2299 2707 2368 2746 an
2407 2690 2532 2747 lusu
2587 2691 2750 2761 paulo
2782 2690 3064 2760 graviora,
3102 2689 3203 2744 tibi

1625 2784 1729 2854 ipsi
1756 2785 2117 2856 judicandum
2140 2786 2424 2856 relinquo:
2448 2784 2542 2855 qui
2572 2785 2720 2855 quod
2746 2783 2941 2838 attinet
2978 2782 3203 2853 quidem

1624 2874 1692 2931 ad
1723 2883 1869 2929 tuam
1886 2874 2059 2944 ipsius
2085 2890 2396 2945 personam,
2420 2874 2528 2941 his,
2556 2874 2775 2945 opinor,
2810 2873 2923 2944 98
2949 2889 3056 2928 non
3091 2886 3203 2926 am-

1624 2964 1767 3040 plius
1792 2963 2014 3035 indiges
2060 2984 2073 3020 :
2122 2964 2219 3021 sed
2272 2966 2536 3022 adversus
2598 2980 2924 3037 perversos,
2960 2965 3016 3020 in
3062 2979 3204 3034 quos

1623 3055 1903 3119 incideris,
1929 3056 2093 3112 telum
2122 3057 2219 3110 tibi
2250 3072 2359 3111 non
2411 3056 2688 3111 infirmum
2734 3056 2977 3112 futurum
3003 3070 3202 3126 spero;

1622 3163 1732 3202 non
1762 3147 1910 3218 quod
1966 3149 2039 3203 ila
2086 3148 2317 3203 multum
2367 3148 2559 3219 scripti
2608 3149 2806 3204 robore
2841 3146 3202 3210 conﬁdamus.

1624 3242 1718 3297 sed
1749 3242 1896 3313 quod
1945 3243 2114 3315 probe
2159 3244 2401 3301 sciamus
2440 3244 2695 3300 idoneum
2740 3252 2793 3300 te
2843 3260 2985 3309 esse,
3013 3244 3107 3316 qui
3137 3258 3205 3299 ex

1626 3334 1821 3404 paucis
1852 3335 2191 3405 argumentis
2246 3334 2418 3389 multa
2462 3334 2734 3392 invenias.
2784 3334 2942 3401 Quod
2979 3334 3026 3390 si
3073 3334 3205 3406 quid

1627 3425 1726 3485 tibi
1756 3425 2048 3490 infirmius,
2068 3469 2072 3474 .
2092 3442 2257 3498 quam
2288 3443 2412 3482 esse
2452 3428 2761 3498 oportebat,
2787 3426 3083 3491 videbitur,
3118 3441 3207 3482 ro-

1625 3518 1890 3587 darguere
1942 3534 2010 3573 uc
2051 3519 2303 3590 pigreris.
2348 3517 2461 3574 Hoc
2510 3520 2653 3575 enim
2689 3520 3033 3590 potissimum
3068 3520 3207 3575 ami-

1625 3624 1724 3666 cus
1764 3611 1833 3665 ab
1867 3609 2148 3666 adulatore
2195 3610 2398 3675 dill'ert,
2435 3610 2583 3681 quod
2624 3610 2714 3665 hic
2745 3611 2964 3680 quidem
2998 3610 3067 3664 ad
3118 3610 3209 3665 de-

1622 3701 1970 3757 lectationem
2012 3701 2275 3773 loquitur,
2300 3701 2392 3759 ille
2422 3718 2552 3758 vero
2600 3717 2671 3759 ne
2709 3702 2941 3758 molesta
2984 3700 3205 3774 quidem

1660 3788 2007 3845 tmterrnittit.

2145 3926 2483 3986 EPISTOLA
2520 3928 2684 3986 XXI’.

48 4036 227 4087 um
245 4036 288 4087 in
308 4038 554 4103 superiore
575 4037 778 4109 epistola
807 4036 1048 4097 Leontius,
1075 4037 1207 4109 quod
1223 4052 1325 4109 non
1341 4040 1591 4109 scriberet,
1610 4039 1802 4109 videtur
1825 4041 1875 4093 in
1896 4042 2063 4109 ipsum
2074 4042 2323 4109 Basiliam
2342 4044 2530 4109 crimen
2553 4043 2926 4109 convertisse,“
2948 4043 3205 4101 Iulianum

233 4098 467 4153 accusem
490 4100 625 4167 quod
646 4100 832 4153 litteras
853 4113 969 4152 suas
985 4098 1420 4154 non'reddidisset.
1453 4098 1595 4155 Unde

398 4231 698 4327 ’Λεοντίῳ
723 4226 1017 4300 σοφιστῇ.

90 4338 223 4395 Ἕοικέ
265 4362 315 4398 τι
357 4348 457 4418 τῆς
500 4345 688 4417 κοινῆς
728 4344 1123 4411 καταστάσεως
1168 4346 1264 4401 καὶ
1322 4346 1403 4412 εἰς
1453 4347 1525 4402 τὰ

51 4426 175 4483 ἑαυτοῦ
195 4436 467 4508 πράγματα
515 4439 545 4491 ὁ
592 4437 827 4509 χρηστὸς
881 4437 1166 4503 Ἰουλιανὸς
1207 4439 1521 4494 ἀπολαύειν.

57 4520 299 4580 ’Ᾱπιιτείται
322 4530 427 4602 γάρ
453 4530 550 4584 καὶ
574 4531 757 4594 αὐτὸς,
786 4530 879 4584 καὶ
903 4513 1218 4600 ἐγκαλέἶται
1252 4530 1520 4604 σφοδρῶςν
1554 4519 1601 4578 D

51 4612 172 4687 ἐπειδὴ
194 4620 347 4675 πάντα
373 4622 467 4675 ιῦν
513 4623 935 4694 ἀπαιτουμένων
965 4623 1061 4677 κα)⁵
1108 4623 1523 4695 ἐγκαλουμένων

49 4703 167 4773 γέμει.
202 4711 330 4785 Πλὴν
368 4717 491 4770 ὅσον
536 4716 661 4787 οὐχὶ
708 4717 978 4787 εἰσφορῶν
1007 4716 1365 4788 ἐλλείμματα,
1408 4716 1523 4772 ἀλλ’

51 4795 281 4860 ἐπιπολῶν.
324 4808 513 4862 Καίτοι
570 4808 733 4862 πόθεν
777 4807 907 4878 (75)
966 4807 1113 4878 αὐτῷ
1161 4808 1522 4876 ἐλλέλειπται,

51 4886 193 4954 ἀγνοῶ·
212 4896 359 4952 εδωκε
388 4900 501 4973 γὰρ
531 4900 623 4955 ἀεὶ
650 4899 960 4972 ἐπιστολὴν,
993 4899 1095 4968 τὴν
1119 4899 1176 4953 δὲ
1199 4899 1520 4971 ἐκομίσατο’

52 4979 81 5029 ιε
116 4984 170 5055 μή
193 4987 236 5040 τί
274 5007 369 5044 που
401 4993 494 5046 καὶ
533 4992 684 5064 παρὰ
716 4992 797 5046 σοὶ
829 4995 863 5064 ή
910 4991 1343 5065 πολυθρύλλητος
1387 4994 1522 5066 αὐτὴ

98 5162 575 5247 (θδὶΣοεξιστῇηῘιο
605 5181 812 5242 septem
862 5188 994 5247 mss.
1040 5180 1103 5247 et_
1139 5172 1305 5227 editio
1346 5171 1525 5247 Hagaf

56 5242 222 5314 Musis.
266 5244 389 5297 Aliae
428 5244 697 5299 editiones
741 5243 1018 5313 σοφιστοῦ.
1064 5242 1201 5297 Cum
1244 5250 1422 5314 autem
1470 5242 1525 5297 in

57 5307 235 5363 minibus
259 5314 523 5369 codicibus
554 5330 688 5368 mss.
718 5324 772 5368 et
806 5307 967 5368 editis
999 5313 1209 5381 legatur
1234 5312 1265 5383 ἢ
1298 5313 1360 5365 τὸ
1391 5314 1527 5383 γρά-

58 5385 145 5449 φεινν
166 5394 259 5433 cum
285 5386 481 5451 quidem
513 5386 775 5452 negotium
806 5384 1008 5437 nullum
1040 5385 1111 5437 sit
1135 5384 1407 5451 sophistas,
1440 5384 1525 5437 ni-

58 5454 145 5525 με
173 5453 371 5516 scribat;
408 5456 542 5509 nihil
584 5456 837 5525 equidem
887 5455 940 5507 in
988 5463 1246 5525 contextu
1296 5453 1522 5525 mutavi.

144 5524 307 5586 talueu,
336 5528 455 5594 quia
484 5523 681 5595 pugnat
711 5525 823 5579 haec
853 5524 1122 5595 sententia
1150 5538 1273 5577 cum
1301 5523 1385 5578 his
1406 5539 1526 5595 quae

59 5590 297 5667 “ﬁguratur,
320 5589 709 5667 veLde'lendum
744 5595 875 5667 illud
900 5594 958 5666 ἦ,
983 5595 1067 5649 vel
1090 5589 1521 5667 scribenduniﬁ.

104 5654 183 5731 l69)
208 5654 544 5731 Id'zvxrdr:
575 5664 835 5731 Quamvis
868 5654 974 5720 non
1004 5666 1144 5719 male
1170 5665 1225 5718 in
1251 5664 1415 5719 editis
1444 5654 1524 5717 1:5-

63 5727 230 5805 ριιπτδ
250 5735 449 5804 πικρόν,
489 5727 727 5793 molestia
769 5736 1150 5805 occupationis.
1190 5733 1524 5805 praeferenda

65 5790 186 5855 me“
204 5790 382 5875 sePierii
406 5790 661 5863 codicum
678 5790 817 5874 mss.
842 5790 1530 5881 etieditionis'ﬂaganoen-

1612 4101 1926 4167 perurbaue'
1947 4105 2162 4157 Basilius
2192 4114 2238 4158 et
2258 4120 2311 4158 se
2333 4113 2379 4158 et
2400 4105 2658 4157 lulianum
2680 4101 2913 4171 defendit.

2151 4232 2372 4289 Leontio
2403 4234 2674 4303 sophistae.

1700 4345 1932 4403 Videtur
1963 4346 2173 4419 aliquid
2201 4362 2271 4403 ex
2289 4347 2568 4403 communi
2602 4362 2787 4402 rerum
2817 4353 2965 4403 statu
2992 4347 3048 4402 in
3081 4362 3208 4418 pro-

1629 4440 1768 4512 priis
1814 4439 1932 4497 suis
1977 4439 2159 4496 bonus
2209 4436 2461 4495 Julianus
2519 4439 2817 4510 percipere.
2883 4439 3207 4510 Reposcitur

1626 4530 1774 4585 enim
1820 4537 1874 4586 et
1914 4530 2164 4602 ipsepet
2213 4538 2508 4586 accusatur
2558 4530 2939 4591 vehementer,
2986 4530 3206 4600 quando

1624 4622 1844 4695 quidem
1871 4637 2018 4681 nunc
2061 4622 2246 4678 omnia
2272 4623 2340 4679 iis
2361 4664 2377 4690 ,
2407 4639 2438 4676 a
2467 4623 2670 4692 quibus
2699 4622 2936 4693 exigitur
2957 4662 2975 4686 ,
3003 4621 3205 4693 quiquo

1626 4726 1994 4780 accusantur,
2046 4714 2379 4771 redundant.
2441 4712 2561 4769 Non
2622 4722 2806 4769 tamen
2875 4713 3205 4768 tributorum

1626 4808 1932 4864 debitiones
1967 4816 2117 4872 sunt,
2146 4807 2246 4863 sed
2274 4807 2655 4877 epistolarum.
2690 4804 3038 4877 Quanquam,
3066 4820 3204 4876 quo-

1627 4899 1790 4954 modo
1819 4897 2036 4954 debitor
2077 4899 2185 4964 sit,
2224 4898 2439 4970 ignoro.
2478 4895 2705 4968 Semper
2735 4896 2880 4952 enim
2916 4895 3201 4966 epistolam

1626 4992 1798 5056 dedit,
1824 4999 1989 5064 atque
2011 4986 2155 5047 hanc
2182 4991 2398 5063 detulit.
2423 4988 2541 5045 Nisi
2573 4990 2709 5045 forte
2733 4996 2789 5045 et
2814 4989 2956 5059 apud
2982 4999 3035 5043 te
3057 4988 3205 5043 cele-

1629 5169 1707 5224 sis
1739 5169 2039 5236 scriptura,
2067 5180 2229 5234 quam
2263 5181 2316 5218 in
2352 5171 2668 5236 contextum
2694 5160 3040 5236 indusimus.

1700 5237 1811 5308 ('70)
1840 5229 2497 5308 Karaxoﬁsi’gusfnlleln.
2544 5233 2650 5287 Pro
2665 5233 2777 5308 _liis
2816 5230 3044 5308 vocibus
3074 5229 3205 5308 legi-

1627 5298 1718 5363 tur
1745 5298 2053 5381 κίιτακορίᾳ
2071 5298 2137 5360 in
2166 5298 2346 5359 Coisl.
2374 5298 2626 5375 utroque,
2665 5301 2785 5356 Vat.
2813 5309 2867 5356 et
2901 5298 3070 5371 Regio
3091 5301 3204 5371 pri-

1629 5395 1810 5532 ωἷῂ)
1847 5451 1959 5532 Ὦς.
1978 5448 2129 5515 πρὸς
2142 5443 2722 5532 μένῆίξιοξῇκρνίιηιιε
2755 5440 3049 5532 δσονηπρὸς
3081 5440 3202 5524 μέν.

1700 5510 1832 5592 (Ἠ)
1858 5510 2050 5592 Tot)qu
2265 5512 2445 5592 Editio
2494 5510 2820 5592 Parisiensis
2889 5510 2979 5564 Ἐν
3023 5510 3200 5592 τούτῳ

1627 5584 1756 5662 γάρ.
1796 5584 1907 5644 Sed
1952 5584 2263 5662 praepositio
2301 5585 2457 5640 deest
2493 5584 2546 5639 in
2578 5584 2819 5656 quinque
2850 5596 2984 5639 mss.
3026 5589 3080 5637 et
3110 5598 3203 5637 ve-

1630 5660 1793 5716 tustis
1823 5660 2173 5716 editiuuibus.

1701 5732 1812 5800 (725i
1857 5731 2057 5783 Καίτοι
2080 5730 2290 5800 πόθεν.
2323 5724 2413 5800 Sjc
2439 5741 2573 5800 mss.
2618 5720 2893 5800 Editigcal
2920 5723 2982 5780 τὸ
3015 5721 3201 5778 πόθεν.

1703 5792 1722 5824 δ
1760 5802 1912 5857 Alias
1942 5798 2305 5856 CCCLXXHI.
2338 5796 2550 5868 Scripta
2580 5809 2722 5850 anno
2749 5792 2871 5850 565.
