3788 6508
75 441 224 508 κείρας
248 430 640 499 τὸνάδικὸὖντα,
673 434 734 488 οὐ
779 432 884 506 μὴν
919 436 977 488 ἐν
1015 434 1179 489 πάθει
1227 433 1331 505 τῆς
1359 432 1551 493 ἑαυτοῦ
1581 438 1625 494 Δ

73 530 340 600 ιιδικήσεως,
366 525 475 580 ἀλλ’
504 527 567 578 ἐν
598 525 861 598 ἐπιθυμίᾳ
891 524 994 595 τῆς
1024 524 1118 578 τοῦ
1148 523 1376 594 ἁδελφοῦ
1403 523 1548 598 διορο

71 622 246 683 θύσεως,
268 619 393 673 κατὰ
421 617 520 689 τὴν
559 616 779 687 ἐντολὴν
805 616 901 670 τοῦ
942 618 1173 689 Κυρίου.
1201 617 1323 671 Ὅτι
1366 618 1426 670 οὐ
1470 616 1551 670 δεῖ

73 713 168 767 κατὰ
198 710 395 773 ἀπόντος
434 707 662 777 ἀδελφοῦ
696 708 875 777 λέγειν
913 726 966 762 τι
1000 708 1187 780 σκοπῷ
1206 706 1303 762 τοῦ
1331 707 1550 762 διαϐάλ-

70 804 145 857 λειν
169 802 314 864 αὐτὸν,
354 800 486 870 ὅπερ
530 800 649 863 ἐστὶ
680 798 1008 865 καταλαλιὰ,
1051 798 1156 852 κᾶν
1185 798 1359 870 ἀληθῆ
1479 797 1550 852 τὰ

70 893 278 964 λεγόμενα.
302 892 414 945 Ὀτι
442 890 524 944 δεῖ
563 890 657 944 τὸν
682 891 1087 944 καταλαλοῦντα
1131 890 1365 960 ἀδελφοῦ
1414 892 1547 945 ἀπο-

70 984 331 1056 στρέφεσθαι.
358 984 477 1036 Ὅτι
510 983 573 1036 οὐ
602 983 682 1036 δεῖ
707 982 1017 1055 εὐτράπελα
1043 982 1397 1052 φθέγγεσθαι.
1425 983 1547 1036 Ὅτι

66 1078 110 1131 οὐ
129 1075 362 1147 δεῖγελᾲν,
393 1073 512 1127 οὐδὲ
545 1073 875 1141 γελοιαστῶν
904 1072 1213 1142 ἀνέχεσθαι.
1238 1073 1362 1126 Ὅτι
1391 1072 1453 1126 οὐ
1469 1071 1549 1125 δεῖ

66 1168 317 1238 ἀργολογεῖν,
347 1163 608 1219 λαλοῦντά
634 1182 710 1229 τι,
737 1165 767 1218 ὃ
794 1166 931 1238 μήτε
975 1163 1113 1235 πρὸς
1142 1163 1413 1234 ὠφέλειαν
1436 1163 1547 1218 τῶν

66 1261 290 1314 hauriam»)
344 1257 455 1310 ἐστὶ
479 1296 495 1321 ,
555 1262 695 1328 μήτε
747 1255 884 1326 πρὸς
939 1256 1039 1328 τὴν
1091 1255 1396 1325 ἀναγκαίαν
1441 1256 1546 1309 ’καὶ

67 1349 468 1422 συγκεχωρταιὲνην
514 1349 651 1419 ἡμῖν
692 1348 798 1401 ὑπὸ
829 1346 940 1418 (80)
991 1347 1085 1401 τοῦ
1133 1347 1268 1401 Θεοῦ
1317 1347 1542 1418 χρείαψ

64 1439 158 1492 ὥστε
186 1439 262 1491 καὶ
297 1439 415 1500 τοὺς
444 1436 852 1509 ἐργαζομένους
894 1437 1234 1501 σπουδάζειν,
1272 1437 1395 1490 καθ’
1423 1437 1545 1489 ὅσον

64 1536 233 1598 amt-1,
265 1533 388 1604 μετὰ
424 1534 660 1604 ἡσυχίας
710 1532 1076 1604 ἐργάζεσθαιο
1125 1533 1222 1587 καὶ
1259 1532 1458 1595 αὐτοὺς
1485 1529 1543 1584 δὲ

64 1629 148 1690 τώς
183 1626 384 1696 ἀγαθοὺς
429 1626 625 1694 λόγους
680 1626 818 1699 πρὸς
866 1624 1107 1688 ἐκείνους
1159 1627 1365 1686 κινεῖν,
1417 1622 1543 1685 τοὺς

68 1719 430 1789 ππιπευμένους
466 1719 607 1788 μετά
633 1715 957 1788 δοκιμασίας
982 1717 1288 1786 οἰκονομεῖν
1332 1714 1423 1769 τὸν
1451 1713 1542 1767 λό-

65 1812 243 1879 mago;
266 1811 537 1883 οἰκοδομὴν
569 1812 670 1881 τῆς
699 1812 955 1873 πίστεως,
979 1809 1066 1862 ἴνα
1109 1809 1183 1879 μὴ
1212 1807 1451 1877 λυπῆται
1483 1805 1544 1859 τὸ
1576 1799 1616 1853 Β

68 1900 218 1970 Πνεῦμα
238 1900 289 1953 τὸ
317 1901 462 1969 ᾶγιον
496 1901 593 1954 τοῦ
613 1900 771 1954 Θεοῦ.
805 1900 925 1953 Ὅτι
954 1900 1015 1952 οὐ
1035 1899 1118 1952 δεῖ
1144 1898 1252 1952 τῶν
1289 1900 1544 1970 ὲπεισερ-

66 1992 233 2062 χιμένων
261 1992 370 2045 τινὰ
420 1994 507 2045 ἐπ’
555 1992 807 2058 ἐξουσίας
856 1991 1094 2060 ἐγγίζειν
1140 1991 1249 2061 (81)
1296 1991 1330 2062 ἢ
1366 1990 1546 2044 λαλεῖν

66 2101 133 2135 τινι
160 2084 243 2137 τῶν
278 2084 545 2153 ἀδελφῶν,
598 2084 732 2156 πρὶν
775 2082 842 2138 ἂν
887 2085 937 2136 οἱ
978 2082 1397 2153 ἐπιτεταγμένοι
1444 2084 1546 2155 τὴν

65 2178 242 2246 omnia:
278 2178 366 2247 τῆς
417 2180 476 2231 ἐν
522 2179 694 2231 πᾶσιν
743 2174 998 2241 εὐταξίας
1043 2175 1380 2246 δοκιμάσωσι
1427 2172 1546 2240 πῶς

64 2268 220 2339 ἀρέσκει
246 2267 350 2340 Θεῷ
392 2268 528 2339 πρὸς
567 2269 632 2323 τδ
670 2272 823 2341 κοινῇ
868 2269 1167 2341 συμφέρον.
1194 2270 1316 2323 Ὀτι
1362 2269 1424 2322 οὐ
1468 2268 1547 2321 δεῖ

65 2361 513 2429 ώαρδεδουλιῖισθαι·
552 2360 680 2416 οὔτε
716 2363 844 2433 περὶ
876 2362 1014 2436 κρέα
1056 2361 1321 2433 ἐμπαθῶς
1361 2362 1504 2435 ἔχειν
1526 2377 1541 2393 ο

66 2452 220 2505 καθόλου
243 2454 356 2526 περὶ
380 2454 532 2507 οὐδὲν
579 2453 780 2525 βρῶμα
819 2455 852 2524 ἦ
886 2455 1035 2524 πόμα
1068 2453 1344 2525 φιλήδονον
1376 2449 1541 2506 εἷναι·

64 2543 177 2615 ὁγὰρ
201 2545 571 2617 ἀγωνιζόμενος
607 2546 785 2599 πάντα
828 2544 1244 2619 ἐγκρατεύεται.
1287 2545 1410 2598 Ὀτι
1438 2543 1545 2599 τῶν

64 2633 270 2703 διδομένων
306 2637 515 2709 ἑκάστῳ
557 2639 643 2701 είς
696 2638 894 2709 χρῆσιν
933 2635 1083 2689 οὐδὲν
1113 2634 1189 2700 ὡς
1231 2636 1361 2690 ἴδιον
1402 2635 1545 2708 ἔχειν

923 309 1408 374 ειηετοωιιιτιι
1434 314 1732 374 'CLASSIS
1766 317 1810 374 1.
1837 317 2069 378 EPIST.
2106 319 2277 381 XXII.

3120 323 3230 382 290

1654 442 1770 490 tum
1794 433 2031 491 Domini.
2054 434 2173 491 Non
2202 430 2416 508 oportet
2440 434 2495 491 in
2517 404 2798 493 absentem
2828 435 3051 494 fratrem
3073 439 3230 509 quid—

1654 538 1819 595 quam
1850 526 2065 590 dicere,
2100 526 2248 581 illius
2277 527 2596 582 traducendi
2625 528 2859 584 consilio
2880 567 2896 591 ,
2924 527 3068 599 quod
3100 532 3227 601 qui-

1654 616 1774 672 dem
1800 617 2127 673 obtrectatio
2150 628 2254 683 est,
2278 619 2491 673 etiamsi
2513 634 2639 673 vera
2660 621 2782 675 'sint
2804 635 2925 691 qua
2942 620 3223 677 dicuntur.

1652 707 1908 764 Aversari
1954 708 2021 765 de
2070 709 2238 764 fratre
2276 709 2653 765 detrahentem
2694 721 2928 782 oportet.
2961 711 3226 769 Scurrilia

1652 814 1763 854 non
1795 799 2138 871 proferenda.
2173 799 2292 855 Non
2326 801 2636 861 ridendum,
2664 818 2766 858 nec
2796 803 3103 873 perferendi
3134 804 3225 861 di-

1650 904 1833 947 caces.
1866 890 1986 947 Non
2019 891 2347 962 loquendum
2377 891 2583 954 otiose,
2622 892 2830 962 aliquid
2862 894 3221 964 proferendo,

1651 982 1798 1053 quod
1824 999 1926 1039 nec
1964 984 2030 1039 ad
2085 985 2378 1039 utilitatem
2422 984 2754 1040 audientium
2791 988 3079 1055 pertineat.
3121 1001 3224 1043 nec

1651 1071 1720 1127 ad
1753 1075 2121 1129 necessarium
2170 1083 2223 1129 et
2261 1089 2582 1147 concessum
2623 1075 2781 1131 nobis
2809 1090 2842 1129 a
2886 1075 2997 1132 Deo
3024 1093 3179 1134 usum
3202 1095 3220 1132 :

1651 1164 1788 1220 adeo
1822 1174 1880 1220 ut
1916 1173 1971 1219 et
2005 1166 2315 1222 laborantes
2349 1167 2640 1230 studeant,
2673 1174 2938 1237 quantum
2971 1169 3086 1225 fieri
3118 1184 3221 1241 po-

1650 1263 1777 1321 test,
1804 1257 2022 1313 silentio
2050 1259 2328 1326 laborare;
2359 1260 2533 1315 bonos
2568 1267 2745 1315 autem
2772 1257 2917 1331 ipso's
2942 1277 3225 1318 sermones

1651 1348 1718 1404 iis
1758 1359 2100 1418 proponant,
2157 1352 2358 1421 quibus
2400 1353 2754 1408 commissum
2803 1362 2884 1409 est
2929 1355 3226 1424 prudenter

1649 1439 1970 1509 dispensare
2002 1455 2310 1495 sermonem
2355 1442 2422 1496 ad
2472 1442 2889 1499 aedificationem
2938 1443 3106 1512 fidei;
3152 1460 3226 1502 ne

1650 1540 1877 1587 sanctus
1901 1532 1993 1588 Dei
2024 1531 2261 1603 Spiritus
2284 1532 2550 1589 adiciatur
2578 1536 2826 1592 tristitia.
2859 1535 2975 1591 Non
3006 1547 3225 1608 oportet

1649 1632 1709 1678 ut
1739 1626 2030 1695 quisquam
2055 1640 2121 1679 ex
2154 1627 2670 1695 supervenientibus
2704 1628 2874 1684 libere
2902 1630 3128 1685 accedat
3151 1630 3224 1687 ad

1649 1713 1878 1770 fratrum
1902 1716 2139 1785 aliquem
2174 1724 2267 1770 aut
2295 1718 2661 1789 colloquatur,
2712 1727 3004 1790 antequam
3038 1721 3076 1776 ii
3102 1723 3223 1793 qui-

1646 1807 1748 1863 bus
1769 1822 1900 1862 cura
1929 1808 2232 1878 disciplinae
2254 1809 2308 1863 in
2337 1811 2592 1867 omnibus
2615 1811 2897 1867 servandae
2926 1815 3223 1870 commissa

1645 1905 1728 1954 est
1752 1940 1768 1965 ,
1795 1899 2154 1969 expenderint
2191 1916 2262 1955 an
2296 1900 2370 1955 ita
2402 1903 2612 1971 placeat
2645 1902 2756 1958 Deo
2780 1943 2795 1966 ,
2832 1913 2890 1958 ut
2927 1905 3049 1960 aliis
3089 1919 3219 1976 pro-

1645 1989 1806 2047 desse
1849 1993 2044 2061 possit.
2088 1991 2207 2047 Non
2247 2001 2464 2063 oportet
2512 1994 2639 2049 vino
2692 1995 2958 2051 inservire
2983 2035 2999 2059 ,
3043 2013 3223 2068 neque

1643 2083 1829 2137 carnis
1871 2085 2044 2139 teneri
2087 2085 2361 2141 desiderio
2386 2126 2401 2149 ,
2435 2101 2537 2142 nec
2571 2087 2684 2140 ullo
2728 2103 2957 2158 prorsus
3006 2089 3060 2142 in
3096 2089 3226 2148 cibo

1645 2182 1739 2228 aut
1774 2183 1905 2245 potu
1933 2176 2265 2246 voluptatem
2298 2194 2579 2249 quaerere;
2609 2195 2733 2232 nam
2759 2181 2851 2249 qni
2883 2190 3079 2243 certat,
3102 2197 3221 2236 ser-

1645 2272 1735 2321 vat
1782 2268 2197 2336 temperantiam
2254 2269 2307 2323 in
2349 2270 2626 2325 omnibus.
2670 2270 2814 2324 Mhi!
2864 2287 3052 2326 eorum
3097 2288 3221 2344 qua:

1644 2354 1847 2410 utenda
1875 2356 2170 2426 unicuique
2196 2357 2510 2423 traduntur,
2540 2367 2756 2430 Oportet
2785 2360 2984 2416 habere
3008 2370 3066 2415 ut
3092 2376 3217 2431 pro-

1643 2446 1861 2517 prium,
1894 2456 1990 2501 aut
2020 2463 2340 2515 reservare;
2377 2450 2471 2505 sed
2516 2459 2695 2504 tamen
2736 2449 2880 2521 quod
2914 2461 3123 2521 spectat
3148 2453 3219 2507 ad

1644 2551 1832 2591 curant
1863 2548 1916 2593 et
1942 2539 2397 2605 sollicitudinem,
2425 2542 2711 2605 omnibus,
2745 2553 2801 2599 ut
2834 2544 2900 2598 ad
2932 2543 3219 2599 Dominum

1644 2629 2076 2700 pertinentibus,
2111 2632 2515 2697 attendentem‘,
2552 2634 2686 2689 nihil
2716 2650 2905 2690 eorum
2940 2652 3061 2707 quae
3092 2651 3222 2708 pro-

63 2724 165 2795 teli,
189 2728 510 2798 ταμιεύεσθαι
532 2745 549 2759 ⁸
583 2733 644 2783 ἐν
680 2729 864 2799 μέντοι
903 2731 969 2800 τῇ
1010 2728 1251 2801 φροντίδι
1282 2730 1446 2783 πᾶσιν
1469 2728 1546 2793 ὼς

1657 2720 1784 2784 {ecta
1810 2730 1904 2776 aut
1930 2723 2176 2794 neglecta
2210 2733 2372 2788 sunt,
2405 2725 2452 2780 si
2483 2726 2555 2780 ita
2593 2726 2888 2791 acciderit,
2917 2730 3216 2798 pra’tcrire.

62 2815 311 2884 ῖειποπικοῖς
326 2821 677 2893 προσέχοντα,
704 2821 870 2893 μηδὲν
888 2820 996 2873 τῶν
1014 2820 1546 2893 παραρῤιπτομένων

64 2908 86 2978 ἦ
106 2910 436 2982 ἀμελουμένων,
471 2914 538 2966 ἂν
569 2911 716 2966 οὕτω
736 2911 898 2985 τύχῃ,
922 2914 1192 2983 παρορᾷν.
1210 2912 1333 2964 Ὀτι
1356 2912 1418 2963 οὐ
1442 2910 1544 2980 δεῖ,

64 2998 144 3051 οὗτε
167 3002 296 3055 αὑτὸν
341 3004 532 3058 ἐαυτοῦ
568 3003 758 3075 κύριον
794 2999 934 3058 εἷναί
984 3020 1106 3057 τινα
1127 3046 1140 3064 ,
1171 3003 1288 3058 ἀλλ’
1326 3003 1408 3067 ὡς
1439 3002 1545 3058 ὑπὸ

65 3091 153 3145 θεοῦ
193 3097 597 3169 παραδεδομένον
660 3100 742 3161 είς
795 3096 1036 3150 δουλείαν
1087 3098 1202 3159 τοῖς
1250 3095 1543 3167 ὁμοψύχοις

65 3183 255 3254 ἀδελφοῖς,
284 3188 415 3243 οὕτω
450 3190 549 3245 καὶ
577 3191 801 3261 φρονεῖν
831 3188 1012 3244 πάντα
1044 3188 1139 3242 καὶ
1182 3191 1378 3252 ποιεῖν,
1410 3186 1542 3240 ἐκα-

62 3289 145 3329 πον
167 3278 208 3330 δὲ
231 3280 277 3331 ἐν
305 3278 376 3350 τῷ
400 3280 516 3352 ἰδίῳ
542 3281 809 3350 τάγματι.

106 3367 143 3422 2.
172 3370 269 3424 Ὅτι
300 3373 357 3426 οὐ
384 3374 464 3427 δεῖ
486 3372 803 3443 γογγύζειν,
838 3370 965 3425 οὔτε
1007 3373 1066 3426 ἐν
1111 3375 1181 3444 τῇ
1216 3370 1545 3443 στενοχωρίᾳ

66 3459 134 3514 τευ
176 3465 285 3536 πρὸς
320 3466 413 3538 τὴν
467 3467 699 3540 χρείαν,
751 3465 877 3519 οὔτε
923 3466 981 3519 ἐν
1023 3462 1103 3536 τῷ
1158 3464 1391 3534 καμάτῳ
1438 3462 1545 3515 τῶν

66 3549 196 3619 ἔργων,
223 3556 431 3625 ἐχόντων
467 3557 530 3610 τὺ
565 3559 741 3629 κρῖμα
773 3557 903 3627 περὶ
949 3555 1180 3619 ἑκάστου
1216 3553 1326 3607 τῶν
1365 3556 1546 3612 ἐπιτε-

69 3642 267 3711 τπτμένων
299 3645 400 3719 (82)
448 3648 550 3719 τὴν
607 3646 813 3701 τούτων
861 3644 1133 3711 ἐξουσίαν.
1181 3646 1306 3713 Ὀτι
1359 3647 1419 3700 οὐ
1464 3646 1545 3699 δεῖ

32 3762 33 3765 η
65 3733 238 3805 ιραυγὴν
259 3735 509 3803 γίνεσθαι,
559 3736 687 3791 οὗτε
724 3736 855 3792 ἄλλο
892 3754 946 3790 τι
990 3738 1205 3808 σχῆμα,
1242 3738 1275 3809 ἢ
1315 3735 1541 3807 κίνημα,

68 3819 103 3869 ἰν
124 3816 154 3889 ᾧ
172 3829 597 3901 χαρακτηρίζεται
622 3828 813 3900 θυμὸς,
849 3829 883 3900 ἦ
921 3829 1293 3902 μετεωρισμδς
1321 3830 1427 3883 ἀπὸ
1449 3830 1546 3901 τῆς

67 3911 343 3987 πληροφορίας
361 3921 449 3974 τοῦ
480 3924 740 3991 παρεῖναι
766 3920 857 3974 τὸν
877 3920 1031 3976 Θεόν.
1052 3921 1168 3974 Ὅτι
1193 3921 1274 3975 δεῖ
1293 3924 1359 3994 τῇ
1384 3922 1545 3994 χρεία

70 4012 310 4077 σνιιμετρεῖν
330 4012 424 4085 τὴν
454 4014 661 4083 φωνήν.
690 4013 811 4067 Ὀτι
836 4013 898 4066 οὐ
931 4012 1013 4067 δεῖ
1044 4011 1288 4086 θρασέως
1313 4014 1347 4085 ἢ
1377 4031 1545 4067 κατα-

68 4102 323 4167 ςρονητυιῶς
349 4120 452 4158 τινι
494 4104 914 4177 ἀποκρίνεσθαι,
946 4104 981 4172 ἢ
1024 4107 1198 4158 ποιεῖν
1223 4122 1297 4170 τι,
1334 4104 1452 4159 ἀλλ’
1487 4107 1545 4157 ἐν

69 4188 153 4240 =52:
185 4192 233 4245 νδ
279 4196 507 4262 ἐπιεικὲς
549 4198 647 4251 καὶ
694 4196 759 4251 τὸ
807 4195 1097 4269 τιμητικὸν
1142 4195 1281 4268 πρὸς
1337 4197 1545 4261 πάντας

68 4275 268 4339 άιτνόειν.
291 4287 404 4341 Ὅτι
432 4290 494 4342 οὐ
528 4289 613 4342 δεῖ
637 4288 875 4343 ἐννεύειν
906 4287 1172 4360 ὀφθαλμῷ
1200 4288 1340 4359 μετὰ
1370 4288 1543 4352 δόλου,

67 4366 207 4445 “31:9
231 4380 321 4432 τινὶ
351 4384 587 4453 σχήματι
621 4381 655 4453 ἢ
689 4381 954 4452 κινήματι
978 4380 1176 4451 μέλους
1221 4379 1542 4450 κεχρῆσθαι,

69 4460 215 4557 bimi
235 4471 313 4525 τὸν
339 4474 587 4544 ἀδελφὸν,
613 4473 648 4546 ἢ
678 4472 1086 4544 καταφρόνησιν
1111 4473 1388 4543 ἐμφαίνει.
1418 4471 1542 4525 ’Ότι
1574 4502 1619 4557 D

73 4554 184 4611 ἡδεῖ
214 4564 623 4631 καλλωπίζεσθαι
668 4558 728 4618 ἐν
782 4564 1021 4637 ἱματίοις
1072 4565 1105 4636 ἢ
1154 4564 1535 4637 ὑποδήμασιν,

69 4645 156 4721 δπρ
176 4655 267 4709 ἐστὶ
308 4659 619 4732 περπερεία.
654 4658 777 4712 Ὅτι
815 4658 899 4711 δεῖ
943 4657 1188 4711 εὐτελέσι
1237 4655 1540 4729 κεχρῆσθαι

69 4743 140 4804 τοῖς
158 4748 263 4817 πρὸς
284 4749 371 4821 τὴν
399 4753 588 4825 χρείαν
613 4750 709 4805 τοῦ
746 4749 1019 4822 σώματος.
1045 4750 1166 4803 ὐτι
1199 4750 1261 4802 οὐ
1295 4749 1376 4803 δεῖ
1398 4749 1540 4821 ὑπὲρ

70 4832 132 4901 τὴν
165 4840 316 4907 χρείαν
358 4844 615 4913 καὶπρὸς
665 4841 944 4912 δαψίλειαν
986 4838 1298 4895 ἀναλίσκειν
1346 4839 1537 4905 οὐδὲν,

69 4923 158 4999 δερ
176 4933 265 4986 ἐστὶ
293 4937 648 5010 παράχρησις.
675 4936 799 4988 Ὅτι
824 4935 887 4989 οὐ
926 4933 1009 4987 δεῖ
1036 4932 1202 5004 τιμὴν
1235 4933 1537 5006 ἐπιζητεῖν,

72 5013 325 5089 Munium
362 5026 772 5083 ἀντιποιεῖσθαι.
805 5026 928 5080 Ὀτι
960 5025 1042 5080 δεῖ
1088 5026 1322 5080 ἕκαστον
1350 5040 1541 5096 προτι-

76 5110 141 5178 Hb
164 5115 318 5173 ἑαυτοῦ
354 5123 574 5187 πάντας.
605 5123 729 5175 Ὀτι
760 5119 822 5173 οὐ
862 5118 943 5172 δεῖ
972 5116 1345 5173 ἀνυπότακτον
1375 5112 1539 5173 εἶναι.

77 5196 153 5254 Ὅτι
170 5207 216 5259 οὐ
234 5209 300 5264 δεῖ
321 5213 479 5286 ἀργδν
510 5214 711 5269 ἐσθίειν
744 5213 836 5266 τὸν
867 5210 1195 5310 ἐργάζεσθαι
1220 5209 1537 5281 δυνάμενον,

1568 3146 1613 3205 C

122 5404 206 5483 ιω),
233 5412 379 5483 Ἡμῖν
400 5420 535 5473 ὑπό.
580 5416 674 5473 nae
702 5416 826 5471 duae
852 5399 1015 5472 voces
1040 5413 1241 5469 addita:
1273 5404 1535 5472 ex'Cuisl.

76 5481 239 5565 Ergsile
254 5481 299 5538 et
317 5504 416 5544 uno
433 5505 497 5544 ex
519 5488 723 5561 Regiis.
761 5486 876 5542 Duo
896 5485 1142 5542 Combef.
1183 5484 1384 5565 habent
1407 5488 1539 5557 ἡμῖν

227 5623 498 5700 [ἳππων.
527 5629 762 5685 Additur
784 5628 934 5700 ἐχειν
961 5626 1260 5700 induobus
1282 5624 1533 5682 Combef.

77 5686 255 5768 {0954.
284 5686 500 5754 secundo
538 5708 593 5756 et
632 5715 743 5754 uno
785 5686 854 5754 οἳ
900 5697 1106 5768 Regiis.
1154 5696 1262 5752 Sed
1303 5712 1367 5752 ea
1410 5711 1517 5752 vox

80 5763 149 5808 Ion
166 5758 321 5833 legitur
359 5769 411 5823 in
437 5770 833 5829 antiquissimis
872 5758 1179 5832 codicibus,
1210 5781 1310 5823 nec
1340 5780 1531 5823 neces-

1645 2810 1765 2867 Non
1814 2822 2030 2883 oportet
2073 2831 2402 2887 quemquam
2465 2817 2549 2873 vel
2618 2820 2881 2890 suiipsius
2932 2820 3219 2874 dominum

1644 2918 1787 2969 esse,
1826 2906 1923 2960 sed
1958 2907 2105 2963 velut
2147 2923 2179 2963 a
2229 2906 2339 2963 Deo
2367 2908 2626 2964 traditum
2660 2911 2715 2966 in
2744 2913 3060 2967 servitutem
3103 2911 3210 2967 fra-

1642 2995 1822 3050 tribus
1870 2997 2180 3063 unanimis,
2222 2999 2298 3054 ita
2339 3006 2393 3054 et
2436 3000 2641 3056 sentire
2674 3003 2859 3057 omnia
2906 3011 2960 3058 et
3006 3001 3215 3071 facere;

1645 3100 2092 3158 unumquemque
2120 3098 2304 3145 tamen
2339 3090 2395 3145 in
2426 3107 2527 3146 suo
2550 3092 2764 3147 ordine.

1712 3355 1769 3409 ‘2.
1797 3353 1915 3410 Non
1944 3363 2161 3426 oportet
2184 3371 2563 3423 murmurare,
2595 3372 2696 3412 nec
2731 3356 2785 3411 in
2813 3372 2994 3413 rerum
3022 3374 3218 3415 neces-

1645 3449 1916 3503 sariarum
1951 3447 2240 3518 angustiis,
2274 3463 2375 3503 nec
2403 3449 2457 3503 in
2489 3464 2712 3517 operum
2738 3449 2942 3514 labore,
2974 3452 3222 3521 quando-

1643 3540 1864 3610 quidem
1906 3542 2333 3610 unumquodque
2369 3541 2563 3609 judicii
2612 3551 2697 3598 est
2742 3557 2932 3596 eorum
2958 3583 2972 3607 ,
3018 3545 3220 3615 quibus

1644 3635 1936 3689 commissa
1972 3648 2155 3687 rerum
2188 3634 2403 3688 illarum
2435 3641 2698 3704 potestas.
2728 3632 2839 3689 Nec
2868 3633 3078 3688 clamor
3102 3634 3219 3691 fieri

1644 3727 1832 3787 debet,
1866 3741 1969 3781 nec
1992 3727 2198 3797 quaeris
2230 3728 2335 3781 alia
2367 3727 2579 3796 species
2604 3768 2620 3792 ,
2659 3734 2753 3781 aut
2801 3734 2986 3782 motus
3014 3742 3079 3783 ex
3108 3739 3221 3797 quo

1646 3818 1984 3890 significetur
2015 3818 2328 3883 iracundia,
2372 3828 2465 3873 aut
2497 3818 2662 3873 animi
2697 3818 2970 3873 aberratio
3001 3817 3068 3873 ab
3115 3819 3221 3874 hac

1646 3912 2022 3984 persuasione,
2049 3910 2216 3967 Deum
2239 3927 2364 3968 esse
2387 3920 2730 3982 praesentem.
2764 3911 2993 3984 Oportet
3025 3927 3218 3968 vocem

1645 4020 1747 4060 usu
1782 4005 1986 4061 metiri.
2017 4003 2134 4060 Non
2162 4014 2379 4075 oportet
2405 4005 2713 4074 petulanter
2735 4011 2830 4059 aut
2862 4005 3218 4075 contemptim

1645 4098 1899 4168 cuiquam
1936 4096 2301 4167 respondere,
2329 4105 2423 4150 aut
2452 4096 2749 4167 quidquam
2787 4096 3001 4161 facere,
3035 4096 3130 4153 sed
3164 4096 3221 4151 in

1644 4191 1902 4247 omnibus
1933 4190 2256 4245 modestiam
2290 4197 2454 4261 atque
2482 4190 2842 4244 reverentiam
2876 4205 3003 4261 erga
3027 4203 3224 4247 omne:

1644 4285 1956 4342 ostendere.
1987 4281 2107 4337 Non
2159 4283 2334 4337 oculis
2383 4282 2722 4337 innuendnm
2770 4292 2855 4337 est
2902 4297 3027 4337 cum
3061 4282 3221 4350 dolo;

1645 4393 1747 4434 nec
1804 4376 1909 4431 alia
1958 4374 2214 4447 quaelibet
2262 4377 2475 4444 species
2535 4375 2693 4447 100
2743 4376 3084 4440 adhibenda,
3126 4385 3223 4433 aut

1646 4469 1875 4526 membri
1906 4480 2086 4524 motus
2113 4467 2207 4539 qui
2241 4466 2395 4521 fratri
2430 4465 2623 4523 afferat
2650 4469 2930 4523 tristitiam
2960 4477 3054 4522 aut
3087 4484 3222 4523 con-

1646 4570 1909 4634 temptum
1954 4562 2177 4617 indicet.
2213 4559 2454 4616 Ornatus
2498 4561 2552 4615 in
2600 4560 2845 4616 vestibus
2884 4566 2978 4614 aut
3020 4560 3223 4622 calceis

1640 4656 1811 4727 quaeri
1833 4670 1943 4710 non
1969 4655 2161 4719 debet;
2198 4652 2345 4723 quod
2376 4651 2597 4727 quidem
2618 4668 2759 4708 vana
2789 4654 3086 4708 ostentatio
3112 4660 3218 4709 est.
3294 4640 3309 4659 ’

1642 4747 1845 4804 Viliora
1875 4762 2106 4819 quaeque
2141 4745 2447 4801 adhibenda
2472 4746 2539 4801 ad
2571 4761 2731 4802 usum
2767 4744 3033 4816 corporis.
3073 4743 3223 4800 Nihil

1642 4844 1787 4898 ultra
1811 4842 1867 4896 ld
1897 4844 2045 4913 quod
2075 4840 2451 4896 necessarium
2484 4846 2589 4905 est,
2630 4846 2724 4893 aut
2760 4839 2825 4893 ad
2865 4838 3222 4911 magnificen-

1643 4939 1775 4992 tiam
1798 4933 2218 4998 insumendum;
2250 4933 2395 5004 quod
2419 4931 2641 5002 quidem
2669 4931 2877 4986 abusus
2896 4940 3002 4986 est.
3035 4929 3222 4985 Honor

1641 5028 2013 5100 exquirendus
2066 5040 2176 5080 non
2232 5031 2338 5089 est,
2398 5030 2492 5077 aut
2543 5022 2869 5077 ambiendus
2928 5023 3217 5091 primatus.

1643 5121 1812 5178 Debet
1856 5119 2238 5191 unusquisque
2299 5125 2527 5173 czeteros
2581 5116 2686 5171 sibi
2745 5113 3041 5169 anteferre.
3100 5111 3221 5169 Non

1642 5222 1858 5286 oportet
1906 5213 2353 5283 inobsequentem
2382 5225 2525 5266 esse.
2557 5206 2677 5264 Non
2723 5212 2939 5279 Oportet
2982 5204 3222 5262 otiosum

1641 5423 1996 5557 satgfsﬁr
2032 5483 2525 5554 ἐπιτεταγμένων·
2571 5480 2706 5557 θοάς
2753 5478 2875 5557 Ϋθὶ·
2920 5479 3192 5557 “ma”

1640 5550 1767 5614 νων.
1802 5556 1965 5612 Forte
1992 5550 2433 5616 addendum'etc,
2476 5562 2533 5609 ut
2578 5552 2743 5622 paulo
2775 5550 2919 5606 infra
2949 5551 3214 5622 additur:

1640 5630 1734 5685 sed
1800 5636 1983 5753 tam
2045 5641 2211 5697 supra
2276 5614 2474 5696 legitur
2533 5614 2594 5677 οῖ’
2654 5622 3068 5695 ἐπιτεταγμένοι
3120 5614 3221 5695 τὴν

1641 5715 1807 5772 φροντ
1904 5738 1917 5751 .
2332 5750 2335 5753 ,
