3788 6522
568 292 668 348 291
1550 332 1551 335 η
1861 286 1931 344 3.
1973 282 2220 345 BASFLII
2261 282 2477 346 MACNI
3458 320 3465 325 -
3712 290 3788 351 9.9!

556 406 851 466 comedere
878 420 1027 472 eum,
1062 404 1157 476 qui
1187 403 1440 460 laborare
1469 405 1686 475 potest:
1716 403 1811 460 sed
1837 415 1892 460 et
1918 405 2011 475 qui
2035 418 2123 464 oc-

2241 405 2372 459 ἀλλά
2420 405 2514 460 καὶ
2550 405 2640 459 τὸν
2682 395 3078 476 ἀσχολοῦμενον
3110 395 3244 475 περί
3296 419 3360 459 τι
3390 402 3509 457 τῶν
3539 406 3788 477 κατορθου-

553 509 793 571 cupatur
824 500 880 551 in
921 511 1112 551 eorum
1147 494 1350 563 aliquo,
1389 508 1512 560 quae
1562 490 1631 546 ad
1664 492 1865 547 Christi
1907 491 2123 563 gloriam

2241 497 2418 567 μένων
2478 498 2557 560 είς
2600 496 2754 563 δόξαν
2803 497 3062 570 Χριστοῦ,
3103 493 3481 560 ἐκϐιάζεσθαι
3530 498 3710 551 ἑαυτὸν
3742 503 3788 567 ει

554 591 816 663 praeclare
841 590 1000 651 liunt,
1031 586 1139 640 vim
1163 585 1378 652 sibiipsi
1403 583 1584 639 facere
1610 583 1773 639 debet
1802 584 1867 638 ad
1894 582 2123 639 studium

2241 588 2337 658 τὴν
2365 588 2600 658 σπουδὴν
2629 586 2723 641 τοῦ
2765 587 2909 642 κατὰ
2941 586 3169 659 δύναμιν
3195 587 3413 659 ἔργου.
3448 588 3575 642 Ὅτι
3602 588 3677 641 δεῖ
3704 591 3788 643 Eni

555 681 742 752 operis
772 695 872 750 pro
900 679 1111 733 viribus
1134 676 1480 731 conﬁciendi.
1515 673 1745 746 Oportet
1773 689 2123 744 unumquem-

2241 695 2364 733 στον
2390 680 2685 752 δοκιμασίᾳ
2705 678 2813 733 τῶν
2842 678 3197 751 προεστώτων
3222 678 3351 750 (8'5)
3390 679 3539 749 μετὰ
3564 679 3708 748 λόγου
3733 682 3788 737 καὶ

556 791 685 845 que,
715 772 1027 845 przepositis
1055 770 1516 838 approbantibus,
1544 785 1671 824 cum
1705 770 1916 824 ratione
1943 776 1998 823 et
2027 767 2139 821 ani-

556 866 633 921 mi
662 865 1023 937 persuasione
1064 863 1139 916 ita
1171 861 1356 915 omnia
1388 859 1597 926 facere,
1632 876 1805 927 usque
1836 860 1912 914 ad
1955 859 2135 929 ipsum

563 958 732 1015 etiam
762 972 918 1011 esum
949 964 1005 1010 et
1024 965 1238 1026 potum,
1273 963 1333 1008 ut
1353 952 1421 1007 ad
1452 953 1544 1008 Dei
1568 955 1796 1022 gloriam
1826 950 2133 1006 referenda.

555 1048 677 1105 Non
715 1054 932 1119 oportet
957 1047 1026 1100 ab
1056 1061 1164 1100 uno
1199 1046 1266 1099 ad
1297 1045 1463 1099 alium
1494 1045 1749 1101 laboretur
1766 1044 2025 1107 transire,
2060 1042 2138 1098 ci-

558 1152 644 1195 tra
682 1138 1131 1210 approbationem
1167 1152 1356 1192 eorum
1389 1141 1482 1206 qui
1514 1144 1641 1192 sunt
1671 1135 1835 1191 rebus
1865 1134 2136 1205 ejusmodi

557 1231 911 1293 moderandis
937 1230 1259 1301 praepositi;
1293 1230 1399 1284 nisi
1428 1229 1739 1301 quempiam
1767 1228 2136 1283 ineluctabilis

556 1325 863 1382 necessitas
897 1323 966 1377 ad
992 1321 1256 1376 auxilium
1293 1320 1573 1376 debilior-is
1614 1320 1797 1375 subito
1824 1324 2133 1375 vocaverit:

556 1418 719 1474 debet
766 1414 1146 1484 unusquisque
1194 1426 1413 1467 manere
1469 1411 1526 1465 in
1571 1425 1638 1465 eo
1684 1411 1830 1481 quod
1869 1409 2138 1480 ipsiprae-

558 1510 827 1581 scriptum
856 1516 973 1572 est;
1004 1521 1105 1561 nec
1156 1505 1432 1575 propriam
1492 1518 1809 1559 mensuram
1853 1511 2139 1575 transgre-

557 1599 739 1665 diens,
771 1596 990 1669 aggredi
1020 1611 1128 1651 non
1157 1594 1513 1664 praescripta;
1544 1592 1650 1647 nisi
1692 1593 1751 1658 ii,
1790 1592 1991 1663 quibus
2023 1592 2137 1647 haec

557 1688 855 1747 commissa
885 1696 1034 1752 sunt,
1081 1687 1315 1757 aliquem
1358 1686 1559 1740 auxilio
1589 1685 1831 1756 indigere
1855 1685 2138 1755 judicave-

2237 769 2611 842 πληροφορίας
2671 770 2813 824 οὕτω
2844 773 3018 824 ποιεῖν
3051 771 3229 824 πάντα
3252 809 3272 832 ,
3326 772 3471 840 ἄχρι
3526 771 3621 823 καὶ
3671 772 3788 825 aurai

2235 860 2331 914 τοῦ
2368 864 2561 930 φαγεῖν
2605 862 2698 914 καὶ⁸
2726 864 2904 925 πιεῖν,
2938 860 3015 925 ὼς
3056 862 3137 924 εἰς
3166 859 3341 924 δόξαν
3378 859 3528 913 Θεοῦ
3561 860 3788 931 γινόμεναι

2239 952 2362 1005 ’Ότι
2391 953 2453 1005 οὐ
2480 953 2561 1005 δεῖ
2584 953 2676 1022 ἀφ’
2708 953 2900 1024 ἐτέρου
2923 954 3002 1014 είς
3038 951 3223 1022 ἕτερον
3274 949 3455 1023 ἔργον
3494 952 3788 1021 μεταϐαίνειι

2235 1042 2365 1097 ἄνευ
2397 1046 2498 1116 τῆς
2524 1043 2853 1115 δοκιμασίας
2887 1042 2997 1097 τῶν
3051 1045 3132 1106 εἰς
3168 1042 3228 1095 τὸ
3264 1041 3588 1101 διατυποῦν
3621 1042 3684 1095 τὰ
3718 1060 3788 1095 τοις

2235 1135 2377 1189 αῦτα
2397 1134 2838 1207 ἐπιτεταγμένων
2863 1134 2994 1205 (84)·
3013 1135 3170 1198 ἐκτὸς
3189 1135 3238 1186 εἰ
3263 1133 3348 1205 μή
3378 1132 3495 1186 πού
3519 1151 3638 1187 τινα
3660 1137 3788 1208 tim

2235 1228 2458 1298 αἱτητος
2526 1227 2740 1298 ἀνάγκη
2782 1229 2871 1291 εἰς
2923 1226 3177 1298 βοήθειαν
3224 1225 3335 1279 τοῦ
3394 1226 3788 1299 ἀδυνατήσαντος

2237 1319 2427 1394 καλοίη
2460 1320 2742 1391 αἰφνίδιον.
2781 1320 2904 1373 Ὅτι
2933 1318 3015 1372 δεῖ
3053 1319 3291 1372 ἕκαστον
3318 1319 3528 1389 μένειν
3555 1322 3613 1372 ἐν
3640 1314 3681 1387 ᾧ
3702 1322 3788 1375 ea.

2233 1413 2362 1486 χθη,
2386 1415 2480 1468 καὶ
2512 1414 2608 1485 μὴ,
2639 1412 3039 1484 ὑπερϐαίνοντα
3075 1411 3136 1464 τὸ
3166 1411 3310 1464 ῖδιον
3348 1411 3589 1482 μέτρον,
3619 1414 3788 1465 ὲπιὸαἱι

2236 1522 2348 1559 νειν
2378 1508 2492 1570 τοῖς
2521 1505 2597 1577 μὴ
2628 1504 3100 1576 ἐπιτεταγμένοις,
3126 1505 3175 1556 εί
3220 1503 3302 1574 μή
3351 1520 3415 1556 τι
3455 1504 3527 1557 ἂν
3563 1505 3612 1557 οἰ
3660 1504 3788 1558 ταῦτα

2235 1595 2660 1667 πεπιστευμένοι
2705 1593 3040 1665 δοκιμάσωσι
3080 1610 3203 1646 τινα
3234 1584 3535 1664 χρῄζοντα
3554 1594 3788 1664 βοηθείας.

2240 1690 2362 1744 Ὅτι
2388 1689 2450 1743 οὒ
2470 1689 2553 1743 δεῖ
2582 1689 2677 1759 ἀφ’
2709 1688 2896 1759 ἐτέρου
2927 1686 3298 1759 ἐργαστηρίου
3329 1688 3421 1749 εἰς
3456 1686 3645 1756 ἕτερον
3676 1674 3788 1755 εὗρέ-

555 1781 687 1836 rint.
716 1779 835 1836 Non
866 1785 1082 1851 oportet
1106 1778 1334 1848 reperiri
1361 1777 1670 1848 quempiam
1690 1777 1760 1830 ab
1781 1777 1887 1831 alia
1906 1775 2123 1831 roﬂicina

2241 1779 2462 1834 σκεσθαί
2503 1795 2647 1833 τινα.
2673 1779 2794 1831 Ὅτι
2827 1778 2888 1830 οὐ
2937 1777 3019 1830 δεῖ
3060 1775 3200 1829 κατὰ
3242 1775 3601 1844 φιλονεικίαν
3635 1776 3668 1846 ἢ
3708 1776 3788 1845 Epit

557 1867 612 1923 in
664 1869 827 1924 aliam
888 1870 1202 1924 abeuntem.
1242 1865 1387 1921 Nihil
1434 1882 1501 1921 ex
1544 1866 1913 1923 contentionis
1950 1867 2135 1923 studio

557 1970 653 2014 aut
677 1976 743 2016 ex
773 1960 1055 2015 simultate
1079 1972 1205 2012 cum
1234 1958 1421 2028 aliquo
1443 1966 1697 2028 suscepta
1726 1957 2062 2013 iaciendum.

626 2051 679 2106 ὅ.
712 2050 1064 2105 lnvidendum
1096 2063 1207 2103 non
1240 2055 1326 2121 est
1360 2047 1588 2103 alterius
1632 2047 1800 2113 laudi,
1833 2064 2011 2119 neque
2043 2063 2138 2104 cu-

555 2142 811 2215 jusquam
830 2140 978 2196 vitiis
1001 2138 1317 2196 tutandum.
1338 2138 1570 2212 Oportet
1602 2140 1657 2195 in
1691 2139 1962 2197 cbaritate
1981 2139 2138 2196 Chri-

556 2235 628 2289 sti
656 2233 843 2287 dolere
872 2239 928 2284 et
960 2229 1209 2309 aiilictari
1237 2231 1305 2287 de
1339 2230 1526 2286 fratris
1546 2231 1715 2298 vitiis,
1737 2230 1973 2302 gaudere
2003 2246 2136 2287 vero

556 2326 629 2380 ob
659 2325 807 2380 illius
837 2331 984 2379 recte
1017 2321 1180 2378 facta.
1207 2320 1325 2378 Non
1343 2332 1559 2393 oportet
1593 2322 1989 2379 indiderentem
2013 2339 2135 2381 csse

556 2431 686 2488 erga
732 2424 1048 2487 peccantes,
1098 2424 1194 2469 aut
1232 2415 1454 2470 silentio
1484 2431 1580 2471 eos
1625 2416 1879 2471 tolerare.
1909 2414 2136 2485 Oportet

559 2517 619 2562 ut
653 2509 748 2581 qui
781 2506 1077 2576 redarguit,
1107 2520 1237 2559 cum
1261 2506 1410 2559 omni
1435 2507 1912 2562 commiseratione
1942 2504 2135 2561 redar-

553 2606 688 2668 guat
726 2612 794 2650 ex
858 2594 953 2651 Dei
1013 2595 1235 2657 timore,
1266 2604 1321 2652 et
1358 2610 1425 2651 eo
1476 2598 1707 2653 consilio
1748 2609 1808 2651 ut
1854 2606 2138 2654 convertat

555 2696 895 2760 peccantem.
944 2687 1172 2758 Oportet
1204 2695 1266 2741 ut
1319 2689 1414 2759 qui
1454 2688 1804 2760 redarguitur
1827 2699 1924 2744 aut
1955 2690 2136 2746 incre-

2233 1871 2331 1943 τὴν
2362 1869 2502 1944 πρός
2533 1886 2657 1925 τινα
2684 1871 2857 1923 ποιεῖν
2887 1885 2964 1922 τι.

2303 2050 2358 2105 5.
2391 2048 2514 2103 Ὀτι
2546 2048 2607 2103 οὐ
2636 2041 2717 2102 δεῖ
2735 2047 2948 2119 φθονεῖν
2975 2048 3044 2119 τῇ
3068 2046 3256 2120 ἐτέρου
3293 2038 3677 2117 εὐδοκιμήσει,
3695 2044 3788 2099 οὔτε

2234 2140 2543 2212 ἐπιχαίρειν
2585 2138 2935 2211 ἐλαττώμασι
2976 2155 3143 2203 τινος.
3194 2139 3328 2192 Ὅτι
3381 2138 3473 2192 δεῖ
3530 2139 3590 2191 ἐν
3635 2138 3788 2207 ἀγάπῃ

2234 2231 2475 2305 Χριστοῦ
2515 2231 2801 2286 λυπεῖσθαι
2850 2230 2952 2303 μὲν
3004 2231 3101 2287 καὶ⁵
3145 2229 3548 2304 συντρίϐεσθαι
3587 2231 3673 2282 ἐπὶ
3704 2231 3788 2292 τοῖς

2234 2324 2329 2379 τοῦ
2363 2324 2592 2395 ἀδελφοῦ
2617 2322 3019 2396 ἐλαττώμασιν,
3050 2324 3457 2395 εὐφραίνεσθαι
3496 2323 3555 2377 δὲ
3599 2323 3683 2376 ἐπὶ

2236 2415 2679 2490 κατορθώμασιν.
2696 2417 2818 2472 Ὀτι
2845 2418 2905 2471 οὐ
2938 2417 3019 2470 δεῖ
3037 2416 3359 2489 ἁδιαφορεῖν
3394 2418 3495 2470 ἐπὶ
3513 2418 3623 2478 τοῖς
3646 2416 3788 2485 ἁμαρ-

2234 2511 2507 2576 τάνουσιν,
2537 2510 2572 2582 ἢ
2620 2509 2985 2581 ἐφησυχάζειν
3023 2509 3225 2571 αὐτοῖς.
3257 2509 3394 2563 Ὅτι
3425 2509 3515 2562 δεῖ
3538 2507 3625 2560 τὸν
3667 2506 3780 2573 ἐλέγ-

2184 2631 2196 2647 -
2232 2600 2583 2675 χοντα·μετὰ
2634 2601 2816 2672 πάσης
2847 2600 3246 2671 εὐσπλαγχνίας
3288 2600 3453 2669 φόϐῳ
3500 2599 3611 2669 (85)
3647 2596 3782 2655 Θεοῦ.

2237 2696 2332 2751 καὶ
2359 2693 2548 2765 σκοπῷ
2585 2693 2681 2747 τοῦ
2724 2692 3047 2765 ἐπιπρέψαι
3076 2693 3170 2746 τὸν
3201 2682 3631 2765 ἁμαρτάνοντα,
3664 2689 3780 2754 ἐλέγ-

559 2786 743 2861 patur,
772 2779 1006 2834 libenter
1044 2778 1098 2833 id
1129 2779 1385 2849 accipiat,
1416 2796 1570 2834 suam
1604 2782 1776 2851 ipsius
1805 2783 1861 2837 in
1884 2783 2123 2855 increpa-

2241 2804 2374 2858 χειν.
2399 2787 2524 2840 Ὅτι
2556 2785 2637 2839 δεῖ
2680 2784 2773 2839 τὸν
2815 2784 3172 2856 ἐλεγχόμενον
3210 2784 3243 2856 ἢ
3283 2781 3687 2855 ἐπιτιμώμενον
3710 2796 3780 2832 κα·

411 2886 463 2926 ,ί
558 2871 709 2926 tione
751 2870 1037 2926 utilitatem
1086 2885 1414 2940 agnoscens.
1461 2871 1583 2927 Non
1634 2880 1850 2944 oportet
1894 2882 1975 2940 ut,
2011 2890 2123 2945 cum

2241 2879 2559 2951 ταδέχεσθαι
2586 2877 2907 2949 προθύμως,
2930 2876 3264 2948 γνωρίζοντα
3291 2876 3358 2928 τὸ
3409 2873 3605 2928 ἑαυτοῦ
3627 2870 3778 2939 ὄφελος

556 2961 758 3034 aliquis
796 2970 1109 3025 accusatur,
1149 2961 1291 3017 alius
1333 2978 1519 3017 coram
1551 2963 1646 3018 illo
1673 2977 1763 3019 aut
1793 2981 1978 3021 coram
2012 2968 2123 3023 aliis

2241 2977 2296 3028 ἐν
2328 2976 2395 3045 τῇ
2437 2969 2739 3044 διορθώσει.
2784 2970 2906 3023 ’Ότι
2942 2969 3005 3021 οὐ
3042 2968 3158 3030 δεῖ,
3206 2966 3614 3037 ἐγκαλουμένου
3650 2961 3777 3023 τινὸς.

557 3053 839 3109 nonnullis
892 3051 1237 3107 contradicat
1271 3055 1575 3110 accusanti.
1629 3053 1786 3122 Quod
1825 3059 1871 3112 si
1915 3058 2123 3128 quando

2241 3068 2396 3123 ἄλλον
2423 3064 2652 3119 ἐνώπιον
2683 3064 2890 3117 ἐκείνου
2920 3061 2954 3132 ἢ
2998 3060 3173 3115 ἄλλων
3201 3061 3371 3114 τινῶν
3408 3058 3692 3126 ἀντιλέγειν
3723 3053 3776 3121 τῷ

557 3146 839 3203 accusatio
861 3144 1112 3201 videatur
1147 3144 1316 3201 alicui
1351 3160 1382 3200 a
1404 3146 1616 3202 ratione
1643 3148 1841 3215 aliena,
1872 3150 2130 3220 privatim

557 3243 946 3308 coarguentem
994 3238 1332 3308 interrogare
1398 3237 1580 3303 debet,
1639 3246 1803 3309 atque
1860 3250 1954 3296 aut
2010 3257 2133 3312 per-

560 3330 816 3394 suadere,
867 3336 963 3384 aut
1022 3329 1366 3399 persuaderi.
1414 3328 1642 3400 Oportet
1694 3348 2134 3404 unumquemque

562 3428 830 3494 quantum
865 3421 921 3476 in
946 3436 1007 3477 se
1030 3429 1138 3489 est,
1164 3421 1215 3477 ei
1247 3421 1340 3492 qui
1381 3422 1670 3478 adversum
1705 3439 1764 3479 se
1791 3425 1993 3495 aliquid
2032 3426 2134 3480 ha-

558 3515 764 3581 buerit,
798 3514 1026 3570 mederi.
1079 3512 1199 3569 Non
1251 3515 1686 3571 succensendum
1721 3516 1770 3571 ei
1808 3533 1969 3587 quem
2004 3532 2133 3588 pec-

559 3612 719 3663 casse
751 3608 1001 3677 paenitet,
1031 3606 1125 3662 sed
1157 3621 1223 3662 ex
1246 3607 1412 3662 corde
1440 3609 1883 3664 condonandum.
1910 3610 2136 3681 Oportet

559 3713 685 3754 cum
712 3698 808 3768 qui
860 3698 1067 3768 peccati
1095 3698 1362 3768 paenitere
1406 3714 1467 3754 se
1510 3699 1665 3764 dicit,
1691 3715 1799 3759 non
1839 3703 2133 3773 compungi

564 3793 744 3849 solum
774 3791 845 3846 ob
891 3802 1180 3863 peccatum
1216 3791 1544 3853 adnnssum,
1581 3794 1674 3847 scd
1725 3793 1934 3849 fructus
1970 3797 2133 3848 etiam

560 3885 897 3959 paenitentiae
945 3885 1140 3955 dignos
1191 3883 1393 3939 facere.
1428 3883 1533 3950 Qui
1564 3901 1664 3955 pro
1706 3887 1980 3955 prioribus
2007 3901 2138 3955 pec-

560 3980 701 4034 catis
758 3985 1045 4047 correptus
1102 3986 1204 4040 est,
1249 3989 1314 4030 ac
1349 3979 1559 4031 veniam
1610 3986 1961 4042 consecutus,
1998 3980 2048 4033 is
2088 3979 2136 4034 si

561 4086 759 4126 rursus
796 4071 1128 4140 peccaverit,
1173 4070 1418 4125 deterius
1465 4072 1647 4140 priore
1691 4079 1970 4140 comparat
2004 4072 2136 4127 sibi-

562 4162 782 4232 metipsi
805 4161 1073 4230 judicium
1104 4162 1218 4215 irae.
1260 4162 1362 4228 Qui
1413 4170 1535 4232 post
1570 4163 1798 4231 primam
1840 4170 1892 4215 et
1912 4164 2137 4218 alteram

562 4253 991 4310 admonitionem
1022 4262 1306 4322 permanet
1330 4254 1384 4309 in
1414 4253 1637 4314 delicto.
1678 4268 1780 4309 suo
1810 4254 2135 4311 iudicandus

561 4345 875 4418 praeposito,
908 4344 953 4398 si
996 4342 1135 4398 ferte
1166 4358 1290 4398 eum
1332 4359 1361 4396 a
1403 4344 1654 4414 pluribus
1693 4354 2003 4415 correptum
2037 4363 2137 4417 pu-

2236 3157 2577 3229 ἐγκαλοῦντι.
2634 3157 2759 3209 Ἐὰν
2815 3154 2872 3208 δὲ
2942 3155 3051 3225 ἄρα
3107 3153 3238 3207 ποτέ
3299 3154 3505 3222 ἄλογον
3555 3151 3684 3221 φανῇ
3733 3144 3778 3196 τὸ

2237 3252 2490 3323 ἔγκλημά
2508 3266 2635 3315 τινι,
2663 3248 2783 3303 κατ’
2810 3247 2944 3301 ἰδίαν
2976 3248 3144 3300 κινεῖν
3168 3245 3329 3314 λόγον
3360 3245 3505 3318 πρὸς
3537 3244 3622 3298 τὸν
3649 3242 3775 3308 ἐγκα-

2236 3346 2432 3400 λοῦντα
2471 3343 2605 3416 (86),
2645 3342 2743 3396 καὶ
2782 3340 2817 3412 ἢ
2862 3340 3224 3412 πληροφορεῖν
3251 3340 3286 3411 ἢ
3334 3332 3772 3416 πληροφορεῖσθαι.

2241 3438 2363 3491 Ὅτι
2418 3435 2498 3489 δεῖ
2552 3435 2825 3496 ἕκαστον,
2874 3434 2974 3503 ὅση
3024 3429 3289 3503 δύναμις,
3344 3428 3664 3504 θεραπεύειν
3708 3422 3775 3475 τὸν

2238 3527 2433 3601 ἔχοντά
2462 3545 2517 3582 τι
2566 3529 2689 3581 κατ’
2730 3524 2919 3582 αὐτοῦ.
2951 3526 3072 3577 Ὅτι
3116 3525 3175 3577 οὺ
3216 3524 3299 3578 δεῖ
3352 3520 3694 3597 μνησικακεῖν
3718 3512 3773 3582 τῷ

2237 3621 2617 3692 ἀμαρτήσαντι
2644 3619 2741 3672 καῖ⁹
2777 3616 3146 3687 μετανοοῦντι,
3174 3614 3288 3669 ἀλλ’
3321 3618 3391 3670 ἐκ
3418 3611 3635 3685 καρδίας
3658 3608 3772 3676 ἀφείο

2239 3733 2348 3770 ναι.
2376 3700 2500 3768 Ὀτί
2530 3713 2613 3767 δεῖ
2636 3710 2726 3765 τὸν
2764 3709 2989 3780 λέγοντα
3026 3710 3305 3780 μετανοεῖν
3339 3707 3427 3778 ἐφ’
3463 3703 3769 3776 ἁμαρτήματι

2245 3808 2319 3880 μὴ
2380 3807 2539 3878 μόνον
2589 3803 2962 3873 κατανυγῆναι
3012 3802 3096 3871 ἐφ’
3126 3795 3170 3870 ᾧ
3216 3802 3493 3874 ἥμαρτεν,
3538 3793 3662 3850 ἀλλὰ
3703 3788 3770 3842 καὶ

2241 3895 2711 3970 καρποὺς“ἀξίους
2744 3895 2972 3964 ποιῆσαι
3010 3894 3111 3965 τῆς
3158 3892 3472 3963 μετανοίας.
3497 3890 3613 3942 Ὀτι
3641 3885 3667 3937 ὁ
3702 3879 3768 3933 ἐπὶ

2240 3992 2352 4053 τοῖς
2385 3986 2619 4061 πρώτοις
2649 3986 3011 4058 ἁμαρτήμασι
3044 3985 3377 4049 παιδευθεὶς,
3416 3982 3515 4037 καὶ
3540 3980 3630 4049 τῆς
3667 3971 3764 4041 ἀφέο

2243 4098 2379 4143 σεως
2409 4077 2683 4145 ἀξιωθεὶς,
2731 4077 2826 4130 ἐὰν
2858 4076 3020 4130 πάλιν
3061 4077 3304 4148 ἁμάρτῃ,
3335 4078 3521 4147 χεῖρον
3551 4069 3637 4123 τοῦ
3665 4080 3781 4157 προς

2240 4174 2400 4244 τέρου
2431 4169 2829 4235 κατασκευάζει
2862 4167 3041 4239 ἐαυτῷ
3064 4169 3125 4221 τὸ
3146 4171 3322 4241 κρῖμα
3360 4169 3465 4238 τῆς
3484 4164 3660 4237 ὀργῆς.
3679 4159 3765 4211 Ὀτι

2241 4266 2323 4319 δεῖ
2348 4262 2439 4316 τὸν
2490 4262 2627 4333 μετὰ
2674 4260 2773 4332 τὴν
2829 4258 3052 4332 πρώτην
3093 4260 3189 4313 καὶ
3232 4259 3492 4333 δευτέραν
3532 4248 3764 4310 νουθεσίαν

2242 4356 2570 4426 ἐπιμένοντα
2610 4353 2686 4425 τῷ
2718 4352 3062 4424 ἐλαττώματι
3104 4351 3298 4406 ἑαυτοῦ
3344 4345 3688 4423 φανεροῦσθαι
3709 4337 3764 4407 τῷ

560 4436 708 4491 deat.
765 4432 924 4499 Quod
989 4432 1037 4485 si
1084 4447 1152 4485 ne
1201 4431 1285 4487 sic
1326 4433 1544 4501 quidem
1589 4434 2123 4510 eruendatus‘fuerit.

2241 4448 2562 4522 προεστῶτι,
2596 4444 2690 4498 ἐὰν
2737 4444 2846 4516 ἄρα
2889 4443 2995 4497 ὑπὸ
3050 4443 3310 4497 πλειόνων
3341 4437 3666 4512 ἐπιτιμηθεὶς
3694 4433 3761 4483 ἐν*

559 4528 818 4596 deinceps
866 4524 1272 4581 exscindendus
1331 4536 1436 4587 est,
1491 4533 1547 4580 ut
1593 4527 1933 4591 scandalum,
1972 4540 2133 4600 atque

559 4617 846 4674 habendus
876 4632 975 4687 pro
1007 4617 1231 4672 ethnico
1262 4632 1327 4673 ac
1357 4618 1650 4689 publicano
1685 4618 1750 4672 ad
1785 4620 2132 4677 securitatem

559 4725 751 4767 eorum
782 4708 877 4780 qui
906 4708 1274 4764 obedientiam
1332 4711 1437 4765 sibi
1466 4709 1649 4766 studio
1682 4710 1905 4778 habent,
1936 4727 2136 4768 secun-

560 4804 692 4859 dum
730 4800 787 4856 id
815 4800 963 4871 quod
990 4799 1197 4856 dictum
1234 4810 1322 4856 est
1349 4821 1365 4857 :
1391 4801 1577 4872 lmpiis
1624 4800 1971 4869 cadentibus,
1996 4805 2131 4874 justi

560 4893 755 4947 timore
783 4890 1177 4960 corripiuntur.
1217 4890 1323 4946 Sed
1351 4898 1405 4946 et
1432 4890 1714 4948 deﬂendus
1739 4904 1842 4957 est,
1870 4901 1930 4947 ut
1964 4909 2135 4948 mem-

562 4984 719 5036 brum
753 4996 785 5035 a
821 4996 1051 5052 corpore
1082 4982 1236 5052 101
1292 4982 1625 5038 abscissum.
1668 4981 1787 5039 Non
1833 4991 2051 5054 oportet
2077 4985 2133 5039 in

563 5073 849 5129 iracundia
874 5073 1066 5129 fratris
1096 5076 1266 5130 solem
1294 5074 1568 5141 occidere,
1600 5092 1669 5132 ne
1703 5093 1813 5131 nox
1843 5085 2135 5149 utrumque

563 5174 803 5240 separet,
837 5182 904 5223 ac
931 5167 989 5223 in
1034 5168 1125 5223 die
1167 5167 1359 5239 judicii
1401 5166 1611 5224 crimen
1652 5169 2000 5226 ineluctabile
2048 5184 2135 5226 re-

635 5350 748 5421 (83)
789 5348 950 5421 (Vide
987 5348 1298 5420 Addenda.)

633 5419 765 5494 (84)-
789 5419 988 5494 Τῶν-...μ
1024 5419 1521 5494 ἐπιτιςῖτιιγμὲζισυν.Δ
1553 5419 1646 5494 Sic
1679 5420 1814 5494 Reg.
1853 5426 1909 5478 et
1960 5425 2135 5484 Coisl.

561 5489 839 5570 secundus
861 5499 921 5570 et
958 5491 1068 5570 duo
1100 5489 1358 5570 Combel‘i
1387 5489 1527 5545 Editi
1765 5489 2138 5570 ἐπιτεταγμέ-

561 5570 679 5615 voti.
729 5559 896 5632 Coisl.
930 5564 1141 5632 primus
1181 5571 1237 5617 et
1274 5561 1366 5615 alii
1409 5559 1658 5617 nonnulli
1706 5565 1909 5621 habent
1953 5559 2137 5623 ἐπιτε-

560 5630 963 5769 ταῖξςῗνῖὶέσφ,
1012 5701 1152 5758 Editi
1192 5701 1399 5757 addunt
1437 5702 1516 5765 ἐν,
1564 5700 1660 5756 sed
1701 5700 1759 5755 in
1800 5704 1963 5759 nullo
2009 5701 2134 5759 cod-

561 5787 671 5832 ms.
700 5773 1025 5846 raperimus.

2241 4542 2447 4615 τραπῇ.
2509 4537 2635 4590 Ἐὰν
2672 4537 2727 4590 δὲ
2774 4536 2908 4611 μηδὲ
2937 4534 3080 4590 οὕτω
3125 4530 3599 4608 διορθώσηταινὼς
3638 4523 3759 4615 “ﬂ

2238 4613 2396 4691 δαλον
2425 4629 2788 4685 ἐκκόπτεσθαι
2819 4628 2912 4681 τοῦ
2960 4626 3148 4682 λοιποῦ
3168 4668 3183 4692 ,
3218 4628 3313 4682 καὶ
3358 4629 3437 4692 ὡς
3465 4620 3661 4679 ἐθνικὸν
3693 4613 3757 4668 καὶ

2239 4701 2477 4794 τελώνην
2508 4720 2735 4793 ὁρᾶσθαι
2764 4719 2900 4791 πρὸς
2931 4718 3028 4790 τὴν
3057 4719 3352 4789 ἀσφάλειαν
3379 4718 3486 4773 τῶν
3517 4716 3608 4786 τὴν
3634 4721 3759 4763 σπου·

2238 4818 2336 4890 δὴν
2366 4816 2467 4887 τῆς
2496 4813 2744 4882 ὑπακοῆς
2776 4811 3180 4883 ἐργαζομένων,
3215 4811 3357 4867 κατὰ
3394 4812 3455 4865 τὸ
3498 4802 3754 4879 εἰρημένον.

2251 4906 2491 4962 Ἀσεϐῶν
2525 4903 2973 4959 καταπιπτόντων
2991 4945 3007 4968 ,
3049 4903 3249 4957 δίκαιοι
3284 4903 3509 4975 ἔμφοϐοι
3542 4897 3754 4967 γίνονται·

2239 5003 2331 5056 Δεῖ
2360 4999 2418 5053 δὲ
2446 4998 2542 5052 καὶ
2572 4996 2790 5050 πενθεῖν
2828 4997 2915 5047 ἐπ’
2946 4995 3116 5067 αὐτῷ,
3150 4995 3228 5058 ὡς
3262 4995 3454 5066 μέλους
3486 4984 3757 5045 ἐκκοπέντος

2239 5094 2307 5146 ὲκ
2336 5090 2432 5145 τοῦ
2464 5088 2738 5159 σώματος.
2762 5087 2884 5140 ’Ότι
2912 5086 2974 5140 οὺ
3000 5066 3082 5140 δεῖ
3106 5089 3165 5141 ἐν
3189 5082 3549 5159 παροργισμῷ
3572 5066 3753 5140 ἀδελφοῦ

2238 5181 2488 5238 ἐπιδῦναι
2515 5180 2606 5233 τὸν
2638 5179 2812 5250 ἣλιον,
2843 5179 2916 5251 μή
2953 5195 3086 5232 ποτε
3126 5180 3160 5251 ἡ
3203 5178 3300 5244 νὺξ
3334 5178 3518 5246 διαστῇ
3561 5167 3658 5242 (87)
3686 5176 3753 5233 με·

2313 5344 2426 5410 (86)
2466 5342 2625 5414 (Vide
2646 5341 2970 5414 _Ad_denda._)

2450 5396 2699 5489 Ᾰιιιρ-ινῇἶ
2727 5396 2900 5489 Bigot.
2930 5396 3213 5489 διαστήσῃ.
3241 5411 3408 5489 Cois].
3434 5396 3751 5489 secundus-8f

2242 5472 2335 5541 alii
2359 5472 2467 5540 duo
2494 5499 2524 5537 a
2545 5472 2877 5537 Cou'tbeiisio
2906 5483 3057 5555 citati
3088 5472 3399 5555 μεταστήσῃ
3424 5472 3718 5555 ἀμφοτέρουξ

2489 5534 2769 5624 irritatius
2796 5534 3113 5621 timuerat.
3147 5550 3255 5606 Sed
3277 5534 3551 5607 retinenda
3572 5534 3671 5624 visa

2243 5615 2784 5695 scriptura‘vulgata.
2813 5615 3030 5695 quain
3065 5624 3464 5695 antiquissimis
3492 5615 3745 5695 ειεῑξξοξζ

2243 5667 2746 5752 ἱίοάίἓαιο
2770 5667 3019 5747 Coisl.
3050 5667 3247 5762 primo.
3277 5667 3423 5747 ginis
3450 5699 3528 5744 est
3549 5667 3746 5762 enimat}

2244 5768 2428 5823 Basilii
2457 5779 2700 5827 sensum,
2733 5771 2791 5816 ut
2812 5752 3160 5818 metuendum
3185 5766 3278 5832 sit,
3303 5780 3369 5819 ne
3390 5777 3485 5816 vox
3509 5752 3747 5813 utrumli‘”
