3788 6512
157 328 237 386 509
1014 317 1496 375 EPISTOLARUM
1534 314 1817 372 CLASSIS
1852 317 1893 372 l.
1932 314 2147 374 EPIST.
2186 316 2375 372 XXIX.

3217 322 3321 379 310

156 439 329 504 κακοὺς
355 433 620 505 ἐργάτας.
663 432 850 488 Πολλοὶ
878 434 926 486 οί
971 433 1148 500 κύνες.
1193 435 1258 487 Τί
1292 434 1433 502 λέγω
1466 432 1661 497 κύνες;

1768 446 1979 501 semper
2008 431 2351 493 admonebat,
2399 429 2586 489 Carere
2629 448 2803 496 canes,
2852 431 3119 504 inquiens,
3151 444 3322 490 cavete

152 534 283 599 Λὺῃοι
310 530 399 602 μὲν
422 524 514 582 οὖν
539 515 745 600 βαρείςζ
774 530 834 582 ὲν
866 528 1155 600 ἐπιφανείᾳ
1182 526 1467 597 προϐάτων
1490 527 1552 578 τὸ
1576 524 1663 578 δο-

150 621 272 695 λερὺῦ
312 618 765 691 ὑποκρύπτοντες,
796 618 1069 690 πανταχοῦ
1107 619 1206 689 τῆς
1247 617 1567 688 οἰκουμένης
1605 614 1666 669 τὸ

149 714 340 788 Χριστοῦ
382 713 632 783 ποίμνιον
672 711 1007 772 διασπῶσιν.,
1035 709 1144 773 Οὓς
1176 709 1473 779 φυλακτέον
1514 709 1662 779 ὑμῖν,

148 804 456 879 ἐγρηγορικοῦ
487 822 635 869 τινος
660 804 916 874 ποιμένος
943 802 1250 873 ἐπιστασίᾳ.
1291 803 1386 853 Ὃν
1402 800 1665 871 ὑμέτερον

149 904 224 973 μὲν
244 900 460 969 αἰτῆσαι,
496 897 826 967 φιλονεικίας
853 895 1033 967 πάσης
1060 897 1153 949 καὶ
1185 894 1548 966 φιλοπρωτίας
1570 892 1665 955 τὰς

143 992 286 1062 dixit;
319 988 743 1060 καθαρεύοντας,
790 986 886 1039 τοῦ
931 986 1136 1057 Κυρίου
1171 985 1227 1039 δὲ
1270 983 1573 1048 ἀναδεῖξαι·
1608 984 1665 1045 ὃς

144 1084 228 1138 ἀπὸ
260 1081 341 1135 τοῦ
387 1081 623 1152 μεγάλου
674 1079 976 1151 προστάτου
1025 1078 1122 1149 τῆς
1145 1076 1467 1148 Ἐκκλησίας
1513 1074 1666 1145 ὑμῶν

146 1175 391 1248 Γρηγορίου
421 1175 583 1245 μέχρι
611 1173 704 1226 τοῦ
740 1173 1010 1244 μακαρίου
1040 1170 1251 1235 τούτου,
1281 1170 1436 1225 ἄλλον
1460 1172 1545 1221 ἐπ’
1570 1166 1664 1223 ἀλ-

142 1267 308 1338 λῳμὸ)
328 1265 637 1337 προστιθεὶς
671 1267 764 1319 καὶ
785 1262 1141 1336 συναρμόζων
1163 1263 1269 1325 ἀεὶ,
1299 1259 1407 1315 οἷον
1433 1261 1494 1315 ἐκ
1522 1277 1665 1324 τινος

141 1356 283 1429 ἀρμοῦ
303 1356 405 1428 (46)
444 1355 611 1409 λίθων
638 1355 963 1422 πολυτελῶν,
992 1354 1304 1424 θαυμαστὸν
1334 1348 1444 1406 οἷον
1469 1351 1666 1415 κάλλος

138 1447 528 1517 τῆςῈχκλησίας
557 1447 715 1519 ὑμῶν
743 1447 1051 1518 ἐχαρίσατο.
1096 1446 1257 1497 ’Ὥστε
1292 1444 1411 1497 οὐδὲ
1438 1443 1545 1497 τῶν
1572 1444 1664 1512 ἐερ-

139 1539 237 1608 eiﬁ;
254 1538 620 1592 ἀπελπιπέον.
646 1535 882 1610 Οῖδεγάρ
902 1537 1105 1607 Κύριος
1133 1537 1259 1600 τοὺς
1284 1536 1440 1600 ὄντας
1467 1534 1663 1589 αὐτοῦ’

139 1632 209 1683 καὶ
236 1630 414 1699 ἀγάγοι
443 1630 511 1683 ἂν
534 1632 620 1694 είς
645 1630 708 1683 τὸ
743 1630 905 1702 μέσον
935 1630 1061 1692 τοὺς
1089 1629 1219 1696 παρ’
1244 1622 1399 1698 ἡμῶν
1418 1625 1579 1698 τυχὸν
1603 1627 1662 1680 ού

138 1720 591 1794 προσδοκωμένους.

187 1899 231 1953 3.
256 1899 414 1953 Πάλαι
448 1916 515 1970 με
545 1899 777 1953 θέλοντα
797 1899 903 1951 τῶν
928 1882 1480 1969 λόγωνπαύσασθαιή
1502 1896 1660 1969 ὀδύνη

132 1991 208 2061 τῆς
238 1991 446 2060 καρδίας
487 1991 594 2044 οὐκ
637 1992 956 2063 ὲπιτρέπει’
1012 1992 1126 2043 ἀλλ’
1172 1992 1491 2061 ἐπισκήπτω
1535 1990 1662 2060 ὑμῖν

137 2083 240 2154 πρὸς
261 2084 359 2136 τῶν
387 2084 675 2154 Πατέρων,
715 2085 849 2155 πρὸς
882 2084 981 2154 τῆς
1029 2083 1193 2154 ὀρθῆς
1241 2084 1495 2147 πίστεως,
1527 2082 1663 2153 πρὸς

132 2177 204 2229 τοῦ
226 2177 475 2248 μακαρίου
511 2176 731 2239 τούτου,
762 2177 1110 2247 διαναστῆναι
1133 2176 1229 2249 τὴν
1248 2176 1444 2248 ψυχὴν,
1466 2179 1662 2229 οἰκεῖον

132 2271 319 2323 ἕκαστον
346 2268 539 2323 ἑαυτοῦ
567 2270 633 2323 τὸ
664 2270 1094 2341 σπουδαζόμενον
1125 2270 1403 2341 κρίναντα,
1439 2271 1532 2323 καὶ
1565 2272 1665 2340 τῆς

133 2363 197 2428 ἐφ’
222 2362 431 2433 ἑκάτερα
460 2361 575 2415 τῶν
624 2362 963 2433 πραγμάτων
1011 2361 1287 2425 ἐκϐάσεως
1326 2361 1541 2432 πρῶτον
1570 2361 1665 2415 αὐ·
1692 2366 1693 2369 “

132 2454 202 2509 τὸν
235 2453 548 2507 ἀπολαύσειν
592 2454 917 2524 ⁴ἡγούμενον,
975 2453 1109 2525 μηδὲ
1129 2495 1144 2519 ,
1177 2454 1238 2508 τὸ
1288 2456 1401 2517 τοῖς
1454 2453 1665 2518 πολλοῖς

134 2545 404 2616 συμῦαῖνον,
437 2547 577 2618 πρὸς
614 2546 704 2599 τὸν
748 2546 973 2617 πλησίον
1018 2546 1116 2618 τὴν
1163 2545 1270 2599 τῶν
1311 2544 1506 2599 κοινῶν
1544 2545 1666 2599 επι-

136 2638 311 2707 μέλειαν
340 2638 680 2692 ἀπωθεῖσθαι
700 2654 713 2669 ⁸
742 2635 881 2700 εἶτα,
911 2639 1140 2693 ἑκάστου
1165 2641 1229 2710 τῇ
1267 2638 1430 2691 αὐτοῦ
1458 2638 1666 2715 διανοίᾳ

133 2729 217 2783 τῶν
245 2731 573 2801 πραγμάτων
602 2730 1011 2801 όλιγωροῦντος,
1043 2728 1226 2782 λαθεῖν
1264 2728 1510 2793 ἅπαντας
1536 2728 1665 2781 ἴδιον

132 2819 302 2883 ἑαυτοῖς
341 2821 506 2874 κακὸν
556 2818 650 2873 διά
703 2819 801 2890 τῆς
862 2818 1121 2889 ἀμελείας
1169 2817 1663 2887 ἐπισπασαμένους.

131 2911 278 2964 Ταῦτα
302 2913 403 2964 εἴτε
429 2912 506 2976 ὡς
532 2912 794 2981 γειτόνων
806 2909 1135 2981 συμπάθεια,
1157 2909 1267 2962 εἴτε
1296 2909 1371 2971 ὡς
1392 2907 1666 2980 ὁμοδοξού-

132 3019 239 3055 ντων
262 3004 503 3057 κοινωνία
531 3004 671 3073 (47),
697 3002 806 3056 εἴτε
836 3003 951 3066 καὶ,
977 3002 1113 3075 ὅπερ
1146 3002 1507 3074 ἀληθέστερόν
1528 3004 1664 3067 ἐστι,

1764 524 2028 592 operarios
2078 524 2244 578 malos
2293 526 2355 578 υ.
2406 524 2581 580 Canes
2622 541 2730 581 non
2781 525 2958 596 pauci.
3004 524 3144 592 Quid
3200 526 3322 583 dico

1765 614 1966 669 canes?
1991 614 2102 668 lmo
2135 629 2264 670 vero
2295 615 2403 685 lupi
2431 630 2642 686 graves,
2670 618 2762 687 qui
2793 619 2894 672 sub
2923 618 3106 672 ovium
3137 619 3321 688 specie

1764 706 1947 780 dolum
1970 716 2336 777 contegentes,
2364 709 2563 779 ubique
2592 717 2857 766 terrarum
2879 727 3094 782 gregem
3117 711 3319 769 Christi

1764 798 2029 854 divellunt
2057 818 2069 853 :
2101 798 2194 877 qui
2229 800 2381 854 vobis
2400 800 2606 855 vitandi
2627 810 2755 857 sunt
2776 803 3049 873 vigilantis
3083 804 3318 877 alicujus

1765 889 1999 959 pastoris
2032 874 2307 960 praesidio.
2337 888 2490 945 Hunc
2512 899 2750 946 vestrum
2774 894 2990 964 quidem
3012 903 3101 951 est
3116 874 3318 967 petere,

1764 980 1959 1034 animis
2001 982 2070 1036 ab
2108 982 2254 1036 omni
2310 985 2657 1039 contentione
2702 992 2862 1054 atque
2905 988 3199 1044 ambitione
3232 1004 3320 1045 ro-

1764 1072 2010 1143 purgatis
2037 1091 2050 1126 :
2081 1070 2294 1127 Domini
2324 1090 2467 1139 vero,
2505 1077 2814 1142 ostendere,
2844 1082 2980 1146 quia
3016 1094 3208 1149 magno
3229 1081 3329 1134 ilio

1764 1162 2020 1220 Ecclesiae
2050 1173 2250 1220 vestrae
2273 1167 2411 1222 duce
2436 1166 2697 1238 Gregorio
2723 1184 2897 1238 usque
2922 1170 2988 1224 ad
3019 1170 3162 1226 hunc
3192 1172 3319 1226 bea-

1763 1263 1901 1324 tum,
1940 1256 2166 1311 alterum
2200 1257 2254 1311 in
2289 1259 2514 1314 alterius
2554 1259 2730 1313 locum
2764 1260 3059 1322 suﬁiciens,
3091 1278 3323 1332 semper-

1764 1363 1870 1419 que
1902 1348 2187 1419 adaptans.
2224 1350 2371 1405 velut
2416 1366 2481 1405 ex
2520 1350 2755 1421 quadam
2803 1352 3163 1421 pretiosorum
3192 1353 3324 1421 lapi-

1765 1436 1892 1491 dum
1947 1438 2334 1503 commissura,
2384 1440 2578 1492 mirum
2638 1449 3017 1494 ornamentum
3069 1439 3324 1495 Ecclesiae

1765 1539 1957 1582 vestrae
1992 1527 2218 1597 largitus
2258 1535 2361 1582 est.
2409 1526 2590 1594 Quare
2628 1543 2726 1582 nec
2764 1528 2831 1583 de
2863 1532 3202 1584 successuris
3236 1529 3326 1584 de-

1766 1617 2094 1687 sperandum
2122 1626 2225 1673 est.
2257 1617 2417 1674 Novit
2452 1619 2596 1673 enim
2627 1635 2756 1675 suos
2797 1619 3079 1687 Dominus,
3114 1632 3167 1678 et
3197 1637 3316 1693 pro-

1766 1708 1910 1765 ferre
1959 1711 2012 1764 in
2070 1710 2305 1766 medium
2351 1718 2562 1782 potest,
2607 1726 2745 1782 quos
2797 1710 3029 1769 fortasse
3073 1730 3182 1769 non
3226 1731 3324 1771 ex-

1694 1778 1737 1833 B
1764 1808 2093 1871 spectamus.

1832 1893 1887 1947 5.
1935 1891 2149 1948 Dudum
2196 1910 2281 1950 me
2338 1896 2605 1951 volentem
2656 1898 3101 1953 sermoni‘ﬁnem
3160 1898 3328 1970 impo-

1763 1999 1911 2048 nere,
1945 1984 2099 2039 dolor
2131 1986 2309 2041 cordis
2344 2002 2451 2041 non
2482 1987 2612 2042 sinit
2644 2007 2655 2042 :
2691 1988 2785 2043 sed
2824 1988 3066 2044 obtestor
3097 2004 3193 2043 vos
3228 2004 3324 2058 per

1762 2074 1973 2142 Patres,
2008 2093 2105 2148 per
2148 2087 2350 2134 rectam
2401 2080 2583 2144 (idem,
2619 2096 2714 2150 per
2743 2082 2889 2136 hunc
2933 2081 3170 2139 beatum.
3216 2080 3324 2151 eri-

1763 2169 1904 2239 gatis
1933 2171 2195 2237 animum,
2234 2173 2509 2253 proprium
2537 2174 2642 2228 sibi
2692 2174 2922 2244 quisque
2953 2172 3002 2226 id
3033 2172 3176 2243 quod
3207 2174 3322 2244 agi-

1765 2268 1853 2315 tur
1881 2259 2162 2327 ducentes,
2197 2273 2250 2318 et
2291 2266 2564 2320 rernm'in.
2590 2274 2877 2335 utramque
2907 2274 3111 2335 partem
3141 2266 3322 2319 exitus

1763 2355 2059 2426 participes
2098 2372 2156 2412 se
2202 2356 2257 2411 in
2307 2357 2498 2427 primis
2535 2358 2650 2413 fore
2702 2358 3100 2418 existimantes,
3144 2358 3219 2411 ita
3262 2363 3322 2410 ut

1764 2463 1947 2502 rerum
1997 2450 2366 2504 communium
2401 2465 2586 2504 curam
2609 2490 2622 2513 ,
2658 2459 2715 2503 ut
2744 2449 2987 2519 plerique
3023 2449 3230 2513 solent,
3264 2448 3323 2503 in

1764 2544 2070 2613 proximum
2104 2559 2210 2598 non
2247 2544 2527 2613 rejiciatis,
2561 2560 2622 2598 ac
2664 2553 2852 2613 postea
2892 2557 3220 2613 unoquoque
3265 2541 3320 2595 in

1766 2635 1948 2689 animo
1978 2650 2077 2689 suo
2103 2650 2191 2690 res
2236 2636 2562 2706 negligente,
2609 2652 2798 2691 omnes
2839 2634 2943 2690 sibi
2969 2634 3073 2705 ipsi
3114 2650 3212 2704 per
3230 2635 3324 2688 1n-

1764 2727 1971 2780 curiam
2021 2727 2298 2797 proprium
2337 2728 2538 2781 malum
2596 2728 2965 2798 imprudentes
3012 2736 3320 2782 accersant.
3382 2777 3391 2797 ,

1766 2817 1892 2874 llaec
1935 2826 2116 2875 autem
2165 2820 2280 2875 sive
2314 2827 2372 2874 ut
2415 2820 2716 2875 vicinorum
2762 2819 3317 2879 commiseration’em,

1766 2912 1884 2968 sive
1943 2919 2002 2965 ut
2073 2911 2213 2965 idem
2274 2910 2622 2967 sentientium
2678 2909 3150 2973 communionem,
3209 2909 3323 2964 sive

1765 3004 1950 3066 etiam,
1996 3000 2144 3072 quod
2192 3003 2375 3058 verius
2421 3011 2526 3067 est,
2568 3010 2628 3057 ut
2684 3003 2969 3057 cbaritatis
3013 3002 3115 3073 legi
3161 3003 3322 3058 obse-

132 3093 192 3164 τῷ
213 3098 297 3165 τῆς
329 3096 547 3167 ἀγάπης
600 3095 937 3165 πειθομένων
985 3094 1156 3166 νόμῳ,
1208 3094 1302 3148 καὶ
1344 3094 1433 3146 τὸν
1461 3095 1525 3146 ὲκ
1567 3092 1661 3147 τοῦ

1768 3095 2079 3165 quentium,
2148 3101 2203 3148 et
2256 3094 2556 3164 periculum
2630 3092 2832 3149 silentii
2901 3091 3320 3156 declinantium,

134 3187 358 3257 σιωπῆσαι
390 3187 638 3241 κίνδυνον
670 3187 1045 3252 ἐκκλινάντων,
1079 3186 1218 3257 μετά
1246 3189 1423 3258 πάσης
1448 3188 1659 3254 εὐνοίας

131 3274 338 3341 δέξασθε·
365 3277 748 3348 πεπεισμένοι,
789 3279 869 3331 ὅτι
903 3279 1162 3349 καύχημα
1191 3278 1348 3351 ἡμῶν
1389 3281 1528 3343 ὲστε,
1562 3297 1662 3334 κα-

133 3364 269 3437 θάπερ
298 3371 385 3421 καὶ
412 3371 578 3440 ἡμεῖς
615 3368 767 3440 ὑμῶν
801 3370 880 3433 εἰς
913 3370 1009 3440 τὴν
1042 3368 1254 3440 ἡμέραν
1297 3371 1392 3424 τοῦ
1433 3371 1657 3444 Κυρίου,

133 3457 203 3506 καὶ
221 3457 289 3510 ὅτι
310 3458 369 3512 ἐκ
384 3460 475 3513 τοῦ
504 3459 870 3530 δοθησομένω
900 3460 1156 3531 ποιμένος
1179 3462 1306 3532 ὑμῖν
1332 3462 1471 3533 ῆὲπὶ
1502 3462 1659 3516 πλέον

131 3544 190 3613 τῷ
211 3548 471 3620 συνδέσμῳ
490 3551 598 3621 τῆς
624 3550 843 3622 ἀγάπης
868 3551 1271 3623 ένωθησόμεθα,
1297 3554 1329 3625 ἢ
1361 3555 1496 3624 πρὸς
1527 3573 1661 3609 παν-

131 3635 228 3707 τελῆ
256 3637 555 3694 διάστασιν·
590 3641 618 3693 ὂ
662 3643 736 3713 μὴ
790 3642 1016 3711 γένοιτο,
1066 3644 1198 3715 μηδὲ
1247 3644 1398 3699 ἔσται
1449 3649 1514 3718 τῇ
1563 3646 1658 3700 τοῦ

128 3725 236 3779 θεοῦ
268 3727 485 3801 χάριτι,’
505 3732 618 3785 οὐδ’
644 3732 709 3785 ἂν
759 3733 920 3797 αὐτὸς
959 3733 1164 3805 εἴποιμι
1200 3734 1294 3788 νῦν
1345 3734 1658 3807 βλάσφημον

132 3818 266 3874 οὐδέν.
292 3822 453 3876 Τοῦτο
482 3823 541 3877 δὲ
581 3824 782 3878 εἰδέναι
821 3825 965 3895 ὑμᾶς
1000 3825 1323 3897 βουλόμεθα,
1352 3829 1455 3892 ὅτι,
1487 3829 1535 3882 εί
1566 3830 1659 3883 καὶ

135 3912 238 3982 πρὸς
265 3914 355 3986 τὴν
387 3919 616 3988 εἰρήνην
648 3917 755 3971 τῶν
771 3918 1100 3990 Ἐκκλησιῶν
1144 3923 1499 3993 συντρέχοντα
1530 3926 1659 3995 ἡμῖν

131 4004 207 4058 οὒκ
226 4006 435 4079 ἔσχομεν
467 4010 586 4083 (ι8)
625 4010 715 4063 τὸν
748 4010 1016 4083 μακάριον
1048 4011 1137 4065 διά
1183 4030 1353 4078 τινας,
1381 4014 1457 4078 ὡς
1498 4015 1658 4078 αὐτὸς

134 4097 234 4166 ἡμῖν
256 4100 630 4167 διεδεδαιοῦτο,
654 4103 969 4175 προλήψεις,
1013 4103 1127 4158 ἀλλ’
1161 4101 1254 4159 οὖν
1291 4122 1354 4174 γε
1397 4097 1658 4179 τῆς’πρδς

135 4189 257 4244 αὐτὸν
284 4194 582 4263 όμοδοξίας.
619 4195 714 4249 καὶ
756 4195 848 4249 τοῦ
887 4197 973 4250 ἀεὶ
1005 4196 1255 4251 κοινωνὸν
1286 4198 1656 4252 ἐπικαλεῖσθαι

132 4278 216 4331 τῶν
241 4283 361 4353 πρὸς
396 4286 524 4349 τοὺς
559 4286 866 4356 αἱρετικοὺς
905 4286 1151 4355 ἀγώνων,
1184 4288 1288 4341 ὑπὸ
1318 4289 1550 4361 μάρτυρι
1580 4289 1658 4359 τῷ

133 4368 224 4442 Θεῷ
241 4375 323 4427 καὶ
349 4376 657 4450 ἀνθρώποις
687 4381 797 4442 τοῖς
825 4382 1247 4453 πεπειραμένοις
1278 4382 1433 4454 ἡμῶν
1469 4382 1663 4437 οὐδένα

134 4466 280 4536 καιρὸν
300 4469 594 4541 ἀπελείφθη
604 4488 721 4541 μεν.

618 4630 965 4685 ΕΠΙΣΤΟΛΗ
1003 4630 1131 4684 ΚΘ’.

134 4744 304 4799 Basilius
324 4749 589 4816 Ancyranis
608 4748 846 4862 signiﬁcat
876 4757 1120 4815 acceptum
1138 4764 1203 4802 ea:
1218 4756 1370 4802 morte
1390 4764 1557 4803 eorum
1577 4752 1735 4822 episco

659 4821 769 4862 mat.
792 4815 1026 4862 Hortatur
1048 4819 1098 4862 ut
1119 4819 1331 4862 caveant.
1352 4826 1410 4862 ne
1433 4826 1603 4862 rursus
1627 4828 1679 4862 ιη
1693 4814 1735 4862 el

1765 3188 1910 3244 omni
1939 3204 2062 3243 cum
2109 3188 2484 3244 benevolentia
2513 3188 2785 3258 excipite;
2836 3202 3154 3256 persuasum
3189 3187 3325 3242 illud

1763 3283 2024 3338 habentes
2056 3298 2155 3337 vos
2182 3298 2305 3338 esse
2354 3290 2598 3337 nostram
2629 3282 3012 3353 gloriationem
3055 3280 3323 3352 quemad-

1763 3375 1981 3429 modum
2008 3382 2062 3429 et
2090 3390 2192 3429 nos
2216 3382 2397 3429 vestra
2417 3376 2625 3430 erimus
2643 3375 2697 3429 in
2720 3373 2931 3429 Domini
2959 3374 3047 3429 die
3075 3393 3087 3429 :
3114 3389 3324 3443 nosque

1763 3478 1923 3538 prout
1968 3477 2155 3539 pastor
2190 3467 2345 3522 vobis
2383 3458 2621 3531 dabitui',
2657 3467 2741 3521 vel
2788 3467 2996 3521 arctius
3037 3466 3323 3522 charitatis

1762 3559 1980 3613 vinculo
2013 3559 2291 3615 vobiscum
2336 3574 2459 3614 esse
2506 3558 2934 3628 conjungendos,
2970 3558 3051 3613 vel
3094 3571 3323 3627 prorsus

1760 3650 2185 3721 disjungendos,
2253 3651 2395 3720 quod
2457 3650 2674 3721 quidem
2749 3650 2927 3713 absit,
2983 3665 3158 3720 neque
3224 3648 3323 3704 Dei

1760 3744 1935 3814 gratia
1987 3742 2111 3806 ﬁet,
2166 3759 2337 3814 neque
2388 3759 2521 3799 sane
2570 3743 2685 3813 ipse
2736 3756 2881 3796 nunc
2938 3742 3321 3797 contumeliosi

1760 3834 2057 3905 quidquam
2086 3834 2340 3890 dixerim.
2376 3834 2488 3891 Hoc
2526 3845 2707 3889 autem
2741 3835 2881 3892 scire
2917 3848 3013 3888 vos
3041 3831 3317 3891 volumus.

1758 3926 1861 3981 etsi
1895 3927 2109 3982 beatum
2152 3927 2302 3981 illum
2337 3927 2407 3981 ad
2448 3926 2813 3984 Ecclesiarum
2852 3909 3039 3996 pacem
3087 3938 3323 3980 concur-

1758 4027 1968 4075 rentem
2014 4035 2121 4074 non
2170 4020 2464 4076 habuimus
2510 4026 2730 4091 propter
2774 4017 3061 4089 quasdam,
3102 4026 3162 4072 nt
3203 4017 3321 4088 ipse

1759 4111 1919 4166 nobis
1946 4110 2252 4176 aﬂirmavit,
2283 4112 2607 4183 anticipatas
2641 4111 2956 4182 opiniones;
2999 4110 3092 4167 sed
3140 4119 3318 4167 tamen

1760 4202 1902 4257 idem
1929 4218 2052 4258 cum
2093 4204 2214 4274 ipso
2237 4204 2528 4270 sentiendi,
2557 4219 2790 4276 eumque
2827 4218 3042 4272 semper
3065 4204 3321 4259 certami-

1758 4311 1887 4349 num
1918 4295 2185 4373 adversus
2205 4297 2488 4353 haereticos
2508 4297 2822 4368 participem
2848 4297 3168 4363 advocandi,
3193 4312 3323 4361 nos,

1757 4384 1870 4440 Deo
1903 4393 2038 4442 teste
2066 4396 2120 4443 et
2145 4388 2461 4444 hominibus
2492 4388 2584 4459 qui
2617 4388 2789 4443 nostri
2834 4388 3134 4457 periculum
3169 4387 3312 4443 l'ece-

1685 4471 1730 4527 D
1758 4486 1906 4543 runt,
1932 4480 2139 4535 nullum
2173 4488 2388 4551 tempus
2424 4482 2802 4537 intermisisse.

2114 4635 2271 4706 109
2308 4634 2641 4691 EPISTULA
2679 4634 2892 4690 xx1x‘.

1771 4750 2059 4825 i_4thanasii
2076 4754 2310 4825 dolorem,
2330 4754 2468 4825 cujus
2486 4768 2675 4806 summa
2692 4755 2754 4825 de
2772 4753 2986 4807 ecclesiis
3004 4752 3177 4805 merita
3190 4766 3319 4817 prc-

659 4812 769 4864 icat.
792 4812 1026 4864 Hortatur
1048 4819 1098 4863 ut
1119 4819 1331 4872 caveant,
1352 4826 1410 4864 ne
1433 4812 1613 4864 rursus
1627 4813 1679 4865 in
1693 4812 1919 4866 electione
1935 4813 2147 4880 episcopi
2168 4812 2486 4869 dissensiones
2503 4824 2776 4869 nascmuur.

190 4915 253 4983 Τῇ
289 4920 610 4990 Ἐκκλησία
644 4921 925 4991 Ἀγκύρας
962 4919 1411 4990 παραμυθητική
1445 4919 1576 4990 (49).

186 5027 331 5083 Πολὺν
372 5035 503 5104 ἡμῖν
537 5034 726 5105 χρόνον
770 5030 977 5104 σιωπὴν
1022 5030 1331 5103 ἐνεποίησεν
1370 5033 1404 5104 ἡ
1450 5031 1651 5105 ἔκπλη-

193 5182 227 5215 ³¹
257 5182 476 5260 Pbilipp.
510 5204 567 5243 ιιι
594 5228 609 5253 ,
646 5187 702 5243 2.

2064 4920 2313 4979 Ecclesia:
2358 4890 2581 4995 Ancyra:
2621 4923 2998 4978 consolatoria.

1825 5032 2151 5091 Diuturnum
2186 5037 2344 5093 nobis
2378 5037 2654 5093 silentium
2690 5036 2948 5107 imposuit
2994 5035 3162 5090 animi
3195 5042 3318 5092 stu-
3388 5076 3397 5087 .

190 5337 283 5417 {45)
329 5343 446 5396 Ἐπ’
480 5343 666 5409 ἄλλῳ.
700 5342 791 5398 Sic
816 5350 941 5400 octo
968 5344 1188 5400 codices
1219 5359 1355 5398 mss.
1395 5340 1538 5399 Editi
1568 5345 1653 5397 ἐπ’

1768 5347 1991 5402 )ostulat
2018 5361 2212 5403 sensus
2238 5354 2299 5401 ut
2320 5347 2533 5417 legatur
2572 5344 2980 5416 συμπάθειαν...
3008 5341 3312 5417 κοινωνίαν.

138 5404 544 5558 ἀλίέἔξηᾌρμοῦ.
581 5481 826 5558 _Sic_sex
876 5484 1200 5558 mssuEditi
1241 5486 1432 5558 ὅρμου.
1483 5484 1653 5541 Paulo

1795 5417 1928 5473 ditio
1972 5417 2347 5488 Haganoensis
2379 5411 2661 5472 'conscntit
2690 5431 2816 5471 cum
2846 5430 2979 5471 mss.
3009 5411 3313 5488 codicibus.

1820 5489 1930 5559 (48)
1965 5481 2087 5542 0ὺᾶ
2133 5487 2415 5557 ἔσχομεν.
2466 5489 2544 5540 lta
2581 5502 2713 5542 mss.
2756 5494 2980 5557 septem.
3031 5482 3173 5538 Editi
3217 5481 3319 5537 οὐκ

142 5558 235 5631 gest
253 5552 750 5631 editio'Parisiensis
779 5555 920 5631 παρ’Δ
938 5554 1110 5631 ὑμῶν.
1140 5552 1284 5611 Aliai
1301 5552 1568 5613 editiones
1596 5563 1653 5611 et

1768 5552 1989 5631 εῖκρμὲνι

142 5626 477 5697 ωεξζροῶεεε
505 5632 713 5697 septem
740 5629 869 5697 παρ’
897 5625 1072 5697 ἡμῶν.

197 5684 288 5769 (ξῚ)
321 5684 710 5769 Συμπάθὲια...
728 5684 1033 5769 acia-dia.
1061 5697 1152 5769 Sic
1181 5696 1378 5753 vetusti
1408 5695 1647 5769 codices,

147 5758 303 5819 melius
326 5758 476 5836 quam
520 5767 571 5821 in
612 5764 773 5820 editis
821 5765 1133 5840 συμπαθείᾳ
1162 5809 1199 5823 ..
1228 5765 1499 5839 κοινωνίᾳ.
1539 5758 1646 5823 Sed

1821 5625 1929 5697 (£9)
1966 5625 2443 5697 Παριψῃθητική.
2474 5625 2599 5682 Haec
2622 5641 2727 5681 vox
2752 5625 2932 5682 addita
2968 5640 3032 5680 ex
3054 5640 3150 5683 sex
3178 5634 3316 5682 mss.

1820 5695 1837 5723 ‘
1876 5695 2023 5755 Alias
2046 5695 2259 5765 LXVII,
2287 5698 2489 5770 scripta
2519 5712 2660 5753 anno
2681 5696 2783 5754 568
2837 5704 3087 5754 exeunte.
