3788 6522
588 319 698 376 327
948 327 950 330 ’
1918 310 1977 366 S.
2019 308 2100 364 BA
2110 307 2191 364 SH

2300 305 2513 363 manu
3526 359 3540 373 ξ
3679 312 3747 371 ηε

594 433 738 488 inter
765 445 824 486 se
852 436 999 495 sunt,
1022 430 1114 500 qui
1136 427 1325 484 eadem
1360 427 1610 483 essentia:
1636 425 1847 480 ratione
1873 424 2159 494 designan-
2186 474 2191 487 ι

2295 421 2467 475 [αύλου
2505 420 2687 491 δειχθῇ
2716 460 2728 480 .
2759 412 2902 473 οὗτοι
2940 419 3032 473 καὶ
3068 421 3178 482 τοῖς
3210 417 3398 482 ἄλλοις
3422 420 3749 492 ὲφαρμόσουσν

596 532 707 578 tur.
746 523 846 579 Ubi
880 536 1010 576 vero
1049 522 1173 591 quis
1209 535 1295 583 eo,
1325 520 1471 591 quod
1505 532 1798 574 commune
1841 524 1946 576 est.
1993 513 2156 569 intel—

2295 512 2348 566 αί
2382 514 2517 565 εἰσιν
2543 510 2793 581 ἀλλήλοις
2832 510 3103 580 όμοούσιοι
3127 549 3142 573 ,
3170 513 3221 564 οἰ
3255 509 3339 581 τῷ
3374 511 3517 584 αὐτῴ
3550 512 3667 586 λόγῳ
3688 525 3752 591 τῆς

594 614 759 675 lecto,
791 611 856 665 ad
898 611 1291 681 proprietatum
1327 625 1386 664 se
1415 607 1744 664 converterit
1767 592 2160 661 consideratio-

2295 605 2444 669 ὑσίας
2486 604 2942 675 ὑπογραφόμενοι.
2983 603 3234 658 Ἐπειδὰν
3283 604 3342 658 δέ
3393 623 3516 670 τις,
3542 607 3596 660 τὸ
3631 615 3753 666 msh

600 718 743 769 nem,
765 719 862 774 per
883 719 1018 774 quas
1040 704 1267 757 alterum
1291 701 1359 755 ab
1380 702 1550 756 altero
1572 706 1856 770 separatur
1881 716 1894 764 ;
1918 711 2025 751 non
2045 695 2160 765 jam

2295 693 2447 748 ,αθὼν
2465 736 2480 759 ,
2514 695 2606 746 ἐπὶ
2629 693 2696 747 τὰ
2727 692 2992 757 ἰδιάζοντα
3023 693 3196 766 τρέψῃ
3224 693 3330 766 τὴν
3362 694 3615 766 θεωρίαν,
3638 700 3688 752 δι’
3707 697 3753 756 ὧν

600 793 835 863 amplius
863 792 1135 861 ratio,per
1154 806 1317 861 quam
1344 790 1765 859 unumquodque
1793 787 2158 858 cognoscitur,

2295 787 2549 858 ωρίζεται
2595 786 2688 839 τοῦ
2733 784 2917 856 ἑτέρου
2956 785 3016 839 τὸ
3066 786 3253 857 ἓτερον
3279 827 3294 849 ,
3328 788 3510 842 οὐκέτι
3538 793 3565 842 ὁ
3588 793 3755 849 ἑκάστω

601 898 726 938 cum
756 899 818 938 ea
865 883 1095 948 ratione,
1122 899 1243 954 quae
1282 882 1349 936 de
1379 881 1486 935 alio
1527 881 1820 951 profertur,
1852 894 1949 951 per
1980 878 2162 933 omnia

2299 878 2616 951 νωριστικὸς
2663 877 2818 946 λόγος
2852 876 2928 948 τῷ
2977 878 3104 948 περὶ
3142 876 3237 930 τοῦ
3272 879 3437 932 ἄλλου
3485 880 3569 934 διὰ
3601 886 3759 939 πάντων

602 976 939 1040 consentiet,
992 975 1242 1045 quamvis
1294 975 1350 1029 in
1399 973 1672 1043 aliquibus
1717 974 2161 1028 communitatem

2298 971 2764 1041 υνενεχθήσεται.υ
2805 966 2908 1021 κᾶν
2972 968 3029 1022 ἓν
3086 985 3228 1022 τισιν
3284 970 3485 1043 εὑρεθῇ
3529 973 3585 1026 τὸ
3635 979 3759 1031 κοινὸν

602 1065 800 1121 habere
834 1067 1220 1136 comperiatur.
1668 1090 1673 1099 -

2295 1080 2421 1134 κων.

671 1159 725 1214 5.
758 1158 872 1213 Hoc
902 1159 1065 1229 igitur
1102 1158 1339 1215 dicimus
1370 1176 1383 1211 :
1419 1156 1561 1227 quod
1598 1156 1813 1226 proprie
1852 1154 2075 1220 dicitur,
2111 1153 2164 1209 id

2333 1154 2386 1207 3.
2416 1151 2585 1205 Τοῦτο
2607 1151 2784 1205 τοίνυν
2811 1150 2989 1222 φαμέν
3008 1168 3022 1182 ο
3053 1152 3114 1205 τὸ
3141 1152 3288 1216 ἰδίως
3315 1153 3596 1226 λεγόμενον
3618 1161 3678 1229 τῷ
3695 1167 3759 1233 τῆς

604 1248 912 1319 bypostasis
944 1251 1161 1306 nomine
1192 1249 1441 1305 indicari.
1468 1248 1568 1315 Qui
1604 1248 1748 1304 enim
1783 1248 2052 1302 hominem
2084 1245 2169 1300 di-

2295 1244 2613 1309 nondasw;
2659 1243 2945 1315 δηλοῦσθαι
2997 1244 3219 1316 ῥήματι.
3282 1246 3345 1299 Ὀ
3399 1248 3507 1321 γάρ
3548 1251 3760 1324 ἄνθρωπ’,

605 1342 706 1404 xit,
763 1342 1045 1396 confusam
1101 1343 1391 1413 quamdam
1447 1344 1622 1398 ideam
1680 1357 1777 1413 per
1829 1339 2169 1409 indeliuitam

2299 1336 2433 1391 ἰπὼν
2478 1337 2878 1409 ἐσκεδασμένην
2929 1337 3051 1393 τινὰ
3082 1340 3325 1395 διάνοιαν
3370 1343 3450 1414 τῷ
3475 1345 3676 1417 ἀορίστῳ
3695 1353 3760 1421 τῆς

608 1426 1057 1501 signiﬁcationem
1104 1434 1328 1487 auribus
1367 1433 1569 1496 intulit,
1604 1433 1683 1488 sic
1725 1441 1785 1486 ut
1830 1441 2024 1485 natura
2048 1428 2170 1499 qui-

2295 1428 2540 1499 τημασίας
2588 1431 2654 1499 τῇ
2707 1429 2842 1500 ἀκοῇ
2891 1429 3406 1501 ὲνεποίησεν·,ὧστε
3452 1434 3545 1505 τὴν
3582 1438 3664 1507 μὲν
3695 1442 3759 1510 φᾶ·

608 1524 731 1579 dem
759 1540 826 1581 eo
860 1526 1081 1581 nomine
1113 1525 1450 1591 ostendatur,
1499 1526 1805 1582 subsistens
1847 1532 2026 1578 autem
2058 1539 2169 1586 res,

2295 1540 2355 1575 nv
2393 1523 2458 1575 ἐκ
2500 1520 2594 1574 τοῦ
2639 1521 2898 1592 ὀνόματος
2929 1522 3266 1595 δηλωθῆναι,
3307 1526 3369 1578 τὸ
3394 1527 3451 1580 δὲ
3490 1530 3694 1599 ὑφεστὼς
3714 1540 3760 1605 (at)

611 1624 665 1670 et
695 1618 914 1687 proprie
962 1618 1184 1674 nomine
1224 1619 1523 1690 designata,
1556 1618 1776 1672 minime
1817 1614 2170 1686 signiﬁcetur.

2295 1613 2364 1665 Lai.
2395 1612 2719 1683 δηλούμενον
2754 1611 2896 1676 ἰδίως
2927 1613 3031 1666 ὑπὸ
3069 1614 3162 1667 τοῦ
3206 1616 3479 1687 ὀνόματος
3506 1625 3698 1693 πρᾶγμα
3715 1629 3760 1699 μὴ

611 1709 713 1777 Qui
744 1722 921 1767 autem
952 1711 1179 1767 Paulum
1210 1712 1368 1777 dixit,
1401 1710 1641 1766 ostendit
1671 1709 1727 1763 in
1751 1725 1809 1764 re
1833 1708 1936 1763 hoc
1954 1705 2174 1761 nomine

2295 1701 2634 1773 πημανθῆναι.
2690 1701 2747 1754 Ὁ
2774 1701 2829 1754 δὲ
2857 1701 3063 1756 Παῦλον
3107 1703 3277 1758 εἰπὼν
3318 1707 3516 1774 ἔδειξεν
3550 1715 3601 1765 ἐν
3623 1716 3682 1783 τῷ
3702 1718 3760 1788 δη.

612 1804 915 1879 significata
950 1804 1336 1860 subsistentem
1370 1814 1638 1858 naturam.
1670 1800 1785 1857 Hoc
1817 1800 1980 1871 igitur
2008 1800 2177 1870 hypo-

2295 1793 2529 1864 .oup.évqr
2576 1792 2678 1847 ὑπὸ
2732 1793 2824 1846 τοῦ
2873 1793 3132 1866 ὀνόματος
3185 1801 3479 1870 πράγματι
3526 1787 3760 1872 ὑφεστῶσαν

614 1896 778 1951 stasis
821 1903 927 1959 est,
967 1909 1079 1948 non
1132 1892 1411 1948 indeﬁnita
1457 1890 1707 1947 essentia:
1744 1891 1916 1953 notio,
1948 1903 2068 1959 qua:
2106 1886 2175 1941 ob

2295 1885 2371 1957 τὴν
2399 1887 2580 1956 φύσιν.
2624 1886 2792 1940 Τοῦτο
2819 1883 2911 1941 οὖν
2953 1889 3100 1942 ἐστιν
3131 1892 3163 1961 ἡ
3198 1891 3529 1959 ὑπόστασις,
3556 1899 3638 1967 οὐχ
3663 1902 3686 1970 ἡ
3710 1903 3760 1953 ἀό-

614 1986 1058 2042 communitatem
1091 1988 1167 2041 rei
1191 1985 1503 2057 significata:
1520 1985 1722 2038 nullam
1745 1981 1925 2038 sedem
1955 1979 2174 2050 reperit,

615 2080 711 2136 sed
740 2094 859 2149 quae
886 2079 1029 2149 quod
1064 2094 1353 2133 commune
1397 2079 1450 2132 in
1483 2078 1663 2146 aliqua
1705 2090 1762 2130 re
1799 2083 1853 2129 et
1888 2073 2181 2128 incircum-

616 2170 881 2242 scriptum
923 2179 1027 2236 est,
1062 2186 1157 2240 per
1198 2170 1523 2240 conspicuas
1558 2169 1916 2238 proprietates
1953 2165 2182 2220 restrin-

617 2262 696 2333 git
727 2277 791 2315 ac
828 2259 1267 2329 circumscribit;
1301 2257 1760 2330 quemadmodum
1799 2263 1853 2311 et
1893 2253 2183 2325 Scriptura

620 2354 740 2423 ipsa
771 2354 909 2408 solet
951 2353 1127 2407 simile
1176 2350 1456 2421 quidpiam
1502 2348 1701 2415 facere,
1737 2363 1861 2403 cum
1912 2347 1967 2401 in
1998 2343 2184 2400 multis

621 2447 745 2500 aliis
814 2446 971 2509 locis,
1036 2452 1148 2497 tum
1196 2445 1252 2497 in
1291 2443 1517 2497 historia
1570 2440 1712 2496 Jobi.
1762 2439 1897 2495 Nam
1952 2454 2074 2509 quae
2115 2437 2184 2493 ad

621 2540 801 2609 ipsum
839 2537 1069 2590 attinent
1102 2545 1411 2599 narraturo,
1438 2538 1721 2603 pestqnam
1756 2531 1932 2600 primo
1966 2528 2019 2582 id
2040 2527 2186 2599 quod

623 2643 911 2685 commune
959 2636 1041 2683 est
1073 2625 1536 2689 commemoravit,
1564 2630 1617 2676 et
1649 2621 1803 2685 dixit,
1838 2623 1991 2673 homo
2010 2636 2031 2684 ;
2075 2627 2186 2674 sta-

624 2724 723 2777 tim
749 2720 956 2776 dirimit
986 2734 1080 2789 per
1103 2718 1154 2771 id
1179 2716 1323 2788 quod
1352 2704 1753 2786 propriumest,
1785 2711 2054 2778 addendo,
2075 2712 2187 2782 qui-

628 2816 752 2867 dam
769 2814 832 2865 ¹⁸.
857 2809 962 2866 Sed
988 2812 1238 2866 essentia:
1266 2808 1482 2879 quidem
1512 2804 1955 2878 descriptionem,
1989 2813 2049 2859 ut
2074 2818 2190 2857 ser-

629 2906 809 2960 monis
838 2903 1117 2974 proposito
1152 2900 1287 2956 nihil
1334 2900 1724 2953 conducentem
1766 2896 1985 2952 reticuit
2014 2914 2028 2951 :
2058 2894 2189 2949 illud

630 3007 811 3053 autem
837 2995 1051 3068 quidam
1079 2995 1313 3064 propriis
1337 2992 1481 3046 notis
1508 2989 1730 3056 indicat,
1762 2996 1815 3045 et
1846 2990 2027 3043 locum
2049 2985 2191 3042 refe-

2282 1994 2459 2049 ριστος
2481 1980 2578 2049 τῆς
2604 1978 2790 2041 οὐσίας
2820 1978 2993 2035 ἔννοια
3012 2021 3026 2046 ,
3058 1982 3332 2054 μηδεμίαν
3373 1988 3438 2039 ὲκ
3473 1992 3566 2059 τῆς
3590 1994 3760 2062 κοινότης

2277 2088 2367 2135 τος
2427 2070 2520 2123 τοῦ
2587 2073 2981 2144 σημαινομένου
3048 2075 3238 2128 στάσιν
3308 2078 3657 2150 εὑρίσκουσα,
3691 2086 3760 2143 did?

2277 2163 2311 2233 ἡ
2352 2161 2413 2215 τὸ
2455 2160 2529 2232 (9)
2576 2162 2751 2215 κοινόν
2797 2179 2857 2215 τε
2905 2163 2999 2216 καὶ
3041 2164 3455 2237 ἀπερίγραπτον
3504 2171 3557 2222 ὲν
3597 2171 3659 2242 τῷ
3700 2175 3760 2229 τινι

2281 2255 2565 2326 πράγματι
2597 2255 2686 2309 διὰ
2731 2255 2837 2308 τῶν
2882 2256 3322 2329 ἐπιφαινομένων
3369 2260 3647 2333 ἰδιωμάτων
3676 2284 3760 2337 περ·

2284 2345 2486 2399 ιστῶσα
2525 2346 2618 2400 καὶ
2659 2348 3103 2420 περιγράφουσα’
3131 2351 3206 2415 ὡς
3252 2353 3352 2406 καὶ
3392 2356 3457 2426 τῇ
3506 2357 3667 2428 Γραφῇ
3690 2359 3760 2410 τύνη

2283 2437 2411 2509 ηθες
2440 2438 2500 2491 τὸ
2544 2437 2781 2491 τοιοῦτον
2821 2443 2991 2494 ποιεῖν
3024 2442 3081 2494 ἐν
3117 2441 3302 2508 ἄλλοις
3323 2462 3384 2498 τε
3414 2446 3612 2511 πολλοῖς
3638 2451 3706 2502 καὶ
3730 2453 3760 2504 ἐι

2283 2532 2349 2601 τῇ
2376 2529 2517 2583 κατὰ
2561 2532 2653 2585 τὸν
2699 2531 2818 2586 ’1ὼὸ
2870 2533 3094 2606 ἱστορίᾳ.
3141 2536 3362 2610 Ἐπειδὴ
3405 2540 3513 2610 γὰρ
3544 2540 3696 2609 ἔμελλε
3724 2542 3760 2597 τί

2286 2622 2413 2693 περὶ
2438 2622 2601 2675 αὑτοῦ
2630 2623 2964 2695 διηγεῖσθαι,
3001 2626 3265 2698 πρότερον
3294 2629 3394 2683 τοῦ
3420 2630 3589 2685 κοινοῦ
3623 2648 3760 2702 μνημοη

2286 2714 2541 2777 νεύσασα,
2584 2717 2676 2769 καὶ
2706 2715 2934 2780 εἰποῦσα
2952 2760 2967 2785 ,
2997 2718 3308 2788 ἄνθρωπος
3330 2762 3346 2785 ,
3376 2721 3533 2786 εὐθὺς
3554 2724 3760 2793 ἀποτέμνει

2286 2806 2364 2877 τῷ
2400 2806 2649 2870 ἰδιάζοντι
2683 2810 2739 2861 ὲν
2791 2812 2856 2880 τῇ
2898 2811 3180 2886 προσθήκῃ
3225 2815 3324 2867 τοῦ
3351 2855 3366 2879 ,
3410 2817 3519 2880 τίς.
3560 2816 3686 2869 Ἀλλὰ
3709 2818 3760 2886 τῆς

2292 2906 2388 2976 μὲν
2416 2903 2601 2968 οὐσίας
2624 2904 2720 2976 τὴν
2748 2905 3066 2978 ὑπογραφὴν
3090 2948 3104 2970 ,
3137 2910 3211 2970 ὡς
3238 2911 3394 2964 οὐδὲν
3431 2912 3667 2984 φέρουσαν
3688 2912 3760 2981 κέρ-

2288 2996 2376 3060 δος
2415 2996 2549 3068 πρὸς
2579 2996 2669 3049 τὸν
2715 2997 3067 3069 προκείμενον
3101 3000 3192 3054 τοῦ
3226 3001 3390 3073 λόγου
3431 3004 3643 3069 σκοπὸν,
3669 3003 3760 3056 ἐσιώ

630 3104 759 3143 rens
791 3096 847 3142 et
884 3102 1095 3141 morum
1138 3085 1361 3148 indicia,
1401 3092 1455 3139 et
1485 3098 1822 3152 quaecunque
1849 3081 2190 3137 extrinsecus

2295 3100 2462 3155 πησε*
2497 3085 2586 3139 τὸν
2637 3085 2692 3138 δὲ
2737 3085 2869 3140 τινὰ
2917 3086 3005 3141 διὰ
3050 3089 3157 3142 τῶν
3200 3093 3420 3145 οἰκείων
3463 3094 3760 3164 γνωρισμάτιιη

631 3178 860 3233 collecta
900 3177 1228 3232 distinctura
1274 3177 1424 3230 illum
1455 3184 1636 3239 erant,
1656 3185 1728 3229 .et
1756 3188 1786 3227 a
1819 3172 2095 3227 communi
2119 3170 2190 3225 si-

631 3272 886 3343 gnilicatu
915 3282 1264 3342 separatum;
1295 3271 1430 3329 adeo
1462 3279 1515 3326 ut
1545 3270 1830 3340 perspicua
1859 3267 1914 3321 in
1943 3265 2195 3321 omnibus

632 3370 779 3419 esset
801 3360 970 3426 illius,
1001 3362 1160 3431 cujus
1198 3378 1286 3418 res
1321 3372 1487 3434 gestae
1516 3369 1834 3424 narrantur,
1874 3357 2194 3428 descriptio,

632 3470 702 3510 ex
737 3458 976 3518 nomine.
1008 3471 1075 3510 ex
1107 3455 1248 3518 loco,
1277 3471 1341 3510 ex
1370 3454 1536 3509 animi
1568 3450 2014 3523 proprietatibus,
2038 3449 2198 3504 exiis

636 3560 759 3616 qua:
806 3545 1148 3600 extrinsecus
1199 3546 1252 3599 in
1290 3561 1356 3600 eo
1408 3544 1907 3614 conspiciebantur.
1945 3539 2101 3607 Quod
2151 3539 2198 3595 si

633 3638 887 3693 essentiae
934 3638 1178 3693 dedisset
1218 3638 1509 3703 rationem,
1543 3637 1689 3691 nulla
1718 3651 1852 3693 sane
1889 3633 2082 3690 fuisset
2107 3647 2200 3687 eo-

637 3746 782 3795 rum,
812 3745 933 3801 quae
964 3729 1110 3785 dicta
1154 3738 1304 3794 sunt,
1339 3731 1392 3784 in
1423 3740 1630 3784 natura:
1658 3729 2019 3800 explicatione
2048 3742 2202 3780 men-

637 3821 735 3876 tio.
782 3821 980 3878 Eadem
1012 3823 1158 3877 enim
1204 3823 1345 3876 ratio
1376 3822 1565 3877 fuisset
1611 3836 1673 3875 ac
1717 3821 1786 3875 de
1816 3818 2018 3873 Baldad
2062 3816 2202 3873 Sau-

636 3916 819 3978 chita,
868 3915 1043 3986 deque
1119 3914 1331 3985 Sophar
1380 3914 1632 3977 Mimneo,
1696 3919 1752 3967 et
1818 3912 1886 3967 de
1942 3912 2194 3981 singulis,

637 4023 870 4077 quorum
893 4009 967 4064 ibi
1002 4010 1205 4063 mentio
1239 4008 1315 4070 (it,
1339 4004 1927 4103 hominibus“.‘Qitam
1949 4005 2112 4075 igitur
2146 4004 2198 4058 in

638 4100 844 4155 nostris
882 4102 1046 4157 rebus
1086 4101 1358 4171 agnovisti
1399 4098 1743 4155 discriminis
1765 4100 2031 4153 rationem
2060 4098 2204 4153 inter

638 4191 930 4252 essentiam
957 4201 1013 4248 et
1037 4193 1394 4264 hypostasim,
1421 4208 1540 4259 eam
1562 4199 1615 4246 et
1643 4192 1708 4246 ad
1736 4191 1919 4245 divina
1948 4190 2202 4262 dogmata

638 4282 998 4347 transferens,
1043 4300 1152 4339 non
1185 4284 1416 4338 errabis.
1464 4282 1539 4337 De
1574 4281 1754 4336 Patris
1788 4283 2022 4338 essentia
2044 4282 2204 4347 quid-

638 4366 770 4437 quid
803 4368 958 4439 117
988 4369 1087 4424 tibi
1121 4378 1373 4442 suggeret
1402 4370 1658 4443 cogitatio
1685 4371 1788 4441 (fas
1812 4371 1959 4427 enim
1987 4387 2095 4426 non
2118 4380 2203 4427 est

2295 3175 2723 3248 χαρακτηρίζει,
2760 3178 2854 3231 καὶ
2895 3179 3058 3232 τόπον
3090 3178 3327 3249 λέγουσα
3360 3184 3453 3237 καὶ
3479 3184 3542 3237 τά
3563 3183 3642 3236 τοῦ
3664 3184 3760 3251 ἥϐων

2294 3269 2668 3340 γνωρίσματα,
2702 3270 2797 3324 καὶ
2825 3272 2925 3324 ὅσα
2951 3270 3059 3325 τῶν
3092 3272 3290 3339 ἔξωθεν
3322 3274 3760 3348 συμπαραληφθέντα

2294 3360 2548 3432 χωρίζειν
2577 3362 2737 3417 αὐτὸν
2768 3365 2863 3417 καὶ⁵
2895 3365 3126 3438 ἀφιστᾷν
3164 3366 3360 3437 ἔμελλε
3401 3370 3498 3439 τῆς
3528 3369 3680 3437 κοινῆς
3712 3383 3760 3433 σις’

2300 3452 2496 3523 μασίας
2516 3470 2529 3484 ’
2574 3452 2713 3508 ὥστε
2738 3454 2826 3509 διὰ
2858 3458 3071 3511 πάντων
3106 3459 3312 3530 ἐναργῆ
3341 3460 3435 3514 τοῦ
3479 3456 3760 3531 ἰστορουμὲνα

2298 3542 2546 3611 γενέσθαι
2579 3543 2675 3615 τὴν
2720 3546 3039 3619 ὑπογραφὴν
3058 3587 3073 3611 ,
3113 3551 3177 3602 ὲκ
3204 3549 3300 3602 τοῦ
3328 3551 3604 3621 ὀνόματος,
3639 3550 3687 3600 ὲκ
3713 3540 3760 3597 rei

2296 3635 2464 3689 τόπου
2484 3677 2499 3702 ,
2533 3637 2597 3690 ὲκ
2634 3637 2742 3691 τῶν
2781 3638 2883 3709 τῆς
2907 3639 3083 3712 ψυχῆς
3116 3642 3420 3712 ἰδιωμάτων
3443 3683 3457 3706 .
3490 3644 3549 3695 ἐκ
3579 3640 3666 3693 τῶν
3688 3638 3760 3703 ἔξω

2300 3726 2390 3780 θεν
2428 3730 2556 3800 περὶ
2586 3729 2746 3784 αὐτόν
2780 3730 3187 3804 θεωρουμένων.
3218 3735 3281 3787 Εἰ
3314 3736 3372 3790 δὲ
3401 3736 3490 3788 τὸν
3527 3734 3614 3805 τῆς
3649 3730 3760 3787 οὐτίω

2302 3819 2469 3873 ἐδίδου
2512 3820 2668 3890 λόγον
2710 3821 2820 3894 (10)
2846 3862 2862 3886 ,
2893 3823 3119 3894 οὐδεμία
3147 3825 3225 3879 ἂν-
3252 3826 3471 3895 ἐγένετο
3496 3826 3593 3880 τῶν
3616 3819 3760 3893 εἰρημέ

2300 3929 2406 3965 νων
2441 3915 2497 3966 ὲν
2524 3916 2589 3985 τῇ
2618 3913 2715 3985 τῆς
2739 3915 2951 3985 φύσεως
2986 3918 3249 3990 ἑρμηνείᾳ
3292 3922 3499 3992 μνήμη.
3540 3919 3590 3972 Ὀ
3612 3916 3695 3985 γὰρ
3714 3912 3760 3966 ai

2299 4007 2391 4072 τδς
2425 4007 2490 4061 ἂν
2530 4004 2597 4079 ἦν
2620 4009 2776 4079 λόγος
2794 4049 2809 4072 ο
2853 4011 2912 4076 ὃς
2947 4014 3040 4066 καὶ
3068 4014 3161 4068 ἐπὶ
3188 4013 3284 4067 τοῦ
3317 4013 3518 4069 Βαλδὰδ
3539 4010 3621 4065 τοῦ
3642 4003 3759 4072 Σαυχὶ

2300 4116 2394 4152 του
2418 4138 2434 4161 .
2461 4100 2555 4153 καὶ
2584 4100 2763 4173 Σοφὲιρ
2797 4103 2890 4156 τοῦ
2920 4105 3176 4159 Μινναίου
3195 4146 3210 4170 .
3240 4108 3336 4161 καὶ
3367 4106 3453 4176 ἐφ’
3484 4104 3680 4158 ἑκάστου
3704 4095 3760 4147 erit

2302 4191 2417 4243 ἐκεῖ
2451 4193 2926 4261 μνημονευθέντων
2955 4196 3274 4267 ἀνθρώπων.
3313 4200 3409 4253 Ὃν
3448 4196 3610 4250 τοίνυν
3629 4195 3674 4244 ἐν
3702 4188 3760 4247 tua

2303 4282 2423 4337 καθ’
2453 4285 2598 4355 ἡμᾶς
2639 4284 2808 4354 ἔγνως
2839 4288 3101 4359 διαφορᾶς
3138 4290 3293 4359 λόγον
3334 4292 3425 4344 ἐπί
3454 4306 3510 4342 τε
3536 4287 3623 4354 τῆς
3648 4278 3760 4334 οὖσίυ

2303 4377 2397 4430 καὶ
2423 4376 2521 4449 τῆς
2554 4377 2902 4442 ὑποστάσεως
2920 4419 2935 4443 ,
2965 4379 3153 4435 τοῦτον
3190 4382 3493 4452 μετατιθεὶς
3517 4379 3601 4432 καὶ
3620 4372 3689 4426 ἐπὶ
3707 4367 3760 4419 τῶι

639 4456 709 4512 ad
736 4467 939 4514 certam
959 4460 1123 4515 ullam
1148 4476 1212 4516 ac
1240 4462 1513 4517 deﬁnitam
1546 4462 1931 4534 cogitationem
1959 4464 2191 4519 animum

2305 4466 2462 4521 θείων
2493 4467 2775 4539 δογμάτων
2798 4509 2813 4533 ,
2847 4470 2941 4541 οὐχ
2970 4472 3326 4544 άμαρτήσεις.
3360 4469 3552 4534 Πῶςτδ
3582 4462 3690 4520 εἶναι
3713 4452 3760 4509 τοί

638 4551 856 4614 sistere,
888 4568 953 4607 eo
985 4554 1130 4624 quod
1154 4570 1473 4625 persuasum
1495 4558 1568 4613 sit
1600 4558 1739 4612 hanc
1772 4558 2067 4613 essentiam
2101 4573 2191 4612 su-

636 4658 736 4712 pra
760 4658 977 4699 omnem
1003 4660 1125 4701 esse
1146 4646 1576 4719 cogitationem),
1610 4648 1664 4703 id
1695 4656 1749 4703 et
1775 4649 1842 4704 de
1870 4646 2010 4702 Filio
2040 4648 2199 4704 intel—

638 4735 794 4807 liges,
830 4737 1085 4792 similiter
1112 4745 1166 4791 et
1206 4738 1273 4793 de
1306 4736 1513 4809 Spiritu
1547 4748 1757 4795 sancto.
1788 4739 1923 4793 Nam
1943 4741 2092 4793 ratio
2116 4740 2201 4792 in-

635 4829 807 4884 creati
835 4837 889 4885 et
928 4830 1491 4902 incomprehensibilis
1529 4850 1634 4888 una
1655 4841 1707 4888 et
1737 4833 1926 4889 eadem
1958 4834 2014 4887 in
2040 4831 2201 4888 Patre

636 4929 691 4975 ct
718 4921 772 4975 in
795 4920 933 4976 Filio
954 4929 1008 4978 et
1030 4923 1085 4977 in
1114 4924 1318 4995 Spiritu
1341 4935 1530 4981 sancto
1546 4935 1650 4983 est.
1678 4925 1862 4997 Neque
1884 4928 2029 4981 enim
2054 4924 2199 4980 aliud

634 5014 809 5084 magis
839 5021 924 5069 est
957 5015 1525 5088 incomprehensibile,
1554 5027 1649 5074 aut
1692 5020 2016 5083 increatum,
2053 5019 2201 5073 aliud

634 5106 838 5162 minus.
869 5105 1138 5173 Quoniam
1163 5116 1344 5164 autem
1372 5119 1589 5181 oportet
1616 5127 1712 5182 per
1746 5111 1997 5185 proprias
2022 5112 2203 5166 notio-

710 5213 757 5278 λ’
791 5246 894 5301 Job
922 5264 978 5304 ι.
1015 5248 1067 5303 1.
1148 5251 1193 5281 ’θ
1219 5248 1322 5304 Job
1351 5267 1432 5317 ιι,
1470 5251 1557 5305 Η.

704 5366 781 5434 (8)
819 5368 1140 5439 Ὑφεσιςως.
1169 5366 1287 5439 Duo
1309 5383 1444 5424 mss.
1471 5370 1795 5439 ὑφεστηκός.

705 5439 780 5511 (9)
820 5438 980 5511 ξᾼςλτϊ
1006 5437 1044 5511 ἡ
1093 5440 1183 5511 τόι
1222 5438 1313 5493 Sic
1364 5454 1493 5495 mss.
1522 5437 1717 5511 omnes
1749 5448 1808 5511 et
1847 5446 1989 5509 apud
2037 5438 2200 5511 Nyss.

632 5504 777 5562 Editi
808 5507 945 5559 ἀλλὰ
973 5507 1055 5563 τό,
1083 5505 1237 5564 .lnl'ra
1273 5518 1383 5565 tres
1414 5526 1546 5565 mss.
1576 5510 1636 5564 τὸ
1666 5504 2094 5564 τοιοῦταποιεῖνξ

706 5576 817 5650 (ψ)
859 5577 1093 5632 Ἐδίδου
1130 5582 1333 5650 λόγον.
1370 5579 1538 5637 Coisl.
1572 5581 1781 5650 primus
1809 5579 1999 5650 ἐδήλου
2022 5579 2198 5648 λόγον.

634 5644 807 5733 Ennio
838 5659 960 5733 post
999 5649 1136 5733 editi
1168 5644 1262 5733 τοῦ
1287 5644 1599 5733 Eatur-:09;
1634 5651 1849 5733 Septem
1874 5644 2115 5733 l'codi‘ces
2149 5657 2202 5733 et

634 5715 795 5787 Nyss.
829 5715 886 5772 ut
912 5718 967 5774 in
999 5724 1170 5775 textu.
1208 5715 1452 5777 Subinde
1469 5720 1603 5777 editi
1638 5715 1761 5787 Πῶς
1784 5716 1898 5787 οὖν,
1931 5720 2026 5778 sed
2050 5720 2204 5777 deest

2305 4560 2550 4632 Πατρὸς,
2596 4562 2625 4614 ὂ
2665 4579 2716 4614 τι
2763 4563 2893 4616 ποτὲ
2940 4563 3249 4618 ὑποτίθεταί
3290 4583 3381 4619 σου
3418 4566 3448 4636 ή
3495 4562 3645 4615 ἔννοια
3670 4546 3760 4621 (“Vi

2303 4651 2455 4704 οὐδὲν
2498 4652 2604 4723 γάρ
2638 4653 2783 4706 ἐστιν
2826 4654 3258 4725 ἀποτεταγμένον
3298 4657 3471 4727 νόημα
3498 4650 3596 4723 (Η)
3624 4640 3760 4713 ﬁt“?

2304 4741 2405 4813 χὴν
2452 4744 2784 4814 ἐπερείδειν,
2831 4745 2917 4799 διὰ
2958 4746 3017 4799 τὸ
3066 4747 3355 4800 πεπεῖσθαι
3406 4743 3529 4799 αὐτὸ
3556 4739 3669 4806 ὑπὲρ
3705 4729 3760 4780 πά*

2304 4831 2441 4888 εἶναι
2474 4836 2669 4908 νόημα)
2695 4878 2709 4903 ,
2734 4837 2889 4891 τοῦτο
2912 4840 3004 4891 κα)⁸
3043 4840 3134 4892 ἐπὶ
3160 4838 3252 4893 τοῦ
3289 4839 3416 4892 Υἱοῦ
3439 4837 3626 4905 νοήσεις
3643 4868 3654 4888 ι
3672 4820 3760 4875 τθδτ¹

2305 4927 2563 4991 ὡσαύτως
2608 4930 2700 4982 ml.
2730 4930 2820 4983 ἐπὶ
2849 4928 2942 4983 τοῦ
2975 4929 3288 5001 Πνεύματος
3317 4932 3409 4984 τοῦ
3442 4927 3602 4996 ἁγίου.
3638 4918 3681 4968 Ὀ
3704 4907 3760 4977 τὰς

2304 5019 2397 5073 τοῦ
2443 5022 2697 5075 ἀκτίστου
2740 5023 2833 5077 καὶ
2867 5020 2961 5075 τοῦ
2994 5000 3377 5093 ἀκαταλήπτου
3413 5021 3558 5088 λόγος
3582 5006 3648 5071 εἷς
3676 5000 3760 5093 καυ

2307 5113 2467 5177 αὐτὸς
2496 5114 2590 5167 ὲπί
2612 5131 2672 5167 τε
2697 5113 2790 5167 τοῦ
2812 5115 3024 5187 Ila-:90;
3055 5116 3146 5169 καὶ
3172 5115 3267 5169 τοῦ
3302 5115 3429 5168 Υἱοῦ
3458 5110 3543 5165 καὶ
3574 5100 3649 5158 τοῦ
3669 5092 3760 5160 aii“

2301 5366 2393 5424 οὖν
2436 5369 2493 5422 in
2539 5366 2746 5421 nostris
2777 5366 3080 5426 codicibus.
3117 5375 3171 5421 et
3201 5363 3525 5422 editionibus
3552 5348 3759 5426 Ηηβεποί

2304 5438 2599 5525 Baiis“)?!
2618 5419 2828 5525 trime:
2874 5419 3004 5519 δέοι.
3028 5419 3141 5525 ἀίεξί
3176 5419 3760 5525 πείέέῗδτῑρτίθεῖῗξρπίιὶα

2373 5492 2419 5579 (fit
2439 5509 2484 5575 1)
2515 5492 2735 5589 Navim
2755 5578 2765 5587 .
2787 5510 2948 5593 Ρεῖεει
2987 5509 3048 5593 in
3085 5507 3231 5593 ttatl-
3268 5519 3321 5564 ει
3364 5492 3760 5593 “afficiam

2302 5556 2670 5665 necessarium
2685 5578 2950 5665 "videtur.
2987 5577 3044 5633 ln
3059 5556 3321 5665 v
3335 5556 3622 5665 ςδδίείιωῗι
3638 5556 3760 5665 legunt

2301 5628 2669 5720 ἇὲὲρὲὶδέίκῖῗ
2685 5628 2835 5703 eam
2846 5628 2857 5631 ’
2871 5628 3502 5721 ῐτὶεᾷίδέῖκῖῗριιῖιὶἑιυε
3529 5646 3638 5693 mss.
3661 5628 3705 5678 υι

2304 5730 2476 5777 textu.
3452 5752 3455 5759 -
