3788 6466
77 346 152 404 εις

866 333 1359 396 EPISTOLARUM
1396 332 1689 393 CLASSIS
1726 335 1768 391 I.
1812 331 2028 391 EPIST.
2070 335 2355 390 XXXVIII.

3132 334 3241 390 5'50

74 458 321 531 Πνεύματός
342 457 499 508 ἐστιν.
543 454 616 509 οὐ
662 453 773 528 γὰρ
809 455 872 509 τὸ
909 456 1007 528 μὲν
1051 456 1252 528 μᾶλλον
1290 455 1568 527 ἀκατάλη-

1670 469 1766 510 nes
1817 453 2163 509 iuconfusam
2209 452 2500 508 Trinitatis
2543 453 2954 509 distinctionem
3001 450 3241 516 habere;

72 553 167 607 πτὰν
200 567 252 603 τε
283 548 370 603 καὶ
410 548 694 613 ἇκτιστον,
740 547 803 601 τδ
841 547 899 601 δὲ
948 542 1131 619 ἦττον.
1174 548 1326 602 Ἐπεὶ
1360 548 1417 600 δὲ
1460 549 1564 620 χρὴ

68 643 129 696 διὰ
168 640 255 694 τῶν
302 636 605 702 ίδιαζὸντων
654 638 898 707 σημείων
952 638 1258 709 ἀσύγχυτον
1323 638 1417 691 ἐπὶ
1465 638 1566 708 τῆς

70 734 240 806 Τριάδος
262 730 352 803 τὴν
377 730 647 803 διάκρισιν
673 730 784 803 (12)
808 730 953 802 ἔχειν
971 771 986 795 ,
1014 732 1078 784 τὸ
1112 731 1212 801 μὲν
1236 731 1432 794 κοινῶς
1456 733 1567 784 ἐπι-

68 825 366 896 θεωρούμενον
387 862 403 887 ,
448 819 565 875 οἷον
608 822 672 875 τὸ
716 822 974 876 ἄκτιστον
1010 822 1154 891 λέγω
1180 864 1194 888 ,
1225 823 1262 894 ἢ
1310 822 1373 876 τὸ
1424 823 1566 894 ὑπὲρ

69 920 197 971 πᾶσιν
242 912 530 984 κατάληψιν
556 954 575 979 ,
632 914 667 985 ἢ
720 913 777 967 εῐ
818 932 871 968 τι
916 914 1154 968 τοιοῦτον
1183 955 1198 980 ,
1245 915 1306 967 οὐ
1350 932 1567 985 συμπα-

67 1004 347 1080 pineam:
396 1007 476 1068 εἰς
528 1005 629 1076 τὴν
677 1005 774 1058 τοῦ
831 1006 1123 1069 ίδιάζοντος
1171 1005 1348 1076 κρίσιν
1373 1021 1386 1035 ο
1447 1007 1568 1057 ἐπι-

66 1099 300 1168 ζητήπομεν
335 1095 390 1148 δὲ
433 1095 594 1166 μόνον
646 1095 713 1149 δι’
746 1090 823 1151 ὧν
858 1098 894 1167 ἡ
937 1096 1069 1168 περὶ
1111 1096 1342 1150 ἑκάστου
1392 1095 1566 1150 ἔννοια

63 1186 283 1257 τηλαυγῶς
324 1186 413 1239 καὶ
443 1186 694 1257 ἀμίκτως
733 1187 833 1257 τῆς
875 1185 1355 1259 συνθεωρουμένης
1382 1187 1569 1258 ἀφορι-

67 1278 282 1349 «θήσεται.

110 1374 149 1427 ι.
169 1372 336 1435 Καλῶς
358 1368 450 1427 οὖν
475 1370 620 1442 ἔχειν
645 1389 736 1443 μοι
764 1372 914 1426 δοκεῖ
935 1369 1110 1435 οὔτως
1135 1371 1447 1442 ἀνιχνεῦσαι
1475 1371 1567 1424 τὸν

65 1466 191 1533 λόγον.
210 1465 310 1517 Πᾶν
339 1465 473 1536 ὅπερ
488 1464 558 1517 ἂν
576 1466 656 1528 είς
679 1466 831 1534 ἡμᾶς
859 1466 924 1517 ὲκ
952 1464 1106 1527 θείας
1131 1464 1412 1533 δυνάμεως
1437 1463 1569 1531 ἁγα-

66 1558 127 1608 ﬁt”
145 1555 311 1628 φθάσῃ,
348 1557 445 1625 τῆς
493 1555 673 1608 πάντα
708 1556 766 1606 ὲν
793 1556 960 1608 πᾶσιν
987 1554 1320 1626 ἐνεργούσης
1347 1555 1568 1627 χάριτος

64 1645 277 1715 ἐνέργειαν
321 1641 454 1698 εἷναί
482 1663 666 1717 φαμεν
686 1663 702 1677 ο
736 1645 920 1710 καθώς
964 1663 1130 1717 φησιν
1163 1648 1192 1699 ό
1226 1646 1564 1709 Ἀπόστολος,

64 1740 117 1790 ὅτι
148 1736 304 1790 Ταῦτα
347 1736 415 1789 δὲ
464 1737 665 1791 πάντα
689 1737 925 1806 ἐνεργεῖ
963 1738 1028 1791 τὸ
1073 1736 1141 1791 ἓν
1182 1737 1281 1791 καὶ
1317 1738 1385 1790 τὸ
1420 1736 1567 1791 αὐτὸ

1669 546 1812 616 quod
1843 548 2209 603 communiter
2241 546 2642 609 consideratur,
2675 546 2838 617 quale
2858 550 2962 608 est,
2987 544 3130 614 quod
3158 545 3244 599 in-

1671 648 1915 694 creatum
1946 640 2091 703 dico,
2121 638 2266 709 quod
2292 647 2376 695 est
2408 654 2573 710 supra
2595 654 2810 694 omnem
2834 639 3240 709 cogitationem.

1673 740 1768 787 aut
1802 733 1849 787 si
1878 731 2012 803 quid
2055 732 2321 803 ejusmodi
2348 750 2362 799 ;
2394 731 2448 786 id
2486 746 2827 801 nequaquam
2855 745 2961 785 una
2992 744 3243 783 assume.

1672 840 1797 881 mus
1832 826 1899 878 ad
1953 827 2340 896 pr0prietatem
2371 824 2802 895 dijudicandam,
2851 823 2946 880 sed
2999 823 3242 893 require-

1674 927 1799 968 mus
1828 923 2037 969 tantum
2080 931 2177 985 per
2214 932 2335 985 qua:
2366 916 2802 986 uniuscujusque
2828 916 2980 970 notio
3007 915 3242 971 dilucide

1672 1012 1727 1058 et
1752 1006 1890 1059 citra
1924 1005 2307 1062 admistionem
2341 1008 2413 1063 ab
2451 1023 2538 1073 ea,
2568 1023 2690 1079 quae
2734 1008 2898 1063 simul
2928 1007 3238 1063 considera-

1672 1104 1783 1161 tur,
1816 1096 2063 1167 sejuncta
2086 1101 2176 1153 sit.
2335 1103 2339 1109 ’

1743 1363 1796 1416 4.
1839 1362 2023 1434 Itaque
2049 1379 2157 1419 non
2192 1364 2290 1420 abs
2312 1381 2370 1421 re
2403 1382 2527 1422 esse
2548 1366 2683 1421 mihi
2709 1366 2927 1422 videtur
2955 1369 3056 1422 hoc
3082 1381 3242 1437 pacto

1674 1454 1938 1509 rationem
1971 1456 2322 1527 investigare.
2344 1456 2721 1529 Quodcunque
2747 1460 2814 1515 ad
2837 1475 2938 1515 nos
2964 1476 3032 1517 ex
3058 1460 3242 1517 divina

1675 1555 1943 1617 potestate
1990 1548 2192 1603 bonum
2236 1551 2468 1612 venerit,
2500 1555 2684 1605 omnia
2731 1552 2791 1606 in
2829 1553 3082 1608 omnibus
3130 1551 3244 1609 elli-

1673 1638 1869 1693 cientis
1912 1641 2102 1710 gratiae
2153 1655 2291 1710 opus
2322 1658 2444 1698 esse
2480 1643 2749 1709 dicimus,
2784 1643 3239 1714 quemadmodum

1675 1730 1749 1782 ait
1798 1730 2133 1799 Apostolus:
2194 1731 2325 1786 Haec
2372 1745 2548 1788 autem
2583 1737 2763 1789 omnia
2813 1746 3063 1801 operatur
3105 1753 3241 1790 unus

64 1826 255 1895 Πνεῦμα,
295 1825 563 1895 διαιροῦν
604 1827 727 1897 ίδίᾳ
762 1827 996 1895 ἑκάστῳ
1041 1828 1237 1894 καθὼς
1256 1828 1565 1893 βούλεται.

1670 1829 1826 1889 atque
1869 1820 2007 1874 idem
2052 1820 2306 1890 Spiritus,
2364 1823 2600 1879 dividens
2653 1825 2931 1895 sigillatim
2966 1827 3243 1894 unicuique

64 1915 289 1984 Ζητοῦντες
308 1915 363 1968 δὲ
393 1918 441 1969 εί
461 1916 528 1969 ὲκ
558 1916 722 1987 μόνου
747 1915 840 1971 τοῦ
866 1916 1024 1985 ἁγίου
1061 1916 1379 1988 Πνεύματος
1409 1915 1569 1986 ἡτῶν

64 2005 219 2073 ἀγαθῶν
255 2008 476 2079 χορηγία
522 2007 626 2078 τὴν
684 2008 859 2078 ἀρχὴν
916 2006 1178 2069 λαῦοῦσα,
1217 2005 1362 2059 οὕτω
1393 2023 1570 2077 παρα-

64 2099 209 2165 γίνεται
252 2101 358 2163 τοῖς
398 2099 599 2167 ἀξίοις,
640 2099 805 2153 πάλιν
835 2098 941 2152 ὑπὸ
974 2101 1073 2170 τῆς
1094 2096 1318 2171 Γραφῆς
1344 2098 1570 2169 ὁδηγού-

63 2188 158 2257 μεθι
190 2191 257 2252 είς
279 2190 337 2243 τὸ
359 2190 461 2260 τῆς
492 2190 763 2262 χορηγίας
798 2190 909 2243 τῶν
936 2188 1159 2259 ἀγαθῶν
1189 2188 1299 2243 τῶν
1335 2187 1426 2243 διὰ
1471 2188 1568 2242 τοῦ

63 2276 302 2349 Πνεῦματος
353 2280 484 2350 ἡμῖν
531 2278 944 2350 ἐνεργουμένων
971 2278 1213 2349 ἀρχηγὸν
1258 2278 1350 2331 καὶ
1396 2277 1568 2331 αἴτιον

62 2366 122 2417 τὸν
155 2368 381 2438 μονεγενῆ
417 2368 561 2421 Θεὸν
606 2363 748 2429 εἶναι
788 2365 1087 2422 πιστεύειν.
1132 2366 1323 2421 Πάντα
1361 2367 1471 2439 γὰρ
1499 2367 1566 2422 δι’

66 2455 179 2509 αὐτοῦ
200 2460 526 2531 γεγενῆσθαι,
553 2461 652 2513 καὶ
674 2463 732 2512 ἐν
755 2458 905 2530 αὑτῷ
935 2459 1274 2526 συνεστάναι,
1293 2460 1448 2532 παρὰ
1469 2461 1571 2532 τῆς

64 2547 175 2613 ἁγίας
190 2550 390 2621 Γραφῆς
440 2551 827 2623 ἐδιδάχθημεν.
869 2552 1038 2605 Ὅταν
1081 2552 1261 2606 τοίνυν
1295 2552 1392 2606 καὶ
1430 2553 1570 2623 πρὸς

63 2637 214 2708 ἐκείνην
251 2639 547 2711 ὑψωθῶμεν
600 2643 700 2713 τὴν
733 2641 960 2706 ἔννοιαν,
999 2639 1160 2695 πάλιν
1186 2641 1293 2694 ὑπὸ
1320 2643 1420 2714 τῆς
1448 2642 1567 2695 θεο-

64 2729 256 2784 animo
289 2733 659 2805 χειραγωγίας
680 2734 1009 2804 ἀναγόμενοι
1036 2732 1148 2803 (15)
1175 2733 1564 2805 διδασκόμεθα,

62 2822 181 2875 ὃτιδι⁹
224 2826 426 2896 ἐκείνης
473 2828 581 2898 μὲν
627 2827 807 2881 πάντα
835 2826 936 2897 τῆς
956 2826 1239 2897 δυνάμεως
1275 2828 1340 2881 ὲκ
1366 2828 1460 2881 τοῦ
1492 2829 1568 2901 μὴ

62 2912 166 2977 ὄντος
184 2917 317 2980 είςτδ
347 2916 485 2972 εἶναι
500 2919 837 2989 παράγεται,
864 2919 927 2972 οὑ
970 2919 1077 2991 μὴν
1104 2918 1226 2971 οὐδὲ
1259 2917 1320 2983 ἐξ
1354 2920 1569 2990 ἐκείνης

325 3008 458 3063 ἀλλά
513 3010 607 3074 τίς
653 3012 770 3063 ἐστι
828 3010 1058 3081 δύναμις
1110 3012 1421 3083 ἀγεννήτως
1471 3013 1567 3067 καὶ

62 3094 247 3166 Nam;
265 3100 575 3167 ὑφεστῶσα,
590 3100 711 3171 ἥτις
728 3100 884 3153 ἐστὶν
905 3101 1053 3154 αἰτία.
1066 3101 1165 3173 τῆς
1183 3102 1436 3156 ἁπάντων
1456 3101 1567 3156 τῶν

1668 1922 1822 1981 prout
1853 1914 1960 1968 vult
1988 1915 2053 1968 ³⁷.
2096 1915 2441 1986 lnquirentes
2474 1926 2680 1983 autem,
2711 1932 2779 1972 an
2820 1932 2852 1971 a
2902 1917 3019 1973 solo
3049 1927 3242 1972 sam-to

1670 2001 1875 2074 Spiritu
1917 2004 2184 2059 bonorum
2226 2005 2445 2076 largitio
2474 2007 2749 2077 originem
2788 2007 3018 2071 habens,
3064 2008 3139 2062 ita
3170 2007 3241 2063 ad

1667 2095 1861 2166 dignos
1904 2098 2210 2165 perveniat,
2259 2113 2452 2152 rursus
2495 2113 2524 2152 a
2559 2097 2841 2170 Scriptura
2879 2099 2986 2154 huc
3011 2099 3241 2155 deduci~

1667 2202 1811 2251 mur,
1852 2195 1912 2241 ut
1939 2188 2247 2259 largitionis
2273 2189 2563 2253 bonorum,
2588 2205 2708 2260 quae
2739 2189 2975 2261 Spiritus
3012 2198 3242 2247 sanctus

1666 2277 1722 2331 in
1774 2277 1936 2333 nobis
1988 2277 2171 2342 ellicit,
2207 2286 2490 2335 auctorem
2533 2286 2590 2336 et
2636 2294 2861 2336 causam
2899 2281 3241 2351 unigenitum

1671 2366 1838 2422 Deum
1864 2382 1989 2424 esse
2018 2367 2331 2426 credamus.
2363 2368 2561 2424 Omnia
2580 2371 2726 2426 enim
2761 2386 2860 2441 per
2885 2371 3063 2441 ipsum
3095 2373 3239 2427 facta

1667 2474 1792 2514 esse
1818 2460 1885 2524 ¹⁸,
1918 2468 1973 2515 ει
2000 2462 2056 2515 in
2087 2462 2210 2531 ipso
2238 2462 2546 2519 consistere
2571 2463 2639 2526 “,
2673 2480 2705 2517 a
2733 2472 2927 2520 sancta
2955 2464 3239 2536 Scriptura

1668 2551 1984 2608 didicimus.
2025 2553 2163 2607 Cum
2190 2554 2359 2624 igitur
2387 2554 2455 2608 ad
2490 2555 2632 2609 hanc
2666 2555 3082 2627 intelligentiam
3118 2556 3239 2612 fue-

1669 2642 1843 2697 rimus
1873 2645 2070 2707 evecti,
2102 2659 2298 2715 rursus
2338 2659 2369 2698 a
2402 2644 2670 2700 divinitus
2709 2646 2979 2715 inspirato
3006 2645 3239 2702 admini-

1669 2735 1796 2788 culo
1833 2749 1934 2789 ceu
1974 2750 2140 2789 manu
2182 2735 2333 2790 ducti
2365 2736 2646 2797 docemur,
2672 2738 2854 2790 omnia
2886 2737 2954 2791 ab
2992 2738 3082 2791 illa
3109 2738 3240 2807 qui-

1670 2825 1793 2880 dem
1816 2826 2020 2882 virtute
2068 2841 2137 2882 ex
2185 2826 2359 2881 nihilo
2408 2827 2657 2897 produci,
2688 2843 2796 2881 non
2840 2837 3020 2882 tamen
3050 2828 3119 2882 ab
3146 2828 3237 2882 illa

1670 2916 1790 2972 sine
1818 2916 2130 2987 principio;
2175 2918 2269 2973 sed
2302 2917 2595 2989 quamdam
2635 2933 2759 2973 esse
2801 2917 3059 2972 virtutem
3087 2917 3238 2989 inge-

1669 3009 1783 3063 nite
1821 3016 1875 3063 et
1910 3008 2028 3064 sine
2062 3010 2336 3079 principio
2366 3011 2776 3072 subsistentem,
2806 3025 2928 3080 quae
2955 3025 3121 3066 causa
3151 3020 3239 3066 est

1667 3115 1854 3155 rerum
1900 3100 2146 3154 omnium
2177 3116 2377 3157 causae.
2420 3101 2555 3155 Nam
2603 3117 2670 3156 ex
2715 3101 2880 3158 Patre
2914 3100 3108 3168 Filius,
3141 3116 3240 3172 per

61 3182 178 3238 ἑνεων
200 3188 374 3253 αίτίας.
413 3192 511 3245 Ἕκ
552 3193 663 3263 γὰρ
707 3190 800 3244 τοῦ
832 3191 1047 3264 Πατρὶς
1082 3194 1111 3246 ό
1142 3192 1289 3257 Υἱὸς,
1311 3192 1379 3246 δι’
1406 3186 1467 3246 οὗ
1497 3195 1565 3247 τὰ

1670 3206 1830 3260 quem
1856 3192 2062 3255 omnia,
2095 3208 2333 3262 quocum
2373 3208 2593 3265 semper
2617 3193 2859 3265 Spiritus
2894 3202 3120 3250 sanctus
3152 3195 3239 3248 in-

62 3278 203 3339 πάντα.
238 3275 279 3349 ᾧ
331 3284 563 3337 πάντοτε
608 3284 671 3337 τὸ
718 3283 943 3356 Πνεῦμα
972 3284 1033 3337 τὸ
1058 3284 1212 3354 ἅγιον
1246 3286 1565 3358 ἀχωρίστως

63 3377 392 3429 amantissimi.
446 3378 525 3430 υὺ
569 3376 679 3448 γὰρ
716 3377 862 3430 ἔστιν
911 3382 969 3431 ὲν
1020 3378 1267 3452 περινοίᾳ
1304 3380 1398 3433 τοῦ
1436 3381 1565 3463 Υίοῦ

63 3464 246 3528 γενέσθαι
263 3498 286 3533 ,ι
344 3469 418 3540 μὴ
500 3469 1065 3540 προκαταυγασθέντα
1129 3470 1206 3541 τῷ
1262 3472 1560 3543 Πνεύματι.

71 3553 226 3629 Ἐπειδὴ
244 3560 409 3614 τοίνυν
452 3561 518 3615 τὸ
579 3561 735 3630 ἅγιον
788 3562 1033 3633 Πνεῦμα,
1069 3564 1161 3633 ἀφ’
1192 3558 1254 3619 οῦ
1286 3567 1434 3619 πᾶσα
1472 3567 1566 3619 ἐπὶ

61 3648 126 3716 τὴν
144 3650 289 3705 κτίσιν
313 3655 347 3725 ἡ
364 3654 476 3707 τῶν
504 3654 731 3722 ἀγαθῶν
753 3656 987 3727 χορηγία
1021 3655 1280 3727 πηγάζει,
1314 3657 1409 3711 τοῦ
1434 3657 1563 3711 Υἱοῦ

63 3740 129 3805 μὲν
143 3742 356 3815 ἢρτηται.
380 3741 427 3815 ᾧ
453 3747 800 3811 ἀδιαστάτως
828 3749 1407 3819 συγκαταλαμϐάνεται
1427 3768 1442 3781 ·
1464 3750 1564 3821 τῆς

61 3826 98 3881 δὲ
126 3832 196 3886 τοῦ
242 3836 444 3909 [ἰατρὸς
485 3836 671 3899 αἰτίας
711 3836 1021 3907 ἐξημμένον
1041 3838 1153 3907 (id)
1184 3838 1377 3909 ἔχειτὸ
1400 3839 1562 3901 εἶναι,

60 3918 143 3973 ὅθεν
175 3928 254 3979 καὶ
297 3928 654 4000 ἐκπορεύεται
673 3946 687 3959 ·
713 3928 873 3983 τοῦτο
901 3932 1262 4001 γνωριστικὸν
1284 3932 1384 4003 τῆς
1423 3933 1564 3986 κατὰ

60 4009 124 4083 τὴν
152 4015 412 4074 ὑπόστασιν
459 4020 729 4091 ίδιότητος
767 4025 992 4092 σημεῖον
1019 4022 1149 4092 ἔχει,
1205 4023 1266 4075 τὸ
1311 4022 1449 4094 μετὰ
1472 4023 1564 4077 τὸν

63 4099 261 4177 Υξὸνίίὸ)
289 4112 380 4164 καὶ
425 4113 527 4166 σὺν
563 4112 714 4183 αὑτῷ
755 4113 1138 4185 γνωρίζεσθαι,
1164 4113 1260 4167 καὶ
1295 4115 1357 4167 τὸ
1379 4117 1443 4168 ἐκ
1466 4115 1561 4169 τοῦ

61 4189 212 4265 Πατρὸς
256 4202 567 4272 ὑφεστάναι.
616 4206 674 4258 '0
725 4204 782 4258 δὲ
831 4205 978 4268 Υἱὸς,
1003 4205 1113 4258 ότὸ
1134 4206 1198 4259 ὲκ
1220 4204 1315 4259 τοῦ
1350 4207 1565 4279 Πατρὺς

60 4281 410 4361 ἔκπορευόμενον
441 4294 674 4365 Πνεῦμα
701 4295 769 4348 δι’
822 4295 1017 4348 ἑαυτοῦ
1061 4297 1155 4349 καὶ¹
1207 4290 1326 4367 μεθ’
1367 4297 1561 4351 ἑαυτοῦ

61 4380 285 4449 Τιωρίςων,
312 4387 471 4456 μόνος
509 4388 817 4459 μονογενῶς
850 4391 916 4442 ὲκ
943 4388 1038 4442 τοῦ
1066 4390 1362 4461 ἁγεννήτου
1385 4392 1564 4459 φωτὸς

1665 3282 2046 3351 separabiliter
2071 3283 2415 3356 intelligitur.
2434 3284 2552 3340 Non
2575 3288 2720 3341 enim
2744 3295 2924 3356 potest
2947 3287 3235 3360 quisquam

1667 3373 1739 3429 de
1772 3372 1908 3429 Filio
1944 3375 2207 3446 cogitare.
2243 3377 2340 3448 qui
2367 3391 2479 3432 non
2523 3377 2596 3432 sit
2637 3378 2843 3448 priusa
2878 3378 3090 3449 Spiritu
3113 3379 3239 3437 illu-
3321 3408 3328 3416 -

1668 3474 1895 3523 stratus.
1929 3465 2200 3533 Quoniam
2259 3468 2426 3539 igitur
2458 3468 2696 3538 Spiritus
2744 3478 2992 3535 sanctus,
3049 3484 3079 3524 a
3125 3484 3237 3540 quo

1667 3558 1848 3612 omnis
1892 3558 1948 3612 in
1977 3574 2092 3614 rem
2135 3567 2372 3614 creatam
2406 3560 2673 3614 bonorum
2716 3560 2935 3631 largitio
2981 3561 3233 3624 scaturit,

1667 3648 1807 3703 Filio
1836 3650 2054 3719 quidem
2097 3651 2335 3706 cohaeret
2383 3665 2446 3706 ac
2488 3651 2821 3720 coniunctus
2858 3659 2977 3714 est,
3013 3650 3233 3719 quicum

1668 3742 1831 3795 simul
1864 3742 1983 3797 sine
2020 3741 2132 3796 ullo
2178 3742 2469 3796 intervallo
2497 3741 2844 3812 concipitur;
2895 3741 3057 3795 habet
3103 3754 3234 3794 vero

1667 3847 1789 3887 esse
1818 3848 1882 3887 ex
1912 3847 1977 3888 ea
2006 3847 2194 3897 causa,
2224 3848 2347 3903 quae
2386 3832 2549 3889 Pater
2587 3842 2693 3898 est,
2723 3850 3052 3899 connexum,
3084 3838 3234 3892 unde

1666 3933 1720 3980 et
1745 3926 2026 3995 procedit;
2063 3925 2212 3982 illius
2242 3926 2541 3982 secundum
2569 3927 2902 3999 hypostasim
2930 3935 3235 4001 proprietas

1667 4019 1770 4073 hoc
1814 4020 1973 4090 signo
2025 4019 2357 4083 declaratur,
2407 4020 2554 4090 quod
2604 4028 2730 4091 post
2762 4020 2958 4077 Filium
3009 4031 3064 4078 et
3106 4039 3231 4078 cum

1666 4106 1807 4162 Filio
1830 4107 2205 4178 cognoscitur.
2223 4120 2277 4162 et
2307 4110 2450 4177 quod
2480 4123 2545 4163 ex
2569 4108 2730 4165 Patre
2755 4111 3027 4166 subsistit.
3061 4111 3232 4167 Filius

1669 4215 1796 4254 vero
1829 4199 1924 4269 qui
1946 4215 2011 4255 ex
2053 4201 2215 4257 Patre
2260 4200 2641 4271 procedentem
2679 4202 2941 4272 Spiritum
2983 4219 3080 4274 per
3112 4211 3251 4260 sese

1666 4305 1727 4346 ac
1766 4306 1950 4347 secum
1981 4300 2171 4346 notum
2203 4292 2370 4360 facit;
2400 4308 2466 4349 ac
2504 4294 2656 4349 solus
2679 4296 2958 4366 unigenite
2986 4312 3051 4351 ex
3082 4298 3235 4369 inge-

1665 4384 1781 4437 nita
1816 4384 1938 4438 luce
1963 4384 2191 4449 effulsit,
2228 4386 2459 4452 nullam,
2490 4386 2638 4457 quod
2667 4388 2736 4442 ad
2770 4388 3072 4458 signorum,
3107 4391 3234 4459 qui-

61 4465 289 4539 ἐκλάμψας,
313 4477 588 4548 οὐδεμίαν,
621 4477 767 4532 κατὰ
794 4478 856 4531 τὸ
879 4477 1080 4542 ἰδιάζον
1107 4480 1216 4533 τῶν
1245 4462 1564 4551 γνωρισμά-

1670 4475 1769 4529 bus
1808 4473 2175 4546 dignoscitur,
2206 4477 2595 4548 proprietatem
2634 4478 2862 4540 attinet.
2898 4496 3025 4535 cum
3070 4481 3235 4538 Patre

61 4561 240 4634 mmihi
264 4569 558 4629 κοινωνίαν,
578 4569 691 4640 ἔχει
721 4569 860 4642 πρὸς
894 4571 988 4623 τὸν
1012 4571 1230 4642 Πατέρα
1263 4572 1297 4643 ἢ
1333 4571 1472 4643 πρὸς
1500 4571 1561 4625 τὸ

1670 4574 1764 4620 aut
1791 4567 1996 4637 Spiritu
2031 4578 2226 4624 sancto
2270 4571 2719 4627 communitatem
2758 4573 2965 4628 habet:
3010 4574 3104 4628 scd
3140 4574 3230 4636 iis,

62 4644 221 4722 Πνεῦμα
246 4659 300 4711 τὸ
336 4661 491 4730 ἅγιον
510 4679 525 4693 ο
548 4660 685 4715 ἀλλὰ
714 4664 828 4726 τοῖς
865 4663 1433 4735 είρημένοιςσημείοις
1464 4662 1560 4734 μό-

60 4750 119 4800 νος
137 4747 440 4818 γνωρίζεται.
486 4751 549 4805 '0
570 4752 628 4804 δὲ
665 4753 759 4806 ἐπὶ
789 4751 1007 4805 πάντων
1035 4751 1168 4815 Θεὸς
1206 4752 1481 4825 ἐξαίρετόν
1501 4770 1555 4806 τι

59 4829 274 4907 γνώρισμα
298 4842 395 4912 τῆς
413 4842 612 4896 ἑαυτοῦ
658 4843 1029 4908 ὑποστάσεως,
1069 4843 1132 4895 τὸ
1170 4841 1360 4914 Πατὴρ
1389 4838 1554 4906 εἶναι,

107 4988 137 5017 ¹⁷
159 4988 174 5042 1
196 4992 306 5051 Cor.
330 5014 430 5064 xu,
469 5000 555 5054 ll.
634 5001 675 5032 ⁸⁸
702 4998 861 5055 Joan.
896 5017 935 5065 ι,
969 4997 1023 5054 3.
1103 5001 1146 5032 ¹⁹
1178 4999 1393 5055 Coloss.
1426 5016 1467 5063 ι.
1505 5000 1592 5056 l7.

108 5139 191 5209 (η)
228 5149 540 5224 Διᾴκρισιν.
578 5153 715 5209 Male
757 5155 812 5209 in
847 5152 1011 5209 editis
1067 5152 1374 5224 σύγκρισιν.
1416 5153 1552 5211 Mss.

62 5219 196 5269 Mnes
219 5228 269 5272 ut
286 5221 353 5276 in‘
366 5230 536 5278 textu.

65 5278 191 5413 μεὲ
233 5290 608 5363 Ἀναγόμενοι.
642 5292 734 5349 Sic
760 5308 894 5350 mss.
923 5301 977 5348 et
1000 5291 1162 5365 Nyss.
1192 5292 1333 5348 Editi
1365 5293 1554 5365 ὲναγό-

227 5428 597 5506 ξξξημμένον.
618 5432 892 5506 Duo_mss.
915 5433 1298 5506 ἐξηρτημένον-

84 5491 194 5574 ,ωῄ
222 5491 495 5574 Μετᾶίιὲὸν
526 5506 679 5558 Υιόν.
723 5502 816 5558 Sic
850 5491 1270 5573 quatuor'kegii
1309 5503 1545 5566 codices,

65 5564 474 5641 figetiam_prima
518 5590 681 5627 manu
736 5564 1043 5630 habuerunt
1093 5564 1239 5629 Harl.
1274 5585 1331 5641 et
1375 5564 1544 5630 Coisl.

68 5635 388 5717 ρςιξιιιικειίἱιί
424 5642 693 5717 μετα-τοῦ
736 5644 887 5709 Υίοῦ,
936 5659 1057 5715 qum
1107 5635 1374 5717 scriptura
1419 5645 1547 5717 ferri

69 5704 495 5785 ξῗξροιεειηειὶιη
534 5713 674 5785 idem
706 5704 935 5785 prorsus
956 5704 1154 5779 'sonet,
1192 5704 1256 5770 a'c.
1294 5717 1347 5769 id
1401 5715 1544 5785 quod

71 5773 269 5845 Nititur,
290 5781 378 5833 καί
412 5773 721 5855 calamo;
742 5783 863 5849 Quo
887 5793 1068 5840 autem
1098 5773 1262 5841 sensu
1302 5773 1429 5856 post
1455 5784 1543 5841 Fi-

275 5875 530 5944 ΡΑτιοι.
559 5881 681 5944 Gn.
706 5881 980 5946 XXXII.

1666 4674 1789 4729 qua:
1824 4658 1963 4723 dixi,
1995 4661 2167 4730 signis
2211 4662 2362 4716 solus
2401 4665 2735 4733 agnoscitur.
2770 4664 2873 4731 Qui
2921 4676 3100 4718 autem
3148 4675 3235 4719 est

1662 4765 1828 4821 super
1855 4753 2040 4805 omnia
2067 4752 2231 4817 Deus,
2257 4755 2585 4825 praecipuam
2613 4757 2907 4826 quamdam
2936 4757 3097 4827 118
3118 4771 3232 4811 suae

1661 4843 1974 4914 hypostasis
2016 4854 2224 4911 notam,
2268 4848 2416 4917 quod
2455 4846 2616 4904 Pater
2644 4856 2767 4913 est,
2806 4857 2861 4903 et
2887 4850 3037 4920 quod
3079 4848 3232 4903 nulla

1654 5150 1864 5225 liumAet
1895 5169 2028 5225 cum
2059 5153 2198 5208 Filio
2223 5153 2459 5224 Spiritus
2505 5165 2752 5219 sanctus,
2790 5153 2843 5210 id
2882 5152 3022 5210 infra
3052 5156 3230 5225 expli-

1654 5232 1743 5297 cat
1786 5223 2020 5297 Basilius
2056 5240 2179 5279 cum
2204 5223 2315 5297 ait,
2362 5225 2747 5297 Consequenter
2795 5226 3003 5296 quidem
3043 5223 3231 5280 secun-

1653 5293 1780 5346 dum
1812 5292 2070 5360 ordinem,
2096 5295 2368 5363 conjuncta
2392 5312 2510 5350 vero
2540 5292 2824 5350 secundum
2847 5306 3097 5351 naturam
3121 5307 3228 5349 tres

1651 5380 1905 5433 personas
1943 5367 2202 5434 cognosci.
2231 5366 2529 5420 Conﬁrmat
2566 5367 2707 5421 hanc
2746 5367 3027 5422 lectionem
3059 5367 3231 5423 scho-

1656 5434 1790 5507 li_um
1830 5434 1897 5488 ad
1932 5436 2229 5507 marginem
2262 5436 2495 5507 duorum
2529 5438 2779 5491 codicum
2816 5435 3135 5507 Regiorum,
3169 5443 3228 5490 ut

1655 5504 1964 5576 observavit
1988 5504 2365 5560 Comhelisius.
2399 5503 2505 5561 Sed
2534 5507 2679 5576 quod
2712 5509 2768 5562 in
2790 5503 2980 5562 eodem
3016 5508 3228 5562 scboIio

1657 5574 1855 5649 legitur
1891 5576 2053 5644 paulo
2102 5584 2240 5649 post;
2259 5575 2325 5629 δι’
2377 5574 2570 5649 ἑαυτοῦ
2618 5578 2711 5631 καὶ
2742 5577 2861 5649 μεθ’
2892 5579 3103 5649 ἑαυτόν,
3135 5594 3227 5647 per

1654 5647 1886 5718 seipsum
1909 5656 1983 5718 let
2019 5655 2137 5715 post
2166 5647 2415 5716 seipsum,
2457 5649 2509 5703 id
2545 5647 2752 5703 frustra
2775 5649 3037 5718 probatur
3065 5647 3229 5704 Com-

1655 5713 1869 5769 belisio.‘
1909 5713 2193 5785 Repugnat
2238 5713 2381 5772 enim
2435 5720 2690 5774 omnibus
2727 5713 3014 5775 codicibus
3062 5732 3225 5783 mss.,
3264 5738 3269 5753 ι

1656 5800 1757 5840 nec
1783 5786 1892 5839 ulla
1926 5787 2114 5841 subest
2133 5796 2422 5844 contextus
2443 5790 2763 5845 immutaudi
2792 5806 2977 5845 causa.

2902 5889 2973 5946 11
