3788 6490
508 335 607 397 351

1752 320 1763 329 ’
1835 332 1892 387 S.
1932 330 2177 387 BASILII
2218 331 2435 386 MAGNI
3586 338 3662 392 53!

508 452 765 510 subsistit
814 465 881 507 ex
931 464 1133 517 causa,
1176 449 1329 507 solus
1362 450 1558 519 habet;
1617 452 1829 521 hocque
1873 468 2067 509 rursus

2179 452 2261 506 καὶ
2291 453 2355 506 ὲκ
2386 450 2655 523 μηδεμιᾶς
2682 449 2794 523 (l6)
2815 449 2996 515 αἰτίας
3042 449 3354 522 ὑποστῆναι,
3389 453 3527 521 μόνος
3551 454 3660 524 ἔχει·

510 546 718 602 indicio
747 552 800 600 et
839 544 956 615 ipse
992 542 1212 614 proprie
1246 544 1619 615 cognoscitur.
1659 543 1999 615 Quapmpter
2019 546 2074 599 in

512 637 761 693 essentia:
798 636 1196 691 communitate
1225 636 1460 691 dicimus
1490 650 1591 691 nec
1629 636 1926 698 cohaerere.
1973 652 2097 690 nec.

510 728 902 788 communicari
935 742 1095 797 posse
1121 744 1242 799 quae
1270 728 1696 784 considerantur
1731 730 1785 783 in
1808 729 2076 784 Trinitate

510 821 732 885 indicia,
760 834 857 890 per
888 834 1011 891 quae
1030 820 1338 891 proprietas
1361 821 1722 876 constituitur
1751 820 2073 876 traditarum

509 913 564 968 in
610 910 715 967 ﬁde
771 925 1151 982 personarum,
1202 925 1532 982 unaquaque
1580 912 1815 982 propriis
1861 911 2075 968 indiciis

511 1002 749 1059 discrete
794 1002 1104 1070 intellecta;
1153 1002 1227 1056 ita
1250 1010 1310 1056 ut
1354 1018 1419 1057 ex
1461 1003 1625 1058 dictis
1682 1003 1899 1059 indiciis
1924 1002 2078 1059 αισθ-

506 1096 687 1152 rentia
716 1076 1605 1166 hypostaseeindeprehendatur;
1636 1104 1691 1149 at
1721 1110 1870 1158 vero,
1900 1110 2077 1165 quan-

507 1193 625 1241 tum
657 1185 847 1240 attinet
886 1184 952 1240 ad
987 1185 1041 1239 id
1070 1185 1213 1254 quod
1253 1185 1576 1240 immensum
1609 1197 1711 1250 est,
1745 1187 1891 1257 quod
1921 1200 2075 1241 com-

506 1276 776 1349 prehendi
807 1290 917 1331 non
960 1283 1163 1346 potest,
1196 1275 1344 1347 quod
1378 1284 1620 1332 creatum
1656 1293 1764 1332 non
1802 1286 1907 1342 est,
1934 1274 2078 1347 quod

510 1369 632 1424 loco
679 1368 831 1422 nullo
879 1368 1387 1432 circumscribitur,
1435 1377 1490 1425 et
1540 1369 1750 1440 reliqua
1809 1368 2077 1438 ejusmodi

511 1457 729 1522 omnia,
767 1458 1059 1518 discrimen
1103 1458 1339 1513 nullum‘
1367 1460 1437 1515 sit
1478 1459 1533 1513 in
1587 1460 1800 1515 viviiiea
1837 1473 2072 1514 natura:

511 1549 569 1604 in
605 1548 784 1609 Patre.
822 1550 1064 1620 inquam,
1116 1558 1170 1607 et
1200 1549 1362 1616 Filio,
1395 1560 1450 1607 et
1482 1551 1689 1623 Spiritu
1727 1561 1944 1617 sancto,
1981 1553 2078 1608 sed

511 1642 773 1697 continua
804 1642 1047 1713 quaedam
1092 1650 1146 1698 et
1179 1643 1411 1700 indivisa
1438 1645 1676 1701 societas
1706 1644 1761 1699 in
1788 1644 1923 1714 ipsis
1954 1658 2080 1714 per-

511 1732 794 1803 spiciatur.
841 1733 1021 1802 Atque
1060 1748 1156 1802 per
1200 1748 1338 1803 quas
1369 1734 1496 1804 quis
1525 1735 1884 1804 cogitationes
1911 1732 2078 1802 maje-

2175 544 2270 599 καὶ
2294 543 2382 597 διὰ
2406 542 2595 597 τούτου
2645 543 2807 596 πάλιν
2825 542 2918 597 τοῦ
2952 542 3182 614 σημείου
3211 542 3303 594 καὶ
3321 542 3469 605 αὐτος
3492 543 3664 610 ἰδιαζόν-

2174 653 2279 699 τως
2317 633 2759 704 ἐπιγινώσκεται.
2813 634 3013 687 Τούτου
3039 633 3222 686 ἕνεκεν
3242 635 3298 687 έν
3331 635 3393 705 τῇ
3414 635 3500 705 τῆς
3523 637 3665 703 οὐσίας

2173 724 2442 795 κοινότητι
2476 723 2768 794 ἀσύμϐατά
2806 739 2985 793 φαμεν
3013 718 3169 776 εἶναι.
3191 722 3286 775 καὶ
3304 723 3668 795 ἀκοινώνητατὰ

2172 815 2617 887 ὲπιθεωρούμενα
2646 818 2712 887 τῇ
2752 815 2941 887 Τριάδι
2973 813 3343 886 γνωρίσματα,
3363 814 3424 867 δι’
3451 808 3555 887 divi)
3576 816 3668 871 ίδιό-

2171 927 2272 981 της
2290 909 2617 980 παρίσταται
2637 907 2745 962 τῶν
2770 910 2827 961 έν
2846 909 2911 978 τῇ
2935 906 3112 959 πίστει
3151 905 3666 978 παραδεδομένωνίίῗ)

2173 999 2499 1071 προσώπων,
2524 998 2753 1053 ἑκάστου
2778 1001 2891 1062 τοῖς
2917 998 3433 1069 ίδίοις.γνωρίσμασι
3451 997 3670 1069 διακεκριο

2177 1091 2353 1162 μένως
2395 1090 2945 1163 καταλαμϐανομένου
2965 1107 2979 1122 ο
3008 1089 3149 1144 ὥστε
3175 1090 3263 1144 διὰ
3287 1090 3389 1143 τῶν
3427 1090 3670 1161 εἰρημένων

2176 1168 2415 1254 σημείων
2465 1182 2527 1236 τὺ
2563 1181 2966 1253 κεχωρισμένον
3003 1181 3111 1235 τῶν
3144 1180 3475 1234 ύποστάσεων
3508 1180 3672 1251 ἐξευρε-

2176 1273 2333 1345 θῆναι
2361 1290 2377 1306 ·
2403 1272 2545 1327 κατὰ
2587 1273 2644 1326 δὲ
2677 1272 2738 1325 τὺ
2778 1272 3026 1342 ἄπειρον,
3078 1270 3174 1324 καὶ
3218 1268 3583 1338 ἀκατάληπτον,
3606 1269 3674 1320 καὶ

2173 1365 2234 1419 τὸ
2253 1366 2521 1429 άκτίστως
2534 1361 2703 1430 εἶναι,
2721 1364 2819 1419 καὶ
2846 1363 3034 1435 μηδενὶ
3051 1363 3200 1434 τόπῳ
3223 1359 3588 1433 πριειλῆφθαι,
3607 1361 3674 1412 καί

2177 1460 2310 1513 πᾶσι
2356 1461 2484 1522 -τοίς
2517 1457 2798 1522 τοιούτοις,
2844 1456 3111 1527 μηδεμίαν
3142 1451 3279 1508 εἶναι
3307 1452 3618 1524 παραλλαγὴν
3634 1454 3675 1504 ἐν

2175 1551 2240 1620 τῇ
2281 1547 2527 1619 ζωοποιῷ
2572 1548 2752 1617 φύσει,
2784 1547 2877 1600 ἐπὶ
2907 1545 3120 1619 Πατρδς
3171 1545 3313 1615 λέγω
3339 1545 3428 1598 καὶ
3469 1544 3677 1596 Υίοῦηκειὶ

2176 1638 2490 1709 Πνεύματος
2528 1639 2683 1707 ἁγίου
2714 1656 2729 1670 ·
2759 1637 2895 1693 ἀλλά
2941 1654 3063 1692 τινα
3099 1637 3295 1706 συνεχῆ
3347 1635 3438 1688 καί¹
3470 1634 3678 1688 ἀδιάσπα·

2154 1743 2303 1785 ςστον
2336 1731 2450 1801 (18)
2486 1730 2772 1785 κοινωνίαν
2828 1731 2886 1783 ὲν
2934 1730 3116 1793 αὐτοῖς
3167 1726 3496 1798 θεωρεῖσθαι.
3519 1725 3611 1780 Καὶ
3631 1725 3678 1778 δι’

513 1832 711 1880 statem
753 1825 916 1880 unius
938 1840 1149 1887 earum,
1184 1842 1306 1896 qua:
1343 1828 1400 1881 in
1437 1827 1706 1882 Trinitate
1750 1826 2073 1889 creduntur,

2179 1819 2252 1879 ὧν
2282 1826 2346 1880 ἄν
2387 1842 2471 1889 τις
2512 1824 2797 1896 νοημάτων
2824 1823 2899 1876 τὸ
2921 1822 3205 1894 μεγαλεῖον
3232 1821 3348 1885 ἑνός
3381 1837 3512 1883 τινος
3534 1818 3680 1873 τῶν-ὲν

512 1931 866 1988 personarum
900 1917 1364 1988 intellexerit,per
1392 1917 1608 1973 easdem
1634 1918 1752 1974 sine
1782 1918 1892 1973 ullo
1920 1931 2076 1988 pror-

512 2025 609 2065 sus
635 2009 954 2066 discrimine
987 2010 1267 2082 procedet,
1296 2012 1348 2066 in
1387 2010 1567 2074 Patre,
1611 2018 1665 2066 et
1698 2010 1835 2065 Filio
1866 2018 1920 2066 et
1952 2008 2078 2081 Spi-

513 2102 624 2156 ritu
680 2109 874 2158 sancto
921 2102 1153 2173 gloriam
1190 2113 1355 2174 atque
1413 2103 1754 2173 majestatem
1807 2119 2074 2158 cernens:

512 2194 663 2250 nullo
707 2195 883 2264 spatio
916 2197 1057 2249 inter
1084 2192 1321 2263 Patrem,
1356 2201 1411 2250 et
1443 2193 1663 2253 Filium.
1706 2204 1761 2249 et
1813 2195 2077 2265 Spiritum

514 2292 766 2339 sanctum
808 2285 1208 2350 intercedente,
1244 2287 1299 2341 in
1331 2302 1440 2358 quo
1491 2302 1647 2342 mens
1701 2287 1849 2341 velut
1903 2301 2080 2341 vacuo

514 2374 850 2432 obambulet.
898 2374 1042 2430 Nihil
1088 2376 1233 2431 enim
1275 2386 1379 2441 est,
1415 2377 1563 2447 quod
1595 2377 1737 2431 inter
1772 2376 1920 2446 ipsos
1968 2392 2082 2431 me—

513 2464 667 2520 dium
724 2464 1033 2519 inseratur:
1085 2481 1260 2536 neque
1302 2477 1501 2536 praaler
1549 2465 1788 2521 divinam
1829 2474 2080 2521 naturam

513 2557 625 2611 ulla
657 2556 761 2610 alia
796 2570 898 2612 'res
932 2564 1017 2612 est
1063 2557 1394 2621 subsistens,
1428 2575 1550 2630 quae
1598 2559 1771 2630 ipsam
1812 2574 1854 2612 ia
1901 2562 2081 2630 seipsa

514 2643 593 2699 rei
630 2643 820 2698 alienae
847 2644 1170 2714 interpositu
1203 2645 1443 2702 dividere
1476 2655 1673 2717 queat;
1718 2664 1894 2718 neque
1921 2650 2081 2719 spatii

513 2736 820 2805 cuiuspiam
871 2751 978 2790 non
1039 2737 1389 2794 subsistentis
1445 2740 1696 2795 vacuitas
1752 2741 2078 2804 intercedit,

514 2844 637 2901 quae
670 2829 869 2884 divinae
896 2829 1152 2885 essentia!
1185 2830 1527 2886 harmoniam
1568 2832 1807 2887 hiulcam
1859 2833 2080 2899 elliciat,

497 2920 837 2975 icontinuum
870 2919 1156 2991 interiectu
1198 2923 1357 2977 vacui
1388 2922 1672 2979 dirimens.
1706 2923 1811 2980 Sed
1842 2926 1934 2996 qui
1978 2924 2082 2979 Pa-

512 3021 652 3067 trem
687 3011 973 3077 intellexit,
1007 3020 1061 3068 et
1100 3028 1224 3068 eum
1267 3012 1321 3077 in
1361 3014 1541 3084 seipso
1573 3015 1861 3080 intellexit,
1890 3024 1946 3071 et
1993 3015 2083 3069 Fi-

2178 1918 2245 1986 τῇ
2285 1915 2416 1986 ἁγίᾳ
2461 1914 2651 1986 Τριάδι
2685 1912 3087 1983 πιστευομένων
3118 1900 3481 1981 κατανοήσειε,
3506 1908 3681 1963 διὰτῶν

2179 2006 2357 2061 αὐτῶν
2414 2004 2835 2079 προσελεύσεται
2868 2002 3304 2076 ἀπαραλλάκτως
3323 2042 3337 2065 ,
3382 2003 3469 2054 ἐπὶ
3498 1998 3681 2069 Πατρὸς,

2180 2100 2274 2153 καὶ
2305 2098 2455 2165 Υίοῦ,
2509 2099 2604 2153 καὶ
2659 2098 2972 2169 Πνεύματος
3014 2096 3171 2165 ἁγίου
3204 2094 3303 2167 τὴν
3335 2093 3483 2158 δόξαν
3503 2091 3683 2162 βλέπων.

2180 2190 2238 2243 έν
2274 2189 2449 2243 οὐδενὶ
2506 2188 2869 2260 διαλείμματι⁴
2892 2187 3094 2256 μεταξὺ
3131 2185 3346 2258 Πατρὺς
3371 2185 3460 2238 καὶ
3483 2181 3592 2236 Υίοῦ
3618 2179 3685 2233 καὶ

2182 2282 2334 2350 ἁγίου
2365 2281 2683 2352 Πνεύματος
2714 2281 3081 2352 τῆςλδιανοίας
3111 2276 3555 2351 κενεμϐατούσης.
3579 2273 3685 2326 Διότι

2180 2373 2329 2428 οὐδέν
2358 2376 2475 2426 ἐστι
2503 2373 2566 2426 τὸ
2594 2372 2684 2426 διὰ
2711 2372 2878 2444 μέσου
2905 2371 3108 2425 τούτων
3128 2371 3577 2443 παρενειρόμενον,
3597 2364 3687 2420 οὔτι

2182 2466 2413 2536 πρᾶγμα
2438 2463 2685 2532 ὑφεστὼς
2716 2462 2843 2518 ἄλλο
2864 2481 2917 2517 τι
2952 2462 3105 2535 παρὰ
3139 2462 3238 2535 τὴν
3274 2462 3418 2516 θείαν
3451 2459 3606 2530 φύσιν,
3633 2455 3687 2517 ὡς

2182 2553 2563 2627 καταμερίζειν
2609 2554 2779 2625 αὐτὴν
2821 2554 2957 2626 πρὸς
2999 2554 3194 2623 ἑαυτὴν
3220 2552 3315 2606 διὰ
3343 2551 3439 2621 τῆς
3472 2546 3553 2603 τοῦ
3579 2545 3691 2601 ἁλλο-

2182 2648 2330 2719 τρίου
2386 2645 2832 2718 παρεμπτώσεως
2869 2645 3156 2699 δύνασθαιο
3204 2643 3332 2697 οὔτε
3385 2637 3690 2712 διαστήματός

2180 2756 2324 2802 τινος
2348 2739 2720 2793 άνυποστάτου
2740 2738 2983 2808 κενότης,
3012 2737 3132 2808 ἣτις
3158 2734 3446 2807 κεχηνέναι
3469 2734 3593 2786 ποιεῖ
3620 2727 3691 2797 τῆς

2184 2828 2332 2892 θείας
2358 2826 2546 2891 οὐσίας
2572 2827 2671 2899 τὴν
2704 2827 2841 2897 πρὸς
2887 2827 3083 2898 ἑαυτὴν
3123 2825 3411 2898 ἁρμονίαν,
3442 2825 3502 2893 τῇ
3540 2835 3693 2889 παρεν-

2184 2920 2327 2994 θήκῃ
2363 2922 2455 2975 τοῦ
2478 2921 2635 2974 κενοῦ
2653 2920 2715 2975 τὸ
2743 2921 2963 2991 συνεχὲς
2990 2919 3393 2975 διαστέλλουσα.
3429 2916 3553 2971 Ἀλλ’
3584 2917 3609 2968 ὁ
3628 2912 3692 2966 τὸν

2185 3011 2401 3084 Πατέρα
2429 3015 2627 3084 νοήσας
2648 3012 2808 3066 αὐτόν
2832 3029 2891 3065 τε
2917 3013 3001 3082 ἐφ’
3039 3011 3231 3065 ἑαυτοῦ
3262 3011 3468 3082 ἐνόησε,
3514 3008 3595 3061 καί
3631 3005 3695 3057 τὸν

515 3104 650 3158 lium
686 3103 854 3158 animi
882 3103 1230 3174 perceptione
1278 3104 1443 3160 simul
1481 3112 1566 3161 est
1603 3107 1942 3178 complexus.
1978 3107 2079 3174 Qui

2187 3104 2315 3157 Υίὸν
2342 3108 2407 3176 τῇ
2432 3105 2640 3178 διανοίᾳ
2679 3102 3141 3187 συμπαρεδέξατο.
3178 3103 3236 3156 '0
3254 3102 3314 3158 δὲ
3336 3102 3517 3157 τοῦτον
3539 3096 3693 3159 λαϐὼν,

517 3204 702 3250 autem
731 3195 975 3266 percepit
1001 3193 1281 3261 Filium,-a
1315 3195 1454 3251 Filio
1482 3197 1744 3269 Spiritum
1788 3215 1896 3253 non
1928 3214 2085 3269 sepa-

518 3289 678 3356 ravit,
702 3289 798 3346 sed
825 3296 1226 3360 consequenter
1245 3290 1461 3360 quidem
1490 3288 1790 3356 secundum
1814 3291 2081 3355 ordinem,

517 3380 812 3450 conjuncte
855 3396 985 3437 vero
1039 3381 1341 3437 secundum
1391 3388 1668 3445 naturam,
1711 3382 1874 3436 trium
1921 3382 2085 3437 simul

515 3472 837 3542 permistam
869 3473 923 3527 in
971 3473 1154 3542 seipse
1193 3472 1350 3528 Iidem
1393 3475 1679 3543 expressit.
1714 3474 1781 3528 Et
1823 3476 1917 3546 qui
1963 3475 2085 3548 Spi-

515 3564 686 3618 r’itum
729 3573 937 3619 tantum
970 3564 1130 3629 dixit,
1166 3566 1579 3635 comprehendit
1623 3568 1788 3621 simul
1820 3567 1923 3623 hac
1950 3584 2084 3623 con-

433 3691 443 3701 .
516 3652 757 3711 fessione
780 3663 835 3711 et
866 3671 990 3711 eum
1021 3656 1186 3723 cujus
1226 3655 1467 3726 Spiritus
1501 3665 1606 3713 est.
1636 3658 1700 3712 Et
1725 3662 1851 3729 quia
1879 3659 2083 3715 Christi

516 3754 604 3802 est
637 3746 895 3818 Spiritus.
925 3759 977 3802 et
1011 3764 1075 3802 ex
1113 3747 1245 3815 Deo,
1278 3748 1736 3819 quemadmodum
1774 3752 1909 3807 dicit
1944 3751 2083 3805 Pau-

517 3837 605 3894 lus
633 3839 716 3892 '°:
764 3851 825 3893 ut
869 3855 938 3895 ex
983 3851 1177 3896 catena
1207 3851 1512 3898 extremum
1551 3860 1721 3899 unum
1752 3845 1845 3916 qui
1889 3858 2083 3913 appre-

517 3930 729 3994 hendit,
774 3930 1005 3986 alterum
1060 3933 1227 3986 etiam
1268 3945 1569 3989 extremum
1611 3936 1774 3990 simul
1808 3934 2083 3997 attraxit;

518 4019 593 4072 ita
635 4022 726 4089 qni
778 4019 1041 4089 Spiritum
1077 4022 1324 4089 attraxit,
1381 4035 1439 4080 ut
1479 4026 1556 4079 ait
1608 4025 1875 4096 Propheta
1912 4025 1983 4089 ⁸⁸,
2030 4032 2085 4080 et

517 4104 715 4159 Filium
774 4116 827 4161 et
859 4105 1076 4161 Patrem
1110 4124 1208 4177 per
1254 4111 1432 4181 ipsum
1481 4113 1642 4167 simul
1706 4114 1890 4168 traxit.
1941 4111 2085 4179 Quin

516 4198 680 4251 etiam
728 4196 922 4250 Filium
959 4199 1005 4251 si
1039 4202 1164 4268 quis
1193 4218 1318 4257 vere
1374 4204 1817 4275 apprehenderit.
1862 4205 2085 4259 habebit

515 4303 640 4345 eum
683 4289 960 4359 utrinque,
1002 4292 1131 4348 hinc
1158 4296 1380 4364 quidem
1427 4297 1642 4353 Patrem
1698 4314 1881 4365 suum,
1935 4300 2083 4354 illinc

515 4394 646 4435 vero
679 4378 1250 4453 Spiritumproprium
1300 4401 1407 4440 una
1462 4402 1645 4443 secum
1698 4388 2079 4444 adducentem.

2182 3198 2277 3251 ,τοῦ
2309 3197 2435 3251 Υίοῦ
2463 3198 2769 3269 τδΠνεῦμα
2796 3198 2896 3251 οὐκ
2919 3194 3275 3267 ἅπεμέρισεν,
3304 3195 3417 3249 ἀλλ’
3440 3189 3697 3249 ἀκολούθως

2188 3289 2284 3360 μὲν
2309 3289 2450 3343 κατὰ
2487 3290 2585 3360 τὴν
2626 3290 2798 3354 τάξιν,
2834 3288 3197 3359 συνημμένως
3222 3288 3282 3340 δὲ
3310 3286 3449 3349 κατὰ
3466 3285 3555 3355 τὴν
3577 3280 3699 3351 φύσιν

2181 3379 2292 3434 τῶν
2318 3380 2483 3452 τριῶν
2515 3380 2652 3433 κατὰ
2674 3379 2867 3433 ταυτὸν
2895 3377 3348 3449 συγκεκραμένην
3368 3379 3425 3431 ὲν
3460 3368 3699 3442 ἑαυτῷτῷ

2183 3452 2362 3526 τῖίστιν
2386 3471 2787 3526 ἅνετυπώσατο.
2827 3472 2939 3525 Καὶ
2966 3472 2994 3523 ὁ
3026 3471 3086 3524 τὸ
3117 3469 3344 3541 Πνεῦμα
3368 3469 3535 3541 ,μόνον
3571 3461 3699 3519 είπὼν

2185 3561 2584 3636 συμπεριέλαϐε
2604 3564 2672 3633 τῇ
2704 3561 2966 3632 ὁμολογίᾳ
3000 3559 3171 3633 ταύτῃ
3203 3560 3300 3614 καὶ
3342 3559 3435 3613 τὸν
3465 3552 3522 3612 οὗ
3546 3549 3701 3608 έστιτδ

2185 3655 2428 3726 Πνεῦμα.
2476 3654 2588 3708 Καὶ
2642 3652 2828 3724 ἐπειδὴ
2867 3651 2962 3705 τοῦ
2994 3651 3230 3723 Χριστοῦ
3273 3653 3392 3705 ἐστι
3420 3650 3479 3704 τὸ
3503 3645 3699 3714 Πνεῦμα.

2183 3746 2277 3800 καὶ
2306 3748 2369 3799 ἐκ
2394 3745 2487 3799 τοῦ
2518 3744 2672 3808 Θεοῦ,
2707 3742 2886 3807 καθώς
2915 3760 3078 3814 φησιν
3104 3745 3132 3796 ὁ
3157 3742 3372 3807 Παῦλος
3388 3740 3494 3811 (19)
3513 3757 3526 3770 ·
3557 3736 3702 3802 ὥσπερ

2183 3837 2242 3903 ἐξ
2277 3837 2514 3901 ἁλύσεως
2536 3839 2565 3889 ὁ
2585 3835 2676 3890 τοῦ
2707 3836 2825 3899 ἑνὸς
2852 3836 3020 3905 ἄκρου
3044 3835 3324 3906 ἁψάμενος
3356 3834 3449 3888 καὶ
3473 3830 3530 3885 τὸ
3556 3830 3701 3897 ἕτερον

2183 3929 2349 4001 ἄκρον
2397 3927 2861 3992 συνεπεσπάσατο,
2892 3927 3065 3991 οὕτως
3098 3928 3126 3980 ὁ
3150 3925 3211 3980 τὸ
3247 3924 3472 3997 Πνεῦμα
3499 3919 3703 3978 ἑλκύσας.

2185 4018 2367 4081 καθώς
2385 4036 2546 4089 φησιν
2573 4021 2601 4072 ὀ
2629 4020 2940 4091 Προφήτης,
2968 4018 3037 4071 δι’
3074 4016 3238 4071 αὐτοῦ
3268 4015 3364 4071 καὶ
3389 4015 3479 4069 τὸν
3504 4012 3616 4065 Υίὺν
3637 4006 3705 4059 καὶ

2184 4111 2272 4165 τὸν
2290 4109 2507 4181 Πατέρα
2522 4109 2995 4180 συνεφειλκύσατο.
3013 4110 3124 4163 Καὶ
3156 4110 3205 4162 εἰ
3226 4108 3319 4162 τὸν
3346 4108 3473 4161 Υίὸν
3488 4097 3706 4175 ἀληθινῶς

2184 4220 2266 4265 τις
2290 4201 2463 4266 λάϐοι,
2493 4200 2604 4266 ἕξει
2634 4203 2795 4256 αὐτὸν
2825 4201 3295 4273 ἑκατέρωθεν,
3327 4201 3425 4271 μὲν
3453 4197 3538 4250 τὸν
3553 4186 3706 4248 ἑαυτοῦ

2184 4293 2421 4363 Πατέρα,
2446 4293 2521 4363 πὴ
2543 4293 2600 4346 δὲ
2626 4293 2688 4346 τὸ
2720 4293 2848 4347 ίδιον
2888 4292 3108 4364 Πνεῦμα
3129 4292 3579 4362 συνεπαγόμενον.
3603 4282 3707 4339 Οὔτε

2184 4384 2291 4456 γὰρ
2321 4386 2413 4437 τοῦ
2441 4385 2653 4455 Πατρὸς
2674 4386 2702 4437 ὁ
2750 4385 2838 4438 ἀεὶ
2864 4387 2924 4439 έν
2949 4385 3026 4457 τῷ
3052 4386 3227 4456 Πατρὶ
3260 4383 3338 4439 ὢν
3367 4378 3707 4453 ἀποτμηθῆναι

514 4466 702 4539 Neque
755 4469 902 4524 enim
936 4486 968 4524 a
1010 4470 1174 4527 Patre
1203 4474 1293 4543 qui
1330 4490 1542 4546 semper
1575 4487 1661 4534 est
1706 4480 1759 4532 in
1790 4477 1949 4533 Patre
1987 4479 2079 4533 ab-

2182 4476 2488 4545 δυνήσεται,
2513 4476 2637 4530 οὔτε
2661 4477 2755 4530 τοῦ
2787 4477 3101 4549 Πνεύματός
3132 4494 3261 4532 ποτε
3298 4474 3707 4547 διαζευχθήσεται

514 4562 692 4620 soimli
748 4562 968 4632 poterit,
1004 4579 1181 4635 neque
1228 4581 1260 4619 a
1307 4568 1533 4637 preprio
1580 4566 1784 4638 Spiritu
1837 4584 2076 4638 unquam

513 4653 832 4725 sejungetur
863 4655 956 4726 qui
1008 4656 1063 4710 in
1108 4658 1231 4727 ipso
1253 4656 1416 4711 ellicit
1440 4661 1643 4713 omnia.
1683 4659 1949 4714 Similiter
1982 4674 2080 4713 au-

510 4738 708 4803 tem’et
734 4746 829 4818 qui
866 4745 1079 4803 Patrem
1110 4751 1334 4819 recepit,
1358 4751 1526 4806 simul
1558 4766 1772 4822 quoque
1801 4760 1854 4808 et
1882 4751 2077 4806 Filium

511 4846 569 4894 et
603 4836 864 4908 Spiritum
894 4846 1163 4908 potestate
1192 4841 1416 4912 recepit.
1448 4840 1566 4897 Non
1594 4843 1740 4899 enim
1761 4850 1938 4914 potest
1967 4844 2079 4897 ullo

512 4927 679 4983 modo
707 4929 881 4983 sectio
913 4939 1008 4985 aut
1049 4929 1249 4985 divisio
1289 4934 1611 5004 excogitari,
1652 4934 1727 4987 ita
1761 4945 1821 4988 ut
1866 4943 1959 4988 aut
1987 4934 2078 4989 Fi-

494 5014 622 5069 ‘lius
653 5014 861 5086 absque
887 5014 1049 5073 Patre
1093 5018 1451 5088 intelligatur,
1492 5030 1587 5075 aut
1627 5021 1862 5092 Spiritus
1892 5024 2078 5093 sejun-

512 5111 672 5175 gatur
699 5119 732 5160 a
775 5104 959 5160 Filio:
998 5107 1093 5162 sed
1138 5107 1195 5161 in
1249 5107 1337 5162 his
1384 5109 1675 5166 inelfabilis
1721 5112 1969 5182 qusedam
2022 5121 2078 5168 et

580 5261 629 5294 ³⁸
656 5258 815 5316 Rom.
850 5274 969 5326 vnl,
995 5261 1075 5339 9.‘
1128 5262 1171 5294 ἰ
1205 5261 1350 5319 Psal.
1386 5280 1573 5334 cxvin,
1613 5267 1730 5321 151.

578 5415 693 5498 (l6)
735 5418 836 5498 Ἐκ
865 5416 1179 5498 μηδεμιᾴς.
1212 5418 1409 5477 Deerat
1451 5422 1508 5476 in
1553 5421 1713 5478 editis
1767 5422 2078 5494 przepositio

507 5500 629 5555 quae
660 5487 856 5555 legitur
885 5489 939 5542 in
962 5490 1215 5545 omnibus
1248 5508 1383 5547 mss.

580 5555 692 5635 ll?)
732 5556 1250 5635 Παριζδεδρμένων.
1290 5560 1377 5616 ρΙιει
1421 5576 1608 5618 omnes
1653 5578 1787 5635 mss.
1823 5572 1878 5618 et
1908 5562 2095 5635 Nyss-

510 5622 652 5680 Editi
674 5622 1140 5749 παραδιδομένων.
1185 5641 1410 5703 excepta
1435 5641 1612 5687 tamen
1637 5632 1874 5689 editione
1904 5622 2079 5705 [laga-

510 5710 702 5749 noensu
734 5703 789 5748 et
818 5696 938 5749 Bas:
965 5738 978 5749 .
1005 5714 1201 5749 nrima.

508 5696 702 5768 noenAsi
734 5703 789 5768 et
815 5696 978 5768 llasil.
1005 5702 1201 5768 prima.

578 5764 693 5838 (l8)
739 5763 1201 5825 ‘Adtdu'xdo'tor.
1223 5770 1373 5827 Harl.
1394 5781 1448 5829 et
1471 5789 1614 5830 unus
1636 5790 1696 5831 ex
1717 5773 1898 5837 Regiis
1926 5775 2076 5829 data-

2182 4566 2275 4620 τοῦ
2308 4568 2435 4621 ἰδίου
2461 4570 2489 4620 ὁ
2512 4568 2688 4622 πάντα
2721 4572 2777 4622 ὲν
2804 4569 2953 4640 αὐτῷ
2976 4570 3233 4642 ἐνεργῶν.
3277 4569 3547 4630 Ὡσαύτως
3575 4564 3623 4617 δὲ
3640 4558 3708 4613 καὶ

2183 4661 2212 4712 ὁ
2236 4658 2325 4713 τὸν
2354 4658 2571 4730 Πατέρα
2592 4659 2881 4731 δεξάμενος
2901 4661 2994 4713 καὶ
3021 4661 3112 4715 τὸν
3144 4662 3270 4715 Υίὸν
3317 4662 3412 4715 καὶ
3439 4659 3498 4714 τὸ
3526 4650 3711 4723 Πνεῦμα

2185 4748 2629 4820 σύμ-παρεδέξατο
2663 4753 2729 4821 τῇ
2772 4750 3018 4823 δυνάμει.
3044 4752 3118 4805 Οὐ
3152 4752 3259 4822 γὰρ
3286 4752 3436 4805 ἔστιν
3468 4745 3709 4814 ἐπινοῆσαι

2183 4838 2352 4910 τομὴν
2389 4840 2422 4911 ἢ
2474 4841 2736 4915 διαίρεσιν
2777 4843 2896 4896 κατ’
2946 4842 3136 4896 οὐδένα
3188 4843 3412 4914 τρόπον,
3435 4842 3511 4905 ὡς
3554 4833 3712 4908 ἣΥἱὺν

2183 4932 2350 5001 χωρὶς
2381 4931 2593 5002 Πατρὸς
2631 4931 2961 5004 νοηθῆναι.ῆ
2993 4933 3053 4985 τὸ
3084 4931 3309 5003 Πνεῦμα
3340 4930 3438 4985 τοῦ
3473 4928 3594 4983 Υίοῦ
3621 4924 3713 4976 δια·

2178 5022 2508 5093 ζευχθῆναι’
2545 5024 2683 5078 ἀλλά
2730 5042 2817 5088 τις
2865 5025 3100 5098 ἄρρητος
3152 5025 3245 5078 καὶ
3290 5022 3645 5091 ἀκατανόητος
3671 5015 3713 5065 ἐν

2175 5114 2382 5180 τούτοις
2411 5116 2884 5187 καταλαμϐάνεται
2906 5118 2999 5171 καὶ
3026 5119 3061 5189 ἡ
3087 5117 3337 5173 κοινωνία
3362 5117 3459 5177 καὶ
3483 5117 3515 5186 ἡ
3546 5111 3715 5177 διαχρε-

2181 5443 2392 5568 “ﬁgit
2412 5498 2472 5550 Ὀ
2506 5496 2767 5564 Παῦλος.
2807 5495 2958 5553 Harl.
2996 5505 3050 5553 et
3077 5505 3189 5568 tres
3218 5493 3367 5568 alii‘o
3406 5483 3717 5568 Ἀπρςτολξι

2176 5551 2355 5623 Paulo,
2386 5576 2508 5638 post
2540 5551 2764 5638 quidam
2798 5551 2953 5623 mss.
2973 5551 3085 5638 καὶὴ
3111 5551 3204 5620 τὸν
3237 5563 3363 5638 Ϊίὸν
3405 5555 3615 5632 ἀληθῶς
3646 5551 3706 5603 λά·

2178 5640 2282 5692 6οι.
2330 5624 2453 5694 mox
2498 5624 2708 5697 editi-:22
2740 5639 2894 5708 ἅγιον
2948 5637 3191 5708 Πνεῦμα.
3231 5635 3451 5705 Septem
3498 5624 3632 5685 'mss.
3682 5624 3718 5675 ει

2178 5710 2337 5780 Greg.
2369 5709 2529 5781 Nyss.
2559 5717 2617 5764 ut
2648 5711 2700 5766 in
2733 5716 2904 5765 textu.
3154 5730 3155 5733 η
