3830 6514
556 420 658 477 ’451

1847 406 1905 460 S.
1952 400 2128 458 BASII

2234 400 2441 457 mest
2852 402 2859 409 ‘
3608 416 3682 473 m

562 538 790 600 delicet,
848 542 902 589 et
959 529 1261 585 intueberis
1316 527 1560 599 paciﬁcis
1619 526 1835 588 oculis,
1889 534 2123 590 cumque

2234 518 2393 583 ιῦτως
2422 520 2692 591 ἐγχειρεῖν
2729 522 2841 582 τοῖς
2869 515 3334 587 σπουδαζομένας.
3368 521 3451 573 ’ον
3483 525 3559 578 καὶ
3588 528 3685 583 ὑπο.

562 644 784 703 precum
846 624 1094 681 subsidio
1166 610 1437 676 ﬁrmatum
1471 660 1486 683 ,
1535 634 1598 672 ac
1641 618 1948 672 litterarum
2011 612 2127 667 via-

560 724 671 781 tico
723 718 985 774 munitum
1016 757 1030 780 ,
1069 715 1177 769 imo
1215 714 1375 767 etiam
1428 711 1692 766 bonorum
1743 709 1835 780 qui
1876 706 2018 779 apud
2074 713 2128 760 te

563 826 691 873 sunt
763 812 1036 868 nonnullis
1098 808 1413 877 adjunctum
1446 844 1461 868 ,
1511 802 1576 857 ad
1625 801 1901 873 proposita
1952 800 2125 855 dedu-

564 924 676 965 ces.
731 904 899 960 Nobis
957 910 1135 957 autem
1168 914 1345 969 operae
1370 896 1601 967 pretium
1634 908 1759 949 esse
1806 892 1985 947 visum
2044 893 2130 944 est

565 999 632 1054 ad
662 997 977 1069 episcopum
1000 992 1183 1047 Romae
1212 989 1451 1046 scribere
1475 1028 1489 1052 ,
1544 993 1602 1040 ut
1654 1000 1743 1040 res
1790 992 2005 1038 nostras
2038 980 2127 1033 in-

557 1090 706 1155 visat
735 1128 750 1152 ,
782 1095 836 1143 et
871 1087 1156 1153 consilium
1210 1084 1341 1141 dare
1367 1123 1382 1145 ,
1421 1087 1479 1135 ut
1509 1093 1632 1133 cum
1663 1077 1813 1131 illinc
1851 1072 2125 1129 communi

566 1198 630 1237 ac
683 1179 944 1253 synodico
993 1178 1209 1232 decreto
1263 1173 1474 1244 aliquos
1530 1170 1673 1227 mitti
1737 1168 1955 1223 dimcile
2009 1166 2126 1233 sit,

562 1276 682 1346 ipse
716 1273 817 1327 hoc
843 1270 1116 1340 negotium
1158 1282 1259 1321 suo
1301 1273 1477 1319 marte
1508 1263 1850 1335 aggrediatur
1873 1301 1888 1325 ,
1923 1258 2128 1330 eligens

556 1367 817 1423 homines
865 1363 1091 1417 idoneos
1141 1358 1208 1413 ad
1239 1357 1590 1428 perferendos
1639 1354 1852 1409 itineris
1872 1351 2126 1413 labores;

561 1458 793 1514 idoneos
846 1454 913 1509 ad
946 1469 1061 1516 eos,
1096 1453 1188 1525 qui
1249 1450 1391 1520 apud
1440 1464 1543 1504 nos
1577 1445 1817 1518 perversi
1848 1453 2018 1507 sunt,
2053 1443 2129 1497 le-

568 1552 739 1606 nitate
781 1565 846 1604 ac
902 1547 1069 1602 animi
1118 1546 1423 1603 constantia
1471 1540 1865 1612 corrigendos;
1921 1551 2043 1609 apte
2075 1546 2129 1593 et

568 1650 921 1713 attemperate
973 1647 1185 1694 utentes
1245 1652 1495 1692 sermone
1521 1677 1537 1703 ,
1580 1647 1874 1704 secumque
1927 1631 2130 1685 haben-

568 1745 650 1792 tes
679 1746 1015 1805 quaecunque
1063 1739 1184 1801 post
1233 1727 1579 1783 Ariminense
1629 1724 1924 1783 concilium
1974 1727 2128 1792 gesta

566 1832 731 1888 sunt,
799 1823 866 1878 ad
920 1836 1108 1883 eorum
1157 1834 1276 1890 quae
1330 1833 1425 1889 per
1471 1816 1576 1871 vim
1609 1815 1719 1870 illic
1765 1820 1886 1868 acta
1916 1809 2130 1865 fuerant

565 1914 1015 1976 dissolutionem;
1052 1909 1230 1980 iique,
1269 1907 1484 1963 nemine
1516 1906 1755 1970 sciente,
1811 1903 1946 1959 citra
1989 1910 2128 1956 stre—

568 2008 736 2078 pitum
785 2020 880 2076 per
914 2019 1063 2059 mare
1114 2002 1221 2058 huc
1279 2000 1617 2067 adveniant,
1676 2006 1737 2059 ut
1812 1997 2128 2069 opinionem

568 2100 917 2156 inimicorum
966 2096 1116 2167 pacis
1148 2101 1495 2169 praevertam.

635 2296 691 2350 2.
733 2293 1052 2364 Requiritur
1102 2302 1279 2351 autem
1336 2299 1390 2347 et
1447 2289 1575 2349 illud
1633 2304 1663 2343 a
1705 2288 1984 2347 nonnullis
2037 2286 2129 2358 qui

571 2388 662 2443 hic
711 2394 841 2442 sunt
869 2424 885 2444 .
934 2399 998 2439 ac
1035 2383 1349 2439 necessario
1393 2382 1612 2452 quidem
1639 2420 1654 2446 ,
1686 2388 1747 2434 ut
1781 2380 1943 2437 etiam
1973 2379 2132 2433 nobis

568 2472 706 2545 ipsis
737 2470 969 2534 videtur,
1024 2478 1082 2529 ut
1115 2468 1217 2540 ipsi
1253 2467 1491 2529 Marcelli
1517 2468 1763 2525 haeresim
1804 2466 1952 2520 velut
2005 2481 2136 2537 pera

568 2566 854 2627 niciosam.
910 2560 965 2618 et
994 2564 1229 2627 noxiam,
1267 2568 1321 2619 et
1370 2576 1400 2616 a
1448 2576 1581 2623 sana
1616 2560 1718 2615 (ide
1744 2560 1975 2615 alienam
2033 2574 2129 2614 ex-

569 2658 884 2713 terminent.
924 2653 1058 2713 Nam
1114 2653 1376 2713 hactenus
1412 2652 1468 2707 itt
1522 2653 1777 2713 omnibus
1822 2667 1960 2722 quas
1989 2651 2131 2707 seri-

569 2749 706 2803 bunt
759 2745 953 2801 litteris
986 2784 1002 2810 ,
1056 2744 1243 2799 Arium
1311 2743 1532 2814 quidem
1593 2742 1816 2797 infausti
1895 2741 2131 2799 nominis

568 2841 745 2895 virum
778 2853 980 2908 susque
1016 2837 1191 2906 deque
1237 2836 1581 2899 anathemate
1622 2834 1802 2899 ferire,
1849 2842 1904 2890 et
1936 2833 2004 2888 ab
2029 2831 2131 2888 Ec-

568 2931 752 2989 clesiis
800 2930 1039 2999 relegare
1072 2943 1180 2987 non
1220 2936 1438 2985 cessant
1472 2944 1485 2980 :
1536 2927 1797 2983 Marcello
1850 2942 2000 2991 vero,
2036 2927 2129 2997 qui

569 3024 900 3095 impietatem
941 3022 989 3076 ei
1031 3036 1096 3076 ex
1168 3020 1438 3075 diametro
1508 3019 1814 3089 oppositam
1861 3019 2127 3090 protulit,

568 3122 622 3171 et
662 3115 718 3171 in
748 3113 920 3183 ipsam
964 3111 1266 3168 divinitatis
1310 3110 1585 3182 Unigeniti
1619 3112 1993 3168 exsislentiam
2026 3112 2129 3166 im-

2226 610 2348 683 δέξῃ
2374 610 2634 683 δηλονότι,
2656 612 2750 665 καὶ
2773 608 3132 683 προσϐλέψας
3160 608 3428 679 εἰρηνικοῖς
3445 610 3685 687 item,

2230 701 2485 771 στηρίξας
2522 717 2583 753 τε
2630 702 2792 754 αὑτὸν
2831 703 2898 771 τῇ
2928 698 3016 753 διὰ
3060 699 3170 752 τῶν
3204 699 3490 771 προσευχῶν

2229 791 2322 846 καὶ
2350 791 2635 860 ἐφοδιάσας
2668 791 2993 863 γράμμασι,
3024 789 3222 861 μᾶλλον
3245 788 3301 851 δὲ
3319 791 3405 845 καὶ
3427 796 3690 866 παραζεύξας

2227 885 2379 949 τινὰς
2405 884 2513 954 (67)
2552 884 2659 939 τῶν
2704 885 2926 939 αὐτόθεν
2960 882 3291 948 σπουδαίων,
3321 884 3406 938 ἐπὶ
3442 886 3502 940 τὰ
3533 894 3694 960 προικί.

2233 993 2366 1046 μενα
2387 977 2693 1048 ὁδηγήσεις.
2740 976 2940 1048 Ἐφάνη
2970 976 3026 1032 δὲ
3063 977 3195 1046 ἡμῖν
3230 975 3491 1032 ἀκόλουθον
3517 980 3695 1038 tuitui.

2229 1066 2314 1120 λαι
2340 1066 2419 1138 τῷ
2449 1067 2733 1139 ἐπισκόπῳ
2772 1067 3009 1139 Ῥώμης,
3032 1066 3414 1137 ἐπισκέψασθαι
3432 1069 3497 1123 τὰ
3511 1072 3699 1141 ἐνταῦθα,

2229 1159 2324 1214 καὶ
2359 1160 2538 1216 δοῦναι
2579 1159 2803 1233 γνώμην
2826 1202 2841 1227 ,
2875 1161 2940 1214 ἶν’
2966 1159 3150 1232 ἐπειδὴ
3190 1159 3296 1213 ἀπὸ
3324 1161 3486 1215 κοινοῦ
3515 1164 3591 1217 καὶ
3614 1182 3701 1219 συν.

2228 1252 2406 1306 οδικοῦ
2446 1252 2713 1324 δόγματος
2764 1251 3134 1323 ἀποσταλῆναί
3185 1267 3333 1316 τινας
3378 1252 3597 1308 δύσκολον
3631 1257 3706 1315 τῶν

2230 1343 2438 1399 ἐκεῖθεν
2462 1387 2475 1406 .
2517 1339 2677 1399 αὑτὸν
2709 1344 3035 1416 αὐθεντῆσαι
3066 1346 3194 1416 περὶ
3232 1343 3292 1397 τὸ
3320 1346 3530 1416 πρᾶγμα
3549 1385 3563 1409 ,
3595 1348 3704 1401 tatis.

2230 1432 2458 1504 ξάμενον
2496 1433 2696 1505 ἄνδρας
2721 1436 2937 1497 ἱκανοὺς
2968 1434 3064 1505 μὲν
3106 1433 3400 1507 ὁδοιπορίας
3442 1436 3606 1500 πόνους
3635 1439 3710 1493 ὓπ-

2230 1526 2470 1595 ενεγκείν
2495 1526 2626 1597 (68),
2663 1528 2880 1598 ἱκανοὺς
2901 1527 2955 1583 δέ
2986 1527 3251 1600 πραότητι
3277 1526 3368 1581 καὶ
3388 1528 3574 1600 εὐτονίᾳ
3596 1529 3709 1600 ἡθους

2228 1614 2355 1680 τοὺς
2388 1616 2801 1689 ἐνδιαστρόφους
2828 1616 2935 1670 τῶν
2961 1617 3090 1687 παρ’
3120 1618 3252 1687 ἡμῖν
3288 1617 3605 1686 νουθετῆσαι·
3629 1620 3713 1672 ἐπι-

2229 1708 2455 1779 τηδείως
2499 1707 2556 1762 δέ
2597 1708 2691 1762 καὶ
2727 1707 3083 1779 οἰκονομικῶς
3115 1707 3476 1780 κεχρημένους
3513 1707 3577 1779 τῷ
3598 1708 3713 1777 λόγῳ,

2230 1803 2324 1855 καὶ
2378 1802 2556 1855 πάντα
2611 1800 2832 1872 ἔχοντας
2875 1799 2993 1871 μεθ’
3027 1798 3235 1856 ἑαυτῶν
3287 1798 3354 1859 τὰ
3399 1800 3524 1870 μετὰ
3559 1801 3716 1872 Ἀριιιί·

2230 1911 2318 1949 νον
2350 1893 2459 1966 (69)
2496 1893 2884 1966 πεπραγμένα,
2931 1893 3023 1950 ἐπὶ
3066 1892 3215 1948 λύσει
3249 1891 3357 1954 τῶν
3396 1894 3506 1957 κατ’
3538 1891 3721 1962 ἀνάγκην

2230 1987 2346 2039 ἐκεῖ
2376 1987 2684 2058 γενομένων
2704 2002 2722 2017 δ
2756 1988 2849 2041 καὶ
2874 1987 3031 2040 τοῦτο
3058 1984 3285 2057 μηδενὸς
3314 1984 3519 2048 εἰδότος,
3542 1983 3723 2055 ἀψοφητὶ

2228 2074 2317 2133 διὰ
2343 2079 2616 2151 θαλάσσης
2638 2076 2925 2149 ἐπιστῆναι
2951 2080 3062 2141 τοῖς
3099 2070 3201 2131 ὧδε
3230 2117 3243 2139 ,
3284 2076 3423 2148 ὑπὲρ
3459 2076 3543 2129 τοῦ
3578 2076 3726 2146 φθάσαι

2229 2170 2327 2242 τὴν
2354 2170 2603 2242 αἴσθησιν
2641 2170 2751 2224 τῶν
2785 2168 2992 2241 ἐχθρῶν
3025 2170 3124 2240 τῆς
3154 2168 3399 2240 εἰρήνης.

2300 2282 2353 2336 2.
2395 2278 2759 2352 Ἑπιζητείται
2785 2282 2841 2336 δὲ
2872 2283 3092 2335 κάκεῖνο
3112 2279 3269 2352 παρά
3296 2296 3457 2333 τινων
3481 2277 3579 2332 τῶν
3600 2276 3732 2329 ἐντεῦ-

2231 2374 2322 2427 θεν
2339 2416 2352 2437 ,
2386 2374 2697 2442 ἀναγκαίως
2722 2414 2737 2437 ,
2771 2374 2845 2438 ὡς
2874 2374 2968 2428 καὶ
2999 2374 3182 2437 αὐτοῖς
3224 2375 3360 2445 ἡμῖν
3389 2370 3734 2442 καταφαίνεται.

2230 2465 2292 2519 τὸ
2323 2466 2420 2538 τὴν
2447 2467 2765 2539 Μαρκέλλου
2818 2467 3029 2537 αἵρεσιν
3072 2468 3273 2531 αὐτοὺς
3305 2467 3383 2529 ὡς
3422 2463 3636 2536 χαλεπὴν
3672 2463 3740 2515 καὶ

2234 2557 2532 2631 βλαϐερὰν,
2580 2560 2673 2612 καὶ
2712 2559 2813 2629 τῆς
2850 2558 3195 2630 ὑγιαινούσης
3243 2559 3481 2627 πίστεως
3509 2556 3741 2627 ἀλλοτρίως

2232 2651 2488 2723 ἔχουσαν,
2518 2650 2759 2724 ἐξορίσαι
2789 2650 2922 2724 (ἷθ).
2959 2650 3109 2704 Ἐπεὶ
3145 2651 3315 2723 μέχρι
3343 2650 3436 2705 τοῦ
3468 2650 3557 2705 νῦν
3593 2652 3641 2703 ἐν
3668 2650 3745 2702 πᾶ-

2232 2760 2315 2797 σιν
2347 2736 2428 2807 οἷς
2458 2741 2825 2815 ἐπιστέλλουσι
2872 2743 3195 2814 γράμμασι,
3234 2743 3332 2797 τὸν
3372 2743 3470 2815 μὲν
3494 2741 3745 2813 δυσώνυμον

2235 2835 2451 2906 Ἀρειον
2478 2835 2588 2903 ἄνω
2618 2836 2712 2889 καὶ
2736 2833 2886 2897 κάτω
2917 2833 3410 2907 ᾁναθεματίζοντες
3431 2836 3523 2889 καὶ
3545 2834 3639 2887 τῶν
3663 2833 3751 2887 Ἐκ-

2232 2925 2467 2996 κλησιῶν
2510 2926 2839 3001 ἐξορίζοντες
2870 2926 2930 2980 οὐ
2959 2927 3331 2985 διαλείπουσι·
3379 2925 3660 2999 Μαρκέλλῳ
3693 2922 3752 2984 δὲ.

2229 3015 2308 3087 τῷ
2341 3017 2483 3072 κατὰ
2531 3018 2819 3091 διάμετρον
2860 3017 3050 3088 ἐκείνῳ
3093 3018 3193 3091 τὴν
3233 3020 3497 3073 ἀσέϐειαν
3539 3014 3758 3079 ἐπιδειξαο

2236 3111 2412 3184 μένῳ,
2443 3111 2536 3171 καὶ
2575 3114 2655 3176 εἰς
2687 3112 2856 3185 αὐτὴν
2898 3113 2997 3185 τὴν
3037 3111 3275 3184 ὓπαρξιν
3323 3114 3425 3185 τῆς
3451 3111 3544 3164 τοῦ
3568 3112 3756 3176 Moms-

573 3208 694 3277 pius
750 3205 873 3267 fuit,
929 3212 983 3259 et
1012 3202 1175 3261 Verbi
1225 3204 1644 3274 appellationem
1676 3219 1839 3274 prave
1877 3203 2128 3274 accepit,

2236 3204 2359 3270 νοῦς
2387 3204 2637 3277 θεότητος
2667 3205 2996 3277 ἀσεϐήσαντι
3012 3245 3027 3271 ,
3056 3208 3151 3260 καὶ
3176 3205 3380 3271 κακῶς
3403 3204 3503 3277 τὴν
3524 3202 3611 3255 τοῦ
3631 3201 3764 3268 Αιγαυ

569 3299 785 3355 nullum
842 3297 1092 3353 videntur
1132 3298 1383 3353 intulisse
1436 3295 1787 3366 vituperium.
1849 3295 1951 3363 Qui
1998 3294 2134 3351 Ver-

571 3395 696 3448 bum
726 3391 944 3463 quidem
994 3390 1198 3446 dictum
1233 3388 1402 3445 fuisse
1450 3385 1800 3460 Unigenitum
1829 3388 2082 3443 concedit
2114 3429 2130 3454 ,

569 3485 638 3539 ad
688 3499 847 3541 usum
888 3491 941 3539 et
995 3484 1062 3537 ad
1106 3490 1320 3551 tempus
1357 3482 1745 3552 progrediens,
1798 3482 1891 3537 sed
1940 3482 2133 3543 rursus

569 3576 637 3631 ad
684 3591 806 3632 eum
839 3574 982 3630 unde
1029 3574 1230 3647 prodiit
1276 3580 1578 3639 revertens,
1631 3588 1809 3644 neque
1848 3584 1973 3632 ante
2010 3574 2127 3629 exi-

567 3673 682 3720 tum
736 3679 879 3728 esse,
920 3678 1097 3734 neque
1148 3670 1270 3733 post
1320 3662 1552 3718 reditum
1589 3663 1908 3721 subsistere.
1952 3664 2133 3734 Atque

568 3756 734 3827 hujus
777 3756 856 3811 rei
893 3763 1211 3828 argumenta
1240 3764 1370 3810 sunt
1409 3756 1609 3811 servati
1666 3756 1808 3826 apud
1844 3770 1946 3812 nos
1975 3757 2131 3813 nefa-

492 3868 495 3869 ν
567 3852 662 3905 rize
696 3850 841 3904 illius
876 3848 1188 3918 scriptionis
1223 3847 1377 3921 163
1431 3847 1574 3902 libri.
1616 3846 1719 3905 Sed
1767 3858 1946 3905 tamen
2002 3866 2133 3908 nus-

569 3955 731 4011 quam
765 3957 889 3996 eum
924 3940 1218 4010 reprobare
1253 3941 1353 3997 visi
1392 3946 1560 4004 sunt;
1610 3939 1772 4011 idque
1813 3955 1879 3995 eo
1914 3943 2133 3999 nomine

572 4034 858 4103 vituperali
885 4074 901 4101 ,
945 4031 1091 4104 quod
1123 4048 1246 4087 eum
1280 4032 1350 4093 al)
1411 4032 1567 4087 initio
1603 4047 1668 4087 ex
1709 4031 1948 4090 veritatis
1978 4033 2133 4106 igno-

570 4126 858 4179 rationein
903 4124 1336 4180 ecclesiasticam
1379 4126 1543 4180 etiam
1576 4124 2012 4187 communionem
2046 4141 2132 4185 re-

569 4217 830 4286 ceperint.
860 4216 1025 4288 lgitur
1056 4226 1111 4274 et
1144 4217 1323 4284 illius,
1375 4226 1435 4272 ut
1467 4232 1565 4288 par
1590 4228 1672 4275 est
1694 4258 1709 4283 ,
1755 4220 1869 4276 ﬁeri
1899 4221 2131 4279 mentio-

569 4318 693 4359 nem
725 4319 812 4359 res
871 4314 1165 4377 prmsentes
1196 4307 1493 4376 postulant,
1546 4310 1725 4380 utqui
1786 4312 2128 4368 occasionem

569 4405 857 4465 quaerunt,
916 4396 1256 4452 occasionem
1339 4414 1447 4453 non
1509 4399 1781 4465 habeant,
1833 4401 1960 4457 dum
2012 4403 2130 4460 sani

2234 3296 2601 3369 προσηγορίαν
2632 3294 2970 3368 ὲκδεξαμένῳ
2994 3338 3010 3362 ,
3056 3297 3324 3369 οὐδεμίαν
3357 3295 3562 3369 μέμψιν
3588 3296 3765 3359 ἐπενεγ-

2232 3390 2417 3453 κόντες
2444 3389 2743 3459 φαίνονται.
2783 3391 2876 3454 Ὃς
2903 3390 3074 3460 Λόγον
3109 3390 3209 3461 μὲν
3236 3388 3504 3462 εἰρῆσθαι
3527 3388 3612 3445 τδν
3635 3387 3771 3440 Μονο-

2231 3483 2361 3555 γενῆ
2388 3483 2587 3547 δίδωσι,
2612 3482 2752 3537 κατὰ
2779 3483 2967 3555 χρείαν
2996 3485 3089 3538 καὶ
3113 3484 3207 3537 ἐπὶ
3231 3481 3445 3557 καιροῦ
3470 3477 3770 3553 προελθόντι.

2232 3575 2396 3628 πάλιν
2425 3574 2482 3628 δὲ
2510 3577 2589 3639 εἰς
2618 3574 2710 3629 τὸν
2732 3574 2853 3629 ὅθεν
2880 3573 3103 3647 ἐξῆλθεν
3130 3572 3665 3646 ὲπαναστρὲψαντα,
3685 3566 3778 3621 o’m

2234 3667 2337 3741 πρὸ
2364 3668 2459 3739 τῆς
2500 3667 2679 3734 ἐξόδου
2708 3663 2844 3725 εἶναι
2868 3709 2883 3734 ,
2914 3668 3038 3723 οὔτε
3081 3669 3221 3741 μετὰ
3274 3667 3381 3742 τὴν
3425 3665 3671 3721 ἐπάνοδον
3704 3662 3778 3729 ὑφ’

2231 3761 2466 3823 εστάναι.
2495 3761 2605 3819 Καὶ
2633 3758 2821 3820 τούτου
2861 3761 3132 3827 ἀπόδειξις
3169 3762 3229 3821 αἱ
3273 3761 3417 3833 παρ’
3442 3761 3575 3833 ἡμῖν
3600 3754 3785 3814 etmal-

2235 3870 2390 3924 μεναι
2422 3852 2591 3924 βίϐλοι
2622 3854 2721 3925 τῆς
2771 3854 2956 3913 ἀδίκου
3000 3855 3216 3925 ἐκείνης
3276 3853 3613 3926 συγγραφῆς
3646 3848 3786 3919 ὑπάρ-

2231 3962 2436 4016 χουσιν.
2481 3945 2618 4000 Ἀλλ’
2647 3947 2797 4017 ὅμως
2823 3946 3011 4000 τοῦτον
3050 3945 3298 4016 οὐδαμοῦ
3329 3944 3679 4007 διαϐαλόντες
3703 3939 3790 4010 (71)

2231 4037 2539 4107 ἐφάνησαν,
2584 4038 2680 4095 καὶ
2707 4031 2877 4097 ταῦτα
2909 4037 3087 4097 αἰτίαν
3134 4036 3409 4107 ἔχοντες,
3444 4036 3523 4099 ὡς
3549 4035 3608 4088 τὸ
3634 4031 3687 4097 ἐξ
3716 4032 3792 4100 ἀρ·

2231 4133 2331 4201 Χῆς
2381 4129 2500 4183 κατ’
2532 4128 2752 4198 ἄγνεδιαν
2794 4128 3216 4202 τῆςλάληθείας,
3279 4130 3390 4184 καὶ
3427 4130 3511 4192 εἰς
3552 4122 3797 4182 κοινωνίαν

2231 4222 2391 4277 αὐτὸν
2406 4222 2854 4297 ἐκκλησιαστικὴν
2872 4221 3345 4295 παραδεξάμενοι.
3379 4222 3500 4297 (72)
3519 4220 3737 4276 Ἐκείνου
3753 4230 3798 4267 τε

2231 4308 2321 4373 οὖν
2346 4315 2647 4389 μνησθῆναι
2681 4314 2998 4387 πρεπόντως
3022 4316 3250 4373 ἅπαιτεί
3269 4316 3352 4375 τὰ
3388 4318 3663 4391 παριόντα,
3692 4313 3805 4369 ὥστε

2235 4408 2309 4480 μὴ
2342 4408 2485 4479 ἔχειν
2510 4406 2759 4481 ἀφορμὴν
2779 4447 2794 4472 ,
2824 4408 2950 4471 τοὺς
2980 4406 3238 4471 θέλοντας
3281 4408 3565 4482 ἀφορμὴν
3583 4447 3599 4471 ,
3636 4410 3694 4461 ἐκ
3730 4401 3805 4457 τοῦ

452 4508 475 4528 ο
567 4488 636 4561 ad
671 4496 817 4542 tuam
870 4503 928 4543 se
971 4490 1312 4545 sanctitatem
1356 4490 1661 4569 adjuagunt
1691 4531 1707 4557 ,
1757 4501 1811 4549 et
1843 4495 1937 4565 qui
1985 4495 2128 4550 circa

2234 4505 2296 4573 τῇ
2318 4504 2382 4573 σῇ
2411 4483 2649 4571 ὁσιότητι
2681 4502 2969 4555 συνάπτειν
2993 4500 3119 4564 τοὺς
3148 4501 3532 4570 ὑγιαίνοντας
3556 4542 3571 4565 .
3598 4501 3689 4556 καὶ
3708 4497 3811 4558 τοῦς

568 4594 751 4635 veram
784 4579 943 4635 tidem
974 4580 1317 4649 claudicant,
1365 4560 1637 4641 manifesti
1671 4560 1922 4641 omnibus
1953 4588 2084 4643 ﬁunt
2112 4608 2126 4655 ;

2235 4560 2382 4666 π’ρδξ
2409 4594 2507 4665 τὴν
2537 4560 2710 4665 ἀληθῆ
2763 4592 2942 4647 πίστιν
2973 4560 3318 4659 ὀκλάζοντας
3373 4560 3656 4666 φανεροὺς
3705 4592 3815 4644 πᾶσι

569 4675 642 4731 ita
703 4679 783 4729 ut‘
813 4674 1070 4744 deinceps
1130 4690 1223 4730 eos
1266 4676 1359 4746 qui
1406 4676 1548 4731 idem
1595 4693 1661 4733 ac
1695 4694 1798 4737 nos
1851 4680 2128 4749 sentiunt,

566 4781 930 4839 agnoscamus
958 4807 974 4833 ,
1020 4781 1120 4822 nec
1178 4766 1293 4836 jam
1347 4769 1496 4823 velut
1539 4769 1595 4824 in
1642 4780 1910 4827 nocturna
1948 4789 2129 4846 pugna

569 4859 777 4923 nullum
827 4860 899 4913 sit
953 4860 1252 4914 amicorum
1299 4867 1354 4915 et
1408 4860 1754 4919 inimicorum
1810 4864 2127 4921 discrimen.

570 4950 859 5006 lltirtamur
890 4949 1102 5014 solum,
1144 4959 1205 5006 ut
1244 4951 1428 5007 statim
1490 4953 1557 5007 ad
1620 4956 1851 5025 primam
1908 4958 2132 5030 naviga-

568 5044 766 5098 tionem
815 5041 1107 5112 praedictus
1169 5043 1433 5098 diaconus
1488 5045 1778 5113 mittatur,
1824 5055 1885 5102 ut
1953 5049 2129 5118 possit

560 5136 756 5197 saltem
786 5149 930 5195 anno
969 5135 1219 5207 sequenti
1270 5136 1475 5193 aliuuid
1524 5153 1736 5205 eorum,
1780 5157 1909 5213 qua:
1934 5159 2126 5223 preca-

637 5332 976 5411 (67)“Ttréq:
1009 5334 1097 5411 ita
1131 5335 1283 5411 Harl.
1331 5345 1385 5393 et
1424 5336 1596 5395 Coisl.
1627 5339 1837 5411 primus
1871 5357 1994 5399 cum
2026 5348 2128 5401 tri-

566 5406 669 5471 bus
701 5406 843 5459 aliis.
880 5405 1023 5461 Editi
1054 5407 1186 5463 τισί.

638 5475 748 5547 (68)
761 5475 1304 5556 Β¹ζσενξγκεῖκῃ1ῑιι
1319 5476 1498 5556 “Med”
1540 5477 1692 5534 Harl.
1725 5488 1778 5534 et
1809 5482 1976 5556 Coisi.
2006 5486 2124 5556 pri-

567 5544 1262 5623 ξυιιεζΕείἱιὶδιενεγκεῖν.
1319 5545 1490 5602 Paulo
1524 5557 1659 5623 post
1703 5544 2124 5623 corruptissime

568 5614 727 5670 iidem
757 5615 883 5696 editi
913 5614 1140 5690 ἀπονοίᾳ
1171 5619 1357 5690 ἤθους,
1395 5614 1552 5696 quod
1570 5620 1765 5676 vulnus
1800 5614 2117 5683 sanavimus

567 5699 669 5753 ope
695 5692 935 5752 quinque
970 5703 1100 5742 mss.
1496 5692 1503 5705 ‘

569 5840 667 5895 pro
696 5840 761 5880 eo
792 5828 935 5895 quod
973 5840 1137 5896 prave
1170 5829 1225 5881 in
1257 5828 1418 5886 editis
1441 5830 1718 5901 legebatur
1754 5834 1820 5888 τά
1862 5835 1920 5891 ἐν
1969 5836 2121 5908 Ἀρι.

589 6125 630 6169 1

2231 4687 2453 4758 ποιῆσαι
2477 4704 2492 4716 '
2519 4687 2659 4743 ὥστε
2696 4684 2789 4739 τοῦ
2815 4684 3002 4741 λοιποῦ
3027 4686 3336 4756 γνωρίζειν
3368 4689 3536 4761 ἡμᾶς
3562 4686 3685 4749 τοὺς
3707 4680 3816 4752 biui-

2229 4797 2432 4850 φρονας
2454 4796 2469 4811 ο
2501 4781 2595 4833 καὶ
2627 4778 2702 4851 μὴ
2729 4817 2745 4844 ,
2788 4778 2864 4841 ὠς
2908 4778 2968 4831 ἐν
3011 4781 3416 4852 νυκτομαχίᾳ,
3454 4779 3727 4853 μηδεμίαν
3752 4775 3818 4843 σί-

2228 4870 2334 4925 λων
2368 4869 2463 4925 καλ⁸
2514 4869 2786 4940 πολεμίων
2831 4868 2973 4940 ἐχειν
3028 4868 3345 4941 διάκρισιν.
3384 4872 3581 4927 Μόνον
3610 4883 3818 4940 παίδων

2228 4961 2425 5033 λοῦμεν
2466 4962 2626 5024 εὐθὺς
2660 4960 2764 5014 ὑπὸ
2805 4960 2895 5013 τὸν
2941 4960 3155 5031 πρῶτον
3206 4961 3416 5017 πλοῦν
3462 4962 3824 5034 ἐκπεμφθῆναι

2226 5054 2317 5108 τὸν
2354 5052 2751 5125 προειρημένον
2794 5050 3072 5115 διάκονον,
3105 5053 3191 5105 ἵνα
3228 5053 3475 5128 δυνηθῇ
3527 5053 3676 5110 κατὰ
3721 5048 3821 5120 γοῦι

2227 5148 2287 5202 τὸ
2309 5145 2506 5219 ἐφεξῆς
2537 5146 2654 5212 ἔτος
2681 5145 2931 5215 γενέσθαι
2955 5163 3027 5211 τι,
3050 5140 3124 5202 ὧν
3149 5151 3651 5223 προσευχόμεθα.
3696 5146 3826 5200 Ἐκεῖ

2230 5348 2388 5424 eiusa:
2419 5346 2568 5424 velut
2597 5353 2680 5424 est
2708 5347 2763 5401 in
2785 5346 3031 5424 _edit_i_on_e
3060 5345 3291 5424 Hagen.
3322 5352 3411 5424 τὰ
3446 5355 3516 5406 ἐν
3556 5353 3826 5424 Ἀριμῐνον

2297 5402 2410 5489 (τό)
2449 5402 2863 5491 Ἐξορίσαιδςο
2886 5417 3059 5491 Med"
3082 5402 3290 5491 uini.
3320 5402 3525 5491 Coisl.
3552 5402 3785 5491 ιὶῐὲἑᾶάε
3802 5434 3824 5472 ε

2227 5485 2364 5556 Reg.
2393 5485 2711 5544 secundus.
2756 5485 2897 5543 Editi
2943 5488 3336 5556 ἐξορίζεσθαι.
3380 5490 3635 5550 Habent
3664 5485 3826 5549 illidet

2227 5558 2371 5628 Med.
2390 5565 2447 5628 et
2476 5556 2623 5628 Harl.
2656 5557 3001 5628 ὑγιαινούσης
3029 5556 3453 5628 διδασκαλίας.

2295 5575 2365 5613 :u.
2392 5575 2447 5611 et
2476 5575 2623 5611 nari.
2656 5575 2934 5626 υγιαινουσ
2974 5575 3001 5620 ς
3029 5575 3453 5628 οιοασκαλιας.

2295 5626 2404 5703 (7i)
2422 5575 3221 5703 069gyp5§m6912rr§gjﬂ
3243 5630 3461 5695 Har-L,
3492 5634 3677 5703 Med"
3700 5632 3825 5691 Cois

639 5702 669 5739 e
695 5701 935 5752 qumque
970 5703 1100 5742 mss.
1496 5697 1503 5705 ‘

638 5755 749 5826 (69)
790 5754 862 5807 Τὰ
900 5758 1049 5824 μετὰ
1087 5757 1393 5825 Ἀριμῖνον.
1438 5759 1515 5812 ita
1554 5775 1650 5815 sex
1687 5762 1861 5817 nostri
1898 5764 2119 5823 codices

2234 5697 2453 5778 primus:
2486 5697 2633 5778 .Editi
2662 5697 2910 5769 οὐδαμῶς
2938 5698 3372 5766 διαϐάλλοντες.
3434 5697 3689 5778 Legitur
3716 5709 3826 5763 etiai

2234 5769 2454 5826 >ὐδαμου
2484 5784 2537 5821 ιιι
2572 5765 2702 5826 Reg.
2737 5768 2978 5824 secundo
3006 5780 3060 5826 et
3088 5770 3279 5826 Cois].
3316 5778 3634 5826 secundo-

2351 5768 2537 5892 gizﬁvin
2572 5765 2702 5837 Reg.
2737 5765 2978 5824 secundo
3006 5780 3060 5828 et
3088 5770 3279 5829 Cois].
3316 5765 3634 5833 Secundo.

2494 5837 2581 5892 ide
2626 5838 2902 5892 Addenda.

2294 5834 2406 5909 (72)
2447 5834 2581 5895 Vide
2626 5834 2902 5895 Addenda.
