3762 6510
143 318 218 377 ιει
966 298 1458 364 EPISTOLARUM
1496 307 1654 364 cus

1777 307 1879 363 ιιι.
1921 305 2131 361 EPIST.
2174 301 2455 361 LXXXIV.

612 449 953 504 ΕΠΙΣΤΟΛΗ
991 449 1116 504 III".

3211 303 3316 362 “3

2199 441 2532 501 EPISTOLA
2568 444 2867 520 Lxxttur.

137 562 385 621 (animum
404 563 618 617 hortatur
639 561 872 633 Basilius,
892 571 943 638 ut
964 564 1156 638 misera;
1179 561 1811 638 Cappadociw‘c‘alamitates
1833 565 2213 638 materiaemat!!!
2231 571 2712 638 ⁸ιςονῃγηεηααε,ιιηιιιε
2733 569 2795 614 ex
2813 561 2984 614 amicis
3006 563 3107 616 suis
3129 578 3317 627 posses-

697 626 880 676 sionem
901 627 1179 690 quamdam,
1205 624 1314 690 qua:
1334 625 1467 676 circa
1491 626 1834 678 Cltamanenem
1854 625 1946 676 sita
1966 632 2088 686 erat,
2112 624 2155 675 et
2178 624 2363 675 tributis
2384 624 2702 687 premebatur.

703 730 1044 800 Κηνσιτορι.

197 840 332 916 Ἐμοὶ
372 841 508 914 Ιπρὸς
552 841 650 912 τὴν
682 839 783 910 σὴν
812 837 1090 906 εὐγένειαν
1126 837 1382 909 συνήθεια
1415 839 1511 909 μὲν
1564 837 1658 891 καὶ

132 955 158 1008 η
184 937 285 991 κατ’
320 932 628 1003 ὀφθαλμοὺς
681 927 942 999 συντυχία
992 929 1134 982 πάνυ
1174 928 1402 1000 βραχεῖα
1431 929 1654 998 γέγονε’

133 1031 296 1101 γνῶσις
322 1029 375 1082 δὲ
416 1028 450 1099 ἡ
485 1026 542 1093 ἐξ
582 1024 749 1095 ἀκοῆς
771 1064 786 1088 ,
811 1023 876 1077 δι’
911 1016 980 1093 ἧς
1012 1008 1227 1083 πολλοῖς
1278 1018 1658 1090 συναπτόμεθα

131 1125 216 1178 τῶν
241 1121 526 1191 ἐπιφανῶν,
557 1114 656 1173 οὐκ
691 1116 844 1188 ὀλίγη
876 1133 936 1170 τε
960 1157 975 1182 ,
1007 1106 1127 1169 οὐδὲ
1170 1112 1654 1185 εὐκαταφρόνητος.

131 1217 178 1270 Εἰ
203 1215 250 1268 δὲ
277 1214 364 1267 καὶ
393 1204 476 1267 σοί
508 1228 592 1276 τις
621 1212 686 1264 ὲκ
721 1209 818 1280 τῆς
845 1199 1032 1279 φήμης
1068 1206 1195 1277 περί
1227 1205 1381 1277 ἡμῶν
1425 1204 1658 1275 ὑπάρχει

130 1305 284 1375 λόγος,
311 1303 469 1366 αὐτὸς
502 1303 570 1356 ἂν
607 1298 802 1368 εἰδείης
830 1296 1071 1369 ἄμεινον.
1107 1296 1181 1349 Τὸ
1206 1295 1251 1349 δ’
1283 1291 1374 1349 οὖν
1409 1294 1498 1346 σὺν
1528 1293 1657 1362 παρ’

128 1399 232 1468 ἡμῖν
278 1392 510 1448 τοιοῦτόν
566 1393 714 1445 ἐστιν
749 1385 860 1444 οἷον
889 1390 1114 1460 εἴπομεν
1159 1386 1292 1458 (⁸72).
1330 1384 1546 1453 Ἐπειδὴ
1599 1380 1656 1436 δὲ

128 1481 405 1542 ὲκάλεσέσε
453 1484 484 1536 ὁ
529 1482 662 1548 Θεὸς
703 1483 784 1546 εἰς
818 1482 1050 1552 πρᾶγμα
1089 1476 1495 1549 φιλανθρωπίας
1542 1473 1659 1528 έπί-

125 1580 256 1644 δειξιν
283 1579 417 1648 ἕχον,
439 1577 507 1630 δι’
524 1569 587 1630 οὗ
608 1572 832 1628 δυνατόν
857 1575 972 1626 ἐστι
996 1569 1350 1639 διορθωθῆναι
1374 1567 1531 1638 ἡμῶν
1558 1566 1658 1636 τὴν

126 1673 322 1743 πατρίδα
366 1667 647 1731 παντελῶς
683 1664 1094 1736 ὲδαφισθεῖσαν,
1137 1659 1375 1733 ἡγοῦμαι
1429 1657 1658 1730 πρέπειν

127 1783 197 1835 μοι
217 1742 517 1834 ὗπομνῆσαί
560 1776 652 1813 σου
686 1759 787 1830 τὴν
831 1742 1203 1828 χρηστότητα,
1237 1751 1324 1804 ἴνα
1361 1751 1448 1803 ἐπ’
1481 1749 1656 1803 ἐλπίδι

124 1857 200 1924 τῆς
224 1851 363 1924 παρά
403 1850 541 1904 Θεοῦ
567 1847 975 1910 ἀνταποδόσεως
1000 1843 1237 1898 τοιοῦτον
1265 1841 1489 1895 σεαυτὸν
1521 1856 1654 1894 κατ-

122 1941 320 2013 αξιώσῃς
345 1939 759 2014 παρασχέσθαι,
783 1937 923 1990 ὥστε
962 1932 1231 1990 ἀθανάτου
1267 1931 1368 2003 μὲν
1399 1931 1497 2001 τῆς
1524 1930 1656 2001 μνή-

120 2051 205 2105 μης
243 2033 518 2100 ἀξιοῦσθαι
551 2071 566 2097 ,
607 2029 860 2099 γενέσθαι
910 2021 968 2080 δὲ
1021 2021 1252 2079 αἰωνίων
1298 2016 1653 2076 ἀναπαύσεων

121 2125 412 2196 κληρονόμον
431 2163 447 2189 ,
487 2123 552 2176 ὲκ
578 2117 673 2174 τοῦ
698 2116 1064 2192 ἐλαφροτέρας
1094 2114 1318 2185 ποιῆσαι
1347 2114 1461 2176 τοῖς
1487 2128 1653 2166 κατα-

117 2211 425 2287 πονουμένοις
470 2213 571 2278 τὰς
611 2211 839 2283 θλίψεις.
885 2207 1104 2276 Ἐπειδὴ
1137 2206 1194 2260 δὲ
1224 2203 1392 2276 κάμοί
1423 2203 1504 2269 τίς
1537 2206 1654 2257 ἔστι

114 2309 270 2379 κτῆσις
286 2307 410 2379 περί
431 2304 772 2377 Χαμανηνὴν
805 2293 944 2372 (75),
977 2298 1115 2366 ἀξιῶ
1140 2315 1200 2352 σε
1229 2297 1526 2369 προστῆναι
1557 2295 1655 2348 αὺ-

114 2401 220 2471 τῆς,
241 2401 308 2464 ὡς
331 2398 565 2463 οἰκείας.
595 2399 688 2469 Μὴ
725 2393 1012 2467 θαυμάζῃς
1039 2393 1128 2457 δὲ,
1150 2392 1200 2445 εἰ
1248 2389 1482 2463 ἐμαυτοῦ
1513 2389 1656 2458 λέγω

111 2492 165 2546 τὰ
192 2492 286 2546 τῶν
323 2489 520 2560 φίλων,
577 2488 713 2560 μετά
748 2487 847 2556 τῆς
877 2485 1043 2556 ἀλλης
1096 2483 1297 2555 ἀρετῆς
1349 2482 1444 2535 καὶ
1476 2477 1654 2552 φιλίαν

113 2581 544 2656 πεπαιδευμένος,
569 2582 663 2634 καὶ
693 2579 1040 2653 μεμνημένος
1056 2575 1152 2630 τοῦ
1181 2574 1360 2645 σοφῶς
1387 2569 1652 2654 εἰπόντος,

113 2677 270 2731 ἄλλον
296 2646 706 2730 ἑαυτὸνγεῖναί
745 2646 1081 2741 τὸν-φίλον.
1118 2667 1230 2739 Τὴν
1257 2662 1435 2722 τοίνυν
1466 2646 1654 2738 κτῆσιν

111 2769 187 2840 τὴν
208 2768 566 2840 διαφέρουσαν
591 2764 728 2836 τῷδε
746 2804 762 2830 ,
791 2761 997 2834 ταύτην
1029 2755 1104 2825 ὡς
1135 2758 1374 2831 ἐμαυτοῦ
1419 2757 1653 2830 παρατί-

112 2859 242 2931 θεμαι
271 2863 333 2931 τῇ
367 2851 650 2930 τιμιότητί
681 2868 773 2911 σου
795 2873 809 2887 ⁸
842 2852 937 2910 καὶ
975 2852 1278 2924 παρακαλῶ
1298 2892 1312 2916 ,
1357 2850 1654 2920 ἐπισκεψά-

113 2966 243 3018 μενον
277 2949 343 3002 τὰ
362 2942 469 3018 τῆς
494 2944 672 3008 οἰκίας
700 2941 937 3016 δυσχερῆ
955 2984 970 3007 ,
998 2942 1181 2998 δοῦναι
1202 2938 1384 3004 αὐτοῖς
1419 2932 1514 2995 καὶ
1546 2939 1653 2994 τῶν

110 3043 460 3114 παρελθόντων
491 3037 697 3113 χρόνων
737 3035 1109 3110 παραμυθίαν,
1151 3034 1244 3089 καὶ
1276 3035 1411 3102 πρὸς
1437 3034 1499 3086 τὸ
1525 3033 1653 3105 μέλ-

108 3137 179 3189 λον
213 3136 431 3209 αἱρετὴν
464 3137 647 3198 αὐτοῖς
687 3130 1092 3185 κατασκευάσαι
1128 3127 1227 3200 τὴν
1274 3126 1516 3197 οἴκησιν,
1556 3124 1653 3196 τὴν

110 3226 313 3299 φευκτὴν
339 3227 440 3281 καὶ
477 3215 932 3295 ἀπηγορευμένην
970 3219 1058 3272 διὰ
1093 3217 1153 3272 τὸ
1185 3217 1386 3288 πλῆθος
1413 3215 1511 3286 τῆς
1538 3216 1656 3267 ὲπι-

109 3320 337 3390 κειμένης
369 3319 517 3389 αὐτῇ
558 3311 885 3378 συντελείας.
935 3311 1226 3366 Σπουδάσω
1271 3309 1328 3363 δὲ
1369 3307 1463 3362 καὶ
1492 3305 1654 3369 αὐτὸς

109 3410 379 3482 περιτυχών
415 3427 513 3463 σου
546 3410 613 3480 τῇ
643 3405 959 3477 κοσμιότητι
987 3394 1358 3474 ἐντελέστερον
1377 3401 1504 3473 περὶ
1528 3399 1655 3452 ἑκά·
1680 3415 1726 3476 c

109 3517 210 3556 στου
231 3501 603 3574 διαλεχθῆναι.

611 3597 954 3664 ΕΠΙΣΤΟΛΗ
1000 3608 1120 3662 ΠΑ¹δ

104 3731 346 3794 fraudem
364 3725 716 3794 Cappadociae,
739 3721 1059 3788 quemiEh‘am
1080 3733 1184 3794 esse
1201 3711 1782 3794 credimusperhouoriga

151 3777 554 3857 iiii};
574 3777 955 3857 nepotemannos
979 3789 1196 3857 quatuor
1215 3787 1378 3857 mttunt
1396 3777 1725 3857 curule.

151 3831 371 3908 3&5?
379 3831 1105 3912 Wﬁi’iﬁiﬁbﬁi‘wwnam
1125 3831 1228 3894 esse
1246 3838 1374 3902 quod
1393 3841 1637 3892 decretum
1657 3831 1822 3898 inique
1837 3831 2011 3895 fuerat.

724 3945 1019 4024 Ἡγεμόνη.

160 4074 205 4128 Ι.
237 4074 436 4146 Σχεδὸν
471 4070 570 4143 μὲν
606 4066 830 4125 ἄπιστόν
862 4067 1008 4119 ἐστιν
1033 4064 1062 4117 ὂ
1086 4063 1265 4136 μέλλω
1290 4061 1648 4133 γράφειν,γε-
1701 4026 1705 4030 ⁵

103 4166 347 4236 γρὼψεται
380 4166 437 4219 δὲ
476 4165 575 4235 τῆς
617 4161 870 4232 ἀληθείας
898 4160 1115 4212 ἕνεκεν·
1158 4158 1240 4210 ὄτι
1260 4194 1275 4219 ,
1309 4157 1486 4208 πᾶσαν
1511 4152 1648 4223 ἔχων

106 4256 400 4327 ἐπιθυμίαν,
453 4253 530 4317 ὡς
579 4249 689 4307 οἷόν
720 4267 780 4328 τε
815 4246 905 4320 ἦν,
947 4247 1257 4302 πυκνότατα
1309 4241 1648 4312 διαλέγεσθαί

106 4361 184 4399 σου
205 4349 266 4417 τῇ
299 4343 676 4415 καλοκάγαθίᾳ
698 4381 713 4406 ,
744 4340 932 4410 ἐπειδὴ
965 4333 1123 4410 εὖρον
1153 4336 1356 4407 ταύτην
1387 4333 1647 4405 γραμμάο

103 4452 192 4490 των
218 4439 314 4510 τὴν
349 4436 625 4508 ἀφορμὴν,
676 4434 774 4489 οὐκ
807 4431 1112 4502 ἐπέδραμον
1137 4428 1214 4500 τῷ
1259 4427 1474 4500 ἑρμαίῳ
1494 4467 1508 4490 ,
1531 4424 1654 4477 ἀλλ’.

103 4528 384 4601 ἀπώκνησα
409 4529 504 4582 καὶ
539 4525 784 4596 ἀνεδύην.
817 4522 890 4576 Τό
922 4518 1013 4576 οὖν
1044 4519 1342 4592 παράδοξον
1363 4521 1419 4573 ὲν
1451 4518 1646 4588 τούτῳ,

103 4619 171 4671 δτι
211 4621 354 4692 ἅπερ
380 4619 630 4692 ηὐχόμην
679 4616 919 4687 ὑπάρξαι
972 4613 1120 4685 (74),
1159 4611 1330 4664 ταῦτα
1388 4609 1652 4680 γενόμενα

1677 738 1726 792 Α

2403 729 2677 787 Censitori.

1828 836 1956 901 Mihi
1995 846 2213 917 quidem
2249 847 2589 902 consuetudo
2636 863 2761 902 eum
2811 859 2899 904 tua
2942 851 3227 910 nobilitate
3266 857 3317 909 et

1756 951 1938 992 coram
1984 953 2316 1009 congressus
2361 939 2541 994 brevis
2590 934 2882 996 admodum
2926 947 3136 999 exstitit
3172 965 3186 1002 :
3220 937 3317 1002 sed

1757 1037 1976 1100 accepta
2027 1047 2093 1086 ex
2141 1030 2328 1084 auditu
2359 1031 2619 1100 cognitio.
2654 1047 2759 1102 qua
2794 1035 2980 1089 multis
3019 1038 3152 1094 viris
3179 1038 3312 1095 insi-

1757 1121 1952 1190 gnibus
1973 1121 2375 1192 conjungimur,
2407 1138 2505 1176 nec
2529 1124 2746 1193 exigua.
2771 1140 2871 1180 nec
2901 1132 3313 1186 contemnenda.

1757 1213 1840 1264 An
1895 1227 2025 1266 vero
2068 1220 2122 1266 et
2158 1214 2299 1281 apud
2350 1219 2404 1267 te
2455 1228 2521 1268 ex
2577 1212 2719 1267 fama
2759 1214 2814 1268 in
2860 1217 3044 1286 aliquo
3092 1235 3319 1276 numero

1757 1319 1972 1369 sumus,
2024 1299 2141 1375 ipse
2189 1305 2386 1360 melius
2439 1306 2675 1361 noveris.
2721 1303 2836 1360 Tua
2879 1310 3098 1378 quidem
3128 1312 3322 1366 existi-

1757 1395 1924 1449 matio
1955 1395 2077 1450 talis
2130 1394 2272 1465 apud
2318 1410 2420 1450 nos
2469 1403 2573 1460 est,
2621 1398 2835 1466 qualem
2879 1399 3139 1474 diximus.
3182 1398 3320 1468 Quo-

1757 1487 1903 1541 niam
1947 1485 2126 1543 autem
2157 1490 2370 1544 vocavit
2401 1496 2455 1545 te
2486 1488 2628 1546 Deus
2658 1491 2723 1546 ad
2755 1508 2956 1548 munus
2993 1494 3317 1551 humanitati

1756 1578 2192 1634 demonstrandae
2241 1579 2520 1646 idoneum,
2562 1597 2661 1650 per
2700 1582 2843 1652 quod
2889 1592 3041 1651 potes
3082 1586 3317 1652 patriam

1756 1678 2001 1727 nostram
2031 1671 2256 1726 omnino
2290 1673 2408 1727 solo
2435 1682 2703 1743 :equatam
2739 1675 3045 1732 instaurare
3075 1695 3090 1745 ;
3126 1678 3320 1735 decere

1756 1777 1843 1816 me
1899 1763 2138 1818 arbitror
2181 1771 2329 1817 tuam
2387 1765 2682 1821 bonitatem
2732 1767 3058 1832 admonere,
3119 1778 3177 1824 ut
3223 1786 3321 1841 spe

1755 1851 1953 1909 divina:
1996 1855 2451 1913 remunerationis
2493 1858 2653 1912 talem
2690 1861 2742 1913 te
2783 1859 3040 1915 exhibere
3070 1862 3224 1923 velis.

1755 1948 2118 2004 immortalem
2177 1948 2494 2031 memoriam
2553 1951 2940 2020 consequaris,
2995 1964 3049 2007 et
3112 1954 3320 2024 requiei

1754 2050 1969 2097 aeterna:
2031 2041 2202 2095 haeres
2255 2039 2456 2096 evadas
2530 2041 2602 2096 ob
2669 2043 2928 2099 allevatas
2985 2046 3321 2102 calamitosis

1753 2149 2045 2191 aerumnas.
2088 2135 2225 2189 Cum
2271 2140 2452 2188 autem
2495 2140 2551 2187 et
2601 2132 2735 2186 mihi
2773 2133 3020 2203 quaedam
3061 2136 3134 2191 sit
3172 2136 3321 2192 circa

1754 2227 2156 2284 Chamanenem
2188 2226 2502 2297 possessio,
2533 2240 2654 2280 eam
2686 2241 2840 2296 teque
2881 2241 2946 2280 ac
2978 2236 3124 2282 tuam
3161 2239 3316 2284 tuea-

1753 2319 1832 2377 ris
1861 2335 2015 2390 rogo.
2034 2305 2145 2374 Nec
2171 2317 2389 2374 mireris
2419 2318 2466 2372 si
2496 2333 2615 2380 mea
2645 2317 2847 2382 dicam,
2879 2334 2998 2389 quae
3031 2330 3160 2376 sunt
3186 2323 3322 2377 amis

1755 2409 1984 2478 eorum;
2021 2424 2145 2464 nam
2191 2423 2314 2464 cum
2357 2397 2584 2478 reliquis
2611 2399 2908 2465 virtutibus
2936 2419 2990 2465 et
3018 2412 3318 2468 amicitiam

1755 2501 1944 2570 didici,
1990 2517 2055 2557 ac
2097 2490 2319 2557 memini
2370 2501 2517 2556 illius
2561 2501 2654 2571 qui
2698 2501 2973 2572 sapienter
2999 2503 3158 2568 dixit,
3193 2507 3324 2560 ami-

1755 2609 1874 2648 cum
1934 2611 2047 2649 esse
2103 2595 2328 2648 alterum
2392 2595 2640 2663 seipsum.
2691 2593 2844 2649 Hanc
2901 2595 3066 2666 igitur
3113 2612 3322 2667 posses-

1756 2684 1988 2751 sionem,
2036 2698 2156 2754 qute
2204 2684 2268 2737 ad
2309 2683 2460 2736 illum
2509 2682 2764 2753 pertinet,
2812 2685 2962 2738 velut
3004 2700 3178 2741 meam
3212 2695 3320 2741 tum

1748 2775 2006 2847 dignitati
2062 2773 2427 2842 commendo;
2505 2789 2568 2828 ac
2630 2762 2894 2846 rogofut
2960 2777 3322 2836 considerans

1757 2867 1957 2922 domus
1987 2867 2287 2926 molestias.
2318 2865 2416 2922 des
2454 2867 2564 2922 illis
2593 2875 2646 2922 et
2684 2867 3078 2938 prteteritOrum
3111 2878 3320 2941 tempo-

1756 2974 1876 3014 rum
1917 2959 2344 3014 consolationem
2388 2966 2443 3013 ct
2490 2958 2544 3012 in
2606 2957 2852 3012 futurum
2897 2961 3186 3029 optabilem
3237 2963 3311 3016 cit

1756 3049 2143 3104 habitationem
2181 3049 2341 3102 istam
2383 3047 2600 3110 reddas,
2641 3062 2761 3116 quae
2799 3047 2870 3101 ob
2894 3048 3222 3102 tributorum
3268 3065 3308 3102 er.

1757 3141 2138 3213 impositorum
2170 3139 2574 3194 multitudinem
2611 3138 2867 3210 fugienda
2900 3146 2984 3194 est
3030 3148 3085 3194 et
3127 3139 3295 3210 despc
3389 3137 3402 3148 '

1756 3243 1896 3290 rata.
1923 3231 2030 3288 Sed
2055 3239 2109 3287 et
2140 3232 2257 3301 ipse
2286 3246 2506 3301 operam
2531 3231 2694 3290 dabo.
2726 3239 2785 3284 ut
2811 3247 2934 3285 cum
2972 3239 3063 3285 tua
3096 3232 3293 3286 urbani

1757 3333 1867 3381 tate
1893 3324 2224 3382 conveniens
2253 3322 2323 3379 de
2353 3323 2588 3393 singulis
2623 3321 2838 3394 plenius
2872 3323 3158 3392 disseram.

2168 3572 2500 3640 EPISTULA
2541 3579 2865 3635 LXXXIV“.

1781 3723 1808 3762 e
1824 3706 1998 3759 salutat
2021 3699 2250 3765 Basilius,
2273 3698 2469 3765 ejusque
2495 3695 2672 3756 {actum
2707 3691 3034 3765 reprehendit,
3053 3693 3181 3765 quod
3200 3694 3308 3744 dun

1717 3753 2133 3835 ίὶξῖῥξιιῆἷῖεὶιεηι
2174 3753 2421 3824 ἱηήἓροίε
2458 3753 2630 3808 rursus
2652 3756 2718 3805 ad
2757 3753 2957 3805 munera
2980 3753 3171 3818 publica
3203 3769 3298 3821 pro

2405 3929 2652 3984 Praesidi.

1827 4053 1877 4107 l.
1923 4050 2057 4106 Fere
2110 4039 2432 4102 incredibile
2479 4052 2566 4098 est
2609 4041 2755 4112 quod
2802 4041 3109 4111 scripturus
3147 4057 3311 4096 sum,

1754 4147 2027 4204 scribetur
2069 4147 2250 4196 tamen
2301 4137 2550 4194 veritatis
2600 4151 2790 4190 causa.
2847 4125 2962 4188 Etsi
3012 4134 3314 4204 cupiditate

1753 4238 1904 4294 omni
1948 4226 2197 4297 tenebar,
2243 4245 2405 4301 quam
2449 4244 2666 4299 possem
2713 4227 3016 4298 schissime
3052 4242 3177 4282 cum
3227 4235 3315 4281 tua

1753 4320 2023 4401 probitate
2060 4316 2452 4394 colloquendi;
2489 4330 2779 4392 postquam
2826 4327 3010 4374 tamen
3049 4320 3189 4373 banc
3233 4319 3315 4371 lit-

1753 4431 1990 4475 terarum
2035 4414 2382 4471 occasionem
2438 4419 2632 4466 nactus
2669 4425 2814 4472 sum,
2859 4425 2968 4463 non
3009 4411 3225 4462 accurri
3255 4408 3318 4462 ad

1753 4512 1987 4576 lucrum,
2025 4507 2120 4562 sed
2159 4501 2407 4561 haesitavi
2453 4519 2516 4558 ac
2556 4510 2641 4557 me
2687 4503 2911 4556 retraxi.
2963 4500 3099 4554 Illud
3141 4501 3317 4569 itaque

1755 4620 1817 4662 ea
1849 4605 1901 4658 in
1932 4618 1990 4657 re
2017 4600 2268 4655 mirabile
2297 4593 2403 4660 cst,
2450 4596 2595 4667 quod
2626 4610 2746 4665 qua:
2779 4593 3096 4662 contingere
3136 4593 3318 4662 cupie-

102 4711 187 4762 οὐκ
524 4681 709 4763 λίτιον
753 4681 810 4760 δέ
898 4681 989 4759 ὅτι
1015 4701 1338 4774 αἰσχύνομαι
1367 4701 1542 4755 δοκεῖν
1575 4698 1649 4769 μὴ

1777 4712 1898 4761 iam,
1947 4709 2009 4750 ea
2069 4692 2161 4748 ubi
2198 4692 2494 4760 contigere,
2553 4703 2658 4740 non
2703 4699 2822 4741 sum
2868 4685 3173 4754 amplexus.
3211 4683 3319 4738 llo:

105 4801 266 4867 φιλίας
290 4820 355 4872 γε
384 4802 572 4857 ’ἐνεκεν
605 4799 860 4872 καθαρῶς
879 4839 894 4863 ,
941 4797 1077 4853 ἀλλά
1109 4795 1294 4868 χρείαν
1322 4793 1444 4846 τινὰ
1490 4792 1650 4862 θερα-

102 4892 268 4948 ratione
305 4895 562 4949 ἑκάστοτε
601 4893 855 4965 γράφειν.
892 4889 1052 4944 Ἀλλά
1089 4906 1157 4961 με
1203 4889 1377 4940 ἐκεῖνο
1405 4882 1651 4954 εἰσῆλθεν

104 4983 167 5050 (δ
211 4987 304 5040 καὶ
347 4986 406 5040 σὲ
454 4984 712 5056 βούλομαι
759 4981 1137 5053 διανοηθέντα,
1203 4979 1360 5050 μήτοι
1413 4974 1651 5046 νομίζειν

103 5077 235 5145 ἠμῖς
268 5075 581 5149 ὲμπορικῶς
613 5068 827 5146 μᾶλλον
879 5073 918 5142 ἢ
961 5071 1188 5141 φιλικῶς
1233 5067 1504 5122 ποιεῖσθαι
1552 5064 1652 5129 τὰς

103 5165 413 5237 διαλέξεις),
440 5169 524 5221 ὃτι
555 5168 658 5239 χρή
688 5183 742 5219 τι
771 5163 1028 5235 διάφορον
1079 5163 1225 5234 ἔχειν
1251 5160 1350 5224 τάς
1398 5159 1506 5211 τῶν
1557 5158 1653 5228 ἀρ-

105 5257 292 5324 χόντων
339 5259 669 5330 προσρήσεις
728 5255 882 5328 παρά
940 5255 1068 5318 τοὺς
1123 5252 1356 5316 ἰδιώτας.
1411 5251 1485 5304 Οὐ
1542 5249 1651 5320 γάρ

95 5347 292 5434 ,ὁμοίως
317 5351 627 5405 ὲντευκτέον
665 5352 803 5420 ἡμῖν
839 5343 1008 5419 ἰατρῷ
1047 5363 1107 5401 τε
1146 5344 1300 5416 ἀνδρί
1330 5342 1424 5397 καὶ
1447 5341 1525 5412 τῷ
1553 5357 1650 5393 τυ-

95 5564 103 5574 _
167 5504 276 5574 (72)
303 5505 579 5576 Εἴπομεν.
610 5498 703 5560 Sic
725 5518 830 5576 ope
855 5496 1066 5576 codicis
1091 5494 1503 5554 Claromontani
1535 5508 1656 5548 mu-

99 5571 325 5648 ;uiitgus
343 5571 488 5648 quod
518 5584 636 5648 erat
663 5571 932 5648 in‘editis,
962 5571 1242 5648 εἴποιμεν..
1332 5632 1370 5648 κ

177 5644 280 5724 Πᾷ)
307 5635 678 5724 Χᾷμανηνῄτς.
710 5635 1000 5724 Μεᾳὶρώυβ
1036 5635 1314 5715 μηχανήν,
1330 5635 1502 5692 Paulo
1532 5640 1656 5706 post

116 5709 498 5786 CoisIanriiqlis
525 5709 614 5785 ’μὴί
642 5715 937 5782 θαυμάσης

1756 4797 1938 4842 autem
1981 4774 2083 4840 fuit
2130 4798 2332 4846 causae,
2383 4776 2530 4850 quod
2572 4771 2800 4848 puderet
2850 4792 2937 4831 me
2984 4776 3155 4830 videri
3215 4791 3320 4829 non

1756 4863 1907 4950 purae
1945 4867 2202 4932 amicitia:
2229 4888 2418 4936 causa,
2470 4871 2563 4926 sed
2603 4869 2810 4940 aliquid
2856 4868 3110 4923 utilitatis
3159 4882 3322 4921 aucu-

1756 4979 1976 5042 pantem
2021 4967 2254 5024 subinde
2287 4962 2548 5022 scribere.
2593 4951 2698 5018 Sed
2746 4961 2878 5016 illud
2911 4960 3046 5013 mihi
3077 4959 3134 5012 in
3165 4975 3321 5013 men-

1757 5070 1865 5115 tem
1895 5060 2044 5116 venit
2071 5053 2236 5129 (quod
2287 5065 2342 5112 et
2376 5064 2433 5110 tu
2463 5053 2820 5110 considerans
2855 5051 3014 5106 velim
3045 5049 3324 5103 existimes

1757 5168 1844 5208 me
1888 5157 1998 5207 non
2049 5162 2292 5223 quaestus
2333 5142 2506 5219 magis
2557 5162 2720 5218 quam
2765 5139 3022 5200 amicitia:
3072 5157 3237 5197 causa
3270 5140 3324 5194 in

1756 5245 2089 5316 colloquium
2136 5242 2367 5314 venire),
2417 5242 2573 5311 177
2619 5239 2776 5293 aliter
2821 5236 3083 5307 praesides
3124 5235 3324 5304 alloqui

1755 5337 1949 5394 decere
1978 5353 2042 5392 ac
2093 5337 2357 5408 privatos.
2404 5332 2523 5388 Non
2571 5331 2715 5386 enim
2762 5329 2920 5383 nobis
2945 5327 3134 5382 eodem
3153 5325 3325 5382 modo

1824 5481 1935 5563 (Ἡ)
1979 5489 2505 5563 Ύπιῄρξάιςῃςέ-ρξειζ
2535 5488 2744 5563 primus
2775 5493 2828 5540 et
2862 5483 3002 5563 Med.
3040 5481 3325 5556 ὑπάρξειν.

1825 5555 1841 5589 ³
1878 5555 2025 5620 Alias
2053 5555 2440 5628 cCecxxvu.
2474 5555 2689 5626 Scripta
2722 5571 2866 5610 anno
2901 5555 3025 5628 εἷς.

1801 5638 1871 5714 βξ
1898 5637 2048 5691 Alias
2073 5625 2489 5690 CCCLXXXIX.
2517 5623 2729 5709 Scripta
2749 5640 2893 5681 anno
2916 5623 3038 5680 572.
