3762 6488
267 5707 292 5742 ι

473 267 578 348 ως
978 307 982 312 -
1813 283 1871 340 s.
1902 283 2044 341 BASl

2182 284 2396 342 MAGNI
3546 297 3623 357 ιω

477 403 784 462 adeundus‘
815 412 899 461 est
940 404 1185 461 medicus
1237 419 1303 460 ac
1337 402 1624 476 plebeius;
1680 416 1856 472 neque
1885 403 2044 459 etiam

2164 404 2331 475 (ὄντιο
2357 403 2481 458 οὔτε
2511 402 2732 474 ἄρχοντι
2769 401 3008 473 δηλονότι
3051 402 3148 457 καὶ
3182 402 3388 476 ἰδιώτην
3415 408 3624 469 mm.

475 513 679 570 praeses
722 496 913 553 eodem
946 497 1108 552 modo
1150 512 1214 552 ac
1261 497 1509 568 privatus
1557 513 1571 551 :
1613 495 1709 551 scd
1758 495 1934 550 danda
1962 503 2046 552 est

474 605 664 662 Opera,
702 595 761 642 ut
812 587 973 657 hujus
1020 597 1156 653 arte,
1199 589 1346 644 illius
1377 591 1699 642 auctoritate
1729 586 1797 640 ad
1827 594 2046 642 nostros

479 697 610 737 usus
644 679 1006 750 perfruamur.
1043 679 1512 746 Quemadmodum
1560 678 1707 733 enim
1762 677 1828 731 ad
1878 678 2045 732 solem

480 771 863 834 ambulantes,
907 772 1076 827 velint
1115 772 1317 838 nolint,
1361 770 1551 826 umbra
1593 769 1815 824 omnino
1865 765 2046 838 sequi-

481 875 613 917 tur:
647 861 720 916 ita
767 869 978 916 etcum
1033 860 1446 930 magistratibus
1491 859 1760 930 colloquia
1805 855 2046 928 quaestus

469 951 701 1021 'quidam
747 951 1066 1014 comitatur,
1121 949 1368 1005 levamen
1418 947 1762 1005 afﬂictorum.
1807 947 2045 1002 Primam

483 1045 642 1114 igitur
681 1044 926 1114 epistola:
957 1056 1179 1098 causam
1223 1039 1516 1111 adimpleat
1538 1041 1656 1111 ipsa
1689 1038 2048 1112 magnanimi-

483 1137 608 1191 tatis
647 1142 754 1191 tua:
800 1134 1099 1198 salutatio;
1152 1132 1297 1203 quod
1343 1133 1546 1203 ipsum.
1579 1131 1792 1187 etiamsi
1820 1124 2047 1186 nullum

484 1225 626 1280 aliud
670 1225 944 1281 scribendi
994 1231 1376 1294 argumentum
1431 1231 1769 1294 suppeteret,
1819 1238 2047 1279 causam

485 1333 689 1388 aquam
713 1332 837 1372 esse
857 1316 1157 1386 putandum
1188 1322 1292 1370 est.
1327 1315 1594 1369 Saluteris
1624 1315 1788 1384 igitur
1817 1329 1846 1367 a
1869 1313 2047 1378 nobis,

487 1411 566 1465 vir
580 1409 800 1479 Optime,
816 1421 878 1461 ac
892 1406 1039 1461 omni
1054 1406 1332 1461 hominum
1347 1405 1528 1476 generi
1546 1405 1897 1468 custodieris,
1911 1421 2052 1476 pra:-

486 1499 719 1556 fecturas
751 1514 819 1554 ex
851 1499 1192 1568 praefecturis
1229 1512 1442 1568 gerens,
1476 1504 1530 1551 et
1556 1497 1690 1552 alios
1721 1504 1883 1566 atque
1914 1497 2051 1550 alios

486 1608 574 1648 .ua
600 1591 1073 1647 administratione
1094 1590 1378 1660 adjuvans.
1401 1589 1455 1644 ιιι
1477 1590 1621 1644 enim
1652 1597 1705 1644 et
1723 1590 1850 1643 mihi
1872 1588 2052 1644 facere

484 1698 600 1738 mos
613 1690 714 1745 est,
735 1690 792 1736 et
811 1681 906 1736 tibi
924 1681 1150 1736 debetur
1172 1681 1241 1735 ab
1262 1681 1348 1746 iis,
1370 1681 1462 1750 qui
1490 1681 1571 1734 vel
1600 1679 1870 1733 tantillum
1904 1688 2051 1734 tuam

2149 497 2339 569 ρατέον
2375 495 2468 548 τοῦ
2503 497 2602 566 μὲν
2627 497 2692 549 ὲκ
2722 496 2820 567 τῆς
2839 496 3056 567 τέχνης,
3090 496 3182 551 τοῦ
3215 496 3270 550 δὲ
3306 498 3399 553 ἀπὸ
3423 503 3502 573 τῆς
3519 506 3626 570 iam-

2149 588 2269 651 σίας
2293 585 2584 641 ἀπολαύειν
2630 587 2710 650 είς
2755 585 2824 640 τὰ
2867 587 3131 660 ἡμέτερα.
3167 588 3369 662 ’Ὠσπερ
3394 589 3571 660 οὖντοῖς
3589 601 3628 651 ὲν

2147 677 2280 748 ἡλίῳ
2312 677 2614 748 βαδίζουσιν
2643 677 2838 730 ἕπεται
2885 679 3100 742 πάντως
3144 679 3177 748 ή
3226 679 3371 745 σκιὰ.
3397 682 3486 737 κᾶν
3520 687 3628 740 αὐτοὶ

2151 769 2226 839 μὴ
2252 769 2589 840 προέλωνται
2624 785 2638 801 '
2682 768 2824 822 οὕτω
2868 770 2960 822 καὶ
2987 772 3103 832 ταῖς
3144 770 3280 840 πρὸς
3305 772 3414 835 τοὺς
3433 774 3631 846 ἄρχοντας

2148 859 2387 929 ὁμιλίαις
2430 860 2714 914 ἀκολουθεῖ
2763 878 2815 914 τι
2873 861 2968 915 καὶ
3019 861 3465 933 παρεμπόρευμα,
3499 868 3527 936 ή
3557 866 3633 922 ⁸ξῶν

2118 1002 2122 1007 .
2147 953 2464 1022 καμνόντων
2484 953 2726 1024 βοήθεια.
2763 952 2878 1022 Τὴν
2922 953 3018 1024 μὲν
3039 950 3132 1006 οὖν
3172 950 3380 1024 πρώτην
3403 945 3547 1010 αἰτίαν
3564 959 3634 1027 τῆς

2148 1043 2439 1114 ἐπιστολῆς
2489 1042 2777 1115 πληρούτω
2831 1043 2963 1097 αὐτὸ
3008 1043 3070 1096 τὸ
3109 1047 3411 1115 προσειπεῖν
3455 1063 3529 1100 σου
3567 1050 3636 1118 τὴν

2153 1134 2504 1205 μεγαλόνοιαν
2537 1151 2552 1166 ο
2610 1134 2669 1200 δ,
2719 1133 2823 1188 κᾶν
2871 1133 3109 1205 μηδεμία
3151 1135 3408 1205 πρόφασις
3436 1136 3505 1207 τῷ
3539 1139 3637 1208 τρά.

2151 1244 2269 1294 φειν
2299 1225 2412 1298 (75)
2445 1228 2652 1298 προσῇ,
2693 1225 2896 1295 ἀγαθὸν
2942 1225 3240 1295 κεφάλαιον
3279 1226 3399 1280 αὑτδ
3420 1228 3510 1301 χρὴ
3539 1231 3639 1300 νομί-

2151 1317 2362 1383 ζεσθαι.
2396 1320 2735 1391 Προσείρησο
2767 1317 2877 1389 (76)
2911 1319 3092 1371 τοίνυν
3116 1319 3270 1388 ἡμῖν,
3296 1313 3342 1372 ὧ
3363 1319 3548 1392 ἄριστε,
3577 1325 3642 1376 καὶ

2130 1405 2440 1476 ’φυλάττο-ιο
2464 1406 2542 1476 τῷ
2573 1406 2672 1476 βίῳ
2697 1407 2861 1461 παντὶ
2881 1448 2896 1468 ,
2927 1405 3102 1478 ἀρχὰς
3133 1406 3197 1472 ἐξ
3236 1408 3408 1479 ἀρχῶν
3442 1410 3641 1480 ἀμείϐων,

2153 1497 2248 1549 καὶ
2275 1495 2461 1550 ἄλλοτε
2488 1495 2676 1560 ἄλλους
2691 1499 2809 1560 ταῖς
2833 1497 3180 1562 ἐπιστασίαις
3203 1499 3500 1569 εὗεργετῶν.
3521 1500 3643 1553 Τοῦτο

2151 1587 2260 1660 γὰρ
2308 1588 2428 1659 ἐμοί
2479 1605 2536 1640 τε
2577 1591 2747 1642 ποιεῖν
2803 1589 3066 1660 σύνηθες,
3112 1591 3210 1645 καὶ
3257 1592 3336 1643 σοὶ
3376 1589 3646 1662 ὀφειλόμενον

2156 1680 2310 1751 παρὰ
2339 1679 2448 1734 τῶν
2471 1680 2566 1733 καὶ
2597 1680 2738 1734 κατὰ
2771 1681 2968 1752 μικρὸν
3003 1682 3412 1757 πεπειραμένων
3446 1683 3529 1752 τῆς
3559 1687 3645 1754 περὶ

483 1788 539 1826 tn
581 1771 1011 1826 administranda
1052 1773 1332 1842 provincia
1373 1773 1626 1826 virtutem
1655 1771 1863 1839 experti
1905 1779 2044 1827 sunt.

2164 1771 2218 1825 τὸ
2241 1772 2430 1843 ἄρχειν
2461 1789 2553 1826 σου
2582 1773 2802 1844 ἀρετῆς.

550 1863 604 1917 2.
643 1863 777 1918 Post
815 1873 1000 1918 votum
1039 1865 1196 1926 illud,
1250 1878 1426 1919 meam
1451 1878 1672 1934 quoque
1707 1877 1808 1932 pro
1851 1863 2053 1920 misero

486 1972 614 2013 sene
650 1958 1038 2027 precationem
1058 1957 1282 2026 excipe,
1335 1972 1497 2028 quem
1548 1957 1787 2027 diploma
1839 1956 2053 2026 regium

485 2049 802 2105 muneribus
833 2047 1068 2120 publicis
1107 2049 1306 2103 exemit
1333 2065 1348 2116 ;
1379 2049 1462 2103 vel
1503 2049 1686 2119 potius
1731 2048 1820 2102 cui
1851 2055 1906 2102 et
1935 2049 2054 2118 ipsa

476 2147 611 2196 ante
663 2155 848 2212 regem
907 2150 1160 2196 senectus
1224 2141 1624 2195 immunitatem
1683 2138 2052 2196 necessariam

473 2231 1098 2288 -dederat.Conﬁrtnasti
1126 2240 1180 2288 et
1220 2232 1338 2303 ipse
1387 2232 1713 2286 beneﬁcium
1748 2232 1915 2303 regis,
1951 2245 2053 2285 na-

483 2337 662 2382 turam
707 2326 996 2390 reveritus,
1043 2332 1098 2381 et
1143 2325 1377 2395 publicis
1421 2325 1585 2380 rebus
1635 2322 1955 2394 providens,
1994 2329 2056 2378 ut

486 2419 623 2473 mihi
655 2417 890 2481 videtur,
922 2432 990 2472 ne
1019 2417 1166 2487 quod
1210 2416 1512 2486 periculum
1536 2457 1551 2481 ,
1586 2415 1806 2472 homine
1834 2423 2057 2487 propter

487 2515 703 2564 aetatem
755 2508 1076 2578 desipiente,
1112 2509 1166 2562 in
1205 2523 1320 2562 rem
1369 2495 1646 2578 publicam
1687 2508 2052 2564 inveheretur.

486 2595 772 2665 Quomodo
803 2607 980 2652 autem
1021 2598 1196 2662 illum,
1224 2599 1309 2653 vir
1351 2599 1690 2663 admirande,
1719 2601 1825 2653 alia
1861 2614 2056 2654 rursus

487 2691 576 2746 via
617 2680 938 2760 imprudens
968 2690 1021 2743 in
1048 2691 1225 2745 media
1257 2692 1477 2762 negotia
1503 2692 1864 2762 protraxisti?
1899 2690 2056 2758 Quod

487 2781 633 2836 enim
667 2781 816 2836 illius
847 2791 1097 2852 nepotem
1133 2782 1373 2836 nondum
1401 2797 1574 2838 annos
1601 2792 1836 2853 quatuor
1868 2793 2056 2838 natum

489 2872 655 2927 curia:
694 2871 969 2938 addixisti,
1009 2871 1139 2943 quid
1183 2873 1329 2927 aliud
1383 2881 1469 2928 est
1530 2889 1692 2943 quam
1761 2889 1946 2930 senem
2003 2874 2057 2927 in

490 2971 687 3034 nepote
724 2979 918 3019 rursus
944 2963 1010 3018 de
1053 2963 1262 3036 integro
1305 2964 1373 3018 ad
1417 2964 1637 3036 publica
1681 2981 1908 3022 munera
1937 2983 2058 3038 per-

491 3146 688 3210 rearis,
723 3153 777 3200 ct
805 3154 1097 3216 utrumque
1129 3145 1327 3202 liberes
1357 3147 1428 3202 ob
1463 3162 1527 3210 ea
1557 3163 1678 3218 quae
1702 3149 1891 3205 insunt
1920 3151 2058 3204 utri-

492 3252 600 3306 que
664 3237 1017 3292 miscratione
1073 3235 1258 3308 digna.
1313 3237 1466 3292 Alter
1527 3239 1746 3308 quidem
1803 3250 2058 3311 parentes

493 3345 603 3384 non
616 3330 768 3392 vidit,
783 3345 884 3385 nec
903 3331 1178 3400 cognovit,
1195 3329 1286 3384 sed
1305 3345 1398 3400 per
1420 3331 1628 3385 alienas
1643 3345 1835 3386 manus
1849 3331 1901 3385 in
1921 3332 2060 3386 hanc

496 3421 660 3475 vitam
701 3422 978 3492 ingressus
1025 3429 1129 3486 est,
1187 3426 1371 3478 statim
1410 3438 1440 3476 a
1495 3423 1784 3479 cunabulis
1836 3432 2060 3493 parente

495 3521 728 3582 utroque
766 3512 990 3568 orbatus
1026 3529 1040 3578 ;
1076 3512 1213 3565 alter
1261 3527 1390 3567 vero
1433 3513 1622 3568 tandiu
1656 3513 1710 3567 in
1738 3513 1846 3567 vita
1885 3529 2063 3568 reser-

492 3610 654 3663 vatus
686 3613 789 3666 est,
825 3612 886 3657 ut
929 3603 1138 3657 nullum
1183 3605 1514 3661 calamitatis
1564 3620 1737 3676 genus
1780 3603 2058 3674 ell‘ugerct.

495 3689 642 3749 Vidit
695 3695 840 3749 cnim
915 3693 1014 3761 lilii
1071 3704 1300 3750 mortem
1353 3696 1751 3764 immaturam;
1815 3697 1952 3752 vidit
2008 3704 2064 3752 et

494 3785 716 3840 domum
763 3787 1177 3842 successoribus
1222 3787 1542 3843 destitutam
1591 3806 1605 3842 :
1653 3787 1855 3843 videbit
1883 3795 2062 3843 autem

494 3893 663 3942 nunc,
709 3879 815 3934 nisi
861 3877 990 3949 quid
1033 3885 1126 3932 tua
1167 3878 1505 3934 humanitate
1552 3877 1780 3951 dig-num
1832 3882 2060 3951 cogites,

498 3971 741 4048 solamen
796 3971 1044 4025 orbitatis
1098 3971 1154 4024 in
1203 3971 1545 4026 occasionem
1600 3971 1703 4026 sibi
1753 3971 2066 4027 innumera-

495 4059 689 4114 bilium
723 4061 991 4114 malorum
1026 4060 1293 4114 converti.
1339 4059 1460 4116 Non
1509 4063 1654 4117 enim
1702 4063 1965 4132 puerulus
2010 4065 2066 4120 in

497 4151 766 4205 curalium
817 4150 999 4205 album
1062 4151 1388 4217 ascribctur,
1436 4164 1530 4208 aut
1572 4154 1774 4209 tributa
1823 4156 2063 4227 colliget,

465 4265 468 4268 ·
499 4250 594 4297 aut
631 4241 898 4297 militibus
931 4256 1204 4296 annonam
1264 4244 1632 4314 suppeditabit
1669 4264 1682 4299 :
1727 4246 1821 4301 sed
1874 4262 2066 4302 rursus

499 4349 725 4390 necesse
752 4334 933 4388 miseri
965 4334 1112 4388 senis
1141 4335 1398 4390 canitiem
1434 4335 1776 4392 dedecorari.
1816 4337 2068 4393 Concede

2225 1863 2279 1918 2.
2314 1864 2468 1918 Μετὰ
2497 1864 2554 1917 δὲ
2602 1865 2698 1937 τὴν
2756 1863 2920 1937 εὐχὴν
2940 1907 2954 1929 ,
3000 1864 3152 1930 δέξαι
3177 1866 3274 1920 καὶ
3323 1865 3421 1937 τήν
3451 1865 3564 1936 ὑπὲρ
3583 1863 3648 1917 τοῦ

2155 1955 2338 2011 ἀθλίου
2371 1956 2623 2029 γέροντος
2656 1956 2898 2020 ἱκεσίαν,
2926 1957 2985 2011 δν
3029 1958 3208 2028 ἀφῆκε
3258 1955 3354 2028 μὲν
3399 1956 3495 2010 τῶν
3533 1956 3651 2026 δημο-

2158 2049 2286 2102 σίων
2328 2050 2563 2122 γράμμα
2615 2048 2894 2120 βασιλικόν
2933 2066 2947 2080 ο
2991 2050 3191 2121 μᾶλλον
3238 2049 3296 2104 δὲ
3332 2049 3418 2103 καὶ
3463 2048 3547 2120 πρὸ
3586 2046 3650 2100 τοῦ

2158 2139 2420 2211 βασιλέως
2474 2140 2605 2194 αὐτὸ
2655 2141 2715 2194 τὸ
2767 2143 2944 2213 γῆρας
3003 2141 3204 2196 ἔδωκεν
3259 2140 3400 2211 αὐτῷ
3425 2140 3511 2210 τήν
3539 2141 3652 2207 imp

2148 2232 2317 2287 xaiav
2344 2231 2608 2287 ἀτέλειαν.
2651 2232 3017 2298 Ἐϐεϐαίωσας
3059 2232 3114 2286 δὲ
3152 2233 3249 2286 καὶ
3282 2233 3433 2297 αὐτὸς
3453 2233 3536 2302 τὴν
3561 2232 3654 2285 ἄνω-

2157 2324 2247 2377 θεν
2275 2323 2434 2396 χάριν
2467 2324 2605 2379 αἰδοῖ
2637 2324 2739 2395 τῆς
2762 2324 2975 2394 φύσεως
2993 2367 3010 2392 ,
3041 2327 3136 2380 καὶ
3169 2325 3466 2397 προμηθείᾳ
3487 2323 3572 2377 τῶν
3593 2323 3653 2392 6r,-

2161 2413 2382 2483 μοσίων,
2415 2415 2538 2485 ἐμοὶ
2563 2414 2762 2474 δοκεῖν.
2786 2413 2861 2477 ὼς
2893 2414 2958 2468 ἂν
2979 2414 3057 2485 μὴ
3077 2414 3172 2468 ἀνθ
3183 2414 3347 2486 ρώπῳ
3372 2412 3656 2486 παρανοοῦντι

2157 2503 2244 2558 διὰ
2285 2505 2376 2559 τὸν
2420 2505 2607 2576 χρόνον
2664 2504 2966 2559 κινδυνεύοι
3015 2505 3128 2575 (77)
3160 2523 3215 2558 τι
3247 2504 3353 2558 τῶν
3397 2503 3578 2558 κοινῶν.
3604 2503 3654 2554 Δι’

2159 2595 2348 2667 ἐτέρας
2366 2595 2420 2648 δὲ
2443 2594 2561 2649 ὁδοῦ
2597 2594 2758 2649 πάλιν
2794 2594 2911 2659 πῶς
2937 2595 3098 2649 αὐτὸν
3125 2593 3335 2659 ἔλαθες,
3365 2588 3408 2647 ὦ
3432 2593 3660 2664 θαυμάσιε.

2158 2689 2495 2758 παραγαγὼν
2525 2689 2604 2752 εις
2633 2687 2694 2740 τὸ
2745 2688 2938 2759 μέσον;
2987 2688 3089 2741 Τὸν
3122 2687 3234 2760 γὰρ
3269 2687 3440 2742 ὑϊδοῦν
3480 2686 3570 2755 (78)
3595 2685 3660 2736 αι-

2158 2779 2251 2832 τοῦ
2274 2821 2288 2845 ,
2321 2778 2472 2832 οὔπω
2499 2779 2756 2851 τέταρτον
2783 2779 2901 2843 ἔτος
2935 2780 3044 2833 ἀπὸ
3066 2780 3337 2850 γενέσεως
3369 2779 3573 2848 ἄγοντα,
3601 2793 3661 2828 κε-

2157 2869 2353 2935 λεύσας
2391 2871 2486 2924 τοῦ
2526 2870 2906 2943 βουλευτηρίου
2954 2871 3220 2942 μετέχειν,
3255 2872 3308 2926 τί
3340 2870 3458 2924 ἄλλο
3485 2869 3560 2923 καὶ
3581 2867 3664 2936 οὖχὶ

2158 2961 2249 3016 τὸν
2276 2960 2589 3033 πρεσϐύτην
2618 2961 2708 3015 διὰ
2732 2960 2826 3014 τοῦ
2853 2963 3078 3040 ἐκγόνου
3101 2963 3269 3018 πάλιν
3299 2963 3358 3028 ἐξ
3389 2961 3543 3034 ἀρχῆς
3563 2975 3663 3029 παρα

407 3117 416 3126 ι
492 3053 745 3108 trahere?
778 3051 933 3107 Nunc
972 3061 1151 3107 autem
1183 3068 1315 3123 rogo
1351 3055 1528 3110 aetatis
1571 3055 1860 3126 utriusque
1897 3058 2044 3112 misc‘

2164 3053 2314 3122 ἀγεις
2357 3055 2438 3118 είς
2482 3053 2551 3107 τὰ
2581 3053 2852 3125 δημόσια;
2885 3052 3048 3106 Ἀλλὰ
3085 3053 3179 3108 νῦν
3213 3053 3510 3124 ἱκετεύομεν
3539 3053 3664 3121 ἀμει-

2159 3146 2332 3218 τέρων
2383 3163 2441 3198 σε
2490 3145 2675 3199 λαϐεῖν
2721 3146 2829 3199 τῶν
2857 3145 3082 3217 ἡλικιῶν
3113 3143 3324 3212 οἶκτον,
3357 3147 3446 3201 καὶ
3490 3142 3666 3215 ἁμφοτέ·

2152 3254 2288 3308 ρους
2311 3238 2516 3290 ἀνεῖναι
2544 3236 2632 3290 διὰ
2677 3237 2747 3290 τὰ
2797 3240 3063 3310 προσόντα
3109 3240 3358 3313 ἑκατέρῳ
3399 3236 3587 3291 ἐλεεινὰ.
3630 3234 3668 3284 ’0

2165 3329 2263 3397 μὲν
2296 3327 2402 3400 γὰρ
2431 3330 2533 3381 οὐκ
2575 3325 2681 3382 εἶδε
2713 3329 2824 3401 (79)
2857 3331 3052 3400 γονέας
3073 3370 3087 3392 ,
3121 3332 3231 3386 οὐδ’
3270 3331 3546 3403 ἐγνώρισε,
3575 3325 3670 3379 ἀλλὰ

2159 3417 2226 3470 δι’
2262 3417 2552 3488 ἀλλοτρίων
2590 3420 2790 3491 χειρῶν
2831 3422 2911 3485 εἰς
2949 3422 3040 3476 τὸν
3077 3421 3188 3493 βίον
3233 3422 3418 3478 τοῦτον
3452 3418 3668 3488 εἰσῆλθεν.

2161 3511 2320 3576 εὐθὺς
2360 3513 2424 3564 ὲκ
2465 3512 2796 3584 σπαργάνων
2839 3513 3162 3586 ἀμφοτέρων
3195 3512 3564 3588 ὀρφανισθείς·
3589 3510 3611 3560 ὁ
3633 3506 3670 3558 δὲ

2163 3602 2414 3656 τοσοῦτον
2462 3603 2763 3675 ὲταμιεύθη
2808 3604 2887 3674 τῷ
2927 3605 3058 3676 βίῳ,
3083 3607 3160 3670 ὡς
3207 3608 3378 3679 μηδὲν
3404 3603 3546 3659 αὑτὸν
3574 3595 3670 3657 εἶδος

2166 3695 2450 3765 συμφορᾶς
2483 3693 2793 3765 παρελθεῖν.
2831 3697 3038 3750 Ἐπεῖδε
3069 3698 3169 3768 μὲν
3191 3699 3306 3772 γὰρ
3333 3697 3445 3752 υἱοῦ
3475 3691 3673 3759 τελευτὴν

2164 3785 2359 3858 ἄωρον·
2409 3781 2515 3839 εἶδε
2561 3786 2616 3840 δὲ
2661 3783 2806 3841 οἷκον
2861 3786 3066 3860 ἔρημον
3113 3789 3403 3862 διαδόχωνο
3438 3787 3596 3857 ὅψεται
3633 3781 3672 3833 δὲ

2164 3877 2280 3944 νῦν,
2314 3878 2408 3931 ἐὰν
2447 3879 2519 3949 μή
2550 3894 2603 3930 τι
2637 3879 2800 3942 αὐτὸς
2836 3878 2983 3942 ἄξιον
3033 3880 3129 3950 τῆς
3166 3880 3397 3934 σεαυτοῦ
3429 3875 3673 3948 φιλανθρω-

2166 3968 2292 4032 πίας
2325 3967 2612 4040 διανοηθῇς
2633 4008 2647 4031 ,
2673 3968 2771 4040 τήν
2804 3969 3154 4040 παραμυθίαν
3174 3971 3276 4042 τῆς
3300 3971 3566 4032 ἀπαιδίας,
3588 3965 3675 4019 ταύ-

2166 4076 2264 4130 την
2294 4057 2546 4130 ἀφορμὴν
2579 4058 2728 4130 αὐτῷ
2764 4060 2970 4130 μυρίων
3005 4063 3380 4134 γενησομένην
3416 4057 3595 4114 κακῶν.
3623 4054 3673 4106 0-5

2167 4151 2275 4222 γὰρ
2314 4152 2483 4223 δήπου
2535 4151 2596 4204 τὸ
2629 4151 2841 4204 παιδίον
2881 4154 2961 4217 εἰς
3009 4153 3302 4224 βουλευτὰς
3336 4147 3675 4214 συντελέσει,ἢ

2169 4239 2374 4306 ὲκλέξει
2412 4239 2509 4303 τὰς
2540 4239 2797 4311 εἰσφορὰς
2818 4281 2832 4304 ,
2867 4240 2900 4312 ἢ
2937 4241 3301 4313 στρατιώταις
3350 4241 3612 4314 χορηγήσει
3637 4232 3677 4284 τὸ

2173 4333 2507 4406 σιτηρέσιον·
2560 4331 2672 4386 ἀλλ’
2716 4332 2927 4404 ἀνάγκη
2976 4333 3138 4386 πάλιν
3184 4333 3283 4387 τοῦ
3331 4333 3506 4386 ἀθλίου
3542 4329 3677 4398 γέρον-

499 4428 664 4499 igitur
708 4430 938 4498 gratiam
993 4435 1046 4482 et
1097 4427 1309 4499 legibus
1358 4440 1808 4493 consentaneam,
1872 4441 1927 4485 et
1973 4445 2042 4484 na

2173 4441 2264 4488 τος
2293 4423 2392 4495 τὴν
2430 4422 2622 4476 πολιὰν
2659 4422 3140 4494 καταισχύνεσθαι.
3177 4424 3278 4489 Δὸς
3321 4419 3413 4476 οὖν
3445 4423 3584 4492 χάριν
3615 4413 3680 4466 καὶ

499 4529 637 4576 turae
691 4528 1085 4593 congruentem
1141 4540 1154 4576 :
1192 4519 1396 4590 jubens
1430 4531 1487 4576 ut
1517 4522 1674 4577 alteri
1718 4522 1938 4593 quidem
1971 4539 2070 4578 us-

499 4629 606 4684 que
651 4613 720 4668 ad
754 4613 966 4668 virilem
999 4621 1214 4667 aetatem
1243 4613 1598 4678 concedatur,
1630 4613 1765 4669 alter
1801 4623 1981 4670 autem
2014 4615 2071 4670 in

499 4705 642 4761 lecto
666 4713 896 4760 mortem
927 4711 1229 4774 exspectet.
1269 4706 1540 4760 Continua
1569 4715 1749 4761 autem
1783 4706 1996 4777 negotia
2019 4714 2074 4762 et

500 4797 908 4854 ineluctabilem
954 4799 1336 4854 necessitatem
1390 4798 1501 4866 alii.
1550 4810 1832 4855 excusent.
1886 4799 2074 4872 Neque

499 4894 645 4948 enim
696 4891 775 4947 tui
822 4889 990 4946 moris
1017 4897 1103 4945 est
1146 4898 1241 4945 aut
1279 4891 1626 4947 calamitosos
1665 4909 1943 4963 spernere,
1981 4901 2075 4948 aut

503 4983 649 5054 leges
687 4983 841 5055 parvi
895 4981 1097 5049 facere,
1131 4991 1224 5036 aut
1270 4982 1463 5039 amicis
1493 4999 1604 5039 non
1648 4985 1841 5041 cedere
1869 4986 2075 5056 suppli-

501 5076 775 5141 cantibus,
806 5076 1023 5131 etiamsi
1065 5083 1119 5130 te
1156 5076 1224 5130 ab
1252 5075 1567 5133 hominibus
1614 5077 2075 5135 circumsteterint

502 5169 736 5240 negotia.

519 5397 530 5418 κ
574 5351 687 5426 (Ῐξ)
719 5350 803 5418 Τῷ
830 5351 1096 5426 γράφειν.
1122 5350 1273 5426 Harl.
1301 5360 1354 5409 et
1378 5352 1519 5409 Med.
1549 5352 1641 5407 τοῦ
1675 5355 1933 5426 γράφειν.

575 5422 688 5493 (76)
719 5424 1114 5492 ιιροσείρησο.
1158 5423 1236 5478 Ita
1265 5439 1460 5480 novem
1500 5440 1639 5480 mss.
1676 5422 1824 5481 Ε’άίιί
1857 5426 2080 5498 προσεί-

506 5509 650 5547 ποιο.

579 5563 691 5635 (77)
720 5565 1193 5634 Παρανοοῦντι...
1213 5563 1570 5621 κινδυνεύοιξ
1591 5564 1682 5621 Sic
1702 5581 1839 5622 mss.
1867 5583 2079 5626 summo

506 5650 806 5710 consensu.
832 5635 974 5710 Editi
1002 5635 1812 5710 παρανομοῦντι...->ιινδυνεύῃ.

579 5706 693 5777 (78)
739 5705 990 5778 Ὺιδοῦν.
1011 5705 1101 5762 Sic
1120 5705 1260 5760 mss.
1287 5713 1433 5778 oc_to.
1466 5705 1607 5762 Editi
1630 5709 1744 5764 υἱὸν
1763 5705 1915 5778 γοῦν.
1939 5709 2077 5766 Pau-

512 5774 744 5844 lopOSt
781 5777 950 5832 Coisl.
1003 5779 1210 5845 primus
1239 5783 1294 5832 ει
1342 5774 1476 5846 Reg.
1523 5774 1800 5836 secundus
1848 5781 1937 5834 διὰ
1985 5782 2076 5838 τοῦ

2171 4518 2285 4578 τοῖς
2313 4515 2499 4584 νόμοις
2526 4514 2841 4582 ἀκόλουθον,
2875 4517 2967 4570 καὶ
2994 4519 3058 4587 τῇ
3097 4515 3258 4586 φύσει
3310 4514 3678 4588 συμϐαίνουσαν·

2173 4605 2250 4678 τῷ
2301 4606 2398 4678 μὲν
2444 4604 2756 4675 προστάξας
2807 4607 2968 4679 μέχρι
3001 4607 3098 4678 τῆς
3127 4606 3237 4660 τῶν
3273 4605 3480 4677 ἀνδρῶν
3520 4597 3681 4672 ἡλικίας

2177 4697 2627 4770 συγχωρηθῆναι,
2677 4698 2768 4752 τὸν
2823 4697 2880 4750 δὲ
2931 4698 3022 4750 ἐπὶ
3066 4700 3164 4769 τῆς
3223 4697 3416 4768 κλίνης
3458 4692 3685 4763 ἀναμένειν

2173 4790 2264 4843 τὸν
2295 4790 2542 4844 θάνατον.
2579 4789 2929 4863 Πραγμάτων
2980 4789 3037 4842 δὲ
3087 4790 3368 4862 συνέχειαν
3414 4785 3583 4843 καὶτὸ
3617 4779 3683 4846 τῆς

2175 4881 2421 4954 ἀνάγκης
2473 4883 2848 4954 ἀπαραίτητον
2908 4882 3058 4936 ἄλλοι
3110 4880 3599 4954 προϐαλλέσθωσαν.
3636 4871 3688 4923 0‘3

2177 4970 2287 5044 γὰρ
2314 4972 2378 5044 δὴ
2410 4973 2505 5026 τοῦ
2539 4973 2634 5026 σοῦ
2680 4973 2884 5044 τρόπου
2935 4973 2968 5045 ἢ
2998 4974 3182 5039 κακῶς
3225 4974 3555 5046 πράττοντας
3586 4980 3675 5031 περ

2180 5062 2328 5127 ιδεῖν,
2361 5065 2394 5136 ἢ
2432 5065 2611 5136 νόμων
2658 5065 3076 5137 ὀ).ιγωρῆσαι,ἢ
3128 5066 3304 5136 φίλοις
3339 5066 3416 5138 μὴ
3440 5059 3567 5126 εἶξαι
3591 5057 3688 5112 ιιιῦ-

2179 5156 2502 5224 ικετεύουσι,
2535 5157 2636 5212 κᾶν
2663 5157 2732 5211 τὰ
2754 5157 2814 5223 ἐξ
2837 5158 3138 5232 ἀνθρώπων
3168 5176 3226 5212 σε
3255 5156 3588 5230 περιεστήκει
3613 5149 3690 5216 (δυι

2177 5250 2496 5321 πράγματα.

2178 5362 2420 5431 ὲγγόνου.

2250 5433 2362 5503 (79)
2397 5435 2538 5503 Οὐκ,
2568 5431 2708 5490 εἶδε.
2755 5435 2890 5493 Mss.
2943 5435 3297 5494 consentiunt
3350 5436 3406 5491 in
3454 5433 3693 5503 hacvW-

2179 5499 2320 5578 Editi
2345 5499 2455 5578 ab);
2489 5499 2620 5578 οῖδε.
2650 5505 2826 5563 Paulo
2856 5515 2980 5578 post
3009 5508 3176 5578 Coisl.
3211 5507 3430 5576 primus
3457 5503 3538 5557 ἐπ’
3561 5499 3693 5568 in?“

2179 5573 2371 5649 τὲρων.
2405 5574 2558 5649 ﬂarl.
2589 5585 2642 5630 et
2669 5578 2815 5649 Med.
2846 5573 2945 5649 ᾆπ’
2971 5573 3316 5649 ἀμφοτέρων.

2251 5642 2360 5715 (80)
2393 5647 2794 5715 Περιεστήκει.
2839 5646 2932 5704 Sic
2957 5642 3089 5706 mss.
3121 5642 3346 5706 codices
3379 5654 3577 5705 summo
3597 5648 3697 5694 ωηο

2184 5714 2371 5773 εείιειι.
2407 5714 2550 5774 Editi
2585 5719 2932 5790 περιέστηκε.
