3762 6506
139 425 222 489 465

589 563 927 620 ΕΠΙΣΤΟΛΗ
965 565 1090 623 ΠΕ’.

953 422 1450 481 EPISTOLARUM
1484 420 1766 478 CLASSIS
1806 423 1870 478 li.
1910 424 2126 479 EPIST.
2169 421 2444 477 LXXXVI.

3179 418 3282 475 486

2065 566 2226 636 178
2253 561 2585 619 EPISTOLA
2623 559 2896 616 LXXXV'.

142 701 422 766 Qud_s¢pcd
442 697 491 749 in
510 698 807 750 conatibus
826 699 941 752 etin
959 700 1162 765 privatis
1187 701 1438 772 colloquiis
1459 711 1713 772 rogaverat
1740 703 1970 772 Basilius,
1993 710 2042 753 ut
2079 709 2250 752 rusttct
2291 707 2348 751 oo
2383 697 2632 763 vectigalia
2644 711 2820 762 furare
2855 710 2949 748 non
2987 701 3283 761 cogerentur,

1243 765 1372 815 idem
1393 777 1515 814 nunc
1528 765 1623 816 uer
1656 765 1838 818 litteras
1861 767 2128 817 obtestatur.

389 892 522 960 Περί
548 891 651 945 τοῦ
667 891 754 961 μὴ
782 890 910 948 δεῖν
935 891 1158 962 ὁρκοῦν
1185 891 1318 961 (81).
1655 905 1702 961 Α

192 1008 248 1060 Οὐ
278 1005 535 1074 παυόμεθα
566 1004 704 1058 κατά
743 1007 920 1059 πᾶσαν
951 1002 1165 1058 σύνοδον
1196 1004 1631 1078 διαμαρτυρόμε-

140 1117 224 1158 νοι,
255 1098 334 1149 καὶ
380 1097 478 1167 ἰδίᾳ
525 1099 581 1149 ἐν
612 1100 732 1160 ταῖς
789 1097 1098 1168 συντυχίαις
1132 1099 1259 1168 περὶ
1301 1097 1410 1150 τῶν
1455 1099 1632 1153 αὐτῶν

138 1190 480 1259 διαλεγόμενοι,
511 1188 649 1241 ὥστε
693 1189 818 1253 τοὺς
851 1189 1046 1260 ὅρκους
1090 1189 1181 1242 ἐπὶ⁸
1211 1191 1321 1252 τοῖς
1357 1189 1634 1260 δημοσίοις

139 1280 372 1348 sampsa:
407 1279 476 1350 μὴ
515 1279 813 1347 ἐπάγεσθαι
838 1279 988 1351 παρὰ
1019 1280 1125 1334 τῶν
1166 1280 1480 1351 ἀπαιτητῶν
1524 1284 1634 1344 τοῖς

141 1369 381 1441 ἀγροίκοις.
399 1371 727 1440 Λειπόμενον
748 1367 814 1443 ἦν
833 1372 941 1440 (δῖ)
968 1373 1062 1424 καὶ
1081 1371 1169 1424 διά
1194 1371 1288 1424 τοῦ
1313 1370 1636 1441 γράμματος

141 1461 340 1530 περὶτῶν
359 1461 527 1513 αὐτῶν
555 1460 782 1515 ἐνώπιον
807 1463 940 1516 Θεοῦ
968 1465 1061 1516 καλ⁶
1088 1449 1386 1534 ἀνθρώπων
1409 1463 1638 1534 διαμαρο

138 1551 377 1620 τύρασθαι,
409 1554 487 1606 ὅτι
516 1557 782 1624 προσήκει
820 1553 1128 1608 παύσασθαι
1170 1556 1313 1626 ὑμᾶς
1343 1555 1434 1608 τὸν
1477 1555 1637 1608 θάνα-

140 1663 203 1697 τον
225 1649 323 1708 ταῖς
345 1646 535 1715 ψυχαῖς
577 1645 686 1700 τῶν
712 1646 1012 1718 ἀνθρώπων
1050 1648 1350 1716 ἐπάγοντας
1372 1686 1386 1710 ,
1420 1647 1512 1700 καὶ
1539 1647 1635 1700 ἄλ-

138 1737 228 1800 λους
248 1737 502 1808 ὲπινοῆσαί
538 1757 690 1803 τινας
729 1740 962 1811 τρόπους
997 1738 1103 1792 τῶν
1135 1740 1510 1812 ἀπαιτήσεων,
1541 1739 1638 1802 τὰς

136 1827 178 1879 δὲ
227 1828 378 1897 ψυχὰς
428 1832 779 1901 συγχωρῆσαι
835 1833 948 1893 τοῖς
1000 1830 1304 1902 ἀνθρώποις
1367 1829 1636 1900 ἀτρώτους

136 1919 262 1987 ἔχειν.
293 1920 461 1974 Ταῦτα
491 1922 628 1992 πρὸς
653 1923 712 1978 σέ
750 1922 1050 1992 γράφομεν,
1086 1923 1184 1992 οὐχ
1218 1921 1292 1984 ὡς
1325 1920 1419 1973 σοῦ
1453 1920 1639 1991 δεομέ-

137 2029 204 2063 νου
235 2013 318 2080 τῆς
356 2014 414 2066 ἐκ
446 2013 552 2066 τῶν
608 2013 782 2081 λόγων
823 2013 1218 2086 παρακλήσεως
1258 2012 1505 2083 (οἴκοθεν
1532 2011 1639 2084 γὰρ

137 2102 243 2172 ἔχεις
271 2103 355 2168 τὰς
394 2106 517 2175 περὶ
539 2106 602 2158 τὸ
646 2105 928 2174 φοϐεῖσθαι
967 2105 1058 2158 τὸν
1097 2105 1300 2176 Κύριον
1331 2105 1442 2176 (85)
1481 2107 1641 2176 ἀφορα

138 2195 274 2263 μὰς),
304 2196 406 2248 ἀλλ’
445 2197 531 2250 ἵνα
579 2198 670 2251 διὰ
722 2197 814 2250 σοῦ
848 2199 1047 2260 πάντες
1087 2199 1137 2250 οἱ
1189 2197 1504 2268 ἀνεχόμενοι
1546 2215 1638 2250 σου

2149 896 2226 951 De
2254 894 2478 951 carendo
2495 893 2863 963 jurejurando.

1806 1008 1926 1065 Non
1971 1009 2274 1064 desinimus
2316 1009 2369 1061 in
2401 1009 2548 1062 omni
2591 1013 2858 1060 conventu
2889 1003 3202 1068 contestari,
3234 1011 3288 1058 et

1736 1105 1964 1174 privatis
1997 1104 2050 1157 in
2095 1102 2384 1172 colloquiis
2416 1100 2554 1156 idem
2596 1099 2890 1161 inculcare,
2918 1105 2975 1151 ut
2997 1097 3186 1152 rustici
3219 1097 3289 1152 ob

1735 1175 1951 1265 publica
1999 1195 2283 1266 vectigalia
2332 1193 2398 1248 ad
2435 1191 2818 1262 jusjurandum
2849 1190 2915 1244 ab
2945 1189 3290 1244 exactoribus

1734 1303 1841 1342 non
1870 1287 2174 1357 adigantur.
2203 1285 2490 1354 Reliquum
2520 1292 2654 1348 erat,
2687 1293 2744 1336 ut
2770 1283 2930 1338 etiam
2961 1297 3056 1352 per
3084 1281 3292 1334 litteras

1735 1378 1802 1432 de
1853 1377 2045 1432 iisdem
2069 1391 2250 1432 coram
2273 1375 2382 1430 Deo
2416 1381 2468 1430 et
2498 1373 2811 1428 hominibus
2840 1379 3290 1433 contestaremur,

1735 1476 2160 1522 consentaneum
2208 1483 2350 1530 esse,
2398 1473 2456 1520 ut
2506 1474 2733 1520 mortem
2767 1465 3046 1518 hominum
3090 1463 3296 1516 anima-

1736 1561 1839 1615 bus
1870 1560 2071 1615 iulerre
2101 1559 2389 1623 desinatis,
2416 1566 2471 1614 et
2502 1559 2714 1628 aliquos
2741 1557 2878 1612 alios
2903 1554 3150 1626 exigendi
3182 1570 3295 1608 mo-

1736 1653 1836 1708 dos
1866 1652 2207 1724 excogitetis,
2238 1666 2300 1706 ac
2331 1667 2426 1722 per
2451 1666 2546 1706 vos
2574 1649 2884 1704 hominibus
2909 1648 3066 1702 liceat
3086 1646 3295 1708 animas

1736 1761 1767 1799 a
1800 1745 2019 1800 vulnere
2071 1745 2310 1814 integras
2350 1743 2571 1799 habere.
2614 1741 2693 1795 Ad
2746 1749 2797 1796 te
2847 1741 2958 1795 haec
3004 1739 3296 1795 scribimus

1737 1849 1845 1888 non
1882 1833 2024 1904 quod
2074 1832 2350 1904 indigeas,
2377 1840 2436 1886 ut
2467 1842 2518 1887 te
2553 1832 2734 1886 verbis
2782 1831 3063 1886 hortemur
3106 1828 3296 1897 (habes

1739 1925 1883 1980 enim
1931 1924 2229 1980 domestica
2293 1921 2507 1978 Domini
2565 1920 2839 1977 metuendi
2901 1919 3307 1989 incitamenta),

1738 2015 1833 2071 sed
1877 2021 1938 2069 ut
1985 2030 2083 2084 per
2126 2022 2178 2070 te
2219 2013 2432 2067 discant
2471 2027 2680 2076 omnes,
2712 2012 2806 2082 qui
2838 2027 2901 2067 ex
2942 2019 2994 2066 te
3038 2009 3292 2080 pendent,

1743 2110 2004 2162 Sanctum
2040 2107 2104 2161 ad
2159 2105 2493 2161 iracundiam
2549 2121 2657 2159 non
2715 2118 3030 2174 provocare,
3079 2111 3132 2157 et
3183 2117 3298 2156 rem

1743 2201 1963 2255 vetitam
2015 2199 2156 2252 mala
2197 2197 2591 2254 consuetudine
2633 2195 3024 2257 inditTerentem
3064 2209 3173 2247 non
3216 2191 3298 2245 fa-

134 2285 364 2354 ὃιδαχθῶσι
396 2286 468 2356 μὴ
514 2287 870 2359 παροργίζειν
909 2287 999 2342 τὸν
1023 2288 1228 2356 Ἀγιον,
1278 2287 1410 2358 μηδέ
1444 2287 1644 2357 ἀπηγο-

1751 2307 1884 2348 cere.
1935 2289 2119 2361 Neque
2170 2290 2314 2345 enim
2364 2289 2442 2344 eis
2502 2289 2612 2342 ullo
2667 2297 2826 2358 pacto
2870 2287 2936 2341 ad
2988 2286 3299 2340 exactiones

135 2377 340 2445 ρευμένον
374 2379 600 2449 πρᾶγμα
646 2382 712 2450 τῇ
759 2381 969 2450 πονηρᾷ
1009 2379 1264 2450 συνηθείᾳ
1301 2381 1380 2441 εἰς
1421 2378 1638 2446 ἀδιαφο-

137 2467 223 2537 ρίαν
248 2471 499 2538 κατάγειν.
538 2470 652 2523 Καὶ
680 2471 788 2544 γὰρ
821 2471 945 2525 οὔτε
974 2471 1164 2540 ὄφελός
1189 2489 1242 2524 τι
1280 2473 1464 2534 αὐτοῖς
1503 2471 1638 2542 πρὸς

133 2559 203 2620 τὰς
223 2561 516 2632 ἀπαιτήσεις
547 2564 615 2616 ὲκ
644 2564 751 2616 τῶν
781 2565 959 2637 ὅρκων
981 2566 1124 2629 ἐστὶ,
1152 2564 1244 2618 καὶ
1271 2562 1636 2634 ὁμολογούμε-

132 2665 196 2701 νον
217 2652 362 2705 κακὸν
395 2656 457 2724 τῇ
499 2654 648 2726 ψυχῇ
693 2655 1215 2728 προσλαμϐάνουσιν.
1247 2655 1494 2709 Ἐπειδὰν
1531 2655 1640 2728 γὰρ

133 2743 551 2816 καταμελετήσωσι
599 2747 712 2817 (84)
760 2747 861 2812 τὰς
905 2749 1189 2821 ἐπιορκίας
1234 2751 1282 2803 οἱ
1325 2748 1636 2820 ἅνθρωποι,

129 2833 270 2886 οὐκέτι
312 2837 526 2901 ἑαυτοὺς
570 2839 854 2907 ἐπείγουσι
893 2841 1029 2912 πρὸς
1072 2841 1170 2912 τὴν
1215 2841 1446 2896 ἔκτισιν.
1505 2839 1638 2893 ἀλλά

130 2926 296 2995 ἀπάτης
311 2927 462 2981 ὅπλον
494 2930 592 2984 καὶ
619 2931 886 3002 ἀναϐολῆς
914 2931 1167 3004 ἀφορμὴν
1189 2929 1513 3003 ἐξευρῆσθαι
1542 2932 1639 2984 αὒ-

130 3018 213 3078 τοῖς
245 3018 322 3071 τὸν
347 3021 501 3090 ὅρκον
547 3025 775 3078 οἴονται.
823 3024 946 3077 Εἴτε
973 3020 1066 3078 οὖν
1092 3023 1268 3088 ὀξεῖαν
1300 3024 1491 3092 ἐπάγει
1540 3022 1638 3094 τὴν

128 3109 424 3168 ἀνταπόδοσιν
453 3121 566 3181 τοῖς
597 3118 1001 3190 ἐπιωρκηκόσιν
1023 3119 1051 3171 ὁ
1082 3116 1284 3188 Κύριος
1305 3157 1318 3180 ,
1343 3117 1441 3187 οὐχ
1460 3115 1639 3180 ἐξουσι

129 3203 223 3266 τοὺς
249 3205 604 3274 ὑπακούοντας
626 3250 641 3273 ,
675 3210 784 3264 τῶν
834 3209 1148 3263 ὑπευθύνων
1181 3208 1286 3262 ὑπὸ
1329 3207 1424 3279 τῆς
1467 3226 1638 3280 τιμω-

133 3291 221 3360 ρὶας
248 3296 614 3353 ἀναλωθέντων
637 3318 650 3331 ·
685 3299 793 3354 εἴτε
817 3299 902 3354 διὰ
933 3299 1306 3372 μακροθυμίας
1337 3299 1584 3370 ἀνέχεται
1611 3302 1640 3353 ὁ

129 3383 382 3456 Δεσπότης,
415 3388 442 3442 ὃ
484 3390 778 3461 προλαϐὼν
828 3386 999 3454 εἷπον,
1034 3391 1114 3443 ὅτι
1158 3390 1208 3442 οἱ
1250 3389 1638 3460 πεπειραμένοι

128 3470 203 3539 τῆς
238 3477 418 3548 ἀνοχῆς
454 3480 550 3533 τοῦ
604 3479 810 3551 Κυρίου
866 3478 1292 3552 καταφρονοῦσιν
1347 3477 1510 3533 αὑτοῦ
1542 3481 1641 3551 τῆς

1743 2390 1974 2454 prosunt
2022 2383 2332 2452 iuramenta
2386 2399 2399 2434 :
2463 2386 2516 2434 et
2569 2379 2772 2434 malum
2827 2376 3191 2431 certissimum
3242 2376 3297 2429 in

1743 2472 1927 2526 animo
1963 2470 2291 2541 suscipiunt.
2341 2467 2443 2524 Ubi
2493 2468 2641 2523 enim
2672 2466 2920 2522 homines
2960 2465 3012 2518 in
3045 2464 3300 2536 perjuriis

1744 2563 2024 2620 exercitati
2065 2561 2289 2626 fuerint,
2318 2577 2426 2615 non
2456 2561 2692 2630 amplius
2730 2559 2940 2641 solvere
2983 2564 3299 2628 properant,
3331 2611 3334 2616 ,

1746 2655 1842 2712 sed
1877 2655 2085 2711 fraudis
2117 2657 2534 2712 instrumentum
2563 2667 2628 2708 ac
2669 2652 2945 2707 dilationis
2977 2665 3164 2706 ansam
3197 2649 3303 2706 sibi

1746 2749 2026 2802 inventum
2058 2762 2180 2802 esse
2209 2745 2595 2816 jusjurandum
2622 2744 2954 2799 existimant.
2987 2741 3112 2797 Sive
3141 2742 3305 2809 igitur

1745 2837 2009 2894 Dominus
2053 2839 2258 2894 celeres
2300 2853 2491 2908 pmnas
2526 2835 2722 2891 inferat
2751 2836 2984 2906 perjuris
3014 2851 3028 2899 ;
3064 2851 3170 2887 non
3203 2833 3302 2887 ha-

1746 2930 1951 2986 bebunt
1989 2932 2080 3002 qui
2120 2933 2173 2986 in
2212 2931 2304 3000 jus
2338 2931 2514 2986 vocati
2558 2929 2926 3002 respondeant
2967 2926 3304 2996 consumptis

1745 3023 2012 3094 supplicio
2063 3023 2396 3080 debitoribus
2461 3041 2475 3078 :
2550 3023 2664 3079 sive
2707 3021 2926 3094 patienti
2977 3019 3158 3073 animo
3211 3035 3305 3073 eos

1701 3129 1708 3132 '
1746 3115 1939 3169 toleret
1985 3113 2268 3179 Dominus,
2304 3114 2583 3185 quoniam,
2623 3121 2680 3166 ut
2723 3112 2873 3183 prius
2904 3111 3040 3173 dixi,
3086 3109 3176 3180 qui
3213 3122 3306 3178 pa-

1713 3205 1995 3262 tientiam
2038 3205 2250 3262 Domini
2295 3205 2505 3278 experti
2543 3214 2688 3272 sunt,
2737 3205 2908 3274 ipsius
2954 3209 3308 3257 contemnunt

1746 3296 2080 3363 bonitatem;
2135 3312 2203 3352 ne
2259 3296 2461 3352 frustra
2515 3296 2683 3366 legem
2747 3295 2970 3358 violent,
3023 3308 3198 3363 neque
3252 3292 3307 3346 in
3375 3342 3379 3345 .

1745 3389 1955 3458 scipsos
1987 3387 2078 3442 Dei
2105 3389 2235 3442 iram
2273 3388 2592 3443 accendant.
2635 3386 2753 3442 Dixi
2783 3401 2903 3457 qua:
2946 3385 3130 3444 debui.
3159 3383 3308 3440 vide-

1749 3482 1882 3535 bunt
1907 3481 2255 3552 immorigcri.

127 3573 469 3644 ἵησηπότητοςο
510 3575 586 3647 μὴ
624 3576 990 3646 ἀνομείτωσαν
1020 3575 1300 3647 διακενῆς,
1339 3575 1470 3646 μηδὲ
1516 3575 1962 3647 παροξυνὲτωσαν
1998 3577 2080 3647 ἐφ’
2117 3578 2339 3641 ἑαυτοὺς
2369 3579 2458 3633 τὸν
2489 3578 2640 3631 Θεύν,
2672 3578 2900 3650 Εἴρηται
2930 3577 3061 3646 ἡμῖν
3089 3573 3154 3627 τὰ
3176 3576 3322 3644 ἡμῖν.

127 3659 430 3723 ἐπιϐάλλοντα.
451 3685 465 3701 ο
493 3670 716 3740 ὄψονται
740 3671 789 3723 οί
818 3668 1184 3733 ἀπειθούντεςο

605 3808 950 3864 ΕΠΙΣΤΗΛΗ
988 3811 1128 3878 nq'.

2178 3806 2518 3864 EPISTOLA
2554 3808 2896 3866 LXXXVI“..

433 3927 573 3983 Petit
599 3930 813 3983 Basilius
833 3938 883 3982 ut
907 3946 994 3996 per
1030 3945 1149 3998 quos
1179 3931 1424 3996 direptum
1453 3929 1679 3983 Daret/rei
1699 3931 1962 3999 presbyteri
1987 3930 2289 3994 frumentum,
2314 3943 2404 3997 per
2433 3931 2624 3984 eosdem
2646 3931 2940 3984 restituatur.

604 4036 690 4105 Τῷ
717 4039 960 4110 ἡγεμόνι
987 4037 1120 4110 (85).

176 4158 287 4218 Οἶδα
311 4167 576 4239 μεγίστην
601 4169 695 4223 καὶ
735 4187 957 4242 πρωτην
988 4170 1220 4243 σπουδὴν
1257 4165 1422 4226 οὖσαν
1452 4175 1518 4244 τῇ
1557 4189 1643 4227 τι-

124 4254 296 4328 μιότητί
313 4275 401 4313 σου
427 4261 611 4314 πάντα
637 4261 836 4333 τρόπον
859 4262 969 4332 (86)
993 4263 1318 4336 χαρίζεσθαι
1337 4263 1415 4336 τῷ
1428 4265 1642 4338 δικαίῳ·

121 4343 333 4419 δευτέραν
365 4352 421 4406 δὲ
466 4353 532 4407 τὸ
571 4354 667 4407 καὶ
701 4353 829 4416 τοὺς
876 4353 1059 4424 φίλους
1102 4356 1360 4420 εὐποιεῖν,
1402 4357 1496 4410 καὶ
1537 4357 1646 4410 τῶν

125 4445 526 4512 προσφευγόντων
561 4447 629 4516 τῇ
669 4446 972 4518 προστασία
1007 4447 1109 4518 τῆς
1150 4448 1250 4519 σῆς
1298 4447 1648 4519 μεγαλονοίας

122 4527 484 4591 ἀντιποιεῖσθαι.
527 4536 716 4591 Πάντα
740 4536 916 4592 τοίνυν
959 4539 1040 4603 εἰς
1077 4539 1269 4594 ταυτὸν
1317 4540 1648 4612 συνέδραμεν

123 4619 192 4674 ἐπὶ
212 4626 294 4695 τῆς
317 4629 600 4700 παρούσης
637 4629 963 4694 ὑποθέσεως.
999 4633 1108 4684 Καὶ
1150 4631 1258 4703 γὰρ
1288 4632 1492 4685 δίκαιόν
1531 4633 1646 4686 ἐστι

121 4713 165 4764 τὸ
190 4721 418 4788 πρᾶγμα,
444 4721 590 4792 ὑπὲρ
631 4715 691 4776 οὗ
723 4722 820 4793 τὴν
869 4722 1162 4793 πρεσϐείαν
1205 4723 1521 4794 ποιούμεθα,
1553 4726 1648 4777 καὶ⁹

123 4804 222 4875 ἡμῖν
248 4813 653 4884 κεχαρισμένον,
679 4811 771 4877 οὓς
801 4815 858 4866 ἐν
883 4817 995 4878 τοῖς
1038 4815 1209 4885 φίλοις
1249 4814 1501 4887 ἀριθμεῖν
1535 4819 1646 4881 τοῖς

173 4966 266 5037 (8i)
294 4971 427 5042 Περὶ
456 4973 565 5027 τοῦ
591 4972 677 5042 μὴ
709 4973 856 5028 δεῖν.
885 4973 1123 5029 Verbum
1154 4975 1405 5030 ultimum
1429 4976 1644 5031 addidi-

121 5046 215 5113 gms
227 5054 284 5092 ex
305 5039 470 5096 Coisl.
497 5039 675 5113 primo
697 5056 749 5098 et
773 5044 911 5102 Med.
938 5043 1072 5098 Tres
1093 5047 1185 5099 alii
1207 5046 1444 5110 codices,
1469 5047 1644 5113 Harl.,

121 5101 226 5193 Iilex.
245 5101 513 5193 secundus
533 5123 588 5193 et
610 5115 781 5193 Coisl.
810 5116 1212 5193 secutulpsksic
1235 5101 1493 5193 exhibent
1516 5101 1646 5171 titul

122 5173 204 5229 luo}
232 5197 245 5231 :
281 5181 434 5256 Ὥστε
477 5183 792 5238 παύσασθαι
818 5186 945 5256 τους
973 5173 1382 5256 τῶνδημοσίων
1411 5189 1650 5256 πράκτο-

225 5251 340 5314 τοὺς
368 5252 566 5322 ὅρκους
595 5258 709 5318 τοῖς
737 5255 1061 5326 ὑποτελέσιν
1081 5251 1408 5326 ἐπάγοντας·
1453 5251 1520 5311 Ut
1549 5273 1647 5326 pu-

121 5314 337 5399 ψειηιιιι
360 5314 706 5399 μὲσιιιιῖατιωᾷ
735 5337 1004 5382 exactores
1029 5314 1271 5382 desinunt
1297 5329 1349 5384 in
1366 5314 1648 5399 jusjuran-

120 5382 450 5466 lltu‘adig'ere
472 5396 774 5466 rrectr'gales.

120 5456 665 5590 ἧέξὲὲοᾶειπόμενᾶν
690 5463 790 5538 ἦν.
826 5463 958 5540 Reg.
1003 5468 1280 5526 secundus
1312 5469 1648 5541 Δειπόμενον

176 5596 419 5682 ﬁt”!
448 5605 700 5682 mpm.
735 5607 814 5662 lta
846 5607 1044 5664 vetusti
1085 5609 1307 5666 codices
1353 5611 1642 5682 quinque:

122 5663 223 5717 editi
252 5671 336 5723 τὸν
360 5673 518 5730 Θεὸν.

297 5744 846 5826 Ιξιξιςαιιελετήσωσι.
874 5747 1014 5806 Editi
1037 5751 1473 5826 καταμελήσωσι,
1500 5752 1644 5826 quod

123 5809 334 5866 emendat
368 5809 884 5878 Harleanuscodcx
918 5837 1042 5879 cum
1079 5809 1254 5883 trib‘us
1289 5809 1429 5880 aliis.

1669 4062 1712 4120 (Ζ

2373 4036 2688 4106 Prwposito.

1752 4215 1757 4222 .
1821 4173 1945 4230 Scio
1985 4175 2280 4229 maximum
2321 4181 2374 4230 et
2409 4173 2643 4244 primum
2689 4174 3018 4244 pmstantia:
3049 4181 3155 4230 tute
3192 4182 3310 4232 stu-

1751 4265 1902 4321 dium
1942 4280 2063 4320 esse
2086 4303 2102 4329 ,
2138 4271 2197 4318 ut
2227 4262 2376 4318 omni
2425 4263 2638 4318 ratione
2665 4263 2775 4333 juri
2805 4261 3006 4317 faveas.
3038 4264 3308 4331 Alterum,

1755 4364 1814 4410 ut
1844 4367 1900 4412 et
1933 4355 2125 4411 amicis
2147 4353 2491 4417 benefacias,
2520 4363 2574 4409 et
2596 4369 2693 4410 eos
2723 4353 2817 4424 qui
2855 4353 2920 4407 ad
2951 4363 3056 4410 tuae
3086 4370 3310 4426 magna-

1755 4447 2023 4504 nimitatis
2051 4446 2415 4519 patrocinium
2449 4446 2795 4514 confugiunt,
2827 4453 3033 4500 tueare.
3066 4442 3314 4501 Concur-

1755 4547 1882 4595 runt
1906 4538 2089 4611 itaque
2116 4539 2301 4595 omnia
2331 4538 2385 4592 in
2417 4552 2580 4593 causa
2608 4539 2882 4609 praesenti.
2915 4537 3049 4593 Nam
3083 4546 3137 4595 et
3161 4539 3314 4609 justa

1752 4645 1843 4686 res
1875 4638 1960 4686 est
1984 4670 2000 4695 ,
2032 4643 2132 4700 pro
2179 4644 2287 4700 qua
2314 4628 2709 4698 deprecamur;
2744 4639 2798 4684 et
2840 4628 3000 4684 nobis
3037 4635 3313 4699 pergrata,

1753 4739 1892 4792 quos
1933 4724 2077 4778 inter
2115 4732 2239 4778 tuos
2285 4722 2489 4776 amicos
2516 4736 2807 4776 numerare
2848 4721 3102 4791 dignatus
3135 4735 3228 4784 es;
3262 4729 3316 4774 et

1751 4816 1831 4872 eis
1858 4815 2037 4870 debita
2065 4855 2080 4878 ,
2113 4813 2207 4885 qui
2247 4814 2568 4869 constantia:
2601 4821 2708 4868 tua:
2753 4813 3012 4868 auxilium
3057 4812 3124 4867 ad
3173 4811 3319 4880 iuju-.

1819 4976 1934 5044 (85)
1980 4974 2062 5040 Τῷ
2097 4976 2364 5044 ἡγεμόνι.
2415 4971 2510 5028 Sic
2548 4988 2672 5029 cum
2709 4973 2877 5044 editis
2901 4981 3014 5027 tres
3043 4972 3316 5040 antiquis-

1748 5045 1874 5100 simi
1910 5043 2342 5108 codices'l‘larlw
2389 5044 2530 5100 Med.
2568 5051 2622 5098 et
2661 5044 2833 5098 Coisl.
2866 5043 2921 5097 In
2956 5043 3080 5096 aliis
3111 5044 3315 5107 tribus,

1749 5131 1943 5186 nempe
1972 5115 2378 5186 Reg.secuudo
2411 5125 2464 5186 et
2496 5115 2709 5186 Bigot.,
2735 5115 2850 5186 haec
2881 5112 3315 5186 adduntur,_7:a-

1751 5183 2018 5258 ραθετικὴΔ
2034 5183 2172 5258 ὑπὲρ
2196 5183 2577 5258 πρεσσυτέρων
2600 5183 3121 5258 περικαθαρπαγῆς-
3145 5184 3312 5258 σίτου,

1748 5253 2180 5326 commendatitia
2222 5253 2316 5326 pro
2345 5253 2760 5326 presbyteris'ob
2788 5253 3038 5326 [rutiteuti
3067 5253 3314 5326 direptio.

1752 5344 1889 5406 nam.
1938 5324 2095 5406 Patet
2143 5324 2229 5382 ex
2260 5324 2514 5406 epistola
2542 5327 2791 5406 sequenti
2854 5325 3023 5406 hianc-
3051 5325 3314 5406 scriptam

1681 5390 1724 5447 D
1753 5399 1928 5453 fuisse
1966 5398 2032 5452 ad
2064 5390 2412 5466 prtepositum
2453 5396 2596 5466 pagi,
2620 5390 2684 5450 in
2705 5411 2814 5466 quo
2835 5394 3100 5450 educatus
3137 5390 3321 5454 fuerat

1747 5467 2007 5527 Basilius,
2035 5482 2306 5536 quemque
2336 5467 2542 5520 idcirco
2563 5467 2812 5537 patriam
2843 5467 3099 5537 appellat.

1819 5539 1931 5611 (86)
1969 5537 2173 5611 Ιζάῂτα
2213 5535 2453 5611 τρόπον.
2498 5535 2679 5611 Editio
2725 5535 3090 5611 Paris._'xat&
3141 5535 3310 5589 πάντα

1745 5607 1966 5693 τρόπον.
1999 5607 2455 5693 ἓεάηνιωροεὶιίο
2485 5607 2684 5664 melius
2720 5607 2875 5664 deest
2900 5607 2956 5663 in
2987 5622 3083 5664 sex
3107 5621 3238 5664 mss.
3260 5611 3317 5666 et

1747 5679 1802 5736 in
1831 5679 1964 5735 edit.
1999 5679 2165 5732 Basil.

1818 5756 1839 5776 "
1869 5751 2020 5806 Alias
2046 5748 2244 5804 ρεῖαν.
2277 5746 2491 5806 Scripta
2523 5762 2669 5805 anno
2695 5747 2818 5804 372.

1821 5822 1864 5847 “
1889 5819 2039 5914 Alias
2073 5818 2349 5920 ςιίξξιιχ.
2383 5818 2597 5880 Scripta
2626 5835 2770 5878 anno
2800 5819 2924 5882 372,
