  <div class='ocr_page' id='page_1' title='image "/cluster/home/n/w/nwhite01/storage/ocr_20150623/32/hvd.32044020606729/248.png"; bbox 0 0 3830 6500; ppageno 0'>
   <div class='ocr_carea' id='block_1_1' title="bbox 91 296 2328 364">
    <p class='ocr_par' dir='ltr' id='par_1_1' title="bbox 91 296 2328 364">
     <span class='ocr_line' id='line_1_1' title="bbox 91 296 2328 364; baseline -0.002 -2"><span class='ocrx_word' id='word_1_1' title='bbox 91 307 159 364; x_wconf 72' lang='grc'><strong>181</strong></span> <span class='ocrx_word' id='word_1_2' title='bbox 951 297 1440 358; x_wconf 76' lang='lat' dir='ltr'><strong>EPISTOLARUM</strong></span> <span class='ocrx_word' id='word_1_3' title='bbox 1484 296 1770 354; x_wconf 79' lang='lat' dir='ltr'><strong>CLASSIS</strong></span> <span class='ocrx_word' id='word_1_4' title='bbox 1805 296 1871 352; x_wconf 83' lang='grc'><strong>11.</strong></span> <span class='ocrx_word' id='word_1_5' title='bbox 1909 296 2126 354; x_wconf 78' lang='lat' dir='ltr'><strong>EPIST.</strong></span> <span class='ocrx_word' id='word_1_6' title='bbox 2164 298 2328 358; x_wconf 84' lang='lat' dir='ltr'><strong>XCII.</strong></span> 
     </span>
    </p>
   </div>
   <div class='ocr_carea' id='block_1_2' title="bbox 3103 303 3251 364">
    <p class='ocr_par' dir='ltr' id='par_1_2' title="bbox 3103 303 3251 364">
     <span class='ocr_line' id='line_1_2' title="bbox 3103 303 3251 364; baseline -0.014 0"><span class='ocrx_word' id='word_1_7' title='bbox 3103 353 3114 364; x_wconf 92' lang='lat'><strong>.</strong></span> <span class='ocrx_word' id='word_1_8' title='bbox 3142 303 3251 362; x_wconf 73' lang='grc' dir='ltr'><strong>ιεε</strong></span> 
     </span>
    </p>
   </div>
   <div class='ocr_carea' id='block_1_3' title="bbox 85 393 1574 491">
    <p class='ocr_par' dir='ltr' id='par_1_3' title="bbox 85 393 1574 490">
     <span class='ocr_line' id='line_1_3' title="bbox 85 393 1574 490; baseline -0.003 -18"><span class='ocrx_word' id='word_1_9' title='bbox 85 431 224 490; x_wconf 70' lang='grc' dir='ltr'>φημος</span> <span class='ocrx_word' id='word_1_10' title='bbox 242 416 490 486; x_wconf 79' lang='grc' dir='ltr'>γλωσσαο</span> <span class='ocrx_word' id='word_1_11' title='bbox 545 415 858 490; x_wconf 74' lang='grc' dir='ltr'><strong>ὲϐεδηλώθη</strong></span> <span class='ocrx_word' id='word_1_12' title='bbox 887 416 957 476; x_wconf 88' lang='grc' dir='ltr'><strong>τά</strong></span> <span class='ocrx_word' id='word_1_13' title='bbox 990 417 1142 486; x_wconf 77' lang='grc' dir='ltr'>ἅγια,</span> <span class='ocrx_word' id='word_1_14' title='bbox 1167 415 1427 486; x_wconf 84' lang='grc' dir='ltr'>φεύγουσι</span> <span class='ocrx_word' id='word_1_15' title='bbox 1459 393 1574 480; x_wconf 76' lang='grc' dir='ltr'>τοὺς</span> 
     </span>
    </p>
   </div>
   <div class='ocr_carea' id='block_1_4' title="bbox 1680 393 3246 491">
    <p class='ocr_par' dir='ltr' id='par_1_4' title="bbox 1685 412 3246 491">
     <span class='ocr_line' id='line_1_4' title="bbox 1685 412 3246 491; baseline 0.004 -23"><span class='ocrx_word' id='word_1_16' title='bbox 1685 427 1815 468; x_wconf 92' lang='lat' dir='ltr'><strong>num</strong></span> <span class='ocrx_word' id='word_1_17' title='bbox 1856 412 1912 467; x_wconf 91' lang='lat' dir='ltr'><strong>in</strong></span> <span class='ocrx_word' id='word_1_18' title='bbox 1942 412 2098 469; x_wconf 84' lang='lat' dir='ltr'><strong>caelis</strong></span> <span class='ocrx_word' id='word_1_19' title='bbox 2154 413 2548 473; x_wconf 87' lang='lat' dir='ltr'><strong>inhabitantem</strong></span> <span class='ocrx_word' id='word_1_20' title='bbox 2595 430 2720 474; x_wconf 88' lang='lat' dir='ltr'><strong>cum</strong></span> <span class='ocrx_word' id='word_1_21' title='bbox 2749 417 3039 491; x_wconf 73' lang='lat' dir='ltr'><strong>gemitibus</strong></span> <span class='ocrx_word' id='word_1_22' title='bbox 3078 425 3132 475; x_wconf 88' lang='lat' dir='ltr'><strong>et</strong></span> <span class='ocrx_word' id='word_1_23' title='bbox 3161 419 3246 475; x_wconf 90' lang='lat' dir='ltr'><strong>la-</strong></span> 
     </span>
    </p>
   </div>
   <div class='ocr_carea' id='block_1_5' title="bbox 85 506 1585 582">
    <p class='ocr_par' dir='ltr' id='par_1_5' title="bbox 85 506 1585 582">
     <span class='ocr_line' id='line_1_5' title="bbox 85 506 1585 582; baseline -0.005 -15"><span class='ocrx_word' id='word_1_24' title='bbox 85 511 350 580; x_wconf 78' lang='grc' dir='ltr'>ιῦκτηρίους</span> <span class='ocrx_word' id='word_1_25' title='bbox 394 511 577 576; x_wconf 78' lang='grc' dir='ltr'><strong>οἴκους</strong></span> <span class='ocrx_word' id='word_1_26' title='bbox 625 514 675 566; x_wconf 72' lang='lat' dir='ltr'><strong>of</strong></span> <span class='ocrx_word' id='word_1_27' title='bbox 721 511 1055 582; x_wconf 79' lang='grc' dir='ltr'><strong>ὑγιαίνοντες</strong></span> <span class='ocrx_word' id='word_1_28' title='bbox 1100 511 1210 564; x_wconf 84' lang='grc' dir='ltr'><strong>τῶν</strong></span> <span class='ocrx_word' id='word_1_29' title='bbox 1264 508 1406 562; x_wconf 81' lang='grc' dir='ltr'>λαῶν</span> <span class='ocrx_word' id='word_1_30' title='bbox 1433 546 1462 575; x_wconf 47' lang='grc' dir='ltr'>,κ</span> <span class='ocrx_word' id='word_1_31' title='bbox 1508 506 1585 572; x_wconf 86' lang='grc' dir='ltr'>ὡς</span> 
     </span>
    </p>
   </div>
   <div class='ocr_carea' id='block_1_6' title="bbox 82 599 1585 675">
    <p class='ocr_par' dir='ltr' id='par_1_6' title="bbox 82 599 1585 675">
     <span class='ocr_line' id='line_1_6' title="bbox 82 599 1585 675; baseline -0.005 -15"><span class='ocrx_word' id='word_1_32' title='bbox 82 604 283 668; x_wconf 76' lang='grc' dir='ltr'>ἁσεὸείας</span> <span class='ocrx_word' id='word_1_33' title='bbox 318 603 698 658; x_wconf 79' lang='grc' dir='ltr'>διδασκαλεῖα’</span> <span class='ocrx_word' id='word_1_34' title='bbox 737 603 877 658; x_wconf 88' lang='grc' dir='ltr'><strong>κατά</strong></span> <span class='ocrx_word' id='word_1_35' title='bbox 908 603 965 656; x_wconf 82' lang='grc' dir='ltr'>δὲ</span> <span class='ocrx_word' id='word_1_36' title='bbox 1014 602 1115 666; x_wconf 77' lang='grc' dir='ltr'><strong>τὰς</strong></span> <span class='ocrx_word' id='word_1_37' title='bbox 1167 602 1404 675; x_wconf 80' lang='grc' dir='ltr'><strong>ἐρημίας</strong></span> <span class='ocrx_word' id='word_1_38' title='bbox 1447 599 1585 671; x_wconf 81' lang='grc' dir='ltr'>πρὸς</span> 
     </span>
    </p>
   </div>
   <div class='ocr_carea' id='block_1_7' title="bbox 80 688 1586 764">
    <p class='ocr_par' dir='ltr' id='par_1_7' title="bbox 80 688 1586 764">
     <span class='ocr_line' id='line_1_7' title="bbox 80 688 1586 764; baseline -0.004 -15"><span class='ocrx_word' id='word_1_39' title='bbox 80 696 145 749; x_wconf 80' lang='grc' dir='ltr'>τὸν</span> <span class='ocrx_word' id='word_1_40' title='bbox 165 694 212 746; x_wconf 76' lang='grc' dir='ltr'><strong>ὲν</strong></span> <span class='ocrx_word' id='word_1_41' title='bbox 248 693 492 764; x_wconf 76' lang='grc' dir='ltr'>οὐρανοῖς</span> <span class='ocrx_word' id='word_1_42' title='bbox 537 693 809 764; x_wconf 77' lang='grc' dir='ltr'>Δεσπότην</span> <span class='ocrx_word' id='word_1_43' title='bbox 841 691 976 764; x_wconf 89' lang='grc' dir='ltr'><strong>μετά</strong></span> <span class='ocrx_word' id='word_1_44' title='bbox 1011 689 1330 762; x_wconf 74' lang='grc' dir='ltr'>στεναγμῶν</span> <span class='ocrx_word' id='word_1_45' title='bbox 1373 688 1467 744; x_wconf 74' lang='grc' dir='ltr'>καὶ</span> <span class='ocrx_word' id='word_1_46' title='bbox 1491 690 1586 743; x_wconf 85' lang='grc' dir='ltr'>δα-</span> 
     </span>
    </p>
   </div>
   <div class='ocr_carea' id='block_1_8' title="bbox 81 777 1584 856">
    <p class='ocr_par' dir='ltr' id='par_1_8' title="bbox 81 777 1584 856">
     <span class='ocr_line' id='line_1_8' title="bbox 81 777 1584 856; baseline -0.005 -17"><span class='ocrx_word' id='word_1_47' title='bbox 81 783 215 856; x_wconf 74' lang='grc' dir='ltr'>κρύων</span> <span class='ocrx_word' id='word_1_48' title='bbox 243 783 336 846; x_wconf 75' lang='grc' dir='ltr'><strong>τὰς</strong></span> <span class='ocrx_word' id='word_1_49' title='bbox 361 785 550 854; x_wconf 74' lang='grc' dir='ltr'>χεῖρας</span> <span class='ocrx_word' id='word_1_50' title='bbox 579 786 843 856; x_wconf 79' lang='grc' dir='ltr'>αἴρουσιν.</span> <span class='ocrx_word' id='word_1_51' title='bbox 874 782 1117 852; x_wconf 80' lang='grc' dir='ltr'>Ἕφθασε</span> <span class='ocrx_word' id='word_1_52' title='bbox 1157 781 1267 852; x_wconf 82' lang='grc' dir='ltr'>γὰρ</span> <span class='ocrx_word' id='word_1_53' title='bbox 1295 779 1406 851; x_wconf 67' lang='lat'><strong>(42)</strong></span> <span class='ocrx_word' id='word_1_54' title='bbox 1447 777 1584 832; x_wconf 81' lang='grc' dir='ltr'>πάν-</span> 
     </span>
    </p>
   </div>
   <div class='ocr_carea' id='block_1_9' title="bbox 1688 504 3247 583">
    <p class='ocr_par' dir='ltr' id='par_1_9' title="bbox 1688 504 3247 583">
     <span class='ocr_line' id='line_1_9' title="bbox 1688 504 3247 583; baseline 0.005 -24"><span class='ocrx_word' id='word_1_55' title='bbox 1688 504 1890 577; x_wconf 83' lang='lat' dir='ltr'><strong>crymis</strong></span> <span class='ocrx_word' id='word_1_56' title='bbox 1932 519 2125 561; x_wconf 90' lang='lat' dir='ltr'><strong>manus</strong></span> <span class='ocrx_word' id='word_1_57' title='bbox 2175 505 2448 562; x_wconf 92' lang='lat' dir='ltr'><strong>attollunt.</strong></span> <span class='ocrx_word' id='word_1_58' title='bbox 2493 507 2863 567; x_wconf 76' lang='lat' dir='ltr'><strong>l‘ervenerunt</strong></span> <span class='ocrx_word' id='word_1_59' title='bbox 2909 519 3089 568; x_wconf 91' lang='lat' dir='ltr'><strong>autem</strong></span> <span class='ocrx_word' id='word_1_60' title='bbox 3117 527 3247 583; x_wconf 79' lang='lat' dir='ltr'><strong>pro-</strong></span> 
     </span>
    </p>
   </div>
   <div class='ocr_carea' id='block_1_10' title="bbox 1688 593 3246 672">
    <p class='ocr_par' dir='ltr' id='par_1_10' title="bbox 1688 593 3246 672">
     <span class='ocr_line' id='line_1_10' title="bbox 1688 593 3246 672; baseline 0.005 -23"><span class='ocrx_word' id='word_1_61' title='bbox 1688 593 1834 651; x_wconf 89' lang='lat' dir='ltr'><strong>feeto</strong></span> <span class='ocrx_word' id='word_1_62' title='bbox 1864 601 1920 651; x_wconf 91' lang='lat' dir='ltr'><strong>et</strong></span> <span class='ocrx_word' id='word_1_63' title='bbox 1954 609 2128 666; x_wconf 89' lang='lat' dir='ltr'><strong>usque</strong></span> <span class='ocrx_word' id='word_1_64' title='bbox 2155 595 2220 650; x_wconf 89' lang='lat' dir='ltr'><strong>ad</strong></span> <span class='ocrx_word' id='word_1_65' title='bbox 2250 611 2353 653; x_wconf 88' lang='lat' dir='ltr'><strong>vos</strong></span> <span class='ocrx_word' id='word_1_66' title='bbox 2383 613 2505 668; x_wconf 84' lang='lat' dir='ltr'><strong>quae</strong></span> <span class='ocrx_word' id='word_1_67' title='bbox 2533 598 2588 654; x_wconf 89' lang='lat' dir='ltr'><strong>in</strong></span> <span class='ocrx_word' id='word_1_68' title='bbox 2625 598 2900 672; x_wconf 82' lang='lat' dir='ltr'><strong>plerisque</strong></span> <span class='ocrx_word' id='word_1_69' title='bbox 2930 602 3246 657; x_wconf 75' lang='lat' dir='ltr'><strong>civitatibus</strong></span> 
     </span>
    </p>
   </div>
   <div class='ocr_carea' id='block_1_11' title="bbox 1687 683 3246 762">
    <p class='ocr_par' dir='ltr' id='par_1_11' title="bbox 1687 683 3246 762">
     <span class='ocr_line' id='line_1_11' title="bbox 1687 683 3246 762; baseline 0.006 -24"><span class='ocrx_word' id='word_1_70' title='bbox 1687 691 1969 756; x_wconf 90' lang='lat' dir='ltr'><strong>geruntur.</strong></span> <span class='ocrx_word' id='word_1_71' title='bbox 2004 683 2270 740; x_wconf 85' lang='lat' dir='ltr'><strong>Nimirum</strong></span> <span class='ocrx_word' id='word_1_72' title='bbox 2293 687 2476 758; x_wconf 87' lang='lat' dir='ltr'><strong>populi</strong></span> <span class='ocrx_word' id='word_1_73' title='bbox 2507 702 2630 744; x_wconf 91' lang='lat' dir='ltr'><strong>cum</strong></span> <span class='ocrx_word' id='word_1_74' title='bbox 2658 691 2919 746; x_wconf 85' lang='lat' dir='ltr'><strong>uxoribus</strong></span> <span class='ocrx_word' id='word_1_75' title='bbox 2945 691 3246 762; x_wconf 89' lang='lat' dir='ltr'><strong>liberisque</strong></span> 
     </span>
    </p>
   </div>
   <div class='ocr_carea' id='block_1_12' title="bbox 1689 775 3246 855">
    <p class='ocr_par' dir='ltr' id='par_1_12' title="bbox 1689 775 3246 855">
     <span class='ocr_line' id='line_1_12' title="bbox 1689 775 3246 855; baseline 0.006 -25"><span class='ocrx_word' id='word_1_76' title='bbox 1689 782 1743 830; x_wconf 91' lang='lat' dir='ltr'><strong>et</strong></span> <span class='ocrx_word' id='word_1_77' title='bbox 1773 775 1904 846; x_wconf 83' lang='lat' dir='ltr'><strong>ipsis</strong></span> <span class='ocrx_word' id='word_1_78' title='bbox 1936 776 2160 834; x_wconf 86' lang='lat' dir='ltr'><strong>senibus</strong></span> <span class='ocrx_word' id='word_1_79' title='bbox 2199 793 2298 849; x_wconf 91' lang='lat' dir='ltr'><strong>pro</strong></span> <span class='ocrx_word' id='word_1_80' title='bbox 2327 779 2596 838; x_wconf 70' lang='lat' dir='ltr'><strong>moenibus</strong></span> <span class='ocrx_word' id='word_1_81' title='bbox 2643 779 2822 849; x_wconf 75' lang='lat' dir='ltr'><strong>eti‘usi,</strong></span> <span class='ocrx_word' id='word_1_82' title='bbox 2869 785 2972 840; x_wconf 90' lang='lat' dir='ltr'><strong>sub</strong></span> <span class='ocrx_word' id='word_1_83' title='bbox 3001 785 3090 842; x_wconf 91' lang='lat' dir='ltr'><strong>dio</strong></span> <span class='ocrx_word' id='word_1_84' title='bbox 3121 799 3246 855; x_wconf 88' lang='lat' dir='ltr'><strong>pre-</strong></span> 
     </span>
    </p>
   </div>
   <div class='ocr_carea' id='block_1_13' title="bbox 79 865 1574 946">
    <p class='ocr_par' dir='ltr' id='par_1_13' title="bbox 79 868 1574 946">
     <span class='ocr_line' id='line_1_13' title="bbox 79 868 1574 946; baseline -0.007 -16"><span class='ocrx_word' id='word_1_85' title='bbox 79 893 153 938; x_wconf 80' lang='grc' dir='ltr'><strong>τως</strong></span> <span class='ocrx_word' id='word_1_86' title='bbox 173 874 256 926; x_wconf 75' lang='grc' dir='ltr'>καὶ</span> <span class='ocrx_word' id='word_1_87' title='bbox 288 873 480 946; x_wconf 81' lang='grc' dir='ltr'>μέχρις</span> <span class='ocrx_word' id='word_1_88' title='bbox 511 875 663 945; x_wconf 82' lang='grc' dir='ltr'>ὑμῶν</span> <span class='ocrx_word' id='word_1_89' title='bbox 685 873 754 928; x_wconf 78' lang='grc' dir='ltr'><strong>τά</strong></span> <span class='ocrx_word' id='word_1_90' title='bbox 780 873 1039 942; x_wconf 86' lang='grc' dir='ltr'>γινόμενα</span> <span class='ocrx_word' id='word_1_91' title='bbox 1063 873 1122 925; x_wconf 78' lang='grc' dir='ltr'><strong>ὲν</strong></span> <span class='ocrx_word' id='word_1_92' title='bbox 1157 873 1278 934; x_wconf 83' lang='grc' dir='ltr'>ταῖς</span> <span class='ocrx_word' id='word_1_93' title='bbox 1308 868 1574 932; x_wconf 81' lang='grc' dir='ltr'><strong>πλείσταις</strong></span> 
     </span>
    </p>
   </div>
   <div class='ocr_carea' id='block_1_14' title="bbox 1680 865 3244 946">
    <p class='ocr_par' dir='ltr' id='par_1_14' title="bbox 1691 865 3244 946">
     <span class='ocr_line' id='line_1_14' title="bbox 1691 865 3244 946; baseline 0.005 -24"><span class='ocrx_word' id='word_1_94' title='bbox 1691 881 1786 922; x_wconf 91' lang='lat' dir='ltr'><strong>ces</strong></span> <span class='ocrx_word' id='word_1_95' title='bbox 1830 865 2088 933; x_wconf 89' lang='lat' dir='ltr'><strong>fundunt,</strong></span> <span class='ocrx_word' id='word_1_96' title='bbox 2131 867 2367 926; x_wconf 88' lang='lat' dir='ltr'><strong>ferentes</strong></span> <span class='ocrx_word' id='word_1_97' title='bbox 2399 887 2589 946; x_wconf 82' lang='lat' dir='ltr'><strong>omnes</strong></span> <span class='ocrx_word' id='word_1_98' title='bbox 2635 875 2776 931; x_wconf 90' lang='lat' dir='ltr'><strong>aeris</strong></span> <span class='ocrx_word' id='word_1_99' title='bbox 2802 874 3030 945; x_wconf 84' lang='lat' dir='ltr'><strong>injurias</strong></span> <span class='ocrx_word' id='word_1_100' title='bbox 3073 877 3244 930; x_wconf 90' lang='lat' dir='ltr'><strong>multa</strong></span> 
     </span>
    </p>
   </div>
   <div class='ocr_carea' id='block_1_15' title="bbox 77 937 1574 1036">
    <p class='ocr_par' dir='ltr' id='par_1_15' title="bbox 77 937 1574 1034">
     <span class='ocr_line' id='line_1_15' title="bbox 77 937 1574 1034; baseline -0.005 -15"><span class='ocrx_word' id='word_1_101' title='bbox 77 937 152 1020; x_wconf 72' lang='grc' dir='ltr'>τῶν</span> <span class='ocrx_word' id='word_1_102' title='bbox 423 937 506 1017; x_wconf 83' lang='grc' dir='ltr'>ὅτι</span> <span class='ocrx_word' id='word_1_103' title='bbox 607 965 726 1018; x_wconf 77' lang='grc' dir='ltr'>λαοὶ</span> <span class='ocrx_word' id='word_1_104' title='bbox 749 937 844 1018; x_wconf 72' lang='grc' dir='ltr'><strong>σῦν</strong></span> <span class='ocrx_word' id='word_1_105' title='bbox 864 937 1079 1034; x_wconf 71' lang='grc' dir='ltr'>γυναιξὶ</span> <span class='ocrx_word' id='word_1_106' title='bbox 1098 961 1192 1016; x_wconf 78' lang='grc' dir='ltr'>καὶ</span> <span class='ocrx_word' id='word_1_107' title='bbox 1219 959 1448 1023; x_wconf 81' lang='grc' dir='ltr'><strong>παιδίοις</strong></span> <span class='ocrx_word' id='word_1_108' title='bbox 1471 957 1574 1030; x_wconf 70' lang='grc'><strong>(45]</strong></span> 
     </span>
    </p>
   </div>
   <div class='ocr_carea' id='block_1_16' title="bbox 1680 937 3239 1036">
    <p class='ocr_par' dir='ltr' id='par_1_16' title="bbox 1690 937 3239 1036">
     <span class='ocr_line' id='line_1_16' title="bbox 1690 937 3239 1036; baseline 0.007 -24"><span class='ocrx_word' id='word_1_109' title='bbox 1690 972 1813 1013; x_wconf 91' lang='lat' dir='ltr'><strong>cum</strong></span> <span class='ocrx_word' id='word_1_110' title='bbox 1841 958 2118 1028; x_wconf 76' lang='lat' dir='ltr'><strong>patientia,</strong></span> <span class='ocrx_word' id='word_1_111' title='bbox 2148 969 2202 1015; x_wconf 91' lang='lat' dir='ltr'><strong>et</strong></span> <span class='ocrx_word' id='word_1_112' title='bbox 2231 961 2491 1016; x_wconf 89' lang='lat' dir='ltr'><strong>auxilium</strong></span> <span class='ocrx_word' id='word_1_113' title='bbox 2521 937 2554 1017; x_wconf 56' lang='lat' dir='ltr'><strong>is</strong></span> <span class='ocrx_word' id='word_1_114' title='bbox 2581 961 2812 1020; x_wconf 86' lang='lat' dir='ltr'><strong>Domino</strong></span> <span class='ocrx_word' id='word_1_115' title='bbox 2842 937 3239 1036; x_wconf 81' lang='lat' dir='ltr'><strong>exspectantes.</strong></span> 
     </span>
    </p>
   </div>
   <div class='ocr_carea' id='block_1_17' title="bbox 75 1048 3243 1129">
    <p class='ocr_par' dir='ltr' id='par_1_17' title="bbox 75 1048 3243 1129">
     <span class='ocr_line' id='line_1_17' title="bbox 75 1048 3243 1129; baseline -0.001 -15"><span class='ocrx_word' id='word_1_116' title='bbox 75 1059 142 1114; x_wconf 74' lang='grc' dir='ltr'><strong>καὶ</strong></span> <span class='ocrx_word' id='word_1_117' title='bbox 189 1057 361 1120; x_wconf 78' lang='grc' dir='ltr'>αὐτοῖς</span> <span class='ocrx_word' id='word_1_118' title='bbox 414 1059 526 1120; x_wconf 76' lang='grc' dir='ltr'><strong>τοίς</strong></span> <span class='ocrx_word' id='word_1_119' title='bbox 564 1055 914 1128; x_wconf 74' lang='grc' dir='ltr'>πρεσϐύταις,</span> <span class='ocrx_word' id='word_1_120' title='bbox 979 1054 1085 1128; x_wconf 80' lang='grc' dir='ltr'>πρὸ</span> <span class='ocrx_word' id='word_1_121' title='bbox 1126 1053 1235 1108; x_wconf 86' lang='grc' dir='ltr'>τῶν</span> <span class='ocrx_word' id='word_1_122' title='bbox 1281 1051 1477 1123; x_wconf 80' lang='grc' dir='ltr'>τειχῶν</span> <span class='ocrx_word' id='word_1_123' title='bbox 1510 1048 1849 1121; x_wconf 73' lang='grc' dir='ltr'><strong>ἐκχυθέντες,</strong></span> <span class='ocrx_word' id='word_1_124' title='bbox 1882 1052 1942 1104; x_wconf 82' lang='grc' dir='ltr'><strong>ὲν</strong></span> <span class='ocrx_word' id='word_1_125' title='bbox 1984 1049 2062 1122; x_wconf 81' lang='grc' dir='ltr'>τῷ</span> <span class='ocrx_word' id='word_1_126' title='bbox 2089 1051 2340 1125; x_wconf 80' lang='grc' dir='ltr'><strong>ὑπαίθρῳ</strong></span> <span class='ocrx_word' id='word_1_127' title='bbox 2365 1053 2576 1108; x_wconf 77' lang='grc' dir='ltr'><strong>τελοῦσι</strong></span> <span class='ocrx_word' id='word_1_128' title='bbox 2607 1055 2707 1120; x_wconf 89' lang='grc' dir='ltr'><strong>τάς</strong></span> <span class='ocrx_word' id='word_1_129' title='bbox 2747 1057 3074 1129; x_wconf 80' lang='grc' dir='ltr'>προσευχὰς,</span> <span class='ocrx_word' id='word_1_130' title='bbox 3140 1057 3243 1128; x_wconf 81' lang='grc' dir='ltr'><strong>φέ-</strong></span> 
     </span>
    </p>
   </div>
   <div class='ocr_carea' id='block_1_18' title="bbox 79 1145 3241 1227">
    <p class='ocr_par' dir='ltr' id='par_1_18' title="bbox 79 1145 3241 1227">
     <span class='ocr_line' id='line_1_18' title="bbox 79 1145 3241 1227; baseline -0 -20"><span class='ocrx_word' id='word_1_131' title='bbox 79 1169 211 1227; x_wconf 77' lang='grc' dir='ltr'>ροντες</span> <span class='ocrx_word' id='word_1_132' title='bbox 251 1152 429 1215; x_wconf 76' lang='grc' dir='ltr'>πάσας</span> <span class='ocrx_word' id='word_1_133' title='bbox 476 1151 576 1215; x_wconf 81' lang='grc' dir='ltr'><strong>τάς</strong></span> <span class='ocrx_word' id='word_1_134' title='bbox 603 1154 672 1206; x_wconf 85' lang='grc' dir='ltr'>ὲκ</span> <span class='ocrx_word' id='word_1_135' title='bbox 712 1149 807 1205; x_wconf 85' lang='grc' dir='ltr'><strong>τοῦ</strong></span> <span class='ocrx_word' id='word_1_136' title='bbox 861 1151 1021 1223; x_wconf 79' lang='grc' dir='ltr'>ἀέρος</span> <span class='ocrx_word' id='word_1_137' title='bbox 1053 1147 1424 1212; x_wconf 82' lang='grc' dir='ltr'>κακοπαθείας</span> <span class='ocrx_word' id='word_1_138' title='bbox 1480 1147 1578 1201; x_wconf 80' lang='grc' dir='ltr'><strong>σὺν</strong></span> <span class='ocrx_word' id='word_1_139' title='bbox 1628 1145 1796 1218; x_wconf 77' lang='grc' dir='ltr'>πολλῇ</span> <span class='ocrx_word' id='word_1_140' title='bbox 1825 1148 1892 1218; x_wconf 81' lang='grc' dir='ltr'>τῇ</span> <span class='ocrx_word' id='word_1_141' title='bbox 1930 1146 2311 1220; x_wconf 74' lang='grc' dir='ltr'>μακροθυμίᾳ,</span> <span class='ocrx_word' id='word_1_142' title='bbox 2351 1149 2452 1220; x_wconf 80' lang='grc' dir='ltr'>τὴν</span> <span class='ocrx_word' id='word_1_143' title='bbox 2489 1148 2641 1221; x_wconf 85' lang='grc' dir='ltr'>παρὰ</span> <span class='ocrx_word' id='word_1_144' title='bbox 2687 1150 2780 1205; x_wconf 86' lang='grc' dir='ltr'><strong>τοῦ</strong></span> <span class='ocrx_word' id='word_1_145' title='bbox 2821 1153 3025 1224; x_wconf 84' lang='grc' dir='ltr'>Κυρίου</span> <span class='ocrx_word' id='word_1_146' title='bbox 3091 1150 3241 1206; x_wconf 80' lang='grc' dir='ltr'>ἀντί-</span> 
     </span>
    </p>
   </div>
   <div class='ocr_carea' id='block_1_19' title="bbox 74 1245 585 1318">
    <p class='ocr_par' dir='ltr' id='par_1_19' title="bbox 74 1245 585 1318">
     <span class='ocr_line' id='line_1_19' title="bbox 74 1245 585 1318; baseline -0.016 -16"><span class='ocrx_word' id='word_1_147' title='bbox 74 1248 191 1318; x_wconf 65' lang='grc' dir='ltr'>ληψιν</span> <span class='ocrx_word' id='word_1_148' title='bbox 210 1247 308 1300; x_wconf 84' lang='grc' dir='ltr'>ἀνα</span> <span class='ocrx_word' id='word_1_149' title='bbox 316 1245 585 1316; x_wconf 82' lang='grc' dir='ltr'>μένοντες.</span> 
     </span>
    </p>
   </div>
   <div class='ocr_carea' id='block_1_20' title="bbox 121 1322 1574 1407">
    <p class='ocr_par' dir='ltr' id='par_1_20' title="bbox 121 1331 1574 1407">
     <span class='ocr_line' id='line_1_20' title="bbox 121 1331 1574 1407; baseline -0.008 -12"><span class='ocrx_word' id='word_1_150' title='bbox 121 1339 160 1395; x_wconf 80' lang='grc'><strong>5.</strong></span> <span class='ocrx_word' id='word_1_151' title='bbox 179 1335 262 1399; x_wconf 80' lang='grc' dir='ltr'>Τίς</span> <span class='ocrx_word' id='word_1_152' title='bbox 288 1334 487 1406; x_wconf 77' lang='grc' dir='ltr'>θρῆνος</span> <span class='ocrx_word' id='word_1_153' title='bbox 511 1334 621 1389; x_wconf 81' lang='grc' dir='ltr'><strong>τῶν</strong></span> <span class='ocrx_word' id='word_1_154' title='bbox 649 1334 942 1407; x_wconf 85' lang='grc' dir='ltr'>συμφορῶν</span> <span class='ocrx_word' id='word_1_155' title='bbox 977 1333 1183 1389; x_wconf 79' lang='grc' dir='ltr'>τούτων</span> <span class='ocrx_word' id='word_1_156' title='bbox 1210 1333 1397 1401; x_wconf 76' lang='grc' dir='ltr'>ἀξιοςς</span> <span class='ocrx_word' id='word_1_157' title='bbox 1428 1331 1574 1386; x_wconf 79' lang='grc' dir='ltr'>ποῖαι</span> 
     </span>
    </p>
   </div>
   <div class='ocr_carea' id='block_1_21' title="bbox 1680 1322 3243 1407">
    <p class='ocr_par' dir='ltr' id='par_1_21' title="bbox 1751 1322 3243 1402">
     <span class='ocr_line' id='line_1_21' title="bbox 1751 1322 3243 1402; baseline 0.005 -24"><span class='ocrx_word' id='word_1_158' title='bbox 1751 1323 1808 1379; x_wconf 78' lang='lat'><strong>3.</strong></span> <span class='ocrx_word' id='word_1_159' title='bbox 1856 1322 1988 1391; x_wconf 69' lang='lat' dir='ltr'><strong>Quae</strong></span> <span class='ocrx_word' id='word_1_160' title='bbox 2039 1324 2356 1383; x_wconf 86' lang='lat' dir='ltr'><strong>lamentatio</strong></span> <span class='ocrx_word' id='word_1_161' title='bbox 2419 1328 2504 1385; x_wconf 89' lang='lat' dir='ltr'><strong>his</strong></span> <span class='ocrx_word' id='word_1_162' title='bbox 2568 1327 2970 1388; x_wconf 85' lang='lat' dir='ltr'><strong>calamitatibus</strong></span> <span class='ocrx_word' id='word_1_163' title='bbox 3038 1330 3243 1402; x_wconf 76' lang='lat' dir='ltr'><strong>digna?</strong></span> 
     </span>
    </p>
   </div>
   <div class='ocr_carea' id='block_1_22' title="bbox 71 1417 1574 1500">
    <p class='ocr_par' dir='ltr' id='par_1_22' title="bbox 71 1421 1573 1500">
     <span class='ocr_line' id='line_1_22' title="bbox 71 1421 1573 1500; baseline 0.006 -21"><span class='ocrx_word' id='word_1_164' title='bbox 71 1428 203 1500; x_wconf 72' lang='grc' dir='ltr'>πηγαὶ</span> <span class='ocrx_word' id='word_1_165' title='bbox 250 1427 502 1498; x_wconf 77' lang='grc' dir='ltr'><strong>δακρύων</strong></span> <span class='ocrx_word' id='word_1_166' title='bbox 541 1429 730 1490; x_wconf 78' lang='grc' dir='ltr'>κακοῖς</span> <span class='ocrx_word' id='word_1_167' title='bbox 760 1425 1032 1489; x_wconf 75' lang='grc' dir='ltr'>τοσούτοις</span> <span class='ocrx_word' id='word_1_168' title='bbox 1075 1426 1396 1500; x_wconf 75' lang='grc' dir='ltr'>ἀρκέσουσιν</span> <span class='ocrx_word' id='word_1_169' title='bbox 1421 1421 1573 1494; x_wconf 75' lang='grc'>(44);</span> 
     </span>
    </p>
   </div>
   <div class='ocr_carea' id='block_1_23' title="bbox 1680 1417 3242 1500">
    <p class='ocr_par' dir='ltr' id='par_1_23' title="bbox 1680 1417 3242 1495">
     <span class='ocr_line' id='line_1_23' title="bbox 1680 1417 3242 1495; baseline 0.006 -24"><span class='ocrx_word' id='word_1_170' title='bbox 1680 1417 1870 1488; x_wconf 87' lang='lat' dir='ltr'><strong>quales</strong></span> <span class='ocrx_word' id='word_1_171' title='bbox 1899 1418 2259 1491; x_wconf 87' lang='lat' dir='ltr'><strong>lacrymarum</strong></span> <span class='ocrx_word' id='word_1_172' title='bbox 2288 1420 2466 1480; x_wconf 88' lang='lat' dir='ltr'><strong>fontes</strong></span> <span class='ocrx_word' id='word_1_173' title='bbox 2501 1423 2588 1480; x_wconf 88' lang='lat' dir='ltr'><strong>his</strong></span> <span class='ocrx_word' id='word_1_174' title='bbox 2633 1424 2793 1479; x_wconf 89' lang='lat' dir='ltr'><strong>malis</strong></span> <span class='ocrx_word' id='word_1_175' title='bbox 2839 1439 2998 1495; x_wconf 89' lang='lat' dir='ltr'><strong>pares</strong></span> <span class='ocrx_word' id='word_1_176' title='bbox 3046 1426 3242 1480; x_wconf 79' lang='lat' dir='ltr'><strong>erunt?</strong></span> 
     </span>
    </p>
   </div>
   <div class='ocr_carea' id='block_1_24' title="bbox 73 1508 1574 1586">
    <p class='ocr_par' dir='ltr' id='par_1_24' title="bbox 73 1513 1574 1586">
     <span class='ocr_line' id='line_1_24' title="bbox 73 1513 1574 1586; baseline -0.001 -16"><span class='ocrx_word' id='word_1_177' title='bbox 73 1522 177 1581; x_wconf 81' lang='grc' dir='ltr'>Ἕως</span> <span class='ocrx_word' id='word_1_178' title='bbox 196 1513 280 1570; x_wconf 76' lang='grc' dir='ltr'>οὖν</span> <span class='ocrx_word' id='word_1_179' title='bbox 318 1518 399 1569; x_wconf 78' lang='grc' dir='ltr'>ἔτι</span> <span class='ocrx_word' id='word_1_180' title='bbox 431 1516 675 1571; x_wconf 86' lang='grc' dir='ltr'>δοκοῦσιν</span> <span class='ocrx_word' id='word_1_181' title='bbox 716 1518 933 1571; x_wconf 77' lang='grc' dir='ltr'><strong>ἑστάναι</strong></span> <span class='ocrx_word' id='word_1_182' title='bbox 971 1516 1133 1580; x_wconf 84' lang='grc' dir='ltr'>τινὲς,</span> <span class='ocrx_word' id='word_1_183' title='bbox 1165 1517 1270 1580; x_wconf 73' lang='grc' dir='ltr'>ἕως</span> <span class='ocrx_word' id='word_1_184' title='bbox 1311 1515 1391 1569; x_wconf 69' lang='grc' dir='ltr'>ἔτι</span> <span class='ocrx_word' id='word_1_185' title='bbox 1432 1516 1574 1586; x_wconf 83' lang='grc' dir='ltr'>ίχνος</span> 
     </span>
    </p>
   </div>
   <div class='ocr_carea' id='block_1_25' title="bbox 1680 1508 3237 1586">
    <p class='ocr_par' dir='ltr' id='par_1_25' title="bbox 1680 1508 3237 1583">
     <span class='ocr_line' id='line_1_25' title="bbox 1680 1508 3237 1583; baseline 0.005 -20"><span class='ocrx_word' id='word_1_186' title='bbox 1680 1508 1884 1580; x_wconf 85' lang='lat' dir='ltr'><strong>Itaque,</strong></span> <span class='ocrx_word' id='word_1_187' title='bbox 1917 1510 2044 1565; x_wconf 90' lang='lat' dir='ltr'><strong>dum</strong></span> <span class='ocrx_word' id='word_1_188' title='bbox 2095 1512 2270 1568; x_wconf 85' lang='lat' dir='ltr'><strong>adhuc</strong></span> <span class='ocrx_word' id='word_1_189' title='bbox 2313 1515 2563 1570; x_wconf 89' lang='lat' dir='ltr'><strong>nonnulli</strong></span> <span class='ocrx_word' id='word_1_190' title='bbox 2608 1515 2859 1571; x_wconf 86' lang='lat' dir='ltr'><strong>videntur</strong></span> <span class='ocrx_word' id='word_1_191' title='bbox 2898 1525 3064 1583; x_wconf 88' lang='lat' dir='ltr'><strong>stare,</strong></span> <span class='ocrx_word' id='word_1_192' title='bbox 3109 1517 3237 1572; x_wconf 89' lang='lat' dir='ltr'><strong>dum</strong></span> 
     </span>
    </p>
   </div>
   <div class='ocr_carea' id='block_1_26' title="bbox 68 1599 1574 1679">
    <p class='ocr_par' dir='ltr' id='par_1_26' title="bbox 68 1607 1574 1678">
     <span class='ocr_line' id='line_1_26' title="bbox 68 1607 1574 1678; baseline -0.002 -18"><span class='ocrx_word' id='word_1_193' title='bbox 68 1611 139 1676; x_wconf 68' lang='grc' dir='ltr'>τῆς</span> <span class='ocrx_word' id='word_1_194' title='bbox 162 1609 380 1670; x_wconf 76' lang='grc' dir='ltr'>παλαιᾶς</span> <span class='ocrx_word' id='word_1_195' title='bbox 421 1609 808 1672; x_wconf 76' lang='grc' dir='ltr'>καταστάσεως</span> <span class='ocrx_word' id='word_1_196' title='bbox 848 1607 1187 1672; x_wconf 76' lang='grc' dir='ltr'>διασώζεται,</span> <span class='ocrx_word' id='word_1_197' title='bbox 1223 1607 1352 1678; x_wconf 71' lang='grc' dir='ltr'>πρὶν</span> <span class='ocrx_word' id='word_1_198' title='bbox 1396 1607 1574 1658; x_wconf 83' lang='grc' dir='ltr'>τέλεον</span> 
     </span>
    </p>
   </div>
   <div class='ocr_carea' id='block_1_27' title="bbox 1680 1599 3238 1679">
    <p class='ocr_par' dir='ltr' id='par_1_27' title="bbox 1681 1599 3238 1679">
     <span class='ocr_line' id='line_1_27' title="bbox 1681 1599 3238 1679; baseline 0.006 -27"><span class='ocrx_word' id='word_1_199' title='bbox 1681 1599 1856 1655; x_wconf 85' lang='lat' dir='ltr'><strong>adhuc</strong></span> <span class='ocrx_word' id='word_1_200' title='bbox 1881 1602 2081 1656; x_wconf 90' lang='lat' dir='ltr'><strong>veteris</strong></span> <span class='ocrx_word' id='word_1_201' title='bbox 2101 1610 2279 1659; x_wconf 89' lang='lat' dir='ltr'><strong>status</strong></span> <span class='ocrx_word' id='word_1_202' title='bbox 2312 1604 2597 1675; x_wconf 76' lang='lat' dir='ltr'><strong>vestigium</strong></span> <span class='ocrx_word' id='word_1_203' title='bbox 2627 1616 2892 1673; x_wconf 74' lang='lat' dir='ltr'><strong>servatur,</strong></span> <span class='ocrx_word' id='word_1_204' title='bbox 2922 1607 3238 1679; x_wconf 89' lang='lat' dir='ltr'><strong>priusquam</strong></span> 
     </span>
    </p>
   </div>
   <div class='ocr_carea' id='block_1_28' title="bbox 66 1690 1574 1805">
    <p class='ocr_par' dir='ltr' id='par_1_28' title="bbox 66 1697 1574 1773">
     <span class='ocr_line' id='line_1_28' title="bbox 66 1697 1574 1773; baseline -0.003 -18"><span class='ocrx_word' id='word_1_205' title='bbox 66 1707 153 1763; x_wconf 74' lang='grc' dir='ltr'>ταῖς</span> <span class='ocrx_word' id='word_1_206' title='bbox 179 1700 515 1771; x_wconf 71' lang='grc' dir='ltr'>Ἐκκλησξαις</span> <span class='ocrx_word' id='word_1_207' title='bbox 534 1699 736 1773; x_wconf 79' lang='grc' dir='ltr'><strong>ἐπέλθῃ</strong></span> <span class='ocrx_word' id='word_1_208' title='bbox 770 1699 879 1770; x_wconf 68' lang='grc'>(45)</span> <span class='ocrx_word' id='word_1_209' title='bbox 901 1700 961 1753; x_wconf 84' lang='grc' dir='ltr'><strong>τὸ</strong></span> <span class='ocrx_word' id='word_1_210' title='bbox 991 1700 1263 1769; x_wconf 84' lang='grc' dir='ltr'>ναυάγιον,</span> <span class='ocrx_word' id='word_1_211' title='bbox 1290 1697 1574 1769; x_wconf 78' lang='grc' dir='ltr'>ὲπείχθητε</span> 
     </span>
    </p>
   </div>
   <div class='ocr_carea' id='block_1_29' title="bbox 1680 1690 3241 1805">
    <p class='ocr_par' dir='ltr' id='par_1_29' title="bbox 1680 1690 3241 1805">
     <span class='ocr_line' id='line_1_29' title="bbox 1682 1690 3241 1768; baseline 0.005 -24"><span class='ocrx_word' id='word_1_212' title='bbox 1682 1690 2017 1744; x_wconf 88' lang='lat' dir='ltr'><strong>cumulatum</strong></span> <span class='ocrx_word' id='word_1_213' title='bbox 2042 1691 2304 1748; x_wconf 88' lang='lat' dir='ltr'><strong>Ecclesiis</strong></span> <span class='ocrx_word' id='word_1_214' title='bbox 2327 1697 2672 1765; x_wconf 81' lang='lat' dir='ltr'><strong>superveniat</strong></span> <span class='ocrx_word' id='word_1_215' title='bbox 2693 1697 3054 1768; x_wconf 80' lang='lat' dir='ltr'><strong>naufragium,</strong></span> <span class='ocrx_word' id='word_1_216' title='bbox 3087 1699 3241 1754; x_wconf 84' lang='lat' dir='ltr'><strong>festi-</strong></span> 
     </span>
     <span class='ocr_line' id='line_1_30' title="bbox 1680 1781 3133 1805; baseline 0 0"><span class='ocrx_word' id='word_1_217' title='bbox 1680 1787 1802 1805; x_wconf 64' lang='lat' dir='ltr'><strong>..-o-</strong></span> <span class='ocrx_word' id='word_1_218' title='bbox 1837 1781 1900 1805; x_wconf 80' lang='grc' dir='ltr'><strong>..-Ι</strong></span> <span class='ocrx_word' id='word_1_219' title='bbox 1946 1797 2044 1805; x_wconf 61' lang='grc' dir='ltr'><strong>μ..-</strong></span> <span class='ocrx_word' id='word_1_220' title='bbox 2105 1783 2204 1805; x_wconf 58' lang='lat'><strong>2-_.</strong></span> <span class='ocrx_word' id='word_1_221' title='bbox 2265 1784 2509 1805; x_wconf 31' lang='grc' dir='ltr'><strong>Βελιεᾉ-.-</strong></span> <span class='ocrx_word' id='word_1_222' title='bbox 2576 1787 2634 1805; x_wconf 32' lang='grc' dir='ltr'><strong>’.κ</strong></span> <span class='ocrx_word' id='word_1_223' title='bbox 2698 1804 2740 1805; x_wconf 63' lang='lat'><strong><em>,,</em></strong></span> <span class='ocrx_word' id='word_1_224' title='bbox 3038 1789 3058 1805; x_wconf 77' lang='grc' dir='ltr'><strong>ιι</strong></span> <span class='ocrx_word' id='word_1_225' title='bbox 3123 1799 3133 1805; x_wconf 90' lang='grc'>.</span> 
     </span>
    </p>
   </div>
   <div class='ocr_carea' id='block_1_30' title="bbox 65 1781 1574 1863">
    <p class='ocr_par' dir='ltr' id='par_1_30' title="bbox 65 1789 1574 1863">
     <span class='ocr_line' id='line_1_31' title="bbox 65 1789 1574 1863; baseline -0.003 -18"><span class='ocrx_word' id='word_1_226' title='bbox 65 1792 167 1863; x_wconf 75' lang='grc' dir='ltr'>πρὸς</span> <span class='ocrx_word' id='word_1_227' title='bbox 195 1792 361 1861; x_wconf 75' lang='grc' dir='ltr'>ἡμᾶς,</span> <span class='ocrx_word' id='word_1_228' title='bbox 421 1791 708 1862; x_wconf 79' lang='grc' dir='ltr'>ἐπείχθητε</span> <span class='ocrx_word' id='word_1_229' title='bbox 740 1791 883 1862; x_wconf 46' lang='grc' dir='ltr'>ήδη,</span> <span class='ocrx_word' id='word_1_230' title='bbox 915 1793 1003 1844; x_wconf 81' lang='grc' dir='ltr'><strong>ναὶ</strong></span> <span class='ocrx_word' id='word_1_231' title='bbox 1052 1791 1308 1862; x_wconf 86' lang='grc' dir='ltr'>δεόμεθα,</span> <span class='ocrx_word' id='word_1_232' title='bbox 1358 1789 1574 1860; x_wconf 72' lang='grc' dir='ltr'>ἀδελφοὶ</span> 
     </span>
    </p>
   </div>
   <div class='ocr_carea' id='block_1_31' title="bbox 1680 1781 3234 1863">
    <p class='ocr_par' dir='ltr' id='par_1_31' title="bbox 1680 1781 3234 1857">
     <span class='ocr_line' id='line_1_32' title="bbox 1680 1781 3234 1857; baseline 0.007 -22"><span class='ocrx_word' id='word_1_233' title='bbox 1680 1787 1804 1835; x_wconf 89' lang='lat' dir='ltr'><strong>nate</strong></span> <span class='ocrx_word' id='word_1_234' title='bbox 1835 1781 1904 1835; x_wconf 84' lang='lat' dir='ltr'><strong>ad</strong></span> <span class='ocrx_word' id='word_1_235' title='bbox 1946 1797 2068 1846; x_wconf 88' lang='lat' dir='ltr'><strong>nos,</strong></span> <span class='ocrx_word' id='word_1_236' title='bbox 2097 1783 2208 1853; x_wconf 87' lang='lat' dir='ltr'><strong>jam</strong></span> <span class='ocrx_word' id='word_1_237' title='bbox 2264 1784 2537 1851; x_wconf 80' lang='lat' dir='ltr'><strong>festinate,</strong></span> <span class='ocrx_word' id='word_1_238' title='bbox 2574 1787 2648 1842; x_wconf 89' lang='lat' dir='ltr'><strong>ita</strong></span> <span class='ocrx_word' id='word_1_239' title='bbox 2682 1804 2986 1857; x_wconf 84' lang='lat' dir='ltr'><strong>precamur,</strong></span> <span class='ocrx_word' id='word_1_240' title='bbox 3036 1789 3234 1846; x_wconf 80' lang='lat' dir='ltr'><strong>fratres</strong></span> 
     </span>
    </p>
   </div>
   <div class='ocr_carea' id='block_1_32' title="bbox 63 1872 1574 1956">
    <p class='ocr_par' dir='ltr' id='par_1_32' title="bbox 63 1877 1574 1951">
     <span class='ocr_line' id='line_1_33' title="bbox 63 1877 1574 1951; baseline 0 -19"><span class='ocrx_word' id='word_1_241' title='bbox 63 1879 412 1950; x_wconf 71' lang='grc' dir='ltr'>γνησιώτατοι·</span> <span class='ocrx_word' id='word_1_242' title='bbox 469 1881 586 1934; x_wconf 74' lang='grc' dir='ltr'>δότε</span> <span class='ocrx_word' id='word_1_243' title='bbox 648 1882 804 1951; x_wconf 77' lang='grc' dir='ltr'>χεῖρα</span> <span class='ocrx_word' id='word_1_244' title='bbox 861 1883 973 1943; x_wconf 82' lang='grc' dir='ltr'>τοῖς</span> <span class='ocrx_word' id='word_1_245' title='bbox 1018 1883 1098 1944; x_wconf 87' lang='grc' dir='ltr'><strong>είς</strong></span> <span class='ocrx_word' id='word_1_246' title='bbox 1149 1879 1275 1948; x_wconf 84' lang='grc' dir='ltr'>γόνυ</span> <span class='ocrx_word' id='word_1_247' title='bbox 1328 1877 1574 1932; x_wconf 86' lang='grc' dir='ltr'>κλιθεῖσι.</span> 
     </span>
    </p>
   </div>
   <div class='ocr_carea' id='block_1_33' title="bbox 1680 1872 3239 1956">
    <p class='ocr_par' dir='ltr' id='par_1_33' title="bbox 1680 1872 3239 1956">
     <span class='ocr_line' id='line_1_34' title="bbox 1680 1872 3239 1956; baseline 0.005 -32"><span class='ocrx_word' id='word_1_248' title='bbox 1680 1872 2077 1942; x_wconf 87' lang='lat' dir='ltr'><strong>germanissimi</strong></span> <span class='ocrx_word' id='word_1_249' title='bbox 2107 1889 2120 1927; x_wconf 91' lang='lat'><strong>:</strong></span> <span class='ocrx_word' id='word_1_250' title='bbox 2154 1873 2208 1926; x_wconf 89' lang='lat' dir='ltr'><strong>in</strong></span> <span class='ocrx_word' id='word_1_251' title='bbox 2239 1877 2744 1956; x_wconf 83' lang='lat' dir='ltr'><strong>genuaprovolutis</strong></span> <span class='ocrx_word' id='word_1_252' title='bbox 2794 1893 3014 1931; x_wconf 85' lang='lat' dir='ltr'><strong>manum</strong></span> <span class='ocrx_word' id='word_1_253' title='bbox 3061 1881 3239 1948; x_wconf 91' lang='lat' dir='ltr'><strong>porri-</strong></span> 
     </span>
    </p>
   </div>
   <div class='ocr_carea' id='block_1_34' title="bbox 60 1963 1574 2041">
    <p class='ocr_par' dir='ltr' id='par_1_34' title="bbox 60 1968 1574 2041">
     <span class='ocr_line' id='line_1_35' title="bbox 60 1968 1574 2041; baseline 0 -18"><span class='ocrx_word' id='word_1_254' title='bbox 60 1968 406 2038; x_wconf 69' lang='grc' dir='ltr'>Συγκινηθήτω</span> <span class='ocrx_word' id='word_1_255' title='bbox 438 1968 523 2037; x_wconf 75' lang='grc' dir='ltr'><strong>ἐφ’</strong></span> <span class='ocrx_word' id='word_1_256' title='bbox 548 1971 678 2040; x_wconf 71' lang='grc' dir='ltr'>ἡμῖν</span> <span class='ocrx_word' id='word_1_257' title='bbox 707 1971 776 2023; x_wconf 84' lang='grc' dir='ltr'>τὰ</span> <span class='ocrx_word' id='word_1_258' title='bbox 798 1969 1057 2040; x_wconf 80' lang='grc' dir='ltr'>ἀδελφικά</span> <span class='ocrx_word' id='word_1_259' title='bbox 1083 1969 1236 2041; x_wconf 81' lang='grc' dir='ltr'>ὑμῶν</span> <span class='ocrx_word' id='word_1_260' title='bbox 1274 1969 1574 2040; x_wconf 77' lang='grc' dir='ltr'>σπλάγχνα,</span> 
     </span>
    </p>
   </div>
   <div class='ocr_carea' id='block_1_35' title="bbox 1680 1963 3234 2041">
    <p class='ocr_par' dir='ltr' id='par_1_35' title="bbox 1680 1963 3234 2033">
     <span class='ocr_line' id='line_1_36' title="bbox 1680 1963 3234 2033; baseline 0.006 -18"><span class='ocrx_word' id='word_1_261' title='bbox 1680 1963 1804 2033; x_wconf 94' lang='lat' dir='ltr'><strong>gite.</strong></span> <span class='ocrx_word' id='word_1_262' title='bbox 1843 1963 2098 2018; x_wconf 84' lang='lat' dir='ltr'><strong>Fraterna</strong></span> <span class='ocrx_word' id='word_1_263' title='bbox 2127 1973 2309 2021; x_wconf 87' lang='lat' dir='ltr'><strong>vestra</strong></span> <span class='ocrx_word' id='word_1_264' title='bbox 2341 1967 2551 2023; x_wconf 84' lang='lat' dir='ltr'><strong>viscera</strong></span> <span class='ocrx_word' id='word_1_265' title='bbox 2575 1977 3021 2024; x_wconf 88' lang='lat' dir='ltr'><strong>commoveantur</strong></span> <span class='ocrx_word' id='word_1_266' title='bbox 3048 1981 3234 2026; x_wconf 83' lang='lat' dir='ltr'><strong>nostra</strong></span> 
     </span>
    </p>
   </div>
   <div class='ocr_carea' id='block_1_36' title="bbox 61 2054 1574 2133">
    <p class='ocr_par' dir='ltr' id='par_1_36' title="bbox 61 2059 1574 2133">
     <span class='ocr_line' id='line_1_37' title="bbox 61 2059 1574 2133; baseline -0.002 -18"><span class='ocrx_word' id='word_1_267' title='bbox 61 2059 341 2133; x_wconf 70' lang='grc' dir='ltr'>προχυθήτυ</span> <span class='ocrx_word' id='word_1_268' title='bbox 394 2059 606 2130; x_wconf 78' lang='grc' dir='ltr'>δάκρυα</span> <span class='ocrx_word' id='word_1_269' title='bbox 653 2060 1012 2132; x_wconf 80' lang='grc' dir='ltr'>συμπαθείας.</span> <span class='ocrx_word' id='word_1_270' title='bbox 1055 2061 1147 2132; x_wconf 81' lang='grc' dir='ltr'><strong>Μὴ</strong></span> <span class='ocrx_word' id='word_1_271' title='bbox 1191 2059 1468 2132; x_wconf 80' lang='grc' dir='ltr'>περιίδητε</span> <span class='ocrx_word' id='word_1_272' title='bbox 1516 2059 1574 2112; x_wconf 78' lang='grc' dir='ltr'>τὸ</span> 
     </span>
    </p>
   </div>
   <div class='ocr_carea' id='block_1_37' title="bbox 1680 2054 3230 2133">
    <p class='ocr_par' dir='ltr' id='par_1_37' title="bbox 1682 2054 3230 2128">
     <span class='ocr_line' id='line_1_38' title="bbox 1682 2054 3230 2128; baseline 0.006 -20"><span class='ocrx_word' id='word_1_273' title='bbox 1682 2068 1881 2120; x_wconf 91' lang='lat' dir='ltr'><strong>causa,</strong></span> <span class='ocrx_word' id='word_1_274' title='bbox 1929 2054 2328 2124; x_wconf 87' lang='lat' dir='ltr'><strong>profundantur</strong></span> <span class='ocrx_word' id='word_1_275' title='bbox 2398 2058 2650 2128; x_wconf 71' lang='lat' dir='ltr'><strong>lacryma:</strong></span> <span class='ocrx_word' id='word_1_276' title='bbox 2723 2061 3230 2118; x_wconf 87' lang='lat' dir='ltr'><strong>commiserationis.</strong></span> 
     </span>
    </p>
   </div>
   <div class='ocr_carea' id='block_1_38' title="bbox 59 2143 1574 2223">
    <p class='ocr_par' dir='ltr' id='par_1_38' title="bbox 59 2150 1574 2223">
     <span class='ocr_line' id='line_1_39' title="bbox 59 2150 1574 2223; baseline 0.001 -19"><span class='ocrx_word' id='word_1_277' title='bbox 59 2155 190 2223; x_wconf 66' lang='grc' dir='ltr'>ἣμισυ</span> <span class='ocrx_word' id='word_1_278' title='bbox 214 2150 315 2220; x_wconf 79' lang='grc' dir='ltr'>τῆς</span> <span class='ocrx_word' id='word_1_279' title='bbox 365 2151 689 2222; x_wconf 78' lang='grc' dir='ltr'>οίκουμένης</span> <span class='ocrx_word' id='word_1_280' title='bbox 709 2152 813 2205; x_wconf 75' lang='grc' dir='ltr'>ὑπὸ</span> <span class='ocrx_word' id='word_1_281' title='bbox 856 2152 953 2222; x_wconf 85' lang='grc' dir='ltr'>τῆς</span> <span class='ocrx_word' id='word_1_282' title='bbox 983 2152 1188 2223; x_wconf 83' lang='grc' dir='ltr'>πλάνης</span> <span class='ocrx_word' id='word_1_283' title='bbox 1234 2151 1574 2206; x_wconf 81' lang='grc' dir='ltr'>καταποθέν·</span> 
     </span>
    </p>
   </div>
   <div class='ocr_carea' id='block_1_39' title="bbox 1680 2143 3234 2223">
    <p class='ocr_par' dir='ltr' id='par_1_39' title="bbox 1680 2143 3234 2217">
     <span class='ocr_line' id='line_1_40' title="bbox 1680 2143 3234 2217; baseline 0.006 -19"><span class='ocrx_word' id='word_1_284' title='bbox 1680 2143 1906 2200; x_wconf 82' lang='lat' dir='ltr'><strong>Mediam</strong></span> <span class='ocrx_word' id='word_1_285' title='bbox 1940 2146 2090 2202; x_wconf 87' lang='lat' dir='ltr'><strong>orbis</strong></span> <span class='ocrx_word' id='word_1_286' title='bbox 2128 2154 2335 2217; x_wconf 91' lang='lat' dir='ltr'><strong>partem</strong></span> <span class='ocrx_word' id='word_1_287' title='bbox 2369 2148 2437 2202; x_wconf 88' lang='lat' dir='ltr'><strong>ab</strong></span> <span class='ocrx_word' id='word_1_288' title='bbox 2466 2164 2648 2214; x_wconf 87' lang='lat' dir='ltr'><strong>errore</strong></span> <span class='ocrx_word' id='word_1_289' title='bbox 2676 2151 2951 2206; x_wconf 85' lang='lat' dir='ltr'><strong>absorberi</strong></span> <span class='ocrx_word' id='word_1_290' title='bbox 2985 2167 3052 2207; x_wconf 90' lang='lat' dir='ltr'><strong>ne</strong></span> <span class='ocrx_word' id='word_1_291' title='bbox 3088 2153 3234 2208; x_wconf 89' lang='lat' dir='ltr'><strong>sina-</strong></span> 
     </span>
    </p>
   </div>
   <div class='ocr_carea' id='block_1_40' title="bbox 62 2237 1574 2315">
    <p class='ocr_par' dir='ltr' id='par_1_40' title="bbox 62 2240 1574 2315">
     <span class='ocr_line' id='line_1_41' title="bbox 62 2240 1574 2315; baseline 0.001 -20"><span class='ocrx_word' id='word_1_292' title='bbox 62 2244 116 2314; x_wconf 71' lang='grc' dir='ltr'><strong>ειὴ</strong></span> <span class='ocrx_word' id='word_1_293' title='bbox 155 2241 454 2311; x_wconf 76' lang='grc' dir='ltr'>ἀνάσχησθε</span> <span class='ocrx_word' id='word_1_294' title='bbox 503 2242 902 2313; x_wconf 73' lang='grc' dir='ltr'>ἀποσϐεσθῆναι</span> <span class='ocrx_word' id='word_1_295' title='bbox 938 2243 1033 2315; x_wconf 76' lang='grc' dir='ltr'>τὴν</span> <span class='ocrx_word' id='word_1_296' title='bbox 1077 2243 1277 2308; x_wconf 87' lang='grc' dir='ltr'>πίστιν,</span> <span class='ocrx_word' id='word_1_297' title='bbox 1326 2245 1456 2314; x_wconf 81' lang='grc' dir='ltr'>παρ’</span> <span class='ocrx_word' id='word_1_298' title='bbox 1500 2240 1574 2307; x_wconf 77' lang='grc' dir='ltr'><strong>οἷς</strong></span> 
     </span>
    </p>
   </div>
   <div class='ocr_carea' id='block_1_41' title="bbox 1680 2237 3235 2315">
    <p class='ocr_par' dir='ltr' id='par_1_41' title="bbox 1680 2237 3235 2314">
     <span class='ocr_line' id='line_1_42' title="bbox 1680 2237 3235 2314; baseline 0.006 -24"><span class='ocrx_word' id='word_1_299' title='bbox 1680 2237 1796 2293; x_wconf 90' lang='lat' dir='ltr'><strong>tis:</strong></span> <span class='ocrx_word' id='word_1_300' title='bbox 1829 2252 1929 2293; x_wconf 89' lang='lat' dir='ltr'><strong>nec</strong></span> <span class='ocrx_word' id='word_1_301' title='bbox 1979 2237 2135 2292; x_wconf 78' lang='lat' dir='ltr'><strong>fidem</strong></span> <span class='ocrx_word' id='word_1_302' title='bbox 2187 2239 2330 2310; x_wconf 92' lang='lat' dir='ltr'><strong>apud</strong></span> <span class='ocrx_word' id='word_1_303' title='bbox 2381 2255 2476 2296; x_wconf 92' lang='lat' dir='ltr'><strong>eos</strong></span> <span class='ocrx_word' id='word_1_304' title='bbox 2533 2239 2721 2297; x_wconf 78' lang='lat' dir='ltr'><strong>feratis</strong></span> <span class='ocrx_word' id='word_1_305' title='bbox 2765 2243 3057 2312; x_wconf 72' lang='lat' dir='ltr'><strong>exstingui,</strong></span> <span class='ocrx_word' id='word_1_306' title='bbox 3094 2245 3235 2314; x_wconf 90' lang='lat' dir='ltr'><strong>apud</strong></span> 
     </span>
    </p>
   </div>
   <div class='ocr_carea' id='block_1_42' title="bbox 60 2329 1574 2407">
    <p class='ocr_par' dir='ltr' id='par_1_42' title="bbox 60 2329 1572 2407">
     <span class='ocr_line' id='line_1_43' title="bbox 60 2329 1572 2407; baseline 0.002 -22"><span class='ocrx_word' id='word_1_307' title='bbox 60 2331 230 2402; x_wconf 71' lang='grc' dir='ltr'>πρῶτον</span> <span class='ocrx_word' id='word_1_308' title='bbox 281 2332 574 2402; x_wconf 69' lang='grc' dir='ltr'>ἐξέλαμψε.</span> <span class='ocrx_word' id='word_1_309' title='bbox 630 2333 694 2386; x_wconf 93' lang='grc' dir='ltr'>Τί</span> <span class='ocrx_word' id='word_1_310' title='bbox 729 2329 820 2388; x_wconf 81' lang='grc' dir='ltr'>οὖν</span> <span class='ocrx_word' id='word_1_311' title='bbox 863 2336 1183 2406; x_wconf 80' lang='grc' dir='ltr'>ποιήσαντες</span> <span class='ocrx_word' id='word_1_312' title='bbox 1220 2335 1572 2407; x_wconf 67' lang='grc' dir='ltr'>ἀντιλήψεσθε</span> 
     </span>
    </p>
   </div>
   <div class='ocr_carea' id='block_1_43' title="bbox 1680 2329 3236 2407">
    <p class='ocr_par' dir='ltr' id='par_1_43' title="bbox 1681 2330 3236 2403">
     <span class='ocr_line' id='line_1_44' title="bbox 1681 2330 3236 2403; baseline 0.005 -20"><span class='ocrx_word' id='word_1_313' title='bbox 1681 2345 1816 2400; x_wconf 85' lang='lat' dir='ltr'><strong>quos</strong></span> <span class='ocrx_word' id='word_1_314' title='bbox 1846 2333 2078 2401; x_wconf 86' lang='lat' dir='ltr'><strong>primum</strong></span> <span class='ocrx_word' id='word_1_315' title='bbox 2107 2331 2301 2385; x_wconf 73' lang='lat' dir='ltr'><strong>illuxit.</strong></span> <span class='ocrx_word' id='word_1_316' title='bbox 2339 2330 2479 2398; x_wconf 88' lang='lat' dir='ltr'><strong>Quid</strong></span> <span class='ocrx_word' id='word_1_317' title='bbox 2512 2331 2676 2402; x_wconf 81' lang='lat' dir='ltr'><strong>igitur</strong></span> <span class='ocrx_word' id='word_1_318' title='bbox 2705 2332 2849 2388; x_wconf 82' lang='lat' dir='ltr'><strong>facto</strong></span> <span class='ocrx_word' id='word_1_319' title='bbox 2887 2349 3026 2403; x_wconf 84' lang='lat' dir='ltr'><strong>Opus</strong></span> <span class='ocrx_word' id='word_1_320' title='bbox 3054 2336 3144 2400; x_wconf 86' lang='lat' dir='ltr'><strong>sit,</strong></span> <span class='ocrx_word' id='word_1_321' title='bbox 3176 2343 3236 2390; x_wconf 89' lang='lat' dir='ltr'><strong>ut</strong></span> 
     </span>
    </p>
   </div>
   <div class='ocr_carea' id='block_1_44' title="bbox 56 2420 1574 2492">
    <p class='ocr_par' dir='ltr' id='par_1_44' title="bbox 56 2420 1574 2492">
     <span class='ocr_line' id='line_1_45' title="bbox 56 2420 1574 2492; baseline -0.001 -19"><span class='ocrx_word' id='word_1_322' title='bbox 56 2422 138 2474; x_wconf 76' lang='grc' dir='ltr'>τῶν</span> <span class='ocrx_word' id='word_1_323' title='bbox 167 2421 525 2492; x_wconf 72' lang='grc' dir='ltr'>πραγμάτων,</span> <span class='ocrx_word' id='word_1_324' title='bbox 557 2421 650 2474; x_wconf 75' lang='grc' dir='ltr'>καὶ</span> <span class='ocrx_word' id='word_1_325' title='bbox 685 2421 798 2484; x_wconf 84' lang='grc' dir='ltr'>πῶς</span> <span class='ocrx_word' id='word_1_326' title='bbox 817 2420 876 2474; x_wconf 77' lang='grc' dir='ltr'><strong>τὸ</strong></span> <span class='ocrx_word' id='word_1_327' title='bbox 907 2422 1043 2492; x_wconf 85' lang='grc' dir='ltr'>πρὸς</span> <span class='ocrx_word' id='word_1_328' title='bbox 1069 2424 1196 2486; x_wconf 81' lang='grc' dir='ltr'>τοὺς</span> <span class='ocrx_word' id='word_1_329' title='bbox 1233 2421 1574 2492; x_wconf 75' lang='grc' dir='ltr'>θλιϐομένους</span> 
     </span>
    </p>
   </div>
   <div class='ocr_carea' id='block_1_45' title="bbox 1680 2420 3235 2492">
    <p class='ocr_par' dir='ltr' id='par_1_45' title="bbox 1681 2421 3235 2492">
     <span class='ocr_line' id='line_1_46' title="bbox 1681 2421 3235 2492; baseline 0.003 -18"><span class='ocrx_word' id='word_1_330' title='bbox 1681 2421 1841 2475; x_wconf 89' lang='lat' dir='ltr'><strong>rebus</strong></span> <span class='ocrx_word' id='word_1_331' title='bbox 1882 2429 2084 2474; x_wconf 83' lang='lat' dir='ltr'><strong>llOSll‘lS</strong></span> <span class='ocrx_word' id='word_1_332' title='bbox 2117 2421 2472 2485; x_wconf 82' lang='lat' dir='ltr'><strong>subveniatis,</strong></span> <span class='ocrx_word' id='word_1_333' title='bbox 2512 2432 2562 2476; x_wconf 90' lang='lat' dir='ltr'><strong>et</strong></span> <span class='ocrx_word' id='word_1_334' title='bbox 2583 2423 2855 2492; x_wconf 88' lang='lat' dir='ltr'><strong>quomodo</strong></span> <span class='ocrx_word' id='word_1_335' title='bbox 2886 2425 3235 2480; x_wconf 81' lang='lat' dir='ltr'><strong>commisera-</strong></span> 
     </span>
    </p>
   </div>
   <div class='ocr_carea' id='block_1_46' title="bbox 59 2511 1580 2584">
    <p class='ocr_par' dir='ltr' id='par_1_46' title="bbox 59 2511 1580 2584">
     <span class='ocr_line' id='line_1_47' title="bbox 59 2511 1580 2584; baseline 0.001 -20"><span class='ocrx_word' id='word_1_336' title='bbox 59 2512 303 2582; x_wconf 71' lang='grc' dir='ltr'>συμπαθὲς</span> <span class='ocrx_word' id='word_1_337' title='bbox 349 2511 684 2576; x_wconf 80' lang='grc' dir='ltr'>ὲπιδείξεσθε</span> <span class='ocrx_word' id='word_1_338' title='bbox 737 2512 869 2583; x_wconf 71' lang='grc'>(46),</span> <span class='ocrx_word' id='word_1_339' title='bbox 899 2513 961 2565; x_wconf 83' lang='grc' dir='ltr'>οὐ</span> <span class='ocrx_word' id='word_1_340' title='bbox 1001 2517 1128 2584; x_wconf 82' lang='grc' dir='ltr'>παρ’</span> <span class='ocrx_word' id='word_1_341' title='bbox 1157 2512 1314 2584; x_wconf 78' lang='grc' dir='ltr'>ἡμῶν</span> <span class='ocrx_word' id='word_1_342' title='bbox 1361 2513 1580 2576; x_wconf 85' lang='grc' dir='ltr'>πάντως</span> 
     </span>
    </p>
   </div>
   <div class='ocr_carea' id='block_1_47' title="bbox 52 2599 1582 2672">
    <p class='ocr_par' dir='ltr' id='par_1_47' title="bbox 52 2599 1582 2672">
     <span class='ocr_line' id='line_1_48' title="bbox 52 2599 1582 2672; baseline -0.001 -18"><span class='ocrx_word' id='word_1_343' title='bbox 52 2602 200 2668; x_wconf 73' lang='grc' dir='ltr'>δεήσει</span> <span class='ocrx_word' id='word_1_344' title='bbox 241 2599 439 2670; x_wconf 73' lang='grc' dir='ltr'>μαθεῖν</span> <span class='ocrx_word' id='word_1_345' title='bbox 465 2601 576 2671; x_wconf 71' lang='grc'>(47)</span> <span class='ocrx_word' id='word_1_346' title='bbox 621 2601 796 2672; x_wconf 78' lang='grc' dir='ltr'>ὑμᾶς·</span> <span class='ocrx_word' id='word_1_347' title='bbox 829 2600 940 2654; x_wconf 86' lang='grc' dir='ltr'>ἀλλ’</span> <span class='ocrx_word' id='word_1_348' title='bbox 981 2602 1113 2654; x_wconf 80' lang='grc' dir='ltr'>αὐτὸ</span> <span class='ocrx_word' id='word_1_349' title='bbox 1159 2602 1220 2655; x_wconf 80' lang='grc' dir='ltr'>τὸ</span> <span class='ocrx_word' id='word_1_350' title='bbox 1267 2601 1488 2670; x_wconf 89' lang='grc' dir='ltr'>Πνεῦμα</span> <span class='ocrx_word' id='word_1_351' title='bbox 1521 2600 1582 2653; x_wconf 77' lang='grc' dir='ltr'>τὸ</span> 
     </span>
    </p>
   </div>
   <div class='ocr_carea' id='block_1_48' title="bbox 53 2692 1580 2766">
    <p class='ocr_par' dir='ltr' id='par_1_48' title="bbox 53 2692 1580 2766">
     <span class='ocr_line' id='line_1_49' title="bbox 53 2692 1580 2766; baseline -0.003 -17"><span class='ocrx_word' id='word_1_352' title='bbox 53 2693 175 2761; x_wconf 75' lang='grc' dir='ltr'>ἅγιον</span> <span class='ocrx_word' id='word_1_353' title='bbox 204 2694 334 2764; x_wconf 73' lang='grc' dir='ltr'>ὑμῖν</span> <span class='ocrx_word' id='word_1_354' title='bbox 380 2694 729 2765; x_wconf 75' lang='grc' dir='ltr'>ὑποθήσεται.</span> <span class='ocrx_word' id='word_1_355' title='bbox 763 2694 908 2766; x_wconf 80' lang='grc' dir='ltr'>Πλήν</span> <span class='ocrx_word' id='word_1_356' title='bbox 954 2711 1018 2763; x_wconf 90' lang='grc' dir='ltr'><strong>γε</strong></span> <span class='ocrx_word' id='word_1_357' title='bbox 1061 2695 1143 2748; x_wconf 81' lang='grc' dir='ltr'>ὅτι</span> <span class='ocrx_word' id='word_1_358' title='bbox 1192 2693 1388 2765; x_wconf 82' lang='grc' dir='ltr'>τάχους</span> <span class='ocrx_word' id='word_1_359' title='bbox 1426 2692 1580 2764; x_wconf 82' lang='grc' dir='ltr'>χρεία</span> 
     </span>
    </p>
   </div>
   <div class='ocr_carea' id='block_1_49' title="bbox 51 2785 1580 2858">
    <p class='ocr_par' dir='ltr' id='par_1_49' title="bbox 51 2785 1580 2858">
     <span class='ocr_line' id='line_1_50' title="bbox 51 2785 1580 2858; baseline -0.001 -19"><span class='ocrx_word' id='word_1_360' title='bbox 51 2787 158 2856; x_wconf 57' lang='lat' dir='ltr'><strong>sps;</strong></span> <span class='ocrx_word' id='word_1_361' title='bbox 175 2788 230 2840; x_wconf 79' lang='grc' dir='ltr'><strong>τὸ</strong></span> <span class='ocrx_word' id='word_1_362' title='bbox 257 2786 667 2858; x_wconf 74' lang='grc' dir='ltr'>περισώσασθαι</span> <span class='ocrx_word' id='word_1_363' title='bbox 687 2788 812 2850; x_wconf 76' lang='grc' dir='ltr'>τοὺς</span> <span class='ocrx_word' id='word_1_364' title='bbox 838 2786 1298 2858; x_wconf 82' lang='grc' dir='ltr'>περιλειφθέντας,</span> <span class='ocrx_word' id='word_1_365' title='bbox 1323 2787 1413 2840; x_wconf 73' lang='grc' dir='ltr'>καὶ</span> <span class='ocrx_word' id='word_1_366' title='bbox 1439 2785 1580 2856; x_wconf 77' lang='grc' dir='ltr'>’παρ-</span> 
     </span>
    </p>
   </div>
   <div class='ocr_carea' id='block_1_50' title="bbox 51 2875 1579 2950">
    <p class='ocr_par' dir='ltr' id='par_1_50' title="bbox 51 2875 1579 2950">
     <span class='ocr_line' id='line_1_51' title="bbox 51 2875 1579 2950; baseline 0.001 -21"><span class='ocrx_word' id='word_1_367' title='bbox 51 2879 201 2940; x_wconf 63' lang='lat' dir='ltr'><strong>casia;</strong></span> <span class='ocrx_word' id='word_1_368' title='bbox 222 2878 475 2946; x_wconf 68' lang='grc' dir='ltr'>ἀδελφῶν</span> <span class='ocrx_word' id='word_1_369' title='bbox 508 2878 785 2946; x_wconf 81' lang='grc' dir='ltr'>πλειόνων,</span> <span class='ocrx_word' id='word_1_370' title='bbox 823 2877 962 2932; x_wconf 85' lang='grc' dir='ltr'>ὥστε</span> <span class='ocrx_word' id='word_1_371' title='bbox 992 2879 1265 2950; x_wconf 81' lang='grc' dir='ltr'>πλήρωμα</span> <span class='ocrx_word' id='word_1_372' title='bbox 1291 2875 1429 2932; x_wconf 78' lang='grc' dir='ltr'>εἶναι</span> <span class='ocrx_word' id='word_1_373' title='bbox 1453 2896 1579 2932; x_wconf 91' lang='grc' dir='ltr'>συν-</span> 
     </span>
    </p>
   </div>
   <div class='ocr_carea' id='block_1_51' title="bbox 47 2966 1579 3042">
    <p class='ocr_par' dir='ltr' id='par_1_51' title="bbox 47 2966 1579 3042">
     <span class='ocr_line' id='line_1_52' title="bbox 47 2966 1579 3042; baseline 0.002 -23"><span class='ocrx_word' id='word_1_374' title='bbox 47 2966 140 3019; x_wconf 72' lang='grc' dir='ltr'>ὁδου</span> <span class='ocrx_word' id='word_1_375' title='bbox 166 2970 289 3030; x_wconf 80' lang='grc' dir='ltr'>τοὺς</span> <span class='ocrx_word' id='word_1_376' title='bbox 319 2969 738 3040; x_wconf 72' lang='grc' dir='ltr'>ἐπιδημοῦντας,</span> <span class='ocrx_word' id='word_1_377' title='bbox 787 2971 873 3023; x_wconf 82' lang='grc' dir='ltr'><strong>ἴνα</strong></span> <span class='ocrx_word' id='word_1_378' title='bbox 929 2970 1004 3042; x_wconf 82' lang='grc' dir='ltr'>μὴ</span> <span class='ocrx_word' id='word_1_379' title='bbox 1036 2971 1193 3040; x_wconf 86' lang='grc' dir='ltr'>μόνον</span> <span class='ocrx_word' id='word_1_380' title='bbox 1233 2971 1298 3022; x_wconf 82' lang='grc' dir='ltr'>ἐκ</span> <span class='ocrx_word' id='word_1_381' title='bbox 1344 2971 1442 3040; x_wconf 82' lang='grc' dir='ltr'>τῆς</span> <span class='ocrx_word' id='word_1_382' title='bbox 1471 2969 1579 3022; x_wconf 87' lang='grc' dir='ltr'><strong>τῶν</strong></span> 
     </span>
    </p>
   </div>
   <div class='ocr_carea' id='block_1_52' title="bbox 1680 2512 3234 2584">
    <p class='ocr_par' dir='ltr' id='par_1_52' title="bbox 1680 2512 3234 2584">
     <span class='ocr_line' id='line_1_53' title="bbox 1680 2512 3234 2584; baseline 0.003 -18"><span class='ocrx_word' id='word_1_383' title='bbox 1680 2513 1880 2566; x_wconf 88' lang='lat' dir='ltr'><strong>tionem</strong></span> <span class='ocrx_word' id='word_1_384' title='bbox 1933 2512 2234 2568; x_wconf 88' lang='lat' dir='ltr'><strong>ostendatis</strong></span> <span class='ocrx_word' id='word_1_385' title='bbox 2284 2528 2409 2584; x_wconf 79' lang='lat' dir='ltr'><strong>erga</strong></span> <span class='ocrx_word' id='word_1_386' title='bbox 2453 2512 2754 2578; x_wconf 87' lang='lat' dir='ltr'><strong>divexato‘s,</strong></span> <span class='ocrx_word' id='word_1_387' title='bbox 2801 2515 2952 2568; x_wconf 91' lang='lat' dir='ltr'><strong>nullo</strong></span> <span class='ocrx_word' id='word_1_388' title='bbox 2991 2516 3153 2571; x_wconf 85' lang='lat' dir='ltr'><strong>modo</strong></span> <span class='ocrx_word' id='word_1_389' title='bbox 3204 2531 3234 2570; x_wconf 90' lang='lat' dir='ltr'><strong>a</strong></span> 
     </span>
    </p>
   </div>
   <div class='ocr_carea' id='block_1_53' title="bbox 1680 2602 3236 2677">
    <p class='ocr_par' dir='ltr' id='par_1_53' title="bbox 1680 2602 3236 2677">
     <span class='ocr_line' id='line_1_54' title="bbox 1680 2602 3236 2677; baseline 0.004 -21"><span class='ocrx_word' id='word_1_390' title='bbox 1680 2604 1838 2658; x_wconf 89' lang='lat' dir='ltr'><strong>nobis</strong></span> <span class='ocrx_word' id='word_1_391' title='bbox 1875 2618 2101 2658; x_wconf 87' lang='lat' dir='ltr'><strong>necesse</strong></span> <span class='ocrx_word' id='word_1_392' title='bbox 2157 2603 2262 2658; x_wconf 89' lang='lat' dir='ltr'><strong>erit</strong></span> <span class='ocrx_word' id='word_1_393' title='bbox 2285 2619 2382 2658; x_wconf 89' lang='lat' dir='ltr'><strong>vos</strong></span> <span class='ocrx_word' id='word_1_394' title='bbox 2428 2602 2635 2658; x_wconf 75' lang='lat' dir='ltr'><strong>diSCere</strong></span> <span class='ocrx_word' id='word_1_395' title='bbox 2663 2620 2676 2655; x_wconf 89' lang='lat'>:</span> <span class='ocrx_word' id='word_1_396' title='bbox 2709 2605 2803 2658; x_wconf 90' lang='lat' dir='ltr'><strong>sed</strong></span> <span class='ocrx_word' id='word_1_397' title='bbox 2851 2613 3075 2661; x_wconf 90' lang='lat' dir='ltr'><strong>sanctus</strong></span> <span class='ocrx_word' id='word_1_398' title='bbox 3118 2607 3236 2677; x_wconf 87' lang='lat' dir='ltr'><strong>ipse</strong></span> 
     </span>
    </p>
   </div>
   <div class='ocr_carea' id='block_1_54' title="bbox 1681 2692 3235 2770">
    <p class='ocr_par' dir='ltr' id='par_1_54' title="bbox 1681 2692 3235 2770">
     <span class='ocr_line' id='line_1_55' title="bbox 1681 2692 3235 2770; baseline 0.003 -20"><span class='ocrx_word' id='word_1_399' title='bbox 1681 2692 1917 2764; x_wconf 89' lang='lat' dir='ltr'><strong>Spiritus</strong></span> <span class='ocrx_word' id='word_1_400' title='bbox 1967 2696 2122 2750; x_wconf 87' lang='lat' dir='ltr'><strong>vobis</strong></span> <span class='ocrx_word' id='word_1_401' title='bbox 2169 2703 2436 2766; x_wconf 77' lang='lat' dir='ltr'><strong>suggeret.</strong></span> <span class='ocrx_word' id='word_1_402' title='bbox 2484 2700 2552 2750; x_wconf 78' lang='lat' dir='ltr'><strong>At</strong></span> <span class='ocrx_word' id='word_1_403' title='bbox 2594 2703 2744 2752; x_wconf 86' lang='lat' dir='ltr'><strong>certe</strong></span> <span class='ocrx_word' id='word_1_404' title='bbox 2780 2697 3056 2754; x_wconf 89' lang='lat' dir='ltr'><strong>celeritate</strong></span> <span class='ocrx_word' id='word_1_405' title='bbox 3095 2714 3235 2770; x_wconf 89' lang='lat' dir='ltr'><strong>opus</strong></span> 
     </span>
    </p>
   </div>
   <div class='ocr_carea' id='block_1_55' title="bbox 1679 2787 3237 2860">
    <p class='ocr_par' dir='ltr' id='par_1_55' title="bbox 1679 2787 3237 2860">
     <span class='ocr_line' id='line_1_56' title="bbox 1679 2787 3237 2860; baseline 0.002 -18"><span class='ocrx_word' id='word_1_406' title='bbox 1679 2796 1762 2842; x_wconf 92' lang='lat' dir='ltr'><strong>est</strong></span> <span class='ocrx_word' id='word_1_407' title='bbox 1792 2788 1859 2842; x_wconf 88' lang='lat' dir='ltr'><strong>ad</strong></span> <span class='ocrx_word' id='word_1_408' title='bbox 1897 2802 2010 2847; x_wconf 84' lang='lat' dir='ltr'><strong>eos.</strong></span> <span class='ocrx_word' id='word_1_409' title='bbox 2037 2787 2129 2857; x_wconf 93' lang='lat' dir='ltr'><strong>qui</strong></span> <span class='ocrx_word' id='word_1_410' title='bbox 2160 2795 2472 2857; x_wconf 89' lang='lat' dir='ltr'><strong>supersunt,</strong></span> <span class='ocrx_word' id='word_1_411' title='bbox 2505 2790 2822 2852; x_wconf 81' lang='lat' dir='ltr'><strong>servandos,</strong></span> <span class='ocrx_word' id='word_1_412' title='bbox 2853 2796 2905 2844; x_wconf 92' lang='lat' dir='ltr'><strong>et</strong></span> <span class='ocrx_word' id='word_1_413' title='bbox 2937 2790 3237 2860; x_wconf 87' lang='lat' dir='ltr'><strong>plurimum</strong></span> 
     </span>
    </p>
   </div>
   <div class='ocr_carea' id='block_1_56' title="bbox 1680 2879 3237 2952">
    <p class='ocr_par' dir='ltr' id='par_1_56' title="bbox 1680 2879 3237 2952">
     <span class='ocr_line' id='line_1_57' title="bbox 1680 2879 3237 2952; baseline 0.003 -19"><span class='ocrx_word' id='word_1_414' title='bbox 1680 2879 1909 2934; x_wconf 80' lang='lat' dir='ltr'><strong>fratrum</strong></span> <span class='ocrx_word' id='word_1_415' title='bbox 1956 2879 2262 2950; x_wconf 65' lang='lat' dir='ltr'><strong>praesentia,</strong></span> <span class='ocrx_word' id='word_1_416' title='bbox 2299 2888 2354 2932; x_wconf 89' lang='lat' dir='ltr'><strong>ut</strong></span> <span class='ocrx_word' id='word_1_417' title='bbox 2396 2879 2587 2950; x_wconf 88' lang='lat' dir='ltr'><strong>synodi</strong></span> <span class='ocrx_word' id='word_1_418' title='bbox 2635 2895 2919 2935; x_wconf 89' lang='lat' dir='ltr'><strong>numerum</strong></span> <span class='ocrx_word' id='word_1_419' title='bbox 2959 2882 3237 2952; x_wconf 75' lang='lat' dir='ltr'><strong>expleant,</strong></span> 
     </span>
    </p>
   </div>
   <div class='ocr_carea' id='block_1_57' title="bbox 1679 2970 3238 3044">
    <p class='ocr_par' dir='ltr' id='par_1_57' title="bbox 1679 2970 3238 3044">
     <span class='ocr_line' id='line_1_58' title="bbox 1679 2970 3238 3044; baseline 0.003 -21"><span class='ocrx_word' id='word_1_420' title='bbox 1679 2971 1771 3041; x_wconf 87' lang='lat' dir='ltr'><strong>qui</strong></span> <span class='ocrx_word' id='word_1_421' title='bbox 1799 2972 1906 3024; x_wconf 90' lang='lat' dir='ltr'><strong>huc</strong></span> <span class='ocrx_word' id='word_1_422' title='bbox 1939 2970 2244 3036; x_wconf 87' lang='lat' dir='ltr'><strong>advenient,</strong></span> <span class='ocrx_word' id='word_1_423' title='bbox 2286 2977 2345 3024; x_wconf 90' lang='lat' dir='ltr'><strong>ut</strong></span> <span class='ocrx_word' id='word_1_424' title='bbox 2370 2985 2476 3024; x_wconf 90' lang='lat' dir='ltr'><strong>non</strong></span> <span class='ocrx_word' id='word_1_425' title='bbox 2506 2971 2679 3024; x_wconf 83' lang='lat' dir='ltr'><strong>solum</strong></span> <span class='ocrx_word' id='word_1_426' title='bbox 2708 2987 2984 3026; x_wconf 33' lang='lat' dir='ltr'><strong>ex‘eortttn</strong></span> <span class='ocrx_word' id='word_1_427' title='bbox 3011 2975 3104 3044; x_wconf 87' lang='lat' dir='ltr'><strong>qui</strong></span> <span class='ocrx_word' id='word_1_428' title='bbox 3132 2976 3238 3028; x_wconf 64' lang='lat' dir='ltr'><strong>mia-</strong></span> 
     </span>
    </p>
   </div>
   <div class='ocr_carea' id='block_1_58' title="bbox 50 3059 1574 3143">
    <p class='ocr_par' dir='ltr' id='par_1_58' title="bbox 50 3059 1573 3132">
     <span class='ocr_line' id='line_1_59' title="bbox 50 3059 1573 3132; baseline 0.003 -22"><span class='ocrx_word' id='word_1_429' title='bbox 50 3059 454 3114; x_wconf 69' lang='grc' dir='ltr'>ἀποστειλάντων</span> <span class='ocrx_word' id='word_1_430' title='bbox 486 3062 831 3132; x_wconf 81' lang='grc' dir='ltr'>σεμνότητος,</span> <span class='ocrx_word' id='word_1_431' title='bbox 858 3063 992 3116; x_wconf 87' lang='grc' dir='ltr'><strong>ἀλλά</strong></span> <span class='ocrx_word' id='word_1_432' title='bbox 1021 3063 1112 3116; x_wconf 76' lang='grc' dir='ltr'><strong>καὶ</strong></span> <span class='ocrx_word' id='word_1_433' title='bbox 1161 3064 1226 3115; x_wconf 81' lang='grc' dir='ltr'>ἐκ</span> <span class='ocrx_word' id='word_1_434' title='bbox 1258 3061 1350 3116; x_wconf 87' lang='grc' dir='ltr'><strong>τοῦ</strong></span> <span class='ocrx_word' id='word_1_435' title='bbox 1376 3063 1573 3115; x_wconf 72' lang='grc' dir='ltr'>οἰκείου</span> 
     </span>
    </p>
   </div>
   <div class='ocr_carea' id='block_1_59' title="bbox 1680 3059 3236 3143">
    <p class='ocr_par' dir='ltr' id='par_1_59' title="bbox 1681 3060 3236 3132">
     <span class='ocr_line' id='line_1_60' title="bbox 1681 3060 3236 3132; baseline 0.003 -15"><span class='ocrx_word' id='word_1_436' title='bbox 1681 3062 1852 3117; x_wconf 88' lang='lat' dir='ltr'><strong>serint</strong></span> <span class='ocrx_word' id='word_1_437' title='bbox 1881 3063 2165 3131; x_wconf 79' lang='lat' dir='ltr'><strong>gravitate,</strong></span> <span class='ocrx_word' id='word_1_438' title='bbox 2199 3060 2291 3116; x_wconf 92' lang='lat' dir='ltr'><strong>sed</strong></span> <span class='ocrx_word' id='word_1_439' title='bbox 2319 3063 2481 3115; x_wconf 89' lang='lat' dir='ltr'><strong>etiam</strong></span> <span class='ocrx_word' id='word_1_440' title='bbox 2507 3078 2573 3116; x_wconf 84' lang='lat' dir='ltr'><strong>ex</strong></span> <span class='ocrx_word' id='word_1_441' title='bbox 2602 3078 2703 3117; x_wconf 89' lang='lat' dir='ltr'><strong>suo</strong></span> <span class='ocrx_word' id='word_1_442' title='bbox 2730 3064 2970 3132; x_wconf 86' lang='lat' dir='ltr'><strong>ipsorum</strong></span> <span class='ocrx_word' id='word_1_443' title='bbox 3011 3083 3236 3122; x_wconf 90' lang='lat' dir='ltr'><strong>numero</strong></span> 
     </span>
    </p>
   </div>
   <div class='ocr_carea' id='block_1_60' title="bbox 45 3154 1576 3227">
    <p class='ocr_par' dir='ltr' id='par_1_60' title="bbox 45 3154 1576 3227">
     <span class='ocr_line' id='line_1_61' title="bbox 45 3154 1576 3227; baseline 0.002 -22"><span class='ocrx_word' id='word_1_444' title='bbox 45 3154 243 3224; x_wconf 79' lang='grc' dir='ltr'>ἀριθμοῦ</span> <span class='ocrx_word' id='word_1_445' title='bbox 272 3155 334 3208; x_wconf 74' lang='grc' dir='ltr'><strong>τὸ</strong></span> <span class='ocrx_word' id='word_1_446' title='bbox 366 3156 682 3220; x_wconf 83' lang='grc' dir='ltr'>ἀξιόπιστον</span> <span class='ocrx_word' id='word_1_447' title='bbox 708 3157 900 3226; x_wconf 78' lang='grc' dir='ltr'>ἔχωσιν</span> <span class='ocrx_word' id='word_1_448' title='bbox 927 3158 1006 3220; x_wconf 85' lang='grc' dir='ltr'><strong>είς</strong></span> <span class='ocrx_word' id='word_1_449' title='bbox 1039 3157 1320 3227; x_wconf 82' lang='grc' dir='ltr'>διόρθωσιν</span> <span class='ocrx_word' id='word_1_450' title='bbox 1343 3173 1358 3188; x_wconf 88' lang='grc'><strong>·</strong></span> <span class='ocrx_word' id='word_1_451' title='bbox 1404 3156 1452 3208; x_wconf 81' lang='grc' dir='ltr'>οἶ</span> <span class='ocrx_word' id='word_1_452' title='bbox 1483 3155 1576 3208; x_wconf 74' lang='grc' dir='ltr'>καὶ</span> 
     </span>
    </p>
   </div>
   <div class='ocr_carea' id='block_1_61' title="bbox 44 3245 1576 3320">
    <p class='ocr_par' dir='ltr' id='par_1_61' title="bbox 44 3245 1576 3320">
     <span class='ocr_line' id='line_1_62' title="bbox 44 3245 1576 3320; baseline 0.002 -23"><span class='ocrx_word' id='word_1_453' title='bbox 44 3247 121 3317; x_wconf 73' lang='grc' dir='ltr'>τὴν</span> <span class='ocrx_word' id='word_1_454' title='bbox 139 3250 191 3300; x_wconf 84' lang='grc' dir='ltr'>ἐν</span> <span class='ocrx_word' id='word_1_455' title='bbox 225 3248 436 3318; x_wconf 72' lang='grc' dir='ltr'>Νικαξᾳ</span> <span class='ocrx_word' id='word_1_456' title='bbox 477 3252 773 3319; x_wconf 78' lang='grc' dir='ltr'>γραφεῖσαν</span> <span class='ocrx_word' id='word_1_457' title='bbox 803 3248 970 3320; x_wconf 72' lang='grc' dir='ltr'>παρὰ,</span> <span class='ocrx_word' id='word_1_458' title='bbox 993 3249 1100 3300; x_wconf 82' lang='grc' dir='ltr'>τῶν</span> <span class='ocrx_word' id='word_1_459' title='bbox 1130 3249 1387 3320; x_wconf 86' lang='grc' dir='ltr'>Πατέρων</span> <span class='ocrx_word' id='word_1_460' title='bbox 1421 3245 1576 3318; x_wconf 69' lang='grc' dir='ltr'>ἡμῶν</span> 
     </span>
    </p>
   </div>
   <div class='ocr_carea' id='block_1_62' title="bbox 42 3339 1578 3413">
    <p class='ocr_par' dir='ltr' id='par_1_62' title="bbox 42 3339 1578 3413">
     <span class='ocr_line' id='line_1_63' title="bbox 42 3339 1578 3413; baseline 0.002 -23"><span class='ocrx_word' id='word_1_461' title='bbox 42 3339 193 3392; x_wconf 69' lang='grc' dir='ltr'>πίστιν</span> <span class='ocrx_word' id='word_1_462' title='bbox 239 3340 680 3407; x_wconf 67' lang='grc' dir='ltr'>ἀνανεώσονται,</span> <span class='ocrx_word' id='word_1_463' title='bbox 722 3343 815 3394; x_wconf 76' lang='grc' dir='ltr'><strong>καὶ</strong></span> <span class='ocrx_word' id='word_1_464' title='bbox 860 3342 958 3412; x_wconf 84' lang='grc' dir='ltr'><strong>τὴν</strong></span> <span class='ocrx_word' id='word_1_465' title='bbox 997 3342 1206 3413; x_wconf 80' lang='grc' dir='ltr'>αἵρεσιν</span> <span class='ocrx_word' id='word_1_466' title='bbox 1260 3340 1578 3412; x_wconf 79' lang='grc' dir='ltr'>ὲκκηρύξω-</span> 
     </span>
    </p>
   </div>
   <div class='ocr_carea' id='block_1_63' title="bbox 43 3432 1576 3504">
    <p class='ocr_par' dir='ltr' id='par_1_63' title="bbox 43 3432 1576 3504">
     <span class='ocr_line' id='line_1_64' title="bbox 43 3432 1576 3504; baseline 0.001 -22"><span class='ocrx_word' id='word_1_467' title='bbox 43 3446 85 3482; x_wconf 86' lang='grc' dir='ltr'><strong>σι</strong></span> <span class='ocrx_word' id='word_1_468' title='bbox 121 3432 242 3501; x_wconf 72' lang='grc'>(48),</span> <span class='ocrx_word' id='word_1_469' title='bbox 289 3435 390 3486; x_wconf 77' lang='grc' dir='ltr'>καὶ</span> <span class='ocrx_word' id='word_1_470' title='bbox 443 3436 562 3496; x_wconf 82' lang='grc' dir='ltr'>ταῖς</span> <span class='ocrx_word' id='word_1_471' title='bbox 598 3433 940 3504; x_wconf 80' lang='grc' dir='ltr'>Ἑκκλησίαις</span> <span class='ocrx_word' id='word_1_472' title='bbox 990 3434 1058 3486; x_wconf 75' lang='grc' dir='ltr'>τὰ</span> <span class='ocrx_word' id='word_1_473' title='bbox 1110 3432 1358 3504; x_wconf 80' lang='grc' dir='ltr'>εἰρηνικά</span> <span class='ocrx_word' id='word_1_474' title='bbox 1400 3432 1576 3486; x_wconf 83' lang='grc' dir='ltr'>διαλὲ-</span> 
     </span>
    </p>
   </div>
   <div class='ocr_carea' id='block_1_64' title="bbox 39 3522 1576 3596">
    <p class='ocr_par' dir='ltr' id='par_1_64' title="bbox 39 3522 1576 3596">
     <span class='ocr_line' id='line_1_65' title="bbox 39 3522 1576 3596; baseline 0.001 -22"><span class='ocrx_word' id='word_1_475' title='bbox 39 3522 208 3586; x_wconf 69' lang='grc' dir='ltr'>ξονται,</span> <span class='ocrx_word' id='word_1_476' title='bbox 231 3526 360 3588; x_wconf 68' lang='grc' dir='ltr'>τοὺς</span> <span class='ocrx_word' id='word_1_477' title='bbox 385 3525 456 3577; x_wconf 77' lang='grc' dir='ltr'><strong>τά</strong></span> <span class='ocrx_word' id='word_1_478' title='bbox 497 3524 635 3578; x_wconf 73' lang='grc' dir='ltr'>αὐτὰ</span> <span class='ocrx_word' id='word_1_479' title='bbox 657 3524 983 3596; x_wconf 81' lang='grc' dir='ltr'>φρονοῦντας</span> <span class='ocrx_word' id='word_1_480' title='bbox 1018 3525 1334 3592; x_wconf 84' lang='grc' dir='ltr'>συνάγοντες</span> <span class='ocrx_word' id='word_1_481' title='bbox 1360 3524 1471 3594; x_wconf 72' lang='grc'>(49)</span> <span class='ocrx_word' id='word_1_482' title='bbox 1499 3525 1576 3587; x_wconf 85' lang='grc' dir='ltr'><strong>είς</strong></span> 
     </span>
    </p>
   </div>
   <div class='ocr_carea' id='block_1_65' title="bbox 37 3613 1573 3686">
    <p class='ocr_par' dir='ltr' id='par_1_65' title="bbox 37 3613 1573 3686">
     <span class='ocr_line' id='line_1_66' title="bbox 37 3613 1573 3686; baseline 0.001 -21"><span class='ocrx_word' id='word_1_483' title='bbox 37 3616 273 3682; x_wconf 60' lang='grc' dir='ltr'>ὁμόνοιαν.</span> <span class='ocrx_word' id='word_1_484' title='bbox 299 3615 478 3668; x_wconf 75' lang='grc' dir='ltr'>Τοῦτο</span> <span class='ocrx_word' id='word_1_485' title='bbox 506 3615 614 3686; x_wconf 84' lang='grc' dir='ltr'><strong>γὰρ</strong></span> <span class='ocrx_word' id='word_1_486' title='bbox 651 3615 818 3685; x_wconf 79' lang='grc' dir='ltr'>δήπου</span> <span class='ocrx_word' id='word_1_487' title='bbox 851 3615 910 3668; x_wconf 85' lang='grc' dir='ltr'><strong>τὺ</strong></span> <span class='ocrx_word' id='word_1_488' title='bbox 937 3615 1150 3668; x_wconf 87' lang='grc' dir='ltr'>πάντων</span> <span class='ocrx_word' id='word_1_489' title='bbox 1192 3613 1573 3675; x_wconf 82' lang='grc' dir='ltr'>ὲλεεινότατον,</span> 
     </span>
    </p>
   </div>
   <div class='ocr_carea' id='block_1_66' title="bbox 37 3696 1576 3776">
    <p class='ocr_par' dir='ltr' id='par_1_66' title="bbox 37 3696 1576 3776">
     <span class='ocr_line' id='line_1_67' title="bbox 37 3696 1576 3776; baseline -0.001 -19"><span class='ocrx_word' id='word_1_490' title='bbox 37 3706 100 3758; x_wconf 74' lang='grc' dir='ltr'>ὃτι</span> <span class='ocrx_word' id='word_1_491' title='bbox 125 3707 210 3759; x_wconf 72' lang='grc' dir='ltr'>καὶ</span> <span class='ocrx_word' id='word_1_492' title='bbox 231 3708 293 3760; x_wconf 74' lang='grc' dir='ltr'>τὸ</span> <span class='ocrx_word' id='word_1_493' title='bbox 331 3706 530 3760; x_wconf 85' lang='grc' dir='ltr'>δοκοῦν</span> <span class='ocrx_word' id='word_1_494' title='bbox 551 3705 814 3774; x_wconf 82' lang='grc' dir='ltr'>ὑγιαίνειν</span> <span class='ocrx_word' id='word_1_495' title='bbox 839 3708 922 3776; x_wconf 77' lang='grc' dir='ltr'><strong>ἐφ’</strong></span> <span class='ocrx_word' id='word_1_496' title='bbox 955 3704 1118 3759; x_wconf 76' lang='grc' dir='ltr'>ἑαυτὸ</span> <span class='ocrx_word' id='word_1_497' title='bbox 1153 3696 1448 3776; x_wconf 77' lang='grc' dir='ltr'>ἐμερίσθηό</span> <span class='ocrx_word' id='word_1_498' title='bbox 1481 3705 1576 3757; x_wconf 72' lang='grc' dir='ltr'><strong>καὶ</strong></span> 
     </span>
    </p>
   </div>
   <div class='ocr_carea' id='block_1_67' title="bbox 36 3795 1577 3870">
    <p class='ocr_par' dir='ltr' id='par_1_67' title="bbox 36 3795 1577 3870">
     <span class='ocr_line' id='line_1_68' title="bbox 36 3795 1577 3870; baseline 0.001 -23"><span class='ocrx_word' id='word_1_499' title='bbox 36 3800 375 3868; x_wconf 72' lang='grc' dir='ltr'>περιέστηκεν</span> <span class='ocrx_word' id='word_1_500' title='bbox 407 3801 572 3870; x_wconf 77' lang='grc' dir='ltr'>ἡμᾶς,</span> <span class='ocrx_word' id='word_1_501' title='bbox 600 3800 676 3862; x_wconf 85' lang='grc' dir='ltr'>ὡς</span> <span class='ocrx_word' id='word_1_502' title='bbox 706 3798 868 3863; x_wconf 76' lang='grc' dir='ltr'>ἔοικε,</span> <span class='ocrx_word' id='word_1_503' title='bbox 895 3797 1249 3867; x_wconf 87' lang='grc' dir='ltr'>παραπλήσια</span> <span class='ocrx_word' id='word_1_504' title='bbox 1285 3795 1430 3867; x_wconf 85' lang='grc' dir='ltr'>πάθη</span> <span class='ocrx_word' id='word_1_505' title='bbox 1463 3799 1577 3859; x_wconf 82' lang='grc' dir='ltr'>τοῖς</span> 
     </span>
    </p>
   </div>
   <div class='ocr_carea' id='block_1_68' title="bbox 34 3885 1577 3959">
    <p class='ocr_par' dir='ltr' id='par_1_68' title="bbox 34 3885 1577 3959">
     <span class='ocr_line' id='line_1_69' title="bbox 34 3885 1577 3959; baseline 0.003 -24"><span class='ocrx_word' id='word_1_506' title='bbox 34 3885 136 3936; x_wconf 74' lang='grc' dir='ltr'>τοτὲ</span> <span class='ocrx_word' id='word_1_507' title='bbox 161 3889 306 3941; x_wconf 75' lang='grc' dir='ltr'>κατὰ</span> <span class='ocrx_word' id='word_1_508' title='bbox 326 3889 435 3959; x_wconf 80' lang='grc' dir='ltr'><strong>τὴν</strong></span> <span class='ocrx_word' id='word_1_509' title='bbox 467 3887 874 3942; x_wconf 77' lang='grc' dir='ltr'>Οὐεσπασιανοῦ</span> <span class='ocrx_word' id='word_1_510' title='bbox 910 3887 1222 3958; x_wconf 87' lang='grc' dir='ltr'>πολιορκίαν</span> <span class='ocrx_word' id='word_1_511' title='bbox 1246 3887 1315 3941; x_wconf 88' lang='grc' dir='ltr'><strong>τά</strong></span> <span class='ocrx_word' id='word_1_512' title='bbox 1351 3888 1577 3958; x_wconf 80' lang='grc' dir='ltr'>Ἱεροσό-</span> 
     </span>
    </p>
   </div>
   <div class='ocr_carea' id='block_1_69' title="bbox 28 3974 1576 4050">
    <p class='ocr_par' dir='ltr' id='par_1_69' title="bbox 28 3974 1576 4050">
     <span class='ocr_line' id='line_1_70' title="bbox 28 3974 1576 4050; baseline 0.003 -23"><span class='ocrx_word' id='word_1_513' title='bbox 28 3974 146 4045; x_wconf 73' lang='grc' dir='ltr'>λυμα</span> <span class='ocrx_word' id='word_1_514' title='bbox 174 3979 558 4050; x_wconf 82' lang='grc' dir='ltr'>περισχοῦσιν.</span> <span class='ocrx_word' id='word_1_515' title='bbox 587 3979 812 4034; x_wconf 85' lang='grc' dir='ltr'>Ἐκείνοί</span> <span class='ocrx_word' id='word_1_516' title='bbox 838 3996 898 4032; x_wconf 88' lang='grc' dir='ltr'><strong>τε</strong></span> <span class='ocrx_word' id='word_1_517' title='bbox 925 3978 1032 4049; x_wconf 86' lang='grc' dir='ltr'><strong>γὰρ</strong></span> <span class='ocrx_word' id='word_1_518' title='bbox 1059 3978 1196 4049; x_wconf 81' lang='grc' dir='ltr'>ὁμοῦ</span> <span class='ocrx_word' id='word_1_519' title='bbox 1226 3979 1322 4050; x_wconf 84' lang='grc' dir='ltr'>μὲν</span> <span class='ocrx_word' id='word_1_520' title='bbox 1345 3979 1420 4048; x_wconf 84' lang='grc' dir='ltr'>τῷ</span> <span class='ocrx_word' id='word_1_521' title='bbox 1446 3979 1576 4046; x_wconf 77' lang='grc' dir='ltr'><strong>ἔξω·</strong></span> 
     </span>
    </p>
   </div>
   <div class='ocr_carea' id='block_1_70' title="bbox 31 4064 1574 4142">
    <p class='ocr_par' dir='ltr' id='par_1_70' title="bbox 31 4064 1574 4142">
     <span class='ocr_line' id='line_1_71' title="bbox 31 4064 1574 4142; baseline 0.004 -24"><span class='ocrx_word' id='word_1_522' title='bbox 31 4064 101 4119; x_wconf 79' lang='grc' dir='ltr'><strong>θεν</strong></span> <span class='ocrx_word' id='word_1_523' title='bbox 136 4071 451 4142; x_wconf 80' lang='grc' dir='ltr'>συνείχοντο</span> <span class='ocrx_word' id='word_1_524' title='bbox 496 4071 746 4142; x_wconf 81' lang='grc' dir='ltr'>πολέμῳ,</span> <span class='ocrx_word' id='word_1_525' title='bbox 800 4071 934 4142; x_wconf 82' lang='grc' dir='ltr'>ὁμοῦ</span> <span class='ocrx_word' id='word_1_526' title='bbox 988 4072 1045 4125; x_wconf 82' lang='grc' dir='ltr'>δὲ</span> <span class='ocrx_word' id='word_1_527' title='bbox 1094 4071 1188 4125; x_wconf 64' lang='grc' dir='ltr'><strong>καὶ⁹</strong></span> <span class='ocrx_word' id='word_1_528' title='bbox 1238 4073 1308 4142; x_wconf 80' lang='grc' dir='ltr'><strong>τῇ</strong></span> <span class='ocrx_word' id='word_1_529' title='bbox 1365 4070 1574 4124; x_wconf 75' lang='grc' dir='ltr'>ἔνδοθεν</span> 
     </span>
    </p>
   </div>
   <div class='ocr_carea' id='block_1_71' title="bbox 27 4159 1575 4234">
    <p class='ocr_par' dir='ltr' id='par_1_71' title="bbox 27 4159 1575 4234">
     <span class='ocr_line' id='line_1_72' title="bbox 27 4159 1575 4234; baseline 0.002 -25"><span class='ocrx_word' id='word_1_530' title='bbox 27 4160 179 4212; x_wconf 71' lang='grc' dir='ltr'>στάσει</span> <span class='ocrx_word' id='word_1_531' title='bbox 208 4161 326 4214; x_wconf 85' lang='grc' dir='ltr'><strong>τῶν</strong></span> <span class='ocrx_word' id='word_1_532' title='bbox 357 4160 652 4232; x_wconf 75' lang='grc' dir='ltr'>ὁμοφύλων</span> <span class='ocrx_word' id='word_1_533' title='bbox 673 4159 1146 4234; x_wconf 84' lang='grc' dir='ltr'>κατανηλίσκοντο.</span> <span class='ocrx_word' id='word_1_534' title='bbox 1175 4160 1332 4232; x_wconf 83' lang='grc' dir='ltr'>Ἡμῖν</span> <span class='ocrx_word' id='word_1_535' title='bbox 1360 4159 1415 4213; x_wconf 84' lang='grc' dir='ltr'>δὲ</span> <span class='ocrx_word' id='word_1_536' title='bbox 1441 4161 1575 4232; x_wconf 83' lang='grc' dir='ltr'>πρὸς</span> 
     </span>
    </p>
   </div>
   <div class='ocr_carea' id='block_1_72' title="bbox 28 4245 1574 4322">
    <p class='ocr_par' dir='ltr' id='par_1_72' title="bbox 28 4245 1574 4322">
     <span class='ocr_line' id='line_1_73' title="bbox 28 4245 1574 4322; baseline 0.001 -22"><span class='ocrx_word' id='word_1_537' title='bbox 108 4248 324 4320; x_wconf 63' lang='grc' dir='ltr'>φανερῷ</span> <span class='ocrx_word' id='word_1_538' title='bbox 358 4250 588 4320; x_wconf 76' lang='grc' dir='ltr'>πολέμῳ</span> <span class='ocrx_word' id='word_1_539' title='bbox 612 4250 718 4304; x_wconf 83' lang='grc' dir='ltr'>τῶν</span> <span class='ocrx_word' id='word_1_540' title='bbox 756 4249 1048 4322; x_wconf 85' lang='grc' dir='ltr'>αἱρετικῶν</span> <span class='ocrx_word' id='word_1_541' title='bbox 1096 4249 1176 4302; x_wconf 76' lang='grc' dir='ltr'>ἔτι</span> <span class='ocrx_word' id='word_1_542' title='bbox 1207 4249 1302 4304; x_wconf 77' lang='grc' dir='ltr'><strong>καὶ</strong></span> <span class='ocrx_word' id='word_1_543' title='bbox 1348 4250 1377 4303; x_wconf 86' lang='grc' dir='ltr'><strong>ὀ</strong></span> <span class='ocrx_word' id='word_1_544' title='bbox 1424 4249 1574 4320; x_wconf 75' lang='grc' dir='ltr'>παρά</span> 
     </span>
    </p>
   </div>
   <div class='ocr_carea' id='block_1_73' title="bbox 21 4338 1574 4412">
    <p class='ocr_par' dir='ltr' id='par_1_73' title="bbox 21 4338 1574 4412">
     <span class='ocr_line' id='line_1_74' title="bbox 21 4338 1574 4412; baseline 0.002 -23"><span class='ocrx_word' id='word_1_545' title='bbox 21 4338 104 4389; x_wconf 68' lang='grc' dir='ltr'>τῶν</span> <span class='ocrx_word' id='word_1_546' title='bbox 154 4340 473 4394; x_wconf 73' lang='grc' dir='ltr'>δοκούντων</span> <span class='ocrx_word' id='word_1_547' title='bbox 521 4341 821 4412; x_wconf 79' lang='grc' dir='ltr'>ὀρθοδοξεῖν</span> <span class='ocrx_word' id='word_1_548' title='bbox 864 4341 975 4412; x_wconf 81' lang='grc'>(50)</span> <span class='ocrx_word' id='word_1_549' title='bbox 1037 4340 1348 4404; x_wconf 74' lang='grc' dir='ltr'>ἐπαναστὰς</span> <span class='ocrx_word' id='word_1_550' title='bbox 1373 4379 1388 4405; x_wconf 92' lang='grc'><strong>,</strong></span> <span class='ocrx_word' id='word_1_551' title='bbox 1435 4340 1574 4410; x_wconf 79' lang='grc' dir='ltr'>πρὸς</span> 
     </span>
    </p>
   </div>
   <div class='ocr_carea' id='block_1_74' title="bbox 1678 3153 3235 3224">
    <p class='ocr_par' dir='ltr' id='par_1_74' title="bbox 1678 3153 3235 3224">
     <span class='ocr_line' id='line_1_75' title="bbox 1678 3153 3235 3224; baseline 0.003 -16"><span class='ocrx_word' id='word_1_552' title='bbox 1678 3153 1890 3224; x_wconf 88' lang='lat' dir='ltr'><strong>pondus</strong></span> <span class='ocrx_word' id='word_1_553' title='bbox 1923 3160 2084 3222; x_wconf 86' lang='lat' dir='ltr'><strong>atque</strong></span> <span class='ocrx_word' id='word_1_554' title='bbox 2107 3154 2481 3207; x_wconf 90' lang='lat' dir='ltr'><strong>auctoritatem</strong></span> <span class='ocrx_word' id='word_1_555' title='bbox 2515 3153 2582 3208; x_wconf 88' lang='lat' dir='ltr'><strong>ad</strong></span> <span class='ocrx_word' id='word_1_556' title='bbox 2613 3169 2700 3210; x_wconf 87' lang='lat' dir='ltr'><strong>res</strong></span> <span class='ocrx_word' id='word_1_557' title='bbox 2731 3157 3098 3212; x_wconf 86' lang='lat' dir='ltr'><strong>emendandas</strong></span> <span class='ocrx_word' id='word_1_558' title='bbox 3135 3159 3235 3212; x_wconf 85' lang='lat' dir='ltr'><strong>ba-</strong></span> 
     </span>
    </p>
   </div>
   <div class='ocr_carea' id='block_1_75' title="bbox 1677 3243 3234 3315">
    <p class='ocr_par' dir='ltr' id='par_1_75' title="bbox 1677 3243 3234 3315">
     <span class='ocr_line' id='line_1_76' title="bbox 1677 3243 3234 3315; baseline 0.003 -15"><span class='ocrx_word' id='word_1_559' title='bbox 1677 3245 1838 3300; x_wconf 87' lang='lat' dir='ltr'><strong>beant</strong></span> <span class='ocrx_word' id='word_1_560' title='bbox 1865 3265 1878 3300; x_wconf 90' lang='lat'><strong>:</strong></span> <span class='ocrx_word' id='word_1_561' title='bbox 1905 3246 1995 3315; x_wconf 89' lang='lat' dir='ltr'><strong>qui</strong></span> <span class='ocrx_word' id='word_1_562' title='bbox 2033 3254 2086 3300; x_wconf 88' lang='lat' dir='ltr'><strong>et</strong></span> <span class='ocrx_word' id='word_1_563' title='bbox 2130 3246 2282 3299; x_wconf 78' lang='lat' dir='ltr'><strong>[idem</strong></span> <span class='ocrx_word' id='word_1_564' title='bbox 2327 3245 2382 3298; x_wconf 91' lang='lat' dir='ltr'><strong>in</strong></span> <span class='ocrx_word' id='word_1_565' title='bbox 2429 3243 2606 3299; x_wconf 71' lang='lat' dir='ltr'><strong>Nicaea</strong></span> <span class='ocrx_word' id='word_1_566' title='bbox 2655 3260 2686 3298; x_wconf 92' lang='lat' dir='ltr'><strong>a</strong></span> <span class='ocrx_word' id='word_1_567' title='bbox 2740 3247 2944 3302; x_wconf 91' lang='lat' dir='ltr'><strong>nostris</strong></span> <span class='ocrx_word' id='word_1_568' title='bbox 2988 3246 3234 3305; x_wconf 85' lang='lat' dir='ltr'><strong>Patribus</strong></span> 
     </span>
    </p>
   </div>
   <div class='ocr_carea' id='block_1_76' title="bbox 1677 3336 3234 3408">
    <p class='ocr_par' dir='ltr' id='par_1_76' title="bbox 1677 3336 3234 3408">
     <span class='ocr_line' id='line_1_77' title="bbox 1677 3336 3234 3408; baseline 0.002 -16"><span class='ocrx_word' id='word_1_569' title='bbox 1677 3339 1937 3408; x_wconf 87' lang='lat' dir='ltr'><strong>scriptam</strong></span> <span class='ocrx_word' id='word_1_570' title='bbox 1991 3337 2321 3400; x_wconf 87' lang='lat' dir='ltr'><strong>instaurent,</strong></span> <span class='ocrx_word' id='word_1_571' title='bbox 2375 3344 2428 3392; x_wconf 89' lang='lat' dir='ltr'><strong>et</strong></span> <span class='ocrx_word' id='word_1_572' title='bbox 2478 3336 2726 3392; x_wconf 62' lang='lat' dir='ltr'><strong>haeresim</strong></span> <span class='ocrx_word' id='word_1_573' title='bbox 2773 3341 3138 3407; x_wconf 83' lang='lat' dir='ltr'><strong>proscribant,</strong></span> <span class='ocrx_word' id='word_1_574' title='bbox 3179 3349 3234 3396; x_wconf 90' lang='lat' dir='ltr'><strong>et</strong></span> 
     </span>
    </p>
   </div>
   <div class='ocr_carea' id='block_1_77' title="bbox 1678 3429 3231 3500">
    <p class='ocr_par' dir='ltr' id='par_1_77' title="bbox 1678 3429 3231 3500">
     <span class='ocr_line' id='line_1_78' title="bbox 1678 3429 3231 3500; baseline 0.003 -17"><span class='ocrx_word' id='word_1_575' title='bbox 1678 3429 1936 3485; x_wconf 83' lang='lat' dir='ltr'><strong>Ecclesiis</strong></span> <span class='ocrx_word' id='word_1_576' title='bbox 1969 3430 2260 3499; x_wconf 89' lang='lat' dir='ltr'><strong>loquantur</strong></span> <span class='ocrx_word' id='word_1_577' title='bbox 2292 3431 2536 3499; x_wconf 75' lang='lat' dir='ltr'><strong>pacifica,</strong></span> <span class='ocrx_word' id='word_1_578' title='bbox 2563 3446 2657 3485; x_wconf 91' lang='lat' dir='ltr'><strong>eos</strong></span> <span class='ocrx_word' id='word_1_579' title='bbox 2685 3431 2775 3500; x_wconf 93' lang='lat' dir='ltr'><strong>qui</strong></span> <span class='ocrx_word' id='word_1_580' title='bbox 2807 3431 2947 3485; x_wconf 89' lang='lat' dir='ltr'><strong>idem</strong></span> <span class='ocrx_word' id='word_1_581' title='bbox 2973 3434 3231 3498; x_wconf 87' lang='lat' dir='ltr'><strong>sentiunt,</strong></span> 
     </span>
    </p>
   </div>
   <div class='ocr_carea' id='block_1_78' title="bbox 1676 3519 3235 3594">
    <p class='ocr_par' dir='ltr' id='par_1_78' title="bbox 1676 3519 3235 3594">
     <span class='ocr_line' id='line_1_79' title="bbox 1676 3519 3235 3594; baseline 0.003 -22"><span class='ocrx_word' id='word_1_582' title='bbox 1676 3519 1743 3574; x_wconf 90' lang='lat' dir='ltr'><strong>ad</strong></span> <span class='ocrx_word' id='word_1_583' title='bbox 1792 3521 2139 3573; x_wconf 86' lang='lat' dir='ltr'><strong>concordiam</strong></span> <span class='ocrx_word' id='word_1_584' title='bbox 2194 3519 2548 3575; x_wconf 89' lang='lat' dir='ltr'><strong>adducentes.</strong></span> <span class='ocrx_word' id='word_1_585' title='bbox 2615 3519 2730 3574; x_wconf 79' lang='lat' dir='ltr'><strong>Hoc</strong></span> <span class='ocrx_word' id='word_1_586' title='bbox 2788 3522 2931 3576; x_wconf 86' lang='lat' dir='ltr'><strong>enim</strong></span> <span class='ocrx_word' id='word_1_587' title='bbox 2989 3524 3235 3594; x_wconf 86' lang='lat' dir='ltr'><strong>profecto</strong></span> 
     </span>
    </p>
   </div>
   <div class='ocr_carea' id='block_1_79' title="bbox 1675 3612 3233 3686">
    <p class='ocr_par' dir='ltr' id='par_1_79' title="bbox 1675 3612 3233 3686">
     <span class='ocr_line' id='line_1_80' title="bbox 1675 3612 3233 3686; baseline 0.001 -18"><span class='ocrx_word' id='word_1_588' title='bbox 1675 3613 1918 3668; x_wconf 92' lang='lat' dir='ltr'><strong>omnium</strong></span> <span class='ocrx_word' id='word_1_589' title='bbox 1952 3612 2187 3667; x_wconf 84' lang='lat' dir='ltr'><strong>maxime</strong></span> <span class='ocrx_word' id='word_1_590' title='bbox 2211 3612 2433 3681; x_wconf 91' lang='lat' dir='ltr'><strong>dignum</strong></span> <span class='ocrx_word' id='word_1_591' title='bbox 2470 3621 2554 3666; x_wconf 89' lang='lat' dir='ltr'><strong>est</strong></span> <span class='ocrx_word' id='word_1_592' title='bbox 2590 3613 2962 3677; x_wconf 86' lang='lat' dir='ltr'><strong>miseratione,</strong></span> <span class='ocrx_word' id='word_1_593' title='bbox 2992 3616 3135 3686; x_wconf 92' lang='lat' dir='ltr'><strong>quod</strong></span> <span class='ocrx_word' id='word_1_594' title='bbox 3178 3626 3233 3672; x_wconf 89' lang='lat' dir='ltr'><strong>et</strong></span> 
     </span>
    </p>
   </div>
   <div class='ocr_carea' id='block_1_80' title="bbox 1673 3703 3233 3778">
    <p class='ocr_par' dir='ltr' id='par_1_80' title="bbox 1673 3703 3233 3778">
     <span class='ocr_line' id='line_1_81' title="bbox 1673 3703 3233 3778; baseline 0.003 -18"><span class='ocrx_word' id='word_1_595' title='bbox 1673 3720 1736 3760; x_wconf 90' lang='lat' dir='ltr'><strong>ea</strong></span> <span class='ocrx_word' id='word_1_596' title='bbox 1769 3720 1894 3774; x_wconf 84' lang='lat' dir='ltr'><strong>pars</strong></span> <span class='ocrx_word' id='word_1_597' title='bbox 1918 3719 2038 3774; x_wconf 80' lang='lat' dir='ltr'><strong>quae</strong></span> <span class='ocrx_word' id='word_1_598' title='bbox 2067 3703 2280 3758; x_wconf 87' lang='lat' dir='ltr'><strong>videtur</strong></span> <span class='ocrx_word' id='word_1_599' title='bbox 2304 3718 2426 3759; x_wconf 87' lang='lat' dir='ltr'><strong>esse</strong></span> <span class='ocrx_word' id='word_1_600' title='bbox 2447 3719 2600 3767; x_wconf 87' lang='lat' dir='ltr'><strong>sana,</strong></span> <span class='ocrx_word' id='word_1_601' title='bbox 2632 3705 2808 3760; x_wconf 87' lang='lat' dir='ltr'><strong>divisa</strong></span> <span class='ocrx_word' id='word_1_602' title='bbox 2855 3707 3018 3778; x_wconf 77' lang='lat'><strong>186</strong></span> <span class='ocrx_word' id='word_1_603' title='bbox 3061 3715 3144 3763; x_wconf 86' lang='lat' dir='ltr'><strong>est</strong></span> <span class='ocrx_word' id='word_1_604' title='bbox 3177 3709 3233 3764; x_wconf 82' lang='lat' dir='ltr'><strong>in</strong></span> 
     </span>
    </p>
   </div>
   <div class='ocr_carea' id='block_1_81' title="bbox 1676 3778 3232 3866">
    <p class='ocr_par' dir='ltr' id='par_1_81' title="bbox 1676 3778 3232 3866">
     <span class='ocr_line' id='line_1_82' title="bbox 1676 3778 3232 3866; baseline 0.003 -14"><span class='ocrx_word' id='word_1_605' title='bbox 1676 3778 2025 3866; x_wconf 84' lang='lat' dir='ltr'><strong>semetipsam</strong></span> <span class='ocrx_word' id='word_1_606' title='bbox 2071 3813 2086 3849; x_wconf 88' lang='lat'><strong>:</strong></span> <span class='ocrx_word' id='word_1_607' title='bbox 2131 3810 2196 3851; x_wconf 88' lang='lat' dir='ltr'><strong>ac</strong></span> <span class='ocrx_word' id='word_1_608' title='bbox 2245 3810 2344 3850; x_wconf 78' lang='lat' dir='ltr'><strong>nos</strong></span> <span class='ocrx_word' id='word_1_609' title='bbox 2379 3795 2773 3859; x_wconf 87' lang='lat' dir='ltr'><strong>circumstant,</strong></span> <span class='ocrx_word' id='word_1_610' title='bbox 2829 3807 2889 3851; x_wconf 90' lang='lat' dir='ltr'><strong>ut</strong></span> <span class='ocrx_word' id='word_1_611' title='bbox 2942 3799 3232 3856; x_wconf 82' lang='lat' dir='ltr'><strong>verisimile</strong></span> 
     </span>
    </p>
   </div>
   <div class='ocr_carea' id='block_1_82' title="bbox 1673 3889 3229 3964">
    <p class='ocr_par' dir='ltr' id='par_1_82' title="bbox 1673 3889 3229 3964">
     <span class='ocr_line' id='line_1_83' title="bbox 1673 3889 3229 3964; baseline 0 -18"><span class='ocrx_word' id='word_1_612' title='bbox 1673 3899 1780 3956; x_wconf 90' lang='lat' dir='ltr'><strong>est,</strong></span> <span class='ocrx_word' id='word_1_613' title='bbox 1829 3890 2036 3946; x_wconf 88' lang='lat' dir='ltr'><strong>similes</strong></span> <span class='ocrx_word' id='word_1_614' title='bbox 2087 3889 2427 3946; x_wconf 87' lang='lat' dir='ltr'><strong>calamitates</strong></span> <span class='ocrx_word' id='word_1_615' title='bbox 2458 3890 2563 3955; x_wconf 86' lang='lat' dir='ltr'><strong>bis,</strong></span> <span class='ocrx_word' id='word_1_616' title='bbox 2593 3907 2714 3961; x_wconf 69' lang='lat' dir='ltr'><strong>quae</strong></span> <span class='ocrx_word' id='word_1_617' title='bbox 2754 3892 2883 3946; x_wconf 91' lang='lat' dir='ltr'><strong>olim</strong></span> <span class='ocrx_word' id='word_1_618' title='bbox 2921 3890 3229 3964; x_wconf 80' lang='lat' dir='ltr'><strong>Hierosoly-</strong></span> 
     </span>
    </p>
   </div>
   <div class='ocr_carea' id='block_1_83' title="bbox 1673 3979 3230 4053">
    <p class='ocr_par' dir='ltr' id='par_1_83' title="bbox 1673 3979 3230 4053">
     <span class='ocr_line' id='line_1_84' title="bbox 1673 3979 3230 4053; baseline 0.001 -15"><span class='ocrx_word' id='word_1_619' title='bbox 1673 3983 1800 4047; x_wconf 85' lang='lat' dir='ltr'><strong>mis,</strong></span> <span class='ocrx_word' id='word_1_620' title='bbox 1841 3979 2178 4053; x_wconf 80' lang='lat' dir='ltr'><strong>Vespasiano</strong></span> <span class='ocrx_word' id='word_1_621' title='bbox 2221 3981 2527 4043; x_wconf 84' lang='lat' dir='ltr'><strong>obsidente.</strong></span> <span class='ocrx_word' id='word_1_622' title='bbox 2577 3983 2912 4038; x_wconf 90' lang='lat' dir='ltr'><strong>acciderunt.</strong></span> <span class='ocrx_word' id='word_1_623' title='bbox 2963 3984 3042 4038; x_wconf 89' lang='lat' dir='ltr'><strong>Illi</strong></span> <span class='ocrx_word' id='word_1_624' title='bbox 3084 3987 3230 4041; x_wconf 89' lang='lat' dir='ltr'><strong>enim</strong></span> 
     </span>
    </p>
   </div>
   <div class='ocr_carea' id='block_1_84' title="bbox 1674 4059 3234 4144">
    <p class='ocr_par' dir='ltr' id='par_1_84' title="bbox 1674 4059 3234 4144">
     <span class='ocr_line' id='line_1_85' title="bbox 1674 4059 3234 4144; baseline 0.001 -14"><span class='ocrx_word' id='word_1_625' title='bbox 1674 4075 1836 4130; x_wconf 87' lang='lat' dir='ltr'><strong>simul</strong></span> <span class='ocrx_word' id='word_1_626' title='bbox 1876 4081 1930 4130; x_wconf 89' lang='lat' dir='ltr'><strong>et</strong></span> <span class='ocrx_word' id='word_1_627' title='bbox 1975 4080 2200 4128; x_wconf 88' lang='lat' dir='ltr'><strong>externo</strong></span> <span class='ocrx_word' id='word_1_628' title='bbox 2228 4074 2613 4144; x_wconf 86' lang='lat' dir='ltr'><strong>premebantur</strong></span> <span class='ocrx_word' id='word_1_629' title='bbox 2641 4075 2804 4142; x_wconf 89' lang='lat' dir='ltr'><strong>bello,</strong></span> <span class='ocrx_word' id='word_1_630' title='bbox 2837 4083 2892 4130; x_wconf 92' lang='lat' dir='ltr'><strong>et</strong></span> <span class='ocrx_word' id='word_1_631' title='bbox 2934 4059 3234 4133; x_wconf 76' lang='lat' dir='ltr'><strong>domestica</strong></span> 
     </span>
    </p>
   </div>
   <div class='ocr_carea' id='block_1_85' title="bbox 1674 4166 3227 4237">
    <p class='ocr_par' dir='ltr' id='par_1_85' title="bbox 1674 4166 3227 4237">
     <span class='ocr_line' id='line_1_86' title="bbox 1674 4166 3227 4237; baseline 0.002 -15"><span class='ocrx_word' id='word_1_632' title='bbox 1674 4167 1953 4222; x_wconf 86' lang='lat' dir='ltr'><strong>tribulium</strong></span> <span class='ocrx_word' id='word_1_633' title='bbox 1997 4166 2264 4221; x_wconf 87' lang='lat' dir='ltr'><strong>seditione</strong></span> <span class='ocrx_word' id='word_1_634' title='bbox 2312 4166 2759 4225; x_wconf 85' lang='lat' dir='ltr'><strong>absumebantur.</strong></span> <span class='ocrx_word' id='word_1_635' title='bbox 2797 4168 2957 4237; x_wconf 75' lang='lat' dir='ltr'><strong>Apud</strong></span> <span class='ocrx_word' id='word_1_636' title='bbox 3000 4185 3101 4225; x_wconf 89' lang='lat' dir='ltr'><strong>nos</strong></span> <span class='ocrx_word' id='word_1_637' title='bbox 3132 4185 3227 4224; x_wconf 78' lang='lat' dir='ltr'><strong>au-</strong></span> 
     </span>
    </p>
   </div>
   <div class='ocr_carea' id='block_1_86' title="bbox 1673 4257 3228 4328">
    <p class='ocr_par' dir='ltr' id='par_1_86' title="bbox 1673 4257 3228 4328">
     <span class='ocr_line' id='line_1_87' title="bbox 1673 4257 3228 4328; baseline 0.003 -16"><span class='ocrx_word' id='word_1_638' title='bbox 1673 4265 1814 4326; x_wconf 88' lang='lat' dir='ltr'><strong>tem,</strong></span> <span class='ocrx_word' id='word_1_639' title='bbox 1872 4266 2068 4328; x_wconf 68' lang='lat' dir='ltr'><strong>praeter</strong></span> <span class='ocrx_word' id='word_1_640' title='bbox 2111 4266 2354 4328; x_wconf 89' lang='lat' dir='ltr'><strong>apertum</strong></span> <span class='ocrx_word' id='word_1_641' title='bbox 2403 4257 2775 4313; x_wconf 67' lang='lat' dir='ltr'><strong>haereticorum</strong></span> <span class='ocrx_word' id='word_1_642' title='bbox 2822 4259 3053 4326; x_wconf 88' lang='lat' dir='ltr'><strong>bellum,</strong></span> <span class='ocrx_word' id='word_1_643' title='bbox 3085 4261 3228 4316; x_wconf 89' lang='lat' dir='ltr'><strong>aliud</strong></span> 
     </span>
    </p>
   </div>
   <div class='ocr_carea' id='block_1_87' title="bbox 1673 4347 3231 4422">
    <p class='ocr_par' dir='ltr' id='par_1_87' title="bbox 1673 4347 3231 4422">
     <span class='ocr_line' id='line_1_88' title="bbox 1673 4347 3231 4422; baseline 0.001 -20"><span class='ocrx_word' id='word_1_644' title='bbox 1673 4359 1930 4422; x_wconf 66' lang='lat' dir='ltr'><strong>praeterea</strong></span> <span class='ocrx_word' id='word_1_645' title='bbox 1957 4347 2027 4403; x_wconf 88' lang='lat' dir='ltr'><strong>ab</strong></span> <span class='ocrx_word' id='word_1_646' title='bbox 2054 4347 2144 4413; x_wconf 88' lang='lat' dir='ltr'><strong>iis,</strong></span> <span class='ocrx_word' id='word_1_647' title='bbox 2183 4348 2277 4419; x_wconf 91' lang='lat' dir='ltr'><strong>qui</strong></span> <span class='ocrx_word' id='word_1_648' title='bbox 2303 4347 2555 4403; x_wconf 89' lang='lat' dir='ltr'><strong>videntur</strong></span> <span class='ocrx_word' id='word_1_649' title='bbox 2582 4359 2729 4402; x_wconf 89' lang='lat' dir='ltr'><strong>recte</strong></span> <span class='ocrx_word' id='word_1_650' title='bbox 2771 4349 2994 4414; x_wconf 90' lang='lat' dir='ltr'><strong>sentire,</strong></span> <span class='ocrx_word' id='word_1_651' title='bbox 3022 4351 3231 4405; x_wconf 80' lang='lat' dir='ltr'><strong>excita-</strong></span> 
     </span>
    </p>
   </div>
   <div class='ocr_carea' id='block_1_88' title="bbox 23 4423 1574 4512">
    <p class='ocr_par' dir='ltr' id='par_1_88' title="bbox 23 4429 1570 4505">
     <span class='ocr_line' id='line_1_89' title="bbox 23 4429 1570 4505; baseline 0.015 -23"><span class='ocrx_word' id='word_1_652' title='bbox 23 4429 215 4497; x_wconf 61' lang='grc' dir='ltr'>ἔσχατον</span> <span class='ocrx_word' id='word_1_653' title='bbox 258 4433 562 4498; x_wconf 82' lang='grc' dir='ltr'>ἀσθενείας</span> <span class='ocrx_word' id='word_1_654' title='bbox 598 4434 696 4498; x_wconf 80' lang='grc' dir='ltr'><strong>τὰς</strong></span> <span class='ocrx_word' id='word_1_655' title='bbox 722 4433 1044 4504; x_wconf 74' lang='grc' dir='ltr'>Ἐκκλησὲας</span> <span class='ocrx_word' id='word_1_656' title='bbox 1081 4435 1408 4505; x_wconf 75' lang='grc' dir='ltr'><strong>κατήγαγεν·</strong></span> <span class='ocrx_word' id='word_1_657' title='bbox 1453 4433 1570 4502; x_wconf 69' lang='grc' dir='ltr'><strong>Ἐφ’</strong></span> 
     </span>
    </p>
   </div>
   <div class='ocr_carea' id='block_1_89' title="bbox 1680 4423 3228 4512">
    <p class='ocr_par' dir='ltr' id='par_1_89' title="bbox 1680 4423 3228 4512">
     <span class='ocr_line' id='line_1_90' title="bbox 1680 4423 3228 4512; baseline 0.003 -18"><span class='ocrx_word' id='word_1_658' title='bbox 1680 4451 1806 4504; x_wconf 83' lang='grc' dir='ltr'>ιυω,</span> <span class='ocrx_word' id='word_1_659' title='bbox 1841 4423 1910 4494; x_wconf 85' lang='lat' dir='ltr'><strong>ad</strong></span> <span class='ocrx_word' id='word_1_660' title='bbox 1952 4448 2245 4495; x_wconf 89' lang='lat' dir='ltr'><strong>extremam</strong></span> <span class='ocrx_word' id='word_1_661' title='bbox 2290 4439 2620 4494; x_wconf 87' lang='lat' dir='ltr'><strong>debilitatem</strong></span> <span class='ocrx_word' id='word_1_662' title='bbox 2652 4438 2922 4497; x_wconf 86' lang='lat' dir='ltr'><strong>Eeelesias</strong></span> <span class='ocrx_word' id='word_1_663' title='bbox 2959 4441 3228 4512; x_wconf 87' lang='lat' dir='ltr'><strong>perduxit.</strong></span> 
     </span>
    </p>
   </div>
   <div class='ocr_carea' id='block_1_90' title="bbox 21 4520 1570 4597">
    <p class='ocr_par' dir='ltr' id='par_1_90' title="bbox 21 4520 1570 4597">
     <span class='ocr_line' id='line_1_91' title="bbox 21 4520 1570 4597; baseline 0.017 -28"><span class='ocrx_word' id='word_1_664' title='bbox 21 4520 134 4591; x_wconf 76' lang='grc' dir='ltr'>ᾰτερ</span> <span class='ocrx_word' id='word_1_665' title='bbox 180 4526 280 4580; x_wconf 72' lang='grc' dir='ltr'>καὶ</span> <span class='ocrx_word' id='word_1_666' title='bbox 334 4525 583 4595; x_wconf 84' lang='grc' dir='ltr'>μάλιστα</span> <span class='ocrx_word' id='word_1_667' title='bbox 623 4525 726 4596; x_wconf 83' lang='grc' dir='ltr'><strong>τῆς</strong></span> <span class='ocrx_word' id='word_1_668' title='bbox 771 4527 902 4597; x_wconf 83' lang='grc' dir='ltr'>παρ’</span> <span class='ocrx_word' id='word_1_669' title='bbox 937 4525 1092 4596; x_wconf 82' lang='grc' dir='ltr'>ὑμῶν</span> <span class='ocrx_word' id='word_1_670' title='bbox 1136 4523 1407 4597; x_wconf 73' lang='grc' dir='ltr'>χρῄζομεν</span> <span class='ocrx_word' id='word_1_671' title='bbox 1441 4522 1570 4594; x_wconf 82' lang='grc' dir='ltr'><strong>βοη-</strong></span> 
     </span>
    </p>
   </div>
   <div class='ocr_carea' id='block_1_91' title="bbox 19 4608 1572 4689">
    <p class='ocr_par' dir='ltr' id='par_1_91' title="bbox 19 4608 1572 4689">
     <span class='ocr_line' id='line_1_92' title="bbox 19 4608 1572 4689; baseline -0.002 -18"><span class='ocrx_word' id='word_1_672' title='bbox 19 4608 171 4682; x_wconf 66' lang='grc' dir='ltr'>θείας,</span> <span class='ocrx_word' id='word_1_673' title='bbox 222 4615 381 4672; x_wconf 78' lang='grc' dir='ltr'>ὥστε</span> <span class='ocrx_word' id='word_1_674' title='bbox 439 4617 567 4682; x_wconf 80' lang='grc' dir='ltr'>τοὺς</span> <span class='ocrx_word' id='word_1_675' title='bbox 630 4617 730 4689; x_wconf 80' lang='grc' dir='ltr'>τὴν</span> <span class='ocrx_word' id='word_1_676' title='bbox 776 4615 1135 4688; x_wconf 85' lang='grc' dir='ltr'>ἀποστολικὴν</span> <span class='ocrx_word' id='word_1_677' title='bbox 1181 4615 1572 4688; x_wconf 86' lang='grc' dir='ltr'>ὁμολογοῦντας</span> 
     </span>
    </p>
   </div>
   <div class='ocr_carea' id='block_1_92' title="bbox 68 4768 1566 4845">
    <p class='ocr_par' dir='ltr' id='par_1_92' title="bbox 68 4768 1566 4845">
     <span class='ocr_line' id='line_1_93' title="bbox 68 4768 1566 4845; baseline 0.004 -22"><span class='ocrx_word' id='word_1_678' title='bbox 68 4768 493 4845; x_wconf 47' lang='grc' dir='ltr'>(ίίζεφθαοῖε</span> <span class='ocrx_word' id='word_1_679' title='bbox 679 4771 758 4828; x_wconf 85' lang='lat' dir='ltr'><strong>Ita</strong></span> <span class='ocrx_word' id='word_1_680' title='bbox 784 4779 899 4828; x_wconf 85' lang='lat' dir='ltr'><strong>tres</strong></span> <span class='ocrx_word' id='word_1_681' title='bbox 927 4772 1279 4845; x_wconf 82' lang='lat' dir='ltr'><strong>vetustissimi</strong></span> <span class='ocrx_word' id='word_1_682' title='bbox 1313 4772 1528 4845; x_wconf 87' lang='lat' dir='ltr'><strong>codices</strong></span> <span class='ocrx_word' id='word_1_683' title='bbox 1553 4793 1566 4829; x_wconf 91' lang='lat'>:</span> 
     </span>
    </p>
   </div>
   <div class='ocr_carea' id='block_1_93' title="bbox 31 4837 1572 4912">
    <p class='ocr_par' dir='ltr' id='par_1_93' title="bbox 31 4837 1572 4912">
     <span class='ocr_line' id='line_1_94' title="bbox 31 4837 1572 4912; baseline 0.005 -23"><span class='ocrx_word' id='word_1_684' title='bbox 31 4837 118 4892; x_wconf 69' lang='lat' dir='ltr'><strong>xliti</strong></span> <span class='ocrx_word' id='word_1_685' title='bbox 150 4837 412 4912; x_wconf 70' lang='grc' dir='ltr'>Ἔφὸασε</span> <span class='ocrx_word' id='word_1_686' title='bbox 439 4837 754 4912; x_wconf 29' lang='lat' dir='ltr'><strong>asin—iidem</strong></span> <span class='ocrx_word' id='word_1_687' title='bbox 783 4845 998 4912; x_wconf 82' lang='grc' dir='ltr'>πάντως</span> <span class='ocrx_word' id='word_1_688' title='bbox 1035 4843 1275 4898; x_wconf 90' lang='lat' dir='ltr'><strong>additum</strong></span> <span class='ocrx_word' id='word_1_689' title='bbox 1318 4859 1383 4899; x_wconf 91' lang='lat' dir='ltr'><strong>ex</strong></span> <span class='ocrx_word' id='word_1_690' title='bbox 1411 4844 1572 4912; x_wconf 80' lang='lat' dir='ltr'><strong>quin-</strong></span> 
     </span>
    </p>
   </div>
   <div class='ocr_carea' id='block_1_94' title="bbox 27 4911 1568 5046">
    <p class='ocr_par' dir='ltr' id='par_1_94' title="bbox 27 4911 1568 5046">
     <span class='ocr_line' id='line_1_95' title="bbox 27 4911 1568 5046; baseline -0.001 -79"><span class='ocrx_word' id='word_1_691' title='bbox 27 4923 252 5046; x_wconf 47' lang='grc' dir='ltr'>ᾗέει.</span> <span class='ocrx_word' id='word_1_692' title='bbox 290 4913 452 4967; x_wconf 82' lang='lat' dir='ltr'><strong>Editi</strong></span> <span class='ocrx_word' id='word_1_693' title='bbox 495 4911 566 4966; x_wconf 88' lang='grc' dir='ltr'><strong>τά</strong></span> <span class='ocrx_word' id='word_1_694' title='bbox 608 4912 894 4984; x_wconf 82' lang='grc' dir='ltr'>γενόμενα.</span> <span class='ocrx_word' id='word_1_695' title='bbox 925 4911 1177 4985; x_wconf 88' lang='lat' dir='ltr'><strong>Plerique</strong></span> <span class='ocrx_word' id='word_1_696' title='bbox 1205 4929 1338 4970; x_wconf 88' lang='lat' dir='ltr'><strong>mss.</strong></span> <span class='ocrx_word' id='word_1_697' title='bbox 1387 4913 1454 5027; x_wconf 65' lang='grc' dir='ltr'>τὰ</span> <span class='ocrx_word' id='word_1_698' title='bbox 1481 4929 1568 4983; x_wconf 88' lang='grc' dir='ltr'>γι-</span> 
     </span>
    </p>
   </div>
   <div class='ocr_carea' id='block_1_95' title="bbox 69 5049 1566 5123">
    <p class='ocr_par' dir='ltr' id='par_1_95' title="bbox 69 5049 1566 5123">
     <span class='ocr_line' id='line_1_96' title="bbox 69 5049 1566 5123; baseline 0.002 -18"><span class='ocrx_word' id='word_1_699' title='bbox 69 5049 162 5123; x_wconf 60' lang='grc' dir='ltr'>(ῶ)</span> <span class='ocrx_word' id='word_1_700' title='bbox 195 5051 507 5123; x_wconf 59' lang='lat' dir='ltr'><strong>natalem.</strong></span> <span class='ocrx_word' id='word_1_701' title='bbox 539 5049 618 5106; x_wconf 84' lang='lat' dir='ltr'><strong>fta</strong></span> <span class='ocrx_word' id='word_1_702' title='bbox 648 5051 824 5116; x_wconf 66' lang='grc' dir='ltr'><strong>Ἠοῖ-1.,</strong></span> <span class='ocrx_word' id='word_1_703' title='bbox 867 5051 1007 5123; x_wconf 84' lang='lat' dir='ltr'><strong>Med.</strong></span> <span class='ocrx_word' id='word_1_704' title='bbox 1037 5059 1092 5107; x_wconf 91' lang='lat' dir='ltr'><strong>et</strong></span> <span class='ocrx_word' id='word_1_705' title='bbox 1131 5053 1297 5110; x_wconf 90' lang='lat' dir='ltr'><strong>Coisl.</strong></span> <span class='ocrx_word' id='word_1_706' title='bbox 1333 5053 1566 5123; x_wconf 90' lang='lat' dir='ltr'><strong>primus.</strong></span> 
     </span>
    </p>
   </div>
   <div class='ocr_carea' id='block_1_96' title="bbox 18 5115 1564 5246">
    <p class='ocr_par' dir='ltr' id='par_1_96' title="bbox 18 5115 1564 5246">
     <span class='ocr_line' id='line_1_97' title="bbox 18 5115 1564 5246; baseline 0.002 -72"><span class='ocrx_word' id='word_1_707' title='bbox 383 5115 596 5178; x_wconf 83' lang='lat' dir='ltr'><strong>Ibidem</strong></span> <span class='ocrx_word' id='word_1_708' title='bbox 625 5123 755 5180; x_wconf 90' lang='lat' dir='ltr'><strong>editi</strong></span> <span class='ocrx_word' id='word_1_709' title='bbox 786 5123 894 5194; x_wconf 83' lang='grc' dir='ltr'>πρὸ</span> <span class='ocrx_word' id='word_1_710' title='bbox 914 5122 1252 5195; x_wconf 46' lang='grc' dir='ltr'>τῶνοπυλῶν.</span> <span class='ocrx_word' id='word_1_711' title='bbox 1289 5115 1395 5180; x_wconf 80' lang='lat' dir='ltr'><strong>Séx</strong></span> <span class='ocrx_word' id='word_1_712' title='bbox 1429 5138 1564 5178; x_wconf 90' lang='lat' dir='ltr'><strong>mss.</strong></span> 
     </span>
     <span class='ocr_line' id='line_1_98' title="bbox 203 5209 331 5246; baseline 0 0"><span class='ocrx_word' id='word_1_713' title='bbox 203 5209 234 5246; x_wconf 89' lang='lat' dir='ltr'><strong>x</strong></span> <span class='ocrx_word' id='word_1_714' title='bbox 265 5210 331 5246; x_wconf 75' lang='grc' dir='ltr'>ιι.</span> 
     </span>
    </p>
   </div>
   <div class='ocr_carea' id='block_1_97' title="bbox 68 5259 1570 5330">
    <p class='ocr_par' dir='ltr' id='par_1_97' title="bbox 68 5259 1570 5330">
     <span class='ocr_line' id='line_1_99' title="bbox 68 5259 1570 5330; baseline -0.002 -11"><span class='ocrx_word' id='word_1_715' title='bbox 68 5259 164 5330; x_wconf 70' lang='grc' dir='ltr'>(Η)</span> <span class='ocrx_word' id='word_1_716' title='bbox 193 5263 634 5330; x_wconf 74' lang='grc' dir='ltr'><strong>Ἀριιέσουσιν⁸</strong></span> <span class='ocrx_word' id='word_1_717' title='bbox 650 5262 725 5317; x_wconf 87' lang='lat' dir='ltr'><strong>lta</strong></span> <span class='ocrx_word' id='word_1_718' title='bbox 744 5271 856 5320; x_wconf 89' lang='lat' dir='ltr'><strong>tres</strong></span> <span class='ocrx_word' id='word_1_719' title='bbox 881 5263 1236 5320; x_wconf 87' lang='lat' dir='ltr'><strong>vetustissimi</strong></span> <span class='ocrx_word' id='word_1_720' title='bbox 1264 5279 1396 5320; x_wconf 90' lang='lat' dir='ltr'><strong>mss.</strong></span> <span class='ocrx_word' id='word_1_721' title='bbox 1421 5261 1570 5329; x_wconf 79' lang='lat' dir='ltr'><strong>Qua-</strong></span> 
     </span>
    </p>
   </div>
   <div class='ocr_carea' id='block_1_98' title="bbox 14 5333 1240 5406">
    <p class='ocr_par' dir='ltr' id='par_1_98' title="bbox 14 5333 1240 5406">
     <span class='ocr_line' id='line_1_100' title="bbox 14 5333 1240 5406; baseline 0.004 -23"><span class='ocrx_word' id='word_1_722' title='bbox 14 5333 223 5406; x_wconf 54' lang='lat' dir='ltr'><strong>tuorjtlii</strong></span> <span class='ocrx_word' id='word_1_723' title='bbox 254 5333 654 5406; x_wconf 73' lang='grc' dir='ltr'>ἐξαρκέσουσι.</span> <span class='ocrx_word' id='word_1_724' title='bbox 683 5333 1240 5406; x_wconf 31' lang='grc' dir='ltr'>Εάίιζὲπαρκέσου-σι,</span> 
     </span>
    </p>
   </div>
   <div class='ocr_carea' id='block_1_99' title="bbox 15 5398 1568 5531">
    <p class='ocr_par' dir='ltr' id='par_1_99' title="bbox 15 5398 1568 5526">
     <span class='ocr_line' id='line_1_101' title="bbox 15 5398 1568 5526; baseline -0.001 -65"><span class='ocrx_word' id='word_1_725' title='bbox 15 5398 512 5526; x_wconf 39' lang='grc' dir='ltr'><strong>ἑέῖἓζῖᾷεκέζιθῃ.</strong></span> <span class='ocrx_word' id='word_1_726' title='bbox 547 5402 788 5476; x_wconf 84' lang='lat' dir='ltr'><strong>Uterque</strong></span> <span class='ocrx_word' id='word_1_727' title='bbox 815 5398 1016 5476; x_wconf 78' lang='lat' dir='ltr'><strong>Regius</strong></span> <span class='ocrx_word' id='word_1_728' title='bbox 1053 5412 1107 5460; x_wconf 89' lang='lat' dir='ltr'><strong>et</strong></span> <span class='ocrx_word' id='word_1_729' title='bbox 1150 5404 1317 5461; x_wconf 84' lang='lat' dir='ltr'><strong>Coisl.</strong></span> <span class='ocrx_word' id='word_1_730' title='bbox 1355 5404 1568 5476; x_wconf 89' lang='lat' dir='ltr'><strong>primus</strong></span> 
     </span>
    </p>
   </div>
   <div class='ocr_carea' id='block_1_100' title="bbox 14 5527 1568 5675">
    <p class='ocr_par' dir='ltr' id='par_1_100' title="bbox 14 5527 1568 5675">
     <span class='ocr_line' id='line_1_102' title="bbox 14 5527 1568 5675; baseline 0.001 -77"><span class='ocrx_word' id='word_1_731' title='bbox 14 5527 655 5675; x_wconf 47' lang='grc' dir='ltr'>ὰὲἔτδέοῒπιδείξὲσθε.</span> <span class='ocrx_word' id='word_1_732' title='bbox 695 5543 862 5602; x_wconf 90' lang='lat' dir='ltr'><strong>Coisl.</strong></span> <span class='ocrx_word' id='word_1_733' title='bbox 905 5544 1113 5617; x_wconf 88' lang='lat' dir='ltr'><strong>primus</strong></span> <span class='ocrx_word' id='word_1_734' title='bbox 1155 5552 1208 5603; x_wconf 91' lang='lat' dir='ltr'><strong>et</strong></span> <span class='ocrx_word' id='word_1_735' title='bbox 1256 5544 1406 5600; x_wconf 83' lang='lat' dir='ltr'><strong>Harl.</strong></span> <span class='ocrx_word' id='word_1_736' title='bbox 1446 5546 1568 5599; x_wconf 76' lang='grc' dir='ltr'>ἐπι-</span> 
     </span>
     <span class='ocr_line' id='line_1_103' title="bbox 118 5630 246 5675; baseline 0.008 -9"><span class='ocrx_word' id='word_1_737' title='bbox 118 5647 130 5675; x_wconf 53' lang='lat'><strong>;</strong></span> <span class='ocrx_word' id='word_1_738' title='bbox 193 5630 246 5667; x_wconf 74' lang='grc' dir='ltr'><strong>ε.</strong></span> 
     </span>
    </p>
   </div>
   <div class='ocr_carea' id='block_1_101' title="bbox 117 5651 1559 5759">
    <p class='ocr_par' dir='ltr' id='par_1_101' title="bbox 117 5651 1559 5759">
     <span class='ocr_line' id='line_1_104' title="bbox 117 5651 1559 5759; baseline 0.006 -23"><span class='ocrx_word' id='word_1_739' title='bbox 117 5651 461 5755; x_wconf 56' lang='grc' dir='ltr'>θ’)’ἓαθεῒτκ</span> <span class='ocrx_word' id='word_1_740' title='bbox 483 5685 563 5743; x_wconf 82' lang='lat' dir='ltr'><strong>Ita</strong></span> <span class='ocrx_word' id='word_1_741' title='bbox 589 5694 700 5744; x_wconf 90' lang='lat' dir='ltr'><strong>tres</strong></span> <span class='ocrx_word' id='word_1_742' title='bbox 728 5685 1083 5746; x_wconf 87' lang='lat' dir='ltr'><strong>vetustissimi</strong></span> <span class='ocrx_word' id='word_1_743' title='bbox 1113 5701 1244 5746; x_wconf 86' lang='lat' dir='ltr'><strong>mss.</strong></span> <span class='ocrx_word' id='word_1_744' title='bbox 1270 5684 1410 5744; x_wconf 85' lang='lat' dir='ltr'><strong>Editi</strong></span> <span class='ocrx_word' id='word_1_745' title='bbox 1436 5703 1559 5759; x_wconf 80' lang='grc' dir='ltr'>μανο</span> 
     </span>
    </p>
   </div>
   <div class='ocr_carea' id='block_1_102' title="bbox 1673 4531 3232 4603">
    <p class='ocr_par' dir='ltr' id='par_1_102' title="bbox 1673 4531 3232 4603">
     <span class='ocr_line' id='line_1_105' title="bbox 1673 4531 3232 4603; baseline 0 -15"><span class='ocrx_word' id='word_1_746' title='bbox 1673 4531 1754 4588; x_wconf 91' lang='lat' dir='ltr'><strong>0b</strong></span> <span class='ocrx_word' id='word_1_747' title='bbox 1786 4547 1905 4602; x_wconf 60' lang='lat' dir='ltr'><strong>qua</strong></span> <span class='ocrx_word' id='word_1_748' title='bbox 1929 4539 1984 4587; x_wconf 89' lang='lat' dir='ltr'><strong>et</strong></span> <span class='ocrx_word' id='word_1_749' title='bbox 2002 4533 2236 4587; x_wconf 89' lang='lat' dir='ltr'><strong>maxime</strong></span> <span class='ocrx_word' id='word_1_750' title='bbox 2264 4531 2568 4602; x_wconf 79' lang='lat' dir='ltr'><strong>indigemus</strong></span> <span class='ocrx_word' id='word_1_751' title='bbox 2596 4532 2797 4586; x_wconf 78' lang='lat' dir='ltr'><strong>auxilio</strong></span> <span class='ocrx_word' id='word_1_752' title='bbox 2831 4545 3030 4597; x_wconf 80' lang='lat' dir='ltr'><strong>vestro,</strong></span> <span class='ocrx_word' id='word_1_753' title='bbox 3047 4541 3106 4588; x_wconf 93' lang='lat' dir='ltr'><strong>ut</strong></span> <span class='ocrx_word' id='word_1_754' title='bbox 3134 4533 3232 4603; x_wconf 84' lang='lat' dir='ltr'><strong>qui</strong></span> 
     </span>
    </p>
   </div>
   <div class='ocr_carea' id='block_1_103' title="bbox 1673 4622 3219 4696">
    <p class='ocr_par' dir='ltr' id='par_1_103' title="bbox 1673 4622 3219 4696">
     <span class='ocr_line' id='line_1_106' title="bbox 1673 4622 3219 4696; baseline 0 -18"><span class='ocrx_word' id='word_1_755' title='bbox 1673 4624 2024 4696; x_wconf 88' lang='lat' dir='ltr'><strong>apostolicam</strong></span> <span class='ocrx_word' id='word_1_756' title='bbox 2051 4623 2378 4696; x_wconf 83' lang='lat' dir='ltr'><strong>profitentur</strong></span> <span class='ocrx_word' id='word_1_757' title='bbox 2405 4622 2587 4689; x_wconf 79' lang='lat' dir='ltr'><strong>fidem,</strong></span> <span class='ocrx_word' id='word_1_758' title='bbox 2610 4623 2912 4695; x_wconf 82' lang='lat' dir='ltr'><strong>excogitata</strong></span> <span class='ocrx_word' id='word_1_759' title='bbox 2933 4639 2961 4677; x_wconf 89' lang='lat' dir='ltr'><strong>a</strong></span> <span class='ocrx_word' id='word_1_760' title='bbox 2987 4639 3045 4680; x_wconf 91' lang='lat' dir='ltr'><strong>se</strong></span> <span class='ocrx_word' id='word_1_761' title='bbox 3070 4624 3219 4680; x_wconf 83' lang='lat' dir='ltr'><strong>schi-</strong></span> 
     </span>
    </p>
   </div>
   <div class='ocr_carea' id='block_1_104' title="bbox 1673 4777 3227 4850">
    <p class='ocr_par' dir='ltr' id='par_1_104' title="bbox 1673 4777 3227 4850">
     <span class='ocr_line' id='line_1_107' title="bbox 1673 4777 3227 4850; baseline 0.001 -18"><span class='ocrx_word' id='word_1_762' title='bbox 1673 4777 1874 4850; x_wconf 83' lang='grc' dir='ltr'>θάνειν.</span> <span class='ocrx_word' id='word_1_763' title='bbox 1910 4778 2079 4834; x_wconf 89' lang='lat' dir='ltr'><strong>Paulo</strong></span> <span class='ocrx_word' id='word_1_764' title='bbox 2103 4785 2228 4850; x_wconf 89' lang='lat' dir='ltr'><strong>post</strong></span> <span class='ocrx_word' id='word_1_765' title='bbox 2253 4777 2454 4850; x_wconf 84' lang='lat' dir='ltr'><strong>Regius</strong></span> <span class='ocrx_word' id='word_1_766' title='bbox 2478 4786 2707 4850; x_wconf 90' lang='lat' dir='ltr'><strong>uterque</strong></span> <span class='ocrx_word' id='word_1_767' title='bbox 2735 4785 2790 4834; x_wconf 92' lang='lat' dir='ltr'><strong>et</strong></span> <span class='ocrx_word' id='word_1_768' title='bbox 2811 4777 2991 4849; x_wconf 86' lang='lat' dir='ltr'><strong>_Coisl.</strong></span> <span class='ocrx_word' id='word_1_769' title='bbox 3019 4779 3227 4850; x_wconf 91' lang='lat' dir='ltr'><strong>primus</strong></span> 
     </span>
    </p>
   </div>
   <div class='ocr_carea' id='block_1_105' title="bbox 1673 4849 2109 4920">
    <p class='ocr_par' dir='ltr' id='par_1_105' title="bbox 1673 4849 2109 4920">
     <span class='ocr_line' id='line_1_108' title="bbox 1673 4849 2109 4920; baseline 0 -18"><span class='ocrx_word' id='word_1_770' title='bbox 1673 4849 2109 4920; x_wconf 53' lang='grc' dir='ltr'>ὑπολειφθέντας</span> 
     </span>
    </p>
   </div>
   <div class='ocr_carea' id='block_1_106' title="bbox 1744 4917 3224 4992">
    <p class='ocr_par' dir='ltr' id='par_1_106' title="bbox 1744 4917 3224 4992">
     <span class='ocr_line' id='line_1_109' title="bbox 1744 4917 3224 4992; baseline -0.001 -18"><span class='ocrx_word' id='word_1_771' title='bbox 1744 4917 2327 4992; x_wconf 51' lang='grc' dir='ltr'>(48)]Εξθέκηρύξωσι.</span> <span class='ocrx_word' id='word_1_772' title='bbox 2353 4919 2429 4992; x_wconf 65' lang='lat' dir='ltr'><strong>Ita</strong></span> <span class='ocrx_word' id='word_1_773' title='bbox 2456 4917 2940 4992; x_wconf 72' lang='lat' dir='ltr'><strong>tresvetnstissimi</strong></span> <span class='ocrx_word' id='word_1_774' title='bbox 2967 4917 3184 4992; x_wconf 85' lang='lat' dir='ltr'><strong>codices</strong></span> <span class='ocrx_word' id='word_1_775' title='bbox 3210 4936 3224 4972; x_wconf 91' lang='lat'><strong>:</strong></span> 
     </span>
    </p>
   </div>
   <div class='ocr_carea' id='block_1_107' title="bbox 1670 4988 3230 5060">
    <p class='ocr_par' dir='ltr' id='par_1_107' title="bbox 1670 4988 3230 5060">
     <span class='ocr_line' id='line_1_110' title="bbox 1670 4988 3230 5060; baseline -0.001 -16"><span class='ocrx_word' id='word_1_776' title='bbox 1670 4988 1783 5060; x_wconf 73' lang='lat' dir='ltr'><strong>tres</strong></span> <span class='ocrx_word' id='word_1_777' title='bbox 1812 4988 1902 5060; x_wconf 59' lang='lat' dir='ltr'><strong>alii</strong></span> <span class='ocrx_word' id='word_1_778' title='bbox 1946 4988 2362 5060; x_wconf 81' lang='grc' dir='ltr'>Ἐκκηρὺξουσι.-</span> <span class='ocrx_word' id='word_1_779' title='bbox 2391 4989 2529 5042; x_wconf 89' lang='lat' dir='ltr'><strong>Editi</strong></span> <span class='ocrx_word' id='word_1_780' title='bbox 2560 4988 2951 5060; x_wconf 17' lang='lat' dir='ltr'><strong>iéXptCtbd’OUGt,</strong></span> <span class='ocrx_word' id='word_1_781' title='bbox 2988 4988 3230 5042; x_wconf 67' lang='lat' dir='ltr'><strong>eradica~</strong></span> 
     </span>
    </p>
   </div>
   <div class='ocr_carea' id='block_1_108' title="bbox 1672 5057 3231 5116">
    <p class='ocr_par' dir='ltr' id='par_1_108' title="bbox 1672 5057 3231 5116">
     <span class='ocr_line' id='line_1_111' title="bbox 1672 5057 3231 5116; baseline -0.002 -4"><span class='ocrx_word' id='word_1_782' title='bbox 1672 5059 1818 5116; x_wconf 64' lang='lat' dir='ltr'><strong>baut.</strong></span> <span class='ocrx_word' id='word_1_783' title='bbox 1850 5058 1938 5112; x_wconf 84' lang='lat' dir='ltr'><strong>Ex</strong></span> <span class='ocrx_word' id='word_1_784' title='bbox 1964 5059 2065 5114; x_wconf 86' lang='lat' dir='ltr'><strong>hac</strong></span> <span class='ocrx_word' id='word_1_785' title='bbox 2093 5057 2271 5112; x_wconf 78' lang='lat' dir='ltr'><strong>autem</strong></span> <span class='ocrx_word' id='word_1_786' title='bbox 2295 5057 2788 5115; x_wconf 85' lang='lat' dir='ltr'><strong>vetustissimorum</strong></span> <span class='ocrx_word' id='word_1_787' title='bbox 2819 5057 3066 5112; x_wconf 90' lang='lat' dir='ltr'><strong>codicum</strong></span> <span class='ocrx_word' id='word_1_788' title='bbox 3098 5061 3231 5112; x_wconf 88' lang='lat' dir='ltr'><strong>scri-</strong></span> 
     </span>
    </p>
   </div>
   <div class='ocr_carea' id='block_1_109' title="bbox 1670 5126 3228 5199">
    <p class='ocr_par' dir='ltr' id='par_1_109' title="bbox 1670 5126 3228 5199">
     <span class='ocr_line' id='line_1_112' title="bbox 1670 5126 3228 5199; baseline -0.001 -17"><span class='ocrx_word' id='word_1_789' title='bbox 1670 5138 1828 5199; x_wconf 91' lang='lat' dir='ltr'><strong>ptura</strong></span> <span class='ocrx_word' id='word_1_790' title='bbox 1863 5138 2008 5199; x_wconf 86' lang='lat' dir='ltr'><strong>patet</strong></span> <span class='ocrx_word' id='word_1_791' title='bbox 2053 5129 2307 5199; x_wconf 77' lang='lat' dir='ltr'><strong>similiter</strong></span> <span class='ocrx_word' id='word_1_792' title='bbox 2338 5129 2636 5199; x_wconf 63' lang='lat' dir='ltr'><strong>legendum</strong></span> <span class='ocrx_word' id='word_1_793' title='bbox 2667 5142 2786 5183; x_wconf 91' lang='lat' dir='ltr'><strong>esse</strong></span> <span class='ocrx_word' id='word_1_794' title='bbox 2819 5126 3228 5199; x_wconf 83' lang='grc' dir='ltr'>ἀνανεώσωνται</span> 
     </span>
    </p>
   </div>
   <div class='ocr_carea' id='block_1_110' title="bbox 1669 5196 3228 5270">
    <p class='ocr_par' dir='ltr' id='par_1_110' title="bbox 1669 5196 3228 5270">
     <span class='ocr_line' id='line_1_113' title="bbox 1669 5196 3228 5270; baseline -0.002 -17"><span class='ocrx_word' id='word_1_795' title='bbox 1669 5196 1724 5270; x_wconf 77' lang='lat' dir='ltr'><strong>et</strong></span> <span class='ocrx_word' id='word_1_796' title='bbox 1749 5196 2115 5263; x_wconf 77' lang='grc' dir='ltr'>διαλέξωνται,</span> <span class='ocrx_word' id='word_1_797' title='bbox 2153 5196 2299 5270; x_wconf 91' lang='lat' dir='ltr'><strong>quod</strong></span> <span class='ocrx_word' id='word_1_798' title='bbox 2345 5196 2520 5254; x_wconf 81' lang='lat' dir='ltr'><strong>lucem</strong></span> <span class='ocrx_word' id='word_1_799' title='bbox 2561 5197 2716 5252; x_wconf 77' lang='lat' dir='ltr'><strong>affert</strong></span> <span class='ocrx_word' id='word_1_800' title='bbox 2755 5198 3042 5252; x_wconf 85' lang='lat' dir='ltr'><strong>verborum</strong></span> <span class='ocrx_word' id='word_1_801' title='bbox 3077 5211 3228 5252; x_wconf 87' lang='lat' dir='ltr'><strong>com-</strong></span> 
     </span>
    </p>
   </div>
   <div class='ocr_carea' id='block_1_111' title="bbox 1669 5268 1928 5338">
    <p class='ocr_par' dir='ltr' id='par_1_111' title="bbox 1669 5268 1928 5338">
     <span class='ocr_line' id='line_1_114' title="bbox 1669 5268 1928 5338; baseline 0.008 -16"><span class='ocrx_word' id='word_1_802' title='bbox 1669 5268 1928 5338; x_wconf 90' lang='lat' dir='ltr'><strong>plexioni.</strong></span> 
     </span>
    </p>
   </div>
   <div class='ocr_carea' id='block_1_112' title="bbox 1741 5335 3227 5410">
    <p class='ocr_par' dir='ltr' id='par_1_112' title="bbox 1741 5335 3227 5410">
     <span class='ocr_line' id='line_1_115' title="bbox 1741 5335 3227 5410; baseline -0.003 -18"><span class='ocrx_word' id='word_1_803' title='bbox 1741 5338 1853 5410; x_wconf 71' lang='grc'>(49)</span> <span class='ocrx_word' id='word_1_804' title='bbox 1882 5339 2275 5410; x_wconf 59' lang='grc' dir='ltr'>Συηὰνοντες.</span> <span class='ocrx_word' id='word_1_805' title='bbox 2328 5336 2576 5410; x_wconf 80' lang='lat' dir='ltr'><strong>Harl._et</strong></span> <span class='ocrx_word' id='word_1_806' title='bbox 2617 5335 2786 5410; x_wconf 71' lang='lat' dir='ltr'><strong>Coisl.</strong></span> <span class='ocrx_word' id='word_1_807' title='bbox 2844 5337 3056 5410; x_wconf 87' lang='lat' dir='ltr'><strong>primus</strong></span> <span class='ocrx_word' id='word_1_808' title='bbox 3103 5352 3227 5390; x_wconf 87' lang='grc' dir='ltr'>συν-</span> 
     </span>
    </p>
   </div>
   <div class='ocr_carea' id='block_1_113' title="bbox 1669 5407 3222 5482">
    <p class='ocr_par' dir='ltr' id='par_1_113' title="bbox 1669 5407 3222 5482">
     <span class='ocr_line' id='line_1_116' title="bbox 1669 5407 3222 5482; baseline -0.001 -20"><span class='ocrx_word' id='word_1_809' title='bbox 1669 5407 1982 5482; x_wconf 74' lang='grc' dir='ltr'>αγαγόντες.</span> <span class='ocrx_word' id='word_1_810' title='bbox 1995 5407 2165 5465; x_wconf 79' lang='lat' dir='ltr'><strong>Paulo</strong></span> <span class='ocrx_word' id='word_1_811' title='bbox 2183 5419 2305 5482; x_wconf 89' lang='lat' dir='ltr'><strong>post</strong></span> <span class='ocrx_word' id='word_1_812' title='bbox 2321 5409 2448 5464; x_wconf 85' lang='lat' dir='ltr'><strong>editi</strong></span> <span class='ocrx_word' id='word_1_813' title='bbox 2467 5407 2840 5480; x_wconf 78' lang='grc' dir='ltr'>ἐλεεινότερον.</span> <span class='ocrx_word' id='word_1_814' title='bbox 2851 5407 3076 5479; x_wconf 79' lang='lat' dir='ltr'><strong>Septem</strong></span> <span class='ocrx_word' id='word_1_815' title='bbox 3090 5421 3222 5462; x_wconf 87' lang='lat' dir='ltr'><strong>mss.</strong></span> 
     </span>
    </p>
   </div>
   <div class='ocr_carea' id='block_1_114' title="bbox 1669 5479 2947 5535">
    <p class='ocr_par' dir='ltr' id='par_1_114' title="bbox 1669 5479 2947 5535">
     <span class='ocr_line' id='line_1_117' title="bbox 1669 5479 2947 5535; baseline 0.001 -1"><span class='ocrx_word' id='word_1_816' title='bbox 1669 5487 1730 5534; x_wconf 91' lang='lat' dir='ltr'><strong>ut</strong></span> <span class='ocrx_word' id='word_1_817' title='bbox 1756 5479 1809 5532; x_wconf 92' lang='lat' dir='ltr'><strong>in</strong></span> <span class='ocrx_word' id='word_1_818' title='bbox 1835 5487 2007 5535; x_wconf 82' lang='lat' dir='ltr'><strong>textu.</strong></span> <span class='ocrx_word' id='word_1_819' title='bbox 2184 5479 2201 5482; x_wconf 75' lang='grc'><strong><em>“</em></strong></span> <span class='ocrx_word' id='word_1_820' title='bbox 2732 5479 2737 5480; x_wconf 45' lang='grc'><strong>“</strong></span> <span class='ocrx_word' id='word_1_821' title='bbox 2933 5501 2947 5515; x_wconf 65' lang='grc' dir='ltr'><strong>υ</strong></span> 
     </span>
    </p>
   </div>
   <div class='ocr_carea' id='block_1_115' title="bbox 1668 5545 3225 5686">
    <p class='ocr_par' dir='ltr' id='par_1_115' title="bbox 1668 5545 3225 5686">
     <span class='ocr_line' id='line_1_118' title="bbox 1668 5545 3225 5686; baseline -0.029 -59"><span class='ocrx_word' id='word_1_822' title='bbox 1668 5547 2281 5686; x_wconf 48' lang='grc' dir='ltr'>δμὲξὲἐεξῖρθοδοξεῒν,</span> <span class='ocrx_word' id='word_1_823' title='bbox 2336 5545 2509 5617; x_wconf 83' lang='lat' dir='ltr'><strong>Harl.,</strong></span> <span class='ocrx_word' id='word_1_824' title='bbox 2549 5546 2671 5606; x_wconf 69' lang='lat' dir='ltr'><strong>Vat.</strong></span> <span class='ocrx_word' id='word_1_825' title='bbox 2720 5559 2775 5608; x_wconf 90' lang='lat' dir='ltr'><strong>et</strong></span> <span class='ocrx_word' id='word_1_826' title='bbox 2829 5547 2965 5623; x_wconf 74' lang='lat' dir='ltr'><strong>Reg.</strong></span> <span class='ocrx_word' id='word_1_827' title='bbox 3014 5545 3225 5620; x_wconf 62' lang='lat' dir='ltr'><strong>primus</strong></span> 
     </span>
    </p>
   </div>
   <div class='ocr_carea' id='block_1_116' title="bbox 1669 5620 1958 5692">
    <p class='ocr_par' dir='ltr' id='par_1_116' title="bbox 1669 5620 1958 5692">
     <span class='ocr_line' id='line_1_119' title="bbox 1669 5620 1958 5692; baseline -0.003 -17"><span class='ocrx_word' id='word_1_828' title='bbox 1669 5620 1958 5692; x_wconf 80' lang='grc' dir='ltr'>ὁμοδοξεῖν.</span> 
     </span>
    </p>
   </div>
  </div>
