3762 6486
526 272 632 331 481

1821 263 1882 323 ε.
1920 262 2169 323 BASILII
2204 262 2420 320 MAGNI

3642 270 3728 327 εει

523 400 671 444 cere.
714 382 797 440 Ad
837 381 976 447 haec,
1013 379 1226 438 dicetur
1254 377 1397 435 enim
1423 377 1571 449 quod
1595 391 1684 435 res
1712 384 1831 445 est,
1862 385 1918 435 et
1946 378 2069 434 alia:

2182 377 2274 444 θος
2324 378 2660 450 πραγμάτων
2703 378 3058 452 ἐξηρτημένη)
3105 381 3187 436 ἔτι
3234 382 3329 435 καὶ
3357 381 3460 446 τάς
3501 380 3610 449 ἔξω
3643 384 3729 438 τῶν

523 476 687 534 timui
713 490 783 532 ne
810 472 949 529 forte
971 472 1028 528 in
1049 470 1427 527 necessitatem
1459 470 1768 525 veniremus
1795 469 2083 525 vulneran-

524 571 607 629 dae
646 566 852 623 mutuis
893 562 1340 621 altercationibus
1382 562 1578 617 anima
1611 568 1748 627 tuae,
1792 576 1913 630 quae
1949 574 2084 630 pura

527 675 630 717 sua
657 659 714 731 in
742 658 911 718 Deum
941 658 1139 728 pietate
1166 653 1458 726 perfectam
1481 654 1717 724 religiosi
1741 653 1922 708 cultus
1942 668 2084 708 mer-

524 750 712 807 cedem
743 748 1022 820 percipere
1053 746 1234 802 debet.
1277 744 1410 799 Nam
1456 761 1647 801 revera
1696 745 1743 801 si
1787 744 1892 815 ipsi
1922 753 1975 799 te
2014 744 2081 799 ad

524 855 626 895 nos
658 838 1044 894 abstrahamus
1064 874 1080 901 ,
1109 850 1301 906 parum
1334 834 1430 889 tibi
1463 834 1562 889 otii
1602 833 1672 888 ad
1713 849 1800 889 res
1838 833 2081 902 publicas

526 933 934 1000 relinquemus;
980 941 1045 982 ac
1091 927 1237 981 idem
1281 926 1393 981 fere
1430 924 1717 989 faciemus,
1766 939 1830 979 ac
1867 927 1914 980 si
1957 923 2080 994 quis

524 1023 862 1083 nauclerum,
897 1017 1058 1087 188
1086 1015 1182 1087 qui
1211 1030 1402 1071 navem
1433 1029 1607 1084 nuper
1645 1020 1979 1084 compactam
2022 1013 2081 1069 in

522 1125 717 1181 magna
748 1109 1014 1181 gubernat
1060 1113 1413 1177 tempestate,
1460 1105 1694 1161 sarcinis
1740 1105 1897 1159 novis
1943 1119 2080 1174 pra--

521 1208 729 1273 gravet,
757 1213 881 1254 cum
913 1197 1123 1268 aliquid
1151 1195 1434 1252 detrahere
1462 1194 1645 1249 oneris
1666 1234 1680 1260 ,
1716 1199 1770 1248 et
1814 1200 2078 1263 quantum

523 1290 640 1346 ﬁeri
681 1295 857 1359 potest
880 1287 1115 1342 allevare
1143 1291 1411 1356 oporteat.
1444 1281 1600 1338 Unde
1635 1283 1770 1338 mihi
1793 1283 2007 1337 videtur
2026 1289 2079 1336 et

521 1390 749 1450 magnus
771 1379 1089 1449 imperator,
1115 1377 1207 1431 ubi
1227 1382 1471 1432 nostram
1493 1374 1637 1431 hanc
1657 1374 2077 1431 sollicitudinem

521 1470 818 1543 perspexit,
866 1469 1084 1524 veniam
1132 1468 1383 1531 dedisse,
1428 1473 1488 1521 ut
1534 1465 1807 1522 Ecclesias
1848 1480 1944 1536 per
1976 1479 2078 1519 nos

520 1565 626 1635 ipsi
673 1562 1202 1617 administraremns.
1253 1559 1373 1615 Jam
1402 1575 1528 1616 vero
1570 1575 1664 1616 eos
1714 1561 1805 1630 qui
1848 1558 2077 1615 sinceris

512 1655 887 1719 .tuis_auribus
926 1654 1281 1723 obstrepunt,
1315 1653 1674 1722 interrogatos
1703 1651 1857 1714 volo,
1884 1650 2015 1719 quid
2044 1665 2075 1704 a

520 1746 680 1800 nobis
714 1744 873 1798 rebus
909 1742 1138 1812 publicis
1178 1743 1401 1796 allatum
1445 1742 1515 1796 sit
1561 1740 1911 1795 detrimenti?
1945 1738 2074 1811 quid
2105 1731 2145 1786 Β

521 1836 744 1905 parvum
788 1847 1110 1903 magnumve
1158 1833 1214 1887 in
1254 1832 1419 1887 rebus
1456 1831 1839 1886 communibus
1885 1840 2075 1886 nostra

521 1925 884 1981 Ecclesiarnm
917 1925 1307 1995 gubernatione
1341 1922 1601 1977 laedatur?
1631 1922 1740 1977 nisi
1770 1921 1893 1993 quis
1929 1921 2076 1977 dicat

519 2015 774 2072 damnum
804 2015 874 2070 ab
893 2031 958 2069 eo
983 2015 1143 2069 rebus
1166 2015 1366 2079 allerri,
1394 2016 1486 2085 qui
1507 2014 1833 2084 precationis
1853 2013 2071 2069 don'ium

520 2108 803 2176 magniﬁce
846 2113 1179 2162 exstructam
1207 2106 1367 2175 erigit
1403 2105 1509 2161 Deo
1559 2114 1783 2172 nostro,
1830 2115 1883 2160 et
1929 2105 2073 2161 aedes

517 2203 725 2258 circum
756 2201 939 2265 illam,
983 2201 1143 2254 aliam
1190 2199 1407 2268 quidem
1450 2199 1657 2252 liberali
1697 2198 1910 2268 specie,
1956 2198 2073 2268 cpi-

518 2308 686 2363 scopo
715 2294 967 2363 privatim
996 2292 1290 2353 addictam,
1319 2290 1456 2347 alias
1486 2306 1615 2346 vero
1659 2291 1946 2346 interiores
1979 2289 2073 2346 Dei

516 2381 737 2438 famulis
779 2398 845 2435 ex
869 2380 1060 2433 ordine
1099 2378 1456 2444 distributas;
1489 2392 1719 2448 quarum
1749 2392 1881 2432 usus
1924 2390 2072 2430 coni-

516 2476 699 2533 munis
720 2474 872 2528 vobis
894 2472 1220 2536 rectoribus,
1242 2477 1296 2526 et
1318 2478 1500 2526 vestro
1516 2471 1817 2525 comitatui.
1837 2468 2070 2539 Ecquem

520 2567 724 2636 injuria
754 2564 1047 2625 allicimus,
1075 2562 1202 2616 dum
1237 2553 1558 2632 peregrinis,
1603 2562 1717 2617 sive
1758 2562 1860 2615 hac
1891 2570 2092 2617 trans-‘

516 2658 811 2720 euntibus,
864 2654 978 2710 sive
1031 2654 1241 2709 med-cla
1291 2654 1469 2723 aliqua
1514 2653 1584 2708 ob
1626 2653 1872 2707 morbum
1930 2653 2072 2707 indi-

516 2750 769 2824 gentibus
829 2746 1062 2817 hospitia
1125 2747 1538 2809 construimus,
1597 2751 1761 2815 atque
1822 2746 1905 2800 sic
1960 2761 2072 2800 ne-

515 2842 815 2898 cessarium
861 2837 1245 2894 constituimus
1276 2836 1564 2899 solatium,
1603 2850 1868 2906 aegrorum
1912 2851 2072 2891 cura-

514 2927 711 2999 tores,‘
768 2930 1040 2990 medicos.
1098 2930 1374 2999 jumenta,
1434 2928 1800 2984 deductorcs?
1861 2926 2069 2995 Quibus

516 3038 743 3080 necesse
781 3020 883 3077 luit
927 3028 981 3076 et
1028 3028 1176 3075 artes
1207 3020 1461 3090 adjungi,
1505 3028 1618 3074 tum
1646 3035 1767 3090 quae
1796 3021 1863 3074 ad
1902 3022 2066 3075 vitam

516 3124 646 3174 sunt
669 3119 1009 3180 necessariae,
1032 3122 1144 3168 tum
1170 3128 1290 3183 quae
1310 3115 1374 3167 ad
1396 3114 1678 3169 honestius
1708 3114 1828 3168 vitae
1852 3113 2072 3170 institu-

517 3216 633 3266 tum
691 3208 912 3262 fuerunt
960 3208 1275 3277 excogitata:
1316 3225 1329 3261 :
1371 3206 1507 3261 alias
1565 3220 1762 3261 rursus
1807 3206 1950 3262 aedes
1999 3206 2069 3261 ad

516 3297 763 3355 facienda
795 3311 961 3369 opera
1009 3297 1252 3365 idoneas,
1285 3312 1405 3367 qua:
1428 3296 1610 3351 omnia
1638 3297 1739 3366 ipsi
1763 3297 1881 3351 loco
1910 3312 2072 3351 orna-

514 3398 655 3458 tum,
680 3400 734 3446 et
757 3388 956 3445 rectori
980 3396 1170 3443 nostro
1195 3389 1420 3459 gloriam
1451 3388 1647 3453 lerunt,
1682 3388 1840 3443 laude
1864 3388 1917 3441 in
1942 3402 2067 3443 eum

513 3480 875 3538 redundante.
909 3477 989 3533 Tu
1015 3487 1162 3534 certe
1193 3492 1303 3533 non
1333 3478 1541 3533 idcirco
1572 3479 1640 3532 ad
1672 3493 1773 3534 nos
1802 3477 2070 3548 regendos

511 3572 716 3627 invitus
763 3568 1030 3624 adductus
1057 3584 1151 3637 es,
1191 3568 1338 3640 quod
1391 3569 1543 3625 solus
1591 3569 1758 3623 animi
1792 3569 2066 3639 magnitu-

510 3662 637 3719 dine
684 3662 861 3734 possis
909 3675 1073 3732 opera
1125 3662 1360 3732 collapsa
1407 3661 1749 3723 instaurare,
1800 3661 1919 3715 loca
1956 3675 2067 3715 non

511 3754 756 3810 habitata
781 3753 974 3808 incolis
997 3754 1291 3823 complere,
1321 3762 1375 3808 et
1400 3767 1509 3808 uno
1542 3752 1709 3808 verbo
1737 3752 2066 3807 solitudines

509 3846 569 3902 in
597 3846 764 3903 urbes
802 3844 1215 3901 translormare.
1244 3844 1348 3911 Qui
1379 3846 1546 3916 igitur
1574 3844 1641 3899 ad
1672 3845 1787 3901 haec
1824 3861 1884 3900 se
1910 3846 2065 3916 adju-

505 3942 681 3991 torem
709 3936 941 4006 praebet,
971 3950 1095 3991 eum
1126 3935 1343 4006 abigere
1373 3946 1426 3991 et
1456 3937 1672 4006 injuriis
1703 3936 1914 3993 allicere
1935 3952 2068 3993 con-

509 4034 853 4091 sentaneum,
899 4041 971 4082 an
1013 4026 1282 4082 honorare
1309 4043 1374 4082 ac
1401 4029 1615 4084 colere?
1646 4030 1832 4100 Neque
1874 4032 2064 4086 existi-

507 4132 647 4182 mes,
677 4118 763 4173 vir
799 4118 1019 4188 optime,
1053 4119 1217 4173 verba
1246 4126 1451 4173 tantum
1480 4136 1601 4176 esse
1631 4138 1751 4192 qua:
1787 4123 2016 4178 dicimus
2045 4142 2060 4178 :

509 4207 778 4279 siquidem
818 4209 931 4278 jam
971 4209 1026 4264 in
1077 4223 1239 4279 opere
1283 4227 1585 4279 versamur,
1632 4230 1755 4271 cum
1782 4218 2061 4273 materiam

2096 3066 2138 3123 C

2182 468 2492 537 ἀναγκαίων
2531 466 2842 522 ἐπιϐάλλειν
2874 468 3178 540 φροντίδας.
3215 470 3378 541 ὀμοῦ
3408 489 3472 525 τε
3512 473 3727 545 (sipha-

2178 576 2267 613 ται
2308 559 2439 631 γὰρ.
2472 558 2751 631 τάληθὲς),
2791 560 2885 615 καὶ
2931 560 3104 625 ἄλλως
3137 560 3363 634 ὤκνησα
3406 564 3625 635 μήποτε
3669 569 3729 632 είς

2178 651 2423 723 ἀνάγκην
2479 649 2719 720 ἔλθωμεν
2779 654 2898 716 ταῖς
2945 652 3064 707 κατ’
3122 652 3365 724 ἀλλήλων
3412 656 3728 724 ἀντιλογίαις

2176 741 2382 814 τρῶσαι
2423 741 2520 814 τὴν
2559 741 2736 812 ψυχήν
2786 759 2900 807 σου,
2956 743 3273 814 ὀφείλουσαν
3317 747 3376 799 ὲν
3423 749 3495 818 τῇ
3536 748 3729 821 καθαρᾷ

2178 835 2306 908 περὶ
2353 834 2443 888 τὸν
2485 834 2616 888 Θεὸν
2655 833 2909 906 εὐλαϐείᾳ
2935 835 3138 889 τέλειον
3172 837 3261 890 τὸν
3287 837 3479 908 μισθὸν
3499 840 3604 909 τῆς
3636 841 3730 895 Bso-

2179 926 2390 991 σεσείας
2449 925 2808 997 καρποῦσθαι.
2861 927 2952 997 Τῷ
3011 928 3123 982 ὄντι
3184 930 3312 1001 γὰρ,
3367 917 3466 985 ἐάν
3514 949 3578 985 σε
3615 936 3728 1004 πρὸς

2177 1014 2399 1081 ἑαυτοὺς
2430 1016 2843 1088 ἐπιστρέψωμεν
2872 1016 3198 1090 (ϐ’ὗὶέὴμεῖς,
3230 1021 3417 1092 ὀλίγην
3438 1039 3524 1075 σοι
3554 1025 3728 1095 σχολὴν

2177 1109 2312 1180 πρὸς
2338 1108 2406 1163 τὰ
2452 1108 2686 1178 δημόσια
2731 1109 3128 1180 καταλείψομεν
3152 1126 3167 1143 ’
3228 1113 3322 1165 καί
3361 1113 3726 1185 παραπλήσια

2175 1201 2492 1272 ποιήσομεν,
2548 1199 2735 1272 ῶσπερ
2785 1199 2851 1253 ἂν
2889 1199 2943 1253 εί
2985 1218 3069 1264 τις
3114 1201 3726 1276 κυϐερνήτην,νεοπαγῆ

2175 1290 2304 1344 ναῦν
2341 1291 2399 1343 ὲν
2446 1290 2665 1361 μεγάλῳ
2696 1289 2923 1344 κλύδωνι
2964 1290 3325 1357 διευθύνοντα,
3357 1297 3426 1365 τῇ
3454 1297 3727 1367 προσθήκη

2173 1382 2268 1437 τοῦ
2299 1383 2494 1454 φόρτου
2523 1381 2918 1455 καταϐαρύνοι,
2950 1384 3066 1438 δέον
3099 1384 3353 1456 ἀφαιρεῖν
3376 1403 3429 1440 τι
3445 1388 3560 1441 τῶν
3601 1390 3723 1457 ἀγω-

2174 1474 2374 1543 γίμων,
2423 1475 2517 1526 καὶ
2573 1472 3037 1544 συνεπικουφίζειν
3071 1474 3145 1538 ὡς
3190 1475 3432 1533 δυνατόν.
3457 1478 3628 1531 Ὅθεν
3657 1499 3724 1550 prs.

2173 1562 2320 1617 δοκεί
2354 1563 2449 1617 καὶ
2500 1562 2748 1633 βασιλεὺς
2783 1564 2812 1616 ὀ
2846 1565 3040 1634 μέγας,
3078 1565 3178 1637 σὴν
3208 1568 3723 1641 πολυπραγμοσύνην

2175 1655 2328 1728 ἡμῶν
2377 1654 2577 1724 ταύτην
2637 1655 2985 1726 καταμαθὼν,
3030 1658 3184 1711 ἐᾶσαι
3219 1661 3368 1731 ἡμᾶς
3398 1663 3488 1731 ἐφ’
3527 1665 3722 1716 ἑαυτῶν
3760 1714 3762 1719 .

2174 1747 2271 1811 τάς
2308 1746 2625 1819 Ἐκκλησίας
2646 1748 2968 1818 οἰκονομεῖν.
3005 1750 3142 1813 Τοὺς
3169 1750 3351 1821 μέντοι
3382 1756 3508 1817 ταῖς
3534 1755 3725 1819 αἰόλοις

2175 1840 2361 1904 ἀκοαῖς
2388 1857 2481 1894 σου
2506 1839 2967 1912 παρενοχλοῦντας
2992 1842 3332 1915 ἐρωτηθῆναι
3370 1844 3664 1918 βούλομαι,
3688 1850 3723 1901 τί

2173 1933 2352 2002 χεῖρον
2398 1929 2511 2001 ἔχει
2557 1929 2627 1983 τὰ
2677 1929 2910 2001 δημόσια
2961 1931 3090 2003 παρ’
3118 1935 3297 2002 ὴμᾶς;
3324 1934 3358 2005 ἦ
3387 1936 3441 1988 τί
3484 1940 3721 2010 μικρὸιά

2176 2025 2358 2096 μεῖζον
2371 2023 2478 2077 τῶν
2504 2022 2695 2077 κοινῶν
2720 2024 2783 2076 ἐκ
2802 2024 2898 2094 τῆς
2917 2023 3186 2097 ἡμετέρας
3214 2026 3339 2097 περὶ
3364 2027 3466 2090 τὰς
3506 2029 3723 2100 Ἐκκλτγ-
3760 2078 3762 2085 .

2173 2118 2294 2180 σίας
2343 2116 2648 2186 οἰκονομίας
2691 2115 2801 2186 (64)
2867 2116 3206 2185 ἠλάττωταις
3254 2117 3391 2188 πλὴν
3432 2120 3484 2171 εἰ
3531 2123 3611 2192 μή
3657 2139 3721 2185 τις

2174 2209 2323 2277 λέγοι
2358 2207 2560 2278 βλάϐην
2584 2210 2696 2271 τοῖς
2725 2206 3011 2279 πράγμασι
3041 2208 3246 2277 φέρειν,
3268 2206 3411 2262 οἶκον
3445 2211 3722 2282 εὐκτήριιν

2175 2296 2602 2369 μεγαλοπρεπῶς
2642 2298 3141 2369 κατεσκευασμένον
3170 2300 3471 2370 ἀναστῆσαι
3507 2302 3591 2372 τῷ
3618 2304 3721 2375 θεῷ
3760 2350 3762 2353 .

2171 2390 2348 2462 ἡμῶν,
2372 2390 2466 2443 καὶ
2508 2387 2635 2459 περί⁵
2682 2388 2844 2442 αὑτὸν
2881 2389 3113 2459 οἴκησιν,
3148 2392 3245 2462 τὴν
3295 2392 3391 2462 μὲν
3424 2393 3722 2466 ἐλευθέριον

2172 2482 2512 2554 ὲξῃρημένην
2543 2480 2655 2553 (6‘5)
2689 2481 2765 2553 τῷ
2794 2482 3096 2553 κορυφαίῳ,
3129 2482 3225 2546 τὰς
3252 2483 3307 2536 δὲ
3328 2483 3721 2555 ύποδεόηκυίσς
3760 2530 3762 2535 .

2170 2574 2278 2634 τοῖς
2311 2571 2671 2643 θεραπευταῖς
2696 2570 2789 2625 τοῦ
2809 2570 2949 2624 θείου
2996 2570 3454 2642 διανενεμημένας
3481 2574 3538 2625 ἐν
3560 2575 3719 2639 τάξει,
3760 2630 3762 2633 ,

2168 2656 2244 2716 ὧν
2263 2665 2297 2734 ἠ
2327 2663 2521 2734 χρῆσις
2564 2662 2717 2734 κοινὴ
2748 2663 2883 2733 πρός
2907 2679 2967 2716 τε
3005 2663 3147 2733 ὑμᾶς
3175 2664 3300 2725 τοὺς
3333 2663 3607 2735 ἄρχοντας
3641 2668 3721 2719 καὶ
3760 2722 3762 2739 Ι

2169 2756 2295 2818 τοὺς
2341 2754 2754 2825 παρεπομένους
2793 2755 2945 2824 ὑμῖν.
2981 2753 3114 2807 Τίνα
3143 2752 3200 2806 δὲ
3233 2753 3546 2825 ἀδικοῦμεν,
3602 2773 3722 2810 κατα
3760 2792 3762 2811 ;

2170 2843 2382 2914 αγώγια
2408 2848 2519 2909 τοῖς
2548 2844 2718 2910 ξένοις
2748 2845 3173 2917 οἰκοδομοῦντες,
3200 2848 3311 2909 τοῖς
3338 2863 3396 2898 τε
3419 2848 3564 2900 κατὰ
3594 2848 3723 2916 πάρ-

2170 2939 2287 2993 οδον
2318 2938 2635 3009 ἐπιφοιτῶσι
2687 2940 2778 2994 καὶ
2826 2942 2939 3004 τοῖς
2988 2939 3281 3010 θεραπείας
3313 2938 3457 3002 τινὸς
3504 2938 3598 2992 διὰ
3634 2940 3721 3009 τὴν

2170 3029 2452 3084 ἀσθένειαν
2479 3030 2773 3101 δεομένοις,
2792 3032 2885 3086 καὶ
2898 3030 2995 3101 τὴν
3014 3031 3316 3099 ἀναγκαίαν
3333 3030 3542 3092 τούτοις
3557 3047 3722 3101 παρσ-

2175 3120 2369 3192 μυθίαν
2421 3121 2866 3190 ὲγκαθιστῶντες,
2920 3122 3046 3186 τοὺς
3090 3120 3552 3191 νοσοκομοῦντας,
3603 3123 3721 3183 τοὺς

2173 3210 2536 3284 ἰατρεύοντας,
2552 3211 2621 3265 τά
2648 3212 2942 3283 νωτοφόρα,
2961 3212 3083 3274 τοὺς
3101 3212 3561 3282 παραπέμποντας
3595 3211 3719 3281 (66};

2170 3303 2393 3368 Τούτοις
2417 3304 2626 3375 ἀνάγκη
2662 3304 2757 3358 καί
2787 3303 2984 3374 τέχνας
3011 3303 3252 3366 ἔπεσθαι,
3281 3303 3377 3366 τάς
3405 3319 3466 3355 τε
3506 3303 3647 3374 πρὸς
3667 3303 3722 3355 τὸ

2170 3395 2267 3467 ζῇν
2289 3396 2608 3464 ἀναγκαίας,
2635 3396 2726 3449 καὶ
2748 3396 2868 3450 ὅσαι
2903 3396 3035 3468 πρὸς
3055 3396 3218 3466 εύσχὴ
3228 3412 3362 3465 μονα
3380 3394 3499 3464 βίου
3526 3394 3721 3462 διαγω-

2168 3485 2269 3557 γὴν
2314 3485 2684 3558 ἑφευρέθησαν
2711 3503 2725 3517 '
2762 3488 2940 3551 οίκους
2974 3486 3132 3540 πάλιν
3180 3485 3395 3557 ἑτέρους
3425 3488 3547 3549 ταῖς
3567 3488 3719 3555 ἐργα-

2171 3563 2681 3649 σίαιςὲπιτηδείους,
2713 3577 2855 3649 άπερ
2885 3581 3060 3632 πάντα
3082 3576 3160 3649 τῷ
3180 3577 3289 3647 ’μὲν
3316 3576 3466 3646 τόπῳ
3497 3576 3717 3646 κόσμος.

2166 3668 2246 3740 τῷ
2260 3670 2315 3723 δὲ
2341 3670 2560 3741 ἄρχοντι
2587 3673 2619 3741 ἡ
2630 3670 2745 3741 μῶν
2774 3669 3170 3740 σεμνολόγημα,
3199 3670 3283 3721 ἐπ’
3313 3668 3473 3722 αὑτὸν
3508 3668 3614 3737 τῆς
3644 3669 3719 3722 εύ-

2167 3763 2377 3834 φημίας
2416 3762 2755 3833 ἐπανιούσης.
2787 3763 2886 3826 ’ος
2909 3778 2973 3830 γε
3000 3760 3119 3815 οὐδὲ
3159 3760 3346 3815 τούτου
3374 3760 3560 3814 ἕνεκεν
3584 3760 3719 3831 πρδς
3760 3792 3762 3795 -

2166 3853 2264 3924 τὴν
2289 3853 2607 3907 ἐπιστασίαν
2637 3853 2789 3924 ἡμῶν
2826 3851 3161 3922 ὲξεὸιάσθης,
3187 3852 3261 3916 ῶς
3295 3851 3451 3922 μόνος
3474 3851 3718 3923 ἐξαρκῶν

2164 3941 2242 4013 τῷ
2294 3942 2511 4014 μεγέθει
2548 3945 2647 4015 τῆς
2698 3944 2919 4015 γνώμης
2964 3943 3033 3997 τά
3068 3961 3128 3997 τε
3169 3944 3575 4015 κατερῤυηκότα
3616 3944 3717 3996 τῶν

2164 4032 2341 4103 ἔργων
2381 4035 2492 4106 (67)
2533 4035 2839 4101 ἀναλαϐεῖν,
2890 4035 2987 4089 καὶ
3032 4034 3235 4089 οἰκίσαι
3280 4036 3376 4099 τὰς
3409 4036 3715 4107 ἀοικήτους,

2164 4128 2259 4180 καὶ
2288 4127 2424 4192 ὅλως
2447 4129 2539 4191 εἰς
2556 4127 2736 4191 πόλεις
2773 4127 2869 4192 τὰς
2904 4128 3136 4201 ἐρημίας
3163 4128 3586 4200 μετασκευάσαι.
3617 4129 3718 4181 ’[δν

2162 4212 2255 4272 οὖν
2315 4220 2396 4284 εἰς
2443 4220 2613 4291 ταῦτα
2662 4220 3018 4291 συνεργοῦντα
3055 4221 3295 4277 ἐλαύνειν
3337 4222 3431 4275 καὶ
3452 4222 3714 4291 ὑϐρίζειν,

507 4299 774 4355 hactenus
802 4302 1348 4377 comportaverimus..
1382 4302 1506 4359 Haec
1534 4305 1700 4376 igitur
1721 4307 1789 4362 ad
1817 4317 2058 4363 nostram

2168 4311 2193 4383 ἧ
2226 4314 2391 4385 τιμᾷν
2432 4314 2527 4367 καί⁹
2568 4314 2866 4387 περιέπειν,
2904 4314 3320 4386 ἀκολουθότερον
3361 4310 3457 4385 ἦν;
3490 4316 3601 4367 Καὶ
3641 4312 3716 4383 μὴ

506 4405 691 4449 coram
725 4397 938 4448 rectore
965 4390 1331 4449 defensionem
1373 4394 1516 4450 dicta
1547 4398 1677 4453 sint.
1719 4397 1850 4466 Quae
1882 4408 2057 4455 autem

2168 4405 2370 4477 οἰηθῇς,
2405 4400 2449 4460 ὧ
2474 4406 2681 4477 ἄριστε,
2732 4405 2885 4475 λόγον
2912 4406 3070 4478 μόνον
3106 4402 3244 4460 εἶναι
3277 4405 3344 4460 τὰ
3370 4408 3501 4478 παρ’
3523 4407 3679 4477 ἡμῶν
3698 4420 3713 4434 ’

506 4499 606 4556 par
631 4491 716 4540 est
738 4483 1003 4540 adversus
1024 4493 1405 4541 accusatorum
1432 4488 1704 4558 querelas,
1725 4498 1782 4544 ut
1802 4489 2063 4567 Christia-

506 4588 583 4630 no
604 4582 658 4630 et
688 4575 867 4629 amico
908 4574 1362 4632 existimationem
1413 4593 1587 4634 meam
1623 4595 1770 4637 curat
1818 4582 2059 4645 habenti.

506 4662 860 4735 respondere,
891 4678 955 4719 ea
985 4678 1130 4718 nunc
1159 4679 1384 4722 necesse
1412 4675 1496 4723 est
1529 4672 1969 4740 praetermittere.
2002 4681 2062 4728 ut

507 4761 563 4812 et
589 4756 833 4828 epistola:
854 4754 1015 4812 modo
1041 4756 1311 4828 longiora,
1343 4769 1396 4815 et
1423 4760 1639 4820 aliunde
1669 4763 1929 4822 inanimis
1953 4766 2062 4837 epi-

725 4912 1224 4995 Ἐπιστρέψωμεν.
1260 4914 1339 4972 Ita
1365 4933 1499 4977 mss.
1535 4935 1749 4977 summo
1768 4936 2058 4980 consensu.

503 4981 1087 5056 Editi_sntcrpé¢opsv.

575 5052 1113 5177 (Mi’oubroylac..
1145 5052 1274 5137 llaec
1334 5073 1440 5113 vox
1499 5058 1679 5114 addita
1733 5076 1798 5116 ex
1864 5078 2059 5119 novem

575 5137 639 5177 is.
716 5124 839 5177 aulo
871 5132 995 5177 ιιοει
1030 5123 1160 5177 εὼῑι
1212 5128 1643 5177 μεγαλοπρεπές·
1679 5146 1811 5177 mss-
1845 5147 2059 5177 summa

503 5137 639 5178 mss.
670 5123 839 5177 Paulo
871 5132 995 5201 post
1030 5123 1190 5201 editi_
1211 5128 1643 5201 μεγαλοπρεπές
1679 5146 1813 5189 mss.
1845 5147 2060 5189 summo

502 5193 1251 5267 conssnsaetralospmﬁée

573 5209 773 5249 nsensu
846 5209 1251 5267 εγαΑοπρεπως.

573 5262 707 5347 (tibi
1209 5266 1336 5347 Haec
1377 5267 1668 5340 scriptura,
1710 5273 1959 5347 quamvis
2002 5274 2057 5331 in

502 5329 902 5408 editistantuti)
927 5329 1186 5408 a'c‘llo‘isl.
1219 5340 1396 5407 primo
1424 5329 1697 5408 occurrat,
1728 5329 1947 5397 videtur
1974 5351 2055 5397 ta-

500 5416 626 5487 men
648 5403 700 5459 ei
726 5401 1080 5487 pmlerenda,
1120 5401 1282 5487 quam
1314 5407 1514 5487 habent
1540 5411 1630 5465 alii
1664 5401 1799 5467 mss.
1834 5414 2055 5487 ἐξηρτηι

504 5471 691 5554 μένην.
730 5471 902 5554 Paulo
935 5484 1057 5554 post
1084 5471 1216 5534 editi
1259 5477 1501 5548 ἐντάξαι,
1535 5496 1637 5552 pro
1675 5497 1788 5554 quo
1815 5471 1891 5543 οἱ
1916 5471 2052 5542 ἱὶλεᾶ.

499 5542 787 5611 posuimus
816 5544 874 5596 tv
901 5542 1069 5611 τάξει.

573 5610 685 5694 (66)
722 5610 1255 5694 ζιαρᾳᾴιποντᾳς.
1294 5617 1651 5694 Deducar“,
1687 5620 1745 5678 id
1790 5632 1874 5694 est
1891 5663 1910 5688 ,
1961 5641 2056 5682 eos

500 5680 595 5751 qui
620 5680 833 5740 obviam
859 5680 1029 5755 ibant,
1057 5698 1111 5743 et
1133 5680 1396 5747 ab'euntes
1428 5680 2057 5755 deducebant.7Videtur
2147 5680 2176 5726 τί

2161 4496 2261 4569 ἢδη
2316 4498 2424 4571 γάρ
2460 4500 2626 4569 ἐσμεν
2666 4501 2723 4554 ἐν
2749 4499 2827 4571 τῷ
2855 4499 3022 4572 ἔργῳ,
3044 4499 3143 4562 τὰς
3169 4498 3299 4563 ῦλας
3327 4499 3461 4563 τέως
3503 4516 3713 4571 συμπο·

2163 4590 2455 4663 ριζόμενοι.
2499 4592 2579 4646 Τά
2615 4593 2710 4665 μὲν
2747 4589 2839 4646 οὖν
2882 4592 3014 4664 πρὸς
3050 4594 3149 4663 τὴν
3178 4591 3272 4645 τοῦ
3296 4592 3559 4663 ἄρχοντος
3584 4595 3716 4646 ἁπο-

2160 4683 2344 4753 λογίαν
2392 4685 2631 4738 τοιαῦτα.
2681 4685 2746 4737 ’Ἀ
2776 4685 2833 4738 δὲ
2881 4684 2963 4738 δεῖ
3000 4685 3135 4757 πρὸς
3164 4683 3261 4748 τάς
3297 4684 3407 4737 ⁴τῶν
3433 4684 3713 4753 φιλαιτίων

2162 4771 2419 4843 μέμψεις,
2480 4773 2556 4838 ὡς
2615 4772 2922 4845 Χριστιανῷ
2984 4775 3076 4828 καὶ
3135 4773 3272 4845 φίλῳ
3333 4774 3714 4846 πεφροντικότι

2159 4926 2385 4988 honoris
2421 4946 2586 4988 causa
2625 4930 2972 5001 hocimnnus
3022 4931 3237 4987 clericis
3272 4946 3415 5001 saepe
3458 4930 3717 4986 commis-

2161 5013 2280 5071 sum
2311 5002 2500 5058 luisse.
2554 5000 2687 5056 Nam
2736 5000 2970 5057 Basilius
3017 5002 3070 5055 in
3125 5003 3284 5071 epist.
3331 5002 3437 5056 245
3483 5009 3715 5056 testatur

2157 5069 2394 5143 Arianos
2430 5072 2532 5127 sibi
2555 5071 2757 5143 omnia
2802 5069 3174 5143 ecclesiastica
3222 5087 3404 5143 munia
3435 5086 3712 5143 arrogare.

2161 5139 2377 5211 iubis
2422 5150 2483 5196 ut
2539 5141 2809 5198 deducant
2862 5142 3301 5211 proﬁciscentes.
3354 5139 3611 5211 Queritur
3650 5140 3715 5193 in

2158 5210 2317 5291 epist.
2356 5210 2641 5291 98,_quod.
2662 5228 2723 5291 se
2770 5209 3017 5267 Mel'etius
3045 5223 3098 5269 et
3126 5209 3714 5291 Theodotius-perluat

2159 5280 2331 5353 ctorie
2362 5280 2731 5353 invitaverint,
2781 5297 2885 5353 nec
2930 5280 3570 5353 quemquaingmiserint,
3614 5280 3715 5353 qui

2158 5350 2356 5407 iterum
2383 5352 2699 5408 admoneret
2725 5360 2819 5407 aut
2839 5349 3148 5408 deduceret.
3168 5349 3323 5418 (Vide
3342 5350 3633 5418 Addenda.)

2136 5419 2504 5493 ,Λευ-Τῶν
2540 5421 2748 5493 ἄρτων.
2796 5422 2892 5493 lta_
2924 5432 3039 5480 tres
3083 5423 3439 5493 vetustissimi
3469 5422 3711 5493 codices.

2156 5488 2334 5557 Βοιὼ,
2357 5490 2497 5548 Med.
2528 5488 2583 5548 ei
2608 5488 2777 5549 Coisl.
2812 5491 3044 5557 primus.
3080 5491 3187 5550 Sex
3213 5493 3303 5546 alii
3336 5506 3466 5547 mss.
3498 5506 3599 5547 non
3624 5488 3713 5557 ita

2155 5556 2353 5619 vetusti
2402 5576 2504 5636 pro
2551 5563 2638 5636 his
2687 5556 2915 5636 vocibus
2966 5561 3291 5636 habent_ti}‘i
3322 5563 3511 5636 χρόνῳ.
3561 5556 3714 5616 Editi

2158 5631 2450 5723 utrumque
2479 5632 2680 5699 habent
2713 5631 2823 5689 τῶν
2852 5632 3029 5706 ἔργων
3055 5642 3110 5693 et
3136 5631 3214 5704 τῷ
3241 5631 3436 5707 χρόνῳ.
