3762 6468
95 329 181 387 493

596 463 940 518 summa
978 465 1084 530 ιιΖι.

955 321 1439 382 EPISTOLABUM
1475 319 1764 380 ccassrs
1801 318 1868 376 ιι.
1893 289 2128 378 Ἐριετ.
2168 319 2377 376 xcvu.

3183 319 3286 373 £93

2200 455 2532 512 EPISTOLA
2567 456 2794 514 XCVII‘.

94 573 301 626 Baiarum
323 573 458 638 pacis
480 575 692 625 studium
715 574 932 627 declarat
959 575 1169 627 Basilius
1194 574 1241 626 in
1263 569 1966 699 vehementisrggsgmione,
1993 585 2102 635 qua:
2123 569 2169 622 ei
2189 584 2296 620 cum
2320 569 2540 622 Antltimo
2569 573 2627 621 ob
2665 571 2988 638 Cappadocia:
3007 571 3287 627 diuisionem

644 639 657 655 ⁸
1731 651 1744 682 t
1787 671 1797 681 .

1731 651 1797 682 ιιι.

533 717 617 788 Τῇ
640 717 845 788 ,ϐουλῇ
885 717 1140 772 Τυάνων.

157 810 206 862 '0
231 807 616 862 ἀνακαλύπτων
649 809 836 878 βαθέα.
862 811 955 862 καὶ
983 810 1232 880 φανερῶν
1264 808 1458 880 βουλὰς
1488 824 1622 880 καρ-

91 898 210 960 διῶν,
257 897 459 968 Κύριος
512 896 680 950 ἔδωκε
743 899 838 952 καὶ
909 902 1019 962 τοῖς
1073 901 1349 962 ταπεινοῖς
1412 897 1624 951 σύνεσιν

91 988 180 1041 τῶν
209 987 612 1060 δυσθεωρήτων,
659 987 734 1052 ῶς
772 1005 914 1053 τινες
957 989 1176 1054 οἴονται.
1218 989 1620 1060 τεχνασμάτων.

91 1079 228 1132 υῦδὲν
254 1075 344 1132 οὖν
383 1079 530 1148 ἡμᾶς
577 1077 784 1143 ἔλαθεν,
822 1078 944 1132 οὔτε
986 1078 1093 1131 τῶν
1129 1079 1526 1150 πεπραγμένων
1572 1095 1624 1130 τι

91 1169 437 1240 κεκρυμμένον
463 1187 476 1198 ·
503 1169 620 1222 ἀλλ’
660 1170 807 1240 ὅμως
861 1171 1020 1240 ἡμεῖς
1057 1167 1180 1222 οὔτε
1223 1169 1464 1241 ὁρῶμεν,
1502 1167 1624 1222 οὔτε

92 1259 322 1329 ἀκοῦομεν
348 1257 476 1312 ἄλλο
501 1275 553 1310 τι
574 1257 605 1327 ἢ
627 1257 723 1329 τὴν
753 1259 972 1329 εἰρήνην
987 1259 1080 1311 τοῦ
1100 1256 1232 1311 Θεοῦ
1255 1259 1348 1310 καὶ
1373 1258 1470 1310 ὅσα
1492 1257 1622 1326 (77),

91 1349 202 1420 πρὸς
237 1348 403 1420 αὐτὴν
449 1349 624 1420 φέρει.
658 1350 720 1402 El
754 1350 863 1421 γὰρ
907 1350 999 1402 καὶ⁸
1043 1350 1216 1421 ἕτεροι
1254 1349 1494 1426 δυνατοὶ,
1535 1349 1628 1400 καὶ

92 1439 302 1510 μεγᾶλοι,
329 1441 426 1492 καὶ
462 1442 672 1504 ἑαυτοῖς
716 1440 1051 1504 πεποιθότες,
1097 1440 1211 1493 ἀλλ’
1250 1442 1408 1510 ἡμεῖς
1445 1442 1491 1492 οἱ
1521 1457 1628 1510 μη-

88 1531 273 1592 δένηιαὶ
292 1529 390 1582 τοῦ
421 1530 644 1601 μηδενὸς
669 1529 824 1594 ἄξιοι·
849 1531 986 1583 ὥστε
1020 1531 1120 1584 οὐκ
1146 1531 1210 1584 ἄν
1251 1547 1380 1584 ποτε
1403 1529 1512 1602 (78)
1539 1547 1628 1582 το-

91 1622 246 1675 σοῦτον
277 1625 494 1686 ἑαυτοῖς
519 1622 795 1692 λάϐοιμεν,
831 1623 906 1686 ὡς
928 1624 984 1675 ἐν
1005 1625 1070 1694 τῇ
1106 1622 1333 1694 μονώσει
1374 1621 1629 1689 δύνασθαι

86 1713 270 1784 νομίσαι
309 1713 662 1786 περιέσεσθαι
715 1715 824 1768 τῶν
869 1715 1206 1786 πραγμάτων
1229 1730 1242 1744 ·
1277 1714 1518 1786 ἁκριὸῶς
1557 1716 1632 1767 εί-

85 1804 226 1866 δίτες,
261 1805 346 1857 ὅτι
386 1805 547 1858 πλέον
575 1807 738 1875 ἡμεῖς
767 1805 868 1875 τῆς
913 1804 1030 1868 ἑνὸς
1063 1805 1294 1858 ἑκάστου
1337 1807 1444 1859 τῶν
1480 1806 1633 1860 ἀδελ-

87 1893 180 1964 σῶν
201 1896 516 1966 ἐπικουρίας
545 1895 776 1967 δεόμεθα
817 1897 850 1968 ἦ
887 1899 1009 1951 ὅσον
1037 1899 1071 1968 ἡ
1107 1899 1267 1971 ἑτέρα
1302 1899 1408 1953 τῶν
1435 1898 1632 1969 χειρῶν

85 1983 167 2053 τῆς
199 1986 412 2054 ἑτέρας.
452 1985 605 2040 Ἐπεὶ
646 1987 740 2039 καὶ¹
772 1985 832 2052 ἐξ
879 1989 1048 2058 αὐτῆς
1095 1990 1194 2060 τῆς
1246 1989 1340 2043 τοῦ
1385 1989 1634 2061 σώματος

1647 725 1697 780 Α

2215 713 2433 768 Senatut'
2477 713 2795 784 Tyanorum.

1793 805 1896 872 Qui
1923 806 2133 861 occulta
2167 806 2388 867 revelat,
2424 813 2478 859 et
2507 805 2752 860 cordium
2776 807 3084 885 consiliain
3115 810 3286 866 lucem

1725 896 1966 965 profert,
2007 893 2265 950 Dominus
2319 895 2548 964 largitus
2582 901 2666 949 est
2708 897 2907 952 vilibus
2950 909 3005 953 et
3053 899 3282 968 abjectis

1727 987 2133 1058 intelligentiam
2181 987 2478 1042 dillicilium
2527 985 2592 1040 ad
2630 987 3142 1058 deprehendendum
3172 1029 3188 1055 ,
3225 1001 3286 1046 ut

1727 1079 1973 1135 nonnulli
2007 1085 2219 1148 putant,
2253 1078 2741 1134 machinationum.
2776 1078 2919 1133 Nihil
2944 1081 3110 1150 igitur
3133 1083 3291 1140 latuit

1727 1185 1860 1234 nos,
1907 1184 2007 1225 nec
2040 1171 2336 1240 quidquam
2367 1184 2554 1224 eorum
2589 1185 2710 1239 qua:
2743 1169 2884 1226 facta
2918 1181 3075 1236 sunt,
3107 1176 3292 1228 occul-

1731 1268 1844 1314 tum
1875 1258 1992 1314 fuit.
2023 1259 2276 1313 Attamen
2307 1272 2408 1313 uos
2432 1274 2608 1328 neque
2636 1259 2906 1325 videmus,
2933 1276 3110 1331 neque
3137 1263 3293 1318 audi-

1730 1365 1852 1405 mus
1876 1349 2171 1420 quidquam
2204 1349 2374 1414 aliud,
2409 1345 2696 1419 quam'Dei
2745 1367 2955 1421 pacem,
2986 1362 3040 1408 et
3073 1370 3194 1425 quae
3225 1357 3291 1409 ad

1729 1455 1846 1495 eam
1873 1439 2071 1496 ferunt.
2103 1439 2237 1494 Nam
2267 1441 2374 1496 etsi
2395 1441 2486 1495 alii
2518 1450 2767 1523 potentes
2795 1451 2957 1508 sunt,
2994 1453 3048 1500 et
3078 1429 3292 1516 magni,
3344 1449 3354 1459 '

1733 1539 1786 1584 et
1809 1530 1909 1586 sibi
1928 1531 2062 1600 ipsis
2095 1530 2343 1596 fidentes,
2383 1538 2566 1587 tamen
2594 1548 2697 1588 nos
2725 1533 2860 1588 nihil
2883 1550 3074 1592 sumus
3096 1546 3148 1590 et
3173 1537 3294 1591 nul-

1732 1617 1836 1673 lius
1863 1619 2053 1688 pretii;
2074 1636 2242 1690 quare
2269 1635 2547 1691 nunquam
2573 1630 2782 1677 tantum
2814 1625 2972 1682 nobis
2994 1640 3292 1690 sumemus,

1741 1717 1790 1762 rt
1817 1709 1871 1762 in
1903 1710 2200 1766 solitudine
2243 1711 2527 1766 videamur
2567 1713 2726 1770 nobis
2772 1715 2987 1784 negotia
3026 1716 3297 1773 conficere

1733 1815 1932 1870 posse:
1987 1801 2188 1872 quippe
2244 1819 2368 1858 cum
2426 1804 2594 1872 probe
2646 1805 2918 1870 sciamus,
2973 1807 3148 1878 magis
3195 1823 3296 1864 nos

1736 1891 2164 1962 uniuscujusque
2190 1893 2342 1963 191
2368 1893 2593 1948 fratrum
2618 1896 2822 1951 auxilio
2846 1897 3107 1968 indigere,
3132 1915 3296 1970 quam

1736 1995 1955 2035 manum
1988 1983 2210 2038 alteram
2245 1985 2472 2041 alterius
2505 2000 2636 2054 ope:
2671 1986 2940 2057 siquidem
2984 1996 3038 2043 et
3081 2005 3148 2044 ex
3181 1991 3298 2060 ipsa

83 2072 216 2143 ἡμῶν
253 2075 604 2144 κατασκευῆς
659 2075 721 2127 τὸ
771 2077 1066 2144 ἀναγκαῖον
1111 2077 1209 2148 τῆς
1269 2077 1550 2141 κοινωνίας
1601 2080 1630 2130 ὁ

1768 2073 1974 2142 orporis
2012 2076 2186 2129 nostri
2225 2075 2614 2132 constitutione
2653 2079 2977 2132 societatem
3042 2093 3300 2136 necessa-

86 2163 256 2234 Κύριος
281 2165 434 2234 ἡμᾶς
473 2164 726 2230 ἐδίδαξεν.
755 2165 920 2217 Ὅταν
958 2165 1066 2236 γὰρ
1103 2167 1239 2238 πρὸς
1279 2167 1422 2220 αὐτὰ
1458 2167 1630 2219 ταῦτα

84 2255 232 2308 ἀπίδω
261 2255 380 2325 (79)
412 2253 482 2307 τὰ
512 2254 646 2326 μέλη
675 2255 854 2326 ἡμῶν,
885 2255 964 2308 ὅτι
1003 2255 1060 2309 ἓν
1101 2256 1250 2310 οὐδὲν
1281 2257 1458 2328 ἑαυτῷ
1494 2257 1627 2328 πρὸς

82 2347 335 2417 ἐνέργειαν
380 2345 670 2418 αὔταρκες,
721 2346 836 2409 πῶς
881 2348 1117 2418 ἐμαυτὸν
1157 2347 1439 2422 λργίσομαι
1475 2349 1632 2421 ἐξαρ-

85 2442 182 2491 κεῖν
204 2423 394 2510 ⁸ἑαυτῷ
429 2438 566 2508 πρὸς
601 2438 666 2492 τὰ
695 2438 786 2492 τοῦ
828 2439 940 2510 βίου
987 2441 1317 2512 πράγματα;
1353 2441 1488 2494 Οὔτε
1524 2441 1632 2512 γὰρ

86 2529 296 2606 ἆνίποῦς
339 2529 596 2598 ἀσφαλῶς
651 2529 908 2604 βαδίσειε,
962 2531 1034 2604 μὴ
1090 2533 1634 2606 συνυποστηρίζοντος

85 2592 384 2698 τοί-ἐτέρου
407 2592 437 2650 ⁸-
457 2620 580 2674 οὔτε
611 2592 1082 2693 ὸίρῦαλμὺςὺγιῶς
1119 2625 1236 2687 ἴδοι,
1277 2625 1348 2695 μὴ
1381 2592 1634 2678 κοινωνὸν

87 2709 203 2780 ἔχων
235 2712 330 2764 τὸν
370 2711 579 2784 ἕτερον,
625 2713 716 2766 καὶ
752 2715 870 2782 μετ’
911 2715 1072 2768 αὑτοῦ
1115 2714 1419 2785 συμφώνως
1465 2731 1636 2786 προσ-

87 2802 273 2856 ϐάλλων
322 2806 438 2867 τοῖς
483 2805 715 2875 ὁρατοῖς.
765 2805 830 2858 Ἦ
881 2807 1016 2878 ἀκοὴ
1068 2801 1430 2878 ἀκριϐεστέρα
1489 2808 1520 2877 ἡ
1569 2807 1635 2859 δι’

89 2894 263 2964 ἀμφοῖν
291 2898 409 2948 τοῖν
455 2895 637 2966 πόροιν
687 2896 784 2968 τὴν
823 2896 1004 2968 φωνὴν
1037 2898 1319 2970 δεχομένη,
1351 2901 1446 2952 καὶ
1487 2899 1638 2953 ἀντί-

87 2986 226 3056 inde;
259 2987 627 3058 κραταιοτέρα
664 2989 728 3058 τῇ
763 2987 1011 3060 κοινωνίᾳ
1055 2989 1162 3042 τῶν
1193 2989 1488 3044 δακτύλων.
1531 2992 1640 3044 Καὶ

88 3078 403 3144 ἁπαξαπλῶς
430 3079 581 3132 οὐδὲν
621 3079 742 3132 οὔτε
790 3079 897 3132 τῶν
929 3082 994 3133 ὲκ
1028 3081 1240 3150 φύσεως
1275 3081 1397 3135 οὔτε
1439 3083 1547 3136 τῶν
1576 3083 1659 3135 ὲκ⁸

90 3170 445 3239 προαιρέσεως
469 3165 912 3240 κατορθουᾟένων
941 3167 1052 3242 ὁρῶ
1087 3172 1213 3225 ἄνευ
1243 3172 1340 3244 τῆς
1375 3172 1483 3226 τῶν
1511 3173 1640 3244 ὀμο-

93 3259 250 3326 φύλων
278 3260 586 3330 συμπνοίας
612 3261 1023 3332 ἐπιτελούμενον
1043 3279 1057 3291 °
1085 3264 1218 3317 ὅπου
1261 3281 1324 3332 γε
1363 3266 1457 3318 καὶ¹
1502 3266 1640 3338 αὑτὴ

90 3353 408 3423 ἡπροσευχὴ
451 3351 525 3424 μὴ
559 3352 752 3422 ἔχουσα
791 3354 917 3418 τοὺς
965 3355 1383 3424 συμφωνοῦντας
1427 3357 1644 3428 ἀδρανε-

95 3441 238 3510 πὲρα
275 3443 394 3494 ἐστὶ
411 3441 590 3511 πολλῷ
619 3443 836 3512 ἑαυτῆς,
865 3441 958 3494 καὶ
987 3443 1016 3495 ὁ
1044 3441 1247 3514 Κύριος
1285 3443 1644 3513 ἐπηγγείλατο

1740 2161 1874 2216 riam
1898 2179 2020 2219 esse
2056 2164 2312 2221 Dominus
2347 2181 2446 2222 nos
2467 2169 2671 2221 docuit.
2695 2167 2832 2222 Cum
2860 2169 3008 2224 enim
3037 2169 3154 2223 bmc
3183 2170 3297 2240 ipsa

1737 2265 1923 2311 nostra
1957 2257 2200 2312 membra
2229 2259 2538 2322 considero,
2563 2275 2796 2328 quorum
2828 2261 3036 2314 nullum
3068 2261 3169 2317 sibi
3196 2262 3300 2331 ipsi

1740 2345 1808 2401 ad
1841 2347 2108 2416 agendum
2140 2350 2274 2403 satis
2311 2355 2430 2403 est:
2458 2350 2732 2418 quomodo
2762 2349 2892 2404 mihi
2930 2350 3046 2420 ipse
3079 2351 3304 2406 videbor

1738 2435 1806 2491 ad
1862 2438 1984 2492 vitae
2041 2440 2256 2508 negotia
2303 2438 2585 2494 sullicere?
2621 2439 2810 2510 Neque
2851 2440 2996 2496 enim
3044 2456 3142 2511 pes
3187 2451 3305 2496 tuto

1739 2530 2040 2600 gradiatur,
2078 2547 2187 2586 non
2239 2531 2581 2588 sulfulciente
2629 2533 2831 2588 altero:
2880 2548 3060 2604 neque
3109 2534 3305 2589 oculus

1741 2628 1889 2674 recte
1924 2621 2142 2684 videat,
2185 2637 2291 2675 non
2338 2621 2546 2676 habens
2590 2623 2820 2677 alterum
2857 2633 3202 2688 consortem,
3252 2633 3308 2682 et

1741 2727 1865 2766 cum
1895 2727 1962 2768 eo
1987 2713 2264 2768 socialiter
2288 2713 2372 2790 his
2401 2728 2522 2783 qua:
2545 2713 2818 2774 videntur.
2845 2715 3107 2770 intentus.
3131 2715 3306 2770 Audi-

1742 2813 1830 2859 tus
1873 2804 2218 2868 accuratior,
2251 2805 2350 2878 qui
2404 2820 2500 2874 per
2551 2813 2811 2875 utrosque
2839 2815 3070 2862 ‘meatns
3119 2822 3306 2862 vocem

1744 2896 1994 2965 suscipit,
2027 2907 2080 2951 et
2110 2895 2301 2951 fortior
2329 2895 2712 2966 apprehensio,
2747 2896 3038 2968 digitorum
3075 2898 3308 2968 conjun—

1745 2986 1945 3042 ctione.
1964 2985 2028 3040 Et
2046 2987 2102 3040 in
2127 3002 2358 3053 summa,
2382 2987 2517 3042 nihil
2547 3003 2719 3057 neque
2739 3002 2927 3041 eorum
2949 3003 3070 3058 qum
3093 2997 3307 3052 natura,

1746 3093 1922 3147 neque
1968 3091 2156 3132 eorum
2206 3093 2328 3146 qua:
2377 3079 2542 3133 libera
2590 3079 2870 3133 voluntate
2915 3078 3310 3148 perﬁciuntur,

1747 3170 1882 3223 citra
1929 3170 2390 3240 conspirationem
2435 3183 2624 3224 eorum
2669 3184 2790 3238 qua:
2821 3169 3062 3238 ejusdem
3098 3171 3313 3241 generis

1749 3268 1897 3325 sunt,
1933 3261 2116 3332 perlici
2141 3261 2328 3326 video;
2364 3275 2486 3314 cum
2518 3267 2572 3316 et
2616 3275 2806 3330 preces
2849 3262 3000 3330 ipsa,
3049 3261 3097 3316 si
3134 3260 3315 3318 desint

1748 3354 1843 3422 qui
1888 3354 2232 3422 conspirent,
2281 3353 2438 3424 longe
2487 3353 2596 3407 sint
2645 3353 2846 3423 seipsis
2889 3353 3217 3422 debiliores,
3251 3369 3317 3408 ac

1751 3443 2013 3498 Dominus
2041 3445 2183 3499 inter
2207 3443 2348 3500 duos
2373 3452 2464 3498 aut
2493 3451 2625 3504 tres.
2653 3445 2747 3513 qui
2775 3445 2949 3513 ipsum
2974 3445 3318 3500 concorditer

95 3532 239 3599 μέσος
265 3532 594 3603 γενήσεσθαι
644 3534 844 3602 μεταξὺ
891 3534 1002 3604 (80)
1051 3534 1143 3588 δύο
1184 3536 1217 3607 ἢ
1256 3535 1420 3607 τριῶν
1453 3537 1646 3590 ἐπικα-

1775 3534 2124 3588 uvocaverint
2149 3573 2164 3597 ,
2199 3533 2435 3588 medium
2482 3549 2544 3588 se
2585 3532 2701 3587 fore
2752 3534 3080 3603 promiserit.
3121 3534 3228 3591 Sed
3264 3543 3319 3592 et

92 3621 349 3694 λουμὲνων
383 3625 546 3680 αὑτὸν
585 3628 641 3679 ἐν
668 3627 904 3698 ὁμονοίᾳ.
942 3628 1050 3681 Καὶ
1087 3628 1254 3699 αὐτὴν
1290 3629 1345 3682 δὲ
1385 3628 1482 3700 τὴν
1513 3631 1648 3682 οἰκο-

92 3717 267 3784 νομίαν
294 3719 324 3769 ὁ
378 3716 585 3788 Κύριος
631 3719 974 3784 κατεδέξατο.
1005 3719 1092 3772 ἴνα
1137 3721 1518 3792 είρηνοποιήσῃ
1563 3712 1654 3774 δια

94 3808 174 3859 τοῦ
195 3808 430 3878 αἵματος
467 3807 561 3861 τοῦ
595 3810 827 3880 σταυροῦ
861 3811 1022 3864 αὐτοῦ
1057 3813 1164 3866 εἴτε
1197 3813 1266 3866 τὰ
1302 3813 1395 3865 ἐπὶ
1428 3812 1524 3881 τῆς
1551 3813 1651 3884 γῆς

96 3898 190 3950 εἴτε
219 3899 290 3951 τὰ
331 3901 390 3952 ὲν
431 3901 547 3963 τοῖς
589 3901 856 3971 οὐρανοῖς.
893 3903 1074 3967 Ὥστε,
1111 3902 1200 3956 διὰ
1238 3902 1408 3956 ταῦτα
1453 3903 1650 3965 πάντα,

97 3990 144 4040 ἐν
172 3991 356 4062 εἰρήνῃ
395 3992 576 4062 μένειν
621 3991 720 4054 τὰς
763 3992 1086 4062 λειπομένας
1128 3994 1282 4064 ἡμῶν
1322 3994 1531 4066 ἡμέρας
1567 3994 1654 4046 εὐ-

98 4079 315 4152 χόμεθα·
356 4085 414 4134 ὲν
454 4083 646 4154 εἰρήνῃ
686 4083 742 4136 δὲ
789 4084 1036 4152 γενέσθαι
1084 4087 1180 4158 τὴν
1219 4087 1473 4157 κοίμησιν
1498 4085 1656 4157 ἡμῶν

99 4173 364 4243 αἰτοῦμεν.·
394 4175 564 4244 ’Υπὲρ
599 4174 800 4246 ταύτης
832 4176 950 4229 οὐδὲ
986 4179 1145 4230 πόνον
1183 4177 1448 4231 ἐλλείπειν
1478 4179 1656 4230 ὅντινα

100 4259 181 4318 οὖν
210 4265 444 4334 ἔγνωκα,
478 4267 539 4320 οὐ
574 4269 830 4320 ταπεινόν
876 4285 926 4320 τι
971 4268 1302 4337 φθέγξασθαι
1340 4269 1372 4338 ἢ
1414 4269 1654 4338 ποιῆσαι,

100 4355 186 4424 οὐχ
224 4357 530 4428 ὁδοιπορίας
567 4359 738 4427 μῆκος
796 4359 1237 4427 ὑπολογίσασοαι,
1284 4359 1382 4411 οὐκ
1423 4358 1556 4412 ἄλλο
1606 4376 1659 4410 τι

103 4447 196 4498 τῶν
219 4449 462 4521 ὀχληρῶν
485 4449 597 4517 (8|)
633 4451 1068 4514 ὑποστείλασθαι,
1109 4449 1248 4503 ὥστε
1297 4450 1405 4504 τῶν
1454 4449 1659 4521 μισθῶν

103 4541 189 4610 τῆς
217 4543 584 4612 εἰρηνοποιίας
613 4544 904 4613 ἐπιτυχεῖν.
936 4543 1052 4598 Κᾶν
1087 4544 1183 4615 μὲν
1215 4543 1412 4614 ἓπηταί
1437 4542 1547 4612 (82)
1579 4561 1660 4607 τις

104 4631 261 4686 ταῦτα
281 4633 712 4706 καθηγουμένοις
737 4637 887 4706 ἡμῖν,
906 4635 1062 4688 τοῦτο
1091 4636 1330 4707 ἄριστον,
1365 4637 1458 4688 καὶ
1495 4635 1660 4706 εὐχῆς

105 4723 341 4792 τυγχάνει
363 4725 556 4794 πέρας
573 4724 667 4778 ἐὰν
687 4724 741 4778 δὲ
765 4725 900 4796 πρὸς
923 4725 1018 4796 τὴν
1037 4724 1283 4778 ἐναντίαν
1305 4724 1513 4796 ἀτέλκῃ
1527 4723 1659 4797 (85),

108 4813 208 4881 ἐγὼ
229 4817 318 4886 μὲν
344 4817 465 4869 οὐδὲ
484 4816 627 4869 οὕτω
649 4817 747 4886 τῆς
766 4817 998 4886 ἐμαυτοῦ
1022 4816 1251 4888 κρίσεως
1263 4817 1468 4888 ἀποστή
1477 4834 1657 4887 σομαι·.

1749 3627 2212 3698 dispensationem
2261 3628 2435 3698 ipsam
2486 3627 2750 3681 Dominus
2797 3627 3072 3697 suscepit,
3116 3637 3175 3682 ut
3223 3643 3319 3698 per

1751 3719 2068 3790 sanguinem
2103 3735 2215 3775 sua:
2233 3720 2416 3774 crucis
2440 3719 2554 3776 sive
2577 3730 2786 3773 terrena
2815 3721 2928 3774 sive
2951 3720 3196 3776 ctelestia
3224 3735 3320 3791 pa-

1751 3813 2010 3866 cilicaret.
2056 3810 2264 3876 Quare.
2298 3811 2370 3866 ob
2415 3810 2530 3866 haec
2575 3810 2786 3870 omnia.
2823 3813 2878 3866 in
2921 3827 3054 3882 pace
3098 3825 3320 3868 manere

1753 3903 1994 3972 reliquos
2023 3900 2144 3956 dies
2173 3910 2394 3956 nostros
2423 3911 2699 3971 optamus,
2732 3903 2785 3956 in
2811 3918 2944 3972 pace
2975 3901 3089 3957 fieri
3120 3901 3322 3958 obdor-

1754 3993 2038 4048 mitionem
2083 3998 2326 4046 nostram
2375 4006 2685 4061 precamur.
2745 3991 2921 4046 Statui
2967 3994 3120 4063 pacis
3155 4009 3322 4050 causa

1755 4099 1857 4140 nec
1887 4085 2125 4139 laborem
2154 4083 2322 4137 ullum
2347 4083 2778 4152 prmtermittere.
2805 4099 2913 4137 non
2945 4083 3148 4138 humile
3173 4085 3320 4140 dictu

1757 4175 2057 4246 quidquam
2107 4183 2200 4229 aut
2254 4173 2443 4240 factu,
2497 4189 2606 4229 non
2657 4176 2871 4231 itineris
2930 4176 3321 4246 longitudinem

1757 4269 1957 4334 vereri,
1988 4284 2095 4322 non
2128 4267 2426 4338 quidquam
2459 4267 2606 4322 aliud
2644 4269 2934 4324 molestum
2963 4268 3232 4339 refugere,
3265 4278 3324 4325 ut

1759 4362 2062 4418 mercedem
2115 4360 2513 4431 pacificationis
2563 4359 2855 4429 adipiscar.
2911 4362 3064 4428 Quod
3111 4362 3158 4416 si
3200 4361 3324 4430 quis

1761 4470 1860 4508 nos
1899 4455 2039 4508 viam
2073 4452 2139 4506 ad
2168 4453 2281 4507 haec
2321 4460 2691 4508 monstrantes
2733 4454 2980 4524 sequitur
3002 4493 3018 4514 ,
3051 4453 3154 4506 hoc
3184 4455 3326 4522 opti-
3365 4523 3368 4528 _

1759 4559 1928 4608 mum,
1961 4550 2014 4598 et
2053 4542 2165 4596 voti
2202 4541 2324 4596 finis
2363 4550 2480 4596 est:
2528 4543 2613 4598 sin
2659 4551 2838 4598 autem
2887 4545 2941 4596 in
2989 4543 3325 4597 contrarium

1760 4635 1962 4700 trahat,
1993 4650 2092 4705 ego
2134 4640 2280 4688 certe
2312 4649 2380 4688 ne
2428 4633 2510 4688 sic
2549 4635 2771 4704 quidem
2823 4649 2854 4688 a
2893 4650 3008 4689 mea
3057 4634 3326 4702 sententia

1762 4727 2032 4782 recedam.
2083 4724 2477 4794 Unusquisque
2519 4733 2700 4782 autem
2741 4741 2968 4796 Operum
3011 4741 3236 4780 suorum
3271 4727 3326 4782 in

1765 4819 2222 4876 remunerationis
2252 4816 2340 4871 die
2367 4817 2581 4874 fructus
2619 4828 2897 4888 agnoscet.

108 4905 266 4971 Αὐτὸς
283 4907 335 4960 δὲ
385 4909 618 4970 ἕκαστος
661 4907 761 4978 τῆς
805 4907 1006 4971 οἰκείας
1037 4908 1295 4978 ἐργασίας
1328 4909 1385 4961 ἐν
1413 4909 1596 4980 ἡμέρᾳ
1625 4910 1722 4982 τῆς
1753 4908 2158 4975 ἁνταποδόσεως
2212 4911 2337 4973 τοὺς
2385 4911 2631 4982 καρποὺς
2671 4909 3047 4977 ἐπιγνώσεται.

173 5040 281 5112 (77)
315 5045 422 5098 Kal
465 5044 604 5097 ὅσα.
641 5042 816 5097 Editio
841 5043 1014 5098 Paris.
1049 5042 1198 5097 addit
1237 5041 1478 5108 τοιαῦτα,
1505 5043 1648 5113 quod

1768 5017 1898 5102 Ε)όὶίί
1952 5041 2075 5098 οὔτε
2134 5041 2222 5100 αὖ.
2287 5043 2423 5101 Tres
2499 5043 2854 5101 vetustissimi
2923 5042 3140 5100 codices
3207 5042 3333 5098 οὔτε

110 5111 254 5166 abest
276 5115 339 5167 ab
365 5115 623 5167 omnibus
651 5115 851 5168 nostris
880 5131 1010 5169 mss.
1050 5123 1105 5168 et
1139 5113 1260 5167 aliis
1296 5111 1650 5170 editionibus.

112 5179 270 5264 i’aulo
305 5193 421 5254 post
454 5193 684 5252 uterque
714 5183 843 5255 Reg.
877 5193 932 5239 et
961 5184 1128 5238 Coisl.
1159 5183 1432 5238 secundus
1463 5185 1526 5237 El
1551 5185 1660 5257 γὰρ

113 5267 292 5320 ετεροι.
1263 5268 1276 5288 '

178 5322 284 5392 (78)
321 5326 494 5378 Ὥστε
540 5327 652 5378 οὐκ
678 5323 755 5376 ἅν
789 5338 951 5387 ποτε,
996 5333 1102 5380 etc.
1135 5323 1428 5395 Sequimur
1461 5326 1564 5381 hoc
1606 5327 1661 5382 in

115 5390 330 5463 loeo_,ut
369 5396 422 5448 in
466 5397 715 5463 pluribus
753 5395 894 5454 aliis,
932 5405 1044 5450 tres
1076 5390 1474 5452 vetustissimos
1507 5397 1664 5452 codi-

116 5461 386 5536 fes_llarl..
447 5461 588 5520 Med.
646 5472 700 5519 et
726 5463 912 5536 ‘Coisl.
959 5464 1100 5519 Editi
1153 5467 1230 5536 sic
1277 5464 1664 5536 habentqu-

117 5528 254 5608 ξενος
265 5535 353 5585 οὐκ
367 5535 432 5588 ἄν
443 5552 569 5588 ποτε
594 5533 844 5608 τοσοῦτον
865 5535 1090 5608 ἑαυτοὺς
1105 5535 1364 5608 ὑπολάϐοι
1373 5555 1490 5608 μεν,
1503 5528 1664 5592 ὥστε.

123 5595 386 5672 Nunquam
415 5607 761 5672 nosmetipsos
791 5605 925 5657 tanti
956 5595 1610 5668 wstirnabinttts,'ut,'etc.

185 5671 551 5746 (79)_'A:zlr3w.
583 5671 659 5728 ita
693 5688 825 5730 mss.
851 5689 965 5746 seat.
995 5673 1137 5746 Editi
1167 5677 1473 5746 ἀπίδωμεν.
1497 5675 1668 5730 Paulo

120 5745 238 5806 post
282 5739 472 5813 Regius
525 5755 757 5817 uterque
811 5751 865 5801 et
914 5743 1082 5802 Coisl.
1137 5739 1365 5818 uterque
1421 5745 1531 5800 οὔτ’
1579 5747 1662 5802 ἄν.

1762 5115 2058 5186 ὀφθαλμός.

1835 5181 1953 5255 (8οἱ
1991 5183 2248 5248 Μεταξύ.
2279 5181 2432 5255 lianc
2469 5199 2654 5238 vocem
2689 5182 2999 5239 addidimus
3041 5198 3106 5238 ex
3157 5184 3337 5240 tribus

1765 5253 2156 5311 vetustissimis
2190 5253 2496 5308 codicibus.
3037 5287 3046 5295 -

1802 5325 1944 5409 ⁴(81)
1990 5323 2112 5409 Τῶν
2137 5322 2440 5406 ρχληρῶν.
2469 5323 2637 5378 Coisl.
2675 5323 2904 5392 primus,
2937 5320 3088 5376 Harl.
3122 5329 3176 5378 et
3210 5321 3332 5378 Vat.

2297 5462 2373 5544 Ita
2403 5478 2538 5518 mss.
2568 5461 3110 5544 θεία-βιίἰιξοξπσιτο.Ζ

1858 5531 1961 5600 83).
1999 5533 2284 5602 Ἀφέλκῃ.
2320 5533 2395 5586 lta
2421 5548 2515 5588 sex
2541 5547 2672 5587 mss.
2701 5531 2824 5585 Mox
2855 5531 3020 5602 iidem
3049 5533 3149 5602 τῆς
3171 5534 3339 5600 ἐμαυ-

1765 5601 1880 5662 τοῦ.
1927 5601 2077 5676 Εάίῑῖ
2119 5603 2346 5676 deﬂuat
2396 5602 2593 5676 αι’-τῆς
2645 5603 2835 5676 αὐτῆς.
2888 5601 3113 5676 Legitur
3167 5601 3334 5660 etiam

1765 5676 1975 5748 ἀφέλκῃ
2017 5671 2671 5748 in_et_li_tt_o_nibus_llagan.
2707 5671 2948 5748 egissit.

1837 5749 1855 5770 ·
1893 5739 2042 5802 Alias
2069 5739 2300 5811 L'XVlll,
2339 5739 2721 5816 scripta'anno
2745 5739 2860 5798 ’572
