3762 6514
455 367 562 424 499
1764 375 1824 430 s.
1865 373 2106 430 BASlLll
2142 375 2354 432 nAGNt
3572 363 3665 419 500

459 471 654 533 simuin
705 479 1022 550 episc0pum
1071 479 1420 536 Eustathium
1477 483 1530 538 in
1581 487 2018 542 communionem

2151 507 2202 542 τι
2257 485 2591 558 ἠνεσχόμεθα
2649 487 2726 550 είς
2782 481 3061 538 κοινωνίαν
3107 479 3198 534 τὸν
3263 473 3668 545 αἰδεσιμὼτατον

460 571 721 640 recipere.
757 571 910 638 Quod
943 579 1128 626 autem
1157 574 1400 643 egimus,
1441 583 1523 630 est
1556 577 1845 646 ejusmodi.

529 749 584 801 ἓ.
627 747 814 802 Vocati
843 749 910 802 ad
945 759 1273 805 conventum
1295 793 1310 818 ,
1347 753 1444 822 qui
1477 767 1506 807 a
1555 752 1724 810 fratre
1744 755 2022 811 Theodoto

464 840 781 904 habebatur,
816 855 880 894 ac
905 840 1172 896 cbaritate
1211 842 1470 914 impulsi,
1505 855 1565 899 ut
1610 849 1826 902 vocanti
1859 849 2020 902 obse-

465 945 780 1002 queremur,
827 947 894 986 ne
941 947 1294 1002 congressum
1346 935 1656 991 videremur
1711 938 1923 992 irritum
1971 947 2025 991 et

465 1023 713 1078 inutilem
761 1023 1026 1087 reddere,
1059 1024 1311 1080 dedimus
1354 1041 1577 1096 operam
1624 1035 1683 1082 ut
1743 1028 1798 1082 in
1851 1027 2024 1082 collo-

465 1113 654 1183 quium
686 1129 810 1168 cum
848 1115 1110 1184 praedicto
1159 1116 1328 1173 fratre
1357 1118 1642 1174 Eustathio
1696 1121 2022 1175 veniremus.

467 1207 544 1258 Ac
598 1204 674 1258 illi
720 1206 936 1275 quidem
991 1209 1372 1277 proposuimus
1427 1225 1764 1281 quacunque
1813 1210 1880 1265 de
1927 1211 2028 1266 fide

471 1297 621 1350 illum
645 1296 970 1351 criminatur
995 1298 1164 1353 frater
1188 1299 1536 1368 Theodotus;
1572 1303 1992 1374 rogavimusque
2011 1343 2026 1367 ,

470 1389 516 1444 si
558 1397 762 1443 rectam
796 1389 954 1444 ﬁdem
999 1401 1338 1460 sequeretur,
1375 1395 1723 1450 manifestum
1769 1395 1820 1449 id
1873 1395 2028 1450 nobis

474 1480 702 1545 faceret,
723 1489 782 1536 ut
821 1496 943 1534 cum
977 1496 1042 1534 eo
1075 1483 1517 1539 communionem
1543 1486 1902 1541 haberemus:
1945 1487 2029 1540 sin

473 1576 654 1625 autem
683 1571 863 1625 alieno
890 1580 1034 1625 esset
1064 1572 1246 1625 animo
1263 1613 1276 1636 ,
1299 1575 1466 1644 probe
1492 1575 1656 1630 sciret
1682 1590 1780 1630 nos
1814 1571 2030 1646 quoque

475 1661 538 1715 ab
562 1659 682 1730 ipso
704 1661 1071 1717 abalienatum
1103 1662 1189 1715 iri.
1214 1660 1402 1732 Itaque
1431 1679 1554 1718 cum
1586 1665 1788 1720 multos
1832 1681 2030 1720 sermo-

474 1764 570 1806 nes
608 1751 750 1806 inter
783 1752 1339 1815 noshabuissemus,
1373 1755 1624 1825 diemque
1679 1757 1825 1810 illam
1863 1765 2030 1811 totam

2121 579 2416 633 ἐπίσκοπον
2457 576 2750 630 Εὑστάθιον
2793 571 3214 647 παραδέξασθαι.
3253 567 3329 622 Td
3384 567 3559 638 μέντοι
3586 581 3668 632 γε-

2123 671 2344 740 νόμενον
2375 669 2504 740 παρ’
2535 667 2690 738 ἡμῶν
2729 664 2968 719 τοιοῦτόν
3001 665 3168 716 ἐστιν.

2192 761 2244 814 2,
2284 761 2494 831 Ἡμεῖς,
2519 759 2807 830 κληθέντες
2829 759 2906 819 εἰς
2937 753 3148 808 σύνοδον
3171 747 3318 818 παρά
3340 745 3432 800 τοῦ
3459 742 3671 811 ἀδελςοῦ

2123 850 2376 903 Θεοδότου
2409 849 2732 919 τελουμένην
2759 847 2867 918 (99)
2889 887 2902 907 ,
2943 846 3037 899 xui.
3076 846 3413 916 ὁρμήσαντες
3441 841 3505 894 δι’
3551 843 3670 908 ἀγά-

2126 958 2232 1011 πην
2259 941 2562 994 ὑπακοῦσαι
2593 943 2659 1011 τῇ
2687 940 2895 1011 κλήσει,
2927 939 3014 992 ἵνα
3044 937 3116 1008 μὴ
3146 937 3381 1006 δόξωμεν
3410 935 3674 1004 ἄπρακτον

2126 1033 2219 1086 καὶ
2265 1033 2438 1104 ἀργὴν
2475 1031 2741 1084 ποιεῖσθαι
2791 1030 2887 1102 τὴν
2927 1029 3248 1098 συντυχίαν,
3281 1024 3675 1092 ἐσπουδάσαμεν

2127 1125 2206 1184 εἰς
2248 1123 2438 1191 λόγως
2491 1122 2660 1176 ἐλθεῖν
2701 1120 2778 1192 τῷ
2807 1121 3185 1193 προειρημένῳ
3239 1116 3450 1187 ἀδελφῷ
3481 1117 3674 1168 Euctu-

2129 1214 2246 1284 θίῳ.
2286 1215 2393 1267 Καὶ
2445 1215 2830 1284 προετείναμεν
2873 1213 3109 1285 αὐτῷτά
3144 1213 3268 1282 περὶ
3314 1213 3411 1280 τῆς
3459 1207 3675 1269 πίστεως

2129 1304 2445 1374 ἐγκλήματα
2463 1345 2476 1368 ,
2505 1303 2604 1355 ὅσα
2637 1303 3001 1374 προφέρουσιν
3027 1301 3174 1371 αὐτῷ
3199 1303 3246 1352 οί
3281 1300 3408 1371 περὶ
3431 1297 3520 1350 τὸν
3545 1296 3678 1350 ἀδελ·-

2131 1395 2226 1463 φὸν
2257 1395 2535 1447 Θεόδοτον·
2567 1395 2661 1446 καὶ
2701 1393 3046 1464 ⁴Ιςξιώσαμεν,
3085 1396 3132 1446 εί
3163 1394 3258 1464 μέν
3285 1392 3474 1444 ἕπεται
3503 1393 3570 1460 τῇ
3597 1393 3676 1460 ὁρ-

2131 1484 2196 1556 θῇ
2251 1484 2462 1547 πίστει,
2520 1484 2750 1557 φανερόν
2795 1487 2926 1556 ἡμῖν
2960 1487 3334 1554 καταστῆσαι,
3363 1483 3502 1536 ὥστε
3550 1482 3678 1550 ἡμᾶς

2132 1571 2266 1629 εἶναι
2318 1575 2699 1640 κοινωνικούςο
2745 1578 2792 1628 εί
2836 1575 2892 1628 δὲ
2928 1574 3216 1647 ἀλλοτρίως
3266 1574 3418 1644 ἕχει,
3455 1571 3678 1642 ἀκριδῷς

2134 1664 2327 1719 είδέναι
2349 1707 2362 1729 ,
2399 1667 2481 1718 ὅτι
2507 1669 2600 1721 καὶ
2630 1669 2788 1739 ἡμεῖς
2814 1666 3004 1736 ἕξομεν
3041 1668 3173 1736 πρὸς
3201 1665 3361 1718 αὐτὸν
3384 1662 3676 1734 ἀλλοτρίως.

2134 1757 2346 1810 Πολλῶν
2380 1758 2556 1810 τοίνυν
2587 1757 2892 1827 γενομένων
2930 1756 3100 1824 λόγων
3134 1755 3266 1825 πρὸς
3297 1755 3577 1825 ἀλλήλους,
3604 1753 3681 1805 καὶ

477 1845 529 1896 in
557 1843 643 1898 his
677 1844 1050 1914 expendendis
1095 1845 1611 1916 insumpsissemus;
1657 1848 1796 1904 ﬂexo
1839 1850 1951 1918 jam
1980 1849 2034 1903 in

2149 1846 2315 1918 πάσης
2347 1847 2560 1916 ἐκείνης
2589 1851 2686 1918 τῆς
2713 1845 2926 1918 ἡμέρας
2963 1849 3016 1899 ἐν
3037 1849 3102 1916 τῇ
3130 1847 3255 1916 περὶ
3276 1845 3477 1898 τούτων
3509 1843 3680 1912 σκέψει

472 1947 755 2002 vesperam
788 1934 876 1990 die
899 1975 914 2002 ,
949 1934 1308 1990 discessimus
1339 1937 1406 1992 ab
1449 1938 1679 1992 invicem
1707 1982 1721 2004 ,
1762 1939 2034 2008 colloquio

475 2021 678 2075 nullam
709 2021 778 2076 ad
809 2030 1016 2078 certam
1052 2023 1462 2078 conclusionem
1493 2025 1771 2092 perducto.
1801 2025 1906 2081 Sed
1931 2027 2034 2080 ite-

475 2131 594 2168 rum
625 2117 872 2185 sequenti
891 2116 978 2170 die
1009 2131 1167 2170 mane
1190 2115 1561 2179 considentes,
1593 2117 1662 2172 de
1692 2117 1886 2174 iisdem
1919 2115 2035 2170 dis-

476 2203 751 2260 seruimus
777 2243 792 2268 ,
831 2204 1121 2260 accedente
1163 2204 1274 2273 jam
1305 2214 1358 2260 et
1389 2203 1556 2260 fratre
1591 2204 1902 2269 Premenio,
1941 2202 2038 2258 Se-

472 2295 666 2352 bastiaa
694 2296 1016 2367 presbytero
1039 2336 1052 2358 ,
1092 2303 1148 2350 et
1179 2294 1526 2351 vehementer
1545 2297 1910 2352 adversariam
1939 2311 2038 2348 no-

476 2387 562 2442 bis
591 2385 895 2440 doctrinam
941 2387 1282 2443 defendente.
1333 2384 1600 2441 Paulatim
1659 2387 1822 2458 igitur
1870 2395 1923 2443 et
1975 2404 2038 2442 ea

478 2478 874 2542 dissolvimus-,
903 2493 1133 2550 quorum
1185 2477 1404 2532 nomine
1435 2477 1716 2532 videbatur
1764 2493 1850 2534 me
1880 2494 2042 2534 accu-

481 2583 605 2624 sare
625 2608 639 2633 ,
664 2577 717 2624 et
741 2582 836 2624 eos
871 2551 1378 2624 {td-assentiendum
1415 2567 1482 2620 iis
1504 2581 1624 2636 quae
1648 2582 1677 2620 a
1709 2581 1796 2622 me
1833 2583 2043 2636 quaere-

483 2661 680 2714 bantur
709 2659 944 2724 adduvi,
985 2661 1058 2713 ita
1090 2669 1147 2713 ut
1189 2659 1358 2729 gratia
1413 2657 1625 2712 Domini
1673 2659 2045 2715 inveniremur

487 2767 552 2806 oe
578 2751 645 2807 de
688 2750 846 2822 19E
876 2751 1118 2805 minimis
1139 2750 1356 2820 quidem
1381 2750 1541 2805 rebus
1573 2750 1713 2804 inter
1737 2765 1836 2806 nos
1874 2749 2040 2806 dissi-
2098 2750 2112 2763 '

489 2842 691 2898 dentes.
723 2843 799 2896 lta
825 2843 992 2913 igitur
1016 2842 1162 2896 circa
1193 2855 1391 2895 nonam
1429 2840 1542 2894 fere
1575 2851 1762 2894 noram
1803 2841 2046 2895 surrexi-

487 2948 608 2990 mus
635 2933 702 2988 ad
761 2933 1126 3004 precandum,
1171 2947 1233 2986 ac
1281 2930 1509 2988 Domino
1558 2933 1760 3002 gratias
1801 2933 2043 3002 egimus,

489 3026 648 3082 nobis
678 3025 930 3096 largienti
953 3066 968 3088 ,
1001 3025 1140 3081 idem
1175 3035 1230 3079 ut
1282 3027 1607 3080 sentiremus
1629 3065 1641 3086 ,
1674 3023 1922 3094 idemque
1968 3025 2048 3078 lo-

489 3133 797 3187 queremur.
829 3116 906 3172 Ad
937 3117 1048 3172 [nec
1090 3117 1376 3188 oportebat
1421 3131 1508 3172 me
1552 3123 1605 3171 ct
1644 3117 1902 3187 scriptam
1948 3115 2046 3169 ali-

2108 3007 2113 3012 .
2145 2937 2293 3008 πρὸς
2321 2935 2581 3006 ἀλλήλους
2647 2935 3087 3006 δναιρερομένονς.

2145 3025 2370 3096 ἐννάτην
2419 3042 2520 3078 που
2571 3024 2717 3097 ὤραν
2762 3023 3062 3095 ὰνέσττσμεν
3095 3023 3187 3076 ἐπὶ
3229 3021 3326 3086 τὰς
3378 3021 3682 3092 προσευχὰς,
3760 3027 3762 3030 ’

2135 1934 2534 2006 δαπανηθείσης
2562 1953 2574 1966 ο
2622 1935 3028 2013 καταλαβούσης
3065 1934 3248 1987 λοιπὸν
3291 1937 3387 2004 τῆς
3437 1932 3678 2002 ἑσπέρας,

2134 2026 2482 2098 διεκρίθημεν
2527 2025 2619 2079 ἀπ’
2655 2025 2926 2096 ἀλλήλων,
2962 2027 3042 2088 εἰς
3073 2025 3222 2076 οὐδὲν
3273 2022 3682 2093 ὁμολογούμενον

2137 2119 2308 2190 πέρας
2338 2119 2428 2170 τὸν
2460 2116 2616 2184 λόγον
2661 2117 3078 2184 προαγαγόντες.
3125 2115 3204 2185 Τῇ
3247 2113 3302 2166 δὲ
3347 2112 3473 2182 ἑξῆς
3504 2112 3678 2172 πάλιν,

2137 2211 2304 2264 ἔωθεν
2333 2207 2792 2278 συγκαθεσθέντες
2819 2207 2924 2277 (1),
2961 2207 3087 2278 περὶ
3113 2206 3220 2260 τῶν
3257 2204 3432 2258 αὐτῶν
3467 2203 3682 2271 διελεγὸ-

2141 2304 2318 2374 μεθα,
2361 2301 2674 2362 ἐπελθόντος
2719 2299 2818 2370 ἤδη
2870 2297 3087 2353 καὶτοῦ
3123 2297 3348 2365 ἀδελιξοῦ
3391 2294 3680 2365 Ποιμενίου,
3760 2297 3762 2304 ’

2137 2389 2230 2442 τοῦ
2260 2389 2628 2458 πρεσϐυτέρου
2661 2387 2760 2456 τῆς
2791 2386 3142 2448 Σεϐαστείας,
3175 2386 3268 2438 καὶ
3299 2383 3543 2454 σφιδρῶς
3573 2383 3683 2452 ἡμῖν

2139 2483 2229 2536 τὸν
2267 2481 2503 2534 ἐναντίον
2554 2478 2918 2548 γυμνάζοντος
2965 2479 3140 2546 λόγον.
3176 2477 3329 2530 Κατά
3378 2475 3572 2547 μικρὸν
3605 2469 3683 2526 οὖν

2142 2577 2300 2646 ἡμεῖς
2322 2591 2379 2626 τε
2400 2613 2414 2634 ,
2451 2571 2591 2640 ὑπὲρ
2622 2565 2696 2625 ὧν
2723 2571 2900 2636 ἔδοξεν
2931 2573 3059 2641 ἡμῖν
3083 2570 3328 2639 ἐγκαλεῖν
3353 2611 3368 2632 ,
3399 2569 3684 2637 ἀπεγλυὸμ-
3760 2645 3762 2648 Ι

2143 2667 2210 2718 θα
2235 2705 2248 2727 ,
2273 2663 2552 2724 κάκείνους
2585 2663 2663 2722 είς
2694 2661 2794 2730 τὴν
2821 2661 2928 2714 τῶν
2959 2660 3394 2731 ἐπιζητουμένων
3425 2659 3516 2728 ὑφ’
3544 2658 3684 2728 ἡμῶν

2146 2753 2533 2824 συγκατάθεσιν
2591 2751 2976 2824 προηγάγομεν
3020 2753 3094 2818 (‘2)
3122 2769 3134 2782 ·
3187 2752 3326 2804 ὥστε
3377 2752 3556 2822 χάριτι
3605 2749 3682 2802 τοῦ

2143 2845 2348 2916 Κυρίου
2398 2843 2683 2916 εὑρεθῆναι
2735 2845 2879 2914 ἡμᾶς
2925 2844 3057 2914 μηδέ
3106 2845 3185 2906 εἰς
3237 2843 3298 2896 τὸ
3346 2843 3686 2912 σμικρότατον

2146 3118 2632 3188 εὐχαριστήσαντες
2679 3116 2755 3186 τῷ
2787 3115 2994 3187 Κυρίῳ,
3039 3114 3116 3185 τῷ
3153 3115 3292 3168 δόντι
3333 3115 3458 3184 ἡμῖν
3489 3113 3548 3166 τὸ
3575 3110 3685 3165 αὐτὸ

489 3225 650 3282 quam
679 3209 1080 3266 confessionem
1124 3211 1191 3264 ab
1229 3209 1446 3263 homine
1482 3210 1768 3279 accipere,
1807 3216 1862 3262 ut
1904 3216 1957 3263 et
1984 3207 2042 3261 il-

2149 3211 2397 3278 φρονεῖν,
2452 3209 2544 3261 καὶ
2579 3208 2638 3259 τὸ
2676 3207 2806 3261 αὐτὸ
2842 3207 3037 3276 λέγειν.
3097 3207 3218 3260 Ἐπὶ
3263 3207 3470 3268 τούτοις
3501 3204 3601 3256 ἔδει
3630 3219 3683 3274 με

491 3305 595 3358 lius
626 3301 956 3358 adversariis
992 3302 1278 3357 manifesta
1311 3301 1461 3357 fieret
1516 3301 1630 3355 haec
1673 3302 1959 3365 assensio,
1995 3309 2050 3354 et

490 3393 702 3448 caeteris
751 3392 1003 3448 idoneum
1053 3400 1292 3448 exstaret
1337 3392 1484 3448 illius
1539 3391 1802 3462 propositi
1858 3406 2051 3446 monu-

491 3493 751 3540 mentum.
790 3483 896 3539 Sed
923 3485 1042 3554 ipse
1066 3485 1210 3537 volui
1249 3483 1318 3537 ob
1347 3483 1636 3552 plurimam
1676 3481 2012 3552 diligentiam
2033 3522 2048 3546 ,

491 3591 611 3630 cum
650 3575 818 3630 fratre
845 3574 1126 3630 Theodoto
1145 3575 1528 3646 congrediens,
1561 3576 1802 3630 libellum
1835 3575 1955 3630 fidei
1986 3576 2053 3630 ab

493 3669 612 3736 ipso
637 3669 884 3736 accipere
911 3706 924 3730 ,
955 3667 1114 3736 eique
1143 3681 1304 3734 quem
1339 3667 1616 3720 nominavi
1653 3667 1770 3720 viro
1805 3665 2000 3720 olTerre
2037 3686 2048 3720 :

493 3763 552 3811 ut
581 3757 690 3812 duo
712 3771 1098 3826 consequerer,
1134 3771 1326 3825 nempe
1357 3765 1413 3809 ut
1437 3763 1491 3810 et
1516 3756 1630 3826 ipse
1659 3755 1820 3809 fidem
1849 3763 2052 3809 rectam

493 3849 866 3910 confiteretur,
898 3861 950 3904 et
988 3849 1074 3902 his
1095 3849 1425 3910 satislieret,
1477 3849 1679 3902 Itllliattl
1727 3847 2054 3902 habentibus

495 3941 902 3996 contradicendi
955 3942 1276 4003 materiam,
1334 3946 1457 4008 post
1501 3946 1754 4008 acceptas
1811 3939 2053 4008 ipsorum

496 4029 858 4085 conditiones.
903 4030 970 4082 At
1021 4028 1334 4084 Theodotus
1362 4069 1376 4092 ,
1433 4031 1746 4100 priusquam
1776 4027 2056 4083 didicisset

497 4137 658 4190 quam
690 4121 761 4176 ob
785 4133 1006 4177 causam
1037 4123 1514 4186 couvenissemus,
1547 4131 1598 4176 et
1628 4121 1755 4192 quid
1785 4137 1852 4177 ex
1891 4122 2056 4176 collo-

497 4205 628 4282 quio
663 4215 939 4268 consecuti
993 4229 1270 4277 essemus,
1313 4229 1422 4267 non
1469 4213 1581 4282 jam
1634 4228 1735 4268 nos
1781 4213 1848 4267 ad
1887 4229 2053 4284 syno-

497 4305 626 4357 dum
643 4303 920 4360 vocandos
938 4305 1220 4372 judicavit.
1247 4305 1353 4360 Sed
1375 4321 1405 4360 e
1435 4305 1610 4360 medio
1634 4305 1826 4360 itinere
1852 4305 2054 4360 reversi

499 4410 724 4457 sumus,
757 4391 996 4448 animum
1036 4394 1435 4464 despondentes
1459 4434 1474 4458 ,
1511 4395 1651 4464 quod
1683 4403 1903 4450 nostros
1960 4411 2056 4464 pro

497 4499 632 4553 pace
659 4484 1026 4540 Ecclesiarum
1047 4485 1262 4542 labores
1286 4486 1472 4540 irritos
1507 4485 1775 4540 redderet.

2151 3301 2244 3352 καὶ
2271 3299 2542 3370 ἔγγραφον
2591 3315 2711 3350 τινα
2746 3299 2893 3368 παρά
2924 3297 3018 3350 τοῦ
3060 3297 3248 3368 ἀνδρὸς
3293 3295 3575 3366 ὁμολογίαν
3605 3293 3683 3347 λι·
3760 3319 3762 3324 ·

2151 3389 2301 3450 δεῖν,
2350 3389 2487 3442 ὥστε
2531 3391 2765 3452 καὶτοῖς
2818 3389 3240 3458 ἐναντιουμένοις
3281 3385 3428 3456 αὖτῷ
3473 3383 3685 3455 φανερὰν
3760 3421 3762 3428 ’

2151 3482 2400 3552 γενέσθαι
2432 3481 2527 3552 τὴν
2559 3481 2952 3550 συγκατάθεσιν
2972 3522 2986 3545 ,
3023 3480 3116 3533 καὶ
3152 3483 3258 3542 τοῖς
3286 3480 3488 3542 λοιποῖς
3520 3475 3685 3545 ἱκανὴν

2153 3569 2285 3625 εἶναι
2332 3573 2423 3626 τοῦ
2467 3573 2657 3644 ἀνδρὸς
2707 3573 2803 3642 τῆς
2857 3573 3222 3644 προαιρέσεως
3274 3568 3683 3640 τὴν-ἀπόδειξιν.

2166 3664 2302 3718 Ἀλλ’
2337 3663 2634 3734 ἐϐουλήθην
2665 3665 2825 3728 αὐτὸς
2858 3665 2960 3718 ὑπὸ
2995 3663 3190 3732 πολλῆς
3234 3660 3514 3731 ἀκριϐείας
3538 3699 3553 3722 ,
3593 3661 3686 3718 τοῖς
3760 3687 3762 3718 ς

2156 3755 2398 3824 ἀδελφοῖς
2427 3754 2698 3824 συντυχὼν
2742 3757 2852 3818 τοῖς
2887 3757 3012 3824 περὶ
3055 3753 3304 3806 Θεόδοτον
3324 3792 3340 3814 ,
3375 3751 3501 3822 παρ’
3533 3749 3686 3804 αὐτῶν

2154 3845 2336 3898 λαϐεῖν
2383 3849 2754 3916 γραμματεῖον
2803 3847 3068 3909 πίστεως.
3099 3845 3194 3898 καὶ
3249 3843 3380 3897 αὐτὸ
3435 3844 3685 3912 προτεῖναι
3760 3843 3762 3850 ’

2155 3935 2232 4006 τῷ
2263 3936 2669 4007 προειρημένῳο
2705 3936 2791 3989 ἵνα
2821 3936 3102 4007 ἀμφότερα
3133 3934 3388 4004 γένηται,
3417 3934 3452 4004 ἦ
3482 3949 3540 3984 τε
3575 3930 3685 4001 ὀρθὴ

2157 4027 2336 4090 πίστις
2367 4027 2495 4091 παρ’
2532 4025 2694 4080 αὐτοῦ
2725 4026 3028 4097 ὁμολογηθῇ
3058 4027 3132 4094 ᾧ)
3153 4064 3167 4087 ,
3210 4026 3304 4078 καὶ
3337 4023 3485 4077 αὐτοὶ
3515 4023 3686 4090 πληρο-
3760 4055 3762 4078 !

2157 4118 2434 4191 φορηθὼσι
2459 4161 2472 4184 ,
2530 4120 2796 4192 μηδεμίαν
2843 4119 3054 4190 ἔχοντες
3107 4118 3411 4186 ἀντιλογίας
3462 4114 3684 4168 ὑπόθεσιν
3760 4127 3762 4132 ·

2157 4213 2222 4264 ἐκ
2273 4211 2367 4264 τοῦ
2420 4211 2518 4276 τὰς
2570 4215 2698 4284 παρ’
2751 4212 2928 4265 αὐτῶν
2974 4215 3263 4283 προτάσεις
3297 4208 3683 4280 παραδεχθῆναι.

2170 4304 2329 4358 Ἀλλά
2375 4305 2504 4376 πρὶν
2541 4305 2729 4376 μαθεῖν
2771 4305 2915 4367 τίνος
2961 4303 3144 4356 ἕνεκεν
3192 4301 3583 4371 συνετύχομεν,
3611 4295 3685 4349 καὶ
3760 4377 3762 4380 Ι

2157 4397 2209 4450 τί
2264 4399 2392 4468 ἡμῖν
2445 4399 2508 4450 ἐκ
2565 4398 2661 4467 τῆς
2710 4395 2922 4466 ὁμιλίας
2957 4393 3350 4464 κατώρθωται,
3381 4393 3433 4444 οἱ
3473 4390 3592 4460 περὶ
3615 4387 3685 4438 τὸν

2161 4487 2456 4540 ἐπίσκοπον
2509 4487 2754 4540 Θεόδοτον
2809 4485 2988 4538 οὐκέτι
3040 4485 3184 4554 ἡμᾶς
3233 4485 3313 4545 είς
3363 4481 3460 4552 τὴν
3507 4477 3684 4533 σύνοδον

500 4574 905 4644 προτρέψασθαι
952 4575 1310 4646 κατηξίωσαν.
1376 4575 1514 4628 Ἀλλ’
1563 4575 1670 4628 ἀπὸ
1699 4576 1869 4648 μέσης
1919 4574 2280 4660 ἀνεζεύξαμεν
2325 4575 2396 4646 (4)
2423 4578 2518 4647 τῆς
2565 4574 2684 4628 ὁδοῦ
2710 4615 2724 4639 ,
2769 4573 3180 4644 ἀθυμήσαντες,
3217 4572 3298 4625 ὅτι
3347 4570 3550 4632 ἀτελεῖς
3582 4567 3684 4636 ἡμῖν

499 4663 710 4717 ποιοῦσι
740 4663 865 4728 τοὺς
899 4665 1038 4732 ὑπὲρ
1069 4665 1166 4735 τῆς
1195 4666 1414 4736 εἰρήνης
1446 4665 1551 4717 τῶν
1597 4665 1924 4734 Ἐκκλησιῶν
1963 4664 2255 4735 καμάτους.

569 4759 623 4814 5.
687 4757 880 4813 Ρι.8183
927 4758 1094 4830 igitur
1145 4759 1398 4828 imposita
1447 4759 1576 4812 mihi
1624 4759 1951 4814 necessitate
2008 4759 2042 4812 ii

2235 4759 2286 4812 5.
2314 4759 2465 4812 Μετὰ
2497 4759 2662 4812 ταῦτα
2699 4756 2906 4821 τοίνυν,
2941 4756 3124 4826 ἐπειδὴ
3175 4756 3466 4810 κατέλαϐεν
3510 4754 3634 4824 ἡμᾶς
3657 4764 3684 4818 η

503 4851 814 4906 Armeniam
857 4851 1021 4905 eumli
1048 4891 1064 4915 ,
1100 4867 1223 4905 cum
1265 4866 1481 4906 nossem
1521 4851 1798 4921 singulare
1830 4850 2064 4906 hominis

504 4941 778 5010 ingenium
805 4979 822 5006 ,
855 4941 1160 5010 vellemque
1205 4955 1389 4995 coram
1424 4941 1691 5008 locuplete
1751 4948 1888 4994 teste
1940 4955 2062 4993 cum

503 5031 619 5101 ipse
681 5031 949 5085 rationem
1005 5047 1192 5086 eorum
1226 5047 1345 5101 quae
1377 5043 1592 5101 egeram
1653 5029 1912 5092 reddere,
1948 5037 2063 5082 tum

575 5184 688 5256 (99)
727 5183 1117 5256 Τελουμένην.
1163 5185 1240 5256 lla
1289 5199 1422 5238 mss.
1479 5183 1649 5256 nostri
1679 5180 2066 5256 omrres._Editi

505 5252 916 5325 caietoupévqu.
953 5254 1158 5308 ibidem
1201 5252 1334 5323 Reg.
1383 5254 1656 5325 secundus
1687 5260 1740 5307 et
1778 5252 1944 5312 Coisl.
1980 5268 2068 5306 se-

508 5323 1054 5393 ‹·ιιηι1ιιε“Θεοδὼρου,
1090 5325 1234 5392 quod
1285 5323 1632 5393 manifestum
1683 5329 1767 5375 est
1806 5329 2070 5376 erratum.

509 5394 674 5448 lidem
721 5395 831 5447 duo
865 5391 1082 5448 codices
1109 5391 1324 5448 habent
1364 5391 1651 5454 κοινωνούς
1695 5407 1790 5462 pro
1833 5408 2074 5444 κοινωνι-

508 5463 654 5526 γούς.

579 5533 654 5596 tl)
690 5531 824 5586 Vide
857 5531 1134 5586 Addenda.

689 5601 1128 5684 Πρεηγᾴγομεν.
1167 5599 1258 5656 Sic
1293 5613 1402 5657 tres
1433 5601 1790 5658 vetustissimi
1829 5599 2066 5655 codices.

509 5667 649 5724 Editi
685 5667 1121 5741 προσηγάγομεν.

583 5741 661 5811 (ὅ)
704 5739 1084 5810 Ὀιιοέιογηθῇ.
1121 5740 1162 5793 Τ

1173 5757 1255 5796 res
1286 5757 1417 5795 mss.
1452 5758 1558 5796 non
1589 5749 1766 5795 tamen
1798 5739 2066 5810 antiquis—

2161 4853 2371 4924 ἀνάγκη
2410 4854 2508 4925 τῆς
2540 4854 2630 4907 ἐπὶ
2657 4853 2756 4924 τὴν
2807 4851 3094 4926 Άρμενίαν
3123 4851 3239 4904 ὁδοῦ
3260 4892 3274 4913 ,
3307 4849 3462 4912 εἰδὼς
3503 4847 3588 4901 τοῦ
3616 4846 3685 4896 ἀνθ

2162 4943 2286 5014 δρὸς
2313 4946 2373 4998 τὸ
2403 4945 2696 5016 ἰδιότροπον
2718 4989 2731 5007 ,
2753 4946 2850 4998 ’καὶ
2882 4943 3199 5013 βουλόμενος
3233 4943 3336 4994 ὑπὸ
3388 4934 3680 5010 μάρτυριίδ)

2165 5034 2459 5104 ἀξιοπίστῳ
2493 5035 2650 5099 αὐτός
2693 5050 2750 5086 τε
2797 5033 2934 5103 ὑπὲρ
2961 5031 3068 5084 τῶν
3104 5029 3500 5101 πεπραγμένων
3527 5023 3684 5080 ἀπολο-

2168 5187 2290 5242 sitni
2327 5187 2676 5256 ὁμολογῆται.
2977 5251 3008 5256 Α
3549 5246 3578 5256 Α
3614 5245 3623 5255 ι

2240 5257 2314 5324 (4)
2363 5242 2924 5326 Ἆνεξεῧξαμενζ-Ιιτι
2977 5251 3106 5326 Beg.
3166 5259 3394 5326 uterque
3451 5257 3501 5301 et
3541 5242 3676 5326 guis!-

2177 5315 2406 5396 uterque
2435 5315 2556 5380 cum
2591 5315 2752 5390 Med,
2787 5315 3227 5396 V_a_t.,Claiom.,
3255 5315 3429 5396 Paris.
3463 5315 3676 5396 etBigot.

2175 5395 2291 5467 Non
2318 5389 2556 5467 'possum
2613 5398 2782 5467 citare
2828 5391 3480 5467 Harl:_canum_codicem.
3505 5389 3568 5467 .iu
3591 5395 3678 5467 quo

2175 5453 2360 5520 folium
2396 5465 2549 5521 deest
2579 5467 2682 5520 hoc
2712 5466 2852 5524 loco,
2887 5463 2982 5518 sed
3013 5479 3121 5516 non
3166 5461 3390 5516 dubium
3433 5457 3565 5528 quin
3588 5453 3677 5528 luet?

2173 5537 2442 5601 scriptura
2497 5544 2575 5588 tot
2624 5536 2748 5589 nixa
2801 5533 2954 5586 libris
3007 5533 3245 5600 antiquis
3285 5524 3596 5600 prxfcreuda
3623 5524 3678 5573 sit

2171 5607 2398 5678 vulgata:
2423 5604 2735 5678 ἀνέζευξαν,
2773 5605 2960 5678 reuersi
2989 5613 3132 5678 sunt.

2242 5667 2318 5747 (ἓξ)
2357 5676 2484 5728 Ὑπῦ
2517 5667 2780 5742 μάρτυρι.
2806 5671 3066 5726 Nonnulli
3097 5687 3228 5726 mss.
3261 5671 3353 5724 ἐπὶ
3387 5667 3609 5738 μάρτυρι.

3150 2933 3304 2986 Οὕτω
3350 2934 3526 2986 τοί-,υν
3576 2932 3685 3001 περὶ
3760 2989 3762 2996 ι
