3762 6510
119 328 185 380 5m
938 316 1423 374 EPISTOLARUM
1459 312 1746 371 CLASSIS
1781 319 1844 376 ll.
1884 323 2107 381 EPIST.
2149 325 2338 382 XCIX.

3138 332 3244 388 503

116 447 317 519 γῆειςθαι
344 484 357 503 ,
405 443 637 495 κάκεῖνον
694 440 1136 511 πληροφορῆσαι,
1184 436 1344 510 ἦλθον
1383 439 1474 492 ἐπὶ
1518 437 1585 489 τὰ

1730 439 1765 493 li
1812 444 2167 509 satisfacere,
2200 443 2323 499 veni
2353 441 2549 497 Getasa
2609 443 2662 497 in
2705 457 2893 513 agrum
2943 445 3245 516 religiosis-

116 544 289 615 Γήτασα.
302 537 378 587 τὸν
403 534 562 604 ἀγρὸν
592 530 683 584 τοῦ
714 530 1124 599 θεοφιλεστάτου
1152 532 1450 584 ἐπισκόπου
1483 530 1587 583 Με-

115 635 239 685 ὶετίου
258 618 273 693 ,’
303 624 650 696 συμπαρόιτος
687 639 778 692 μοι
813 623 908 675 καὶ
933 622 1096 675 αὐτοῦ
1126 622 1220 675 τοῦ
1260 621 1591 693 προειρημέτ

115 743 177 776 νου
204 719 416 773 Θεοδότου
437 733 450 746 ·
486 716 576 769 καὶ
611 714 781 777 οὕτως
819 716 965 779 ἐκεῖ,
998 713 1182 783 ἐπειδὴ
1223 711 1588 783 ὲνεκλήθημεν

116 816 202 885 παρ’
238 810 374 865 αὐτοῦ
416 809 502 860 ἐπὶ
544 810 608 877 τῇ
641 808 716 877 (6)
770 807 907 876 πρὸς
952 805 1245 860 nomen»;
1306 806 1587 876 συναφείᾳ,

114 903 220 957 εἷπον
256 902 306 954 τὸ
340 901 396 953 ὲκ
424 900 518 966 τῆς
565 898 849 967 συντυχίας
883 897 1246 968 κατόρθωμα,
1280 899 1360 950 ὃτι
1405 895 1591 949 ἔλαϐον

114 997 227 1050 αὑτὸν
267 995 333 1054 είς
374 992 539 1043 πάντα
585 991 716 1059 ἡμῖν
765 988 1140 1059 ὁμοδοξοῦντα.
1192 989 1278 1051 Ὠς
1324 988 1380 1040 δὲ
1417 987 1592 1042 διεϐε-

114 1085 273 1139 ϐαιοῦτο
301 1083 501 1151 ἔξαρνον
556 1080 881 1151 γεγενῆσθαι
940 1080 1078 1149 μετά
1129 1080 1225 1151 τὴν
1282 1081 1373 1149 ἀφ’
1400 1136 1407 1141 _
1437 1080 1593 1150 ἡμῶν

114 1176 416 1246 ἀναχώρησιν,
474 1174 565 1225 καὶ
615 1170 1054 1225 διαϐεϐαιοῦσθαι
1104 1172 1266 1224 αὑτὸν
1302 1174 1412 1236 τοῖς
1448 1172 1594 1235 ἰδίοις

118 1268 232 1322 αξιτοῦ
252 1264 524 1336 μαθηταῖς,
556 1259 591 1333 ἦ
635 1262 733 1333 μὲν
758 1265 837 1325 είς
874 1262 1036 1332 μηδὲν
1069 1264 1198 1331 ἡμῖν
1228 1262 1355 1332 περὶ
1382 1262 1479 1333 τῆς
1506 1263 1594 1315 πί-

117 1378 233 1422 στεως
270 1355 649 1417 συντεθεῖσθαι,
680 1354 934 1424 ἀπήντων
972 1351 1081 1420 ἐγὼ
1117 1353 1250 1422 πρὸς
1283 1351 1452 1404 ταῦτα
1483 1354 1598 1422 (καὶ

115 1452 281 1511 σκόπει,
318 1444 717 1517 θαυμασιώτατε
742 1486 756 1509 ,
805 1445 853 1497 εἰ
900 1443 973 1515 μὴ
1017 1444 1356 1506 δικαιοτάτας
1386 1444 1461 1511 (7)
1504 1444 1598 1498 καὶ

112 1542 454 1613 ἁνιντιρρήτους
488 1536 783 1607 ἐποιούμην
830 1537 962 1605 πρὸς
1011 1534 1169 1588 τοῦτο
1220 1535 1317 1597 τὰς
1374 1534 1601 1605 ἀποκρί-

114 1640 246 1697 σεις),
290 1634 361 1685 ὅτι
409 1631 515 1698 ἐγὼ
566 1632 665 1700 μὲν
727 1628 1064 1699 πέπεισμαι,
1111 1627 1343 1690 εἰκάζων
1396 1628 1460 1680 ὲκ
1504 1627 1602 1697 τῆς

112 1728 251 1796 λοιπῆς
274 1723 570 1785 εὐπαθείας
597 1723 690 1775 τοῦ
724 1721 914 1792 ἀνδρὸς
938 1761 952 1783 ,
999 1720 1073 1791 μὴ
1093 1719 1264 1782 οὕτως
1294 1719 1452 1772 αὐτὸν
1475 1718 1599 1772 κού-

112 1836 191 1884 φως
213 1816 600 1886 περιτρέπεσθαι
639 1814 773 1884 πρὸς
802 1813 867 1865 τὰ
906 1812 1157 1873 ἐναντία,
1191 1811 1323 1881 μηδὲ
1373 1809 1467 1862 νῦν
1502 1809 1600 1878 μὲν

110 1910 349 1980 ὁμολογεῖν,
377 1907 468 1959 νῦν
504 1908 561 1960 δὲ
614 1907 755 1977 ὑπὲρ
795 1902 869 1959 ὧν
915 1900 1066 1957 εἶπεν
1096 1903 1404 1974 ἀρνεῖσθαι·
1435 1902 1601 1973 ἀνδρα

111 2006 174 2055 καὶ
197 2005 244 2055 τὸ
261 2003 383 2073 ὑπὲρ
404 2002 507 2054 τῶν
533 2000 804 2070 τυχόντων
820 1998 1010 2067 ψεῦδος
1027 2039 1043 2060 ,
1069 1997 1144 2060 ὡς
1176 1995 1423 2065 φοϐερὸν,
1464 1997 1600 2048 ἀπο-

112 2095 313 2161 φεύγοντα
335 2134 349 2156 ,
380 2095 449 2162 μὴ
476 2094 557 2144 ὅτι
584 2108 648 2158 γε
676 2090 804 2160 περὶ
843 2088 951 2142 τῶν
987 2087 1315 2157 τηλικούτων
1347 2087 1603 2157 πραγμά-

109 2205 206 2246 των,
240 2188 319 2239 καὶ
342 2186 476 2238 οὕτω
509 2184 661 2254 παρά
692 2185 824 2235 πᾶσι
880 2181 1220 2250 βεϐοημένων
1249 2181 1357 2248 (8),
1394 2179 1604 2233 ἑλέσθαι

112 2278 154 2328 ἐν
177 2293 275 2327 ποτε
324 2274 707 2343 ἐναντιωθῆναι
752 2276 817 2343 τῇ
871 2272 1115 2342 ἀλῃθείᾳ..
1159 2272 1221 2324 El
1253 2271 1309 2324 δὲ
1358 2270 1464 2341 ἄρα
1513 2271 1606 2324 καὶ

111 2368 236 2435 ἀληθῆ
277 2363 401 2418 εἶναι
461 2366 646 2435 συμϐῇ
700 2364 766 2416 τὰ
821 2361 1191 2432 θρυλλούμενα
1253 2362 1380 2431 παρ’
1433 2360 1604 2430 ὑμῶν,

112 2461 324 2528 προτεῖναι
373 2457 517 2526 αὐτῷ
549 2458 933 2526 γραμματεῖον
958 2495 973 2516 ,
1010 2455 1188 2505 πᾶσαν
1228 2451 1346 2520 ἔχον
1378 2451 1478 2520 τῆς
1513 2452 1606 2522 όρ-

111 2551 178 2618 ϐῆς
198 2550 399 2610 ria-rato;
425 2549 523 2618 τὴν
559 2546 858 2610 ἀπόδειξιν,
894 2546 1017 2615 χρή.
1061 2544 1183 2596 Ἐὰν
1222 2543 1319 2612 μὲν
1352 2540 1441 2596 οὖν
1467 2542 1610 2613 εὕρω

111 2640 226 2691 αὑτὸν
270 2639 635 2708 συπιθὲμενον
667 2636 957 2707 ἐγγράφως
982 2674 996 2695 ,
1035 2632 1275 2703 ὲπιμενῶ
1314 2635 1378 2702 τῇ
1424 2649 1611 2688 κοινω-

111 2734 193 2801 νῖᾳ²
223 2732 303 2784 ἐὰν
332 2731 383 2785 δὲ
412 2731 561 2784 λάϐω
594 2728 954 2797 ἀναδυόμενον
981 2768 994 2789 ,
1028 2726 1406 2795 ἀποστήσομαι
1447 2723 1609 2777 αὑτοῦ

109 2824 177 2893 τῆς
202 2823 481 2890 συναφείας.
525 2820 953 2890 Ἀποδεξαμένου
982 2821 1057 2886 (9)
1086 2819 1174 2870 τὺν
1200 2817 1353 2883 λόγον
1375 2816 1467 2869 τοῦ
1497 2818 1614 2868 ἐπι-

112 2915 263 2966 σκότου
298 2914 550 2967 Μελετίου
576 2955 591 2977 ,
638 2912 729 2965 καὶ
787 2911 878 2963 τοῦ
929 2909 1178 2981 ἀδελφοῦ,
1214 2907 1477 2979 Διοδώρου
1520 2906 1612 2960 τοῦ

114 3006 528 3076 ευμπρεσϐυτέρου
564 3006 768 3075 (παρῆν
799 3003 905 3074 γὰρ
942 3005 1057 3065 τοῖς
1100 3001 1455 3070 γινομένοις),
1493 3017 1614 3052 συν-

1690 532 1813 586 simi
1857 534 2097 603 episcopi
2162 532 2390 596 Meletii,
2430 534 2520 586 ubi
2574 542 2629 587 et
2683 534 2829 604 ipse,
2877 548 3037 605 quem
3096 537 3242 602 dixi,

1691 624 2005 680 Theodotus
2042 640 2249 679 mecum
2296 624 2583 680 interfuit:
2619 627 2805 695 sicque
2843 627 2916 681 ibi
2955 638 3249 686 accusatus

1690 716 1758 770 ab
1795 731 1862 771 eo
1891 718 1960 770 ob
2005 716 2450 786 conjunctionem
2506 731 2629 771 cum
2668 716 2988 783 Eustathio,
3020 718 3132 773 dixi
3183 736 3249 774 ex

1690 822 1987 877 congressu
2033 813 2386 861 consecutum
2428 821 2514 861 me
2556 817 2793 870 esse,ut
2838 824 2960 863 eum
2996 810 3050 863 in
3074 814 3250 864 omni.

1692 899 1795 954 bus
1824 898 1966 952 idem
1997 913 2061 952 ac
2096 914 2197 952 nos
2226 898 2551 953 sentientem
2588 898 2862 953 haberem.
2898 900 3034 954 Cum
3068 911 3248 956 autem

1660 998 2032 1044 .asseveraret
2076 987 2420 1043 Eustathium
2456 1003 2685 1059 negasse
2710 1028 2724 1051 ,
2763 999 3048 1059 postquam
3086 992 3154 1045 ab
3188 1007 3251 1045 eo

1694 1084 2082 1149 discessimus,
2116 1084 2352 1153 suisque.
2370 1084 2604 1152 propriis
2639 1085 2818 1154 ipsum
2848 1084 3135 1153 discipulis
3175 1082 3252 1136 af-

1697 1175 1948 1239 firmare,
1981 1191 2040 1229 se
2073 1175 2220 1228 nulla
2268 1188 2495 1243 prorsus
2532 1175 2584 1228 in
2615 1190 2674 1229 re
2709 1174 2993 1229 nobiscum
3032 1174 3099 1228 de
3153 1173 3255 1228 ﬁde

1697 1268 2046 1321 consensisse
2066 1306 2082 1330 ,
2118 1268 2184 1322 ad
2227 1267 2340 1321 tunc
2371 1282 2472 1336 ego
2498 1267 2850 1321 occurrebam
2881 1266 2968 1335 (ac
2987 1265 3142 1326 vide.
3174 1265 3257 1319 vir

1700 1359 1981 1427 inprimis
2010 1358 2355 1422 admirande,
2399 1374 2466 1412 an
2503 1373 2611 1412 non
2645 1358 2984 1427 justissimas
3022 1357 3145 1410 huic
3179 1358 3258 1410 rei

1699 1459 1753 1504 et
1785 1450 2173 1505 invictissimas
2192 1452 2581 1520 responsiones
2606 1448 2969 1519 attulerimus)
2992 1488 3005 1505 .
3032 1462 3259 1516 persua-

1700 1552 1819 1596 su'm
1847 1542 1977 1596 mihi
2011 1559 2132 1598 esse
2163 1543 2533 1613 conjecturam
2583 1542 2797 1597 facienti
2825 1557 2888 1595 ex
2921 1541 3129 1608 reliqua
3159 1539 3260 1592 viri

1702 1634 2043 1695 constantia.
2082 1635 2258 1703 ipsum
2323 1634 2467 1687 haud
2514 1634 2589 1687 ita
2636 1632 2828 1686 leviter
2886 1632 2940 1685 in
2986 1629 3261 1684 contraria

1704 1725 2080 1787 circumferri,
2115 1741 2293 1794 neque
2332 1741 2480 1779 nunc
2520 1724 2738 1793 quidem
2783 1723 3029 1776 confiteri
3053 1761 3068 1782 .
3118 1734 3264 1774 nunc

1710 1830 1839 1869 vero
1866 1830 2067 1885 negare
2097 1831 2217 1884 qua:
2251 1815 2483 1879 dixerit;
2525 1814 2796 1866 hominem
2829 1811 3168 1866 mendacium
3210 1811 3264 1863 in

1710 1907 1871 1961 rebus
1898 1907 2140 1961 minimis
2161 1945 2175 1968 ,
2201 1914 2259 1959 ut
2283 1906 2543 1959 horribile
2576 1903 2831 1973 quiddam
2856 1942 2871 1966 ,
2901 1909 3263 1962 aversantem,

1710 1998 1907 2053 nedum
1956 2000 2012 2053 in
2070 2000 2233 2054 rebus
2288 1998 2424 2052 tanti
2482 1997 2743 2050 momenti
2799 2010 2861 2049 ac
2898 1996 2969 2049 ita
3020 1994 3264 2048 omnium

1711 2091 1854 2143 fama
1903 2090 2195 2145 celebratis
2256 2087 2468 2144 'veritati
2517 2104 2759 2158 unquam
2794 2088 3068 2143 adversari
3112 2086 3263 2141 velit.

1712 2178 1867 2245 Quod
1898 2180 1944 2234 si
1976 2195 2103 2234 vera
2131 2195 2254 2234 esse
2284 2180 2565 2248 contingat
2603 2195 2723 2247 qtae
2763 2193 2794 2231 a
2820 2179 2973 2232 vobis
3008 2177 3264 2230 dictitan-

1714 2283 1821 2337 tur,
1859 2274 2253 2343 proponendus
2282 2282 2366 2327 est
2395 2274 2443 2327 ei
2476 2273 2693 2327 libellus
2716 2314 2731 2337 ,
2764 2273 2854 2341 qui
2896 2287 3059 2325 omne
3110 2279 3271 2325 recta:

1716 2367 1837 2421 ﬁdei
1861 2367 2133 2436 specimen
2168 2368 2579 2436 complectatur.
2608 2364 2761 2431 Quod
2800 2366 2843 2417 si
2875 2380 2997 2418 eum
3031 2363 3271 2418 subscri-

1714 2461 1893 2515 bendo
1944 2460 2198 2515 assentiri
2239 2474 2526 2529 reperero,
2567 2459 2796 2512 manebo
2841 2458 2893 2509 in
2935 2456 3080 2510 illius
3124 2469 3275 2509 com-

1718 2552 2007 2606 munione:
2043 2553 2125 2607 sin
2155 2559 2334 2605 autem
2365 2550 2774 2616 deprehendero
2800 2555 3170 2611 recusantem,
3206 2546 3275 2602 ab

1719 2644 1865 2697 illius
1880 2644 2265 2713 conjunctione
2292 2643 2593 2698 discedam.
2627 2642 2760 2694 Cum
2791 2650 2969 2694 autem
3008 2640 3119 2693 hzee
3149 2653 3276 2707 pro-

1720 2736 1982 2789 barentur
2012 2737 2272 2805 epise0po
2310 2734 2526 2789 Meletio
2547 2775 2561 2797 ,
2593 2741 2648 2787 et
2703 2732 2854 2785 fratri
2890 2730 3124 2784 Diodoro
3151 2744 3276 2799 pre-

1720 2827 1941 2898 sbytero
1970 2828 2116 2896 (nam
2153 2826 2221 2881 iis
2252 2841 2374 2893 quae
2414 2825 2618 2879 ﬁebant
2647 2824 2955 2889 intererat),
2996 2820 3106 2874 illic
3146 2835 3278 2874 sane

1720 2934 1882 2988 quam
1915 2918 2244 2972 reverendus
2291 2918 2460 2971 frater
2503 2915 2817 2969 Theodotus
2852 2928 3110 2968 assensus
3161 2921 3276 2976 eSI;

1721 3026 1954 3080 cumque
1989 3010 2309 3064 adhortatus
2340 3016 2525 3069 esset,
2558 3015 2617 3061 ut
2638 3006 3093 3061 descenderemus
3118 3000 3279 3055 Nico-

111 3096 284 3164 σέμενος
328 3099 355 3148 ό
401 3094 828 3165 αἱδεσιμώτατος
881 3093 1105 3160 ἀδελφὸς
1166 3092 1413 3154 Θεόδοτος
1481 3092 1613 3152 ἐκεῖ,

1723 3102 1919 3169 polim,
1968 3106 2082 3152 tum
2138 3106 2197 3152 ut
2283 3096 2585 3150 Ecclesiam
2647 3094 2819 3164 ipsius
2883 3092 3278 3149 inviseremus.

112 3188 179 3238 ni
222 3187 587 3258 παρακαλέσας
647 3189 791 3257 ἡμᾶς
847 3184 1124 3239 κατελθεῖν
1161 3185 1252 3237 ἐπὶ
1308 3183 1618 3244 Νικόπολιν,

114 3279 175 3330 ἵνα
203 3279 280 3332 καὶ
313 3280 404 3349 τὴν
438 3278 767 3350 Ἐκκλησίαν
818 3276 981 3329 αὑτοῦ
1032 3274 1454 3345 ἐπισκεψώμεθα
1479 3315 1492 3337 ,
1529 3276 1620 3327 καὶ

112 3369 231 3419 αὑτὸν
254 3367 491 3438 λάϐωμεν
522 3368 626 3436 τῆς
681 3367 841 3436 μέχρι
884 3365 1135 3419 Σατάλων
1167 3364 1468 3433 ὁδοιπορίας
1501 3380 1624 3416 συν-

112 3452 328 3528 έμπορον,
356 3458 671 3512 καταλιπὼν
717 3459 825 3526 (l0)
858 3459 1002 3527 ἡμᾶς
1046 3459 1102 3509 ὲν
1132 3455 1170 3509 Γ
1174 3457 1413 3527 ητάσοις,
1438 3456 1622 3527 ἐπειδὴ

112 3550 419 3620 κατελάϐομεν
451 3553 568 3619 (ll)
620 3550 715 3619 τὴν
750 3549 1074 3611 Νικόπολιν,
1121 3548 1507 3617 ἐπιλαθόμενος
1548 3541 1623 3600 ὧν

112 3655 152 3689 τε
175 3644 279 3710 παρ’
297 3641 424 3711 ἐμοῦ
452 3643 686 3712 ἤκουσεν
706 3641 838 3710 (ii),
864 3634 937 3693 ὧν
960 3657 1016 3691 τε
1044 3639 1295 3693 συνέθετο
1316 3642 1467 3709 ἡμῖν,
1492 3639 1626 3692 ὲκείο

115 3748 203 3793 ’ναις
237 3736 342 3796 ταῖς
374 3733 564 3804 ὕϐρεσι
600 3734 694 3786 καὶ
720 3735 838 3795 ταῖς
870 3733 1142 3801 ἀτιμίαις,
1175 3732 1240 3793 ἃς
1276 3730 1452 3801 μικρῷ
1495 3732 1599 3801 πρό

115 3821 206 3871 σθεν
233 3822 567 3894 διηγησάμην
590 3865 604 3887 ,
641 3823 1001 3892 καταισχύνας
1032 3823 1175 3891 ἡμᾶς
1209 3820 1516 3890 ἀπέπεμψε.

161 3912 202 3963 ό.
243 3914 352 3977 Πῶς
384 3910 475 3967 οὖν
519 3910 592 3984 ἦν
632 3913 853 3966 δυνατόν
898 3930 1007 3983 μοι,
1048 3913 1343 3982 τιμιωτάτη
1398 3911 1624 3981 κεφαλὴ,

113 4002 288 4070 ποιῆσαί
318 4023 366 4056 τι
390 4004 498 4058 τῶν
529 4003 1017 4075 προστεταγμένων
1037 4043 1050 4065 ,
1082 4003 1173 4054 καὶ
1200 4001 1380 4054 δοῦναι
1407 4001 1627 4053 ἐπισκό-

114 4109 213 4156 πους
245 4098 302 4165 τῇ
329 4096 620 4167 ’Λρμενίᾳς
661 4094 800 4147 οὕτω
847 4094 979 4164 πρὸς
1022 4094 1088 4163 μὲ
1109 4091 1202 4145 τοῦ
1244 4091 1497 4146 κοινωνοῦ
1532 4092 1628 4161 τῆς

116 4188 343 4252 φροντίδος
366 4187 726 4248 διατεθέντος,
759 4188 887 4257 παρ’
915 4181 974 4239 οὗ
1006 4183 1116 4252 ἐγὼ
1143 4184 1482 4256 προσεδόκων
1507 4186 1631 4247 τοὺς

113 4275 395 4347 ἐπιτηδείους
416 4279 615 4350 ἄνδρας
633 4277 903 4348 εὑρήσειν,
935 4275 1023 4329 διὰ
1057 4276 1117 4328 τὸ
1144 4272 1279 4328 εἶναι
1307 4278 1364 4329 ὲν
1393 4278 1457 4345 τῇ
1494 4292 1632 4345 παρ-

113 4368 225 4437 οικίᾳ
261 4369 415 4422 αὑτοῦ
467 4370 561 4422 καὶ
609 4368 876 4431 εὐλαϐεῖς,
957 4368 1050 4419 καὶ
1086 4367 1354 4429 συνετοὺς,
1398 4367 1493 4418 καὶ
1536 4366 1633 4435 τῆς

1723 3198 1837 3243 tum
1873 3190 2027 3260 195
2059 3198 2114 3243 et
2143 3189 2320 3258 ipsum
2348 3188 2558 3242 itineris
2581 3186 2830 3240 comitem
2862 3183 3075 3236 Satalos
3111 3196 3284 3250 usque

1723 3283 2052 3355 haberemus
2073 3325 2086 3345 ,
2120 3296 2185 3334 ac
2232 3296 2333 3333 nos
2365 3279 2578 3333 Getasis
2611 3276 2921 3345 reliquisset
2948 3317 2962 3339 ,
2996 3274 3085 3327 ubi
3120 3271 3284 3326 Nico-

1722 3376 1886 3445 polim
1924 3375 2203 3435 venimus,
2238 3374 2442 3427 oblitus
2463 3386 2650 3427 eorum
2685 3384 2804 3438 qua:
2825 3375 2879 3422 et
2908 3384 2935 3421 a
2971 3382 3056 3421 me
3097 3365 3284 3419 audie-

1724 3474 1834 3527 rat,
1867 3474 1921 3518 et
1953 3481 2073 3535 qua:
2099 3465 2384 3519 nobiscum
2412 3472 2603 3533 pactus
2635 3462 2810 3515 fuerat
2831 3500 2845 3521 ,
2879 3474 2980 3513 nos
3014 3458 3081 3510 iis
3107 3497 3121 3517 .
3148 3471 3286 3525 quas

1725 3559 1887 3627 paulo
1916 3564 2041 3612 ante
2067 3558 2265 3620 retuli,
2298 3554 2647 3610 contumeliis
2675 3536 2751 3605 ac.
2790 3548 3109 3619 ignominiis
3155 3547 3287 3601 aifa-

1725 3657 1843 3703 etos
1868 3648 2093 3703 dimisit.

1796 3906 1848 3958 4.
1875 3902 2155 3970 Quomodo
2175 3917 2303 3972 ergo
2324 3915 2537 3971 possem
2577 3906 2737 3968 caput
2752 3894 3287 3966 praestantissimum,

1729 3996 2104 4051 mandatorum
2119 3994 2412 4064 quidquam
2434 3990 2708 4062 perficere,
2726 3998 2778 4045 et
2794 3990 3078 4058 episcopos
3094 3986 3287 4041 Arme-

1730 4091 1833 4144 niae
1853 4089 2019 4144 dare?
2057 4089 2135 4144 sic
2155 4103 2282 4158 erga
2320 4102 2405 4140 me
2425 4084 2617 4139 affecto
2643 4097 2894 4151 curarum
2921 4079 3092 4143 socio,
3130 4076 3290 4149 cujus

1730 4196 1893 4250 opera
1907 4180 2188 4250 sperabam
2202 4194 2286 4232 me
2300 4178 2523 4231 idoneos
2538 4176 2681 4230 viros
2695 4175 3133 4237 inventurum,eo
3144 4170 3289 4241 quod

1731 4273 1786 4326 in
1820 4272 1939 4341 ejus
1961 4271 2197 4340 parcecia
2231 4286 2340 4323 non
2379 4268 2561 4324 desint
2597 4275 2651 4321 et
2682 4264 2942 4333 religiosi,
2970 4272 3023 4317 et
3054 4264 3291 4333 pruden-

1732 4372 1836 4429 tes,
1866 4372 1920 4417 et
1965 4363 2162 4434 linguae
2209 4361 2397 4431 periti,
2438 4371 2491 4416 et
2526 4359 2621 4429 qui
2668 4357 2904 4427 reliquos
2950 4372 3081 4411 usus
3117 4354 3293 4426 gentis

112 4456 311 4530 γλώττης
354 4462 684 4532 ἐμπείῳυς,
747 4459 840 4511 καὶ
886 4458 953 4511 τὰ
1017 4455 1178 4509 λοιπά
1222 4455 1483 4526 ίδιώματα
1537 4452 1614 4508 τοί

1737 4454 1984 4524 proprios
2030 4454 2244 4517 sciant;
2289 4465 2520 4521 quorum
2556 4447 2773 4505 nomina
2803 4462 2925 4499 cum
2959 4446 3125 4499 sciam
3149 4484 3163 4507 ,
3195 4460 3293 4498 vo-

114 4550 260 4614 ἔθνους
285 4554 696 4623 ἐπισταμένους
718 4545 791 4605 ὧν
819 4549 971 4611 εἰδὼς
994 4549 1060 4601 τὰ
1081 4548 1337 4618 ὀνόματα.
1363 4546 1502 4600 ἑκὼν
1523 4546 1631 4616 (l5)

117 4645 448 4716 ςιωπήσομαι,
481 4647 572 4698 ἵνα
600 4644 673 4714 μή
704 4661 757 4695 τι
789 4642 1041 4712 ἐμπόδιον
1069 4640 1292 4710 γένηται
1322 4640 1456 4709 πρὸς
1489 4639 1548 4692 τὸ
1579 4642 1635 4692 ὲν

114 4733 251 4803 ἐτερῳ
294 4738 420 4805 γοῦν
471 4736 649 4806 χρόνῳ
704 4731 1130 4805 χρησιμευθῆναι
1181 4732 1280 4801 τὴν
1324 4732 1632 4802 Ἀρμενίαν.

114 4824 199 4879 Kal
241 4828 328 4882 νῦν
365 4829 653 4898 γενόμενος
699 4825 857 4896 μέχρι
893 4823 1141 4876 Σατάλων
1174 4823 1230 4875 ὲν
1270 4825 1492 4893 τοιούτῳ
1536 4822 1638 4875 σώ-

118 4935 237 4985 ματι,
258 4921 320 4973 τὰ
340 4922 435 4990 μὲν
455 4921 619 4974 λοιπά
641 4919 793 4984 ἔδοξα
808 4920 871 4987 τῇ
894 4915 987 4969 τοῦ
1001 4914 1133 4969 Θεοῦ
1155 4914 1335 4986 χάριτι
1356 4914 1633 4985 καθιστᾷν,

118 5010 391 5082 εἰρηνεύσας
419 5015 546 5076 τοὺς
582 5012 677 5082 τὴς
702 5009 986 5081 ’Λρμενίας
1020 5006 1344 5069 ἐπισκόπους
1363 5049 1376 5071 ,
1408 5007 1499 5059 καὶ
1525 5007 1638 5060 δια-

170 5171 235 5239 (6)
271 5173 386 5224 Ἐπὶ
414 5170 510 5238 τῇ.
537 5169 791 5223 Nonnulli
823 5184 961 5239 mss.
982 5166 1108 5239 περὶ
1135 5166 1297 5239 τῆς...
1327 5167 1635 5239 συναφείας.

120 5235 286 5309 ibidem
324 5235 494 5297 Coisl‘.
548 5242 757 5309 primus
806 5248 858 5289 et
914 5235 1064 5309 Med.
1103 5236 1169 5309 τά
1223 5235 1637 5309 κατορθώματα.

120 5306 256 5386 Paulo
280 5321 397 5386 post
425 5306 673 5386 nonnulli
710 5310 927 5386 cttdiCes
958 5306 1151 5386 ἑαυτοῦ
1185 5306 1469 5386 μαθηταῖς.

174 5381 238 5449 (7)
266 5374 661 5445 Αικαιοτὰτας.
725 5377 853 5446 Reg.
909 5377 1132 5449 primus
1168 5385 1231 5449 et_
1275 5374 1447 5444 Bigot.
1505 5377 1641 5449 alter

122 5445 430 5515 δικαιοτάτως
478 5451 572 5503 καὶ
622 5445 1043 5520 ἀναντιρρήτως.
1103 5445 1272 5500 Paulo
1334 5452 1457 5515 post
1512 5447 1640 5500 editi

124 5523 415 5585 perabsurde
440 5521 750 5582 αὐθαδείας.

178 5590 239 5657 (8)
269 5593 661 5661 Βεϐοημένων.
696 5590 772 5643 Ita
804 5604 937 5642 mss.
970 5602 1085 5641 sex.
1114 5585 1252 5639 Editi
1288 5584 1641 5656 διαϐεϐοημέ-

125 5676 224 5713 νων.
1046 5678 1050 5682 ‘

181 5732 244 5800 (9)
282 5730 758 5800 Ἀποδεξαμένου.
806 5726 941 5781 Tres
972 5741 1100 5781 mss.
1139 5741 1245 5781 non
1284 5725 1638 5782 vetustissimi

1736 4548 1852 4601 lens
1880 4547 2090 4606 tacebo.
2123 4560 2191 4598 ne
2218 4544 2347 4612 quid
2375 4542 2740 4611 impedimenti
2772 4548 3049 4596 nascatur,
3081 4536 3293 4604 quomi-

1737 4654 1839 4693 nus
1870 4638 1976 4693 alio
2016 4639 2217 4692 saltem,
2246 4643 2488 4703 tempore
2518 4632 2784 4686 Armeniae
2813 4630 3017 4683 utiliter
3043 4624 3296 4680 consula-

1736 4738 1843 4784 tur.
1893 4728 1958 4782 Et
1993 4744 2135 4783 nunc
2177 4743 2301 4782 cum
2340 4723 2518 4779 Satala
2553 4739 2724 4792 usque
2770 4737 2891 4775 cum
2937 4719 3026 4772 tali
3068 4731 3294 4786 corpore

1736 4822 2125 4892 pervenissem.
2156 4818 2363 4887 reliqua
2396 4815 2612 4885 quidem
2645 4812 2795 4866 visus
2823 4826 2942 4865 sum
2986 4806 3078 4859 Dei
3124 4803 3294 4875 gratia

1737 4912 2103 4975 constituere;
2134 4923 2256 4962 cum
2281 4921 2465 4976 pacem
2496 4899 2893 4970 composuerim
2920 4898 3057 4951 inter
3085 4896 3298 4964 episco-

1738 5016 1838 5071 pos
1869 4999 2157 5059 Armeniae,
2189 5011 2421 5066 eosque,
2455 5002 2512 5047 ut
2547 5008 2642 5065 par
2668 4999 2819 5053 erat,
2864 4989 3132 5042 allocutus
3163 4984 3293 5047 sim,

1741 5158 1945 5213 addunt
1977 5151 2090 5210 οὖν.

1812 5218 2356 5297 (Ιθ)Συνέμπορον,
2409 5219 2768 5297 καταλιπών.
2824 5218 2904 5297 ita
2968 5227 3099 5267 mss.
3151 5218 3295 5265 octo.

1741 5292 1881 5354 Edili
1910 5292 2242 5364 ’συνεκπορον
2269 5292 2657 5364 καταλιπόντα.
2823 5295 2830 5303 ’
3111 5360 3120 5364 _
3204 5352 3236 5364 __
3368 5342 3385 5357 κ

1812 5369 1922 5440 (ll)
1957 5360 2383 5440 querliz'é‘oper.
2428 5360 2675 5440 Quatuor
2726 5371 2861 5440 mss.
2896 5368 3005 5407 non
3041 5360 3301 5405 vetustis-

1742 5427 1864 5496 simi
1897 5427 2211 5493 κατέλαϐεν,
2247 5427 2337 5486 sed
2372 5432 2550 5484 minus
2570 5427 2876 5484 commode.

1813 5492 1922 5576 (Vl?)
1958 5509 2269 5576 Ἤκουσεν.
2306 5500 2381 5555 Ita
2420 5501 2609 5576 optimi
2663 5498 2907 5576 quinque
2959 5509 3092 5547 mss.
3156 5492 3297 5576 βίίῖιι

1740 5564 2007 5651 ᾗκὸυσάν.
2031 5575 2199 5628 Paulo
2235 5582 2356 5643 post
2388 5564 2524 5626 male
2554 5572 2607 5624 iu
2634 5568 2797 5624 editis
2822 5564 3296 5636 προτεταγμένων.

1743 5648 1873 5705 Mss.
1909 5658 1969 5700 ut
1996 5648 2049 5699 in
2079 5652 2248 5697 testu.

1821 5702 1931 5789 (15)
1978 5715 2174 5770 Ἐχών.
2200 5715 2277 5768 ita
2306 5713 2545 5785 plerique
2575 5726 2705 5767 mss.
2737 5707 2878 5761 Editi
2903 5702 3181 5767 ἑκουσίως.
