3762 6486
511 326 615 382 5Ξ5

1834 326 1891 382 S.
1932 323 2179 381 BASILll
2216 325 2431 383 MAGNI
3593 342 3667 400 ευ,

583 446 637 500 Ξ..
682 449 750 501 At
782 446 931 502 vides
965 443 1241 516 quomodo
1271 444 1598 499 circuitione
1623 451 1762 510 utar,
1800 445 1929 499 dum
1964 460 2084 516 ape-

2254 446 2308 501 2.
2363 447 2502 500 Ἀλλ’
2557 449 2690 521 όρᾷς
2725 449 2874 515 ὅπως
2928 451 3113 524 κύκλῳ
3158 452 3390 524 περίειμι
3427 454 3570 510 ὀκνῶν
3602 463 3667 515 καὶ

512 542 621 596 rire
681 554 869 596 vereor
916 554 981 592 ac
1035 537 1270 605 refugio.
1307 553 1414 608 qua
1452 537 1520 592 de
1569 552 1735 593 causa
1775 538 2078 592 orationem

511 632 812 688 instituam.
860 630 1204 685 Domitianus
1249 629 1339 685 ille
1372 630 1723 701 necessarius
1769 637 1959 685 noster
1999 637 2083 685 est

509 723 581 779 ab
603 722 828 792 antiquo
863 736 931 776 ex
966 720 1309 791 parentibus,
1352 720 1433 775 sic
1464 728 1523 773 ut
1552 720 1685 774 nihil
1720 719 1946 774 omnino
1976 718 2084 775 dif-

509 812 649 872 ferat
685 829 715 867 a
764 812 954 868 fratre.
990 810 1356 878 Quamobrem
1390 811 1536 865 enim
1587 810 1734 881 quod
1765 825 1955 871 verum
1999 820 2083 867 est

508 916 617 957 non
647 901 868 956 dicam?
897 899 1105 956 Deinde
1136 914 1359 954 causam
1392 899 1639 963 edoctus,
1673 899 1745 954 ob
1771 914 1934 970 quam
1968 899 2083 954 haec

508 994 750 1063 pertulit,
783 993 1006 1063 dignum
1034 1006 1156 1048 esse
1187 991 1300 1047 dixi
1335 991 1428 1061 qui
1452 992 1531 1046 sic
1558 997 1857 1063 pateretur.
1897 989 2085 1062 Neque

506 1088 649 1142 enim
680 1087 972 1157 quisquam
1022 1084 1114 1149 sit,
1149 1084 1246 1154 qui
1288 1084 1333 1139 si
1376 1098 1568 1155 parum
1612 1090 1705 1137 aut
1756 1083 1986 1137 multum
2027 1082 2083 1137 in

507 1187 655 1233 tuam
708 1178 966 1231 virtutem
1027 1175 1357 1246 peccaverit,
1406 1190 1623 1246 ptenam
1679 1173 1924 1246 effugiat.
1975 1173 2083 1231 Sed

506 1270 764 1340 quoniam
797 1268 1046 1323 videmus
1080 1268 1225 1323 hunc
1262 1268 1315 1322 in
1365 1276 1512 1324 metu
1558 1275 1611 1323 et
1656 1267 1954 1339 ignominia
1989 1266 2086 1322 de-

2190 538 2549 611 ἀναδυόμενος
2574 539 2674 612 τήν
2697 541 2877 597 αἰτίαν
2912 544 3188 612 ἐκφαίνειν
3218 544 3356 616 ὑπὲρ
3382 537 3450 599 ὧν
3472 547 3669 620 ποιοῦμαι

2186 630 2313 694 τοὺς
2343 630 2553 700 λόγους.
2582 634 2908 705 Δομετιανὸς
2933 631 3091 700 οὗτος
3122 636 3412 709 ἐπιτήδειος
3435 639 3545 710 ἡμῖν
3567 643 3670 696 ἔστιν

2186 724 2251 775 ὲκ
2287 721 2397 775 τῶν
2440 723 2644 792 γονέων
2684 724 2887 779 ἄνωθεν
2911 744 2926 758 ·
2974 726 3116 781 ὥστε
3151 727 3374 799 ἀδελφοῦ
3417 730 3520 800 μηδ’
3544 733 3671 788 ὁτιοῦν

2185 811 2484 885 διαφέρειν.
2521 815 2587 867 Τί
2636 815 2743 889 γάρ
2787 816 2852 871 ἀν
2884 836 2969 884 τις
3026 819 3102 891 μὴ
3152 819 3356 891 τάληθῆ
3398 820 3553 890 λέγοι;
3580 820 3672 879 Εἶτα

2186 902 2283 974 τὴν
2315 905 2493 958 αἰτίαν
2538 906 2798 976 μαθόντες
2834 909 2925 979 ἀφ’
2967 904 3036 982 ἦς
3078 909 3250 964 ταῦτα
3283 910 3539 976 πέπονθεν,
3570 914 3673 980 ἄξιον

2187 991 2325 1047 εἶναι
2355 994 2450 1049 τοῦ
2477 997 2670 1053 παθεῖν
2700 999 2871 1064 οὑτως
2904 1000 3133 1073 ἔφαμεν.
3169 1002 3317 1073 Μηδὲ
3341 1003 3441 1075 γὰρ
3464 996 3579 1058 Esto}
3602 1024 3674 1078 μη-

2185 1086 2316 1150 δεὶς,
2347 1086 2426 1151 ὃς,
2460 1087 2656 1160 μικρὸν
2695 1090 2729 1161 ἢ
2781 1092 2965 1162 μεῖζον
2996 1095 3076 1157 εἰς
3118 1094 3218 1165 τὴν
3249 1094 3345 1165 σὴν
3374 1095 3549 1165 ἀρετήν
3582 1098 3675 1168 (ipt-

2185 1179 2359 1249 λήσας
2388 1179 2523 1249 (74),
2576 1182 2675 1253 τὴν
2722 1183 2994 1255 τιμωρίαν
3043 1186 3293 1254 ἐκφύγοι.
3346 1186 3471 1240 Ἀλλ’
3504 1188 3675 1258 optima;

2185 1270 2374 1326 τοῦτον
2419 1272 2682 1344 περιδεῶς
2722 1276 2816 1327 καὶ
2868 1274 3068 1340 ἀδόξως
3109 1275 3308 1341 ζῶντα,
3337 1279 3425 1331 καὶ
3449 1280 3528 1332 ἐπὶ
3553 1284 3603 1351 τῇ
3632 1286 3674 1351 σῇ

506 1369 743 1433 gentem,
783 1362 1126 1430 salutemque
1169 1359 1342 1430 ipsius
1377 1359 1431 1413 in
1460 1368 1552 1414 tua
1581 1359 1851 1415 sententia
1895 1358 2081 1421 sitam,

2193 1364 2349 1436 ᾧήφῳ
2374 1366 2631 1436 κειμένην
2654 1365 2819 1420 αὑτοῦ
2844 1368 2944 1438 τὴν
2971 1368 3266 1440 σωτηρίαν,
3295 1370 3546 1442 ἀρκοῦσαν
3565 1373 3676 1427 αὑτὸν

505 1450 643 1506 satis
673 1451 825 1504 illum
864 1464 1037 1520 pinnae
1083 1449 1708 1519 dedissejudicavimus,
1740 1457 1818 1513 et,
1870 1457 1931 1505 ut
1969 1464 2086 1504 ma-

506 1542 1119 1614 gnanim’um'quiddam
1155 1541 1319 1596 simul
1342 1550 1396 1597 et
1419 1541 1719 1597 humanum
1743 1542 1812 1597 de
1841 1557 1909 1598 eo
1937 1542 2085 1613 cogi-

507 1643 610 1700 tes,
646 1634 1023 1693 obsecramus.
1075 1632 1210 1688 Nam
1245 1634 1476 1690 rebelles
1500 1634 1604 1689 sub
1648 1641 1968 1704 potestatem
2009 1648 2087 1689 re-

507 1728 716 1800 digere,
761 1735 817 1782 et
843 1726 1005 1783 fortis
1048 1734 1134 1782 est
1172 1726 1297 1788 viri.
1343 1737 1399 1782 et
1445 1741 1575 1782 vere
1625 1726 1995 1797 imperantis:
2030 1734 2085 1781 at

2185 1453 2328 1526 ἐχειν
2381 1455 2481 1528 τὴν
2518 1456 2675 1528 δίκην
2724 1458 3023 1529 ἐκρίναμεν
3045 1474 3058 1489 ⁸
3106 1459 3469 1532 μεγαλόψυχόν
3505 1480 3555 1515 τε
3584 1464 3677 1535 όμώ

2186 1547 2281 1601 καὶ
2295 1547 2673 1619 φιλάνθρωπον
2698 1549 3046 1622 διανοηθῆναί
3079 1568 3137 1606 σε
3166 1554 3294 1625 περὶ
3310 1553 3464 1607 αὑτοῦ
3496 1555 3679 1608 ἱκετεύο-

2187 1658 2307 1713 μεν.
2340 1635 2413 1695 Τὸ
2448 1642 2548 1713 μὲν
2589 1641 2698 1715 γὰρ
2728 1644 2853 1707 τοὺς
2885 1622 3278 1709 ἀντιτείνοντας
3306 1645 3405 1699 ὑπὸ
3425 1647 3560 1716 χεῖρα
3582 1645 3678 1717 λαμ·

2186 1732 2369 1787 ϐἀνειν
2408 1714 2677 1805 ἀνδρείου
2700 1751 2760 1787 τε
2789 1735 2882 1791 καὶ⁹
2926 1736 3183 1808 ἄρχοντος
3208 1737 3285 1801 ὡς
3324 1714 3549 1807 άληθῶς·
3572 1737 3616 1791 τὸ

507 1819 801 1888 benignum
824 1833 947 1873 esse
972 1832 1036 1873 ac
1067 1826 1415 1873 mansuetum
1447 1818 1501 1872 in
1530 1826 1866 1889 prostratos,
1907 1818 2083 1872 homi-

2193 1828 2295 1889 τοῖς
2317 1825 2738 1879 ὑποπεπωκόσι
2778 1826 3014 1898 χρηστὸν
3046 1821 3187 1880 εἶναι
3229 1828 3323 1880 καὶ
3355 1830 3528 1899 πρᾶον,
3559 1845 3677 1898 μετα·
3734 1818 3735 1843 ³

508 1911 595 1964 nis
617 1915 704 1963 est
729 1908 1175 1979 magnanimitate
1200 1915 1255 1962 et
1279 1908 1569 1963 clementia
1602 1923 1793 1964 omnes
1818 1923 2086 1979 superan-

509 2000 600 2057 tis.
644 1997 831 2068 Itaque
863 1997 981 2061 tibi,
1020 1998 1066 2052 si
1111 2001 1281 2061 voles,
1325 1999 1378 2051 in
1432 2014 1541 2052 uno
1588 2010 1643 2053 et
1669 1999 1859 2054 eodem
1897 1999 2085 2053 licebit

508 2100 657 2148 tuam
679 2097 734 2146 et
763 2091 819 2145 in
851 2091 1167 2148 ulciscendo
1198 2102 1250 2146 et
1285 2094 1339 2147 in
1376 2090 1649 2146 servando
1698 2091 1766 2145 ad
1798 2091 2082 2145 arbitrium

506 2183 1012 2256 magnanimitatem
1062 2184 1371 2240 ostendere.
1429 2182 1529 2238 Hic
1571 2182 1767 2239 modus
1817 2184 2078 2254 supplicii

509 2276 649 2334 satis
688 2275 761 2331 sit
800 2274 1128 2341 Domitiano,
1176 2285 1355 2332 metus
1384 2291 1575 2332 eorum
1625 2292 1747 2347 qua:
1781 2284 2083 2347 exspectat,

508 2376 562 2425 et
589 2383 712 2442 qua!
740 2385 799 2426 se
826 2369 940 2440 pati
978 2368 1202 2439 dignum
1237 2383 1359 2423 esse
1390 2369 1565 2426 novit.
1592 2369 1691 2425 His
1744 2369 1879 2424 nihil
1914 2369 1992 2423 illi
2017 2370 2083 2434 ad

509 2475 727 2532 poenam
752 2458 978 2530 adiicias
1009 2459 1406 2529 supplicamus.
1440 2458 1575 2515 Illud
1610 2460 1755 2516 enim
1796 2460 2083 2516 considera

509 2551 762 2607 dominos
788 2565 978 2607 eorum
1022 2551 1117 2621 qui
1161 2551 1416 2606 laaserant
1449 2553 1731 2608 exstitisse
1766 2552 1967 2608 multos
2019 2569 2085 2607 ex

508 2644 578 2700 iis
610 2644 704 2715 qui
745 2652 872 2699 ante
916 2659 1020 2699 nos
1053 2643 1260 2705 vixere,
1291 2643 1360 2698 de
1404 2645 1606 2715 quibus
1647 2645 1832 2699 nullus
1885 2643 1952 2697 ad
1984 2660 2085 2714 po-

511 2745 689 2792 steros
741 2737 1106 2792 transmissus
1136 2736 1296 2808 205
1324 2752 1611 2804 sermone;
1658 2746 1713 2791 at
1772 2750 1902 2790 vero
1947 2735 2083 2789 iram

511 2829 817 2894 remisisse,
867 2830 963 2899 qui
1007 2830 1350 2900 philosophia
1380 2830 1575 2900 vulgus
1620 2828 2083 2890 antecelluerunt,

511 2934 746 2994 quorum
782 2922 1106 2977 immortalis
1140 2923 1401 2977 memoria
1434 2924 1488 2977 in
1513 2923 1661 2979 omni
1685 2937 1801 2977 aevo
1834 2921 2087 2991 perhibe-

511 3026 621 3070 tur.
651 3014 896 3070 Addatur
947 3014 1112 3084 igitur
1142 3015 1325 3070 ethoc
1368 3014 1654 3085 praeconiis
1700 3014 1834 3068 tuis.
1864 3013 2087 3084 Largire

422 3124 430 3137 ι
511 3106 696 3171 nobis,
735 3106 829 3176 qui
874 3113 966 3159 tua
1009 3106 1287 3161 celebrare
1315 3107 1587 3177 cupimus,
1634 3115 1696 3161 ut
1725 3106 2086 3161 humanitatis

510 3198 761 3269 exempla
814 3192 1191 3268 Superioribus
1247 3200 1586 3268 temporibus
1643 3199 1931 3254 decantata
1972 3180 2160 3252 lau-‘C

513 3286 695 3342 dando
724 3302 1069 3357 superemus.
1116 3285 1207 3342 Sic
1251 3297 1306 3342 et
1334 3288 1560 3345 Croesus
1606 3288 1701 3342 ﬁlii
1746 3288 2087 3344 interfectori

514 3377 652 3432 iram
686 3377 964 3433 remisisse
991 3377 1214 3439 dicitur,
1251 3377 1491 3446 seipsum
1539 3379 1608 3432 ad
1641 3378 1975 3449 supplicium
1999 3375 2087 3432 of-

514 3468 834 3525 ferenti:et
891 3484 1120 3538 magnus
1176 3469 1264 3525 ille
1313 3469 1489 3540 Cyrus
1552 3471 1681 3525 huic
1740 3470 1843 3540 ipsi
1893 3470 2088 3526 Crreso

513 3563 723 3617 amicus
766 3571 887 3632 post
930 3561 1211 3615 victoriam
1256 3552 1448 3633 fuisse.
1480 3561 1592 3618 llos
1622 3563 1767 3621 inter
1794 3574 1849 3618 te
1896 3576 2090 3617 nume-

514 3654 785 3718 rabimus,
818 3662 873 3709 et
900 3670 997 3725 pro
1029 3656 1171 3710 virili
1210 3656 1325 3713 haec
1352 3656 1791 3727 przedicahimus,
1824 3654 1934 3710 nisi
1974 3654 2092 3709 exi-

514 3745 595 3801 les
622 3744 844 3816 quidam
878 3760 1001 3802 esse
1030 3746 1254 3802 omnino
1280 3748 1419 3801 tanti
1449 3746 1550 3800 viri
1583 3761 1867 3817 praecones
1898 3745 2089 3801 existi-

514 3852 748 3893 tuemur.

586 3929 640 3984 ’5.
694 3927 961 3984 Caeterum
1010 3926 1144 3981 illud
1198 3929 1409 3986 caeteris
1444 3944 1670 3985 necesse
1724 3939 1809 3987 est
1856 3929 2082 3995 addere,

516 4036 612 4077 eos
661 4021 754 4092 qui
793 4021 1010 4091 quidvis
1046 4020 1396 4092 deliquerint,
1442 4037 1553 4077 non
1598 4022 1667 4079 ob
1715 4038 1781 4079 ea
1823 4038 1945 4094 quae
1969 4025 2084 4093 jam

516 4111 759 4167 admissa
816 4120 945 4167 sunt
997 4114 1179 4183 puniri
1219 4116 1238 4182 (
1254 4128 1360 4184 qua
1417 4114 1563 4169 enim
1611 4123 1729 4170 arte
1772 4130 1893 4185 qua:
1939 4113 2087 4169 facta

520 4215 668 4268 sunt,
695 4205 899 4260 infecta
920 4206 1324 4278 reddanturi);
1356 4207 1452 4263 sed
1480 4215 1539 4261 ut
1563 4214 1657 4262 aut
1685 4208 1786 4279 ipsi
1822 4207 2082 4279 deinceps

515 4295 770 4352 meliores
819 4296 970 4361 ﬁant,
1006 4304 1100 4351 aut
1149 4297 1271 4353 aliis
1312 4297 1560 4369 sapiendi
1603 4299 1716 4354 sint
1753 4297 2082 4368 exemplum.

516 4387 727 4444 Horum
789 4398 971 4446 autem
1029 4399 1282 4446 neutrum
1342 4408 1489 4447 nunc
1542 4391 1734 4448 deesse
1788 4392 2084 4464 quisquam

2184 1915 2487 1987 λοφροσύνῃ
2520 1915 2739 1970 πάντων
2763 1918 2857 1971 κα¹ι
2882 1918 3180 1989 ἡμερότητι
3199 1919 3544 1990 διαφέροντος.
3567 1919 3677 1971 Ὥστε
3734 1924 3735 1977 ξ

2186 2005 2417 2079 ὑπάρξει
2445 2024 2525 2059 σοι
2558 2007 2870 2078 βουληθέντι
2907 2009 2964 2060 ὲν
2996 2008 3075 2078 τῷ
3108 2008 3258 2079 αὑτῷ
3305 2012 3401 2080 τήν
3441 2027 3491 2062 τε
3519 2009 3679 2079 πρδςτὸ

2186 2098 2492 2170 ἀμύνασθαι
2521 2100 2616 2153 καὶ
2641 2100 2741 2171 τὴν
2771 2104 2851 2165 είς
2870 2099 2933 2154 τὸ
2960 2100 3175 2165 σώζειν,
3203 2103 3280 2164 ὡς
3303 2101 3369 2154 ἂν
3391 2101 3569 2164 ἐθέλοις
3586 2100 3676 2169 (75).
3734 2098 3735 2167 ἓ

2186 2190 2550 2258 ἐπιδείξασθαι
2601 2194 3025 2265 μεγαλοψυχίαν.
3075 2193 3244 2247 Τοῦτο
3312 2195 3498 2264 μέτρον
3537 2193 3681 2263 ἀρκοῦν

2183 2282 2496 2354 Δομετιανῷ
2540 2272 2642 2356 τῆς
2703 2286 3013 2349 κολάσεως,
3061 2285 3170 2338 τῶν
3223 2284 3679 2357 προσδοκωμένωνδ

2187 2374 2368 2444 φόϐος,
2400 2376 2495 2429 καὶ
2526 2370 2601 2429 ὧν
2637 2376 2786 2443 ἀξιον
2810 2373 2950 2431 οἶδεν
2986 2378 3175 2431 ἑαυτὸν
3208 2379 3398 2431 παθεῖν
3430 2378 3561 2431 όντα.
3588 2376 3681 2428 To}-
3734 2370 3735 2423 ἕ

2184 2485 2297 2531 τοις
2335 2467 2501 2539 μηδὲν
2541 2470 2621 2533 εἰς
2657 2468 2930 2540 τιμωρίαν
2959 2468 3277 2541 προσθεῖναι
3326 2469 3470 2540 αὑτῷ
3510 2467 3681 2521 iuratio-
3734 2460 3735 2519 ἐ

2189 2575 2306 2628 μεν.
2347 2561 2456 2613 Καὶ
2500 2560 2606 2631 γὰρ
2658 2560 2838 2613 ὲκεῖνο
2883 2561 3115 2624 σκόπει,
3164 2561 3248 2613 ὅτι
3288 2560 3463 2631 κύριοι
3510 2560 3591 2629 μὲν
3611 2558 3683 2609 τῶν

2185 2647 2524 2718 ἠδικηκότων
2551 2647 2734 2702 πολλοὶ
2769 2648 2880 2701 τῶν
2912 2649 3177 2722 πρότερον
3207 2649 3307 2721 ἤδη
3345 2650 3613 2718 γεγόνασιν,
3634 2641 3683 2697 ὧν

2185 2736 2359 2800 οὐδεὶς
2391 2738 2527 2809 πρὸς
2558 2738 2685 2802 τοὺς
2721 2738 2945 2808 ὕστερον
2973 2739 3286 2811 διεπέμφθη
3323 2739 3499 2808 λόγος·
3528 2738 3685 2807 ἀφῆκαν
3734 2782 3735 2785 η

2184 2829 2241 2882 δὲ
2283 2829 2382 2899 τὴν
2425 2830 2594 2901 ὀργὴν
2613 2831 2664 2882 οἱ
2702 2830 2987 2901 φιλοσοφίᾳ
3024 2832 3150 2894 τοὺς
3179 2831 3407 2895 πολλοὺς
3447 2830 3684 2901 ὑπεράραν·
3734 2829 3735 2891 l

2186 2938 2276 2984 τες
2298 2962 2311 2987 ν
2365 2914 2438 2973 ὧν
2483 2921 2749 2984 ἀθάνατος
2786 2924 2820 2993 ή
2874 2925 3060 2993 μνήμη
3093 2921 3171 2993 τῷ
3227 2923 3407 2993 χρόνῳ
3441 2922 3540 2993 (76)
3574 2922 3687 2973 παντὶ

2199 3012 2576 3084 παραδέδοται.
2625 3014 2976 3085 Προσκείσθω
3029 3013 3086 3067 δὲ
3128 3016 3223 3067 καὶ
3269 3014 3429 3068 τοῦτο
3470 3017 3565 3077 τοῖς
3602 3013 3687 3080 περὶ
3734 3034 3735 3051 ι

2192 3106 2284 3159 σοῦ
2320 3106 2636 3178 διηγήμασι.
2659 3108 2759 3171 Δὸς
2779 3109 2930 3179 ἡμῖν,
2953 3110 3066 3171 τοῖς
3095 3108 3287 3177 ὑμνεῖν
3314 3105 3689 3178 προαιρουμένοις
3734 3108 3735 3121 ¹

2190 3202 2258 3256 τὰ
2288 3200 2373 3264 σὰ,
2410 3201 2508 3264 τὰς
2533 3202 2588 3252 ἐν
2621 3203 2735 3264 τοῖς
2764 3201 2876 3255 ἄνω
2920 3200 3130 3272 χρόνοις
3167 3200 3435 3271 ᾁδομένας
3460 3197 3689 3267 φιλανθρω-
3734 3216 3735 3263 3

2189 3295 2320 3357 πίας
2366 3292 2789 3364 ὑπερϐαλέσθαι.
2842 3291 2997 3345 Οὑτω
3039 3293 3134 3347 καὶ
3176 3291 3406 3364 Κροῖσος
3443 3290 3516 3362 τῷ
3559 3288 3690 3341 natio-
3734 3310 3735 3315 η

2189 3386 2335 3456 φόνῳ
2361 3386 2459 3455 τὴν
2490 3385 2659 3456 ὀργὴν
2701 3386 2916 3454 ἀφεῖναι
2958 3382 3197 3452 λέγεται,
3232 3383 3425 3436 ἑαυτὸν
3463 3379 3690 3452 παραδόντι

2188 3479 2268 3541 εἰς
2311 3477 2608 3549 τιμωρίαψ
2642 3477 2737 3530 καὶ
2770 3474 2952 3547 Κῦρος
3001 3478 3029 3529 ό
3078 3473 3254 3546 μέγας
3304 3475 3451 3547 αὐτῷ
3477 3468 3691 3542 *εθύτῳτῖῖ³

2190 3569 2408 3642 Κροίσῳ
2444 3569 2595 3638 φίλος
2639 3568 2890 3638 γενέσθαι
2923 3566 3061 3639 μετά
3089 3568 3188 3637 τὴν
3238 3569 3415 3638 νίκην.
3448 3565 3630 3625 Τούτοις
3653 3576 3693 3613 σε

2193 3661 2672 3733 συναριθμήσομεν
2691 3677 2706 3692 ’
2750 3661 2865 3725 καὶ,
2906 3661 3004 3731 ὅση
3030 3658 3259 3730 δύναμις
3289 3659 3545 3732 ἡμετέρα,
3572 3653 3694 3709 ταῦτα
3734 3664 3735 3683 ³

2192 3751 2666 3822 ἀναγορεύσομεν,
2703 3749 2860 3821 εἴπερ
2906 3749 2981 3821 μὴ
3028 3749 3214 3821 μικροί
3242 3766 3391 3813 τινες
3440 3746 3561 3802 εἶναι
3600 3760 3695 3797 πον-

2187 3845 2420 3899 τάπασιν
2451 3843 2642 3915 ἀνδρὸς
2670 3842 2922 3896 τοσούτου
2949 3842 3188 3915 κήρυκες
3208 3841 3595 3913 νομισθείημεν.

2258 3938 2310 3992 ὅ.
2346 3937 2553 3991 Ἐκεῖνο
2581 3934 2636 3989 δὲ
2659 3934 2750 3988 ἐπὶ
2774 3936 2936 3988 πᾶσιν
2966 3935 3139 3987 εἰπεῖν
3174 3935 3497 4002 ἀναγκαῖον,
3521 3932 3592 3984 ὅτι
3610 3926 3697 3987 τοὺς

2189 4030 2368 4085 ὁτιοῦν
2398 4029 2716 4094 ἀδικοῦντας
2771 4029 2870 4100 οὐχ
2909 4028 3050 4100 ὑπὲρ
3086 4027 3192 4081 τῶν
3237 4028 3341 4099 ήδη
3386 4018 3696 4095 γεγενημένων

2190 4122 2508 4195 κολάζομεν·
2551 4122 2666 4193 (τίς
2701 4119 2809 4193 γὰρ
2850 4119 2916 4174 ἂν
2964 4119 3172 4188 γένοιτο
3218 4120 3437 4191 μηχανὴ
3477 4117 3545 4188 μὴ
3588 4128 3699 4182 γεγε·

2191 4210 2386 4281 νῆσθαι
2410 4208 2477 4263 τά
2507 4209 2870 4281 πεπραγμένα
2891 4206 2949 4280 ;)
2981 4208 3095 4262 ἀλλ’
3122 4209 3270 4272 ὅπως
3290 4208 3359 4262 ἂν
3390 4204 3577 4278 ήαύτοὶ
3605 4200 3698 4270 πρὸς

2190 4301 2251 4355 τὸ
2274 4300 2458 4354 λοιπὸν
2484 4300 2740 4371 ἀμείνους
2764 4298 3024 4368 γένοιντο,
3048 4297 3082 4370 ἢ
3103 4297 3313 4371 ἑτέροις
3348 4296 3618 4367 ὑπάρξειαν
3638 4287 3701 4341 τῠῦ

2194 4394 2489 4465 σωφρονεῖν
2530 4390 2880 4463 παράδειγμα
2905 4389 3039 4462 (77).
3079 4389 3299 4443 Τούτων
3330 4389 3509 4443 τοίνυν
3543 4382 3701 4439 οὐθέτε-

512 4481 713 4536 dixerit
747 4501 759 4537 :
791 4482 906 4553 ipse
950 4498 1185 4554 namque
1238 4482 1431 4538 horum
1490 4484 1871 4539 recordahitur
1919 4486 2084 4541 etiam

2194 4503 2287 4557 ρον
2318 4484 2485 4538 ἐνδεῖν
2519 4483 2583 4537 ἀν
2614 4500 2698 4546 τις
2735 4483 2793 4535 ὲν
2821 4482 2900 4553 τῷ
2942 4482 3168 4553 παρόντι
3193 4483 3426 4552 φήσειεν
3447 4520 3463 4545 ,
3494 4476 3627 4537 αὑτός

516 4584 638 4646 post
669 4586 927 4644 mortem;
964 4577 1204 4647 reliquos
1235 4591 1387 4641 vero,
1414 4576 1542 4631 dum
1585 4578 1641 4632 in
1671 4578 1816 4633 hunc
1862 4578 2086 4633 intuen-

514 4677 626 4733 tur,
664 4677 809 4726 metu
838 4678 1085 4725 mortuos
1110 4684 1233 4726 esse
1261 4676 1412 4738 puto.
1445 4672 1625 4735 Quare
1655 4669 1922 4742 quidquid
1951 4687 2085 4743 sup-

512 4766 677 4836 [licio
705 4765 1092 4835 adjecerimus,
1129 4770 1371 4817 nostram
1406 4758 1651 4832 ipsorum
1683 4765 1821 4817 iram
1862 4765 2084 4837 explere

512 4855 820 4910 videbimur
848 4875 860 4911 :
894 4855 1039 4926 quod
1084 4855 1315 4908 multum
1361 4853 1572 4921 abesse,
1613 4864 1672 4908 ut
1703 4855 1769 4911 de
1802 4863 1857 4911 te
1892 4872 2083 4913 verum

512 4949 606 5013 sit,
638 4964 739 5023 ego
768 4964 901 5005 sane
940 4949 1194 5013 dixerim,
1230 4961 1406 5016 neque
1430 4946 1631 5003 adduci
1667 4951 1989 5019 potuissem,
2023 4958 2084 5005 ut

510 5042 781 5111 ejusmodi
810 5042 1038 5098 verbum
1068 5040 1239 5094 ullum
1272 5037 1596 5107 proferrem,
1628 5040 1735 5097 nisi
1758 5040 1955 5111 majori
1988 5042 2085 5099 be-

507 5133 704 5188 neﬂcio
724 5132 860 5188 allici
883 5132 1103 5188 dantem
1130 5146 1293 5202 quam
1316 5130 1648 5202 accipientes
1678 5133 2077 5203 perspicerem.

509 5222 693 5295 Neque
729 5224 872 5282 enim
903 5224 1095 5295 paucis
1120 5223 1410 5294 perspicua
1462 5224 1568 5280 erit
1613 5223 1721 5280 ista
1756 5224 1930 5279 animi
1967 5241 2084 5282 ma—

511 5316 752 5384 gnitudo.
783 5316 917 5371 Nam
945 5315 1299 5387 Cappadoces
1336 5331 1529 5373 omnes
1564 5315 1701 5387 quid
1730 5314 1975 5370 futurum
2010 5316 2083 5373 sit

581 5469 692 5539 (τι)
736 5470 1193 5542 Ἀμελήσαςηιιο
1239 5470 1408 5542 Coisl.
1439 5479 1688 5541 uterque,
1741 5468 1905 5536 Med.,
1932 5468 2089 5542 _Vat.,

510 5535 945 5666 minus
976 5535 1213 5597 et—Harl.
1252 5540 1395 5597 Editi
1426 5535 1768 5614 ἁμαρτήσας,
1802 5535 1950 5611 quOd
1984 5535 2084 5597 eo?

689 5627 719 5662 e
758 5629 771 5665 ι
803 5653 815 5667 .
943 5624 947 5628 ”

502 5678 694 5827 te
721 5683 1001 5751 Ἐθέλοις.
1029 5683 1121 5739 Sic
1144 5691 1257 5739 tres
1282 5682 1640 5739 vetustissimi
1667 5681 1909 5740 codices.
1944 5679 2090 5740 Editi

2192 4576 2301 4648 γὰρ
2327 4576 2422 4629 καὶ
2452 4575 2594 4647 μετά
2624 4574 2713 4628 τὸν
2740 4573 2968 4628 θάνατον
2998 4572 3203 4627 τούτων
3237 4576 3592 4644 μεμνήσεται·
3617 4563 3703 4622 τούς

2192 4689 2252 4725 τε
2286 4671 2506 4734 λοιποὺς
2533 4667 2783 4723 τεθνάναι
2807 4668 2886 4739 τῷ
2910 4667 3019 4721 δέει
3051 4666 3187 4738 πρὸς
3224 4665 3417 4719 τοῦτον
3449 4658 3703 4732 ἀφορῶντας

2191 4766 2395 4835 οἴομαι.
2428 4762 2579 4816 Ὠσθ’
2609 4763 2747 4833 ὅπερ
2781 4761 2847 4816 ἂν
2891 4759 3219 4833 προσθῶμεν
3260 4761 3328 4831 τῇ
3357 4756 3608 4830 τιμωρίᾳ,
3639 4750 3705 4816 τὴν

2192 4856 2363 4928 ὀργὴν
2400 4857 2432 4926 ή
2442 4854 2557 4926 μῶν
2588 4853 2769 4908 αὑτῶν
2791 4851 3206 4917 ἀποπιμπλάναι
3234 4851 3461 4922 δόξομεν
3478 4867 3490 4879 ·
3511 4847 3537 4901 ὃ

2190 4950 2299 5004 δεῖν
2332 4950 2425 5004 ἐπὶ
2445 4946 2540 5003 σοῦ
2573 4948 2769 5020 ἀληθὲς
2806 4943 2943 5001 εῖναι
2969 4946 3135 5016 φαίην
3167 4945 3233 4999 ἂν
3265 4945 3463 5013 ἔγωγε,
3488 4942 3573 4996 καὶ
3597 4934 3706 4990 οὐδὲν

2192 5040 2259 5095 ἂν
2280 5040 2484 5094 τούτων
2510 5038 2619 5092 τῶν
2645 5039 2820 5107 λόγων
2843 5035 3122 5110 προήχθην
3142 5037 3340 5099 εἰπεῖν,
3364 5037 3415 5089 εί
3444 5033 3515 5107 μὴ
3543 5027 3707 5103 μείζονι

2190 5133 2269 5204 τῷ
2304 5135 2497 5189 διδόντι
2526 5134 2624 5205 τήν
2671 5134 2832 5205 χάριν
2877 5131 3181 5203 ἐνεώρωνῆ
3226 5133 3341 5196 τοῖς
3382 5129 3705 5201 λαμϐάνουσιν.

2192 5225 2329 5280 Οὐδὲ
2360 5226 2469 5297 γὰρ
2522 5226 2724 5296 ὀλίγοις
2777 5225 2930 5279 ἔσται
2967 5224 3281 5295 καταφανὴς
3325 5226 3360 5294 ή
3399 5210 3708 5294 μεγαλοψυχία

2191 5316 2286 5370 τοῦ
2319 5317 2541 5389 τρόπου.
2581 5316 2949 5371 Καππαδόκαι
2992 5315 3102 5388 γάρ
3130 5314 3373 5378 ἅπαντες
3396 5302 3707 5366 ἀποσκοποῦει

2273 5471 2383 5554 (26)
2414 5471 2504 5554 Τῷ
2542 5474 2758 5554 χρόιῖφ.
2782 5473 3075 5554 Vaticanus
3104 5473 3292 5533 codex.
3332 5470 3467 5541 Reg,
3494 5458 3709 5523 secundus

2199 5552 2254 5598 et
2282 5540 2451 5615 Coisl.
2491 5540 2765 5615 secundus
2800 5543 2885 5615 τῷ
2911 5544 3030 5615 βίῳ.

2270 5612 2382 5681 (77)
2415 5612 2809 5688 Πιξρᾴδειγμα.
2850 5608 2993 5688 Reg.
3024 5624 3249 5686 uterque
3279 5622 3333 5667 et
3366 5608 3527 5667 Cois].
3553 5608 3707 5659 secun-

2198 5682 2302 5739 dus
2333 5682 2773 5756 παραδείγματα.
