3762 6510
984 351 1473 414 EPISTOLARUM
1511 344 1797 408 CLASSIS
1833 344 1896 401 lI.
1938 345 2157 402 EPIST.
2196 345 2386 403 CXIII.

3165 347 3268 403 526

115 489 163 543 ιθ
183 430 360 560 μίλλον,
379 479 459 549 οἷς
481 481 741 553 εὐξαίμην
760 478 827 535 ἂν
855 478 993 550 μετά
1022 478 1131 533 τῶν
1166 478 1365 532 λοιπῶν
1386 474 1605 544 ἀγαθῶν

1744 468 2023 534 bservant,
2054 468 2161 538 \qui
2190 466 2410 538 quidem
2451 464 2752 537 optaverim
2794 472 2855 520 ut
2888 466 3029 521 inter
3060 465 3273 535 reliqua

116 580 197 634 τῶν
217 574 495 648 προσάντων
513 588 594 625 σοι
622 569 940 640 ualcadi
966 567 1077 641 (78)
1106 564 1606 639 ἀπαριθμήσασθαι.

123 668 259 724 Ὀκνῶ
295 665 347 719 δὲ
391 662 482 717 ⁸τοῦ
529 661 762 734 γράφειν
801 659 1133 723 παύσασθαι,
1171 656 1472 730 ἡγούμενός
1523 671 1610 726 μοι

113 758 272 831 ζημίαν
305 756 465 810 οεσειν
495 755 571 808 τδ-
598 752 856 825 παρεθέν.
900 751 1159 806 Τοσοῦτον
1207 769 1270 821 γε
1303 751 1409 823 μὴν
1441 765 1611 822 προσ-

113 849 260 918 θήσω,
298 847 373 899 ὅτι
396 884 411 907 ,
457 842 666 898 πολλῶν
714 841 1006 905 ἐπιστολὰς
1035 842 1176 914 ἔχων
1219 840 1613 911 ἐξαιτουμένων

111 940 254 1004 αὐτὸν,
277 938 452 992 πασῶν
481 937 727 1007 ἡγήσατο
763 934 1164 1007 προτιμοτέραν
1188 928 1327 988 εἶναι
1358 932 1458 1002 τὴν
1482 931 1612 1001 παρ’

112 1033 247 1103 ἡμῶν,
283 1030 375 1083 οὐκ
412 1023 530 1083 οἶδά
579 1046 682 1082 που
715 1028 828 1099 (79)
874 1026 1067 1100 μαθὼν
1116 1023 1253 1081 εἶναί
1299 1042 1418 1079 τινα
1460 1024 1614 1094 ἡμῶν

112 1122 229 1190 λόγον
256 1120 390 1191 παρά
415 1122 481 1191 τῇ
512 1120 578 1191 σῇ
607 1118 924 1191 τελειότητι.
954 1121 1140 1179 Ὅπως
1164 1113 1255 1171 οὖν
1284 1118 1420 1189 μήτε
1454 1115 1615 1179 αὐτὸς

110 1212 270 1283 vitam
302 1209 404 1264 τῶν
440 1211 707 1276 ἐλπίδων,
740 1211 808 1276 ἃς
844 1212 928 1281 ἐφ’
954 1213 1084 1282 ἡμῖν
1140 1209 1298 1281 ἔσχε,
1342 1208 1438 1263 καὶ
1485 1209 1615 1279 ἡμῖν

113 1302 284 1375 ὑπάρξῃ
309 1302 439 1374 πρὸς
458 1302 585 1366 τοὺς
609 1301 843 1357 ἐνταῦθα
875 1299 1311 1374 σεμνολογεῖσθαι
1328 1315 1343 1329 ·
1372 1297 1617 1371 παρακέ-

112 1396 257 1467 κλησο,
305 1394 533 1449 δέσποτα
580 1393 987 1466 ἀνυπέρϐλητε,
1032 1389 1312 1446 ἐπινεῦσαι
1343 1390 1479 1463 πρὸς
1516 1388 1616 1460 τὴν

111 1487 294 1557 σίτησιν.
321 1486 543 1550 nam»;
580 1485 640 1540 δὲ
667 1485 881 1550 οὐδενὸς
912 1487 1094 1556 χεῖρον
1137 1482 1246 1536 τῶν
1286 1479 1502 1547 πώποτε
1529 1497 1617 1550 φι-

112 1574 465 1647 λοσοφησάντων
492 1575 798 1645 ἑπέσκεψαι
826 1575 894 1629 τά
926 1573 1247 1647 ἀνθρώπινα
1265 1590 1279 1602 '
1322 1572 1417 1626 καὶ
1445 1571 1614 1635 οἶδας,

110 1667 166 1730 ὡς
194 1667 332 1729 καλὸς
372 1667 645 1739 θησαυρὸς
688 1669 825 1723 πᾶσι
866 1669 979 1733 τοῖς
1024 1665 1297 1739 δεομένοις
1326 1665 1616 1737 ὑπουργεῖν

110 1758 524 1830 προστωκείμινος
551 1757 685 1830 (80).

564 1963 909 2020 ΕΠΙΣΤΟᾹΗ
946 1962 1090 2018 PII".

1713 571 1806 616 tua
1855 567 2174 617 ornamenta
2208 559 2348 614 hanc
2383 573 2599 629 quoque
2636 557 3137 629 magnanimitatem
3168 573 3275 613 ιω·-

1713 661 1942 710 merent.
1986 652 2176 709 Finem
2222 653 2466 723 epistola:
2508 653 2787 723 imponere
2833 667 3045 718 vereor,
3093 660 3271 717 ratus,

1712 744 1857 816 quod
1900 745 2168 801 omissum
2207 744 2390 808 fuerit,
2440 744 2570 802 mibi
2605 743 2807 800 damno
2855 744 2989 800 fore.
3037 743 3277 801 Tantum

1714 838 1816 893 hoc
1849 837 2164 909 adjungam,
2195 853 2318 893 eum
2360 838 2462 893 etsi
2510 852 2539 891 a
2578 837 2765 893 multis
2808 837 3070 909 epistolas
3113 838 3279 898 habet

1715 928 1888 1000 ipsius
1939 929 2364 985 incolumitatem
2418 944 2484 984 ac
2531 929 2763 985 salutem
2817 930 3274 1000 exposcentibus,

1714 1029 1961 1077 nostram
2014 1020 2273 1077 omnibus
2318 1022 2583 1091 potiorem
2628 1022 2871 1087 duxisse,
2914 1039 3038 1078 cum
3091 1025 3279 1081 nescio

1715 1114 1857 1183 unde
1885 1113 2138 1170 didicerit
2178 1128 2282 1170 nos
2315 1115 2456 1185 apud
2502 1124 2651 1171 tuam
2683 1115 3048 1185 praestantiam
3091 1117 3147 1172 in
3178 1118 3280 1173 ali—

1716 1220 1827 1277 quo
1851 1221 1975 1264 esse
2000 1222 2248 1263 numero.
2286 1206 2354 1262 Ut
2387 1208 2553 1277 igitur
2582 1223 2759 1277 neque
2789 1223 2911 1264 eum
2948 1222 3074 1279 spes
3105 1208 3276 1275 fallat,

1715 1315 1879 1371 quam
1911 1301 1966 1355 in
2003 1300 2161 1356 nobis
2201 1300 2386 1364 habet,
2416 1309 2471 1355 et
2509 1300 2667 1356 nobis
2700 1301 2862 1357 liceat
2890 1302 3034 1372 apud
3064 1314 3281 1360 nostros

1718 1389 1981 1460 gloriari;
2022 1399 2093 1453 te,
2141 1389 2359 1445 domine
2399 1406 2656 1461 perquam
2692 1390 2913 1453 eximie,
2963 1393 3177 1448 exorari
3208 1393 3283 1448 si.

1717 1495 1841 1545 nas,
1890 1488 1951 1536 ut
1997 1491 2203 1538 nostra:
2244 1497 2454 1537 annuas
2496 1483 2764 1553 petitioni.
2801 1481 3054 1540 Profecto
3099 1494 3277 1542 autem

1717 1572 1870 1627 nullo
1892 1571 2132 1629 deterius
2153 1589 2342 1628 eorum
2368 1574 2461 1644 qui
2487 1590 2721 1645 unquam
2743 1576 3108 1647 philosophati
3131 1587 3281 1641 sunt,

1718 1662 2083 1721 considerasti
2124 1682 2213 1721 res
2265 1666 2568 1723 humanas;
2602 1679 2655 1723 et
2701 1669 2848 1724 nosti
2898 1684 3062 1739 quam
3107 1670 3285 1726 bonus

1673 1814 1689 1833 __
1722 1756 2015 1813 thesaurus
2043 1758 2132 1822 iis,
2164 1758 2257 1828 qui
2288 1759 2541 1816 omnibus
2568 1760 2855 1830 egentibus
2882 1775 3103 1833 operam
3128 1778 3284 1820 suam

1649 1824 1693 1881 Β
1719 1847 1980 1922 praebent,
2012 1848 2124 1918 jam
2163 1824 2291 1903 olim
2322 1824 2720 1919 repositus'sit.

2212 1963 2544 2019 EPISTOLA
2582 1965 2781 2023 CXIII‘.

110 2080 350 2143 Wa!
615 2075 666 2128 in
900 2089 1065 2128 rerum
1101 2072 1541 2143 ecclesiasticarum
1563 2075 1916 2143 perturbatione
1946 2076 2206 2143 liberaliter
2250 2077 2488 2143 agendum
2523 2092 2627 2129 esse
2664 2092 2772 2129 cum
2799 2078 3170 2143 inﬁrmior-ibin,
3200 2097 3287 2137 nec.

148 2139 607 2208 nuptiasquidmgmn
626 2153 658 2188 α
675 2135 907 2201 fratribus
931 2139 1298 2208 (reposcendum,
1321 2135 1415 2186 nisi
1437 2145 1485 2185 ut
1506 2135 1653 2206 ﬁdem
1675 2138 1943 2208 INicanwm
1966 2139 2226 2205 recipiant,
2249 2135 2303 2192 ei
2321 2139 2556 2204 Spiritum
2583 2149 2795 2191 sanctum
2828 2135 3065 2205 fateantur
3097 2135 3286 2199 crede-

153 2200 239 2253 mit
255 2200 456 2253 dici'noa
469 2200 779 2263 'debere,’nec
799 2213 910 2250 cum
932 2200 1002 2250 iis
1014 2200 1097 2264 qui
1118 2200 1300 2259 dicunt,
1324 2200 1781 2251 communicandum.

382 2310 508 2378 Τοῖς
530 2311 604 2365 ἐν
627 2310 837 2380 ταρσῷ
856 2310 1295 2380 πρεσϐυτέροις.

154 2422 400 2493 Συντυχὼν
439 2420 603 2493 τῷδε,
649 2421 851 2493 πολλὴν
900 2420 1055 2492 ἔσχον
1087 2420 1165 2492 τῷ
1203 2421 1343 2492 ἁγίῳ
1380 2420 1498 2493 Θεῷ
1526 2420 1622 2492 τὴν

105 2515 245 2586 χάριν,
270 2514 345 2567 ὅτι
376 2531 443 2586 με
472 2512 570 2567 καὶ
602 2512 691 2566 διὰ
716 2516 813 2585 τῆς
838 2512 1002 2567 αὑτοῦ
1028 2512 1327 2584 παρουσίας
1355 2512 1464 2566 ἀπὸ
1497 2511 1623 2565 πολ-

105 2605 185 2659 λῶν
204 2604 409 2675 θλίψεων
439 2602 889 2676 παρεμυθήσατο,
919 2602 1014 2655 καὶ
1046 2601 1143 2671 τὴν
1184 2602 1453 2672 ὑμετέραν
1481 2602 1619 2670 ἀγά-

73 2757 78 2761 _
108 2715 185 2768 την
209 2696 432 2769 ἐναργῶς
474 2695 647 2762 ἔδειξε
678 2694 744 2748 δι’
775 2693 961 2748 αὐτοῦ.
994 2693 1187 2764 Σχεδὺν
1223 2693 1327 2766 γὰρ
1354 2692 1442 2745 τὸν
1483 2692 1621 2746 πάν-

105 2787 187 2843 ἓων
203 2789 337 2861 ὑμῶν
376 2788 506 2861 περὶ
531 2788 634 2859 τὴν
664 2786 918 2858 ἀλήθειαν
952 2785 1113 2856 ζῆλον
1169 2786 1227 2838 ὲν
1263 2788 1329 2856 τῇ
1375 2785 1469 2839 τοῦ
1506 2786 1624 2849 ἐνὸς

285 2883 598 2955 προαιρέσει
648 2879 973 2961 κατέμαθον.
1010 2880 1077 2931 Ἀ
1136 2878 1235 2948 μὲν
1273 2873 1365 2931 οὖν
1400 2876 1509 2948 ἰδίᾳ
1545 2877 1625 2930 δι-

104 2974 348 3046 ελέχθημεν
363 2974 496 3048 πρὸς
515 2971 804 3044 ἀλλήλους,
837 2971 997 3034 αὐτὸς
1017 2971 1143 3025 ὑμῖν
1165 2969 1464 3039 ἀπαγγελεῖ
1488 2969 1623 3039 (81)⁶

103 3063 311 3136 ἂδέπαρ*
331 3064 464 3135 ἐμοῦ
476 3060 852 3135 γνωρισθῆναι
872 3060 1025 3133 ὑμῶν
1057 3059 1299 3130 προσῆκε
1318 3062 1381 3130 τῇ
1413 3059 1620 3131 ἀγάπῃ,

2153 2312 2477 2383 Presbyteri;
2511 2312 2874 2367 Tarsensibus.

1794 2424 2137 2497 Congressus
2173 2443 2297 2480 cum
2346 2426 2455 2491 illo,
2498 2442 2722 2497 magnas
2750 2426 2912 2482 habui
2944 2426 3056 2484 Deo
3098 2439 3286 2487 sancto

1726 2518 1950 2589 gratias,
1978 2519 2073 2589 qui
2116 2529 2167 2574 et
2202 2533 2293 2574 me
2322 2518 2467 2573 illius
2499 2518 2783 2590 praesentia
2822 2534 2887 2575 ex
2913 2519 3099 2578 multis
3121 2535 3288 2590 ango-

1729 2610 1882 2666 ribus
1909 2610 2222 2666 consolatos
2244 2622 2346 2675 cst,
2370 2619 2424 2665 et
2462 2619 2694 2666 vestram
2724 2610 3043 2667 charitatem
3072 2613 3287 2684 perspi-

1696 2714 1828 2755 .cue
1864 2715 1960 2771 per
1997 2700 2172 2771 ipsum
2207 2699 2462 2756 ostendit.
2493 2699 2624 2755 Nam
2648 2709 2886 2757 vestrum
2910 2700 3023 2759 fere
3043 2704 3289 2764 omnium

1726 2792 1971 2848 veritatis
2002 2793 2238 2849 Studium
2288 2794 2341 2848 in
2381 2793 2483 2848 viri
2527 2793 2687 2850 unius
2719 2796 3003 2865 proposito
3038 2796 3287 2868 cognovi.

1728 2887 1860 2954 Quae
1912 2889 2078 2958 igitur
2120 2888 2368 2959 privatim
2419 2889 2560 2944 inter
2609 2903 2709 2944 nos
2752 2888 2916 2944 locuti
2963 2903 3183 2950 sumus,
3227 2903 3291 2943 ea

1728 2979 1845 3049 ipse
1864 2980 2017 3035 vobis
2045 2979 2256 3036 referet.
2281 2980 2444 3054 206
2464 2979 2594 3047 Quae
2627 2987 2806 3035 autem
2838 2995 2905 3037 ex
2932 2996 3017 3035 me
3047 2979 3291 3034 charita-

1730 3080 1837 3127 tem
1878 3081 2114 3127 vestram
2155 3088 2252 3143 par
2283 3081 2367 3127 est
2410 3087 2757 3143 cognoscere,
2799 3071 2913 3128 hac
2945 3080 3091 3128 sunt.
3133 3071 3294 3128 Tem-

104 3155 237 3210 ταῦτά
259 3160 415 3213 ἐστιν.
464 3156 525 3211 '0
569 3154 762 3227 καιρὸς
792 3153 993 3225 πολλὴν
1017 3152 1128 3225 ἔχει
1170 3153 1341 3225 ῥοπὴν
1368 3153 1501 3223 πρὸς
1530 3169 1623 3204 καί

1743 3178 1834 3233 pus
1865 3163 2160 3233 plurimum
2226 3163 2491 3219 incumbit
2528 3162 2593 3219 ad
2636 3167 2971 3221 eversionem
3024 3163 3294 3220 Ecclesia-

102 3249 354 3322 ’ίαστροφὴν
390 3248 500 3303 τῶν
542 3246 900 3317 Ἐκκλησιῶν,
942 3246 1034 3300 καὶ
1065 3245 1219 3299 τοῦτο
1248 3245 1412 3299 πολὺν
1436 3244 1629 3316 ἔχομεν

103 3326 362 3415 ἠδήχρόνον
392 3342 453 3398 ἐξ
485 3333 552 3395 οὗ
584 3338 1090 3410 καταμανθάνομεν.
1126 3337 1392 3410 Οίκοδομὴ
1413 3338 1471 3392 δὲ
1506 3337 1630 3391 Ἐκ-

102 3434 300 3505 χλησίας,
316 3436 407 3489 καὶ
423 3433 763 3505 σφαλμάτων
778 3430 1083 3502 διόρθωσις,
1100 3430 1193 3483 καὶ
1207 3428 1515 3501 συμπάθεια
1533 3430 1631 3500 μὲν

104 3527 206 3596 πρὸς
226 3528 338 3592 τοὺς
365 3526 750 3590 ἀσθενοῦντας,
790 3524 1205 3597 ὑπερασπισμδς
1234 3524 1291 3577 δὲ
1337 3523 1471 3596 πρὸς
1508 3525 1632 3587 τοὺς

104 3616 383 3683 ὑγιαίνοντας
399 3619 509 3672 τῶν
539 3617 787 3688 ἀδελφῶν
805 3617 923 3671 οὐδὲ
938 3612 1039 3681 εἷς.
1074 3615 1213 3669 Ἀλλ’
1233 3615 1355 3670 οὔτε
1383 3616 1632 3688 βοήθημα

103 3707 500 3781 ἡθεραπευτικδν
546 3709 661 3780 (82)
694 3709 793 3780 τῆς
844 3707 1331 3780 προκατασχούσης
1373 3707 1549 3770 νόσου,
1594 3706 1629 3779 ἢ

105 3801 489 3868 προᾳυλακτικδν
534 3801 639 3872 τῆς
676 3799 1133 3872 προσδοκωμένης
1160 3799 1329 3854 οὐδέν.
1362 3800 1471 3854 Καὶ
1498 3798 1632 3862 δ’λως

102 3892 209 3947 ἔοικε
255 3894 428 3949 λοιπὸν
502 3896 537 3966 ἡ
590 3894 687 3965 τῆς
756 3888 1079 3965 Ἐκκλησίας
1144 3894 1471 3957 κατάστασις
1524 3893 1634 3964 (ἵνα

101 3986 274 4056 ἐνεργεῖ
297 3990 590 4061 χρήσωμαι
615 3985 694 4058 τῷ
718 3986 1093 4057 ὑποδείγματι,
1126 3986 1229 4041 κᾶν
1258 3986 1632 4059 εὐτελέστερον

103 4072 211 4131 εἶναι
234 4078 375 4152 δοκῇ)
408 4078 613 4152 ίματίῳ
646 4077 881 4149 παλαιῷ,
931 4078 1036 4133 ὑπὸ
1078 4078 1178 4149 τῆς
1211 4079 1476 4151 τυχούσης
1503 4094 1635 4150 προ-

103 4170 276 4236 φάσεως
303 4172 498 4245 ῥᾳδίως
527 4172 1063 4244 καταρρηγνυμὲνῳ,
1099 4170 1128 4223 ὂ
1162 4170 1295 4243 πρὸς
1320 4170 1419 4241 τὴν
1443 4170 1500 4236 ὲξ
1534 4171 1633 4241 ἀρ-

105 4260 182 4331 χῆς
225 4265 362 4336 ίσχὺν
419 4263 741 4319 ἐπανελθεῖν
792 4263 954 4316 πάλιν
990 4262 1259 4316 ἀδυνατεῖ.
1303 4260 1389 4324 Ὧς
1439 4257 1530 4316 οὖν
1573 4262 1633 4315 ἐν

104 4355 243 4425 καιρῷ
292 4356 552 4428 τοιούτῳ,
614 4355 871 4428 μεγάλης
895 4356 1055 4427 χρεία
1098 4354 1195 4425 τῆς
1252 4352 1489 4424 σπουδῆς
1538 4354 1634 4408 καὶ

104 4444 258 4516 πολλῆς
305 4449 404 4519 τῆς
438 4446 754 4534 ἐπιμελείας
814 4445 1233 4519 εὑεργετηθῆναί
1269 4463 1321 4500 τι
1366 4444 1465 4509 τὰς
1515 4447 1635 4503 Ἐκ-

1734 3268 1877 3314 rum,
1933 3251 2093 3322 idque
2144 3252 2252 3322 jam
2292 3268 2335 3307 ο
2387 3252 2547 3324 longo
2597 3261 2839 3325 tempore
2896 3255 3289 3325 perspeximus.

1731 3341 2045 3399 Edilicatio
2077 3352 2257 3398 autem
2300 3341 2577 3407 Ecclesiae,
2617 3343 2939 3399 delictorum
2962 3343 3292 3407 emendatio,

1732 3449 1859 3502 erga
1891 3434 2098 3492 debiles
2132 3434 2573 3500 commiseratio,
2616 3450 2873 3491 sanorum
2919 3435 3147 3495 fratrum
3194 3435 3291 3491 de~

1734 3521 1909 3580 fensio
1938 3524 2087 3579 nulla
2126 3539 2353 3594 prorsus
2400 3532 2502 3579 est.
2538 3524 2643 3578 Sed
2674 3540 2847 3595 neque
2879 3526 3177 3581 remedium
3211 3526 3296 3580 ul-

1733 3611 1867 3678 lum,
1920 3620 2014 3666 aut
2064 3613 2288 3669 morbus
2335 3614 2485 3683 prior
2532 3621 2773 3674 curetur,
2824 3624 2917 3671 aut
2981 3614 3295 3686 impendens

1733 3712 2009 3761 caveatur.
2062 3704 2141 3760 Ac
2179 3704 2427 3775 profecto
2463 3705 2654 3761 similis
2702 3715 2783 3762 est
2826 3704 3085 3763 Ecclesiae
3120 3716 3297 3767 status

1734 3793 1816 3868 (ut
1851 3797 2001 3853 claro
2035 3805 2159 3852 utar
2188 3798 2458 3869 exemplo,
2495 3797 2711 3853 etiamsi
2758 3797 2921 3853 vilius
2960 3814 3083 3854 esse
3109 3799 3292 3855 videa-

1732 3887 1843 3958 tur)
1874 3895 2089 3945 vetusto
2126 3889 2473 3954 vestimento,
2503 3889 2650 3959 quod
2680 3888 2837 3946 facile
2864 3890 3105 3961 qualibet
3137 3906 3298 3947 occa-

1734 3979 1887 4037 sione
1929 3979 2272 4044 discinditur,
2320 3996 2421 4036 nec
2450 3988 2627 4053 potest
2671 3983 2866 4039 iterum
2907 3982 2975 4038 ad
3007 3983 3295 4054 pristinum

1731 4071 1900 4129 robur
1950 4072 2149 4128 redire.
2203 4069 2393 4142 Itaque
2440 4079 2499 4127 ut
2549 4071 2606 4126 in
2664 4071 2757 4128 tali
2809 4081 3051 4144 tempore
3102 4088 3298 4142 magno

1734 4178 1873 4234 opus
1926 4172 2012 4219 est
2062 4162 2245 4219 studio
2292 4177 2356 4218 ac
2409 4163 2581 4219 multa
2641 4163 2942 4236 diligentia,
2993 4173 3053 4220 ut
3090 4166 3295 4237 aliquid

1734 4251 1958 4307 accedat
1991 4251 2339 4309 emolumenti
2385 4250 2668 4309 Ecclesiis.
2723 4250 3163 4310 Emolumentum
3212 4267 3298 4312 est

1735 4348 1916 4399 autem
1975 4342 2218 4399 membra
2261 4342 2415 4413 prius
2462 4343 2675 4401 divulsa
2717 4345 2995 4418 conjungi.
3038 4346 3155 4402 Fiet
3200 4363 3296 4403 au-

1734 4441 1844 4488 tem
1887 4435 2236 4504 coniunctio,
2272 4436 2316 4491 si
2353 4435 2604 4501 velimus,
2635 4436 2838 4509 quibus
2875 4439 2932 4492 in
2972 4438 3136 4493 rebus
3174 4440 3293 4493 auio

105 4535 302 4607 κλησίας.
340 4518 649 4611 Εὑεργεσία
690 4539 748 4593 δέ
794 4518 941 4593 ἐστιν
985 4537 1248 4608 ὲνωθῆναι
1280 4540 1349 4593 τὰ
1376 4538 1511 4601 τέως
1546 4538 1623 4591 δι-

1743 4539 1849 4581 mas
1876 4541 1982 4581 non
2010 4524 2274 4589 laedimus,
2303 4527 2358 4580 in
2390 4527 2477 4583 his
2504 4542 2605 4583 nos
2635 4527 2700 4582 ad
2735 4527 3061 4583 infirmiores
3088 4542 3298 4584 accom-

105 4632 370 4701 επασμένα
396 4632 533 4702 (85).
555 4632 786 4695 Ἐνωσις
818 4631 862 4684 δ’
886 4630 953 4687 ἂν
979 4630 1209 4699 γένοιτο,
1235 4632 1283 4685 εί
1315 4629 1626 4702 βουληθείη-

107 4734 197 4785 μεν,
227 4724 279 4775 ὲν
301 4719 379 4787 οἷς
418 4724 589 4795 μηδὲν
624 4714 934 4794 βλάπτομεν
982 4722 1081 4786 τὰς
1128 4722 1326 4793 ψυχὰς,
1364 4739 1629 4793 συμπερι-

105 4811 334 4883 ενεχθῆναι
363 4816 477 4877 τοῖς
523 4811 955 4888 ἀσθενεστέροις.
1005 4813 1156 4867 Ἐπεὶ
1185 4808 1276 4865 οὖν
1310 4811 1477 4865 πολλά
1512 4812 1629 4866 στό-

104 4916 217 4967 ματα
240 4903 474 4975 ήνοικται
519 4904 663 4963 κατά
709 4903 803 4963 τοῦ
830 4904 1146 4977 Πνεῦματος
1189 4902 1282 4961 τοῦ
1326 4903 1502 4973 ἀγίου,
1536 4904 1630 4958 καὶ

105 4991 257 5048 πολλαί
275 4997 513 5065 γλιῖισσαι
536 4997 829 5068 ἡκόνηνται
853 4997 1051 5069 είςτὴν
1074 4998 1191 5050 κατ’
1212 4994 1373 5048 αὐτοῦ
1388 4994 1630 5066 βλασφη-

108 5085 226 5152 μίαν·
274 5088 526 5163 ἀξιοῦμεν
556 5090 721 5161 ὑμᾶς,
750 5088 875 5142 ὅσον
922 5090 1069 5142 ἐστὶν
1098 5088 1183 5158 ἐφ’
1224 5089 1353 5159 ὑμῖν
1382 5086 1514 5160 (84),
1546 5088 1629 5151 είς

106 5175 244 5245 ὀλίγον
271 5183 498 5255 ἀριθμὸν
524 5185 846 5260 περιστῆσαι
866 5184 991 5246 τοὺς
1014 5178 1465 5257 βλασφημοῦντας
1486 5196 1498 5209 ⁸
1533 5180 1629 5233 καὶ

156 5311 364 5382 178)Καὶ
388 5318 631 5385 ταύτην.
654 5316 734 5373 Ita
761 5333 891 5374 mss.
916 5326 1144 5388 septem.
1167 5314 1310 5388 Editi
1333 5313 1623 5378 καὶτοῦτο,

106 5392 285 5454 excepta
308 5395 490 5442 tamen
524 5388 762 5444 editione
796 5386 1321 5458 prima‘Basileensi.

157 5483 388 5557 (Α791οὺκ
416 5488 553 5545 οἶδά
580 5505 718 5547 που.
750 5492 828 5546 Ita
856 5503 968 5547 tres
997 5487 1357 5547 vetustissimi
1378 5486 1620 5544 codices.

107 5547 217 5610 Editi
231 5547 335 5614 ὀὐκ
358 5557 455 5616 οἷδ’
492 5562 656 5625 ὅπως.
1592 5574 1600 5585 ’

157 5662 802 5747 (πληροαεεοκείμενος.
839 5667 930 5723 Sic
979 5683 1112 5725 mss.
1149 5681 1283 5747 se}...
1311 5663 1454 5722 Editi
1489 5680 1623 5743 προσ

109 5735 418 5858 ἓῗέὶῖείμενός
462 5735 613 5802 εστι,⁷
652 5749 876 5809 excepta
928 5747 1109 5793 tamen
1155 5735 1394 5792 editione
1447 5735 1622 5805 prima

1732 4617 1973 4673 medere.
2011 4617 2146 4673 Cum
2198 4618 2363 4690 igitur
2404 4635 2501 4675 ora
2556 4619 2725 4674 multa
2763 4619 2817 4673 in
2860 4617 3123 4689 Spiritum
3167 4635 3296 4676 san-

1731 4717 1879 4764 ctum
1922 4701 2107 4779 aperta
2150 4709 2280 4777 sint,
2327 4726 2391 4764 ac
2438 4710 2635 4781 linguae
2685 4710 2868 4766 multa:
2908 4709 2975 4764 ad
3014 4709 3295 4779 iaciendas

1732 4801 1788 4857 in
1811 4801 1961 4855 illum
1987 4800 2354 4873 blasphemias
2376 4801 2489 4857 sint
2520 4809 2759 4857 exacutae
2786 4820 2799 4856 :
2826 4816 3078 4874 rogamus
3095 4817 3212 4867 vos,
3240 4814 3298 4857 ut

1729 4903 1991 4965 quantum
2026 4895 2079 4950 in
2112 4894 2383 4959 vobisest,
2402 4892 2467 4949 ad
2493 4908 2716 4964 parvum
2741 4909 3027 4950 numerum
3044 4894 3297 4967 blasphe-

1730 4998 1942 5041 mantes
1963 4985 2220 5056 redigatis
2235 5002 2249 5052 ;
2267 4993 2321 5042 et
2335 4985 2429 5056 qui
2445 4984 2704 5055 Spiritum
2723 4995 2972 5041 sanctum
2990 4994 3293 5042 creaturam

1728 5093 1851 5134 esse
1900 5093 2009 5132 non
2051 5078 2260 5143 dicunt,
2302 5093 2397 5137 eos
2433 5077 2706 5148 recipiatis
2732 5078 2789 5134 in
2832 5078 3293 5141 communionem,

1730 5178 1789 5223 ut
1839 5169 2135 5235 blasphemi
2203 5169 2577 5239 relinquantur
2627 5168 2764 5230 soli,
2813 5182 2877 5227 ac
2936 5169 3019 5222 vel
3091 5168 3297 5239 pudore

1798 5301 1910 5373 (81)
1962 5303 2313 5373 Ἀπαγγελεῖ.
2367 5302 2441 5357 Ita
2493 5317 2623 5357 mss.
2648 5303 2917 5372 quinque,
2958 5300 3094 5356 Editi
3126 5302 3297 5371 ὲπαγ-

1729 5371 1912 5513 γεῖἕὲ)
1953 5444 2402 5513 Θεραπευτικόν.
2424 5440 2570 5513 died.
2602 5430 3112 5513 προθεραπευτικόν.

1800 5443 1912 5584 ξὸἳ)
1953 5444 2402 5513 Θεραπευτικόν.
2431 5443 2570 5496 Med.
2602 5443 3112 5565 προθεεέαπευτικόν.
3259 5513 3269 5524 ο

1824 5514 1913 5588 83)
1952 5511 2539 5585 Atsoaao'yéra._Duo
2588 5527 2727 5568 mss.
2807 5514 3168 5586 ιεσπαρμένα,
3215 5510 3297 5565 dio

1727 5602 1926 5657 spersa.

1728 5728 2009 5854 ἡμὲνλιίοε
2039 5792 2214 5852 CCIII.
2248 5796 2461 5854 Scripta
2486 5795 2630 5851 circa
2662 5810 2750 5850 an.
2784 5794 2906 5852 372.
2994 5797 3019 5855 ἰ-

1982 5657 2106 5725 Ἐφ’
2159 5654 2321 5720 ὑμῖν.
2381 5651 2461 5708 Ita
2513 5666 2643 5708 mss.
2695 5652 2956 5725 quinque.
3008 5653 3152 5711 Editi
3210 5652 3297 5727 ἐφ’
