  <div class='ocr_page' id='page_1' title='image "/cluster/home/n/w/nwhite01/storage/ocr_20150623/32/hvd.32044020606729/273.png"; bbox 0 0 3762 6498; ppageno 0'>
   <div class='ocr_carea' id='block_1_1' title="bbox 495 293 594 356">
    <p class='ocr_par' dir='ltr' id='par_1_1' title="bbox 495 293 594 356">
     <span class='ocr_line' id='line_1_1' title="bbox 495 293 594 356; baseline 0.01 -1"><span class='ocrx_word' id='word_1_1' title='bbox 495 293 594 356; x_wconf 57' lang='grc'><strong>851</strong></span> 
     </span>
    </p>
   </div>
   <div class='ocr_carea' id='block_1_2' title="bbox 1727 310 2316 369">
    <p class='ocr_par' dir='ltr' id='par_1_2' title="bbox 1727 310 2316 369">
     <span class='ocr_line' id='line_1_2' title="bbox 1727 310 2316 369; baseline 0 -4"><span class='ocrx_word' id='word_1_2' title='bbox 1727 312 1782 366; x_wconf 73' lang='grc' dir='ltr'><strong>ὃ.</strong></span> <span class='ocrx_word' id='word_1_3' title='bbox 1824 312 2061 369; x_wconf 81' lang='lat' dir='ltr'><strong>BASlLll</strong></span> <span class='ocrx_word' id='word_1_4' title='bbox 2104 310 2316 368; x_wconf 66' lang='lat' dir='ltr'><strong>MAGNI</strong></span> 
     </span>
    </p>
   </div>
   <div class='ocr_carea' id='block_1_3' title="bbox 3578 315 3660 372">
    <p class='ocr_par' dir='ltr' id='par_1_3' title="bbox 3578 315 3660 372">
     <span class='ocr_line' id='line_1_3' title="bbox 3578 315 3660 372; baseline -0.012 0"><span class='ocrx_word' id='word_1_5' title='bbox 3578 315 3660 372; x_wconf 74' lang='lat'><strong>53!</strong></span> 
     </span>
    </p>
   </div>
   <div class='ocr_carea' id='block_1_4' title="bbox 495 407 2047 505">
    <p class='ocr_par' dir='ltr' id='par_1_4' title="bbox 495 419 2047 502">
     <span class='ocr_line' id='line_1_4' title="bbox 495 419 2047 502; baseline 0.008 -24"><span class='ocrx_word' id='word_1_6' title='bbox 495 419 827 478; x_wconf 80' lang='lat' dir='ltr'><strong>immundus.</strong></span> <span class='ocrx_word' id='word_1_7' title='bbox 875 425 942 478; x_wconf 82' lang='lat' dir='ltr'><strong>At</strong></span> <span class='ocrx_word' id='word_1_8' title='bbox 973 441 1001 480; x_wconf 92' lang='lat' dir='ltr'><strong>e</strong></span> <span class='ocrx_word' id='word_1_9' title='bbox 1039 426 1289 496; x_wconf 88' lang='lat' dir='ltr'><strong>supernis</strong></span> <span class='ocrx_word' id='word_1_10' title='bbox 1317 428 1493 484; x_wconf 82' lang='lat' dir='ltr'><strong>veniet</strong></span> <span class='ocrx_word' id='word_1_11' title='bbox 1527 430 1663 498; x_wconf 88' lang='lat' dir='ltr'><strong>avis,</strong></span> <span class='ocrx_word' id='word_1_12' title='bbox 1692 447 1811 502; x_wconf 66' lang='lat' dir='ltr'><strong>quae</strong></span> <span class='ocrx_word' id='word_1_13' title='bbox 1841 433 1940 490; x_wconf 85' lang='lat' dir='ltr'><strong>has</strong></span> <span class='ocrx_word' id='word_1_14' title='bbox 1968 434 2047 490; x_wconf 86' lang='lat' dir='ltr'><strong>de-</strong></span> 
     </span>
    </p>
   </div>
   <div class='ocr_carea' id='block_1_5' title="bbox 2169 407 3664 505">
    <p class='ocr_par' dir='ltr' id='par_1_5' title="bbox 2169 407 3664 505">
     <span class='ocr_line' id='line_1_5' title="bbox 2169 407 3664 505; baseline -0.001 -16"><span class='ocrx_word' id='word_1_15' title='bbox 2169 435 2335 489; x_wconf 85' lang='grc' dir='ltr'>ταῦτα</span> <span class='ocrx_word' id='word_1_16' title='bbox 2366 407 2680 504; x_wconf 77' lang='grc' dir='ltr'>νεμόμενον.</span> <span class='ocrx_word' id='word_1_17' title='bbox 2724 430 2873 502; x_wconf 74' lang='grc' dir='ltr'>Ἐμοὶ</span> <span class='ocrx_word' id='word_1_18' title='bbox 2907 430 3014 504; x_wconf 76' lang='grc' dir='ltr'><strong>γὰρ</strong></span> <span class='ocrx_word' id='word_1_19' title='bbox 3044 432 3217 501; x_wconf 81' lang='grc' dir='ltr'>λόγος,</span> <span class='ocrx_word' id='word_1_20' title='bbox 3255 431 3351 502; x_wconf 70' lang='grc' dir='ltr'><strong>οὐχ</strong></span> <span class='ocrx_word' id='word_1_21' title='bbox 3373 431 3441 496; x_wconf 78' lang='grc' dir='ltr'><strong>ὡς</strong></span> <span class='ocrx_word' id='word_1_22' title='bbox 3466 433 3524 488; x_wconf 74' lang='grc' dir='ltr'><strong>σὺ</strong></span> <span class='ocrx_word' id='word_1_23' title='bbox 3545 436 3664 505; x_wconf 80' lang='grc' dir='ltr'>νομί-</span> 
     </span>
    </p>
   </div>
   <div class='ocr_carea' id='block_1_6' title="bbox 499 519 2056 590">
    <p class='ocr_par' dir='ltr' id='par_1_6' title="bbox 499 519 2056 590">
     <span class='ocr_line' id='line_1_6' title="bbox 499 519 2056 590; baseline 0.007 -19"><span class='ocrx_word' id='word_1_24' title='bbox 499 524 785 590; x_wconf 67' lang='grc' dir='ltr'><strong>βςιειιριιιτ.</strong></span> <span class='ocrx_word' id='word_1_25' title='bbox 826 519 950 573; x_wconf 80' lang='lat' dir='ltr'><strong>Mihi</strong></span> <span class='ocrx_word' id='word_1_26' title='bbox 999 523 1144 576; x_wconf 91' lang='lat' dir='ltr'><strong>enim</strong></span> <span class='ocrx_word' id='word_1_27' title='bbox 1195 523 1465 579; x_wconf 83' lang='lat' dir='ltr'><strong>reddenda</strong></span> <span class='ocrx_word' id='word_1_28' title='bbox 1511 527 1681 590; x_wconf 89' lang='lat' dir='ltr'><strong>ratio,</strong></span> <span class='ocrx_word' id='word_1_29' title='bbox 1727 544 1836 582; x_wconf 91' lang='lat' dir='ltr'><strong>non</strong></span> <span class='ocrx_word' id='word_1_30' title='bbox 1881 535 1942 582; x_wconf 88' lang='lat' dir='ltr'><strong>ut</strong></span> <span class='ocrx_word' id='word_1_31' title='bbox 1998 536 2056 583; x_wconf 90' lang='lat' dir='ltr'><strong>tu</strong></span> 
     </span>
    </p>
   </div>
   <div class='ocr_carea' id='block_1_7' title="bbox 497 611 2058 684">
    <p class='ocr_par' dir='ltr' id='par_1_7' title="bbox 497 611 2058 684">
     <span class='ocr_line' id='line_1_7' title="bbox 497 611 2058 684; baseline 0.007 -23"><span class='ocrx_word' id='word_1_32' title='bbox 497 611 802 672; x_wconf 79' lang='lat' dir='ltr'><strong>existimas,</strong></span> <span class='ocrx_word' id='word_1_33' title='bbox 843 611 936 665; x_wconf 91' lang='lat' dir='ltr'><strong>sed</strong></span> <span class='ocrx_word' id='word_1_34' title='bbox 975 619 1032 666; x_wconf 93' lang='lat' dir='ltr'><strong>ut</strong></span> <span class='ocrx_word' id='word_1_35' title='bbox 1062 612 1204 668; x_wconf 84' lang='lat' dir='ltr'><strong>Deus</strong></span> <span class='ocrx_word' id='word_1_36' title='bbox 1239 613 1488 682; x_wconf 84' lang='lat' dir='ltr'><strong>judicare</strong></span> <span class='ocrx_word' id='word_1_37' title='bbox 1515 618 1684 672; x_wconf 88' lang='lat' dir='ltr'><strong>novit.</strong></span> <span class='ocrx_word' id='word_1_38' title='bbox 1728 618 1885 684; x_wconf 85' lang='lat' dir='ltr'><strong>Quod</strong></span> <span class='ocrx_word' id='word_1_39' title='bbox 1922 618 1969 674; x_wconf 89' lang='lat' dir='ltr'><strong>si</strong></span> <span class='ocrx_word' id='word_1_40' title='bbox 1999 625 2058 675; x_wconf 89' lang='lat' dir='ltr'><strong>et</strong></span> 
     </span>
    </p>
   </div>
   <div class='ocr_carea' id='block_1_8' title="bbox 499 702 2060 780">
    <p class='ocr_par' dir='ltr' id='par_1_8' title="bbox 499 702 2060 780">
     <span class='ocr_line' id='line_1_8' title="bbox 499 702 2060 780; baseline 0.008 -27"><span class='ocrx_word' id='word_1_41' title='bbox 499 702 730 757; x_wconf 84' lang='lat' dir='ltr'><strong>testibus</strong></span> <span class='ocrx_word' id='word_1_42' title='bbox 780 716 918 772; x_wconf 86' lang='lat' dir='ltr'><strong>opus</strong></span> <span class='ocrx_word' id='word_1_43' title='bbox 968 705 1108 768; x_wconf 90' lang='lat' dir='ltr'><strong>erit,</strong></span> <span class='ocrx_word' id='word_1_44' title='bbox 1156 721 1266 760; x_wconf 92' lang='lat' dir='ltr'><strong>non</strong></span> <span class='ocrx_word' id='word_1_45' title='bbox 1329 706 1592 762; x_wconf 72' lang='lat' dir='ltr'><strong>sistentur</strong></span> <span class='ocrx_word' id='word_1_46' title='bbox 1649 710 1827 773; x_wconf 87' lang='lat' dir='ltr'><strong>servi,</strong></span> <span class='ocrx_word' id='word_1_47' title='bbox 1885 725 2060 780; x_wconf 89' lang='lat' dir='ltr'><strong>neque</strong></span> 
     </span>
    </p>
   </div>
   <div class='ocr_carea' id='block_1_9' title="bbox 497 794 2056 872">
    <p class='ocr_par' dir='ltr' id='par_1_9' title="bbox 497 794 2056 872">
     <span class='ocr_line' id='line_1_9' title="bbox 497 794 2056 872; baseline 0.005 -24"><span class='ocrx_word' id='word_1_48' title='bbox 497 794 873 848; x_wconf 76' lang='lat' dir='ltr'><strong>cunuchorum</strong></span> <span class='ocrx_word' id='word_1_49' title='bbox 934 812 1107 866; x_wconf 77' lang='lat' dir='ltr'><strong>genus</strong></span> <span class='ocrx_word' id='word_1_50' title='bbox 1158 799 1502 856; x_wconf 88' lang='lat' dir='ltr'><strong>inhonestrnu</strong></span> <span class='ocrx_word' id='word_1_51' title='bbox 1551 817 1614 855; x_wconf 91' lang='lat' dir='ltr'><strong>ac</strong></span> <span class='ocrx_word' id='word_1_52' title='bbox 1649 803 2056 872; x_wconf 91' lang='lat' dir='ltr'><strong>perniciosum,</strong></span> 
     </span>
    </p>
   </div>
   <div class='ocr_carea' id='block_1_10' title="bbox 498 891 2060 964">
    <p class='ocr_par' dir='ltr' id='par_1_10' title="bbox 498 891 2060 964">
     <span class='ocr_line' id='line_1_10' title="bbox 498 891 2060 964; baseline 0.004 -20"><span class='ocrx_word' id='word_1_53' title='bbox 498 901 630 955; x_wconf 89' lang='lat' dir='ltr'><strong>non,</strong></span> <span class='ocrx_word' id='word_1_54' title='bbox 667 891 908 961; x_wconf 88' lang='lat' dir='ltr'><strong>inquam,</strong></span> <span class='ocrx_word' id='word_1_55' title='bbox 933 907 1104 963; x_wconf 75' lang='lat' dir='ltr'><strong>genus</strong></span> <span class='ocrx_word' id='word_1_56' title='bbox 1137 892 1267 946; x_wconf 87' lang='lat' dir='ltr'><strong>illud</strong></span> <span class='ocrx_word' id='word_1_57' title='bbox 1287 935 1302 954; x_wconf 86' lang='lat'><strong>.</strong></span> <span class='ocrx_word' id='word_1_58' title='bbox 1333 909 1506 963; x_wconf 90' lang='lat' dir='ltr'><strong>neque</strong></span> <span class='ocrx_word' id='word_1_59' title='bbox 1534 893 1822 950; x_wconf 83' lang='lat' dir='ltr'><strong>femineum</strong></span> <span class='ocrx_word' id='word_1_60' title='bbox 1843 934 1857 958; x_wconf 92' lang='lat'><strong>,</strong></span> <span class='ocrx_word' id='word_1_61' title='bbox 1887 909 2060 964; x_wconf 90' lang='lat' dir='ltr'><strong>neque</strong></span> 
     </span>
    </p>
   </div>
   <div class='ocr_carea' id='block_1_11' title="bbox 497 984 2056 1054">
    <p class='ocr_par' dir='ltr' id='par_1_11' title="bbox 497 984 2056 1054">
     <span class='ocr_line' id='line_1_11' title="bbox 497 984 2056 1054; baseline 0.003 -16"><span class='ocrx_word' id='word_1_62' title='bbox 497 984 840 1047; x_wconf 85' lang='lat' dir='ltr'><strong>masculum,</strong></span> <span class='ocrx_word' id='word_1_63' title='bbox 889 985 1177 1040; x_wconf 86' lang='lat' dir='ltr'><strong>mulierum</strong></span> <span class='ocrx_word' id='word_1_64' title='bbox 1223 1001 1407 1041; x_wconf 91' lang='lat' dir='ltr'><strong>amore</strong></span> <span class='ocrx_word' id='word_1_65' title='bbox 1447 988 1748 1053; x_wconf 85' lang='lat' dir='ltr'><strong>insaniens,</strong></span> <span class='ocrx_word' id='word_1_66' title='bbox 1793 987 2056 1054; x_wconf 85' lang='lat' dir='ltr'><strong>invidum,</strong></span> 
     </span>
    </p>
   </div>
   <div class='ocr_carea' id='block_1_12' title="bbox 497 1075 2056 1144">
    <p class='ocr_par' dir='ltr' id='par_1_12' title="bbox 497 1075 2056 1144">
     <span class='ocr_line' id='line_1_12' title="bbox 497 1075 2056 1144; baseline 0.001 -14"><span class='ocrx_word' id='word_1_67' title='bbox 497 1075 751 1131; x_wconf 80' lang='lat' dir='ltr'><strong>mercede</strong></span> <span class='ocrx_word' id='word_1_68' title='bbox 796 1075 888 1131; x_wconf 90' lang='lat' dir='ltr'><strong>vili</strong></span> <span class='ocrx_word' id='word_1_69' title='bbox 935 1077 1299 1144; x_wconf 89' lang='lat' dir='ltr'><strong>conductum,</strong></span> <span class='ocrx_word' id='word_1_70' title='bbox 1363 1079 1724 1144; x_wconf 89' lang='lat' dir='ltr'><strong>iracundum,</strong></span> <span class='ocrx_word' id='word_1_71' title='bbox 1786 1079 2056 1142; x_wconf 84' lang='lat' dir='ltr'><strong>fractum,</strong></span> 
     </span>
    </p>
   </div>
   <div class='ocr_carea' id='block_1_13' title="bbox 498 1169 2060 1245">
    <p class='ocr_par' dir='ltr' id='par_1_13' title="bbox 498 1169 2060 1245">
     <span class='ocr_line' id='line_1_13' title="bbox 498 1169 2060 1245; baseline 0.004 -22"><span class='ocrx_word' id='word_1_72' title='bbox 498 1169 676 1225; x_wconf 89' lang='lat' dir='ltr'><strong>ventri</strong></span> <span class='ocrx_word' id='word_1_73' title='bbox 725 1170 992 1234; x_wconf 80' lang='lat' dir='ltr'><strong>serviens,</strong></span> <span class='ocrx_word' id='word_1_74' title='bbox 1040 1185 1298 1235; x_wconf 84' lang='lat' dir='ltr'><strong>avarum,</strong></span> <span class='ocrx_word' id='word_1_75' title='bbox 1347 1188 1583 1235; x_wconf 73' lang='lat' dir='ltr'><strong>saevum,</strong></span> <span class='ocrx_word' id='word_1_76' title='bbox 1622 1189 1790 1229; x_wconf 71' lang='lat' dir='ltr'><strong>cinna:</strong></span> <span class='ocrx_word' id='word_1_77' title='bbox 1843 1175 2060 1245; x_wconf 85' lang='lat' dir='ltr'><strong>plorans</strong></span> 
     </span>
    </p>
   </div>
   <div class='ocr_carea' id='block_1_14' title="bbox 497 1262 2057 1336">
    <p class='ocr_par' dir='ltr' id='par_1_14' title="bbox 497 1262 2057 1336">
     <span class='ocr_line' id='line_1_14' title="bbox 497 1262 2057 1336; baseline 0.003 -20"><span class='ocrx_word' id='word_1_78' title='bbox 497 1263 789 1328; x_wconf 82' lang='lat' dir='ltr'><strong>iacturam,</strong></span> <span class='ocrx_word' id='word_1_79' title='bbox 822 1262 1163 1330; x_wconf 88' lang='lat' dir='ltr'><strong>inconstans,</strong></span> <span class='ocrx_word' id='word_1_80' title='bbox 1195 1265 1478 1326; x_wconf 88' lang='lat' dir='ltr'><strong>illiberale,</strong></span> <span class='ocrx_word' id='word_1_81' title='bbox 1509 1265 1725 1334; x_wconf 85' lang='lat' dir='ltr'><strong>quidvis</strong></span> <span class='ocrx_word' id='word_1_82' title='bbox 1762 1266 2057 1336; x_wconf 88' lang='lat' dir='ltr'><strong>accipiens,</strong></span> 
     </span>
    </p>
   </div>
   <div class='ocr_carea' id='block_1_15' title="bbox 502 1354 2059 1427">
    <p class='ocr_par' dir='ltr' id='par_1_15' title="bbox 502 1354 2059 1427">
     <span class='ocr_line' id='line_1_15' title="bbox 502 1354 2059 1427; baseline 0.002 -21"><span class='ocrx_word' id='word_1_83' title='bbox 502 1354 830 1418; x_wconf 83' lang='lat' dir='ltr'><strong>insatiabile,</strong></span> <span class='ocrx_word' id='word_1_84' title='bbox 873 1355 1161 1420; x_wconf 81' lang='lat' dir='ltr'><strong>furiosum,</strong></span> <span class='ocrx_word' id='word_1_85' title='bbox 1197 1367 1249 1411; x_wconf 92' lang='lat' dir='ltr'><strong>et</strong></span> <span class='ocrx_word' id='word_1_86' title='bbox 1287 1358 1588 1427; x_wconf 70' lang='lat' dir='ltr'><strong>zelotypum</strong></span> <span class='ocrx_word' id='word_1_87' title='bbox 1640 1377 1652 1411; x_wconf 93' lang='lat'>:</span> <span class='ocrx_word' id='word_1_88' title='bbox 1697 1366 1752 1412; x_wconf 91' lang='lat' dir='ltr'><strong>et</strong></span> <span class='ocrx_word' id='word_1_89' title='bbox 1789 1358 1918 1427; x_wconf 87' lang='lat' dir='ltr'><strong>quid</strong></span> <span class='ocrx_word' id='word_1_90' title='bbox 1947 1359 2059 1425; x_wconf 87' lang='lat' dir='ltr'><strong>jam</strong></span> 
     </span>
    </p>
   </div>
   <div class='ocr_carea' id='block_1_16' title="bbox 501 1445 2061 1510">
    <p class='ocr_par' dir='ltr' id='par_1_16' title="bbox 501 1445 2061 1510">
     <span class='ocr_line' id='line_1_16' title="bbox 501 1445 2061 1510; baseline 0.004 -14"><span class='ocrx_word' id='word_1_91' title='bbox 501 1445 643 1499; x_wconf 83' lang='lat' dir='ltr'><strong>ultra</strong></span> <span class='ocrx_word' id='word_1_92' title='bbox 693 1445 983 1502; x_wconf 90' lang='lat' dir='ltr'><strong>dicendum</strong></span> <span class='ocrx_word' id='word_1_93' title='bbox 1045 1448 1161 1502; x_wconf 87' lang='lat' dir='ltr'><strong>est?</strong></span> <span class='ocrx_word' id='word_1_94' title='bbox 1199 1449 1359 1502; x_wconf 89' lang='lat' dir='ltr'><strong>simul</strong></span> <span class='ocrx_word' id='word_1_95' title='bbox 1411 1456 1468 1501; x_wconf 91' lang='lat' dir='ltr'><strong>ut</strong></span> <span class='ocrx_word' id='word_1_96' title='bbox 1529 1456 1712 1502; x_wconf 82' lang='lat' dir='ltr'><strong>natum</strong></span> <span class='ocrx_word' id='word_1_97' title='bbox 1759 1455 1864 1510; x_wconf 87' lang='lat' dir='ltr'><strong>est,</strong></span> <span class='ocrx_word' id='word_1_98' title='bbox 1917 1446 2061 1503; x_wconf 76' lang='lat' dir='ltr'><strong>l‘erro</strong></span> 
     </span>
    </p>
   </div>
   <div class='ocr_carea' id='block_1_17' title="bbox 500 1539 2061 1610">
    <p class='ocr_par' dir='ltr' id='par_1_17' title="bbox 500 1539 2061 1610">
     <span class='ocr_line' id='line_1_17' title="bbox 500 1539 2061 1610; baseline 0.002 -19"><span class='ocrx_word' id='word_1_99' title='bbox 500 1539 837 1594; x_wconf 83' lang='lat' dir='ltr'><strong>damnatum.</strong></span> <span class='ocrx_word' id='word_1_100' title='bbox 896 1539 1178 1606; x_wconf 88' lang='lat' dir='ltr'><strong>Quomodo</strong></span> <span class='ocrx_word' id='word_1_101' title='bbox 1211 1556 1340 1610; x_wconf 79' lang='lat' dir='ltr'><strong>ergo</strong></span> <span class='ocrx_word' id='word_1_102' title='bbox 1381 1540 1494 1594; x_wconf 89' lang='lat' dir='ltr'><strong>lieri</strong></span> <span class='ocrx_word' id='word_1_103' title='bbox 1532 1540 1752 1610; x_wconf 82' lang='lat' dir='ltr'><strong>poterit,</strong></span> <span class='ocrx_word' id='word_1_104' title='bbox 1780 1549 1839 1593; x_wconf 91' lang='lat' dir='ltr'><strong>nt</strong></span> <span class='ocrx_word' id='word_1_105' title='bbox 1867 1540 2061 1596; x_wconf 85' lang='lat' dir='ltr'><strong>horum</strong></span> 
     </span>
    </p>
   </div>
   <div class='ocr_carea' id='block_1_18' title="bbox 502 1633 2064 1703">
    <p class='ocr_par' dir='ltr' id='par_1_18' title="bbox 502 1633 2064 1703">
     <span class='ocr_line' id='line_1_18' title="bbox 502 1633 2064 1703; baseline 0.003 -22"><span class='ocrx_word' id='word_1_106' title='bbox 502 1645 656 1685; x_wconf 90' lang='lat' dir='ltr'><strong>mens</strong></span> <span class='ocrx_word' id='word_1_107' title='bbox 700 1640 845 1686; x_wconf 81' lang='lat' dir='ltr'><strong>recta</strong></span> <span class='ocrx_word' id='word_1_108' title='bbox 893 1633 986 1694; x_wconf 89' lang='lat' dir='ltr'><strong>sit,</strong></span> <span class='ocrx_word' id='word_1_109' title='bbox 1029 1649 1260 1702; x_wconf 90' lang='lat' dir='ltr'><strong>quorum</strong></span> <span class='ocrx_word' id='word_1_110' title='bbox 1311 1646 1364 1688; x_wconf 85' lang='lat' dir='ltr'><strong>et</strong></span> <span class='ocrx_word' id='word_1_111' title='bbox 1405 1633 1572 1703; x_wconf 86' lang='lat' dir='ltr'><strong>pedes</strong></span> <span class='ocrx_word' id='word_1_112' title='bbox 1615 1633 1832 1688; x_wconf 86' lang='lat' dir='ltr'><strong>distorti</strong></span> <span class='ocrx_word' id='word_1_113' title='bbox 1890 1634 2064 1688; x_wconf 90' lang='lat' dir='ltr'><strong>sunt?</strong></span> 
     </span>
    </p>
   </div>
   <div class='ocr_carea' id='block_1_19' title="bbox 503 1719 2071 1795">
    <p class='ocr_par' dir='ltr' id='par_1_19' title="bbox 503 1719 2071 1795">
     <span class='ocr_line' id='line_1_19' title="bbox 503 1719 2071 1795; baseline 0.003 -23"><span class='ocrx_word' id='word_1_114' title='bbox 503 1719 567 1774; x_wconf 78' lang='lat' dir='ltr'><strong>Hi</strong></span> <span class='ocrx_word' id='word_1_115' title='bbox 599 1731 752 1778; x_wconf 80' lang='lat' dir='ltr'><strong>caste</strong></span> <span class='ocrx_word' id='word_1_116' title='bbox 795 1725 1016 1794; x_wconf 89' lang='lat' dir='ltr'><strong>quidem</strong></span> <span class='ocrx_word' id='word_1_117' title='bbox 1051 1725 1238 1779; x_wconf 87' lang='lat' dir='ltr'><strong>vivunt</strong></span> <span class='ocrx_word' id='word_1_118' title='bbox 1279 1726 1484 1794; x_wconf 81' lang='lat' dir='ltr'><strong>absque</strong></span> <span class='ocrx_word' id='word_1_119' title='bbox 1536 1725 1785 1780; x_wconf 88' lang='lat' dir='ltr'><strong>mercede</strong></span> <span class='ocrx_word' id='word_1_120' title='bbox 1823 1740 1918 1795; x_wconf 88' lang='lat' dir='ltr'><strong>per</strong></span> <span class='ocrx_word' id='word_1_121' title='bbox 1959 1724 2071 1780; x_wconf 80' lang='lat' dir='ltr'><strong>fer-’</strong></span> 
     </span>
    </p>
   </div>
   <div class='ocr_carea' id='block_1_20' title="bbox 501 1825 698 1870">
    <p class='ocr_par' dir='ltr' id='par_1_20' title="bbox 501 1825 698 1870">
     <span class='ocr_line' id='line_1_20' title="bbox 501 1825 698 1870; baseline 0.01 -2"><span class='ocrx_word' id='word_1_122' title='bbox 501 1825 620 1868; x_wconf 84' lang='lat' dir='ltr'><strong>rum</strong></span> <span class='ocrx_word' id='word_1_123' title='bbox 686 1835 698 1870; x_wconf 83' lang='lat'>:</span> 
     </span>
    </p>
   </div>
   <div class='ocr_carea' id='block_1_21' title="bbox 2162 519 3664 595">
    <p class='ocr_par' dir='ltr' id='par_1_21' title="bbox 2162 519 3664 595">
     <span class='ocr_line' id='line_1_21' title="bbox 2162 519 3664 595; baseline -0.001 -17"><span class='ocrx_word' id='word_1_124' title='bbox 2162 525 2293 590; x_wconf 78' lang='grc' dir='ltr'>ζεις,</span> <span class='ocrx_word' id='word_1_125' title='bbox 2327 523 2439 577; x_wconf 80' lang='grc' dir='ltr'>ἀλλ’</span> <span class='ocrx_word' id='word_1_126' title='bbox 2473 522 2547 585; x_wconf 83' lang='grc' dir='ltr'><strong>ὼς</strong></span> <span class='ocrx_word' id='word_1_127' title='bbox 2567 519 2671 576; x_wconf 80' lang='grc' dir='ltr'>οἶδε</span> <span class='ocrx_word' id='word_1_128' title='bbox 2706 522 2909 594; x_wconf 86' lang='grc' dir='ltr'>κρίνειν</span> <span class='ocrx_word' id='word_1_129' title='bbox 2947 522 3099 586; x_wconf 82' lang='grc' dir='ltr'>Θεός.</span> <span class='ocrx_word' id='word_1_130' title='bbox 3133 523 3194 575; x_wconf 82' lang='grc' dir='ltr'><strong>Εἰ</strong></span> <span class='ocrx_word' id='word_1_131' title='bbox 3223 521 3279 574; x_wconf 76' lang='grc' dir='ltr'><strong>δὲ</strong></span> <span class='ocrx_word' id='word_1_132' title='bbox 3311 523 3398 575; x_wconf 74' lang='grc' dir='ltr'><strong>καὶ</strong></span> <span class='ocrx_word' id='word_1_133' title='bbox 3427 523 3664 595; x_wconf 82' lang='grc' dir='ltr'>μαρτύρων</span> 
     </span>
    </p>
   </div>
   <div class='ocr_carea' id='block_1_22' title="bbox 2162 615 3665 690">
    <p class='ocr_par' dir='ltr' id='par_1_22' title="bbox 2162 615 3665 690">
     <span class='ocr_line' id='line_1_22' title="bbox 2162 615 3665 690; baseline -0.001 -19"><span class='ocrx_word' id='word_1_134' title='bbox 2162 617 2338 690; x_wconf 82' lang='grc' dir='ltr'>χρεία,</span> <span class='ocrx_word' id='word_1_135' title='bbox 2393 617 2453 670; x_wconf 83' lang='grc' dir='ltr'>οὐ</span> <span class='ocrx_word' id='word_1_136' title='bbox 2497 615 2671 669; x_wconf 84' lang='grc' dir='ltr'>δοῦλοι</span> <span class='ocrx_word' id='word_1_137' title='bbox 2725 617 3041 688; x_wconf 73' lang='grc' dir='ltr'><strong>στήσονται,</strong></span> <span class='ocrx_word' id='word_1_138' title='bbox 3098 616 3215 669; x_wconf 77' lang='grc' dir='ltr'>οὐδὲ</span> <span class='ocrx_word' id='word_1_139' title='bbox 3261 615 3510 686; x_wconf 78' lang='grc' dir='ltr'><strong>εὐνούχων</strong></span> <span class='ocrx_word' id='word_1_140' title='bbox 3547 619 3665 686; x_wconf 77' lang='grc' dir='ltr'>γένος</span> 
     </span>
    </p>
   </div>
   <div class='ocr_carea' id='block_1_23' title="bbox 2163 707 3663 782">
    <p class='ocr_par' dir='ltr' id='par_1_23' title="bbox 2163 707 3663 782">
     <span class='ocr_line' id='line_1_23' title="bbox 2163 707 3663 782; baseline -0.002 -17"><span class='ocrx_word' id='word_1_141' title='bbox 2163 712 2352 782; x_wconf 79' lang='grc' dir='ltr'>ἄτιμον</span> <span class='ocrx_word' id='word_1_142' title='bbox 2398 711 2492 763; x_wconf 70' lang='grc' dir='ltr'>καὶ</span> <span class='ocrx_word' id='word_1_143' title='bbox 2546 707 2887 781; x_wconf 81' lang='grc' dir='ltr'><strong>πανώλεθρον</strong></span> <span class='ocrx_word' id='word_1_144' title='bbox 2907 725 2920 738; x_wconf 90' lang='grc'><strong>·</strong></span> <span class='ocrx_word' id='word_1_145' title='bbox 2976 708 3136 762; x_wconf 86' lang='grc' dir='ltr'>τοῦτο</span> <span class='ocrx_word' id='word_1_146' title='bbox 3178 709 3242 780; x_wconf 76' lang='grc' dir='ltr'><strong>δὴ</strong></span> <span class='ocrx_word' id='word_1_147' title='bbox 3292 708 3462 772; x_wconf 85' lang='grc' dir='ltr'>τοῦτο,</span> <span class='ocrx_word' id='word_1_148' title='bbox 3515 710 3663 780; x_wconf 66' lang='grc' dir='ltr'>ἄθηλυ,</span> 
     </span>
    </p>
   </div>
   <div class='ocr_carea' id='block_1_24' title="bbox 2161 797 3666 875">
    <p class='ocr_par' dir='ltr' id='par_1_24' title="bbox 2161 797 3666 875">
     <span class='ocr_line' id='line_1_24' title="bbox 2161 797 3666 875; baseline -0.002 -18"><span class='ocrx_word' id='word_1_149' title='bbox 2161 802 2437 875; x_wconf 81' lang='grc' dir='ltr'>ἄνανδρον,</span> <span class='ocrx_word' id='word_1_150' title='bbox 2514 801 2943 870; x_wconf 72' lang='grc' dir='ltr'>γυναικομανὲς,</span> <span class='ocrx_word' id='word_1_151' title='bbox 3007 797 3296 870; x_wconf 76' lang='grc' dir='ltr'>ἑπίζηλον,</span> <span class='ocrx_word' id='word_1_152' title='bbox 3371 800 3666 870; x_wconf 74' lang='grc' dir='ltr'>κακόμισθσν,</span> 
     </span>
    </p>
   </div>
   <div class='ocr_carea' id='block_1_25' title="bbox 2161 890 3666 964">
    <p class='ocr_par' dir='ltr' id='par_1_25' title="bbox 2161 890 3666 964">
     <span class='ocr_line' id='line_1_25' title="bbox 2161 890 3666 964; baseline -0.005 -17"><span class='ocrx_word' id='word_1_153' title='bbox 2161 893 2446 964; x_wconf 77' lang='grc' dir='ltr'>ὀξύθυμον,</span> <span class='ocrx_word' id='word_1_154' title='bbox 2492 891 2872 963; x_wconf 77' lang='grc' dir='ltr'>θηλυδριῶδες,</span> <span class='ocrx_word' id='word_1_155' title='bbox 2913 890 3317 962; x_wconf 82' lang='grc' dir='ltr'>γαστρίδουλον,</span> <span class='ocrx_word' id='word_1_156' title='bbox 3361 891 3666 960; x_wconf 75' lang='grc' dir='ltr'>χρυσομανὲς,</span> 
     </span>
    </p>
   </div>
   <div class='ocr_carea' id='block_1_26' title="bbox 2162 979 3668 1056">
    <p class='ocr_par' dir='ltr' id='par_1_26' title="bbox 2162 979 3668 1056">
     <span class='ocr_line' id='line_1_26' title="bbox 2162 979 3668 1056; baseline -0.005 -17"><span class='ocrx_word' id='word_1_157' title='bbox 2162 985 2387 1056; x_wconf 83' lang='grc' dir='ltr'>ἀπηνὲς,</span> <span class='ocrx_word' id='word_1_158' title='bbox 2431 983 2856 1046; x_wconf 84' lang='grc' dir='ltr'>κλαυσίδειπνον,</span> <span class='ocrx_word' id='word_1_159' title='bbox 2904 980 3324 1052; x_wconf 75' lang='grc' dir='ltr'>εὐμετάϐλητον,</span> <span class='ocrx_word' id='word_1_160' title='bbox 3377 979 3668 1050; x_wconf 77' lang='grc' dir='ltr'>ὰμετάδοτον,</span> 
     </span>
    </p>
   </div>
   <div class='ocr_carea' id='block_1_27' title="bbox 2162 1072 3670 1148">
    <p class='ocr_par' dir='ltr' id='par_1_27' title="bbox 2162 1072 3670 1148">
     <span class='ocr_line' id='line_1_27' title="bbox 2162 1072 3670 1148; baseline -0.004 -18"><span class='ocrx_word' id='word_1_161' title='bbox 2162 1078 2445 1148; x_wconf 87' lang='grc' dir='ltr'>πάνδοχον,</span> <span class='ocrx_word' id='word_1_162' title='bbox 2480 1075 2837 1147; x_wconf 84' lang='grc' dir='ltr'>ἀπροσκορὲς,</span> <span class='ocrx_word' id='word_1_163' title='bbox 2877 1074 3100 1145; x_wconf 85' lang='grc' dir='ltr'>μανικὸν</span> <span class='ocrx_word' id='word_1_164' title='bbox 3134 1073 3225 1126; x_wconf 75' lang='grc' dir='ltr'><strong>καὶ</strong></span> <span class='ocrx_word' id='word_1_165' title='bbox 3272 1072 3578 1143; x_wconf 69' lang='grc' dir='ltr'>ζηλότυπονσ</span> <span class='ocrx_word' id='word_1_166' title='bbox 3605 1075 3670 1124; x_wconf 72' lang='grc' dir='ltr'>καὶ</span> 
     </span>
    </p>
   </div>
   <div class='ocr_carea' id='block_1_28' title="bbox 2162 1165 3670 1240">
    <p class='ocr_par' dir='ltr' id='par_1_28' title="bbox 2162 1165 3670 1240">
     <span class='ocr_line' id='line_1_28' title="bbox 2162 1165 3670 1240; baseline -0.003 -18"><span class='ocrx_word' id='word_1_167' title='bbox 2162 1169 2214 1223; x_wconf 76' lang='grc' dir='ltr'><strong>τί</strong></span> <span class='ocrx_word' id='word_1_168' title='bbox 2243 1169 2350 1240; x_wconf 86' lang='grc' dir='ltr'>γὰρ</span> <span class='ocrx_word' id='word_1_169' title='bbox 2373 1169 2452 1221; x_wconf 78' lang='grc' dir='ltr'>ἐτι</span> <span class='ocrx_word' id='word_1_170' title='bbox 2477 1170 2687 1231; x_wconf 76' lang='grc' dir='ltr'>είπεῖνς</span> <span class='ocrx_word' id='word_1_171' title='bbox 2733 1168 2827 1221; x_wconf 82' lang='grc' dir='ltr'><strong>σὺν</strong></span> <span class='ocrx_word' id='word_1_172' title='bbox 2861 1167 2998 1237; x_wconf 81' lang='grc' dir='ltr'>αὐτῇ</span> <span class='ocrx_word' id='word_1_173' title='bbox 3033 1168 3098 1237; x_wconf 81' lang='grc' dir='ltr'>τῇ</span> <span class='ocrx_word' id='word_1_174' title='bbox 3138 1166 3349 1234; x_wconf 77' lang='grc' dir='ltr'><strong>γενέσει</strong></span> <span class='ocrx_word' id='word_1_175' title='bbox 3371 1165 3670 1236; x_wconf 74' lang='grc' dir='ltr'>σιδηροκατὰ-</span> 
     </span>
    </p>
   </div>
   <div class='ocr_carea' id='block_1_29' title="bbox 2161 1251 3671 1330">
    <p class='ocr_par' dir='ltr' id='par_1_29' title="bbox 2161 1251 3671 1330">
     <span class='ocr_line' id='line_1_29' title="bbox 2161 1251 3671 1330; baseline -0.004 -15"><span class='ocrx_word' id='word_1_176' title='bbox 2161 1262 2327 1316; x_wconf 86' lang='grc' dir='ltr'>δικον.</span> <span class='ocrx_word' id='word_1_177' title='bbox 2366 1261 2489 1323; x_wconf 83' lang='grc' dir='ltr'><strong>Πῶς</strong></span> <span class='ocrx_word' id='word_1_178' title='bbox 2517 1257 2608 1314; x_wconf 84' lang='grc' dir='ltr'>οὖν</span> <span class='ocrx_word' id='word_1_179' title='bbox 2628 1259 2830 1314; x_wconf 76' lang='grc' dir='ltr'>τούτων</span> <span class='ocrx_word' id='word_1_180' title='bbox 2853 1258 3042 1330; x_wconf 83' lang='grc' dir='ltr'><strong>γνώμη</strong></span> <span class='ocrx_word' id='word_1_181' title='bbox 3069 1259 3223 1329; x_wconf 82' lang='grc' dir='ltr'>ὀρθὴ.</span> <span class='ocrx_word' id='word_1_182' title='bbox 3256 1251 3331 1313; x_wconf 83' lang='grc' dir='ltr'>ὧν</span> <span class='ocrx_word' id='word_1_183' title='bbox 3366 1258 3456 1312; x_wconf 72' lang='grc' dir='ltr'><strong>καὶ</strong></span> <span class='ocrx_word' id='word_1_184' title='bbox 3480 1260 3523 1310; x_wconf 81' lang='lat' dir='ltr'><strong>oi</strong></span> <span class='ocrx_word' id='word_1_185' title='bbox 3553 1259 3671 1319; x_wconf 79' lang='grc' dir='ltr'>πόδες</span> 
     </span>
    </p>
   </div>
   <div class='ocr_carea' id='block_1_30' title="bbox 2166 1347 3668 1426">
    <p class='ocr_par' dir='ltr' id='par_1_30' title="bbox 2166 1347 3668 1426">
     <span class='ocr_line' id='line_1_30' title="bbox 2166 1347 3668 1426; baseline -0.005 -18"><span class='ocrx_word' id='word_1_186' title='bbox 2166 1354 2444 1426; x_wconf 76' lang='grc' dir='ltr'>στρεϐλοί;</span> <span class='ocrx_word' id='word_1_187' title='bbox 2474 1347 2636 1406; x_wconf 79' lang='grc' dir='ltr'>υῦτοι</span> <span class='ocrx_word' id='word_1_188' title='bbox 2657 1351 2986 1425; x_wconf 83' lang='grc' dir='ltr'>σωφρονοῦσι</span> <span class='ocrx_word' id='word_1_189' title='bbox 3012 1353 3108 1422; x_wconf 86' lang='grc' dir='ltr'>μὲν</span> <span class='ocrx_word' id='word_1_190' title='bbox 3133 1350 3341 1422; x_wconf 82' lang='grc' dir='ltr'>ἄμισθα</span> <span class='ocrx_word' id='word_1_191' title='bbox 3367 1350 3452 1402; x_wconf 84' lang='grc' dir='ltr'><strong>διὰ</strong></span> <span class='ocrx_word' id='word_1_192' title='bbox 3477 1350 3668 1421; x_wconf 77' lang='grc' dir='ltr'>σιδήρου·</span> 
     </span>
    </p>
   </div>
   <div class='ocr_carea' id='block_1_31' title="bbox 2150 1442 3672 1518">
    <p class='ocr_par' dir='ltr' id='par_1_31' title="bbox 2150 1442 3672 1518">
     <span class='ocr_line' id='line_1_31' title="bbox 2150 1442 3672 1518; baseline -0.007 -14"><span class='ocrx_word' id='word_1_193' title='bbox 2150 1447 2449 1518; x_wconf 83' lang='grc' dir='ltr'>,μαίνονται</span> <span class='ocrx_word' id='word_1_194' title='bbox 2500 1446 2555 1498; x_wconf 83' lang='grc' dir='ltr'><strong>δὲ</strong></span> <span class='ocrx_word' id='word_1_195' title='bbox 2614 1445 2836 1516; x_wconf 80' lang='grc' dir='ltr'>ἄκαρπα</span> <span class='ocrx_word' id='word_1_196' title='bbox 2889 1444 2952 1497; x_wconf 86' lang='grc' dir='ltr'><strong>δι’</strong></span> <span class='ocrx_word' id='word_1_197' title='bbox 2978 1443 3182 1498; x_wconf 75' lang='grc' dir='ltr'>οἰκείαν</span> <span class='ocrx_word' id='word_1_198' title='bbox 3226 1442 3562 1513; x_wconf 80' lang='grc' dir='ltr'>αἰσχρότητα.</span> <span class='ocrx_word' id='word_1_199' title='bbox 3591 1442 3672 1511; x_wconf 76' lang='grc' dir='ltr'><strong>Οὺχ</strong></span> 
     </span>
    </p>
   </div>
   <div class='ocr_carea' id='block_1_32' title="bbox 2164 1533 3672 1610">
    <p class='ocr_par' dir='ltr' id='par_1_32' title="bbox 2164 1533 3672 1610">
     <span class='ocr_line' id='line_1_32' title="bbox 2164 1533 3672 1610; baseline -0.006 -15"><span class='ocrx_word' id='word_1_200' title='bbox 2164 1537 2309 1596; x_wconf 74' lang='grc' dir='ltr'>οὗτοι</span> <span class='ocrx_word' id='word_1_201' title='bbox 2340 1541 2622 1609; x_wconf 79' lang='grc' dir='ltr'><strong>στήσονται</strong></span> <span class='ocrx_word' id='word_1_202' title='bbox 2670 1539 2768 1608; x_wconf 84' lang='grc' dir='ltr'><strong>τῆς</strong></span> <span class='ocrx_word' id='word_1_203' title='bbox 2795 1538 3025 1610; x_wconf 81' lang='grc' dir='ltr'>κρίσεως</span> <span class='ocrx_word' id='word_1_204' title='bbox 3060 1536 3354 1608; x_wconf 83' lang='grc' dir='ltr'>μάρτυρες,</span> <span class='ocrx_word' id='word_1_205' title='bbox 3384 1534 3490 1588; x_wconf 82' lang='grc' dir='ltr'>ἀλλ’</span> <span class='ocrx_word' id='word_1_206' title='bbox 3519 1533 3672 1601; x_wconf 69' lang='grc' dir='ltr'>ὀφθαλ-</span> 
     </span>
    </p>
   </div>
   <div class='ocr_carea' id='block_1_33' title="bbox 2169 1625 3672 1703">
    <p class='ocr_par' dir='ltr' id='par_1_33' title="bbox 2169 1625 3672 1703">
     <span class='ocr_line' id='line_1_33' title="bbox 2169 1625 3672 1703; baseline -0.006 -17"><span class='ocrx_word' id='word_1_207' title='bbox 2169 1635 2260 1703; x_wconf 60' lang='grc' dir='ltr'><strong>μοί⁵</strong></span> <span class='ocrx_word' id='word_1_208' title='bbox 2307 1632 2549 1694; x_wconf 83' lang='grc' dir='ltr'>δικαίων,</span> <span class='ocrx_word' id='word_1_209' title='bbox 2597 1631 2692 1684; x_wconf 76' lang='grc' dir='ltr'>καὶ</span> <span class='ocrx_word' id='word_1_210' title='bbox 2740 1629 2892 1700; x_wconf 72' lang='grc' dir='ltr'>ὄψεις</span> <span class='ocrx_word' id='word_1_211' title='bbox 2937 1628 3143 1700; x_wconf 81' lang='grc' dir='ltr'>ἀνδρῶν</span> <span class='ocrx_word' id='word_1_212' title='bbox 3178 1628 3434 1681; x_wconf 76' lang='grc' dir='ltr'>τελείωνο</span> <span class='ocrx_word' id='word_1_213' title='bbox 3473 1625 3672 1681; x_wconf 80' lang='grc' dir='ltr'>ὅσοιτάιε</span> 
     </span>
    </p>
   </div>
   <div class='ocr_carea' id='block_1_34' title="bbox 2165 1721 3405 1796">
    <p class='ocr_par' dir='ltr' id='par_1_34' title="bbox 2165 1721 3405 1796">
     <span class='ocr_line' id='line_1_34' title="bbox 2165 1721 3405 1796; baseline -0.005 -18"><span class='ocrx_word' id='word_1_214' title='bbox 2165 1725 2353 1796; x_wconf 80' lang='grc' dir='ltr'>ὁρῶσι,</span> <span class='ocrx_word' id='word_1_215' title='bbox 2383 1725 2517 1796; x_wconf 80' lang='grc' dir='ltr'>πρὸς</span> <span class='ocrx_word' id='word_1_216' title='bbox 2553 1724 2588 1778; x_wconf 76' lang='grc' dir='ltr'><strong>ἃ</strong></span> <span class='ocrx_word' id='word_1_217' title='bbox 2610 1723 2893 1794; x_wconf 83' lang='grc' dir='ltr'>βλέποντες</span> <span class='ocrx_word' id='word_1_218' title='bbox 2919 1721 3014 1775; x_wconf 89' lang='grc' dir='ltr'><strong>νῦν</strong></span> <span class='ocrx_word' id='word_1_219' title='bbox 3049 1722 3153 1773; x_wconf 78' lang='grc' dir='ltr'>εἰσι</span> <span class='ocrx_word' id='word_1_220' title='bbox 3190 1721 3405 1773; x_wconf 79' lang='grc' dir='ltr'>συνέσει</span> 
     </span>
    </p>
   </div>
   <div class='ocr_carea' id='block_1_35' title="bbox 779 1811 3675 1888">
    <p class='ocr_par' dir='ltr' id='par_1_35' title="bbox 779 1811 3675 1888">
     <span class='ocr_line' id='line_1_35' title="bbox 779 1811 3675 1888; baseline -0.003 -18"><span class='ocrx_word' id='word_1_221' title='bbox 779 1816 872 1870; x_wconf 86' lang='lat' dir='ltr'><strong>sed</strong></span> <span class='ocrx_word' id='word_1_222' title='bbox 926 1831 1110 1872; x_wconf 92' lang='lat' dir='ltr'><strong>amore</strong></span> <span class='ocrx_word' id='word_1_223' title='bbox 1168 1818 1447 1872; x_wconf 88' lang='lat' dir='ltr'><strong>insaniunt</strong></span> <span class='ocrx_word' id='word_1_224' title='bbox 1508 1818 1715 1888; x_wconf 86' lang='lat' dir='ltr'><strong>absque</strong></span> <span class='ocrx_word' id='word_1_225' title='bbox 1778 1815 1995 1879; x_wconf 79' lang='lat' dir='ltr'><strong>fructu,</strong></span> <span class='ocrx_word' id='word_1_226' title='bbox 2061 1816 2130 1872; x_wconf 92' lang='lat' dir='ltr'><strong>ob</strong></span> <span class='ocrx_word' id='word_1_227' title='bbox 2168 1833 2321 1873; x_wconf 89' lang='lat' dir='ltr'><strong>suam</strong></span> <span class='ocrx_word' id='word_1_228' title='bbox 2375 1819 2617 1887; x_wconf 90' lang='lat' dir='ltr'><strong>ipsorum</strong></span> <span class='ocrx_word' id='word_1_229' title='bbox 2662 1813 3070 1886; x_wconf 86' lang='lat' dir='ltr'><strong>turpitudinem.</strong></span> <span class='ocrx_word' id='word_1_230' title='bbox 3112 1812 3226 1868; x_wconf 80' lang='lat' dir='ltr'><strong>Non</strong></span> <span class='ocrx_word' id='word_1_231' title='bbox 3268 1813 3324 1866; x_wconf 91' lang='lat' dir='ltr'><strong>bi</strong></span> <span class='ocrx_word' id='word_1_232' title='bbox 3365 1811 3675 1882; x_wconf 73' lang='lat' dir='ltr'><strong>producentur</strong></span> 
     </span>
    </p>
   </div>
   <div class='ocr_carea' id='block_1_36' title="bbox 498 1905 3676 1981">
    <p class='ocr_par' dir='ltr' id='par_1_36' title="bbox 498 1905 3676 1981">
     <span class='ocr_line' id='line_1_36' title="bbox 498 1905 3676 1981; baseline -0.002 -20"><span class='ocrx_word' id='word_1_233' title='bbox 498 1906 686 1976; x_wconf 77' lang='lat' dir='ltr'><strong>iudicii</strong></span> <span class='ocrx_word' id='word_1_234' title='bbox 735 1916 922 1972; x_wconf 87' lang='lat' dir='ltr'><strong>testes,</strong></span> <span class='ocrx_word' id='word_1_235' title='bbox 963 1910 1057 1980; x_wconf 76' lang='lat' dir='ltr'><strong>sed</strong></span> <span class='ocrx_word' id='word_1_236' title='bbox 1109 1911 1254 1964; x_wconf 90' lang='lat' dir='ltr'><strong>oculi</strong></span> <span class='ocrx_word' id='word_1_237' title='bbox 1292 1911 1585 1980; x_wconf 90' lang='lat' dir='ltr'><strong>justorum,</strong></span> <span class='ocrx_word' id='word_1_238' title='bbox 1631 1919 1685 1966; x_wconf 92' lang='lat' dir='ltr'><strong>et</strong></span> <span class='ocrx_word' id='word_1_239' title='bbox 1733 1918 2065 1979; x_wconf 86' lang='lat' dir='ltr'><strong>conspectus</strong></span> <span class='ocrx_word' id='word_1_240' title='bbox 2101 1911 2340 1967; x_wconf 90' lang='lat' dir='ltr'><strong>virorum</strong></span> <span class='ocrx_word' id='word_1_241' title='bbox 2380 1909 2764 1981; x_wconf 80' lang='lat' dir='ltr'><strong>perfectorum,</strong></span> <span class='ocrx_word' id='word_1_242' title='bbox 2808 1913 3077 1978; x_wconf 87' lang='lat' dir='ltr'><strong>quotquot</strong></span> <span class='ocrx_word' id='word_1_243' title='bbox 3104 1914 3234 1962; x_wconf 90' lang='lat' dir='ltr'><strong>tunc</strong></span> <span class='ocrx_word' id='word_1_244' title='bbox 3257 1905 3434 1962; x_wconf 84' lang='lat' dir='ltr'><strong>oculis</strong></span> <span class='ocrx_word' id='word_1_245' title='bbox 3484 1917 3540 1957; x_wconf 85' lang='lat' dir='ltr'><strong>ea</strong></span> <span class='ocrx_word' id='word_1_246' title='bbox 3589 1916 3676 1956; x_wconf 60' lang='grc' dir='ltr'>οειλ</span> 
     </span>
    </p>
   </div>
   <div class='ocr_carea' id='block_1_37' title="bbox 499 2006 1988 2077">
    <p class='ocr_par' dir='ltr' id='par_1_37' title="bbox 499 2006 1988 2077">
     <span class='ocr_line' id='line_1_37' title="bbox 499 2006 1988 2077; baseline 0.003 -19"><span class='ocrx_word' id='word_1_247' title='bbox 499 2011 650 2066; x_wconf 87' lang='lat' dir='ltr'><strong>nent,</strong></span> <span class='ocrx_word' id='word_1_248' title='bbox 686 2007 751 2062; x_wconf 90' lang='lat' dir='ltr'><strong>ad</strong></span> <span class='ocrx_word' id='word_1_249' title='bbox 781 2021 902 2075; x_wconf 72' lang='lat' dir='ltr'><strong>quae</strong></span> <span class='ocrx_word' id='word_1_250' title='bbox 933 2021 1076 2061; x_wconf 89' lang='lat' dir='ltr'><strong>nunc</strong></span> <span class='ocrx_word' id='word_1_251' title='bbox 1111 2007 1278 2061; x_wconf 90' lang='lat' dir='ltr'><strong>animi</strong></span> <span class='ocrx_word' id='word_1_252' title='bbox 1315 2008 1644 2077; x_wconf 79' lang='lat' dir='ltr'><strong>cogitatione</strong></span> <span class='ocrx_word' id='word_1_253' title='bbox 1671 2006 1988 2077; x_wconf 90' lang='lat' dir='ltr'><strong>respiciunt.</strong></span> 
     </span>
    </p>
   </div>
   <div class='ocr_carea' id='block_1_38' title="bbox 992 2154 1563 2215">
    <p class='ocr_par' dir='ltr' id='par_1_38' title="bbox 992 2154 1563 2215">
     <span class='ocr_line' id='line_1_38' title="bbox 992 2154 1563 2215; baseline 0.005 -3"><span class='ocrx_word' id='word_1_254' title='bbox 992 2154 1319 2214; x_wconf 66' lang='lat' dir='ltr'><strong>EPISTOLA</strong></span> <span class='ocrx_word' id='word_1_255' title='bbox 1363 2160 1563 2215; x_wconf 72' lang='lat' dir='ltr'><strong>(IXV&#39;I‘.</strong></span> 
     </span>
    </p>
   </div>
   <div class='ocr_carea' id='block_1_39' title="bbox 2653 2155 3200 2222">
    <p class='ocr_par' dir='ltr' id='par_1_39' title="bbox 2653 2155 3200 2222">
     <span class='ocr_line' id='line_1_39' title="bbox 2653 2155 3200 2222; baseline 0 -14"><span class='ocrx_word' id='word_1_256' title='bbox 2653 2155 3004 2210; x_wconf 83' lang='grc' dir='ltr'><strong>ΕΠΙΣΤΟΛΗ</strong></span> <span class='ocrx_word' id='word_1_257' title='bbox 3040 2155 3200 2222; x_wconf 74' lang='lat' dir='ltr'><strong>Ptq&#39;.</strong></span> 
     </span>
    </p>
   </div>
   <div class='ocr_carea' id='block_1_40' title="bbox 501 2270 3678 2342">
    <p class='ocr_par' dir='ltr' id='par_1_40' title="bbox 501 2270 3678 2342">
     <span class='ocr_line' id='line_1_40' title="bbox 501 2270 3678 2342; baseline -0.001 -16"><span class='ocrx_word' id='word_1_258' title='bbox 501 2271 773 2326; x_wconf 64' lang='lat' dir='ltr'><strong>liminum</strong></span> <span class='ocrx_word' id='word_1_259' title='bbox 792 2281 900 2324; x_wconf 77' lang='lat' dir='ltr'><strong>cum</strong></span> <span class='ocrx_word' id='word_1_260' title='bbox 921 2276 1130 2342; x_wconf 73' lang='lat' dir='ltr'><strong>audisset</strong></span> <span class='ocrx_word' id='word_1_261' title='bbox 1157 2277 1381 2335; x_wconf 80' lang='lat' dir='ltr'><strong>Basilius,</strong></span> <span class='ocrx_word' id='word_1_262' title='bbox 1408 2276 1572 2342; x_wconf 66' lang='lat' dir='ltr'><strong>relicta</strong></span> <span class='ocrx_word' id='word_1_263' title='bbox 1596 2276 1704 2342; x_wconf 54' lang='lat' dir='ltr'><strong>vita:</strong></span> <span class='ocrx_word' id='word_1_264' title='bbox 1725 2278 1942 2342; x_wconf 79' lang='lat' dir='ltr'><strong>asceticw</strong></span> <span class='ocrx_word' id='word_1_265' title='bbox 1961 2273 2316 2342; x_wconf 80' lang='lat' dir='ltr'><strong>erercilatione,</strong></span> <span class='ocrx_word' id='word_1_266' title='bbox 2337 2286 2475 2324; x_wconf 86' lang='lat' dir='ltr'><strong>arma</strong></span> <span class='ocrx_word' id='word_1_267' title='bbox 2495 2270 2656 2336; x_wconf 80' lang='lat' dir='ltr'><strong>sequi,</strong></span> <span class='ocrx_word' id='word_1_268' title='bbox 2682 2271 2958 2323; x_wconf 73' lang='lat' dir='ltr'><strong>dehortatur</strong></span> <span class='ocrx_word' id='word_1_269' title='bbox 2990 2285 3098 2322; x_wconf 87' lang='lat' dir='ltr'><strong>eum</strong></span> <span class='ocrx_word' id='word_1_270' title='bbox 3135 2273 3195 2342; x_wconf 69' lang='lat' dir='ltr'><strong>9b</strong></span> <span class='ocrx_word' id='word_1_271' title='bbox 3213 2272 3302 2342; x_wconf 62' lang='lat' dir='ltr'><strong>hac</strong></span> <span class='ocrx_word' id='word_1_272' title='bbox 3325 2271 3548 2342; x_wconf 62' lang='lat' dir='ltr'><strong>consilio}</strong></span> <span class='ocrx_word' id='word_1_273' title='bbox 3580 2276 3678 2331; x_wconf 64' lang='lat' dir='ltr'><strong>aunt</strong></span> 
     </span>
    </p>
   </div>
   <div class='ocr_carea' id='block_1_41' title="bbox 678 2337 3544 2404">
    <p class='ocr_par' dir='ltr' id='par_1_41' title="bbox 678 2337 3544 2404">
     <span class='ocr_line' id='line_1_41' title="bbox 678 2337 3544 2404; baseline -0.001 -18"><span class='ocrx_word' id='word_1_274' title='bbox 678 2342 847 2387; x_wconf 80' lang='lat' dir='ltr'><strong>auctor</strong></span> <span class='ocrx_word' id='word_1_275' title='bbox 871 2344 958 2396; x_wconf 77' lang='lat' dir='ltr'><strong>est,</strong></span> <span class='ocrx_word' id='word_1_276' title='bbox 981 2345 1030 2386; x_wconf 82' lang='lat' dir='ltr'><strong>ut</strong></span> <span class='ocrx_word' id='word_1_277' title='bbox 1053 2339 1208 2390; x_wconf 78' lang='lat' dir='ltr'><strong>beatos</strong></span> <span class='ocrx_word' id='word_1_278' title='bbox 1230 2339 1554 2404; x_wconf 66' lang='lat' dir='ltr'><strong>progatitores</strong></span> <span class='ocrx_word' id='word_1_279' title='bbox 1581 2339 1714 2388; x_wconf 81' lang='lat' dir='ltr'><strong>malit</strong></span> <span class='ocrx_word' id='word_1_280' title='bbox 1747 2339 1906 2404; x_wconf 79' lang='lat' dir='ltr'><strong>patria</strong></span> <span class='ocrx_word' id='word_1_281' title='bbox 1929 2339 2154 2404; x_wconf 83' lang='lat' dir='ltr'><strong>regenda,</strong></span> <span class='ocrx_word' id='word_1_282' title='bbox 2175 2351 2320 2401; x_wconf 82' lang='lat' dir='ltr'><strong>quant</strong></span> <span class='ocrx_word' id='word_1_283' title='bbox 2339 2343 2588 2400; x_wconf 82' lang='lat' dir='ltr'><strong>paternum</strong></span> <span class='ocrx_word' id='word_1_284' title='bbox 2609 2347 2750 2384; x_wconf 82' lang='lat' dir='ltr'><strong>avum</strong></span> <span class='ocrx_word' id='word_1_285' title='bbox 2771 2347 3020 2384; x_wconf 86' lang='lat' dir='ltr'><strong>armorum</strong></span> <span class='ocrx_word' id='word_1_286' title='bbox 3036 2337 3333 2398; x_wconf 61' lang='lat' dir='ltr'><strong>prolusione</strong></span> <span class='ocrx_word' id='word_1_287' title='bbox 3355 2337 3544 2385; x_wconf 85' lang='lat' dir='ltr'><strong>imitari.</strong></span> 
     </span>
    </p>
   </div>
   <div class='ocr_carea' id='block_1_42' title="bbox 1151 2449 1407 2504">
    <p class='ocr_par' dir='ltr' id='par_1_42' title="bbox 1151 2449 1407 2504">
     <span class='ocr_line' id='line_1_42' title="bbox 1151 2449 1407 2504; baseline 0 -2"><span class='ocrx_word' id='word_1_288' title='bbox 1151 2449 1407 2504; x_wconf 81' lang='lat' dir='ltr'><strong>Firmino.</strong></span> 
     </span>
    </p>
   </div>
   <div class='ocr_carea' id='block_1_43' title="bbox 571 2543 2063 2614">
    <p class='ocr_par' dir='ltr' id='par_1_43' title="bbox 571 2543 2063 2614">
     <span class='ocr_line' id='line_1_43' title="bbox 571 2543 2063 2614; baseline 0.002 -18"><span class='ocrx_word' id='word_1_289' title='bbox 571 2543 636 2596; x_wconf 88' lang='lat' dir='ltr'><strong>Et</strong></span> <span class='ocrx_word' id='word_1_290' title='bbox 664 2556 801 2596; x_wconf 73' lang='lat' dir='ltr'><strong>rara:</strong></span> <span class='ocrx_word' id='word_1_291' title='bbox 833 2549 960 2596; x_wconf 90' lang='lat' dir='ltr'><strong>sunt</strong></span> <span class='ocrx_word' id='word_1_292' title='bbox 993 2543 1188 2597; x_wconf 72' lang='lat' dir='ltr'><strong>litterae</strong></span> <span class='ocrx_word' id='word_1_293' title='bbox 1227 2553 1330 2598; x_wconf 72' lang='lat' dir='ltr'><strong>tuae</strong></span> <span class='ocrx_word' id='word_1_294' title='bbox 1359 2554 1411 2598; x_wconf 93' lang='lat' dir='ltr'><strong>et</strong></span> <span class='ocrx_word' id='word_1_295' title='bbox 1441 2545 1650 2608; x_wconf 82' lang='lat' dir='ltr'><strong>breves,</strong></span> <span class='ocrx_word' id='word_1_296' title='bbox 1691 2545 1803 2600; x_wconf 88' lang='lat' dir='ltr'><strong>sive</strong></span> <span class='ocrx_word' id='word_1_297' title='bbox 1837 2545 2063 2614; x_wconf 85' lang='lat' dir='ltr'><strong>segniIie</strong></span> 
     </span>
    </p>
   </div>
   <div class='ocr_carea' id='block_1_44' title="bbox 498 2634 2058 2707">
    <p class='ocr_par' dir='ltr' id='par_1_44' title="bbox 498 2634 2058 2707">
     <span class='ocr_line' id='line_1_44' title="bbox 498 2634 2058 2707; baseline 0.001 -19"><span class='ocrx_word' id='word_1_298' title='bbox 498 2634 816 2698; x_wconf 85' lang='lat' dir='ltr'><strong>scribendi,</strong></span> <span class='ocrx_word' id='word_1_299' title='bbox 862 2636 975 2689; x_wconf 84' lang='lat' dir='ltr'><strong>sive</strong></span> <span class='ocrx_word' id='word_1_300' title='bbox 1022 2635 1222 2705; x_wconf 87' lang='lat' dir='ltr'><strong>alioqui</strong></span> <span class='ocrx_word' id='word_1_301' title='bbox 1279 2637 1580 2702; x_wconf 86' lang='lat' dir='ltr'><strong>satietatis,</strong></span> <span class='ocrx_word' id='word_1_302' title='bbox 1620 2652 1741 2707; x_wconf 65' lang='lat' dir='ltr'><strong>quae</strong></span> <span class='ocrx_word' id='word_1_303' title='bbox 1793 2652 1858 2690; x_wconf 79' lang='lat' dir='ltr'><strong>ex</strong></span> <span class='ocrx_word' id='word_1_304' title='bbox 1900 2636 2058 2706; x_wconf 85' lang='lat' dir='ltr'><strong>copia</strong></span> 
     </span>
    </p>
   </div>
   <div class='ocr_carea' id='block_1_45' title="bbox 502 2726 2062 2798">
    <p class='ocr_par' dir='ltr' id='par_1_45' title="bbox 502 2726 2062 2798">
     <span class='ocr_line' id='line_1_45' title="bbox 502 2726 2062 2798; baseline 0.002 -18"><span class='ocrx_word' id='word_1_305' title='bbox 502 2726 653 2780; x_wconf 86' lang='lat' dir='ltr'><strong>nasci</strong></span> <span class='ocrx_word' id='word_1_306' title='bbox 687 2733 891 2796; x_wconf 80' lang='lat' dir='ltr'><strong>posset,</strong></span> <span class='ocrx_word' id='word_1_307' title='bbox 922 2727 1148 2781; x_wconf 64' lang='lat' dir='ltr'><strong>vitanda:</strong></span> <span class='ocrx_word' id='word_1_308' title='bbox 1193 2727 1424 2782; x_wconf 87' lang='lat' dir='ltr'><strong>consilio</strong></span> <span class='ocrx_word' id='word_1_309' title='bbox 1454 2744 1467 2792; x_wconf 94' lang='lat'><strong>;</strong></span> <span class='ocrx_word' id='word_1_310' title='bbox 1497 2730 1610 2783; x_wconf 87' lang='lat' dir='ltr'><strong>sive</strong></span> <span class='ocrx_word' id='word_1_311' title='bbox 1642 2727 1785 2798; x_wconf 91' lang='lat' dir='ltr'><strong>quod</strong></span> <span class='ocrx_word' id='word_1_312' title='bbox 1815 2728 1977 2782; x_wconf 90' lang='lat' dir='ltr'><strong>etiam</strong></span> <span class='ocrx_word' id='word_1_313' title='bbox 2010 2736 2062 2783; x_wconf 90' lang='lat' dir='ltr'><strong>te</strong></span> 
     </span>
    </p>
   </div>
   <div class='ocr_carea' id='block_1_46' title="bbox 500 2817 2060 2891">
    <p class='ocr_par' dir='ltr' id='par_1_46' title="bbox 500 2817 2060 2891">
     <span class='ocr_line' id='line_1_46' title="bbox 500 2817 2060 2891; baseline 0 -19"><span class='ocrx_word' id='word_1_314' title='bbox 500 2817 617 2887; x_wconf 88' lang='lat' dir='ltr'><strong>ipse</strong></span> <span class='ocrx_word' id='word_1_315' title='bbox 650 2821 918 2891; x_wconf 54' lang='lat' dir='ltr'><strong>sqmonis</strong></span> <span class='ocrx_word' id='word_1_316' title='bbox 944 2819 1186 2874; x_wconf 86' lang='lat' dir='ltr'><strong>brevitati</strong></span> <span class='ocrx_word' id='word_1_317' title='bbox 1213 2819 1567 2876; x_wconf 81' lang='lat' dir='ltr'><strong>assuefacias.</strong></span> <span class='ocrx_word' id='word_1_318' title='bbox 1599 2819 1766 2876; x_wconf 80' lang='lat' dir='ltr'><strong>Nobis</strong></span> <span class='ocrx_word' id='word_1_319' title='bbox 1793 2829 1940 2876; x_wconf 92' lang='lat' dir='ltr'><strong>certe</strong></span> <span class='ocrx_word' id='word_1_320' title='bbox 1973 2820 2060 2874; x_wconf 91' lang='lat' dir='ltr'><strong>ni-</strong></span> 
     </span>
    </p>
   </div>
   <div class='ocr_carea' id='block_1_47' title="bbox 500 2910 2064 2982">
    <p class='ocr_par' dir='ltr' id='par_1_47' title="bbox 500 2910 2064 2982">
     <span class='ocr_line' id='line_1_47' title="bbox 500 2910 2064 2982; baseline 0.001 -18"><span class='ocrx_word' id='word_1_321' title='bbox 500 2910 577 2964; x_wconf 89' lang='lat' dir='ltr'><strong>hil</strong></span> <span class='ocrx_word' id='word_1_322' title='bbox 610 2912 745 2965; x_wconf 89' lang='lat' dir='ltr'><strong>satis</strong></span> <span class='ocrx_word' id='word_1_323' title='bbox 791 2919 895 2974; x_wconf 89' lang='lat' dir='ltr'><strong>est,</strong></span> <span class='ocrx_word' id='word_1_324' title='bbox 936 2911 1029 2963; x_wconf 89' lang='lat' dir='ltr'><strong>sed</strong></span> <span class='ocrx_word' id='word_1_325' title='bbox 1076 2911 1287 2965; x_wconf 86' lang='lat' dir='ltr'><strong>etiamsi</strong></span> <span class='ocrx_word' id='word_1_326' title='bbox 1345 2911 1647 2966; x_wconf 80' lang='lat' dir='ltr'><strong>redundent</strong></span> <span class='ocrx_word' id='word_1_327' title='bbox 1701 2913 1878 2982; x_wconf 90' lang='lat' dir='ltr'><strong>copia,</strong></span> <span class='ocrx_word' id='word_1_328' title='bbox 1918 2912 2064 2967; x_wconf 86' lang='lat' dir='ltr'><strong>desi-</strong></span> 
     </span>
    </p>
   </div>
   <div class='ocr_carea' id='block_1_48' title="bbox 498 3000 2062 3072">
    <p class='ocr_par' dir='ltr' id='par_1_48' title="bbox 498 3000 2062 3072">
     <span class='ocr_line' id='line_1_48' title="bbox 498 3000 2062 3072; baseline 0.002 -18"><span class='ocrx_word' id='word_1_329' title='bbox 498 3000 653 3056; x_wconf 86' lang='lat' dir='ltr'><strong>derio</strong></span> <span class='ocrx_word' id='word_1_330' title='bbox 693 3002 930 3070; x_wconf 86' lang='lat' dir='ltr'><strong>impares</strong></span> <span class='ocrx_word' id='word_1_331' title='bbox 971 3009 1137 3066; x_wconf 89' lang='lat' dir='ltr'><strong>sunt;</strong></span> <span class='ocrx_word' id='word_1_332' title='bbox 1189 3015 1255 3055; x_wconf 90' lang='lat' dir='ltr'><strong>eo</strong></span> <span class='ocrx_word' id='word_1_333' title='bbox 1300 3002 1442 3070; x_wconf 91' lang='lat' dir='ltr'><strong>quod</strong></span> <span class='ocrx_word' id='word_1_334' title='bbox 1475 3003 1634 3056; x_wconf 89' lang='lat' dir='ltr'><strong>velim</strong></span> <span class='ocrx_word' id='word_1_335' title='bbox 1677 3004 1924 3072; x_wconf 81' lang='lat' dir='ltr'><strong>singulas</strong></span> <span class='ocrx_word' id='word_1_336' title='bbox 1974 3017 2062 3057; x_wconf 89' lang='lat' dir='ltr'><strong>res</strong></span> 
     </span>
    </p>
   </div>
   <div class='ocr_carea' id='block_1_49' title="bbox 501 3090 2062 3163">
    <p class='ocr_par' dir='ltr' id='par_1_49' title="bbox 501 3090 2062 3163">
     <span class='ocr_line' id='line_1_49' title="bbox 501 3090 2062 3163; baseline 0.003 -19"><span class='ocrx_word' id='word_1_337' title='bbox 501 3095 628 3147; x_wconf 85' lang='lat' dir='ltr'><strong>tuas</strong></span> <span class='ocrx_word' id='word_1_338' title='bbox 684 3090 916 3154; x_wconf 88' lang='lat' dir='ltr'><strong>discere,</strong></span> <span class='ocrx_word' id='word_1_339' title='bbox 965 3091 1236 3160; x_wconf 87' lang='lat' dir='ltr'><strong>quomodo</strong></span> <span class='ocrx_word' id='word_1_340' title='bbox 1287 3092 1387 3147; x_wconf 90' lang='lat' dir='ltr'><strong>tibi</strong></span> <span class='ocrx_word' id='word_1_341' title='bbox 1424 3108 1622 3162; x_wconf 90' lang='lat' dir='ltr'><strong>corpus</strong></span> <span class='ocrx_word' id='word_1_342' title='bbox 1665 3094 1880 3157; x_wconf 90' lang='lat' dir='ltr'><strong>habeat,</strong></span> <span class='ocrx_word' id='word_1_343' title='bbox 1923 3109 2062 3163; x_wconf 87' lang='lat' dir='ltr'><strong>quo-</strong></span> 
     </span>
    </p>
   </div>
   <div class='ocr_carea' id='block_1_50' title="bbox 501 3181 2065 3255">
    <p class='ocr_par' dir='ltr' id='par_1_50' title="bbox 501 3181 2065 3255">
     <span class='ocr_line' id='line_1_50' title="bbox 501 3181 2065 3255; baseline 0.003 -20"><span class='ocrx_word' id='word_1_344' title='bbox 501 3181 664 3236; x_wconf 87' lang='lat' dir='ltr'><strong>modo</strong></span> <span class='ocrx_word' id='word_1_345' title='bbox 730 3182 947 3251; x_wconf 85' lang='lat' dir='ltr'><strong>pietatis</strong></span> <span class='ocrx_word' id='word_1_346' title='bbox 1010 3183 1382 3249; x_wconf 75' lang='lat' dir='ltr'><strong>exercitatio;</strong></span> <span class='ocrx_word' id='word_1_347' title='bbox 1461 3191 1641 3238; x_wconf 90' lang='lat' dir='ltr'><strong>utrum</strong></span> <span class='ocrx_word' id='word_1_348' title='bbox 1714 3185 1770 3238; x_wconf 90' lang='lat' dir='ltr'><strong>in</strong></span> <span class='ocrx_word' id='word_1_349' title='bbox 1820 3185 1890 3240; x_wconf 92' lang='lat' dir='ltr'><strong>iis</strong></span> <span class='ocrx_word' id='word_1_350' title='bbox 1943 3200 2065 3255; x_wconf 74' lang='lat' dir='ltr'><strong>qua:</strong></span> 
     </span>
    </p>
   </div>
   <div class='ocr_carea' id='block_1_51' title="bbox 501 3271 2065 3348">
    <p class='ocr_par' dir='ltr' id='par_1_51' title="bbox 501 3271 2065 3348">
     <span class='ocr_line' id='line_1_51' title="bbox 501 3271 2065 3348; baseline 0.004 -22"><span class='ocrx_word' id='word_1_351' title='bbox 501 3271 658 3327; x_wconf 84' lang='lat' dir='ltr'><strong>initio</strong></span> <span class='ocrx_word' id='word_1_352' title='bbox 731 3273 1058 3337; x_wconf 90' lang='lat' dir='ltr'><strong>decrevisti,</strong></span> <span class='ocrx_word' id='word_1_353' title='bbox 1126 3289 1482 3344; x_wconf 81' lang='lat' dir='ltr'><strong>perseveres;</strong></span> <span class='ocrx_word' id='word_1_354' title='bbox 1543 3291 1612 3331; x_wconf 86' lang='lat' dir='ltr'><strong>an</strong></span> <span class='ocrx_word' id='word_1_355' title='bbox 1657 3277 1861 3348; x_wconf 85' lang='lat' dir='ltr'><strong>aliquid</strong></span> <span class='ocrx_word' id='word_1_356' title='bbox 1936 3279 2065 3332; x_wconf 86' lang='lat' dir='ltr'><strong>novi</strong></span> 
     </span>
    </p>
   </div>
   <div class='ocr_carea' id='block_1_52' title="bbox 499 3363 2065 3438">
    <p class='ocr_par' dir='ltr' id='par_1_52' title="bbox 499 3363 2065 3438">
     <span class='ocr_line' id='line_1_52' title="bbox 499 3363 2065 3438; baseline 0.003 -18"><span class='ocrx_word' id='word_1_357' title='bbox 499 3363 716 3420; x_wconf 89' lang='lat' dir='ltr'><strong>consilii</strong></span> <span class='ocrx_word' id='word_1_358' title='bbox 765 3367 1088 3435; x_wconf 88' lang='lat' dir='ltr'><strong>susceperis,</strong></span> <span class='ocrx_word' id='word_1_359' title='bbox 1139 3375 1199 3421; x_wconf 91' lang='lat' dir='ltr'><strong>ut</strong></span> <span class='ocrx_word' id='word_1_360' title='bbox 1239 3382 1465 3438; x_wconf 65' lang='lat' dir='ltr'><strong>quaeque</strong></span> <span class='ocrx_word' id='word_1_361' title='bbox 1519 3384 1608 3426; x_wconf 91' lang='lat' dir='ltr'><strong>res</strong></span> <span class='ocrx_word' id='word_1_362' title='bbox 1655 3368 1933 3433; x_wconf 89' lang='lat' dir='ltr'><strong>accidunt,</strong></span> <span class='ocrx_word' id='word_1_363' title='bbox 1993 3371 2065 3425; x_wconf 88' lang='lat' dir='ltr'><strong>ita</strong></span> 
     </span>
    </p>
   </div>
   <div class='ocr_carea' id='block_1_53' title="bbox 500 3456 2065 3532">
    <p class='ocr_par' dir='ltr' id='par_1_53' title="bbox 500 3456 2065 3532">
     <span class='ocr_line' id='line_1_53' title="bbox 500 3456 2065 3532; baseline 0.006 -23"><span class='ocrx_word' id='word_1_364' title='bbox 500 3456 824 3510; x_wconf 84' lang='lat' dir='ltr'><strong>sententiam</strong></span> <span class='ocrx_word' id='word_1_365' title='bbox 886 3459 1200 3514; x_wconf 87' lang='lat' dir='ltr'><strong>immutans.</strong></span> <span class='ocrx_word' id='word_1_366' title='bbox 1265 3458 1418 3525; x_wconf 88' lang='lat' dir='ltr'><strong>Quod</strong></span> <span class='ocrx_word' id='word_1_367' title='bbox 1476 3461 1522 3516; x_wconf 89' lang='lat' dir='ltr'><strong>si</strong></span> <span class='ocrx_word' id='word_1_368' title='bbox 1584 3461 1724 3517; x_wconf 89' lang='lat' dir='ltr'><strong>idem</strong></span> <span class='ocrx_word' id='word_1_369' title='bbox 1783 3479 2065 3532; x_wconf 89' lang='lat' dir='ltr'><strong>permane-</strong></span> 
     </span>
    </p>
   </div>
   <div class='ocr_carea' id='block_1_54' title="bbox 465 3547 2066 3623">
    <p class='ocr_par' dir='ltr' id='par_1_54' title="bbox 465 3547 2066 3623">
     <span class='ocr_line' id='line_1_54' title="bbox 465 3547 2066 3623; baseline 0.006 -25"><span class='ocrx_word' id='word_1_370' title='bbox 465 3551 627 3608; x_wconf 67' lang='lat' dir='ltr'><strong>‘res,</strong></span> <span class='ocrx_word' id='word_1_371' title='bbox 701 3547 1101 3602; x_wconf 87' lang='lat' dir='ltr'><strong>multitudinem</strong></span> <span class='ocrx_word' id='word_1_372' title='bbox 1178 3549 1476 3604; x_wconf 90' lang='lat' dir='ltr'><strong>litterarum</strong></span> <span class='ocrx_word' id='word_1_373' title='bbox 1550 3567 1659 3606; x_wconf 93' lang='lat' dir='ltr'><strong>non</strong></span> <span class='ocrx_word' id='word_1_374' title='bbox 1740 3569 2066 3623; x_wconf 81' lang='lat' dir='ltr'><strong>exposcere—</strong></span> 
     </span>
    </p>
   </div>
   <div class='ocr_carea' id='block_1_55' title="bbox 502 3639 2068 3698">
    <p class='ocr_par' dir='ltr' id='par_1_55' title="bbox 502 3639 2068 3698">
     <span class='ocr_line' id='line_1_55' title="bbox 502 3639 2068 3698; baseline 0.004 -8"><span class='ocrx_word' id='word_1_375' title='bbox 502 3653 625 3694; x_wconf 90' lang='lat' dir='ltr'><strong>mus</strong></span> <span class='ocrx_word' id='word_1_376' title='bbox 687 3657 699 3693; x_wconf 95' lang='lat'>:</span> <span class='ocrx_word' id='word_1_377' title='bbox 757 3639 850 3694; x_wconf 91' lang='lat' dir='ltr'><strong>sed</strong></span> <span class='ocrx_word' id='word_1_378' title='bbox 903 3640 1036 3696; x_wconf 91' lang='lat' dir='ltr'><strong>satis</strong></span> <span class='ocrx_word' id='word_1_379' title='bbox 1094 3641 1251 3696; x_wconf 91' lang='lat' dir='ltr'><strong>nobis</strong></span> <span class='ocrx_word' id='word_1_380' title='bbox 1303 3649 1447 3697; x_wconf 89' lang='lat' dir='ltr'><strong>esset</strong></span> <span class='ocrx_word' id='word_1_381' title='bbox 1500 3642 1604 3698; x_wconf 90' lang='lat' dir='ltr'><strong>hoc</strong></span> <span class='ocrx_word' id='word_1_382' title='bbox 1643 3651 1852 3697; x_wconf 89' lang='lat' dir='ltr'><strong>tantum</strong></span> <span class='ocrx_word' id='word_1_383' title='bbox 1903 3663 1916 3696; x_wconf 89' lang='lat'>:</span> <span class='ocrx_word' id='word_1_384' title='bbox 1969 3642 2068 3697; x_wconf 84' lang='lat' dir='ltr'><strong>Ille</strong></span> 
     </span>
    </p>
   </div>
   <div class='ocr_carea' id='block_1_56' title="bbox 500 3730 2067 3798">
    <p class='ocr_par' dir='ltr' id='par_1_56' title="bbox 500 3730 2067 3798">
     <span class='ocr_line' id='line_1_56' title="bbox 500 3730 2067 3798; baseline 0.003 -16"><span class='ocrx_word' id='word_1_385' title='bbox 500 3730 582 3783; x_wconf 82' lang='lat' dir='ltr'><strong>illi</strong></span> <span class='ocrx_word' id='word_1_386' title='bbox 637 3745 656 3784; x_wconf 91' lang='lat'><strong><em>:</em></strong></span> <span class='ocrx_word' id='word_1_387' title='bbox 702 3730 870 3785; x_wconf 71' lang='lat' dir='ltr'><strong>vetere</strong></span> <span class='ocrx_word' id='word_1_388' title='bbox 895 3748 990 3786; x_wconf 79' lang='lat' dir='ltr'><strong>nos</strong></span> <span class='ocrx_word' id='word_1_389' title='bbox 1021 3732 1182 3798; x_wconf 80' lang='lat' dir='ltr'><strong>scias,</strong></span> <span class='ocrx_word' id='word_1_390' title='bbox 1215 3742 1262 3786; x_wconf 86' lang='lat' dir='ltr'><strong>et</strong></span> <span class='ocrx_word' id='word_1_391' title='bbox 1295 3732 1428 3786; x_wconf 78' lang='lat' dir='ltr'><strong>vale.</strong></span> <span class='ocrx_word' id='word_1_392' title='bbox 1461 3731 1730 3798; x_wconf 86' lang='lat' dir='ltr'><strong>Quoniam</strong></span> <span class='ocrx_word' id='word_1_393' title='bbox 1762 3742 1941 3788; x_wconf 90' lang='lat' dir='ltr'><strong>autem</strong></span> <span class='ocrx_word' id='word_1_394' title='bbox 1973 3748 2067 3787; x_wconf 87' lang='lat' dir='ltr'><strong>au-</strong></span> 
     </span>
    </p>
   </div>
   <div class='ocr_carea' id='block_1_57' title="bbox 2804 2444 3080 2512">
    <p class='ocr_par' dir='ltr' id='par_1_57' title="bbox 2804 2444 3080 2512">
     <span class='ocr_line' id='line_1_57' title="bbox 2804 2444 3080 2512; baseline 0.004 -16"><span class='ocrx_word' id='word_1_395' title='bbox 2804 2444 3080 2512; x_wconf 79' lang='grc' dir='ltr'>Φιρμίνῳ.</span> 
     </span>
    </p>
   </div>
   <div class='ocr_carea' id='block_1_58' title="bbox 2233 2534 3682 2607">
    <p class='ocr_par' dir='ltr' id='par_1_58' title="bbox 2233 2534 3682 2607">
     <span class='ocr_line' id='line_1_58' title="bbox 2233 2534 3682 2607; baseline -0.007 -11"><span class='ocrx_word' id='word_1_396' title='bbox 2233 2542 2342 2595; x_wconf 75' lang='grc' dir='ltr'>Καὶ</span> <span class='ocrx_word' id='word_1_397' title='bbox 2365 2540 2566 2594; x_wconf 82' lang='grc' dir='ltr'>σπάνιά</span> <span class='ocrx_word' id='word_1_398' title='bbox 2600 2555 2691 2592; x_wconf 88' lang='grc' dir='ltr'><strong>σου</strong></span> <span class='ocrx_word' id='word_1_399' title='bbox 2742 2537 2810 2590; x_wconf 75' lang='grc' dir='ltr'><strong>τά</strong></span> <span class='ocrx_word' id='word_1_400' title='bbox 2851 2536 3172 2607; x_wconf 84' lang='grc' dir='ltr'>γράμματα,</span> <span class='ocrx_word' id='word_1_401' title='bbox 3205 2535 3298 2588; x_wconf 82' lang='grc' dir='ltr'>καὶ</span> <span class='ocrx_word' id='word_1_402' title='bbox 3333 2535 3502 2607; x_wconf 77' lang='grc' dir='ltr'>μικρά</span> <span class='ocrx_word' id='word_1_403' title='bbox 3538 2534 3682 2596; x_wconf 73' lang='grc' dir='ltr'>ταῦτα,</span> 
     </span>
    </p>
   </div>
   <div class='ocr_carea' id='block_1_59' title="bbox 2162 2625 3682 2704">
    <p class='ocr_par' dir='ltr' id='par_1_59' title="bbox 2162 2625 3682 2704">
     <span class='ocr_line' id='line_1_59' title="bbox 2162 2625 3682 2704; baseline -0.007 -18"><span class='ocrx_word' id='word_1_404' title='bbox 2162 2636 2195 2704; x_wconf 87' lang='grc' dir='ltr'><strong>ἢ</strong></span> <span class='ocrx_word' id='word_1_405' title='bbox 2223 2635 2364 2704; x_wconf 75' lang='grc' dir='ltr'>όκνῳ</span> <span class='ocrx_word' id='word_1_406' title='bbox 2401 2631 2491 2685; x_wconf 90' lang='grc' dir='ltr'><strong>τοῦ</strong></span> <span class='ocrx_word' id='word_1_407' title='bbox 2536 2630 2788 2702; x_wconf 75' lang='grc' dir='ltr'>γράφειν,</span> <span class='ocrx_word' id='word_1_408' title='bbox 2837 2628 2870 2698; x_wconf 85' lang='grc' dir='ltr'><strong>ἢ</strong></span> <span class='ocrx_word' id='word_1_409' title='bbox 2911 2627 3104 2692; x_wconf 78' lang='grc' dir='ltr'>ἄλλως,</span> <span class='ocrx_word' id='word_1_410' title='bbox 3140 2625 3228 2680; x_wconf 74' lang='grc' dir='ltr'>τὸν</span> <span class='ocrx_word' id='word_1_411' title='bbox 3262 2627 3328 2680; x_wconf 77' lang='grc' dir='ltr'>ὲκ</span> <span class='ocrx_word' id='word_1_412' title='bbox 3374 2626 3467 2679; x_wconf 85' lang='grc' dir='ltr'><strong>τοῦ</strong></span> <span class='ocrx_word' id='word_1_413' title='bbox 3503 2625 3682 2694; x_wconf 69' lang='grc' dir='ltr'>πλήθους</span> 
     </span>
    </p>
   </div>
   <div class='ocr_carea' id='block_1_60' title="bbox 2163 2714 3682 2798">
    <p class='ocr_par' dir='ltr' id='par_1_60' title="bbox 2163 2714 3682 2798">
     <span class='ocr_line' id='line_1_60' title="bbox 2163 2714 3682 2798; baseline 0.007 -17"><span class='ocrx_word' id='word_1_414' title='bbox 2163 2727 2322 2798; x_wconf 86' lang='grc' dir='ltr'>κόρον</span> <span class='ocrx_word' id='word_1_415' title='bbox 2345 2725 2657 2794; x_wconf 79' lang='grc' dir='ltr'><strong>διαφεύγειν</strong></span> <span class='ocrx_word' id='word_1_416' title='bbox 2678 2714 3108 2792; x_wconf 75' lang='grc' dir='ltr'>οἰκονομοῦντος,</span> <span class='ocrx_word' id='word_1_417' title='bbox 3151 2723 3290 2794; x_wconf 71' lang='grc' dir='ltr'>ἦπου</span> <span class='ocrx_word' id='word_1_418' title='bbox 3329 2722 3428 2775; x_wconf 67' lang='grc' dir='ltr'><strong>καὶ</strong></span> <span class='ocrx_word' id='word_1_419' title='bbox 3453 2722 3574 2792; x_wconf 72' lang='grc' dir='ltr'>πρὸς</span> <span class='ocrx_word' id='word_1_420' title='bbox 3596 2719 3682 2790; x_wconf 67' lang='grc' dir='ltr'>βΡ⁸’</span> 
     </span>
    </p>
   </div>
   <div class='ocr_carea' id='block_1_61' title="bbox 2163 2811 3684 2894">
    <p class='ocr_par' dir='ltr' id='par_1_61' title="bbox 2163 2811 3684 2894">
     <span class='ocr_line' id='line_1_61' title="bbox 2163 2811 3684 2894; baseline -0.008 -21"><span class='ocrx_word' id='word_1_421' title='bbox 2163 2819 2417 2891; x_wconf 85' lang='grc' dir='ltr'>χυλογίαν</span> <span class='ocrx_word' id='word_1_422' title='bbox 2469 2817 2656 2894; x_wconf 77' lang='grc' dir='ltr'>ἑαυτὸν</span> <span class='ocrx_word' id='word_1_423' title='bbox 2708 2815 3096 2878; x_wconf 75' lang='grc' dir='ltr'>συνεθίζοντος.</span> <span class='ocrx_word' id='word_1_424' title='bbox 3161 2815 3323 2884; x_wconf 82' lang='grc' dir='ltr'>Ἡμῖν</span> <span class='ocrx_word' id='word_1_425' title='bbox 3369 2814 3542 2885; x_wconf 79' lang='grc' dir='ltr'>μέντοι</span> <span class='ocrx_word' id='word_1_426' title='bbox 3579 2811 3684 2864; x_wconf 70' lang='grc' dir='ltr'>οὐδὲν</span> 
     </span>
    </p>
   </div>
   <div class='ocr_carea' id='block_1_62' title="bbox 2163 2904 3683 2983">
    <p class='ocr_par' dir='ltr' id='par_1_62' title="bbox 2163 2904 3683 2983">
     <span class='ocr_line' id='line_1_62' title="bbox 2163 2904 3683 2983; baseline -0.007 -18"><span class='ocrx_word' id='word_1_427' title='bbox 2163 2913 2399 2983; x_wconf 72' lang='grc' dir='ltr'>ἐξαρκεῖ,</span> <span class='ocrx_word' id='word_1_428' title='bbox 2426 2911 2557 2963; x_wconf 86' lang='grc' dir='ltr'>ἀλλὰ</span> <span class='ocrx_word' id='word_1_429' title='bbox 2587 2909 2687 2963; x_wconf 70' lang='grc' dir='ltr'>κᾶν</span> <span class='ocrx_word' id='word_1_430' title='bbox 2705 2908 3014 2979; x_wconf 76' lang='grc' dir='ltr'>ὑπερόάλλῃ</span> <span class='ocrx_word' id='word_1_431' title='bbox 3050 2906 3126 2978; x_wconf 86' lang='grc' dir='ltr'>τῷ</span> <span class='ocrx_word' id='word_1_432' title='bbox 3164 2905 3388 2975; x_wconf 76' lang='grc' dir='ltr'>πλήθει,</span> <span class='ocrx_word' id='word_1_433' title='bbox 3416 2906 3510 2976; x_wconf 81' lang='grc' dir='ltr'><strong>τῆς</strong></span> <span class='ocrx_word' id='word_1_434' title='bbox 3535 2904 3683 2957; x_wconf 74' lang='grc' dir='ltr'>ἐπιθυ-</span> 
     </span>
    </p>
   </div>
   <div class='ocr_carea' id='block_1_63' title="bbox 2168 2996 3684 3075">
    <p class='ocr_par' dir='ltr' id='par_1_63' title="bbox 2168 2996 3684 3075">
     <span class='ocr_line' id='line_1_63' title="bbox 2168 2996 3684 3075; baseline -0.007 -17"><span class='ocrx_word' id='word_1_435' title='bbox 2168 3006 2296 3075; x_wconf 80' lang='grc' dir='ltr'>μίας</span> <span class='ocrx_word' id='word_1_436' title='bbox 2345 3005 2490 3057; x_wconf 73' lang='grc' dir='ltr'>ἐστὶν</span> <span class='ocrx_word' id='word_1_437' title='bbox 2526 3003 2761 3065; x_wconf 81' lang='grc' dir='ltr'>ἐλάττω,</span> <span class='ocrx_word' id='word_1_438' title='bbox 2809 3001 2895 3054; x_wconf 88' lang='grc' dir='ltr'><strong>διὰ</strong></span> <span class='ocrx_word' id='word_1_439' title='bbox 2933 3001 2996 3053; x_wconf 75' lang='grc' dir='ltr'>τὸ</span> <span class='ocrx_word' id='word_1_440' title='bbox 3030 3000 3317 3070; x_wconf 78' lang='grc' dir='ltr'>βούλεσθαι</span> <span class='ocrx_word' id='word_1_441' title='bbox 3357 3000 3557 3052; x_wconf 68' lang='grc' dir='ltr'>ἕκαστα</span> <span class='ocrx_word' id='word_1_442' title='bbox 3591 2996 3684 3063; x_wconf 62' lang='lat'><strong>(91‘)</strong></span> 
     </span>
    </p>
   </div>
   <div class='ocr_carea' id='block_1_64' title="bbox 2164 3089 3684 3168">
    <p class='ocr_par' dir='ltr' id='par_1_64' title="bbox 2164 3089 3684 3168">
     <span class='ocr_line' id='line_1_64' title="bbox 2164 3089 3684 3168; baseline -0.009 -18"><span class='ocrx_word' id='word_1_443' title='bbox 2164 3097 2292 3168; x_wconf 79' lang='grc' dir='ltr'>περὶ</span> <span class='ocrx_word' id='word_1_444' title='bbox 2359 3094 2453 3148; x_wconf 88' lang='grc' dir='ltr'><strong>σοῦ</strong></span> <span class='ocrx_word' id='word_1_445' title='bbox 2516 3094 2834 3165; x_wconf 84' lang='grc' dir='ltr'>μανθάνειν·</span> <span class='ocrx_word' id='word_1_446' title='bbox 2884 3093 3000 3156; x_wconf 81' lang='grc' dir='ltr'>πῶς</span> <span class='ocrx_word' id='word_1_447' title='bbox 3059 3092 3158 3163; x_wconf 82' lang='grc' dir='ltr'>μέν</span> <span class='ocrx_word' id='word_1_448' title='bbox 3206 3108 3287 3144; x_wconf 91' lang='grc' dir='ltr'><strong>σοι</strong></span> <span class='ocrx_word' id='word_1_449' title='bbox 3319 3091 3386 3144; x_wconf 82' lang='grc' dir='ltr'>τὸ</span> <span class='ocrx_word' id='word_1_450' title='bbox 3423 3089 3684 3161; x_wconf 75' lang='grc' dir='ltr'>σῶμαέχει,</span> 
     </span>
    </p>
   </div>
   <div class='ocr_carea' id='block_1_65' title="bbox 2164 3181 3685 3255">
    <p class='ocr_par' dir='ltr' id='par_1_65' title="bbox 2164 3181 3685 3255">
     <span class='ocr_line' id='line_1_65' title="bbox 2164 3181 3685 3255; baseline -0.005 -16"><span class='ocrx_word' id='word_1_451' title='bbox 2164 3187 2310 3249; x_wconf 76' lang='grc' dir='ltr'>ὅπως</span> <span class='ocrx_word' id='word_1_452' title='bbox 2335 3185 2392 3238; x_wconf 76' lang='grc' dir='ltr'><strong>δέ</strong></span> <span class='ocrx_word' id='word_1_453' title='bbox 2421 3185 2584 3239; x_wconf 80' lang='grc' dir='ltr'>σοιτά</span> <span class='ocrx_word' id='word_1_454' title='bbox 2607 3184 2708 3255; x_wconf 81' lang='grc' dir='ltr'><strong>τῆς</strong></span> <span class='ocrx_word' id='word_1_455' title='bbox 2727 3184 3010 3255; x_wconf 84' lang='grc' dir='ltr'>ἀσκήσεως</span> <span class='ocrx_word' id='word_1_456' title='bbox 3031 3200 3043 3212; x_wconf 90' lang='grc'><strong>·</strong></span> <span class='ocrx_word' id='word_1_457' title='bbox 3075 3183 3169 3236; x_wconf 66' lang='grc' dir='ltr'><strong>κα)⁵</strong></span> <span class='ocrx_word' id='word_1_458' title='bbox 3196 3181 3431 3254; x_wconf 83' lang='grc' dir='ltr'>πότερον</span> <span class='ocrx_word' id='word_1_459' title='bbox 3465 3182 3685 3250; x_wconf 75' lang='grc' dir='ltr'>ὲπιμένιις</span> 
     </span>
    </p>
   </div>
   <div class='ocr_carea' id='block_1_66' title="bbox 2163 3271 3686 3347">
    <p class='ocr_par' dir='ltr' id='par_1_66' title="bbox 2163 3271 3686 3347">
     <span class='ocr_line' id='line_1_66' title="bbox 2163 3271 3686 3347; baseline -0.006 -15"><span class='ocrx_word' id='word_1_460' title='bbox 2163 3280 2276 3340; x_wconf 83' lang='grc' dir='ltr'>τοῖς</span> <span class='ocrx_word' id='word_1_461' title='bbox 2307 3276 2366 3341; x_wconf 79' lang='grc' dir='ltr'><strong>ἐξ</strong></span> <span class='ocrx_word' id='word_1_462' title='bbox 2391 3277 2564 3347; x_wconf 80' lang='grc' dir='ltr'>ἀρχῆς</span> <span class='ocrx_word' id='word_1_463' title='bbox 2606 3275 2986 3346; x_wconf 73' lang='grc' dir='ltr'>ἐγνωσμένοις,</span> <span class='ocrx_word' id='word_1_464' title='bbox 3017 3275 3051 3346; x_wconf 70' lang='grc' dir='ltr'>ἦ</span> <span class='ocrx_word' id='word_1_465' title='bbox 3089 3291 3143 3320; x_wconf 84' lang='grc' dir='ltr'><strong>τι</strong></span> <span class='ocrx_word' id='word_1_466' title='bbox 3184 3274 3278 3328; x_wconf 79' lang='grc' dir='ltr'>καὶ</span> <span class='ocrx_word' id='word_1_467' title='bbox 3315 3271 3686 3344; x_wconf 73' lang='grc' dir='ltr'>μετεϐουλεύσω.</span> 
     </span>
    </p>
   </div>
   <div class='ocr_carea' id='block_1_67' title="bbox 2167 3361 3686 3439">
    <p class='ocr_par' dir='ltr' id='par_1_67' title="bbox 2167 3361 3686 3439">
     <span class='ocr_line' id='line_1_67' title="bbox 2167 3361 3686 3439; baseline -0.008 -16"><span class='ocrx_word' id='word_1_468' title='bbox 2167 3368 2302 3439; x_wconf 72' lang='grc' dir='ltr'>πρὸς</span> <span class='ocrx_word' id='word_1_469' title='bbox 2394 3365 2465 3419; x_wconf 83' lang='grc' dir='ltr'><strong>τά</strong></span> <span class='ocrx_word' id='word_1_470' title='bbox 2532 3365 2910 3436; x_wconf 77' lang='grc' dir='ltr'><strong>συμπίπτοντα</strong></span> <span class='ocrx_word' id='word_1_471' title='bbox 2985 3366 3084 3436; x_wconf 77' lang='grc' dir='ltr'><strong>τὴν</strong></span> <span class='ocrx_word' id='word_1_472' title='bbox 3157 3365 3256 3434; x_wconf 80' lang='grc' dir='ltr'>γνιί</span> <span class='ocrx_word' id='word_1_473' title='bbox 3275 3382 3389 3435; x_wconf 85' lang='grc' dir='ltr'><strong>μην</strong></span> <span class='ocrx_word' id='word_1_474' title='bbox 3464 3361 3686 3434; x_wconf 78' lang='grc' dir='ltr'>μετατιθέ-</span> 
     </span>
    </p>
   </div>
   <div class='ocr_carea' id='block_1_68' title="bbox 2169 3452 3688 3532">
    <p class='ocr_par' dir='ltr' id='par_1_68' title="bbox 2169 3452 3688 3532">
     <span class='ocr_line' id='line_1_68' title="bbox 2169 3452 3688 3532; baseline -0.004 -18"><span class='ocrx_word' id='word_1_475' title='bbox 2169 3477 2326 3532; x_wconf 84' lang='grc' dir='ltr'>μενος</span> <span class='ocrx_word' id='word_1_476' title='bbox 2377 3459 2509 3530; x_wconf 78' lang='lat'><strong>(95).</strong></span> <span class='ocrx_word' id='word_1_477' title='bbox 2565 3460 2626 3512; x_wconf 86' lang='lat' dir='ltr'><strong>Ei</strong></span> <span class='ocrx_word' id='word_1_478' title='bbox 2687 3459 2786 3529; x_wconf 77' lang='grc' dir='ltr'>μὲν</span> <span class='ocrx_word' id='word_1_479' title='bbox 2839 3454 2932 3512; x_wconf 86' lang='grc' dir='ltr'><strong>οὖν</strong></span> <span class='ocrx_word' id='word_1_480' title='bbox 2980 3461 3008 3512; x_wconf 85' lang='grc' dir='ltr'><strong>ό</strong></span> <span class='ocrx_word' id='word_1_481' title='bbox 3059 3457 3220 3521; x_wconf 76' lang='grc' dir='ltr'>αὐτὸς</span> <span class='ocrx_word' id='word_1_482' title='bbox 3278 3457 3553 3527; x_wconf 83' lang='grc' dir='ltr'>διέμεινας</span> <span class='ocrx_word' id='word_1_483' title='bbox 3592 3452 3688 3520; x_wconf 76' lang='lat'><strong>(95&#39;)</strong></span> 
     </span>
    </p>
   </div>
   <div class='ocr_carea' id='block_1_69' title="bbox 2169 3544 3687 3622">
    <p class='ocr_par' dir='ltr' id='par_1_69' title="bbox 2169 3544 3687 3622">
     <span class='ocr_line' id='line_1_69' title="bbox 2169 3544 3687 3622; baseline -0.007 -16"><span class='ocrx_word' id='word_1_484' title='bbox 2169 3551 2399 3622; x_wconf 81' lang='grc' dir='ltr'>σεαυτῷ,</span> <span class='ocrx_word' id='word_1_485' title='bbox 2485 3551 2585 3604; x_wconf 84' lang='grc' dir='ltr'>οὐκ</span> <span class='ocrx_word' id='word_1_486' title='bbox 2649 3550 2714 3604; x_wconf 86' lang='grc' dir='ltr'><strong>ἂν</strong></span> <span class='ocrx_word' id='word_1_487' title='bbox 2768 3548 2972 3620; x_wconf 82' lang='grc' dir='ltr'>πλῆθος</span> <span class='ocrx_word' id='word_1_488' title='bbox 3035 3547 3384 3621; x_wconf 80' lang='grc' dir='ltr'>γραμμάτων</span> <span class='ocrx_word' id='word_1_489' title='bbox 3451 3544 3687 3615; x_wconf 69' lang='grc' dir='ltr'>ἐπεζητοῦ-</span> 
     </span>
    </p>
   </div>
   <div class='ocr_carea' id='block_1_70' title="bbox 2170 3637 3688 3716">
    <p class='ocr_par' dir='ltr' id='par_1_70' title="bbox 2170 3637 3688 3716">
     <span class='ocr_line' id='line_1_70' title="bbox 2170 3637 3688 3716; baseline -0.009 -17"><span class='ocrx_word' id='word_1_490' title='bbox 2170 3663 2289 3715; x_wconf 87' lang='grc' dir='ltr'>μεν,</span> <span class='ocrx_word' id='word_1_491' title='bbox 2319 3646 2432 3699; x_wconf 83' lang='grc' dir='ltr'>ἀλλ’</span> <span class='ocrx_word' id='word_1_492' title='bbox 2461 3645 2680 3716; x_wconf 76' lang='grc' dir='ltr'>ἐξήρκει</span> <span class='ocrx_word' id='word_1_493' title='bbox 2708 3646 2840 3715; x_wconf 82' lang='grc' dir='ltr'>ἡμῖν</span> <span class='ocrx_word' id='word_1_494' title='bbox 2861 3643 3114 3696; x_wconf 79' lang='grc' dir='ltr'>τοσοῦτον</span> <span class='ocrx_word' id='word_1_495' title='bbox 3139 3658 3153 3672; x_wconf 88' lang='grc'><strong>·</strong></span> <span class='ocrx_word' id='word_1_496' title='bbox 3196 3642 3247 3694; x_wconf 91' lang='grc' dir='ltr'><em>Ὁ</em></span> <span class='ocrx_word' id='word_1_497' title='bbox 3260 3641 3436 3694; x_wconf 72' lang='grc' dir='ltr'>δεῖνα</span> <span class='ocrx_word' id='word_1_498' title='bbox 3463 3641 3535 3706; x_wconf 84' lang='grc' dir='ltr'>τῷ</span> <span class='ocrx_word' id='word_1_499' title='bbox 3553 3637 3688 3691; x_wconf 74' lang='grc' dir='ltr'><strong>δεῖνι·</strong></span> 
     </span>
    </p>
   </div>
   <div class='ocr_carea' id='block_1_71' title="bbox 2168 3730 3689 3808">
    <p class='ocr_par' dir='ltr' id='par_1_71' title="bbox 2168 3730 3689 3808">
     <span class='ocr_line' id='line_1_71' title="bbox 2168 3730 3689 3808; baseline -0.007 -17"><span class='ocrx_word' id='word_1_500' title='bbox 2168 3739 2459 3808; x_wconf 75' lang='grc' dir='ltr'>ὑγιαίνειν</span> <span class='ocrx_word' id='word_1_501' title='bbox 2478 3735 2633 3806; x_wconf 74' lang='grc' dir='ltr'><strong>ἡμᾶς</strong></span> <span class='ocrx_word' id='word_1_502' title='bbox 2658 3736 2803 3798; x_wconf 75' lang='grc' dir='ltr'>ἴσθι,</span> <span class='ocrx_word' id='word_1_503' title='bbox 2826 3736 2922 3789; x_wconf 77' lang='grc' dir='ltr'>καὶ</span> <span class='ocrx_word' id='word_1_504' title='bbox 2951 3734 3176 3802; x_wconf 75' lang='grc' dir='ltr'><strong>ἐῤῥωσο</strong></span> <span class='ocrx_word' id='word_1_505' title='bbox 3195 3749 3207 3763; x_wconf 91' lang='grc'><strong>·</strong></span> <span class='ocrx_word' id='word_1_506' title='bbox 3241 3734 3371 3786; x_wconf 78' lang='grc' dir='ltr'>ἐπεὶ</span> <span class='ocrx_word' id='word_1_507' title='bbox 3393 3733 3449 3786; x_wconf 81' lang='grc' dir='ltr'><strong>δὲ</strong></span> <span class='ocrx_word' id='word_1_508' title='bbox 3474 3730 3689 3796; x_wconf 71' lang='grc' dir='ltr'>ἀκούομεν</span> 
     </span>
    </p>
   </div>
   <div class='ocr_carea' id='block_1_72' title="bbox 498 3819 2047 3901">
    <p class='ocr_par' dir='ltr' id='par_1_72' title="bbox 498 3821 2047 3895">
     <span class='ocr_line' id='line_1_72' title="bbox 498 3821 2047 3895; baseline 0.003 -20"><span class='ocrx_word' id='word_1_509' title='bbox 498 3821 704 3889; x_wconf 87' lang='lat' dir='ltr'><strong>dimus,</strong></span> <span class='ocrx_word' id='word_1_510' title='bbox 735 3839 857 3893; x_wconf 72' lang='lat' dir='ltr'><strong>qua:</strong></span> <span class='ocrx_word' id='word_1_511' title='bbox 897 3830 951 3878; x_wconf 86' lang='lat' dir='ltr'><strong>et</strong></span> <span class='ocrx_word' id='word_1_512' title='bbox 980 3823 1162 3879; x_wconf 90' lang='lat' dir='ltr'><strong>dicere</strong></span> <span class='ocrx_word' id='word_1_513' title='bbox 1203 3839 1304 3879; x_wconf 93' lang='lat' dir='ltr'><strong>nos</strong></span> <span class='ocrx_word' id='word_1_514' title='bbox 1351 3824 1538 3895; x_wconf 89' lang='lat' dir='ltr'><strong>pudet,</strong></span> <span class='ocrx_word' id='word_1_515' title='bbox 1574 3831 1627 3879; x_wconf 95' lang='lat' dir='ltr'><strong>te</strong></span> <span class='ocrx_word' id='word_1_516' title='bbox 1667 3825 1857 3894; x_wconf 86' lang='lat' dir='ltr'><strong>relicto</strong></span> <span class='ocrx_word' id='word_1_517' title='bbox 1891 3825 2047 3880; x_wconf 88' lang='lat' dir='ltr'><strong>beato</strong></span> 
     </span>
    </p>
   </div>
   <div class='ocr_carea' id='block_1_73' title="bbox 2169 3819 3690 3901">
    <p class='ocr_par' dir='ltr' id='par_1_73' title="bbox 2169 3819 3690 3901">
     <span class='ocr_line' id='line_1_73' title="bbox 2169 3819 3690 3901; baseline -0.01 -19"><span class='ocrx_word' id='word_1_518' title='bbox 2169 3828 2204 3883; x_wconf 82' lang='grc' dir='ltr'>ἃ</span> <span class='ocrx_word' id='word_1_519' title='bbox 2241 3830 2335 3882; x_wconf 71' lang='grc' dir='ltr'>καὶ</span> <span class='ocrx_word' id='word_1_520' title='bbox 2371 3828 2548 3897; x_wconf 73' lang='grc' dir='ltr'>λέγειν</span> <span class='ocrx_word' id='word_1_521' title='bbox 2575 3825 2964 3901; x_wconf 71' lang='grc' dir='ltr'>αἰσχυνόμεθα,</span> <span class='ocrx_word' id='word_1_522' title='bbox 2995 3824 3366 3879; x_wconf 81' lang='grc' dir='ltr'>καταλιπόντα</span> <span class='ocrx_word' id='word_1_523' title='bbox 3410 3841 3468 3877; x_wconf 88' lang='grc' dir='ltr'><strong>σε</strong></span> <span class='ocrx_word' id='word_1_524' title='bbox 3508 3822 3590 3892; x_wconf 76' lang='grc' dir='ltr'>τὴν</span> <span class='ocrx_word' id='word_1_525' title='bbox 3616 3819 3690 3870; x_wconf 70' lang='grc' dir='ltr'>τῶν</span> 
     </span>
    </p>
   </div>
   <div class='ocr_carea' id='block_1_74' title="bbox 501 3913 2065 3986">
    <p class='ocr_par' dir='ltr' id='par_1_74' title="bbox 501 3913 2065 3986">
     <span class='ocr_line' id='line_1_74' title="bbox 501 3913 2065 3986; baseline 0.003 -20"><span class='ocrx_word' id='word_1_526' title='bbox 501 3928 624 3967; x_wconf 90' lang='lat' dir='ltr'><strong>rum</strong></span> <span class='ocrx_word' id='word_1_527' title='bbox 681 3913 1090 3984; x_wconf 74' lang='lat' dir='ltr'><strong>progenitorum</strong></span> <span class='ocrx_word' id='word_1_528' title='bbox 1152 3913 1344 3971; x_wconf 89' lang='lat' dir='ltr'><strong>ordine</strong></span> <span class='ocrx_word' id='word_1_529' title='bbox 1414 3916 1480 3971; x_wconf 90' lang='lat' dir='ltr'><strong>ad</strong></span> <span class='ocrx_word' id='word_1_530' title='bbox 1549 3931 1710 3971; x_wconf 91' lang='lat' dir='ltr'><strong>avum</strong></span> <span class='ocrx_word' id='word_1_531' title='bbox 1781 3926 2065 3986; x_wconf 90' lang='lat' dir='ltr'><strong>paternum</strong></span> 
     </span>
    </p>
   </div>
   <div class='ocr_carea' id='block_1_75' title="bbox 501 4001 2064 4080">
    <p class='ocr_par' dir='ltr' id='par_1_75' title="bbox 501 4001 2064 4080">
     <span class='ocr_line' id='line_1_75' title="bbox 501 4001 2064 4080; baseline 0.004 -22"><span class='ocrx_word' id='word_1_532' title='bbox 501 4001 864 4075; x_wconf 74' lang='lat' dir='ltr'><strong>transfugere,</strong></span> <span class='ocrx_word' id='word_1_533' title='bbox 890 4015 944 4062; x_wconf 94' lang='lat' dir='ltr'><strong>et</strong></span> <span class='ocrx_word' id='word_1_534' title='bbox 978 4005 1316 4062; x_wconf 89' lang='lat' dir='ltr'><strong>Brettanium</strong></span> <span class='ocrx_word' id='word_1_535' title='bbox 1355 4007 1470 4064; x_wconf 83' lang='lat' dir='ltr'><strong>ﬁeri</strong></span> <span class='ocrx_word' id='word_1_536' title='bbox 1509 4009 1646 4064; x_wconf 89' lang='lat' dir='ltr'><strong>velle</strong></span> <span class='ocrx_word' id='word_1_537' title='bbox 1680 4025 1780 4080; x_wconf 91' lang='lat' dir='ltr'><strong>pro</strong></span> <span class='ocrx_word' id='word_1_538' title='bbox 1803 4009 2064 4076; x_wconf 87' lang='lat' dir='ltr'><strong>Firmino,</strong></span> 
     </span>
    </p>
   </div>
   <div class='ocr_carea' id='block_1_76' title="bbox 501 4097 2067 4170">
    <p class='ocr_par' dir='ltr' id='par_1_76' title="bbox 501 4097 2067 4170">
     <span class='ocr_line' id='line_1_76' title="bbox 501 4097 2067 4170; baseline 0.003 -19"><span class='ocrx_word' id='word_1_539' title='bbox 501 4097 618 4151; x_wconf 67' lang='lat' dir='ltr'><strong>haec</strong></span> <span class='ocrx_word' id='word_1_540' title='bbox 660 4097 777 4167; x_wconf 84' lang='lat' dir='ltr'><strong>ipsa</strong></span> <span class='ocrx_word' id='word_1_541' title='bbox 817 4112 1038 4154; x_wconf 89' lang='lat' dir='ltr'><strong>avemus</strong></span> <span class='ocrx_word' id='word_1_542' title='bbox 1087 4099 1296 4166; x_wconf 88' lang='lat' dir='ltr'><strong>audire,</strong></span> <span class='ocrx_word' id='word_1_543' title='bbox 1325 4107 1379 4155; x_wconf 92' lang='lat' dir='ltr'><strong>et</strong></span> <span class='ocrx_word' id='word_1_544' title='bbox 1410 4101 1610 4170; x_wconf 89' lang='lat' dir='ltr'><strong>quibus</strong></span> <span class='ocrx_word' id='word_1_545' title='bbox 1652 4101 1960 4157; x_wconf 89' lang='lat' dir='ltr'><strong>rationibus</strong></span> <span class='ocrx_word' id='word_1_546' title='bbox 1999 4102 2067 4156; x_wconf 89' lang='lat' dir='ltr'><strong>ad</strong></span> 
     </span>
    </p>
   </div>
   <div class='ocr_carea' id='block_1_77' title="bbox 499 4183 2064 4257">
    <p class='ocr_par' dir='ltr' id='par_1_77' title="bbox 499 4183 2064 4257">
     <span class='ocr_line' id='line_1_77' title="bbox 499 4183 2064 4257; baseline 0.001 -11"><span class='ocrx_word' id='word_1_547' title='bbox 499 4183 644 4246; x_wconf 75' lang='lat' dir='ltr'><strong>hanc</strong></span> <span class='ocrx_word' id='word_1_548' title='bbox 689 4191 812 4244; x_wconf 60' lang='lat' dir='ltr'><strong>vitae</strong></span> <span class='ocrx_word' id='word_1_549' title='bbox 862 4191 1001 4244; x_wconf 88' lang='lat' dir='ltr'><strong>viam</strong></span> <span class='ocrx_word' id='word_1_550' title='bbox 1054 4191 1344 4246; x_wconf 82' lang='lat' dir='ltr'><strong>iucundam</strong></span> <span class='ocrx_word' id='word_1_551' title='bbox 1394 4192 1662 4249; x_wconf 91' lang='lat' dir='ltr'><strong>adductus</strong></span> <span class='ocrx_word' id='word_1_552' title='bbox 1699 4192 1799 4257; x_wconf 89' lang='lat' dir='ltr'><strong>sis,</strong></span> <span class='ocrx_word' id='word_1_553' title='bbox 1834 4194 2064 4248; x_wconf 90' lang='lat' dir='ltr'><strong>discere.</strong></span> 
     </span>
    </p>
   </div>
   <div class='ocr_carea' id='block_1_78' title="bbox 501 4276 2068 4356">
    <p class='ocr_par' dir='ltr' id='par_1_78' title="bbox 501 4276 2068 4356">
     <span class='ocr_line' id='line_1_78' title="bbox 501 4276 2068 4356; baseline 0.003 -22"><span class='ocrx_word' id='word_1_554' title='bbox 501 4276 704 4336; x_wconf 74' lang='lat' dir='ltr'><strong>Verum</strong></span> <span class='ocrx_word' id='word_1_555' title='bbox 739 4282 996 4352; x_wconf 88' lang='lat' dir='ltr'><strong>quoniam</strong></span> <span class='ocrx_word' id='word_1_556' title='bbox 1055 4284 1170 4354; x_wconf 88' lang='lat' dir='ltr'><strong>ipse</strong></span> <span class='ocrx_word' id='word_1_557' title='bbox 1214 4284 1283 4339; x_wconf 88' lang='lat' dir='ltr'><strong>ob</strong></span> <span class='ocrx_word' id='word_1_558' title='bbox 1323 4285 1536 4339; x_wconf 84' lang='lat' dir='ltr'><strong>consilii</strong></span> <span class='ocrx_word' id='word_1_559' title='bbox 1585 4285 1844 4356; x_wconf 90' lang='lat' dir='ltr'><strong>pudorem</strong></span> <span class='ocrx_word' id='word_1_560' title='bbox 1889 4285 2068 4340; x_wconf 79' lang='lat' dir='ltr'><strong>conti-</strong></span> 
     </span>
    </p>
   </div>
   <div class='ocr_carea' id='block_1_79' title="bbox 500 4374 2068 4448">
    <p class='ocr_par' dir='ltr' id='par_1_79' title="bbox 500 4374 2068 4448">
     <span class='ocr_line' id='line_1_79' title="bbox 500 4374 2068 4448; baseline 0.003 -20"><span class='ocrx_word' id='word_1_561' title='bbox 500 4374 665 4428; x_wconf 87' lang='lat' dir='ltr'><strong>cuisti</strong></span> <span class='ocrx_word' id='word_1_562' title='bbox 699 4390 711 4424; x_wconf 88' lang='lat'><strong>:</strong></span> <span class='ocrx_word' id='word_1_563' title='bbox 752 4388 854 4430; x_wconf 88' lang='lat' dir='ltr'><strong>nos</strong></span> <span class='ocrx_word' id='word_1_564' title='bbox 883 4383 936 4430; x_wconf 90' lang='lat' dir='ltr'><strong>te</strong></span> <span class='ocrx_word' id='word_1_565' title='bbox 969 4374 1345 4438; x_wconf 88' lang='lat' dir='ltr'><strong>adhortamur,</strong></span> <span class='ocrx_word' id='word_1_566' title='bbox 1375 4385 1435 4431; x_wconf 92' lang='lat' dir='ltr'><strong>ut</strong></span> <span class='ocrx_word' id='word_1_567' title='bbox 1463 4376 1668 4446; x_wconf 87' lang='lat' dir='ltr'><strong>pudore</strong></span> <span class='ocrx_word' id='word_1_568' title='bbox 1691 4377 1853 4448; x_wconf 77' lang='lat' dir='ltr'><strong>digna</strong></span> <span class='ocrx_word' id='word_1_569' title='bbox 1883 4379 2068 4432; x_wconf 90' lang='lat' dir='ltr'><strong>consi-</strong></span> 
     </span>
    </p>
   </div>
   <div class='ocr_carea' id='block_1_80' title="bbox 497 4465 2069 4538">
    <p class='ocr_par' dir='ltr' id='par_1_80' title="bbox 497 4465 2069 4538">
     <span class='ocr_line' id='line_1_80' title="bbox 497 4465 2069 4538; baseline 0.003 -19"><span class='ocrx_word' id='word_1_570' title='bbox 497 4465 572 4519; x_wconf 83' lang='lat' dir='ltr'><strong>lia</strong></span> <span class='ocrx_word' id='word_1_571' title='bbox 605 4481 713 4520; x_wconf 89' lang='lat' dir='ltr'><strong>non</strong></span> <span class='ocrx_word' id='word_1_572' title='bbox 745 4467 949 4537; x_wconf 90' lang='lat' dir='ltr'><strong>capias,</strong></span> <span class='ocrx_word' id='word_1_573' title='bbox 987 4479 1040 4522; x_wconf 89' lang='lat' dir='ltr'><strong>et</strong></span> <span class='ocrx_word' id='word_1_574' title='bbox 1070 4469 1114 4522; x_wconf 92' lang='lat' dir='ltr'><strong>si</strong></span> <span class='ocrx_word' id='word_1_575' title='bbox 1142 4469 1270 4538; x_wconf 90' lang='lat' dir='ltr'><strong>quid</strong></span> <span class='ocrx_word' id='word_1_576' title='bbox 1295 4469 1458 4523; x_wconf 85' lang='lat' dir='ltr'><strong>subiit</strong></span> <span class='ocrx_word' id='word_1_577' title='bbox 1492 4469 1730 4523; x_wconf 88' lang='lat' dir='ltr'><strong>animum</strong></span> <span class='ocrx_word' id='word_1_578' title='bbox 1755 4476 1931 4533; x_wconf 88' lang='lat' dir='ltr'><strong>tuum,</strong></span> <span class='ocrx_word' id='word_1_579' title='bbox 1966 4470 2069 4524; x_wconf 92' lang='lat' dir='ltr'><strong>hoc</strong></span> 
     </span>
    </p>
   </div>
   <div class='ocr_carea' id='block_1_81' title="bbox 496 4559 2122 4632">
    <p class='ocr_par' dir='ltr' id='par_1_81' title="bbox 496 4559 2122 4632">
     <span class='ocr_line' id='line_1_81' title="bbox 496 4559 2122 4632; baseline 0.004 -22"><span class='ocrx_word' id='word_1_580' title='bbox 496 4571 567 4610; x_wconf 79' lang='lat' dir='ltr'><strong>ex</strong></span> <span class='ocrx_word' id='word_1_581' title='bbox 605 4565 785 4612; x_wconf 86' lang='lat' dir='ltr'><strong>mente</strong></span> <span class='ocrx_word' id='word_1_582' title='bbox 836 4559 1085 4627; x_wconf 85' lang='lat' dir='ltr'><strong>expulso,</strong></span> <span class='ocrx_word' id='word_1_583' title='bbox 1130 4560 1322 4614; x_wconf 89' lang='lat' dir='ltr'><strong>iterum</strong></span> <span class='ocrx_word' id='word_1_584' title='bbox 1363 4560 1428 4613; x_wconf 86' lang='lat' dir='ltr'><strong>ad</strong></span> <span class='ocrx_word' id='word_1_585' title='bbox 1470 4571 1520 4615; x_wconf 89' lang='lat' dir='ltr'><strong>te</strong></span> <span class='ocrx_word' id='word_1_586' title='bbox 1566 4560 1775 4625; x_wconf 90' lang='lat' dir='ltr'><strong>redeas,</strong></span> <span class='ocrx_word' id='word_1_587' title='bbox 1815 4575 1880 4615; x_wconf 88' lang='lat' dir='ltr'><strong>ac</strong></span> <span class='ocrx_word' id='word_1_588' title='bbox 1910 4561 2070 4632; x_wconf 75' lang='lat' dir='ltr'><strong>longo</strong></span> <span class='ocrx_word' id='word_1_589' title='bbox 2109 4589 2122 4603; x_wconf 90' lang='lat'><strong>-</strong></span> 
     </span>
    </p>
   </div>
   <div class='ocr_carea' id='block_1_82' title="bbox 498 4647 2072 4723">
    <p class='ocr_par' dir='ltr' id='par_1_82' title="bbox 498 4647 2072 4723">
     <span class='ocr_line' id='line_1_82' title="bbox 498 4647 2072 4723; baseline 0.004 -21"><span class='ocrx_word' id='word_1_590' title='bbox 498 4647 622 4702; x_wconf 87' lang='lat' dir='ltr'><strong>vale</strong></span> <span class='ocrx_word' id='word_1_591' title='bbox 650 4648 860 4703; x_wconf 68' lang='lat' dir='ltr'><strong>militiae</strong></span> <span class='ocrx_word' id='word_1_592' title='bbox 889 4652 1167 4720; x_wconf 90' lang='lat' dir='ltr'><strong>armisque</strong></span> <span class='ocrx_word' id='word_1_593' title='bbox 1197 4661 1249 4706; x_wconf 91' lang='lat' dir='ltr'><strong>et</strong></span> <span class='ocrx_word' id='word_1_594' title='bbox 1281 4665 1585 4706; x_wconf 81' lang='lat' dir='ltr'><strong>castrorum</strong></span> <span class='ocrx_word' id='word_1_595' title='bbox 1619 4653 1882 4708; x_wconf 89' lang='lat' dir='ltr'><strong>molestiis</strong></span> <span class='ocrx_word' id='word_1_596' title='bbox 1909 4652 2072 4723; x_wconf 73' lang='lat'><strong>209</strong></span> 
     </span>
    </p>
   </div>
   <div class='ocr_carea' id='block_1_83' title="bbox 496 4740 2072 4810">
    <p class='ocr_par' dir='ltr' id='par_1_83' title="bbox 496 4740 2072 4810">
     <span class='ocr_line' id='line_1_83' title="bbox 496 4740 2072 4810; baseline 0.003 -17"><span class='ocrx_word' id='word_1_597' title='bbox 496 4740 670 4802; x_wconf 89' lang='lat' dir='ltr'><strong>dicto,</strong></span> <span class='ocrx_word' id='word_1_598' title='bbox 713 4751 988 4796; x_wconf 84' lang='lat' dir='ltr'><strong>revertare</strong></span> <span class='ocrx_word' id='word_1_599' title='bbox 1017 4743 1071 4796; x_wconf 91' lang='lat' dir='ltr'><strong>in</strong></span> <span class='ocrx_word' id='word_1_600' title='bbox 1103 4743 1354 4810; x_wconf 82' lang='lat' dir='ltr'><strong>patriam,</strong></span> <span class='ocrx_word' id='word_1_601' title='bbox 1387 4744 1522 4798; x_wconf 90' lang='lat' dir='ltr'><strong>satis</strong></span> <span class='ocrx_word' id='word_1_602' title='bbox 1551 4744 1619 4798; x_wconf 86' lang='lat' dir='ltr'><strong>ad</strong></span> <span class='ocrx_word' id='word_1_603' title='bbox 1651 4746 1772 4799; x_wconf 57' lang='lat' dir='ltr'><strong>vitat</strong></span> <span class='ocrx_word' id='word_1_604' title='bbox 1804 4745 2072 4801; x_wconf 86' lang='lat' dir='ltr'><strong>securita-</strong></span> 
     </span>
    </p>
   </div>
   <div class='ocr_carea' id='block_1_84' title="bbox 495 4833 2068 4903">
    <p class='ocr_par' dir='ltr' id='par_1_84' title="bbox 495 4833 2068 4903">
     <span class='ocr_line' id='line_1_84' title="bbox 495 4833 2068 4903; baseline 0.002 -16"><span class='ocrx_word' id='word_1_605' title='bbox 495 4839 608 4887; x_wconf 82' lang='lat' dir='ltr'><strong>tem</strong></span> <span class='ocrx_word' id='word_1_606' title='bbox 658 4838 714 4886; x_wconf 89' lang='lat' dir='ltr'><strong>et</strong></span> <span class='ocrx_word' id='word_1_607' title='bbox 767 4833 832 4886; x_wconf 90' lang='lat' dir='ltr'><strong>ad</strong></span> <span class='ocrx_word' id='word_1_608' title='bbox 881 4849 1098 4888; x_wconf 90' lang='lat' dir='ltr'><strong>omnem</strong></span> <span class='ocrx_word' id='word_1_609' title='bbox 1145 4835 1492 4902; x_wconf 85' lang='lat' dir='ltr'><strong>splendorem</strong></span> <span class='ocrx_word' id='word_1_610' title='bbox 1532 4836 1875 4900; x_wconf 85' lang='lat' dir='ltr'><strong>existimans,</strong></span> <span class='ocrx_word' id='word_1_611' title='bbox 1927 4837 2068 4903; x_wconf 90' lang='lat' dir='ltr'><strong>urbi,</strong></span> 
     </span>
    </p>
   </div>
   <div class='ocr_carea' id='block_1_85' title="bbox 499 4923 2072 4998">
    <p class='ocr_par' dir='ltr' id='par_1_85' title="bbox 499 4923 2072 4998">
     <span class='ocr_line' id='line_1_85' title="bbox 499 4923 2072 4998; baseline 0.003 -21"><span class='ocrx_word' id='word_1_612' title='bbox 499 4923 687 4979; x_wconf 87' lang='lat' dir='ltr'><strong>itidem</strong></span> <span class='ocrx_word' id='word_1_613' title='bbox 731 4933 790 4978; x_wconf 90' lang='lat' dir='ltr'><strong>ut</strong></span> <span class='ocrx_word' id='word_1_614' title='bbox 832 4925 1090 4994; x_wconf 88' lang='lat' dir='ltr'><strong>majores,</strong></span> <span class='ocrx_word' id='word_1_615' title='bbox 1129 4941 1361 4995; x_wconf 69' lang='lat' dir='ltr'><strong>prasesse</strong></span> <span class='ocrx_word' id='word_1_616' title='bbox 1393 4946 1404 4980; x_wconf 91' lang='lat'>:</span> <span class='ocrx_word' id='word_1_617' title='bbox 1439 4927 1492 4981; x_wconf 91' lang='lat' dir='ltr'><strong>id</strong></span> <span class='ocrx_word' id='word_1_618' title='bbox 1519 4929 1664 4998; x_wconf 89' lang='lat' dir='ltr'><strong>quod</strong></span> <span class='ocrx_word' id='word_1_619' title='bbox 1696 4929 1791 4984; x_wconf 87' lang='lat' dir='ltr'><strong>tibi</strong></span> <span class='ocrx_word' id='word_1_620' title='bbox 1824 4928 1964 4984; x_wconf 90' lang='lat' dir='ltr'><strong>citra</strong></span> <span class='ocrx_word' id='word_1_621' title='bbox 1995 4929 2072 4982; x_wconf 91' lang='lat' dir='ltr'><strong>la-</strong></span> 
     </span>
    </p>
   </div>
   <div class='ocr_carea' id='block_1_86' title="bbox 2176 3911 3690 3993">
    <p class='ocr_par' dir='ltr' id='par_1_86' title="bbox 2176 3911 3690 3993">
     <span class='ocr_line' id='line_1_86' title="bbox 2176 3911 3690 3993; baseline -0.005 -19"><span class='ocrx_word' id='word_1_622' title='bbox 2176 3921 2461 3993; x_wconf 86' lang='grc' dir='ltr'>μακαρίων</span> <span class='ocrx_word' id='word_1_623' title='bbox 2509 3919 2790 3993; x_wconf 85' lang='grc' dir='ltr'>προγόνων</span> <span class='ocrx_word' id='word_1_624' title='bbox 2851 3917 3026 3984; x_wconf 79' lang='grc' dir='ltr'>τάξιν,</span> <span class='ocrx_word' id='word_1_625' title='bbox 3077 3919 3174 3970; x_wconf 77' lang='grc' dir='ltr'><strong>ἐπὶ</strong></span> <span class='ocrx_word' id='word_1_626' title='bbox 3213 3917 3306 3970; x_wconf 82' lang='grc' dir='ltr'><strong>τὸν</strong></span> <span class='ocrx_word' id='word_1_627' title='bbox 3361 3918 3495 3988; x_wconf 82' lang='grc' dir='ltr'>πρὸς</span> <span class='ocrx_word' id='word_1_628' title='bbox 3538 3911 3690 3983; x_wconf 52' lang='grc' dir='ltr'>πατρίς</span> 
     </span>
    </p>
   </div>
   <div class='ocr_carea' id='block_1_87' title="bbox 2174 4005 3692 4084">
    <p class='ocr_par' dir='ltr' id='par_1_87' title="bbox 2174 4005 3692 4084">
     <span class='ocr_line' id='line_1_87' title="bbox 2174 4005 3692 4084; baseline -0.007 -18"><span class='ocrx_word' id='word_1_629' title='bbox 2174 4014 2395 4068; x_wconf 85' lang='grc' dir='ltr'>πάππον</span> <span class='ocrx_word' id='word_1_630' title='bbox 2452 4011 2766 4084; x_wconf 81' lang='grc' dir='ltr'>αὐτομολεῖν</span> <span class='ocrx_word' id='word_1_631' title='bbox 2786 4051 2800 4074; x_wconf 92' lang='grc'><strong>,</strong></span> <span class='ocrx_word' id='word_1_632' title='bbox 2868 4012 2962 4064; x_wconf 73' lang='grc' dir='ltr'><strong>καὶ</strong></span> <span class='ocrx_word' id='word_1_633' title='bbox 3033 4009 3357 4081; x_wconf 84' lang='grc' dir='ltr'>Βρεττάνιον</span> <span class='ocrx_word' id='word_1_634' title='bbox 3428 4005 3692 4067; x_wconf 73' lang='grc' dir='ltr'>σπουδάζειν</span> 
     </span>
    </p>
   </div>
   <div class='ocr_carea' id='block_1_88' title="bbox 2172 4095 3691 4177">
    <p class='ocr_par' dir='ltr' id='par_1_88' title="bbox 2172 4095 3691 4177">
     <span class='ocr_line' id='line_1_88' title="bbox 2172 4095 3691 4177; baseline -0.007 -19"><span class='ocrx_word' id='word_1_635' title='bbox 2172 4104 2423 4175; x_wconf 84' lang='grc' dir='ltr'>γενέσθαι</span> <span class='ocrx_word' id='word_1_636' title='bbox 2478 4103 2599 4161; x_wconf 72' lang='grc' dir='ltr'>ἀντὶ</span> <span class='ocrx_word' id='word_1_637' title='bbox 2641 4104 2934 4177; x_wconf 83' lang='grc' dir='ltr'>Φιρμίνου·</span> <span class='ocrx_word' id='word_1_638' title='bbox 2971 4101 3337 4174; x_wconf 76' lang='grc' dir='ltr'>ἐπιζητοῦμεν</span> <span class='ocrx_word' id='word_1_639' title='bbox 3390 4101 3526 4155; x_wconf 77' lang='grc' dir='ltr'>αὐτὰ</span> <span class='ocrx_word' id='word_1_640' title='bbox 3566 4095 3691 4151; x_wconf 75' lang='grc' dir='ltr'>ταῦτα</span> 
     </span>
    </p>
   </div>
   <div class='ocr_carea' id='block_1_89' title="bbox 2173 4185 3691 4268">
    <p class='ocr_par' dir='ltr' id='par_1_89' title="bbox 2173 4185 3691 4268">
     <span class='ocr_line' id='line_1_89' title="bbox 2173 4185 3691 4268; baseline -0.002 -19"><span class='ocrx_word' id='word_1_641' title='bbox 2173 4196 2400 4249; x_wconf 80' lang='grc' dir='ltr'>ἀκοῦσαι</span> <span class='ocrx_word' id='word_1_642' title='bbox 2459 4194 2594 4268; x_wconf 86' lang='lat'><strong>(96),</strong></span> <span class='ocrx_word' id='word_1_643' title='bbox 2631 4195 2726 4248; x_wconf 77' lang='grc' dir='ltr'><strong>καὶ</strong></span> <span class='ocrx_word' id='word_1_644' title='bbox 2765 4196 2889 4259; x_wconf 76' lang='grc' dir='ltr'>τοὺς</span> <span class='ocrx_word' id='word_1_645' title='bbox 2947 4193 3236 4264; x_wconf 80' lang='grc' dir='ltr'>λογισμοὺς</span> <span class='ocrx_word' id='word_1_646' title='bbox 3286 4193 3482 4263; x_wconf 85' lang='grc' dir='ltr'>μαθεῖν</span> <span class='ocrx_word' id='word_1_647' title='bbox 3507 4190 3608 4244; x_wconf 81' lang='grc' dir='ltr'>καθ’</span> <span class='ocrx_word' id='word_1_648' title='bbox 3627 4185 3691 4246; x_wconf 73' lang='grc' dir='ltr'><strong>ὡς</strong></span> 
     </span>
    </p>
   </div>
   <div class='ocr_carea' id='block_1_90' title="bbox 2168 4277 3688 4357">
    <p class='ocr_par' dir='ltr' id='par_1_90' title="bbox 2168 4277 3688 4357">
     <span class='ocr_line' id='line_1_90' title="bbox 2168 4277 3688 4357; baseline -0.005 -16"><span class='ocrx_word' id='word_1_649' title='bbox 2168 4287 2258 4341; x_wconf 74' lang='grc' dir='ltr'>ἐπὶ</span> <span class='ocrx_word' id='word_1_650' title='bbox 2287 4288 2488 4357; x_wconf 79' lang='grc' dir='ltr'>ταύτην</span> <span class='ocrx_word' id='word_1_651' title='bbox 2515 4287 2686 4341; x_wconf 80' lang='grc' dir='ltr'>ἐλθεῖν</span> <span class='ocrx_word' id='word_1_652' title='bbox 2723 4286 2816 4340; x_wconf 84' lang='grc' dir='ltr'><strong>τοῦ</strong></span> <span class='ocrx_word' id='word_1_653' title='bbox 2853 4285 2965 4357; x_wconf 83' lang='grc' dir='ltr'>βίου</span> <span class='ocrx_word' id='word_1_654' title='bbox 3010 4286 3108 4356; x_wconf 88' lang='grc' dir='ltr'><strong>τὴν</strong></span> <span class='ocrx_word' id='word_1_655' title='bbox 3134 4285 3251 4339; x_wconf 84' lang='grc' dir='ltr'>ὁδὸν</span> <span class='ocrx_word' id='word_1_656' title='bbox 3280 4283 3552 4355; x_wconf 77' lang='grc' dir='ltr'><strong>ὑπήχθης.</strong></span> <span class='ocrx_word' id='word_1_657' title='bbox 3589 4277 3688 4333; x_wconf 77' lang='grc' dir='ltr'>Ἀλλ’</span> 
     </span>
    </p>
   </div>
   <div class='ocr_carea' id='block_1_91' title="bbox 2169 4371 3688 4450">
    <p class='ocr_par' dir='ltr' id='par_1_91' title="bbox 2169 4371 3688 4450">
     <span class='ocr_line' id='line_1_91' title="bbox 2169 4371 3688 4450; baseline -0.001 -20"><span class='ocrx_word' id='word_1_658' title='bbox 2169 4379 2352 4450; x_wconf 77' lang='grc' dir='ltr'>ἐπειδὴ</span> <span class='ocrx_word' id='word_1_659' title='bbox 2416 4379 2575 4442; x_wconf 81' lang='grc' dir='ltr'>αὐτὸς</span> <span class='ocrx_word' id='word_1_660' title='bbox 2619 4376 3010 4448; x_wconf 80' lang='grc' dir='ltr'>ἀπεσιώπησας</span> <span class='ocrx_word' id='word_1_661' title='bbox 3040 4376 3176 4429; x_wconf 78' lang='grc' dir='ltr'>αἰδοῖ</span> <span class='ocrx_word' id='word_1_662' title='bbox 3223 4375 3317 4428; x_wconf 91' lang='grc' dir='ltr'><strong>τοῦ</strong></span> <span class='ocrx_word' id='word_1_663' title='bbox 3357 4371 3688 4445; x_wconf 74' lang='grc' dir='ltr'>βουλεύματος,</span> 
     </span>
    </p>
   </div>
   <div class='ocr_carea' id='block_1_92' title="bbox 2170 4462 3690 4542">
    <p class='ocr_par' dir='ltr' id='par_1_92' title="bbox 2170 4462 3690 4542">
     <span class='ocr_line' id='line_1_92' title="bbox 2170 4462 3690 4542; baseline -0.004 -18"><span class='ocrx_word' id='word_1_664' title='bbox 2170 4465 2327 4542; x_wconf 77' lang='grc' dir='ltr'>ἡμεῖς</span> <span class='ocrx_word' id='word_1_665' title='bbox 2356 4489 2414 4524; x_wconf 89' lang='grc' dir='ltr'><strong>σε</strong></span> <span class='ocrx_word' id='word_1_666' title='bbox 2466 4469 2886 4542; x_wconf 76' lang='grc' dir='ltr'>παρακαλοῦμεν</span> <span class='ocrx_word' id='word_1_667' title='bbox 2921 4471 3056 4540; x_wconf 76' lang='grc' dir='ltr'>μήτε</span> <span class='ocrx_word' id='word_1_668' title='bbox 3101 4466 3452 4538; x_wconf 79' lang='grc' dir='ltr'>βουλεύεσθαι</span> <span class='ocrx_word' id='word_1_669' title='bbox 3485 4462 3690 4535; x_wconf 68' lang='grc' dir='ltr'>αἰσχύνης</span> 
     </span>
    </p>
   </div>
   <div class='ocr_carea' id='block_1_93' title="bbox 2171 4557 3689 4632">
    <p class='ocr_par' dir='ltr' id='par_1_93' title="bbox 2171 4557 3689 4632">
     <span class='ocr_line' id='line_1_93' title="bbox 2171 4557 3689 4632; baseline -0.006 -16"><span class='ocrx_word' id='word_1_670' title='bbox 2171 4563 2314 4629; x_wconf 81' lang='grc' dir='ltr'>ἄξια,</span> <span class='ocrx_word' id='word_1_671' title='bbox 2351 4564 2444 4616; x_wconf 64' lang='grc' dir='ltr'><strong>καὶ</strong></span> <span class='ocrx_word' id='word_1_672' title='bbox 2486 4562 2537 4614; x_wconf 81' lang='grc' dir='ltr'>εἴ</span> <span class='ocrx_word' id='word_1_673' title='bbox 2572 4579 2625 4613; x_wconf 90' lang='grc' dir='ltr'><strong>τι</strong></span> <span class='ocrx_word' id='word_1_674' title='bbox 2661 4561 2937 4632; x_wconf 77' lang='grc' dir='ltr'>ὑπέδραμέ</span> <span class='ocrx_word' id='word_1_675' title='bbox 2972 4577 3063 4613; x_wconf 91' lang='grc' dir='ltr'><strong>σου</strong></span> <span class='ocrx_word' id='word_1_676' title='bbox 3092 4560 3182 4612; x_wconf 81' lang='grc' dir='ltr'><strong>τὸν</strong></span> <span class='ocrx_word' id='word_1_677' title='bbox 3227 4557 3374 4624; x_wconf 84' lang='grc' dir='ltr'>νοῦν,</span> <span class='ocrx_word' id='word_1_678' title='bbox 3402 4558 3689 4612; x_wconf 70' lang='grc' dir='ltr'>άπελάσαντα</span> 
     </span>
    </p>
   </div>
   <div class='ocr_carea' id='block_1_94' title="bbox 2171 4645 3690 4724">
    <p class='ocr_par' dir='ltr' id='par_1_94' title="bbox 2171 4645 3690 4724">
     <span class='ocr_line' id='line_1_94' title="bbox 2171 4645 3690 4724; baseline -0.003 -18"><span class='ocrx_word' id='word_1_679' title='bbox 2171 4654 2328 4706; x_wconf 90' lang='grc' dir='ltr'>τοῦτο</span> <span class='ocrx_word' id='word_1_680' title='bbox 2375 4655 2471 4724; x_wconf 79' lang='grc' dir='ltr'><strong>τῆς</strong></span> <span class='ocrx_word' id='word_1_681' title='bbox 2515 4653 2771 4717; x_wconf 78' lang='grc' dir='ltr'>διανοίας,</span> <span class='ocrx_word' id='word_1_682' title='bbox 2833 4651 3058 4706; x_wconf 85' lang='grc' dir='ltr'>σεαυτοῦ</span> <span class='ocrx_word' id='word_1_683' title='bbox 3109 4651 3364 4721; x_wconf 77' lang='grc' dir='ltr'>γενέσθαι</span> <span class='ocrx_word' id='word_1_684' title='bbox 3408 4651 3578 4710; x_wconf 81' lang='grc' dir='ltr'>πάλιν,</span> <span class='ocrx_word' id='word_1_685' title='bbox 3627 4645 3690 4696; x_wconf 58' lang='lat'><strong>11&quot;-</strong></span> 
     </span>
    </p>
   </div>
   <div class='ocr_carea' id='block_1_95' title="bbox 2174 4741 3690 4816">
    <p class='ocr_par' dir='ltr' id='par_1_95' title="bbox 2174 4741 3690 4816">
     <span class='ocr_line' id='line_1_95' title="bbox 2174 4741 3690 4816; baseline -0.003 -18"><span class='ocrx_word' id='word_1_686' title='bbox 2174 4745 2359 4816; x_wconf 78' lang='grc' dir='ltr'>μακρὰ</span> <span class='ocrx_word' id='word_1_687' title='bbox 2385 4746 2589 4816; x_wconf 78' lang='grc' dir='ltr'>χαίρειν</span> <span class='ocrx_word' id='word_1_688' title='bbox 2622 4745 2842 4798; x_wconf 77' lang='grc' dir='ltr'>εἰπόντα</span> <span class='ocrx_word' id='word_1_689' title='bbox 2866 4743 3120 4815; x_wconf 74' lang='grc' dir='ltr'>στρατείᾳ</span> <span class='ocrx_word' id='word_1_690' title='bbox 3137 4744 3230 4797; x_wconf 73' lang='grc' dir='ltr'><strong>καὶ</strong></span> <span class='ocrx_word' id='word_1_691' title='bbox 3259 4745 3466 4806; x_wconf 79' lang='grc' dir='ltr'>ὅπλοις,</span> <span class='ocrx_word' id='word_1_692' title='bbox 3503 4743 3584 4794; x_wconf 72' lang='grc' dir='ltr'><strong>καὶ</strong></span> <span class='ocrx_word' id='word_1_693' title='bbox 3609 4741 3690 4794; x_wconf 66' lang='grc' dir='ltr'>ταῖς</span> 
     </span>
    </p>
   </div>
   <div class='ocr_carea' id='block_1_96' title="bbox 2171 4833 3690 4909">
    <p class='ocr_par' dir='ltr' id='par_1_96' title="bbox 2171 4833 3690 4909">
     <span class='ocr_line' id='line_1_96' title="bbox 2171 4833 3690 4909; baseline -0.005 -19"><span class='ocrx_word' id='word_1_694' title='bbox 2171 4839 2265 4890; x_wconf 71' lang='grc' dir='ltr'>ἐπὶ</span> <span class='ocrx_word' id='word_1_695' title='bbox 2290 4837 2651 4909; x_wconf 76' lang='grc' dir='ltr'>στρατοπέδου</span> <span class='ocrx_word' id='word_1_696' title='bbox 2705 4837 3121 4907; x_wconf 84' lang='grc' dir='ltr'>ταλαιπωρίαις,</span> <span class='ocrx_word' id='word_1_697' title='bbox 3157 4836 3484 4889; x_wconf 79' lang='grc' dir='ltr'>καταλαϐεῖν</span> <span class='ocrx_word' id='word_1_698' title='bbox 3513 4833 3598 4903; x_wconf 78' lang='grc' dir='ltr'>τὴν</span> 
     </span>
    </p>
   </div>
   <div class='ocr_carea' id='block_1_97' title="bbox 2171 4925 3692 5002">
    <p class='ocr_par' dir='ltr' id='par_1_97' title="bbox 2171 4925 3692 5002">
     <span class='ocr_line' id='line_1_97' title="bbox 2171 4925 3692 5002; baseline -0.007 -20"><span class='ocrx_word' id='word_1_699' title='bbox 2171 4931 2345 5001; x_wconf 78' lang='grc' dir='ltr'>τρίδα,</span> <span class='ocrx_word' id='word_1_700' title='bbox 2376 4929 2578 5002; x_wconf 88' lang='grc' dir='ltr'>ἀρκοῦν</span> <span class='ocrx_word' id='word_1_701' title='bbox 2607 4929 2741 5000; x_wconf 76' lang='grc' dir='ltr'>πρὸς</span> <span class='ocrx_word' id='word_1_702' title='bbox 2791 4925 3089 4998; x_wconf 72' lang='grc' dir='ltr'>ἀσφάλειαν</span> <span class='ocrx_word' id='word_1_703' title='bbox 3113 4927 3226 4998; x_wconf 87' lang='grc' dir='ltr'>βίου</span> <span class='ocrx_word' id='word_1_704' title='bbox 3266 4929 3360 4981; x_wconf 78' lang='grc' dir='ltr'><strong>καὶ</strong></span> <span class='ocrx_word' id='word_1_705' title='bbox 3402 4927 3534 4998; x_wconf 77' lang='grc' dir='ltr'>πρὸς</span> <span class='ocrx_word' id='word_1_706' title='bbox 3560 4926 3692 4975; x_wconf 67' lang='grc' dir='ltr'>πᾶσιν</span> 
     </span>
    </p>
   </div>
   <div class='ocr_carea' id='block_1_98' title="bbox 496 5011 2047 5094">
    <p class='ocr_par' dir='ltr' id='par_1_98' title="bbox 496 5016 2047 5094">
     <span class='ocr_line' id='line_1_98' title="bbox 496 5016 2047 5094; baseline 0.003 -23"><span class='ocrx_word' id='word_1_707' title='bbox 496 5016 686 5072; x_wconf 87' lang='lat' dir='ltr'><strong>borem</strong></span> <span class='ocrx_word' id='word_1_708' title='bbox 735 5019 1101 5073; x_wconf 85' lang='lat' dir='ltr'><strong>obventurqu</strong></span> <span class='ocrx_word' id='word_1_709' title='bbox 1149 5019 1504 5087; x_wconf 79' lang='lat' dir='ltr'><strong>conﬁdimus,</strong></span> <span class='ocrx_word' id='word_1_710' title='bbox 1545 5023 1902 5094; x_wconf 88' lang='lat' dir='ltr'><strong>respicientes</strong></span> <span class='ocrx_word' id='word_1_711' title='bbox 1957 5031 2047 5076; x_wconf 90' lang='lat' dir='ltr'><strong>tun</strong></span> 
     </span>
    </p>
   </div>
   <div class='ocr_carea' id='block_1_99' title="bbox 2169 5011 3692 5094">
    <p class='ocr_par' dir='ltr' id='par_1_99' title="bbox 2175 5011 3692 5094">
     <span class='ocr_line' id='line_1_99' title="bbox 2175 5011 3692 5094; baseline -0.004 -20"><span class='ocrx_word' id='word_1_712' title='bbox 2175 5023 2529 5094; x_wconf 74' lang='grc' dir='ltr'>περιφάνειαν</span> <span class='ocrx_word' id='word_1_713' title='bbox 2558 5021 2618 5073; x_wconf 85' lang='grc' dir='ltr'><strong>τὸ</strong></span> <span class='ocrx_word' id='word_1_714' title='bbox 2664 5020 2842 5086; x_wconf 79' lang='grc' dir='ltr'>ἐξίσου</span> <span class='ocrx_word' id='word_1_715' title='bbox 2883 5023 2993 5084; x_wconf 87' lang='grc' dir='ltr'>τοῖς</span> <span class='ocrx_word' id='word_1_716' title='bbox 3027 5020 3307 5090; x_wconf 80' lang='grc' dir='ltr'>προγόνοις</span> <span class='ocrx_word' id='word_1_717' title='bbox 3346 5018 3603 5090; x_wconf 72' lang='grc' dir='ltr'>κρατῆσαι</span> <span class='ocrx_word' id='word_1_718' title='bbox 3623 5011 3692 5076; x_wconf 75' lang='grc' dir='ltr'><strong>τῆς</strong></span> 
     </span>
    </p>
   </div>
   <div class='ocr_carea' id='block_1_100' title="bbox 493 5106 2066 5186">
    <p class='ocr_par' dir='ltr' id='par_1_100' title="bbox 493 5106 2066 5186">
     <span class='ocr_line' id='line_1_100' title="bbox 493 5106 2066 5186; baseline 0.005 -26"><span class='ocrx_word' id='word_1_719' title='bbox 493 5106 564 5161; x_wconf 86' lang='lat' dir='ltr'><strong>ad</strong></span> <span class='ocrx_word' id='word_1_720' title='bbox 615 5109 837 5164; x_wconf 87' lang='lat' dir='ltr'><strong>idoneas</strong></span> <span class='ocrx_word' id='word_1_721' title='bbox 885 5119 1092 5165; x_wconf 65' lang='lat' dir='ltr'><strong>natura:</strong></span> <span class='ocrx_word' id='word_1_722' title='bbox 1140 5112 1318 5176; x_wconf 74' lang='lat' dir='ltr'><strong>dotes,</strong></span> <span class='ocrx_word' id='word_1_723' title='bbox 1374 5123 1486 5167; x_wconf 89' lang='lat' dir='ltr'><strong>tum</strong></span> <span class='ocrx_word' id='word_1_724' title='bbox 1532 5114 1599 5168; x_wconf 90' lang='lat' dir='ltr'><strong>ad</strong></span> <span class='ocrx_word' id='word_1_725' title='bbox 1647 5114 2066 5186; x_wconf 88' lang='lat' dir='ltr'><strong>competitorum</strong></span> 
     </span>
    </p>
   </div>
   <div class='ocr_carea' id='block_1_101' title="bbox 569 5263 1779 5337">
    <p class='ocr_par' dir='ltr' id='par_1_101' title="bbox 569 5263 1779 5337">
     <span class='ocr_line' id='line_1_101' title="bbox 569 5263 1779 5337; baseline 0.005 -19"><span class='ocrx_word' id='word_1_726' title='bbox 569 5263 774 5337; x_wconf 59' lang='lat' dir='ltr'><strong>&#39;_Alias</strong></span> <span class='ocrx_word' id='word_1_727' title='bbox 801 5264 1320 5337; x_wconf 75' lang='lat' dir='ltr'><strong>CLXXIV.Scripta</strong></span> <span class='ocrx_word' id='word_1_728' title='bbox 1349 5270 1495 5322; x_wconf 87' lang='lat' dir='ltr'><strong>circa</strong></span> <span class='ocrx_word' id='word_1_729' title='bbox 1530 5285 1621 5323; x_wconf 92' lang='lat' dir='ltr'><strong>an.</strong></span> <span class='ocrx_word' id='word_1_730' title='bbox 1655 5269 1779 5324; x_wconf 77' lang='lat'><strong>372.</strong></span> 
     </span>
    </p>
   </div>
   <div class='ocr_carea' id='block_1_102' title="bbox 571 5333 2063 5409">
    <p class='ocr_par' dir='ltr' id='par_1_102' title="bbox 571 5333 2063 5409">
     <span class='ocr_line' id='line_1_102' title="bbox 571 5333 2063 5409; baseline 0.004 -23"><span class='ocrx_word' id='word_1_731' title='bbox 571 5333 704 5409; x_wconf 53' lang='grc' dir='ltr'><strong>(ἔμ’)</strong></span> <span class='ocrx_word' id='word_1_732' title='bbox 747 5337 1034 5409; x_wconf 68' lang='lat' dir='ltr'><strong>&quot;Exacta.</strong></span> <span class='ocrx_word' id='word_1_733' title='bbox 1079 5333 1422 5393; x_wconf 48' lang='lat' dir='ltr'><strong>Editi&#39;mivll‘</strong></span> <span class='ocrx_word' id='word_1_734' title='bbox 1474 5341 1699 5404; x_wconf 75' lang='grc' dir='ltr'>ἕκαστα,</span> <span class='ocrx_word' id='word_1_735' title='bbox 1745 5339 1841 5394; x_wconf 89' lang='lat' dir='ltr'><strong>sed</strong></span> <span class='ocrx_word' id='word_1_736' title='bbox 1885 5339 2063 5409; x_wconf 86' lang='lat' dir='ltr'><strong>prima</strong></span> 
     </span>
    </p>
   </div>
   <div class='ocr_carea' id='block_1_103' title="bbox 498 5404 2064 5476">
    <p class='ocr_par' dir='ltr' id='par_1_103' title="bbox 498 5404 2064 5476">
     <span class='ocr_line' id='line_1_103' title="bbox 498 5404 2064 5476; baseline 0.004 -21"><span class='ocrx_word' id='word_1_737' title='bbox 498 5414 602 5476; x_wconf 60' lang='lat' dir='ltr'><strong>vox</strong></span> <span class='ocrx_word' id='word_1_738' title='bbox 630 5404 785 5460; x_wconf 88' lang='lat' dir='ltr'><strong>deest</strong></span> <span class='ocrx_word' id='word_1_739' title='bbox 811 5407 866 5459; x_wconf 92' lang='lat' dir='ltr'><strong>in</strong></span> <span class='ocrx_word' id='word_1_740' title='bbox 897 5409 1303 5476; x_wconf 87' lang='lat' dir='ltr'><strong>antiquissimis</strong></span> <span class='ocrx_word' id='word_1_741' title='bbox 1338 5411 1619 5465; x_wconf 87' lang='lat' dir='ltr'><strong>codicibus</strong></span> <span class='ocrx_word' id='word_1_742' title='bbox 1643 5410 1812 5465; x_wconf 80' lang='lat' dir='ltr'><strong>Coisl.</strong></span> <span class='ocrx_word' id='word_1_743' title='bbox 1845 5404 1904 5464; x_wconf 70' lang='lat' dir='ltr'><strong>et</strong></span> <span class='ocrx_word' id='word_1_744' title='bbox 1925 5409 2064 5464; x_wconf 86' lang='lat' dir='ltr'><strong>Med.</strong></span> 
     </span>
    </p>
   </div>
   <div class='ocr_carea' id='block_1_104' title="bbox 497 5470 2068 5545">
    <p class='ocr_par' dir='ltr' id='par_1_104' title="bbox 497 5470 2068 5545">
     <span class='ocr_line' id='line_1_104' title="bbox 497 5470 2068 5545; baseline 0.005 -21"><span class='ocrx_word' id='word_1_745' title='bbox 497 5470 693 5528; x_wconf 87' lang='lat' dir='ltr'><strong>Deerat</strong></span> <span class='ocrx_word' id='word_1_746' title='bbox 722 5477 885 5530; x_wconf 83' lang='lat' dir='ltr'><strong>etiam</strong></span> <span class='ocrx_word' id='word_1_747' title='bbox 922 5479 976 5530; x_wconf 90' lang='lat' dir='ltr'><strong>in</strong></span> <span class='ocrx_word' id='word_1_748' title='bbox 1022 5470 1326 5545; x_wconf 81' lang='lat' dir='ltr'><strong>ﬂarlaeano,</strong></span> <span class='ocrx_word' id='word_1_749' title='bbox 1362 5481 1456 5536; x_wconf 86' lang='lat' dir='ltr'><strong>sed</strong></span> <span class='ocrx_word' id='word_1_750' title='bbox 1496 5481 1677 5536; x_wconf 86' lang='lat' dir='ltr'><strong>addita</strong></span> <span class='ocrx_word' id='word_1_751' title='bbox 1715 5489 1799 5536; x_wconf 88' lang='lat' dir='ltr'><strong>est</strong></span> <span class='ocrx_word' id='word_1_752' title='bbox 1844 5481 1913 5533; x_wconf 91' lang='lat' dir='ltr'><strong>ab</strong></span> <span class='ocrx_word' id='word_1_753' title='bbox 1962 5480 2068 5533; x_wconf 90' lang='lat' dir='ltr'><strong>alia</strong></span> 
     </span>
    </p>
   </div>
   <div class='ocr_carea' id='block_1_105' title="bbox 496 5557 685 5598">
    <p class='ocr_par' dir='ltr' id='par_1_105' title="bbox 496 5557 685 5598">
     <span class='ocr_line' id='line_1_105' title="bbox 496 5557 685 5598; baseline 0.026 -5"><span class='ocrx_word' id='word_1_754' title='bbox 496 5557 660 5596; x_wconf 85' lang='lat' dir='ltr'><strong>manu</strong></span> <span class='ocrx_word' id='word_1_755' title='bbox 673 5587 685 5598; x_wconf 92' lang='lat'><strong>.</strong></span> 
     </span>
    </p>
   </div>
   <div class='ocr_carea' id='block_1_106' title="bbox 569 5614 2071 5692">
    <p class='ocr_par' dir='ltr' id='par_1_106' title="bbox 569 5614 2071 5692">
     <span class='ocr_line' id='line_1_106' title="bbox 569 5614 2071 5692; baseline 0.003 -24"><span class='ocrx_word' id='word_1_756' title='bbox 569 5614 681 5692; x_wconf 74' lang='lat'><strong>(95)</strong></span> <span class='ocrx_word' id='word_1_757' title='bbox 720 5619 1206 5687; x_wconf 68' lang='lat' dir='ltr'><strong>MsmrtOéyercc,</strong></span> <span class='ocrx_word' id='word_1_758' title='bbox 1272 5632 1374 5675; x_wconf 70' lang='lat' dir='ltr'><strong>etc.</strong></span> <span class='ocrx_word' id='word_1_759' title='bbox 1432 5621 1522 5677; x_wconf 84' lang='lat' dir='ltr'><strong>Sic</strong></span> <span class='ocrx_word' id='word_1_760' title='bbox 1567 5631 1802 5692; x_wconf 86' lang='lat' dir='ltr'><strong>quatuor</strong></span> <span class='ocrx_word' id='word_1_761' title='bbox 1853 5620 2071 5673; x_wconf 66' lang='lat' dir='ltr'><strong>COdiCt&#39;S</strong></span> 
     </span>
    </p>
   </div>
   <div class='ocr_carea' id='block_1_107' title="bbox 492 5688 1925 5762">
    <p class='ocr_par' dir='ltr' id='par_1_107' title="bbox 492 5688 1925 5762">
     <span class='ocr_line' id='line_1_107' title="bbox 492 5688 1925 5762; baseline -0.001 -20"><span class='ocrx_word' id='word_1_762' title='bbox 492 5693 548 5737; x_wconf 70' lang='grc' dir='ltr'><strong>οι</strong></span> <span class='ocrx_word' id='word_1_763' title='bbox 575 5688 744 5762; x_wconf 50' lang='lat' dir='ltr'><strong>ﬁctura</strong></span> <span class='ocrx_word' id='word_1_764' title='bbox 779 5705 939 5762; x_wconf 81' lang='lat' dir='ltr'><strong>manu</strong></span> <span class='ocrx_word' id='word_1_765' title='bbox 981 5692 1316 5762; x_wconf 61' lang='lat' dir='ltr'><strong>llarlmanus.</strong></span> <span class='ocrx_word' id='word_1_766' title='bbox 1360 5693 1496 5745; x_wconf 88' lang='lat' dir='ltr'><strong>Editi</strong></span> <span class='ocrx_word' id='word_1_767' title='bbox 1541 5688 1925 5762; x_wconf 72' lang='grc' dir='ltr'>μεταθέμενος.</span> 
     </span>
    </p>
   </div>
   <div class='ocr_carea' id='block_1_108' title="bbox 567 5754 2075 5833">
    <p class='ocr_par' dir='ltr' id='par_1_108' title="bbox 567 5754 2075 5833">
     <span class='ocr_line' id='line_1_108' title="bbox 567 5754 2075 5833; baseline 0.003 -23"><span class='ocrx_word' id='word_1_768' title='bbox 567 5754 703 5828; x_wconf 75' lang='lat'><strong>(95&#39;)</strong></span> <span class='ocrx_word' id='word_1_769' title='bbox 761 5759 1077 5825; x_wconf 71' lang='grc' dir='ltr'><strong>Δτέμριιοτις.</strong></span> <span class='ocrx_word' id='word_1_770' title='bbox 1123 5761 1255 5816; x_wconf 79' lang='lat' dir='ltr'><strong>Med.</strong></span> <span class='ocrx_word' id='word_1_771' title='bbox 1302 5754 1560 5832; x_wconf 55' lang='grc' dir='ltr'>διέμενεςί</span> <span class='ocrx_word' id='word_1_772' title='bbox 1601 5754 1764 5818; x_wconf 71' lang='grc' dir='ltr'>Ριιιιιό</span> <span class='ocrx_word' id='word_1_773' title='bbox 1802 5773 1924 5833; x_wconf 78' lang='lat' dir='ltr'><strong>post</strong></span> <span class='ocrx_word' id='word_1_774' title='bbox 1947 5761 2075 5818; x_wconf 76' lang='lat' dir='ltr'><strong>Cditi</strong></span> 
     </span>
    </p>
   </div>
   <div class='ocr_carea' id='block_1_109' title="bbox 2177 5104 3691 5185">
    <p class='ocr_par' dir='ltr' id='par_1_109' title="bbox 2177 5104 3691 5185">
     <span class='ocr_line' id='line_1_109' title="bbox 2177 5104 3691 5185; baseline -0.003 -17"><span class='ocrx_word' id='word_1_775' title='bbox 2177 5115 2380 5177; x_wconf 81' lang='grc' dir='ltr'>πόλεως</span> <span class='ocrx_word' id='word_1_776' title='bbox 2427 5113 2806 5185; x_wconf 65' lang='grc' dir='ltr'>ἡγησάμενονδ</span> <span class='ocrx_word' id='word_1_777' title='bbox 2860 5113 2998 5183; x_wconf 80' lang='grc' dir='ltr'>ὅπερ</span> <span class='ocrx_word' id='word_1_778' title='bbox 3034 5112 3246 5174; x_wconf 80' lang='grc' dir='ltr'>ἀπόνως</span> <span class='ocrx_word' id='word_1_779' title='bbox 3299 5129 3386 5164; x_wconf 87' lang='grc' dir='ltr'><strong>σοι</strong></span> <span class='ocrx_word' id='word_1_780' title='bbox 3433 5104 3691 5180; x_wconf 74' lang='grc' dir='ltr'>παραγενή-</span> 
     </span>
    </p>
   </div>
   <div class='ocr_carea' id='block_1_110' title="bbox 2166 5256 3691 5340">
    <p class='ocr_par' dir='ltr' id='par_1_110' title="bbox 2166 5256 3691 5340">
     <span class='ocr_line' id='line_1_110' title="bbox 2166 5256 3691 5340; baseline -0.005 -18"><span class='ocrx_word' id='word_1_781' title='bbox 2166 5268 2554 5340; x_wconf 78' lang='grc' dir='ltr'>ὲπεζητοῦμεν·</span> <span class='ocrx_word' id='word_1_782' title='bbox 2583 5269 2694 5340; x_wconf 75' lang='grc' dir='ltr'>ἀλλ’</span> <span class='ocrx_word' id='word_1_783' title='bbox 2722 5265 3144 5338; x_wconf 71' lang='grc' dir='ltr'>ἢρκει.(]ο(1ἱρεε</span> <span class='ocrx_word' id='word_1_784' title='bbox 3171 5256 3691 5340; x_wconf 45' lang='grc' dir='ltr'><strong>οηιίιιιιὶξξὶιῐιίὒρξξὶί.</strong></span> 
     </span>
    </p>
   </div>
   <div class='ocr_carea' id='block_1_111' title="bbox 2163 5328 3688 5410">
    <p class='ocr_par' dir='ltr' id='par_1_111' title="bbox 2163 5328 3688 5410">
     <span class='ocr_line' id='line_1_111' title="bbox 2163 5328 3688 5410; baseline -0.009 -18"><span class='ocrx_word' id='word_1_785' title='bbox 2163 5328 2332 5398; x_wconf 55' lang='grc' dir='ltr'><strong>Μοιίῷ</strong></span> <span class='ocrx_word' id='word_1_786' title='bbox 2353 5328 2524 5394; x_wconf 80' lang='lat' dir='ltr'><strong>Coisl.</strong></span> <span class='ocrx_word' id='word_1_787' title='bbox 2557 5347 2612 5392; x_wconf 88' lang='lat' dir='ltr'><strong>et</strong></span> <span class='ocrx_word' id='word_1_788' title='bbox 2643 5328 2786 5391; x_wconf 58' lang='lat' dir='ltr'><strong>Har&#39;l&#39;.</strong></span> <span class='ocrx_word' id='word_1_789' title='bbox 2833 5340 2969 5391; x_wconf 91' lang='lat' dir='ltr'><strong>utin</strong></span> <span class='ocrx_word' id='word_1_790' title='bbox 3001 5345 3254 5410; x_wconf 53' lang='lat' dir='ltr'><strong>contentu</strong></span> <span class='ocrx_word' id='word_1_791' title='bbox 3277 5328 3688 5410; x_wconf 61' lang='lat' dir='ltr'><strong>;&#39;subinde__!led.</strong></span> 
     </span>
    </p>
   </div>
   <div class='ocr_carea' id='block_1_112' title="bbox 2167 5404 3688 5484">
    <p class='ocr_par' dir='ltr' id='par_1_112' title="bbox 2167 5404 3688 5484">
     <span class='ocr_line' id='line_1_112' title="bbox 2167 5404 3688 5484; baseline 0.006 -25"><span class='ocrx_word' id='word_1_792' title='bbox 2167 5413 2374 5484; x_wconf 75' lang='lat' dir='ltr'><strong>primus</strong></span> <span class='ocrx_word' id='word_1_793' title='bbox 2430 5411 2497 5462; x_wconf 82' lang='grc' dir='ltr'>τὰ</span> <span class='ocrx_word' id='word_1_794' title='bbox 2534 5410 3040 5484; x_wconf 37' lang='grc' dir='ltr'>ἀκουόμεναηριιιε</span> <span class='ocrx_word' id='word_1_795' title='bbox 3082 5406 3322 5484; x_wconf 63' lang='lat' dir='ltr'><strong>gudimus</strong></span> <span class='ocrx_word' id='word_1_796' title='bbox 3362 5404 3515 5484; x_wconf 60' lang='grc' dir='ltr'>ρειᾴρι</span> <span class='ocrx_word' id='word_1_797' title='bbox 3540 5404 3688 5484; x_wconf 63' lang='grc' dir='ltr'><strong>άίεῖηζ·</strong></span> 
     </span>
    </p>
   </div>
   <div class='ocr_carea' id='block_1_113' title="bbox 2249 5475 3685 5542">
    <p class='ocr_par' dir='ltr' id='par_1_113' title="bbox 2249 5475 3685 5542">
     <span class='ocr_line' id='line_1_113' title="bbox 2249 5475 3685 5542; baseline -0.011 -8"><span class='ocrx_word' id='word_1_798' title='bbox 2249 5480 2359 5542; x_wconf 80' lang='lat'><strong>(96)</strong></span> <span class='ocrx_word' id='word_1_799' title='bbox 2429 5475 2721 5534; x_wconf 68' lang='grc' dir='ltr'>Ἀκοῦσαιζ</span> <span class='ocrx_word' id='word_1_800' title='bbox 2816 5478 2996 5533; x_wconf 80' lang='lat' dir='ltr'><strong>Editio</strong></span> <span class='ocrx_word' id='word_1_801' title='bbox 3085 5477 3256 5531; x_wconf 87' lang='lat' dir='ltr'><strong>Paris.</strong></span> <span class='ocrx_word' id='word_1_802' title='bbox 3349 5475 3501 5529; x_wconf 85' lang='lat' dir='ltr'><strong>addit</strong></span> <span class='ocrx_word' id='word_1_803' title='bbox 3569 5475 3685 5538; x_wconf 66' lang='lat' dir='ltr'><strong>mp:</strong></span> 
     </span>
    </p>
   </div>
   <div class='ocr_carea' id='block_1_114' title="bbox 2169 5546 3678 5610">
    <p class='ocr_par' dir='ltr' id='par_1_114' title="bbox 2169 5546 3678 5610">
     <span class='ocr_line' id='line_1_114' title="bbox 2169 5546 3678 5610; baseline 0.007 -10"><span class='ocrx_word' id='word_1_804' title='bbox 2169 5550 2284 5610; x_wconf 71' lang='grc' dir='ltr'>σοῦ,</span> <span class='ocrx_word' id='word_1_805' title='bbox 2330 5551 2426 5606; x_wconf 88' lang='lat' dir='ltr'><strong>sed</strong></span> <span class='ocrx_word' id='word_1_806' title='bbox 2465 5551 2578 5603; x_wconf 77' lang='lat' dir='ltr'><strong>haec</strong></span> <span class='ocrx_word' id='word_1_807' title='bbox 2626 5551 2824 5603; x_wconf 85' lang='lat' dir='ltr'><strong>desunt</strong></span> <span class='ocrx_word' id='word_1_808' title='bbox 2881 5549 2934 5600; x_wconf 92' lang='lat' dir='ltr'><strong>in</strong></span> <span class='ocrx_word' id='word_1_809' title='bbox 2985 5547 3112 5604; x_wconf 85' lang='lat' dir='ltr'><strong>edit.</strong></span> <span class='ocrx_word' id='word_1_810' title='bbox 3153 5546 3309 5600; x_wconf 73' lang='lat' dir='ltr'><strong>Basil-</strong></span> <span class='ocrx_word' id='word_1_811' title='bbox 3361 5555 3416 5599; x_wconf 70' lang='grc' dir='ltr'><strong>(τι</strong></span> <span class='ocrx_word' id='word_1_812' title='bbox 3456 5559 3542 5598; x_wconf 62' lang='lat' dir='ltr'><strong>se!</strong></span> <span class='ocrx_word' id='word_1_813' title='bbox 3576 5550 3678 5592; x_wconf 39' lang='grc' dir='ltr'>πλεῖ</span> 
     </span>
    </p>
   </div>
   <div class='ocr_carea' id='block_1_115' title="bbox 2170 5615 3689 5683">
    <p class='ocr_par' dir='ltr' id='par_1_115' title="bbox 2170 5615 3689 5683">
     <span class='ocr_line' id='line_1_115' title="bbox 2170 5615 3689 5683; baseline -0.006 -13"><span class='ocrx_word' id='word_1_814' title='bbox 2170 5621 2472 5676; x_wconf 66' lang='lat' dir='ltr'><strong>codicibus.</strong></span> <span class='ocrx_word' id='word_1_815' title='bbox 2513 5622 2626 5673; x_wconf 85' lang='lat' dir='ltr'><strong>Duo</strong></span> <span class='ocrx_word' id='word_1_816' title='bbox 2652 5630 2832 5674; x_wconf 88' lang='lat' dir='ltr'><strong>autern</strong></span> <span class='ocrx_word' id='word_1_817' title='bbox 2867 5620 3104 5682; x_wconf 83' lang='lat' dir='ltr'><strong>codices,</strong></span> <span class='ocrx_word' id='word_1_818' title='bbox 3139 5633 3328 5683; x_wconf 73' lang='lat' dir='ltr'><strong>neunpe</strong></span> <span class='ocrx_word' id='word_1_819' title='bbox 3363 5615 3689 5683; x_wconf 68' lang='lat' dir='ltr'><strong>Vaticanust‘l</strong></span> 
     </span>
    </p>
   </div>
   <div class='ocr_carea' id='block_1_116' title="bbox 2170 5677 3691 5759">
    <p class='ocr_par' dir='ltr' id='par_1_116' title="bbox 2170 5677 3691 5759">
     <span class='ocr_line' id='line_1_116' title="bbox 2170 5677 3691 5759; baseline -0.001 -24"><span class='ocrx_word' id='word_1_820' title='bbox 2170 5691 2338 5744; x_wconf 60' lang='lat' dir='ltr'><strong>liuisl.</strong></span> <span class='ocrx_word' id='word_1_821' title='bbox 2401 5691 2711 5753; x_wconf 82' lang='lat' dir='ltr'><strong>secumlus,</strong></span> <span class='ocrx_word' id='word_1_822' title='bbox 2766 5688 2965 5742; x_wconf 86' lang='lat' dir='ltr'><strong>habent</strong></span> <span class='ocrx_word' id='word_1_823' title='bbox 3020 5677 3324 5759; x_wconf 67' lang='grc' dir='ltr'>Βρεττανξν.</span> <span class='ocrx_word' id='word_1_824' title='bbox 3389 5685 3502 5739; x_wconf 77' lang='lat' dir='ltr'><strong>Non</strong></span> <span class='ocrx_word' id='word_1_825' title='bbox 3555 5677 3691 5737; x_wconf 80' lang='lat' dir='ltr'><strong>mullo</strong></span> 
     </span>
    </p>
   </div>
   <div class='ocr_carea' id='block_1_117' title="bbox 2173 5755 3368 5831">
    <p class='ocr_par' dir='ltr' id='par_1_117' title="bbox 2173 5755 3368 5831">
     <span class='ocr_line' id='line_1_117' title="bbox 2173 5755 3368 5831; baseline -0.007 -14"><span class='ocrx_word' id='word_1_826' title='bbox 2173 5763 2481 5829; x_wconf 68' lang='lat' dir='ltr'><strong>postCOisl.</strong></span> <span class='ocrx_word' id='word_1_827' title='bbox 2521 5764 2725 5831; x_wconf 78' lang='lat' dir='ltr'><strong>primus</strong></span> <span class='ocrx_word' id='word_1_828' title='bbox 2764 5763 2968 5828; x_wconf 77' lang='grc' dir='ltr'>μήποτε</span> <span class='ocrx_word' id='word_1_829' title='bbox 3007 5755 3368 5829; x_wconf 76' lang='grc' dir='ltr'>βουλεύεσθαι.</span> 
     </span>
    </p>
   </div>
  </div>
