3762 6510
29 343 73 401 m
820 328 1312 389 EPISTULARUM
1347 332 1634 392 crassus
1668 331 1734 387 ιι.
1775 331 1997 390 EPIST.
2034 312 2242 390 cxxn.

3011 338 3120 403 562

158 453 257 523 ἡμῖν
280 448 544 520 ὑπάρχειν.
580 446 739 502 Ὅθεν
767 448 1014 519 ὀλιγάκις
1048 445 1166 506 οῖδα
1193 454 1286 507 καὶ⁸
1324 454 1443 508 lm-

1579 465 1677 507 aro
1725 466 1813 507 me
1843 451 1961 508 scio
1992 459 2047 508 et
2079 450 2148 505 ad
2189 458 2341 506 tuam
2398 451 2654 522 pietatem
2706 453 2997 523 scripsisse
3018 494 3034 519 ,
3061 457 3118 511 et

29 546 151 608 milia;
168 545 216 613 τῇ
241 535 466 611 εὐλαϐείᾳ
497 555 592 592 σου
614 579 630 603 ,
656 539 746 592 καὶ
780 540 1072 611 δεξάμενος
1113 543 1436 614 γράμματα.

124 632 264 704 ἐπειδὴ
282 634 308 685 6
331 627 692 694 ποθεινότατος
731 620 959 702 ἀδελφὸς
990 635 1147 705 ἡμῶν
1175 637 1442 707 Σαγκτίσ-

27 746 107 800 gae;
136 724 220 794 (50)
269 725 295 776 6
351 721 818 794 συμπρεσσύτερος
873 726 972 795 τὴν
1035 727 1227 799 μέχρις
1286 728 1441 800 ὑμῶν

27 818 214 887 ΰαπορίσν
234 814 438 885 ὑπέστη,
464 812 528 866 δι’
552 814 714 867 αὐτοῦ
738 816 832 869 καὶ
856 817 1305 890 προσφθέγγομαί
1327 819 1439 892 (51)

27 930 66 965 ω
90 910 158 978 τὴν
180 905 504 976 κοσμιότητα,
554 901 646 957 καὶ
692 905 998 977 παρακαλῶ
1041 909 1439 980 προσεύχεσθαι

28 1004 93 1071 πὲρ
118 997 243 1068 ἐμοῦ,
281 998 364 1050 καὶ
391 996 589 1069 χρῆσαι
643 995 742 1069 τὴν
777 998 947 1070 ἀκοὴν
990 999 1070 1071 τῷ
1110 1003 1441 1074 προειρημέ-

27 1093 170 1165 ῳῶὶ),
202 1089 319 1143 ὥστε
356 1089 478 1162 παρ’
520 1088 685 1143 αὑτοῦ
721 1090 1036 1162 διδαχθῆναι
1064 1091 1134 1146 τὰ
1169 1093 1278 1147 τῶν
1315 1095 1439 1148 Ἐκ-

27 1183 159 1253 ᾖηςιιέιν
193 1183 238 1235 ὲν
261 1182 377 1244 οἵοις
413 1180 520 1251 (55)
546 1182 694 1247 ἐστὶ,
726 1182 819 1236 καὶ
864 1183 965 1255 τὴν
1001 1184 1231 1257 δυνατὴν
1279 1203 1443 1240 σπου-

26 1270 416 1343 ὴνεξσενὲγκασθαι
460 1270 539 1333 είς
574 1269 645 1323 τά
680 1271 1035 1343 προκείμενα.
1076 1273 1314 1327 Γίνωσκε
1361 1272 1439 1338 δὲ,

26 1364 247 1425 nam;
277 1363 566 1433 γράμματα
595 1362 734 1436 ἔχων
769 1357 872 1435 ἧκε
920 1364 1056 1436 πρὸς
1103 1367 1252 1438 ἡμᾶς
1293 1364 1442 1436 παρὰ

25 1458 101 1511 iis:
128 1456 246 1525 (δι),
295 1455 537 1522 ἀξιοῦντα
594 1457 757 1510 αὑτὸν
812 1458 1068 1527 γενέσθαι
1124 1459 1439 1517 ἐπίσκοπον.

25 1549 149 1619 Επειδὴ
170 1548 220 1601 δὲ
246 1549 507 1619 ῂτήσαμεν
538 1550 699 1619 ἡμεῖς
721 1549 833 1621 (55)
876 1551 1179 1623 μαρτυρίαν
1216 1552 1315 1622 τῆς
1342 1552 1444 1623 σῆς

26 1639 191 1702 illatis!“
211 1640 290 1692 καὶ
312 1639 412 1692 τῶν
434 1638 637 1693 λοιπῶν
664 1641 997 1705 ἐπισκόπων,
1027 1644 1442 1715 καταφρονήσας

1548 543 1762 600 litteras
1803 546 2108 614 accepisse.
2156 542 2264 598 Sed
2320 543 2450 613 quia
2478 543 2979 601 desideratissimns
3008 545 3123 600 fra-

1544 645 1629 692 ter
1656 645 1846 690 noster
1887 633 2282 689 Sanctissimus
2305 634 2713 705 compreshyter
2729 634 2794 690 ad
2827 650 2926 690 vos
2945 648 3122 706 usque

1545 732 1651 788 iter
1683 732 1963 801 suscepit,
2008 747 2106 802 per
2152 730 2333 801 ipsum
2364 739 2420 785 et
2476 729 2797 802 dignitatem
2837 740 2990 787 tuam
3028 747 3120 788 sa-

1547 824 1662 879 luto
1686 864 1701 887 ,
1734 832 1790 878 et
1816 823 2063 878 obtestor
2090 830 2148 877 ut
2176 836 2275 893 pro
2305 836 2394 878 me
2420 822 2662 892 preceris
2680 862 2697 885 ,
2730 830 2784 879 et
2815 832 3119 881 memorato

1543 914 1697 969 fratri
1723 930 1912 971 aurem
1943 917 2350 982 accommodes,
2384 923 2443 970 ut
2462 931 2573 986 quo
2607 916 2716 972 sint
2760 917 2882 972 loco
2908 932 3001 973 res
3027 932 3121 974 eo-

1544 1009 1838 1065 clesiarum
1868 1048 1883 1072 ,
1918 1008 1986 1062 ab
2024 1008 2145 1078 ipso
2172 1006 2422 1063 docearis
2446 1048 2463 1070 ,
2491 1019 2659 1078 atque
2692 1022 2794 1078 pro
2828 1008 2971 1063 virili
3000 1017 3118 1064 stu-

1546 1100 1699 1156 dium
1730 1116 1795 1156 ac
1828 1115 2050 1172 operam
2097 1100 2153 1154 in
2190 1115 2281 1155 res
2316 1101 2623 1171 propositas
2653 1098 2927 1156 conferas.
2961 1098 3117 1156 Scias

1544 1200 1724 1248 autem
1750 1191 2013 1247 Faustum
2046 1191 2115 1246 ad
2172 1207 2274 1248 nos
2302 1192 2522 1248 venisse
2565 1190 2856 1247 habentem
2905 1206 2936 1244 a
2974 1204 3114 1261 papa

1546 1284 1793 1347 litteras,
1828 1299 1951 1354 quae
1984 1291 2044 1338 ut
2096 1282 2445 1339 ordinaretur
2495 1283 2791 1354 episcopus
2837 1280 3112 1351 petebant.

1546 1374 1684 1430 Cum
1733 1384 1915 1431 autem
1966 1376 2189 1446 pietatis
2225 1382 2334 1431 tua:
2364 1386 2419 1431 et
2462 1375 2797 1446 reliquorum
2827 1372 3118 1443 episcopo-

1558 1484 1676 1523 rum
1710 1484 2059 1539 posceremus
2085 1469 2412 1535 testimonia,
2431 1466 2759 1538 contemptis
2787 1465 2947 1521 nobis
2972 1464 3112 1519 abiit

1558 1556 1626 1612 ad
1669 1557 1984 1613 Anthimuin
2012 1598 2028 1621 ,
2058 1564 2112 1613 et
2160 1557 2229 1612 ab
2264 1557 2356 1613 illo
2386 1566 2642 1628 accepta,
2675 1556 2832 1613 nobis
2868 1570 2980 1611 non
3016 1553 3114 1610 ad-

1550 1648 1796 1714 monitis,
1825 1650 2193 1716 ordinatione,
2228 1651 2410 1707 rediit.
3040 1662 3051 1668 ‘

24 1733 218 1804 εμιῖινπρδς
247 1735 485 1808 ’Ᾱνοιμον
521 1733 697 1808 ᾤχετο
722 1776 738 1803 ,
772 1735 863 1791 καὶ
932 1738 1060 1809 παρ’
1101 1737 1259 1793 αξιτοί
1328 1737 1506 1796 λαϐὼν
1540 1742 1637 1818 τὴν
1711 1747 2044 1819 χειροτονίαν
2123 1748 2292 1819 χωρὶς
2367 1748 2641 1819 ἡμετέρας
2714 1745 3112 1818 ὑπομνήσεως,

24 1829 156 1888 sarit:

388 1944 734 2001 ΕΠΙΣΤΟΔΗ
775 1949 951 2005 ΡΚΒ¹.

1948 1948 2106 2020 213
2145 1944 2473 2002 EPISTOLA
2511 1942 2736 1999 CXXII'.

23 2057 169 2107 mu
186 2059 451 2111 Pcmaziam
472 2058 690 2113 Basilius
711 2060 773 2114 de
803 2060 1102 2115 ordinatione
1122 2060 1290 2114 Fausti
1304 2076 1321 2125 ;
1343 2076 1403 2114 ac
1425 2068 1560 2127 rogat
1580 2068 1630 2112 ut
1648 2060 1901 2114 certiorem
1935 2076 1987 2113 se
2005 2061 2170 2128 faciat,
2196 2068 2359 2112 utrum
2384 2075 2438 2114 ea
2482 2074 2559 2110 res
2591 2057 2757 2109 sanari
2776 2072 2919 2111 necne
2943 2059 3105 2123 possit.

179 2189 433 2257 Ποιμεγίῳ
451 2230 467 2254 ,
506 2190 821 2257 ἐπισκόπῳ
851 2191 1153 2248 Σατάλων.

43 2325 193 2389 Πάντως
236 2327 565 2400 ἐπεζήτησας
609 2328 719 2401 ('56)
777 2332 1082 2403 γράμματα
1133 2335 1282 2407 παρὰ
1337 2335 1446 2389 τῶν

21 2418 228 2487 Δρμενίων,
253 2420 332 2472 ὅτε
380 2422 663 2493 ὲπανῆκαν
714 2422 802 2477 διὰ
836 2424 930 2478 σοῦ
954 2442 967 2455 ·
1001 2428 1095 2479 καὶ
1140 2427 1239 2498 τὴν
1267 2427 1445 2481 αἰτίαν

21 2510 148 2581 μοις,
173 2512 226 2565 δι’
248 2514 306 2584 ἢν
332 2515 428 2568 οὐκ
469 2514 652 2570 ἔδωκα
674 2517 859 2582 αὐτοῖς
886 2518 986 2591 τὴν
1032 2521 1340 2592 ἐπιστολήν.
1379 2524 1444 2576 Εἰ

21 2598 133 2655 ἑνοῦν
159 2600 283 2657 εἷπον
309 2606 619 2678 φιλαλήθως
636 2647 653 2672 ,
699 2607 905 2673 ἔδωκας
936 2612 1070 2682 ἡμῖν
1098 2612 1323 2666 αὐτόθεν
1345 2614 1445 2684 τὴν

20 2696 251 2769 moriar
277 2699 322 2751 εί
365 2698 419 2753 δὲ
462 2700 855 2774 ἀπεκρύψαντο
887 2705 1083 2759 ἐκεῖνοι
1113 2744 1129 2769 ,
1176 2707 1312 2779 ὅπερ
1345 2707 1445 2760 οὐκ

19 2784 123 2849 hiis
146 2786 265 2857 (57)·
292 2789 421 2843 ἀλλὰ
471 2793 606 2864 παρ’
645 2794 803 2865 ἡμῶν
834 2794 1017 2849 ἄκουε.
1072 2796 1129 2849 ’0
1166 2795 1236 2849 τά
1267 2798 1444 2850 πάντα

19 2881 153 2943 Maio;
181 2881 409 2954 ’Δνθιμος
431 2924 448 2951 ,
492 2886 522 2938 6
550 2884 641 2940 διὰ
684 2886 897 2958 μακροῦ
938 2887 1130 2958 χρόνου
1162 2889 1261 2961 τὴν
1307 2890 1444 2961 πρὸς

19 2971 86 3039 pi;
105 2973 278 3044 εἰρήνην
303 2976 695 3048 σπεισάμενος,
730 2976 920 3049 ἐπειδὴ
947 2973 1071 3050 εὗρε
1104 2979 1293 3051 καιρὸν
1317 2980 1443 3032 ἑαυ-

19 3060 54 3117 ιῦ
84 3081 125 3117 τι
164 3068 438 3135 κενοδοξίαν
489 3068 850 3142 ἐκπληρῶσαι
876 3110 891 3133 ,
945 3072 1039 3124 καὶ
1085 3072 1214 3142 ἡμῖν
1266 3070 1442 3141 λύπην

19 3155 69 3207 ra
86 3158 347 3230 πρόξενῆσαι
364 3202 380 3228 ,
406 3161 787 3234 ἐχειροτόνησε
811 3162 904 3215 τὸν
933 3161 1174 3216 Φαῦστον
1210 3163 1315 3235 ἰδίᾳ
1340 3164 1441 3216 αὑ-

17 3248 111 3318 ιντίᾳ
129 3250 201 3303 καὶ
232 3251 328 3324 ἰδίᾳ
355 3255 534 3326 χειρὶ,
573 3253 792 3327 οὐδενὸς
818 3252 972 3325 ὑμῶν
1014 3254 1313 3325 ἀναμείνας
1340 3254 1443 3326 ψῆ-

17 3341 308 3412 ισν,καὶήμῶν
338 3344 717 3414 καταγελάσας
746 3343 1287 3417 ἀκριϐολογουμένων
1318 3345 1443 3417 περὶ

18 3426 224 3485 imm-31:.
253 3434 393 3487 Ἐπεὶ
416 3431 509 3489 οὖν
540 3435 761 3506 συνέχεε
790 3436 887 3505 μὲν
914 3435 1146 3489 παλαιάν
1170 3436 1441 3513 ειξταξίαν,

17 3524 255 3610 τεεςρόνησε
300 3527 353 3580 δὲ
387 3530 481 3582 καὶ
514 3527 706 3598 ὑμῶν,
756 3526 889 3598 παρ’
922 3523 998 3582 ὧν
1045 3529 1303 3601 ἀνέμενον
1334 3528 1443 3597 ὲγὼ
1470 3553 1512 3610 c

17 3608 53 3679 ἦν
87 3619 327 3688 μαρτυρίαν
372 3618 631 3687 δέξασθαι
658 3658 674 3682 ,
708 3619 930 3689 ἐποίησε
971 3620 1029 3673 δὲ
1073 3623 1303 3693 πρᾶγμα
1344 3623 1444 3676 οὐκ

17 3695 112 3758 Επεὶ
136 3707 382 3781 εὐάρεστον
432 3710 512 3781 τῷ
554 3709 705 3781 θεῷ,
735 3709 926 3764 τούτου
967 3710 1155 3766 ἕνεκεν
1184 3712 1445 3785 λυπηθεὶς

17 3794 76 3863 μς
96 3798 263 3865 αὐτοὺς,
289 3802 540 3873 οὐδεμίαν
573 3801 747 3855 ἔδωκα
776 3801 1064 3873 ἐπιστολὴν
1096 3802 1231 3873 πρὸς
1258 3803 1445 3858 οὐδένα

17 3880 59 3932 in
91 3887 330 3960 ‘Appzviaw
350 3932 365 3957 ,
392 3892 516 3945 οὐδὲ
548 3891 683 3961 πρὸς
710 3890 809 3963 τὴν
835 3892 933 3964 σὴν
956 3892 1259 3948 εὐλάϐειαν.
1304 3894 1443 3948 Ἀλλ’

17 3974 65 4026 ιδὲ
90 3980 144 4042 εἰς
168 3983 420 4037 κοινωνίαν
439 3983 714 4055 ἐδεξάμην
755 3983 848 4036 τὸν
888 3984 1161 4048 Φαῦστον,
1197 3985 1443 4057 φανερῶς

17 4072 374 4145 ιιμιρτυρόμενος
398 4116 414 4139 ,
445 4076 530 4129 ὅτι
550 4116 567 4143 ,
595 4076 644 4127 εί
685 4074 760 4146 μὴ
795 4074 1038 4147 ὑμέτερά
1072 4093 1160 4147 μοι
1200 4078 1443 4148 κομίσειε

18 4160 220 4230 βάμματα,
260 4168 427 4222 πάντα
457 4167 555 4222 τὸν
586 4166 777 4238 χρόνον
809 4166 1003 4239 ἔσομαι
1034 4169 1126 4222 καὶ
1168 4164 1327 4232 αὐτὸς
1353 4171 1445 4242 ήλ-

17 4257 268 4324 κινυμένης.
300 4262 389 4314 καὶ
415 4263 546 4324 τοὺς
570 4257 879 4330 δμοψύχους
909 4276 996 4330 μοι
1023 4260 1132 4331 (58)
1159 4260 1300 4315 οὕτω
1330 4262 1445 4316 δια-

17 4340 84 4407 ἥσω
99 4347 198 4416 πρὸς
215 4351 360 4406 αὐτὸν
393 4352 563 4423 ἔχειν.
594 4351 658 4404 Ei
688 4351 788 4422 μὲν
829 4347 922 4405 οὖν
957 4352 1149 4423 ἰάσιμα
1191 4351 1262 4405 τά
1288 4353 1442 4422 γενό-

17 4448 93 4497 ενι.
121 4443 372 4499 σπούδασον
397 4445 563 4509 αὑτός
590 4461 649 4498 τε
674 4441 974 4499 ἐπιστεῖλαι
1016 4447 1310 4518 μαρτυρῶν
1344 4447 1443 4500 αὐ-

17 4522 60 4593 ῖ⁹ο
80 4533 112 4583 εἰ
140 4535 245 4606 ὁρᾷς
267 4538 471 4611 ἀγαθὴν
495 4537 593 4592 τοῦ
628 4538 822 4611 ἀνδρὸς
846 4538 945 4610 τὴν
980 4537 1124 4609 ζωὴν
1144 4578 1160 4602 ,
1194 4539 1287 4593 καὶ
1316 4540 1443 4603 τοὺς

17 4614 110 4685 non;
130 4629 497 4700 προτρέψασθαι
516 4646 530 4659 ·
561 4631 611 4684 εἰ
646 4630 705 4684 δὲ
734 4630 929 4684 ἀνίατα
953 4668 968 4694 ,
1008 4628 1102 4683 καὶ
1139 4628 1299 4683 τοῦτο
1351 4647 1441 4701 μοι

18 4714 138 4780 ινξρὺν
162 4719 397 4791 ποίησον,
449 4720 592 4775 ὥστε
636 4721 833 4793 μηκέτι
880 4737 947 4792 με
992 4720 1175 4784 αὐτοῖς
1215 4721 1441 4776 καθόλου

18 4802 211 4873 Ρωέγειν·
242 4811 286 4863 εἰ
318 4813 409 4866 καὶ
442 4812 563 4874 ὅτι,
606 4812 682 4875 ὠς
723 4809 927 4875 ἔδειξαν
951 4846 968 4875 ,
1011 4809 1294 4881 ὥρμηνται
1333 4810 1443 4863 λοι-

1854 2193 2152 2259 Ρωιιιοιιίο,
2184 2194 2418 2261 episcopo
2452 2190 2781 2247 Salalorum.

1615 2327 1824 2384 Petiisti
1861 2328 2049 2398 procul
2085 2325 2254 2381 dubio
2284 2326 2501 2380 litteras
2551 2302 2619 2378 ab
2674 2323 2954 2386 Armenis,
2984 2337 3112 2376 cum

1544 2438 1640 2495 per
1667 2431 1814 2475 tuam
1842 2422 2118 2475 civitatem
2164 2420 2367 2475 reversi
2420 2427 2583 2481 sunt;
2636 2427 2691 2472 et
2722 2431 2947 2471 causam
2976 2415 3114 2469 didi-

1544 2516 1667 2571 cisti
1694 2555 1708 2579 ,
1746 2530 1847 2568 cur
1878 2515 2012 2584 ipsis
2046 2529 2151 2567 non
2194 2512 2438 2567 dederim
2486 2510 2795 2581 epistolam.
2831 2508 3111 2579 Siquidem

1542 2624 1609 2665 ex
1652 2623 1836 2662 amore
1878 2607 2125 2661 veritatis
2160 2605 2330 2660 locuti
2386 2615 2551 2667 sunt,
2584 2603 2785 2658 dedisti
2832 2602 2991 2656 nobis
3020 2611 3113 2656 tua

1545 2710 1741 2773 sponte
1767 2701 1978 2755 veniam
2010 2719 2023 2754 :
2051 2700 2136 2754 sin
2168 2708 2351 2754 autem
2380 2700 2727 2752 occultat-unt
2752 2713 2767 2762 ;
2791 2696 2935 2767 quod
2966 2696 3114 2765 equi-

1543 2796 1662 2850 dem
1686 2810 1792 2848 nou
1814 2795 2103 2855 existimo;
2130 2793 2323 2847 saltem
2360 2808 2425 2846 ex
2462 2790 2620 2845 nobis
2654 2790 2803 2845 audi.
2848 2788 3113 2859 Egregius

1544 2886 1633 2940 ille
1659 2887 1712 2938 in
1746 2885 2004 2938 omnibus
2037 2883 2351 2947 Anthimus,
2386 2882 2480 2952 qui
2522 2882 2634 2951 jam
2679 2896 2709 2934 a
2758 2882 2931 2935 multo
2970 2889 3111 2934 tem-

1544 2993 1674 3048 pore
1707 2992 1893 3046 pacem
1942 2976 2229 3029 nobiseum
2265 2975 2583 3045 pepigerat,
2617 2974 2708 3028 ubi
2754 2982 2967 3044 tempus
3015 2987 3114 3043 op-

1543 3077 1843 3138 portunum
1896 3066 2104 3122 invenit
2162 3082 2317 3120 suam
2373 3067 2545 3136 ipsius
2602 3066 2831 3138 gloriam
2896 3066 3113 3120 inanem

1541 3159 1825 3229 explendi,
1878 3165 1933 3213 et
1986 3157 2191 3228 aliquid
2250 3157 2517 3212 molestia:
2566 3157 2729 3213 nobis
2784 3154 3112 3221 exhibendi,

1542 3248 1805 3306 Faustum
1844 3248 2151 3312 ordinavit,
2189 3250 2408 3320 propria
2466 3249 2791 3305 auctoritate
2844 3230 3120 3321 prepriis-

1542 3357 1649 3413 que
1707 3342 1965 3397 manibus
1985 3380 2000 3406 ,
2034 3342 2243 3397 nullius
2275 3357 2340 3396 ex
2390 3341 2550 3396 vobis
2578 3347 2900 3411 exspectato
2928 3338 3116 3395 sutl‘ra-

1543 3433 1635 3503 gio
1657 3469 1674 3496 ,
1701 3446 1765 3486 ac
1794 3441 1980 3486 nostra
2026 3430 2113 3486 his
2154 3432 2211 3486 in
2244 3431 2407 3486 rebus
2435 3430 2598 3486 irrisa
2638 3430 2943 3502 diligentia.
2975 3430 3114 3496 Quia

1543 3537 1675 3593 ergo
1704 3521 2053 3591 disciplinam
2093 3531 2330 3577 veterem
2370 3521 2744 3592 perturbavit,
2787 3536 2997 3591 vosque
3028 3529 3116 3577 est

1544 3623 1910 3686 aspernatus,
1946 3629 2181 3685 quorum
2222 3630 2323 3687 ego
2378 3614 2700 3685 sullragium
2734 3614 3112 3685 praestolabar,

1544 3722 1609 3762 ac
1637 3724 1749 3763 rem
1799 3706 1965 3772 fecit,
2017 3713 2076 3761 ut
2113 3707 2367 3777 equidem
2420 3706 2682 3770 arbitror,
2730 3704 2874 3760 haud
2903 3713 3112 3775 gratam

1544 3798 1688 3867 Deo;
1720 3800 1861 3855 hanc
1909 3800 1980 3856 ob
2011 3815 2236 3857 causam
2296 3800 2352 3854 in
2398 3799 2521 3853 illos
2556 3796 2926 3870 indignatione
2961 3810 3114 3851 com-

1544 3900 1794 3955 motus“
1819 3894 1886 3946 ad
1939 3892 2211 3948 nemiuem
2265 3891 2629 3946 Armenorum
2700 3891 2913 3945 litteras
2972 3887 3112 3943 ullas

1544 3984 1703 4047 dedi,
1750 4000 1820 4038 ne
1873 3982 1942 4038 ad
1981 3992 2131 4037 tuam
2181 3982 2400 4054 quidem
2460 3983 2744 4055 pietatem.
2792 3981 2899 4038 Sed
2937 3994 3111 4051 neque

1544 4076 1807 4132 Faustum
1871 4075 2067 4132 admisi
2122 4076 2189 4132 ad
2242 4076 2720 4139 Communionem,
2751 4084 2935 4145 aperte
2961 4074 3114 4129 testi-

1546 4169 1717 4223 lleans
1738 4209 1755 4235 ,
1785 4168 1894 4223 nisi
1925 4176 2139 4223 vestras
2190 4168 2325 4222 mihi
2371 4167 2586 4223 litteras
2616 4165 2838 4231 all'erat,
2866 4180 2990 4221 cum
3029 4180 3115 4220 me

1544 4260 1785 4316 alienum
1817 4260 1888 4315 ab
1915 4275 1984 4317 eo
2011 4259 2161 4315 omni
2217 4268 2463 4332 tempore
2514 4258 2789 4327 futurum,
2827 4266 2941 4315 tum
2974 4273 3112 4312 una-

1543 4352 1720 4409 ninies
1753 4368 1907 4408 meos
1931 4392 1945 4418 ,
1980 4361 2041 4408 ut
2092 4353 2238 4408 idem
2280 4352 2350 4409 de
2395 4352 2489 4407 illo
2527 4352 2795 4418 sentiant,
2841 4350 3082 4407 adductu

1543 4458 1684 4498 rum.
1734 4444 1921 4515 Itaque
1974 4443 2021 4500 si
2058 4444 2329 4500 sanabilia
2383 4453 2512 4500 sunt
2565 4460 2689 4515 quae
2733 4459 2998 4508 evenere,
3042 4442 3111 4498 da

1543 4549 1765 4605 operam
1820 4546 1879 4591 ut
1934 4544 1987 4591 et
2036 4536 2152 4607 ipse
2207 4536 2452 4601 scribas,
2485 4536 2735 4592 tribuens
2774 4536 2824 4591 ei
2871 4535 3111 4591 testimo-

1543 4629 1731 4692 nium,
1769 4629 1814 4685 si
1850 4628 2019 4684 vitam
2052 4629 2203 4686 illius
2252 4629 2581 4685 laudabilem
2635 4629 2789 4684 vides
2813 4667 2830 4693 ,
2882 4635 2936 4683 et
2977 4629 3113 4685 alios

1544 4720 1881 4776 adhorteris.
1932 4718 2028 4775 Sin
2069 4729 2251 4777 autem
2304 4719 2769 4791 insanabilia,,et
2823 4718 2926 4773 hoc
2982 4716 3111 4773 milii

1544 4812 1757 4876 indica,
1789 4821 1848 4866 ut
1887 4827 2077 4867 eorum
2109 4813 2336 4867 omnino
2375 4813 2579 4866 nullam
2607 4810 2844 4881 amplius
2889 4810 3111 4865 habeam

17 4888 50 4939 ιν
68 4899 161 4965 πρὸς
183 4902 260 4955 τὸν
298 4904 556 4978 ’Δνθιμον
584 4903 792 4959 ἑαυτῶν
829 4901 1143 4975 μεταθεῖναι
1180 4902 1280 4974 τὴν
1329 4920 1443 4958 κοι-

1579 4906 1814 4961 ationem
1851 4924 1866 4974 ;
1920 4922 2233 4978 quanquam
2260 4946 2275 4971 ,
2322 4905 2403 4961 uti
2456 4905 2947 4970 demonstrarunt,
2995 4902 3110 4974 jam

31 5046 540 5135 lef-‘arxglo'cnpoc.
599 5059 896 5135 Sighllarl.
938 5068 993 5116 et
1028 5057 1164 5135 ‘Vat.
1199 5057 1445 5135 Quatuor

18 5114 218 5204 Hegias
240 5114 1244 5204 ΣαΥκτῖσιμοςίῈᾶίιίηἷαγκτήσιμοςῖ
1271 5114 1442 5186 Paulo

17 5188 193 5275 “filia!-
217 5188 395 5275 μέχέκς
424 5188 603 5275 ἠιίῶνῖ

18 5385 102 5463 (δέ)
130 5385 517 5483 ήροεῗρῇᾞέγφ.
543 5413 713 5471 Coisl.
768 5413 976 5484 primus
1009 5413 1301 5485 εἰρημένῳ.
1340 5412 1439 5469 ιω.

17 5470 186 5527 nullarl.
223 5484 464 5527 mnam:
502 5524 511 5527 Α
565 5484 873 5527 mxumam:
906 5485 1066 5527 habnt
1089 5485 1179 5527 καὶ
1234 5524 1245 5527 _
1295 5483 1439 5527 δίδη-

17 5483 186 5594 Euan.
223 5496 311 5550 pro
327 5484 539 5541 ὥστε...
565 5483 873 5556 διδαχθῆναι
905 5483 1076 5541 habet
1089 5483 1246 5538 καὶ...
1295 5483 1439 5539 διδα-

140 5616 216 5671 ‘Er
238 5624 391 5691 οἵοις.
440 5625 516 5681 Ita
548 5625 692 5681 lIarI.
729 5641 851 5681 cum
880 5625 1093 5680 duobus
1119 5626 1257 5680 aliis.
1295 5624 1431 5678 Editi

56 5712 100 5739 ,ν

32 5747 105 5818 in)
132 5758 265 5828 Παρά
288 5766 470 5822 πάπα.
509 5768 582 5824 Ita
608 5746 721 5825 tres
751 5767 1105 5847 vetustissimi
1130 5782 1252 5821 cum
1294 5765 1429 5820 duo-

1553 5062 1658 5118 bus
1688 5061 1827 5115 aIiis.
1867 5059 2009 5132 Eiliti
2041 5059 2195 5132 παρὰ
2219 5059 2313 5114 τοῦ
2341 5060 2514 5114 πάπα.

1638 5132 1727 5199 55)
1776 5131 1969 5201 Ἡμεῖς
1992 5127 2145 5187 deest
2177 5134 2230 5185 in
2260 5131 2429 5185 Coisl.
2458 5130 2633 5201 primo
2654 5136 2708 5184 et
2740 5127 2880 5201 Med.

1638 5196 1729 5271 56)
1776 5196 2188 5269 Ὲὲτεζήτησας.
2212 5202 2291 5256 Ita
2310 5196 2703 5269 mssfseptem.
2743 5198 2883 5253 Editi
2915 5196 3107 5271 ἐπιζη-

1424 5312 1439 5326 .
1546 5275 1736 5345 τήσας.

1620 5344 1734 5416 (57)
1772 5344 1948 5416 Ὅπερ
1975 5345 2086 5397 οὐκ
2103 5341 2325 5416 εἰκάζω.
2346 5341 2419 5396 Ita
2438 5340 2751 5416 Iiarlaaanus
2771 5339 2963 5416 code},
2990 5354 3107 5416 me-

1548 5408 1656 5470 lius
1677 5408 1847 5468 multo
1869 5408 2033 5484 quam
2055 5414 2208 5477 editi,
2230 5414 2405 5484 Ὅπερ
2424 5408 2525 5484 οὖν
2543 5411 2764 5484 εἰκάζω,
2794 5411 2931 5484 quod
2962 5411 3108 5484 egui-

1546 5484 1665 5538 dem
1696 5480 1939 5553 conjicib.
1977 5480 2460 5555 Propensiorge'rat
2495 5481 2737 5555 Basilius
2774 5480 2839 5535 ad
2867 5481 3107 5555 benigne

1546 5551 2030 5624 interpretandum,
2060 5551 2220 5624 q'uam
2266 5552 2330 5607 ad
2359 5554 2560 5624 malum
2590 5551 2998 5624 suspicandum.

1615 5621 1727 5695 (38)
1778 5621 2157 5694 ὐμοψύχους
2195 5641 2315 5694 μοι.
2342 5622 2511 5680 Coisl.
2557 5624 2765 5694 primus
2802 5621 3106 5699 δμοψύχους

1545 5713 1806 5821 manus
1837 5763 2106 5823 CCCXIII.
2147 5765 2356 5823 Scripta
2396 5780 2535 5821 anno
2565 5764 2686 5821 373.
