3762 6510
39 353 111 410 ειν
834 345 1318 403 EPISTOLARUM
1355 346 1642 404 CLASSIS
1677 346 1742 402 ll.
1782 344 1999 401 EPIST.
2038 345 2247 403 CXXV.

3076 347 3184 409 559

85 471 124 524 3.
167 465 295 520 Ἐπεὶ
316 458 403 519 οὖν
433 462 669 519 ἐνταῦθα
701 463 768 518 τὰ
800 466 898 536 μὲν
929 466 1064 521 ἄλλα
1094 468 1403 538 ἀρκούντως
1427 469 1519 521 καὶ

1671 467 1746 521 ’5.
1778 464 2041 532 Quoniam
2091 464 2257 535 igitur
2302 462 2392 518 hic
2445 470 2642 521 caetera
2670 463 2891 536 quidem
2928 465 3087 536 plene
3127 474 3185 523 et

36 556 216 630 ἀιριδῶς
251 552 542 626 διώρισται,
595 554 663 608 τά
706 555 803 625 μὲν
837 557 929 609 ἐπὶ
960 556 1241 628 διορθώσει
1270 558 1376 612 τῶν
1403 558 1523 627 βλαο

36 655 199 713 “mw,
226 648 287 701 τὰ
321 647 374 701 δὲ
413 648 495 710 είς
536 646 891 719 προφυλακὴν
918 648 1027 701 τῶν
1061 648 1525 721 προσδοκωμένων

36 737 361 811 ὑποφθήσεθαν
410 739 438 791 δ
482 737 543 790 δὲ
598 738 725 808 περὶ
775 738 868 791 τοῦ
914 738 1228 809 Πνεύματος
1273 738 1427 808 λόγος
1464 741 1521 793 έν

34 833 282 903 παραδρομῇ
327 832 525 892 κεῖται,
578 829 835 899 οὐδεμιᾶς
882 829 1202 900 ἐξεργασίας
1253 830 1518 895 ἀξιωθεὶς,

32 926 92 980 διὰ
123 924 169 977 τὸ
208 920 411 991 μηδέπω
453 920 579 973 τότε
628 919 785 973 τοῦτο
825 918 1142 991 κεκινῆσθαι
1178 921 1238 974 τὸ
1280 921 1518 992 ζήτημα,

134 1012 546 1067 ἀνεπιϐούλευτον
589 1011 915 1082 ἐνυπάρχειν
955 1015 1073 1075 ταῖς
1102 1012 1209 1064 τῶν
1244 1012 1522 1065 πιστευόν-

31 1125 104 1160 των
129 1107 294 1175 ψυχαῖς
322 1104 418 1175 τὴν
449 1101 579 1176 περὶ
624 1102 788 1156 αὐτοῦ
837 1104 1105 1157 διάνοιαν
1152 1105 1293 1158 κατά
1329 1104 1520 1175 μικρὸν

30 1200 67 1251 ἃ
98 1197 303 1266 προϊόντα
332 1195 397 1247 τὰ
442 1194 660 1267 παιηρά
700 1195 799 1265 τῆς
832 1196 1085 1259 ἀσεϐείας
1127 1197 1434 1266 σπέρματα,
1484 1195 1520 1249 ἃ

31 1288 220 1358 πρότερον
251 1287 340 1356 μὲν
378 1285 485 1338 ὑπὸ
537 1286 751 1357 Ἀρείου
789 1286 883 1339 τοῦ
915 1286 1216 1357 προστάτου
1244 1286 1342 1356 τῆς
1369 1285 1520 1358 αἱρέ-

31 1397 125 1441 σεως
162 1376 462 1447 κατεϐλήθη,
516 1375 748 1448 ὕστερον
799 1377 855 1430 δὲ
899 1377 1003 1429 ὑπὸ
1050 1377 1158 1431 τῶν
1200 1377 1270 1429 τὰ
1312 1377 1519 1429 ἐκείνου

28 1468 158 1531 κακῶς
179 1466 577 1536 διαδεξαμένων,
604 1467 699 1519 ἐπὶ.
730 1465 874 1537 λύμῃ
913 1466 1020 1519 τῶν
1064 1465 1394 1535 Ἐκκλησιῶν
1436 1466 1522 1532 ἐξ·

30 1560 194 1628 ετράφη,
228 1559 312 1611 καὶ
346 1559 378 1627 ἡ
414 1556 709 1611 ἀκολουθία
749 1557 848 1627 τῆς
874 1558 1125 1620 ἀσεϐείας
1148 1560 1227 1620 είς
1253 1557 1350 1629 τὴν
1382 1557 1520 1611 κατά

28 1648 91 1700 τοῦ
115 1648 385 1717 Πνεύματος
425 1648 779 1719 βλασφημίαν
829 1648 1143 1720 ἀπέσκηψεν
1172 1649 1282 1719 (59)
1304 1665 1318 1679 ’
1349 1649 1519 1715 ἀναγ-

1619 563 1870 609 accurate
1900 551 2125 608 deﬁnita
2170 556 2328 617 sunt,
2346 550 2544 620 partim
2581 552 2649 606 ad
2681 552 3019 607 emendanda
3059 569 3185 622 qua:
3268 600 3271 603 ,

1620 644 1747 700 lzesa
1778 644 2028 707 fuerant,
2071 642 2271 713 partim
2312 642 2378 696 ad
2409 643 2768 712 praecavenda
2807 658 2930 713 quae
2958 643 3181 699 subori-

1621 744 1741 789 tura
1792 734 2256 804 praevidebantur;
2301 732 2554 788 doctrina
2608 739 2791 788 autem
2849 733 2917 789 de
2975 732 3183 805 Spiritu

1621 832 1813 883 sancto
1844 826 2077 880 strictim
2129 824 2343 894 posita,
2374 838 2476 879 nec
2528 823 2694 878 ullam
2741 823 3183 895 disquisitionem

1620 917 1737 971 visa
1777 916 2089 986 requirere,
2129 931 2195 971 eo
2233 914 2375 985 quod
2420 914 2665 969 nondum
2715 922 2848 969 tunc
2885 923 3030 970 esset
3068 915 3184 970 haec

1621 1019 1764 1061 mota
1796 1010 2054 1078 qumstio,
2090 1006 2186 1063 sed
2227 1006 2348 1062 sine
2378 1005 2593 1062 insidiis
2643 1005 2808 1060 insita
2864 1014 3009 1061 esset
3058 1021 3182 1061 cre-

1620 1094 1860 1151 dentium
1891 1096 2091 1151 animis
2132 1095 2201 1152 de
2236 1096 2331 1150 illo
2363 1094 2633 1152 sententia
2664 1112 2677 1148 :
2710 1093 2969 1164 paulatim
3001 1104 3185 1149 autem

1620 1190 1923 1244 crescentia
1981 1189 2278 1260 impietatis
2314 1188 2560 1252 semina,
2594 1202 2716 1257 quae
2773 1187 2929 1258 prius
2962 1188 3184 1258 quidem

1620 1284 1688 1338 ab
1716 1283 1848 1337 Ario
1879 1283 2099 1339 haeresis
2147 1291 2370 1337 auctore
2394 1279 2543 1349 jacta
2568 1319 2583 1343 ,
2620 1294 2811 1351 postea
2846 1295 2975 1336 vero
3010 1282 3078 1336 ab
3116 1282 3188 1337 iis

1618 1376 1713 1446 qui
1742 1376 1891 1431 illius
1922 1388 2139 1430 errores
2186 1374 2429 1443 improbe
2476 1381 2843 1443 exceperunt,
2883 1373 2950 1427 ad
2992 1358 3185 1429 Eccle-

1620 1465 1826 1520 siarum
1867 1464 2166 1535 perniciem
2229 1464 2472 1517 enutrita
2518 1470 2686 1528 sunt,
2719 1462 2950 1533 ipsaque
2990 1463 3220 1534 impie--

1621 1557 1751 1612 tatis
1782 1557 1953 1612 series
1983 1556 2039 1610 in
2084 1554 2478 1624 blasphemiam
2509 1560 2698 1608 contra
2751 1552 3017 1624 Spiritum
3051 1572 3183 1609 eru-

1624 1648 1736 1717 pit;
1794 1654 2085 1717 propterea
2133 1643 2399 1700 adversus
2433 1658 2563 1707 eos,
2621 1643 2717 1714 qui
2769 1644 3012 1714 sibiipsis
3073 1662 3183 1701 non

30 1743 134 1793 καῖον
175 1738 291 1810 πρὸς
348 1740 493 1803 τοὺς1
540 1740 619 1811 μὴ
695 1739 1041 1809 φειδομένους
1091 1739 1328 1802 ἑαυτῶν,
1388 1739 1519 1810 μηδὲ

1623 1745 1886 1807 parcunt,
1921 1750 2098 1806 neque
2144 1734 2488 1791 inevitabiles
2521 1734 2700 1791 minas
2751 1750 2781 1789 a
2821 1734 3056 1791 Domino
3082 1752 3187 1791 no-

28 1825 356 1896 αρλορωμένους
377 1826 475 1896 τὴν
495 1826 741 1895 ἄφυκτον
768 1826 1017 1898 ἀπειλὴν,
1049 1829 1115 1898 ἢν
1141 1831 1253 1891 τοῖς
1279 1827 1519 1899 βλασφη-

32 1918 163 1990 μοῦσιν
184 1918 252 1981 είς
274 1918 330 1970 τὸ
358 1918 587 2001 Πνεῦμα
618 1919 677 1972 τὸ
706 1920 898 1989 ἆγιονδ
923 1918 1127 1989 Κύριος
1154 1920 1309 1990 ἡμῶν
1345 1923 1518 1975 ὲπαν*

32 2007 209 2058 enim
253 2006 385 2075 (60),
435 2008 617 2060 έκεῖνο
676 2009 1007 2080 προτείνειν,
1048 2008 1130 2061 ὅτι
1177 2008 1282 2080 χρὴ
1327 2010 1521 2074 αὐτοὺς

30 2096 355 2166 ἀναθεματίζειν
395 2098 523 2162 τοὺς,
573 2098 827 2167 λέγοντας
870 2100 1074 2170 κτίσμα
1102 2100 1163 2153 τὸ
1205 2100 1426 2171 Πνεῦμα
1459 2101 1521 2154 τὸ

28 2187 148 2252 ἄγων.
174 2188 255 2245 καὶ
280 2190 400 2252 τοὺς
444 2190 701 2253 νοοῦντας
747 2189 909 2256 οὕτω,
943 2191 1037 2244 καὶ
1064 2193 1190 2254 τοὺς
1233 2191 1306 2262 μὴ
1334 2193 1521 2262 ὁμολο-

28 2278 190 2347 γοῦντας
213 2278 332 2332 αὐτὸ
359 2280 522 2349 φύσει
558 2280 714 2349 ἃγιον
742 2277 901 2345 εἶναι,
929 2282 1006 2344 ὡς
1032 2281 1146 2334 ἔστι
1180 2282 1337 2350 φύσει
1367 2283 1521 2351 ἆγιος

28 2369 217 2440 ὁΠατὴρ,
241 2371 327 2425 καὶ
354 2371 512 2439 φύσει
547 2373 702 2440 ἆγιος
738 2374 768 2426 δ
794 2372 943 2436 Υἱὸς,
978 2371 1092 2425 ἀλλ’
1126 2371 1520 2439 ἀποξενοῦντας

29 2459 116 2512 αὐτὸ
131 2459 211 2529 τῆς
233 2459 371 2524 θείας
402 2462 499 2515 καὶ
544 2462 822 2532 μακαρίας
846 2462 1079 2533 φύσεως.
1135 2464 1431 2530 Ἀπόδειξις
1462 2465 1519 2519 δὲ

28 2551 89 2602 τοῦ
112 2550 244 2621 ὀρθοῦ
274 2555 619 2625 φρονήματος
642 2555 703 2608 τὸ
743 2554 816 2626 μὴ
859 2556 1110 2626 χωρίζειν
1149 2557 1279 2609 αὐτὸ
1311 2557 1519 2627 Πατρὸς

26 2642 207 2695 ιαὶΥίοῦ
233 2643 324 2713 (δεῖ
356 2645 465 2714 γὰρ
502 2648 656 2715 ἡμᾶς
706 2645 1062 2717 βαπτίζεσθαι
1103 2648 1219 2718 μὲν,
1253 2649 1328 2712 ὡς
1386 2665 1522 2720 παρ-

28 2733 254 2803 ιλὰδομεν·
288 2736 565 2790 πιστεύειν
595 2737 674 2799 δὲ,
708 2739 784 2800 ὡς
829 2736 1201 2809 βαπτιζόμεθα
1224 2756 1237 2769 ·
1279 2740 1518 2807 δοξάζειν

26 2820 76 2881 ἓ,
100 2824 153 2885 ὡς
180 2826 625 2899 πεπιστεύκαμεν,
674 2829 892 2900 Πατέρα
921 2830 1014 2882 καὶ
1061 2829 1189 2881 Υίὸν
1221 2830 1317 2882 καὶ
1364 2827 1518 2896 ἅγιον

32 2914 226 2987 Πνεῦμα).
262 2920 589 2989 ἀφίστασθαι
628 2920 685 2975 δὲ
718 2921 817 2992 τῆς
856 2921 1133 2986 κοινωνίας
1178 2921 1284 2976 τῶν
1316 2922 1519 2992 κτίσμα

1618 1836 1735 1885 stro
1785 1827 2026 1900 Spiritus
2078 1828 2257 1884 sancti
2305 1826 2837 1897 blasphematoribus
2884 1827 3186 1884 intentatas

1620 1921 1998 1992 prospiciunt,
2030 1920 2166 1975 illud
2219 1920 2537 1976 necessario
2584 1919 2999 1992 proponendum
3053 1932 3136 1979 est
3164 1941 3182 1977 :

1617 2016 1874 2079 Oportere
1927 2017 1983 2062 ut
2015 2009 2363 2065 anathemate
2419 2008 2619 2063 feriant
2646 2026 2745 2066 eos
2789 2012 2880 2081 qui
2918 2010 3182 2082 Spiritum

1618 2106 1868 2153 sanctum
1900 2099 2090 2153 dicunt
2139 2113 2263 2155 esse
2313 2109 2655 2164 creaturam,
2711 2113 2766 2157 et
2820 2118 2917 2157 eos
2967 2103 3063 2174 qui
3100 2103 3187 2159 sic

1618 2188 1894 2252 sentiunt,
1944 2195 1998 2243 et
2031 2203 2126 2244 eos
2178 2187 2273 2259 qui
2300 2203 2411 2244 non
2440 2188 2774 2244 conﬁtentur
2803 2204 2927 2244 eum
2985 2199 3184 2244 natura

1618 2289 1865 2336 sanctum
1912 2294 2068 2342 esse,
2094 2280 2239 2337 sicut
2270 2286 2471 2335 natura
2517 2289 2744 2338 sanctus
2790 2291 2875 2337 est
2905 2280 3089 2346 Pater,
3123 2290 3182 2337 et

1617 2383 1812 2428 natura
1851 2380 2077 2428 sanctus
2129 2379 2213 2428 est
2249 2368 2461 2437 Filius,
2486 2371 2584 2431 sed
2625 2372 2804 2444 ipsum
2845 2388 2873 2427 a
2903 2373 3089 2429 divina
3118 2388 3187 2429 ac

1615 2465 1775 2520 beata
1823 2473 2021 2519 natura
2073 2464 2407 2519 abalienant.
2458 2461 2644 2522 Reate
2675 2472 2856 2523 autem
2893 2468 3184 2522 seruentiie

1617 2563 1995 2624 argumentum
2044 2561 2166 2617 est,
2203 2553 2356 2608 illum
2389 2568 2501 2609 non
2557 2546 2816 2625 separare
2851 2570 2879 2609 a
2928 2553 3088 2610 Patre
3126 2562 3187 2611 et

1620 2646 1760 2701 Filio
1790 2647 2035 2719 (oportet
2079 2649 2224 2703 enim
2256 2661 2359 2703 nos
2411 2647 2678 2718 baptizari
2722 2648 3183 2719 quemadmodum

1618 2738 1928 2807 accepimus
1960 2778 1974 2801 ,
2028 2745 2083 2794 et
2136 2737 2362 2794 credere
2430 2738 2886 2809 quemadmodum
2934 2739 3182 2811 baptiza-

1624 2844 1766 2895 mur,
1798 2828 2104 2896 gloriﬁcare
2147 2845 2278 2885 vero
2310 2831 2419 2896 ita,
2453 2839 2513 2885 ut
2542 2831 2850 2896 credimus,
2881 2829 3095 2893 Patrem
3125 2840 3182 2888 et

1620 2918 1814 2975 Filium
1844 2930 1901 2976 et
1953 2920 2218 2992 Spiritum
2249 2930 2495 2979 sanctum
2517 2924 2543 2995 )‘
2570 2933 2732 2995 atque
2768 2927 2935 2981 etiam
2985 2927 3055 2981 ab
3084 2942 3182 2982 eo-

29 3004 248 3073 λετάπων,
300 3011 372 3074 ὡς
435 3012 690 3083 φανερῶς
752 3012 1208 3083 βλασφημούντων
1232 3030 1246 3044 ⁸
1307 3014 1515 3067 ἐκείνου

1618 3024 1739 3062 rum
1795 3009 1886 3079 qui
1934 3008 2197 3080 Spiritum
2246 3019 2554 3068 creaturam
2594 3014 2823 3080 dicunt,
2880 3022 2942 3069 ut
2994 3026 3183 3086 aperta

29 3096 408 3173 διωμολογημένον
446 3080 883 3186 (ἀναγκαίαήαγάρ
970 3080 980 3083 ⁷
1000 3106 1161 3174 ὲπιση
1170 3104 1391 3175 μείωσις
1431 3104 1516 3159 διὰ

1618 3097 2111 3168 blasphemantium
2136 3139 2151 3165 ,
2188 3102 2572 3155 communione
2602 3104 2855 3158 recedere
2884 3123 2897 3159 :
2944 3080 3050 3159 hoc
3086 3122 3183 3160 ει-

32 3189 115 3251 ωὺς
142 3193 465 3261 συκοφάντας)
485 3235 501 3260 ,
559 3196 639 3248 ὅτι
681 3193 806 3248 οὕτε
853 3196 1141 3267 ἀγέννητον
1185 3197 1411 3269 λέγομεν
1456 3197 1518 3250 τὸ

18 3279 189 3350 ηίινεῦμα
217 3285 271 3337 τὸ
309 3285 491 3354 ἇγιον·
529 3286 626 3340 ἕνα
676 3286 785 3358 γὰρ
826 3288 1045 3358 οἴδαμεν
1087 3289 1377 3361 ἀγέννητον
1404 3290 1519 3343 -καὶ

34 3373 120 3440 μίαν
152 3376 240 3429 τῶν
285 3380 447 3433 ὄντων
496 3380 708 3454 ἀρχὴν,
755 3380 844 3434 τὸν
896 3381 1113 3453 Πατέρα
1159 3381 1250 3436 τοῦ
1308 3384 1514 3455 Κυρίου

32 3466 137 3535 ἡμῶν
169 3470 318 3541 Ἰησοῦ
354 3473 594 3541 Χριστοῦ
614 3490 628 3503 ·
662 3471 787 3526 οὔτε
820 3475 1076 3544 γεννητόν
1096 3490 1110 3504 ο
1155 3473 1249 3526 ἓνα
1283 3474 1390 3546 γὰρ
1423 3493 1518 3544 μο-

32 3558 160 3624 νογενῆ
192 3561 243 3613 ὲν
280 3566 337 3634 τῇ
381 3563 683 3635 παραδόσει
715 3567 813 3635 τῆς
848 3565 1089 3628 Πίστεως
1128 3564 1511 3635 δεδιδάγμεθαο

31 3644 72 3695 τὸ
100 3646 143 3700 δε
180 3651 377 3721 Πνεῦμα
415 3654 515 3724 τῆς
570 3652 827 3724 ἀληθείας
858 3655 920 3706 ἐκ
966 3653 1062 3707 τοῦ
1104 3654 1314 3725 Πατρὸς
1356 3656 1518 3709 ἐκπο-

33 3738 212 3804 ρεύεσθαι
242 3742 592 3815 διδαχθέντες,
643 3748 708 3798 ἐκ
739 3745 832 3798 τοῦ
876 3744 1008 3798 Θεοῦ
1052 3740 1190 3799 εἷναι
1231 3746 1517 3816 ὁμολογοῦ-

36 3841 100 3893 μεν
124 3831 367 3898 ἀκτίστως.
424 3834 869 3906 ’Λναθεματίζειν
898 3836 953 3888 δὲ
992 3836 1085 3888 καὶ
1122 3837 1248 3900 τοῦς
1273 3836 1514 3908 λειτουρ-

33 3917 135 3979 τυιδν
174 3918 402 3989 λέγοντας
445 3926 509 3979 τὺ
559 3925 785 3996 Πνεῦμα
830 3925 890 3979 τὸ
940 3926 1127 3994 ἆγιον,
1176 3926 1250 3989 ὡς
1294 3926 1381 3980 διὰ
1416 3930 1516 3998 τῆς

32 4009 157 4078 φωνῆς
193 4013 372 4086 ταύτης
400 4018 482 4081 είς
532 4017 633 4089 τὴν
688 4016 782 4070 τοῦ
832 4017 1133 4089 κτίσματος.
1176 4018 1516 4087 κατάγοντας

34 4100 151 4164 τάξιν.
179 4106 247 4158 Τὰ
269 4107 367 4178 γὰρ
400 4109 751 4180 λειτουργικὰ
778 4108 1063 4178 πνεύματα
1090 4108 1364 4180 κτίσματα
1384 4112 1515 4181 ἡμῖν

34 4189 56 4255 ‘l
80 4191 220 4267 Γριφὴ
247 4200 575 4270 παρέδωκεν,
609 4199 856 4262 εἰποῦσα,
889 4200 970 4253 ὅτι
996 4198 1221 4265 Πάντες
1250 4201 1366 4254 εἰσὶ
1398 4204 1516 4255 λει-

37 4287 236 4353 τουργικὰ
275 4293 580 4362 πνεύματα
634 4294 722 4359 εἰς
777 4291 1090 4345 διακονίαν
1142 4293 1512 4347 ἀποστελλό-

32 4385 145 4433 μενα.
172 4378 257 4471 Διά
292 4380 345 4434 δὲ
374 4384 501 4447 τοὺς
530 4384 706 4451 πάντα
736 4383 1023 4455 φύροντας,
1070 4384 1164 4437 καὶ
1205 4385 1279 4457 μὴ
1307 4385 1512 4454 φυλάσ-
1542 4417 1588 4471 D

39 4472 165 4528 σθντας
187 4468 272 4540 τὴν
306 4472 360 4525 ὲν
388 4475 503 4538 τοῖς
536 4472 884 4543 Εὐαγγελίοις
927 4473 1291 4539 διδασκαλίαν,
1342 4475 1511 4543 ἀναγ-
1543 4468 1557 4527 ἶ

38 4551 135 4605 alii;
156 4557 249 4611 ἐστι
271 4562 358 4614 καὶ
388 4563 548 4616 τοῦτο
575 4562 1113 4633 προσδιαστείλασθαι
1143 4587 1160 4604 ο
1183 4564 1263 4616 ὅτι
1294 4563 1512 4633 φεύγειν

36 4634 86 4690 δεῖ
108 4645 178 4697 ul
212 4651 322 4714 τοὺς
345 4653 441 4725 τὴν
487 4653 807 4708 ἀκολουθίαν
855 4655 921 4725 ἢν
960 4653 1276 4725 παρέδωκεν
1321 4656 1449 4725 ἡμῖν
1481 4656 1511 4707 δ

37 4728 177 4800 Κύριος
213 4741 601 4814 ιναμεισοντας,
650 4747 723 4811 ὡς
771 4746 1018 4817 φανερῶς
1067 4747 1403 4817 μαχομένους
1444 4749 1510 4819 τῇ

38 4819 212 4899 εὖτεδείᾳ
235 4830 369 4904 (61)·
404 4838 499 4890 καὶ
542 4836 669 4891 Υίδν
708 4837 806 4907 μὲν
842 4836 1242 4908 προτάσσοντας
1282 4836 1373 4890 τοῦ
1404 4838 1514 4890 Πα-

36 4912 134 4981 τρδςν
173 4920 282 4978 Υίοῦ
327 4926 381 4982 δὲ
428 4929 489 4983 τὸ
540 4927 761 5000 Πνεῦμα
810 4928 872 4982 τὸ
926 4929 1077 4997 ἅγιον
1141 4927 1510 4999 προτιθέντας.

45 5001 247 5081 hqu
266 5025 367 5091 γὰρ
402 5022 498 5076 καὶ
537 5021 1006 5093 ἀπαρεγχείρητον
1031 5019 1322 5089 φυλάσσειν
1348 5038 1513 5092 προσι

37 5093 117 5160 ἥκει
143 5104 220 5176 τὴν
247 5110 573 5181 ἀκολουθίαν,
603 5115 672 5187 ην
715 5114 774 5180 ἐξ
820 5115 989 5186 αὐτῆς
1020 5113 1116 5169 τοῦ
1155 5114 1361 5186 Κυρίου
1412 5114 1513 5187 τῆς

37 5191 161 5263 Ῥδηῆς
189 5203 564 5279 παρελάϐομεν,
609 5208 855 5274 εἰπόντος
875 5225 888 5239 ·
940 5207 1359 5277 Πορευθέντες,
1394 5224 1509 5277 μα-

86 5388 165 5425 ¹’·¹¹
187 5394 329 5458 Hebr.
369 5420 408 5471 ι,
433 5406 519 5463 ﬂ.

79 5570 163 5660 βξ)
184 5578 553 5660 ,Ἀπέσκηψεκ
584 5588 751 5646 Coisl.
784 5599 1013 5660 uterque
1041 5599 1095 5644 et
1126 5603 1269 5644 unus
1302 5601 1367 5643 ex
1398 5585 1504 5643 Re-

43 5646 396 5724 “iirvémisv.

86 5714 167 5784 (θθ)
197 5714 633 5788 Ἑάᾶνετεινατο.
668 5729 838 5785 Coisl.
860 5729 1071 5798 primus
1105 5729 1495 5785 ἐπανετείνετο.

1618 3190 1829 3260 plorato
1878 3199 1933 3245 et
1992 3192 2130 3246 citra
2187 3194 2620 3248 controversiam
2680 3206 2936 3252 manente
3005 3199 3180 3267 (nam

1618 3282 1925 3338 necessaria
1973 3291 2058 3339 est
2090 3284 2160 3338 ob
2209 3283 2575 3354 sycophantas
2615 3285 2957 3357 observatio)
3004 3303 3183 3357 neque

1617 3373 1915 3445 ingenitum
1956 3374 2064 3429 dici
2103 3390 2134 3428 a
2182 3375 2341 3431 nobis
2398 3374 2660 3445 Spiritum
2692 3391 2813 3430 sam
2829 3386 3179 3445 tum;unum

1615 3467 1761 3522 enim
1815 3467 2067 3523 novimus
2102 3468 2403 3537 ingenitum
2425 3507 2439 3530 ,
2468 3475 2522 3522 et
2558 3483 2727 3522 unum
2784 3484 2966 3524 rerum
3029 3473 3183 3541 prin-

1617 3558 1818 3628 cipium
1841 3597 1858 3622 ,
1906 3557 2120 3637 Patrem
2157 3558 2370 3612 Domini
2419 3558 2594 3637 nostri
2635 3557 2766 3614 Jesu
2808 3560 3012 3617 Christi
3043 3581 3056 3617 :
3090 3578 3183 3618 ne-

1616 3638 1734 3719 que~
1776 3636 2055 3722 genitiim;
2102 3667 2273 3706 unum
2323 3651 2470 3705 enim
2521 3636 2645 3707 esSe
2698 3654 3073 3723 unigenitum,
3124 3656 3180 3711 in

1620 3738 1745 3794 ﬁdei
1781 3740 2073 3795 traditione
2118 3741 2460 3796 didicimus:
2508 3739 2772 3812 Spiritum
2810 3753 2988 3797 autem
3041 3746 3183 3800 veri-

1619 3831 1747 3884 tatis
1772 3845 1841 3885 ex
1868 3828 2030 3886 Patro
2059 3832 2359 3901 procedere
2386 3833 2565 3888 edocti
2584 3875 2599 3899 ,
2630 3848 2696 3888 ex
2741 3832 2853 3889 Deo
2887 3850 3009 3890 esse
3043 3852 3179 3890 con-

1616 3924 1834 3976 ﬁtemur
1898 3922 2037 3977 citra
2094 3924 2451 3979 creationem.
2506 3925 2778 3981 Praeterea
2836 3928 3182 3984 anathemate

1617 4015 1877 4083 feriendi,
1920 4018 2012 4089 qui
2069 4017 2594 4074 administratorium
2657 4020 2848 4075 dicunt
2912 4020 3179 4093 Spiritum

1615 4118 1899 4173 sanctum,
1946 4119 2006 4166 ut
2055 4112 2147 4182 qui
2203 4112 2356 4165 illum
2412 4113 2467 4166 in
2516 4123 2894 4169 creaturarum
2929 4115 3178 4172 ordinem

1617 4201 1717 4255 hac
1759 4217 1894 4258 voce
1942 4203 2254 4258 detrudam.
2288 4201 2422 4256 Nam
2474 4203 2973 4261 administratorios
3012 4205 3179 4277 spiri-

1615 4301 1704 4348 tus
1763 4302 2044 4349 creaturas
2080 4309 2201 4351 esse
2250 4295 2409 4350 nobis
2462 4295 2686 4351 tradidit
2729 4294 3049 4365 Scriptura,
3083 4298 3178 4353 ubi

1615 4382 1803 4437 dicit:
1863 4382 2054 4438 0mm:
2105 4394 2230 4438 sunt
2287 4384 2733 4440 administratorii
2801 4388 3063 4455 spiritus,
3123 4394 3180 4443 in

1617 4471 1967 4526 ministerium
1992 4473 2140 4527 missi
2159 4473 2297 4529 “'".
2314 4472 2555 4545 Denique
2571 4483 2792 4545 propter
2819 4489 2914 4530 eos
2934 4476 3026 4544 qui
3056 4490 3176 4529 oni-

1616 4563 1705 4616 nia
1734 4564 2096 4633 permiscent,
2136 4581 2238 4621 nec
2272 4564 2579 4620 doctrinam
2610 4565 2665 4620 in
2707 4564 3017 4636 Evangeliis
3046 4568 3179 4621 reli-

1615 4664 1757 4709 ctam
1810 4656 1970 4726 217
2011 4657 2359 4724 custodiunt,
2400 4673 2627 4714 necesse
2663 4666 2746 4713 est
2799 4657 2903 4714 hoc
2957 4675 3181 4729 quoque

1616 4744 1919 4813 declarare,
1953 4763 2048 4803 eos
2069 4750 2232 4803 etiam
2276 4750 2369 4819 qui
2401 4749 2645 4803 ordinem
2685 4749 2846 4806 nobis
2886 4765 2917 4804 a
2944 4749 3181 4806 Domino

1617 4837 1881 4892 traditum
1942 4840 2252 4906 invertunt,
2310 4853 2364 4896 et
2405 4840 2600 4896 Filium
2650 4849 2777 4897 ante
2830 4841 3088 4907 Patrem,
3127 4852 3180 4898 et

1619 4927 1882 5000 Spiritum
1912 4940 2158 4987 sanctum
2187 4942 2312 4988 ante
2353 4931 2550 4988 Filium
2600 4932 2910 5002 collocant,
2958 4932 3179 5004 fugien-

1617 5022 1720 5079 dos
1765 5037 1925 5089 esse,
1969 5032 2031 5079 ut
2075 5026 2171 5096 qui
2222 5035 2412 5097 aperte
2466 5041 2589 5082 cum
2645 5024 2849 5097 pietate
2909 5034 3174 5098 pugnent.

1615 5111 1879 5172 Immotus
1915 5115 2061 5171 enim
2102 5123 2156 5171 et
2200 5116 2531 5173 inviolabilis
2576 5116 2969 5173 custodiendus
2998 5115 3134 5173 ordo
3158 5157 3175 5185 ,

1615 5222 1779 5279 quem
1805 5222 1872 5264 ex
1918 5207 2037 5279 ipsa
2087 5206 2300 5266 Domini
2343 5222 2478 5265 voce
2508 5208 2782 5287 traditum
2814 5208 3133 5281 accepimus
3156 5246 3174 5276 ,

1611 5659 1640 5712 θ
1678 5588 1792 5712 ἔθι)
1830 5588 1905 5659 Τῇ
1929 5590 2222 5656 evocato.
2254 5590 2334 5645 Ita
2371 5603 2567 5646 novem
2599 5593 2736 5645 mas.
2778 5584 2921 5643 Editi
2956 5584 3174 5658 τῇἀλη-

1645 5677 1668 5712 ε
1698 5676 1750 5712 α.

1645 5676 1750 5714 εια.
