3738 6488
57 316 133 376 535
906 300 1393 358 msromauu
1430 301 1531 359 CL:

1705 302 1801 359 ιιι.
1843 301 2059 382 ειηειή.
2099 300 2254 358 CXL.

3099 304 3203 365 586

102 437 143 491 ὅ.
170 432 218 485 El
241 428 328 499 μὲν
351 420 441 481 οὗν
467 419 537 495 ἦν
569 420 788 477 δυνατὸν
818 420 982 476 αὐτόν
1013 426 1079 493 μὲ
1115 421 1531 492 παραγενέσθαι,

1715 423 1876 493 232
1923 422 1976 477 5.
2022 419 2178 488 Quod
2234 421 2285 477 si
2331 419 2449 477 ﬁeri
2500 429 2709 493 posset,
2754 428 2815 478 ut
2854 421 2921 478 ad
2959 437 3057 480 vos
3086 423 3204 495 ipse

51 527 164 583 οὐδὲν
182 523 238 578 ἂν
260 518 589 591 προετίμησα
617 516 714 587 τῆς
743 515 1031 586 συντυχίας
1063 515 1216 586 ὑμῶν
1235 532 1248 546 ’
1282 514 1421 570 ὥστε
1448 516 1539 571 καὶ

53 620 146 672 lisiv
163 616 270 677 τοὺς
292 611 521 683 ἀθλητάς
550 608 641 664 τοῦ
666 608 904 681 Χριστοῦ
926 650 941 674 ,
966 610 1060 663 καὶ
1084 608 1536 681 περιπτύξασθαι,

52 710 117 765 καὶ
139 705 424 775 κοινωνῆσαι
464 702 576 756 τῶν
604 700 922 773 προσευχῶν
960 702 1054 755 καὶ
1096 701 1205 755 τῶν
1241 718 1540 775 πνευματι-

51 800 129 855 κῶν
158 801 205 851 ὲν
244 796 363 865 ύμῖν
404 792 793 864 χαρισμάτων·
834 791 1020 863 ἐπειδὴ
1066 792 1123 847 δὲ
1158 792 1221 846 τὸ
1255 792 1412 863 σῶμά
1447 810 1538 864 μοι

48 888 182 943 λοιπὸν
216 886 311 940 ὑπὸ
353 883 572 955 χρονίας
622 883 777 936 νόσου
832 882 1206 937 κατανάλωται
1230 924 1246 945 ,
1292 884 1369 949 ὡς
1404 885 1537 957 μηδὲ

48 980 223 1049 subi;
270 976 448 1045 κλίνης
481 974 741 1028 δύνασθαί
798 991 865 1045 με
910 974 1293 1040 καταϐαίνειν,
1344 975 1438 1029 καὶ⁵
1486 976 1536 1030 οἱ

48 1070 350 1143 ἐφεδρεύοντες
392 1070 522 1139 ἡμῖν
555 1067 777 1131 πολλοὶ,
810 1068 886 1131 ὡς
929 1066 1081 1122 λύκοι
1111 1068 1384 1141 ἅρπαγες,
1415 1070 1536 1123 ἔπι-

46 1161 267 1233 τηροῦντες
286 1157 489 1229 καιρὸν,
516 1158 650 1212 πότε
684 1157 954 1229 δυνηθῶσι
991 1158 1288 1229 διαρπάσαι
1314 1160 1382 1211 τά
1406 1159 1538 1231 πρό-

47 1256 145 1307 θιτα
186 1251 264 1305 τοῦ
310 1249 543 1323 Χριστοῦ
572 1290 588 1313 ,
642 1250 959 1320 ἀναγκαίως
1013 1250 1106 1303 ἐπὶ
1159 1251 1260 1323 τὴν
1304 1250 1395 1305 διὰ
1440 1250 1534 1305 τοῦ

46 1348 295 1417 γράμματος
317 1344 607 1413 ἐπίσκεψιν
650 1338 813 1414 ἦλθον
837 1360 851 1374 ο
895 1342 1228 1415 παρακαλῶν
1262 1361 1535 1421 προηγου-

49 1439 171 1507 μένως
206 1436 292 1506 μὲν
335 1436 575 1498 ἐκτενεῖς
609 1434 709 1497 τὰς
747 1433 889 1506 ὑπὲρ
920 1433 1054 1505 ἐμοῦ
1090 1433 1362 1489 ποιεῖσθαι
1393 1436 1537 1507 ὑμᾶς

44 1527 219 1597 δεήσεις,
257 1527 335 1580 ἵνα
377 1524 702 1590 καταξιωθῶ
731 1526 829 1590 τὰς
876 1525 1004 1595 γοῦν
1037 1525 1363 1597 λειπομένας
1398 1527 1538 1598 ἠμέ-

46 1637 112 1690 ρας
143 1619 169 1688 ἢ
194 1618 325 1688 ὥρας
353 1615 639 1672 δουλεῦσαι.
675 1615 753 1687 τῷ
797 1616 989 1689 Κυρίῳ
1020 1617 1161 1670 κατά
1206 1617 1269 1671 τὸ
1297 1618 1536 1687 Εὐαγγέ-

1640 513 2038 583 proliciscerer,
2072 511 2209 568 nihil
2243 513 2603 584 praetulissem
2647 515 2968 587 congressui
2995 525 3201 582 vestro,

1639 613 1699 661 ut
1728 615 1782 661 et
1818 605 2037 684 Christi
2062 607 2298 662 athletas
2335 605 2577 663 viderem
2617 608 3101 680 amplectererque,
3148 617 3203 663 et

1636 713 1882 769 precum,
1929 713 1994 753 ac
2036 698 2303 754 donorum
2345 699 2735 770 spiritualium,
2781 716 2902 771 qua:
2944 700 3000 755 in
3048 701 3203 757 vobis

1638 799 1786 858 sunt,
1838 791 2112 863 particeps
2176 792 2382 849 ﬁerem.
2446 791 2552 848 Sed
2608 793 2735 863 quia
2780 788 2980 864 corpus
3020 810 3200 850 meum

1631 881 1746 952 jam
1792 882 2055 937 diuturno
2091 883 2283 938 morbo
2327 881 2639 939 confectum
2681 893 2785 948 est,
2836 883 2972 939 adeo
3026 892 3085 939 ut
3131 899 3202 940 ne

1635 985 1668 1026 e
1710 971 1854 1027 let-to
1894 972 2112 1043 quidem
2143 974 2348 1044 possim
2384 973 2759 1038 descendere;
2804 980 2859 1029 et
2890 975 3016 1044 quia
3046 977 3203 1033 multi

1636 1064 1796 1121 nobis
1840 1064 2196 1130 insidiantur,
2227 1067 2403 1121 instar
2431 1067 2680 1137 luporum
2710 1069 3013 1138 rapacium,
3040 1084 3203 1125 occa-

1637 1155 1847 1210 sionem
1896 1156 2267 1221 observantes,
2317 1158 2365 1213 si
2419 1158 2637 1229 quando
2693 1158 2899 1215 Christi
2948 1174 3078 1214 oves
3114 1174 3204 1213 ra-

1636 1262 1765 1318 pere
1809 1248 2043 1317 possint,
2088 1240 2397 1306 nécessario
2432 1265 2531 1306 vos
2581 1266 2677 1321 per
2715 1251 2924 1307 litteras
2968 1252 3203 1309 invisere

1635 1340 1893 1396 constitui
1951 1359 1965 1396 :
2023 1342 2322 1398 adhortans
2368 1358 2486 1405 vos.
2545 1344 2780 1413 primum
2837 1345 3094 1415 quidem,
3142 1354 3203 1400 ut

1634 1430 1843 1486 intente
1870 1433 2168 1503 precemini
2218 1449 2318 1505 pro
2354 1450 2463 1496 me,
2491 1442 2550 1488 ut
2579 1424 2791 1505 dignus
2816 1434 2962 1495 liam.
2989 1434 3083 1505 qui
3116 1450 3202 1491 re-

1635 1522 1815 1593 liquos
1858 1526 2048 1580 saltem
2091 1524 2210 1582 dies
2259 1533 2353 1580 aut
2386 1526 2566 1582 'boras
2610 1525 2839 1582 Domino
2893 1526 3198 1583 secundum

1634 1612 1791 1683 regni
1825 1612 2179 1685 Evangelium
2211 1617 2444 1672 serviam
2481 1635 2498 1684 ;
2534 1617 2733 1674 deinde
2763 1633 2898 1673 vero
2936 1628 2997 1701 ut
3033 1620 3200 1674 etiam

43 1709 118 1762 λιον
139 1708 218 1779 τῆς
243 1706 509 1778 βασιλείας
529 1726 543 1738 ’
561 1706 755 1762 ἔπειτα
777 1708 871 1762 καὶ
905 1706 1233 1779 συγγνώμην
1260 1707 1404 1781 ἔχειν
1430 1726 1531 1781 μου

1705 1708 1932 1763 ιοεριιιίε
1976 1707 2257 1764 ιιιιεειιιιαγ
2283 1725 2419 1766 mea:
2453 1717 2507 1767 et
2545 1710 2674 1765 huic
2721 1710 3029 1766 litterarum
3062 1711 3202 1766 dila~

41 1776 332 1870 εῇάπολείψει
359 1800 453 1853 καὶ
489 1802 557 1872 τῇ
591 1800 880 1872 βραδυτῆτι
917 1801 1088 1874 ταύτῃ
1268 1776 1531 1873 γραμμά-

1705 1798 1767 1854 ιιιί
1812 1814 1876 1854 ac
1907 1816 2093 1856 morae.
2126 1801 2227 1856 Vix
2273 1802 2417 1857 enim
2445 1802 2660 1873 copiam
2695 1802 2987 1858 habuimus
3021 1802 3202 1861 homi-

42 1908 126 1945 των.
147 1891 288 1955 Μόλις
322 1891 428 1963 γὰρ
462 1893 860 1964 ηὐπορήσαμεν
889 1892 1177 1965 ἀνθρώπου
1196 1935 1212 1957 ,
1244 1892 1338 1947 τοῦ
1371 1893 1531 1947 δυνα-

43 1984 153 2052 μένου
180 1983 683 2061 ὲξυπηρετήσασθαι-
699 1984 859 2057 ήμῶν
885 1988 950 2057 τῇ
977 1987 1263 2058 ἐπιθυμίᾳ.
1287 1986 1532 2057 Λέγομεν

39 2075 160 2129 ea»
195 2076 294 2129 υίδν
335 2076 495 2149 ἡμῶν
552 2078 810 2147 Εύγὲνιον
861 2078 952 2131 τὸν
1006 2078 1337 2150 μονάζοντα’
1373 2079 1441 2132 δι’
1471 2072 1531 2133 οὗ

40 2168 264 2238 παρακαλῶ
293 2169 553 2235 εὔξασθαι
579 2172 718 2244 ὑπὲρ
747 2170 905 2243 ἡμῶν
937 2173 1031 2226 καὶ
1057 2174 1158 2244 τῆς
1207 2170 1531 2242 Ἐκκλησίας

38 2261 191 2333 πάσης.
221 2263 307 2317 καὶ
350 2263 687 2335 ἀντιγράψαι
739 2265 874 2336 ¹ημῖν
918 2264 989 2319 τά
1036 2265 1165 2335 περὶ
1198 2264 1352 2336 ὑμῶν
1375 2304 1392 2325 .
1442 2264 1529 2317 ἵνα

38 2352 193 2420 γνόντες
216 2352 574 2427 εὐθυμότερον
605 2353 961 2425 διατεθῶμεν.

470 2511 822 2566 ΕΠΙΣΤΟΛΗ
856 2512 993 2566 PM'.

38 2624 272 2676 Antiochus
313 2621 531 2675 Basilius
564 2623 625 2675 ob
659 2636 687 2674 c

1634 1893 1755 1959 nis,
1785 1893 1878 1963 qui
1922 1904 2114 1950 nostro
2161 1894 2436 1950 desiderio
2468 1906 2654 1966 posset
2698 1895 3029 1951 subservire.
3068 1894 3201 1951 Dico

1633 1993 1812 2039 autem
1860 1984 2032 2040 hlium
2074 1994 2324 2043 nostrum
2363 1986 2665 2058 Eugenium
2718 1985 3066 2050 monachum,
3102 2000 3200 2058 per

1629 2090 1791 2145 quem
1821 2074 2054 2132 obsecro
2077 2092 2196 2140 vos,
2228 2084 2287 2132 ut
2310 2092 2410 2147 pro
2440 2077 2599 2134 nobis
2634 2092 2698 2132 ac
2732 2078 2984 2133 universa
3019 2075 3200 2132 Eccle-

1628 2171 1711 2227 sia
1746 2171 1937 2239 oretis,
1983 2186 2049 2228 ac
2094 2171 2258 2230 nobis
2306 2172 2625 2230 rescribatis
2660 2171 2730 2229 de
2775 2171 2941 2228 rebus
2973 2171 3198 2233 vestris.

1626 2277 1689 2320 ιιι
1721 2265 1808 2321 bis
1844 2265 2085 2337 cognitis
2116 2266 2354 2322 laetiores
2383 2265 2704 2322 elliciamur.

2135 2507 2472 2564 EPlS'l‘OLA
2509 2506 2689 2577 ch-.

687 2622 883 2688 orposis
909 2620 1222 2688 debilitatem
1256 2619 1483 2688 invisere
1501 2634 1598 2672 non
1639 2628 1793 2688 potest
1811 2661 1826 2683 ,
1852 2624 1939 2674 sed
1964 2638 2065 2688 _eos
2109 2637 2198 2688 per
2223 2623 2406 2688 litteras
2445 2621 2495 2676 in
2515 2623 2749 2688 (primis
2771 2624 3047 2675 consolatur
3068 2633 3113 2678 et
3131 2629 3196 2676 ad

74 2685 557 2757 animianjiortatur.
603 2681 814 2749 Appoiu't
847 2684 995 2750 ﬁdem
1032 2687 1078 2736 N
1087 2681 1316 2746 icamam,
1340 2682 1508 2736 mentis
1548 2681 1652 2735 sua?
1689 2681 1820 2747 {etus
1862 2686 2057 2738 tradere
2093 2681 2189 2736 non
2211 2685 2431 2749 audens;
2467 2685 2700 2751 additque
2737 2688 3199 2740 Pnaumatomachos

75 2747 519 2799 Mmmicandos.

333 2853 412 2923 Τῇ
459 2852 808 2922 Ἀντιοχέων
837 2853 1177 2921 Ἐκκλησίᾳ.

84 2948 117 3000 l.
138 2948 215 3016 Τίς
226 2946 389 3001 δώσει
409 2964 507 3014 μοι
526 2947 843 3017 πτέρυγας,
862 2945 1003 2999 ὡσεί
1021 2943 1406 3015 περιστερᾶς-ς
1431 2945 1530 2999 καὶ

2090 2852 2341 2909 Ecclesia:
2389 2854 2744 2910 Antiocheam.

1705 2948 1759 3003 1.
1813 2946 1944 3015 Quis
1990 2946 2136 3001 dabit
2180 2948 2309 3001 milii
2341 2946 2484 3012 alas,
2516 2948 2652 3002 sicut
2692 2947 2991 3003 columba?
3017 2957 3069 3004 et
3108 2965 3198 3005 vo—

39 3041 403 3111 σεται-θήσομαι
437 3039 556 3112 (77)
588 3040 725 3112 πρὸς
758 3041 934 3111 ὑμᾶς,
963 3040 1057 3093 καὶ
1085 3039 1421 3093 καταπαύσω
1440 3038 1531 3091 τὸν

1705 3041 1755 3095 ιο
1777 3041 1823 3072 ’⁸
1843 3041 1910 3095 ad
1939 3055 2058 3105 vos,
2084 3054 2151 3097 ac
2178 3040 2406 3112 explebo
2431 3036 2609 3097 meum
2643 3039 3032 3114 congrediendi
3060 3057 3186 3097 cum

39 3132 150 3185 πύθην
183 3134 233 3188 θν
273 3134 375 3206 ἔχω
410 3135 507 3190 ἐπὶ
548 3136 615 3205 τῇ
665 3132 921 3203 συντυχίᾳ.
957 3132 1055 3203 τῆς
1094 3130 1366 3202 ὑμετέρας
1394 3129 1530 3198 ἀγά-

39 3240 125 3295 πης.
148 3227 258 3281 Νυνὶ
290 3228 345 3282 δὲ
365 3229 487 3300 οὐχὶ
518 3223 807 3298 πτερύγων
830 3223 1025 3288 ἐνδεῶς
1050 3223 1158 3296 ἔχω
1187 3224 1365 3295 μόνον,
1395 3221 1529 3277 ἀλλὰ

38 3316 247 3370 aldina
277 3316 363 3371 τοῦ
393 3316 674 3388 σώματος,
714 3314 880 3369 πάλαι
922 3315 1019 3385 μέν
1059 3331 1149 3385 μοι
1181 3314 1285 3367 ὑπὸ
1316 3312 1531 3385 μακρᾶς

39 3410 99 3479 τῆς
123 3409 392 3480 ἀρῤωστίας
424 3407 832 3480 πεπονηκότος,
889 3406 983 3459 νῦν
1020 3407 1077 3460 δὲ
1124 3405 1228 3460 ὑπὸ
1255 3405 1362 3459 τῶν
1402 3422 1529 3458 συν-

38 3500 129 3568 εχῶν
166 3501 373 3573 θλίψεων
426 3499 714 3574 παντελῶς
773 3499 1252 3571 συντετριμμένου,
1283 3498 1377 3561 Τίς
1421 3496 1531 3571 γάρ

38 3592 153 3658 (οὕτως
184 3595 534 3668 ἀδαμάντινος
568 3596 668 3667 τὴν
702 3590 916 3666 ψυχὴν,
951 3593 1035 3658 τίς
1072 3591 1215 3646 οὕτω
1252 3590 1530 3657 παντελῶς

38 3683 289 3762 ἀσυμπαθὴς
319 3690 413 3743 καὶ
467 3690 782 3762 ἀνήμερος,
818 3687 894 3750 ὼς
921 3687 1133 3740 ἀκούων
1176 3685 1269 3739 τοῦ
1322 3701 1528 3739 παντα-

37 3778 141 3845 χόθεν
164 3783 290 3852 ἡμᾶς
312 3783 422 3854 (78)
452 3780 890 3854 προσϐάλλοντος
923 3777 1250 3850 στεναγμοῦ,
1281 3774 1392 3832 οἷον
1422 3775 1529 3831 ἀπό

35 3888 133 3936 τινος
153 3875 288 3947 χοροῦ
317 3873 601 3948 κατηφοῦς
649 3872 825 3927 κοινόν
872 3888 993 3924 τινα
1024 3870 1221 3941 θρῆνον
1254 3870 1346 3924 καί
1395 3867 1531 3938 σύμ-

37 3976 157 4028 φωνον
198 3966 623 4038 πφσηχοῦντος,
668 3964 744 4035 μὴ
794 3962 916 4034 οὐχι
951 3962 1142 4015 παθεῖν
1186 3961 1286 4033 τὴν
1328 3959 1527 4033 ψυχὴν,

37 4054 98 4105 mi
134 4058 569 4130 κατακαμφθῆναι
628 4056 709 4119 είς
757 4057 862 4126 γῆν
885 4095 900 4116 ,
940 4054 1035 4107 καὶ
1071 4056 1193 4117 ταῖς
1228 4053 1529 4125 ἀμηχάνοις

35 4143 195 4210 ταύταις
219 4150 504 4219 μερίμναις
543 4144 817 4208 παντελῶς
855 4145 1185 4215 ὲκτακῆναις
1245 4141 1403 4196 Ἀλλὰ
1441 4141 1531 4195 δυ·

37 4235 144 4300 νατὺς
178 4241 204 4293 ὁ
245 4240 391 4309 ἅγιος
423 4237 561 4301 Θεὸς
592 4236 775 4291 δοῦναί
820 4252 944 4291 τινα
976 4234 1129 4288 λύσιν
1165 4233 1274 4287 τῶν
1309 4231 1527 4305 ἀμηχά-

37 4342 130 4395 νων,
156 4331 235 4386 καὶ
273 4330 600 4406 χαρίσασθαι
635 4332 767 4401 ἡμῖν
797 4346 917 4382 τινα
946 4326 1055 4381 τῶν
1090 4325 1315 4399 μακρῶν
1352 4326 1530 4379 πόνων

1632 3141 1818 3188 vestra
1848 3132 2121 3188 charitate
2149 3132 2513 3189 desiderium.
2546 3131 2702 3188 Nunc
2752 3140 2935 3190 autem
2964 3149 3073 3190 non
3111 3150 3201 3191 so-

1630 3226 1740 3280 lum
1797 3224 1896 3279 alte
1930 3222 2061 3277 mihi
2109 3226 2332 3290 desunt,
2384 3223 2479 3278 sed
2528 3224 2706 3294 ipsum
2753 3223 2920 3278 etiam
2972 3240 3196 3297 corpus.

1628 3316 1838 3373 dudum
1902 3316 2121 3387 quidem
2184 3315 2316 3370 mihi
2372 3315 2532 3387 longa
2575 3315 2899 3386 aegritudine
2950 3315 3199 3372 debilita-

1629 3418 1767 3477 tum,
1806 3423 1953 3464 nunc
1994 3422 2125 3465 vero
2154 3407 2420 3464 molestiis
2460 3406 2742 3463 continuis
2778 3409 2998 3477 penitus
3041 3410 3200 3463 attri-

1630 3509 1769 3557 tum.
1813 3499 1949 3567 Quis
1994 3499 2141 3555 enim
2183 3498 2368 3553 animo
2418 3498 2493 3552 ita
2541 3497 2914 3563 adamantina,
2959 3499 3084 3569 quis
3124 3500 3197 3554 ita

1628 3592 2126 3650 commiserationis
2167 3592 2350 3647 omnis
2398 3604 2464 3645 ac
2507 3590 2948 3646 mansuetudinis
2977 3606 3196 3661 expers.

1629 3692 1690 3741 ιιι
1727 3685 1959 3740 audiens
1987 3684 2250 3756 gemitum
2279 3683 2521 3753 undique
2546 3697 2709 3738 aures
2732 3689 2954 3739 nostras
2987 3682 3191 3738 ferien-

1628 3787 1758 3845 tem,
1804 3779 1953 3833 velut
2007 3793 2076 3833 ex
2125 3775 2273 3832 tristi
2325 3760 2561 3846 quodam
2617 3775 2788 3832 choro
2853 3789 3197 3831 communem

1629 3869 1917 3942 quamdam
1942 3885 2004 3926 ac
2033 3883 2331 3925 consonam
2361 3867 2800 3924 lamentationem
2832 3868 3049 3933 edente,
3087 3883 3197 3923 non

1628 3965 1813 4020 animo
1851 3962 2051 4030 doleat,
2087 3978 2195 4018 non
2245 3961 2398 4018 humi
2445 3961 2785 4034 procumbat,
2814 3968 2868 4017 et
2896 3975 3004 4016 non
3045 3961 3201 4031 peni-

1629 4065 1720 4113 tus
1765 4056 2243 4113 inextricabilibus
2277 4055 2363 4111 his
2401 4055 2549 4111 curis
2578 4053 2863 4110 tabescat?
2909 4051 3016 4111 Sed
3053 4052 3199 4111 Deus

1628 4162 1854 4207 sanctus
1901 4156 2083 4221 potest
2117 4164 2219 4204 nos
2251 4163 2317 4204 ex
2363 4147 2432 4203 iis
2463 4162 2585 4219 quae
2623 4145 3020 4202 inextricabilia
3067 4146 3200 4203 aunt

1628 4243 1861 4304 solvere.
1912 4252 1968 4298 et
2016 4242 2254 4312 aliquam
2304 4240 2465 4296 nobis
2516 4256 2581 4295 ex
2634 4238 2863 4296 diutinis
2916 4238 3199 4295 laboribus

1628 4336 2047 4407 respirationem
2093 4333 2303 4404 largiri.
2365 4331 2547 4399 Quare
2606 4339 2662 4388 et
2710 4347 2810 4389 vos
2876 4331 3017 4388 idem
3074 4332 3200 4389 volo

39 4422 253 4499 ἀναπνοήν.
294 4428 453 4481 Ὥστε
499 4427 595 4481 καὶ
639 4426 785 4497 ὑμᾶς
833 4423 931 4496 τὴν
974 4422 1146 4482 αὐτὴν
1198 4420 1345 4492 ἔχειν
1394 4419 1529 4486 ἀξιῶ

1705 4430 1884 4483 latium
1934 4427 2157 4489 habere,
2210 4440 2276 4481 ac
2319 4441 2414 4495 spe
2461 4424 2856 4481 consolationis
2898 4424 3199 4497 gaudentes

38 4518 335 4589 υράκλησιν,
362 4522 461 4576 καὶ
506 4521 572 4590 τῇ
621 4518 795 4572 ἐλπίδι
840 4519 940 4589 τῆς
974 4512 1370 4588 παρακλήσεως
1409 4512 1529 4585 χαί-

42 4622 172 4674 ροντας
193 4612 323 4682 ὑμᾶς
353 4613 415 4665 τὸ
452 4611 630 4683 παρὸν
676 4609 925 4678 ἀλγεινὸν
956 4607 1066 4661 τῶν
1114 4605 1348 4675 θλίψεων
1396 4604 1529 4658 ὑπο-

42 4697 184 4759 μένειν.
210 4703 321 4757 Εἴτε
356 4703 467 4775 γὰρ
497 4702 909 4775 ἁμαρτημάτων
954 4699 1319 4768 άποτίννυμεν
1350 4696 1528 4759 δίκας,

41 4788 165 4845 ἱκαναὶ
190 4796 239 4847 al
277 4796 538 4866 μάστιγες
564 4795 699 4867 πρὸς
733 4791 1063 4867 παραίτησιν
1085 4790 1196 4863 (79)
1218 4789 1406 4844 λοιπὸν
1431 4790 1530 4861 τῆς

39 4879 92 4947 ἐφ’
125 4885 232 4953 ἡμῖν
258 4886 421 4959 ὀργῆς
467 4884 565 4940 τοῦ
611 4882 746 4939 Θεοῦ
770 4900 785 4917 ⁸
833 4885 942 4937 εἴτε
982 4884 1063 4948 εἰς
1103 4883 1231 4946 τοὺς
1263 4881 1403 4954 ὑπὲρ
1430 4882 1529 4952 τῆς

40 4970 245 5040 εὐσεϐείας
276 4978 494 5048 ἀγῶνας
543 4976 631 5032 διά
666 4975 780 5030 τῶν
828 4974 1150 5048 πειρασμῶν
1189 4973 1396 5028 τούτων
1445 4966 1547 5027 κεέ

39 5061 221 5135 litato:
252 5070 394 5138 (80),
430 5070 641 5134 δίκαιος
671 5071 701 5123 ὀ
728 5067 1022 5141 ἀθλοθέτης
1076 5068 1150 5140 μὴ
1193 5068 1349 5121 ἐᾶσαι
1382 5066 1531 5137 ἡμᾶς

39 5158 317 5231 πειρασθῆναι
347 5164 489 5234 ὑπὲρ
525 5162 556 5216 ὃ
596 5161 872 5232 δυνάμεθα
914 5154 1266 5230 ὑπενεγκεῖνσ
1295 5158 1410 5212 ἀλλ’
1437 5156 1531 5212 ἐπὶ

40 5247 112 5309 τοῖς
138 5256 614 5327 προπεπονημένοις
640 5253 931 5309 ἀποδοῦναι
971 5254 1106 5324 ἡμῖν
1132 5251 1223 5306 τὸν
1267 5252 1368 5322 τῆς
1399 5249 1532 5304 ὑπο-

83 5359 116 5390 ¹⁸
143 5361 259 5420 Psal.
282 5382 389 5434 ιιν,
424 5368 477 5425 7.

86 5450 170 5535 (Π)
189 5459 652 5535 ιζετασθήσομαι,
688 5459 845 5516 Unus
867 5458 1067 5533 Regius
1096 5459 1267 5520 codex
1304 5473 1335 5514 ιι
1366 5457 1530 5515 Com-

42 5590 170 5727 ἡέῖζδ)
199 5590 417 5669 Ἦμᾶς.’
446 5600 575 5675 Reg.
623 5590 901 5658 secundus
931 5606 987 5657 et
1033 5600 1199 5658 Coisl.
1250 5590 1530 5657 secundus

88 5730 333 5809 (Μηρὸς
362 5745 740 5813 παραίτησιν.
783 5742 860 5797 Ita
895 5758 987 5799 ses
1035 5758 1169 5804 mss.
1205 5742 1349 5799 Editi
1392 5741 1527 5813 πρὸς

285 5837 543 5900 Ριτιιοι.
585 5840 705 5900 Gn.
741 5837 1012 5901 XXXII.

1632 4527 1955 4592 praesentem
2017 4518 2372 4574 aﬂlictionum
2443 4517 2687 4572 dolorem
2756 4517 3015 4590 perferre.
3072 4515 3200 4572 Sive

1628 4612 1774 4667 enim
1827 4617 2175 4681 peccatorum
2218 4608 2484 4663 solvimus
2530 4621 2745 4678 plenas,
2794 4605 3069 4663 sumciunt
3098 4605 3191 4660 lla-

1629 4704 1768 4775 gella
1810 4702 1878 4757 ad
1922 4700 2269 4758 avertendam
2319 4700 2576 4770 deinceps
2619 4698 2716 4755 Dei
2765 4699 2822 4754 in
2866 4715 2970 4755 nos
3015 4700 3196 4766 iram;

1630 4796 1746 4850 sive
1777 4794 1841 4848 ad
1873 4793 2191 4851 sustinenda
2220 4807 2317 4864 pro
2351 4792 2553 4862 pietate
2582 4791 2883 4847 certamina
2910 4791 2995 4847 his
3021 4797 3199 4847 tenta-

1632 4883 1872 4940 tionihus
1911 4898 2194 4947 vocamur,
2235 4882 2423 4952 justus
2451 4889 2538 4936 est
2565 4880 2926 4936 certaminum
2969 4880 3195 4946 arbiter,

1630 4987 1692 5031 ut
1722 4990 1831 5031 non
1867 4975 2011 5031 sinat
2036 4973 2234 5030 tentari
2280 4987 2382 5028 nos
2423 4971 2565 5026 ultra
2604 4985 2768 5041 quam
2811 4968 2956 5026 ferre
3001 4985 3199 5041 possu—

1632 5082 1755 5123 mus
1781 5086 1796 5122 :
1822 5065 1917 5122 sed
1939 5065 2099 5123 nobis
2131 5064 2323 5121 reddat
2353 5077 2453 5136 pro
2475 5060 2720 5119 toleratis
2747 5061 2861 5131 jam
2892 5061 3195 5125 laboribus,

1631 5160 1908 5232 patientia:
1929 5169 1987 5217 et
2015 5159 2130 5231 spei
2163 5161 2220 5215 in
2249 5160 2430 5231 ipsum
2470 5164 2673 5213 nostra:
2699 5168 2981 5211 coronam.
3009 5154 3199 5224 itaque

1633 5268 1703 5308 ne
1732 5251 2113 5326 delatigemur,
2143 5249 2410 5308 obeundis
2435 5263 2537 5321 pro
2558 5247 2759 5320 pietate
2782 5245 3197 5313 certaminibus,

1633 5451 2207 5607 ῗῶῗτῖξζιίιήμξςαε
2238 5517 2333 5607 ξιίε
2375 5513 2607 5607 Βεὼρ
2633 5513 2805 5607 Cois}
2838 5514 3047 5586 primus
3074 5527 3200 5569 cum

1633 5584 1756 5650 aliis
1783 5584 2210 5663 quatuorigditi
2238 5585 2619 5663 βεϐαιούμεθα,
2648 5584 3034 5663 conﬁrmantur

1704 5668 1722 5688 '
1752 5657 1903 5719 Alias
1924 5662 2034 5718 LX.
2060 5657 2282 5753 Scripta
2308 5675 2452 5716 anno
2464 5657 2598 5715 3'15.
2939 5658 2945 5664 ’

2820 5774 2918 5883 .19
2984 5784 2990 5791 .
