3738 6474
101 345 178 403 597
920 334 1400 397 EPISTOLARUM
1429 341 1585 397 ουλε

1749 343 1807 399 lI.
1844 341 2059 400 EPIST.
2098 342 2368 399 CXLVIII.
2485 378 2504 399 κ
3130 350 3236 409 598

99 456 409 527 tamam.
453 455 562 509 Καὶ
614 454 780 509 πολλά
842 458 1094 527 χρήματα
1162 457 1308 525 ἀπίων
1352 459 1576 523 ἐκεῖνος,

1751 473 1801 511 m
1824 458 2065 528 pecunia
2086 459 2377 528 plurimum
2403 470 2759 529 exportasset,
2784 463 2962 519 nudus
2986 478 3235 520 reversus

99 549 249 620 γυμνὸς
269 544 515 616 ἐπανῆλθε
534 560 548 573 ·
578 545 670 600 καὶ
694 545 881 600 τοῦτον
917 546 1091 613 οὕτως
1123 551 1156 618 ἡ
1206 550 1457 621 συμφορά
1502 549 1579 603 δι-

96 642 258 711 έθηκεν,
277 638 343 701 ὡς
364 636 692 691 κινδυνεῦσαι
716 640 774 691 ἐν
799 638 1096 711 ἀλλοτρίοις
1118 641 1338 711 ῥάκεσιν
1352 641 1580 711 ὀφθῆναι

95 734 175 794 τοῖς
200 730 315 783 οίκοι
355 728 482 797 (ll).
523 729 632 783 Kal
674 730 846 784 ταῦτα
882 731 1136 795 πέπονθε,
1176 734 1582 806 Λαιστρυγόνας

93 823 194 892 τάχα
212 837 297 874 που
322 822 401 888 ἐφ’
418 822 605 875 ἑαυτὸν
632 822 960 896 παροξύνας,
994 825 1087 877 καὶ
1110 824 1321 900 Σκύλλῃ
1350 843 1579 898 περιπε-

95 913 172 967 σὼν
193 914 238 965 ἑν
267 912 531 985 γυναικείᾳ
565 917 743 985 μορφῇ
793 915 1011 969 κυνείαν
1056 917 1254 991 ἐχούσῃ
1294 920 1577 991 ἀπανθρωο

94 1096 156 1149 τὸν
187 1094 392 1163 ἄφυκτον
446 1093 635 1150 τοῦτον
684 1096 1034 1168 διανήξασθαι
1090 1100 1354 1160 κλύδωνα.
1404 1101 1462 1154 σὲ
1512 1101 1581 1154 δι’

94 1187 205 1258 ἡμῶν
229 1185 456 1245 ἱκετεύει.
492 1187 658 1252 ἀξιῶν
682 1189 993 1259 αἰδεσθῆναι
1038 1190 1136 1261 τὴν
1178 1192 1361 1263 κοινὴν
1398 1192 1582 1261 φύσιν,

94 1279 244 1332 καὶέπὶ
262 1281 367 1341 ταῖς
388 1280 515 1350 παρ’
540 1280 696 1345 ἀξίαν
723 1279 890 1333 αὑτοῦ
916 1284 1219 1351 συμφοραῖς
1247 1282 1580 1351 ἀλγήσαντα,

96 1372 146 1441 μὴ
164 1372 305 1441 σιωπῇ
328 1346 524 1442 κρύψαι
554 1371 622 1423 τὰ
646 1371 765 1424 κατ’
789 1372 970 1433 αὑτὸν,
1154 1346 1453 1441 διαγγεῖλαι
1473 1376 1585 1436 τοῖς

94 1461 350 1531 ὲνδυνάμει.
402 1461 542 1516 ὥστε
591 1463 821 1533 μάλιστα
877 1464 973 1541 μὲν
1017 1464 1110 1517 καὶ
1160 1463 1410 1532 γενέσθαι
1466 1465 1586 1519 τινὰ

94 1555 199 1625 αὐτῷ
234 1554 460 1625 βοήθειαν
502 1555 645 1626 πρὸς
686 1556 783 1628 τὴν
844 1556 1277 1628 σκευωρηθεῖσαν
1311 1555 1423 1624 (Ιέ)
1485 1558 1583 1610 ἐπ-

93 1647 256 1714 ήρειαν·
287 1645 400 1698 εἰδὲ
430 1645 524 1716 μὴ,
557 1645 975 1716 δημοσιευθῆναι
995 1645 1122 1714 γοῦν
1156 1644 1254 1716 τὴν
1273 1643 1587 1716 προαίρεσιν

91 1736 157 1787 τοῦ
188 1738 252 1800 είς
278 1736 427 1790 αὑτὸν
465 1738 983 1808 ἐμπατοινήσαντος.
1036 1734 1304 1807 Ἀρκοῦσα
1353 1734 1462 1807 γὰρ
1506 1734 1585 1805 τῷ

1677 557 1793 606 est:
1842 550 1988 605 hunc
2031 558 2211 605 autem
2251 565 2318 605 eo
2363 565 2453 607 res
2500 554 2740 609 adversm
2785 555 3143 625 redegerunt,
3176 568 3236 612 ut

1678 656 1817 712 pene
1860 643 1915 696 in
1955 642 2150 697 alienis
2192 649 2247 697 et
2280 643 2476 698 laceris
2508 648 2701 713 pannis
2732 647 2914 701 domui
2946 664 3057 706 sua:
3086 650 3237 704 visus

1678 728 1768 782 sit.
1798 728 1973 797 Atque
2002 727 2115 782 hac
2146 742 2437 798 perpessus
2465 736 2578 792 est,
2616 730 2753 785 forte
2777 732 2903 801 quia
2937 731 3236 805 Laestrygo—

1679 835 1778 874 nas
1810 818 1866 872 in
1901 833 1961 873 se
1990 819 2303 890 instigavit,
2336 833 2400 872 ac
2437 819 2489 873 in
2520 818 2755 891 Scyllam
2782 822 3003 886 incidit,
3034 824 3237 879 haben-

1680 919 1787 968 tem
1813 911 1867 966 in
1901 912 2147 966 muliebri
2180 910 2348 965 forma
2374 912 2621 965 caninam
2655 912 3042 971 immanitatem
3064 932 3129 971 ac
3155 917 3235 972 fe-

1681 1003 1916 1057 ritatem.
1948 1002 2083 1057 Cum
2134 1002 2296 1072 igitur
2330 1002 2418 1056 vix
2455 1002 2503 1057 ei
2552 1002 2767 1057 licuerit
2796 1020 2860 1059 ex
2905 1005 3237 1062 ineluctabili

1682 1096 1772 1151 illa
1799 1096 2034 1166 procella
2054 1110 2349 1166 emergere,
2382 1103 2435 1150 te
2458 1110 2574 1150 mea
2606 1110 2770 1165 Opera
2799 1100 3022 1168 supplex
3057 1110 3235 1170 rogat,

1681 1195 1741 1242 ut
1771 1196 2019 1243 naturam
2052 1202 2397 1241 communem
2444 1189 2748 1243 reverearis
2770 1229 2785 1252 ,
2819 1204 2884 1242 ac
2916 1191 3242 1246 calamitati-

1674 1280 1813 1342 .bus,
1848 1293 1984 1348 quas
2023 1292 2131 1332 non
2178 1278 2373 1332 merito
2413 1293 2513 1333 suo
2551 1293 2745 1348 passus
2782 1288 2899 1344 est,
2930 1292 3239 1338 commotus

1682 1370 1749 1425 de
1797 1370 1959 1425 rebus
2001 1369 2149 1425 illius
2193 1383 2302 1423 non
2346 1377 2560 1436 taceas,
2611 1369 2706 1425 sed
2751 1372 2885 1426 viris
2930 1373 3239 1441 potentibus

1683 1460 1922 1525 nunties,
1950 1460 2002 1514 in
2032 1461 2222 1530 primis
2253 1469 2312 1513 ut
2338 1461 2575 1529 praesidii
2612 1462 2819 1533 aliquid
2849 1473 3039 1517 contra
3090 1472 3240 1518 stru-

1683 1562 1823 1608 ctam
1856 1552 2179 1606 calumniam
2211 1553 2432 1607 habeat:
2470 1554 2552 1608 sin
2583 1554 2783 1618 minus,
2815 1563 2872 1608 ut
2901 1556 3237 1625 propositum

1683 1644 1858 1705 illius,
1895 1644 1986 1712 qui
2029 1646 2083 1697 in
2124 1643 2301 1713 ipsum
2342 1642 2707 1701 debacchatus
2741 1654 2857 1709 est,
2908 1647 3239 1717 divulgetur.

1684 1732 1801 1789 Non
1845 1735 1962 1789 leve
2010 1734 2153 1788 enim
2201 1733 2408 1789 homini
2460 1735 2675 1803 injuriis
2716 1736 2908 1792 aﬂ‘ecto
2955 1727 3239 1801 solatium,

90 1827 334 1897 ἠδικημένῳ
362 1827 682 1899 παραμυθία
712 1830 746 1899 ἡ
775 1826 884 1883 τῶν
910 1826 1406 1882 ἐπιϐουλευσάντων
1434 1826 1580 1896 αὐτῷ

1750 1840 1867 1879 rum
1890 1864 1903 1887 .
1937 1824 2030 1895 qui
2060 1824 2161 1896 ipsi
2190 1824 2435 1881 insidiati
2482 1834 2637 1892 sunt,
2670 1826 3031 1897 improbitatis
3062 1828 3249 1885 decla.

91 1919 159 1987 τῆς
180 1919 409 1990 πονηρίας
435 1920 755 1992 ςανέρωσις.

510 2074 858 2131 ΕΠΙΣΤΟΛΗ
895 2077 1080 2130 ΡΜΗ’.

1689 1917 1849 1971 ratio.

2134 2070 2475 2128 EPISTULA
2507 2071 2796 2129 CXLVIII'.

449 2188 721 2239 tomum
747 2191 962 2255 Trojano
983 2186 1281 2241 commendat
1305 2186 1537 2250 Basilius,
1562 2203 1619 2239 ac
1641 2196 1780 2257 rogat
1803 2196 1854 2240 ut
1874 2188 1921 2240 ei
1943 2188 1994 2239 in
2007 2187 2198 2254 judicio
2218 2186 2539 2254 patrocinium
2557 2187 2813 2253 impendat.

671 2295 946 2365 Τρατανῷ.

136 2402 303 2472 Πολλὴν
344 2404 496 2477 φέρει
542 2408 657 2471 τοῖς
697 2408 1184 2480 καταπονουμένοις
1217 2364 1581 2484 παραμυθίαν,

89 2493 156 2547 καὶ
191 2494 241 2548 τὸ
274 2495 407 2567 ἔχειν
456 2497 828 2568 ἀποδύρασθαι
873 2500 971 2565 τάς
1024 2502 1229 2559 ἑαυτῶν
1270 2503 1581 2576 συμφοράς⁸

2343 2296 2595 2367 Trojano.

1759 2411 1984 2465 Multum
2011 2410 2165 2466 aﬂ‘ert
2190 2410 2400 2466 amictis
2427 2409 2606 2465 solatii
2636 2409 2720 2464 vel
2752 2422 2911 2475 posse
2942 2408 3137 2464 deflere
3156 2425 3246 2465 ca-

1689 2499 1962 2557 lamitates
2003 2515 2164 2563 suas;
2206 2501 2474 2566 maxime,
2508 2515 2632 2555 cum
2667 2500 2815 2555 viros
2860 2500 3003 2555 nacti
3049 2500 3248 2556 l'uerint

89 2586 153 2638 καὶ
181 2587 402 2657 μάλιστα,
432 2591 561 2645 ὅταν
596 2591 803 2664 ἀνδρῶν
847 2594 1141 2665 ἐπιτύχωσι
1185 2595 1492 2667 δυναμένων
1520 2599 1585 2650 ὲκ

1749 2606 1900 2645 orum
1954 2591 2221 2661 probitate
2274 2590 2529 2657 idoneos,
2577 2590 2669 2659 qui
2725 2604 2913 2646 eorum
2964 2591 3244 2646 doloribus

88 2677 157 2747 τῆς
175 2679 250 2733 τοῦ
280 2681 468 2752 τρόπου
515 2683 922 2753 καλοκαγαθίας
965 2686 1315 2757 ωμπαθῆσαι
1342 2691 1452 2751 τοῖς
1486 2687 1583 2741 άλ-

1749 2690 2156 2737 vrnmoveantur.
2186 2681 2338 2738 Unde
2358 2691 2413 2738 et
2439 2682 2588 2736 omni
2618 2684 2822 2738 honore
2849 2682 3046 2753 dignus
3077 2682 3247 2739 frater

86 2774 251 2836 γεινοῖς.
270 2773 422 2828 Ὅθεν
445 2777 540 2829 καὶ
568 2778 599 2830 δ
620 2775 1040 2848 αἰδεσιμώτατος
1064 2778 1286 2848 ἀδελφὸς
1315 2780 1581 2850 Μάξιμος,

1749 2774 1971 2834 nimus.
2013 2775 2105 2844 qui
2137 2776 2323 2843 patriae
2361 2782 2563 2829 nostrae
2590 2772 2824 2844 praefuit,
2861 2774 2988 2828 talia
3026 2787 3243 2843 passus,

86 2861 205 2932 ὁτῆς
232 2866 468 2937 πατρίδος
495 2867 653 2939 ἡμῶν
692 2869 1053 2940 ἡγησάμενος,
1086 2868 1272 2924 παθὼν
1308 2864 1394 2923 οἷα
1433 2870 1582 2925 οὐδὲ·

1749 2866 1869 2919 ialia
1912 2865 2152 2919 nondum
2186 2864 2472 2934 quisquam
2506 2864 2807 2928 hominum,
2839 2872 2892 2917 et
2931 2863 3049 2919 suis
3080 2863 3245 2919 rebus

87 2952 251 3022 πωυδ)
279 2972 355 3019 τις
385 2956 689 3029 ἀνθρώπων
722 2960 925 3031 ἕτερος,
959 2962 1052 3014 καὶ
1082 2943 1304 3014 Ιπάντων
1349 2962 1445 3034 μὲν
1492 2979 1585 3032 γυ-

1749 2956 1939 3010 mnibus
1969 2961 2083 3008 tmn
2128 2955 2370 3024 paternis
2414 2963 2526 3011 tum
2570 2955 2802 3024 pristino
2846 2954 3031 3010 labore
3074 2955 3246 3025 partis

89 3044 267 3112 μνιυθεὶς
304 3048 406 3103 τῶν
445 3051 786 3131 προσόντων,
821 3052 919 3105 ὅσα
950 3069 1009 3105 τε
1049 3047 1115 3123 ἦν
1145 3052 1290 3124 αύτῷ
1338 3053 1583 3125 πατρῷα,

1749 3048 1946 3111 idatus,
1980 3046 2147 3118 238
2174 3046 2477 3101 innumeris
2502 3045 2731 3101 amictus
2758 3046 3007 3115 corporis
3030 3060 3239 3099 incom—

88 3137 153 3187 ml
187 3139 269 3192 ὅσα
325 3141 386 3195 ὲκ
436 3120 721 3215 προτέρων
768 3144 941 3196 πόνων
1000 3120 1211 3215 ὑπῆρχε
1254 3120 1364 3211 (⁷14)
1406 3120 1581 3198 συνει·

86 3224 286 3299 λεγμένα,
328 3233 716 3303 κακοπαθήσας
766 3232 824 3287 δὲ
871 3232 947 3304 τῷ
991 3232 1199 3304 σώματι
1248 3235 1416 3304 μυρία
1462 3237 1585 3299 ταῖς

87 3320 164 3371 ἀνω
199 3323 293 3389 (l5)
338 3326 430 3379 καὶ
470 3326 625 3380 κάτω
668 3324 917 3390 πλάναις.
967 3327 1058 3379 καὶ
1107 3327 1225 3381 οὐδὲ
1284 3326 1450 3391 αὐτὴν
1486 3328 1585 3399 τὴν

84 3412 306 3485 ἐπιτιμίαν
346 3418 752 3491 ἀνεπηρέαστον
795 3418 1082 3483 διασώσας,
1118 3413 1184 3490 ἦς
1217 3419 1376 3473 ἕνεκα
1414 3421 1586 3474 πάντα

86 3509 223 3559 πονεῖν
268 3512 371 3573 τοῖς
415 3511 721 3582 ἐλευθέροις
779 3510 1024 3583 σύνηθες,
1084 3510 1253 3564 πολλά
1309 3510 1405 3582 μὲν
1452 3511 1585 3582 πρὸς

84 3595 192 3664 ἠμῖς
238 3602 352 3671 περὶ
402 3601 512 3655 τῶν
585 3601 904 3672 συμϐάντων
965 3600 1112 3673 αύτῷ
1165 3600 1584 3672 ἀπωλοφύρατο,

85 3687 305 3753 tamen
332 3691 395 3744 δι’
424 3692 610 3764 ἡμῶν,
661 3693 735 3756 ὼς
782 3694 839 3745 ἐν
883 3692 1157 3763 κεφαλαίῳ
1204 3691 1442 3763 φανερὰν
1498 3709 1589 3760 γεο

84 3778 220 3833 νέτθαι
245 3798 318 3835 σοι
335 3784 429 3855 τὴν
462 3786 797 3856 περιστᾶσαν
826 3784 973 3855 αύτῷ
1004 3784 1110 3837 τῶν
1144 3784 1327 3839 κακῶν
1370 3784 1585 3838 Ἰλιάδα.

85 3867 227 3936 Κάγὼ.
254 3873 427 3945 ἐπειδὴ
466 3874 641 3939 ἄλλως
669 3875 820 3928 οὐδὲν
861 3875 1081 3943 ἀφελεῖν
1126 3876 1292 3929 αὑτοῦ
1332 3875 1439 3928 τῶν
1484 3874 1590 3929 δει-

84 3959 160 4010 νῶν
178 3962 437 4036 ἠδυνήθην,
474 3966 709 4036 ἑτοίμως
735 3966 937 4038 ταύτην
964 3965 1136 4021 ἔδωκα
1169 3966 1265 4038 τὴν
1299 3967 1454 4063 χάριν
1479 3982 1491 3996 ⁸
1529 3966 1590 4019 τὸ

85 4047 200 4117 ὀλίγα
218 4054 272 4106 ἐκ
291 4055 516 4121 πολλῶν,
549 4051 626 4110 ὧν
654 4058 858 4128 ἥκουσα
896 4057 1024 4129 παρ’
1055 4057 1240 4121 αὐτοῦ,
1285 4047 1587 4127 διαγγεῖλαι

84 4143 129 4209 τῇ
156 4147 436 4220 κοσμιότητι
462 4167 557 4204 σου
581 4167 594 4180 ·
624 4150 810 4221 ἐπειδὴ
832 4150 989 4215 αὐτὸς
1016 4150 1270 4222 ὲρυθριᾷν
1302 4167 1390 4221 μοι
1415 4149 1588 4203 ἐδόκει

84 4233 155 4297 τὰς
180 4238 346 4293 ἑαυτοῦ
375 4242 658 4315 συμφορὰς
689 4242 932 4314 ἐναργῶς
962 4242 1341 4314 διηγήσασθαι-
1385 4242 1447 4295 Et
1479 4240 1588 4313 γὰρ

85 4327 152 4378 καὶ
197 4335 409 4402 πονηρὸν
470 4334 563 4387 τὸν
631 4334 927 4405 ἠδικηκότα
992 4334 1270 4404 συνίστησι
1322 4332 1392 4386 τά
1435 4332 1588 4401 γενό-

1688 3140 1886 3204 mudis,
1923 3139 2051 3194 dum
2092 3136 2363 3207 susdeque
2393 3144 2562 3199 errat,
2607 3152 2670 3190 ac
2716 3153 2784 3190 ne
2821 3136 2997 3206 ipsum
3028 3136 3244 3206 quidem

1687 3232 1823 3287 civis
1865 3239 2063 3285 statum
2090 3272 2105 3296 ,
2137 3231 2294 3298 cujus
2341 3245 2505 3285 causa
2548 3229 2700 3283 liberi
2743 3230 2877 3283 nihil
2920 3232 3244 3282 intentatum

1684 3324 1993 3390 relinquere
2040 3322 2247 3383 solent,
2289 3322 2356 3375 ab
2395 3322 2615 3390 injuriis
2653 3321 2924 3391 integrum
2967 3320 3245 3380 retinens,

1686 3415 1935 3486 pluribus
1985 3412 2126 3483 apud
2185 3427 2270 3467 me
2333 3427 2497 3467 casus
2538 3426 2669 3509 sno‘s
2736 3412 3062 3466 lamentatus
3124 3416 3245 3467 est.

1686 3522 1750 3561 ac
1807 3506 2044 3577 rogavit,
2095 3512 2153 3559 ut
2198 3505 2460 3558 malorum
2498 3501 2719 3558 suorum
2762 3502 2981 3557 Iliadem
3013 3501 3249 3557 breviter

1687 3598 1781 3653 tibi
1812 3607 1937 3653 ante
1970 3598 2159 3653 oculos
2204 3611 2479 3667 ponerem.
2518 3595 2626 3666 Ego
2672 3603 2851 3649 autem
2909 3609 3033 3647 cum
3087 3593 3246 3648 aliter

1687 3690 1833 3745 illius
1880 3705 2153 3743 aerumnas
2218 3688 2396 3742 levare
2452 3702 2561 3740 non
2599 3701 2851 3757 possem,
2898 3685 3128 3740 libenter
3190 3683 3244 3738 id

1689 3782 1914 3854 praestiti
1974 3780 2244 3841 beneﬁcii,
2277 3786 2337 3833 ut
2381 3794 2553 3848 pauca
2608 3793 2674 3832 ex
2715 3777 2903 3831 multis
2937 3790 3059 3845 (ιιιιιι
3092 3775 3160 3829 ab
3181 3788 3247 3829 eo

1689 3873 1896 3935 audivi,
1926 3872 2174 3942 dignitati
2205 3879 2310 3925 tuae
2342 3871 2622 3931 referrem.
2654 3868 3093 3939 quandoquidem
3120 3881 3243 3920 eum

1689 3966 1944 4037 pudebat,
1968 3972 2025 4017 ιιι
2058 3965 2185 4018 mihi
2216 3963 2514 4025 videbatur,
2549 3962 2885 4017 calamitates
2911 3975 3038 4015 suas
3063 3966 3249 4029 aperte
3314 3997 3321 4003 ι

1687 4072 1976 4126 exponere.
2012 4054 2143 4110 Nam
2188 4071 2308 4126 quae
2340 4069 2571 4110 evenere
2594 4093 2608 4116 ,
2634 4054 2680 4107 si
2718 4061 2995 4107 auctorem
3037 4050 3250 4121 injuria:

1688 4164 1922 4218 nequam
1963 4162 2085 4203 esse
2116 4146 2527 4206 demonstrant.
2559 4153 2705 4201 certe
2745 4160 2867 4201 eum
2913 4144 3006 4214 qui
3054 4158 3248 4215 passus

1688 4248 1791 4304 est,
1826 4240 2060 4292 maxima
2086 4239 2438 4293 miseratione
2467 4237 2688 4308 dignum
2714 4235 3008 4291 ostendunt
3031 4253 3045 4289 :
3073 4235 3247 4304 siqui-

1690 4332 1811 4388 dem
1845 4330 1975 4385 illnd
2010 4330 2184 4399 ipsum
2218 4330 2271 4383 in
2297 4329 2439 4383 mala
2457 4328 2716 4383 divinitus
2742 4329 2985 4383 immissa
3009 4326 3250 4381 incidere

88 4432 187 4485 μενα
211 4421 331 4489 (16),
360 4425 473 4477 ἀλλ’
499 4420 593 4479 οὗν
617 4442 681 4495 γε
706 4426 796 4479 τὸν
834 4424 1137 4479 πεπονθότα
1170 4425 1267 4496 τῆς
1294 4423 1585 4477 ἐλεεινοτά-

1749 4429 2011 4491 *gumento
2041 4431 2123 4475 est
2154 4418 2554 4489 quodammodo
2591 4434 2712 4473 eum
2744 4419 2847 4489 qui.
2886 4418 2999 4473 haec
3045 4417 3251 4487 patitur

85 4520 155 4573 της
177 4508 286 4565 ὄντα
312 4514 524 4584 μερίδος
562 4514 828 4567 δείκνυσιν
852 4531 863 4544 ·
897 4514 1083 4585 ἐπειδὴ
1110 4514 1241 4567 αύτὸ
1266 4512 1326 4566 τὸ
1365 4528 1589 4584 περιπε-

86 4593 166 4643 εεῖν
186 4598 282 4660 τοῖς
308 4599 585 4671 θεηλάτοις
617 4604 804 4665 κακοῖς
830 4601 1102 4667 ἀπόδειξίν
1130 4619 1245 4665 πως
1272 4601 1416 4672 ἔχειν
1444 4601 1592 4654 δοκεῖ

85 4682 152 4735 τοῦ
193 4692 565 4760 παραδεδόσθαι
611 4698 722 4757 τοῖς
772 4694 1016 4750 πάθεσιν.
1081 4694 1218 4748 Ἀλλ’
1276 4695 1437 4767 ἀρκεῖ
1478 4692 1588 4762 (17)

86 4775 195 4847 αὐτῷ
222 4782 345 4852 πρὸς
380 4784 731 4856 παραμυθίαν
767 4785 874 4839 τῶν
922 4785 1237 4857 συμϐάντων
1277 4785 1336 4840 τὸ
1376 4785 1594 4856 εὐμενεῖ

87 4865 208 4920 nisi”
241 4874 561 4946 προσσλέψαι
586 4875 662 4946 τῷ
696 4875 902 4947 ὄμματί
941 4894 1021 4940 σε,
1055 4877 1147 4931 καὶ
1183 4877 1281 4948 τὴν
1312 4876 1591 4948 πολυαρκῆ

87 4955 224 5026 χάριν,
253 4958 314 5033 ἧς
342 4966 542 5030 πάντες
570 4967 932 5032 ἀπολαύοντες
958 4967 1201 5040 δαπανᾷν
1236 4969 1297 5022 ού
1342 4968 1592 5022 δύνανται

89 5046 175 5119 (τὴν
200 5052 285 5123 τῆς
312 5056 407 5127 σῆς
439 5058 774 5130 ἡμερότητος
812 5058 996 5129 λέγω),
1040 5058 1134 5113 καὶ⁸
1158 5060 1246 5111 ἐπ’
1287 5058 1447 5114 αὑτὸν
1494 5060 1592 5129 ἀφ-

140 5229 230 5296 (Η)
270 5235 387 5303 Τοῖς
424 5237 598 5291 οἵκοι.
632 5236 722 5292 Sic
754 5246 865 5293 tres
892 5238 1251 5294 vetustissimi
1279 5237 1498 5294 codices
1538 5244 1594 5292 et

90 5292 278 5372 Clarmn.
312 5292 443 5361 Editi
476 5310 587 5371 τοῖς
612 5292 850 5372 οἰκείοις,
910 5292 913 5293 ν
942 5292 945 5293 ν
1026 5292 1040 5294 ἡ
1219 5327 1227 5335 ·

95 5370 761 5501 ρηὲιεξζαξίιευωρηθεῗσαν.
812 5370 972 5433 Ὴιιτι.
1012 5385 1067 5433 et
1111 5376 1348 5451 Clarom.
1392 5394 1592 5431 σκαιω-

91 5478 522 5633 ζέξξὲῖὸὐδέπω.
560 5517 638 5574 Ita
671 5516 818 5573 Harl.
856 5532 980 5575 cum
1010 5516 1247 5588 quinque.
1282 5516 1422 5573 aliis.
1451 5516 1591 5573 Editi

145 5646 237 5727 (μ)
280 5653 539 5727 Ἷζπῆρχε.
566 5639 687 5717 Ποο
723 5659 944 5716 verbum
975 5655 1285 5715 addidimus
1306 5672 1371 5713 ex
1408 5655 1579 5721 lIarl.,

97 5709 203 5770 lled.
221 5709 277 5777 let
310 5709 543 5787 cu'io'ﬁ;

1689 4514 2126 4569 alliictationibus
2151 4528 2273 4568 esse
2309 4512 2592 4567 traditum.
2640 4510 2744 4566 Sed
2774 4519 2950 4565 tamen
2979 4511 3114 4565 satis
3165 4518 3251 4564 est

1690 4606 1766 4661 illi
1795 4606 1860 4660 ad
1887 4588 2139 4661 solatium
2168 4605 2455 4668 malorum,
2490 4614 2547 4659 ιιι
2571 4605 2805 4673 benigno
2837 4602 2985 4657 illum
3016 4599 3251 4671 aspicias

1690 4698 1870 4760 oculo,
1898 4712 1961 4751 ac
1989 4697 2207 4753 uberem
2240 4698 2383 4751 illam
2414 4696 2662 4767 gratiam.
2685 4710 2843 4765 quam
2870 4708 3058 4748 omnes
3086 4708 3251 4761 expe-

1692 4791 1928 4852 riuntur,
1956 4804 2059 4843 nec
2082 4796 2263 4843 tamen
2290 4795 2516 4859 possunt
2538 4787 2825 4842 absumere
2855 4784 3106 4855 (gratiam
3129 4785 3251 4838 dico

1691 4882 1932 4938 lenitatis
1969 4882 2096 4955 tuae)
2133 4883 2296 4937 etiam
2337 4883 2390 4936 in
2427 4882 2579 4934 illum
2618 4876 2901 4935 extendas.
2944 4877 2999 4930 In
3044 4874 3252 4946 judicio

1693 4984 1871 5030 autem
1901 4990 2099 5046 magno
2126 4976 2176 5029 ei
2202 4974 2315 5029 rore
2336 4973 2400 5028 ad
2425 4971 2747 5027 vincendum
2781 4969 3035 5041 praesidio
3067 4976 3253 5037 patro-

1692 5068 1896 5124 cinium
1929 5078 2105 5122 tuum.
2141 5065 2299 5121 nobis
2331 5065 2586 5119 omnibus
2613 5071 2764 5118 certo
2793 5074 3114 5131 persuasum
3144 5064 3248 5112 est.

1765 5241 1875 5311 (15)
1918 5240 2052 5309 Ταῖς
2076 5240 2215 5296 ἅνω.
2249 5242 2325 5295 Ita
2378 5239 2553 5299 Harl..
2592 5238 2758 5311 Med"
2799 5238 2966 5292 Coisl.
3002 5244 3249 5311 uterque.

1692 5307 2092 5383 Regiuterque
2115 5320 2170 5366 et
2195 5319 2421 5383 uterque
2445 5310 2618 5380 Bigot.
2650 5309 2790 5364 Editi
2810 5312 2929 5383 ταῖς
2958 5324 3017 5383 τε
3047 5307 3178 5383 ἀνω.

1766 5376 1876 5451 (⁷16)
1923 5376 2349 5454 Τᾰγενόμέεγαξ
2375 5380 2465 5454 Sic
2501 5376 3005 5454 t'resAvetustissimi
3037 5376 3253 5431 codices

1687 5461 1748 5509 et
1772 5454 1861 5506 alii
1888 5450 2326 5507 nonnulli.VEditi
2354 5453 2422 5505 τά
2451 5451 2728 5520 γεγονότα.

1764 5523 1874 5589 (l7)
1928 5521 2134 5591 Ἀρκεῖ.
2168 5521 2304 5593 Male
2328 5522 2381 5575 in
2408 5519 2640 5593 editione
2668 5521 2699 5574 l‘
2718 5519 2890 5575 Paris.
2920 5521 3103 5593 ἀρκεῖν
3124 5532 3256 5573 con-

1696 5601 1780 5647 tra
1809 5604 2050 5648 veterum
2076 5592 2325 5646 endit-nm
2355 5592 2531 5646 tidem.

1770 5666 1786 5684 '
1827 5665 1974 5719 Alias
2001 5660 2315 5719 CCLXXVI.
2369 5660 2579 5731 Scripta
2611 5677 2752 5716 anno
2776 5659 2903 5721 573.
