3858 6498
122 333 214 389 σω
1042 292 1526 378 spts'rommju
1564 321 1850 378 cmssrs
1884 321 1945 378 ll.
1981 318 2196 378 EPIST.
2238 274 2415 380 cur.
3240 323 3346 382 sto

117 451 347 521 τοσούτῳ.
381 449 441 503 Εί
479 447 537 502 δὲ
583 411 717 519 προς
753 449 816 519 τῇ
846 446 1006 519 λοιπῇ
1046 463 1141 499 σου
1183 446 1350 517 ἀρετῇ
1393 444 1486 498 καὶ
1513 443 1645 497 τοῦτι

1774 443 2037 499 exhibere
2067 459 2279 499 vereor.
2321 442 2478 511 Quod
2513 444 2558 500 si
2598 445 2663 499 ad
2696 444 2932 515 reliquas
2959 443 3191 500 virtutes
3216 452 3344 500 tuas

121 539 380 607 κατεδέξω,
413 543 473 594 οὐ
510 542 672 612 μόνον
703 538 1029 611 πεμπόμενα
1071 539 1201 610 παρ’
1229 536 1386 608 ἡμῶν
1417 535 1644 607 δέχεσθα

1774 537 1889 593 haec
1916 539 2188 601 accessit,
2226 547 2284 593 ut
2322 554 2431 592 non
2456 539 2621 593 modo
2645 539 2861 593 litteras
2889 551 3011 609 qua:
3043 551 3072 591 a
3097 550 3184 591 me
3212 536 3344 591 mit-

118 644 413 705 γράμματα,
469 630 606 685 ἀλλά
657 631 752 685 καὶ
796 629 1144 698 ὲλλειφθέντα
1196 627 1496 699 ἐπιζητεῖν,
1556 627 1645 681 ίδοί

1773 637 1968 685 tuntur
1993 632 2286 701 suscipias,
2311 630 2408 685 sed
2437 645 2532 686 eas
2558 630 2723 685 etiam
2747 645 2868 700 qua‘
2893 645 3004 685 non
3026 629 3341 690 mittuntur.

118 728 200 781 καὶ
224 725 494 798 γράφομεν
520 725 614 778 νῦν
638 725 1055 797 τεθαρρηκότως
1088 722 1220 792 (33),
1255 722 1351 775 καὶ
1383 720 1666 793 γράψομεν

117 835 170 888 γε
184 822 257 883 είς
284 818 340 872 τὸ
369 818 567 888 ἐφεξῆς
587 835 602 849 ·
625 817 907 889 εὐχόμενοι
925 814 1003 887 τῷ
1036 816 1176 886 ἁγίῳ
1193 813 1308 885 Θεῷ
1338 813 1557 886 δοθῆναί
1585 831 1666 867 σοι

115 912 201 981 τὴν
235 909 458 982 ἀμοιϐὴν
502 910 603 981 τῆς
635 909 763 981 περ)⁵
815 911 963 981 ἡμᾶς
1008 908 1194 978 τιμῆς.
1239 906 1412 979 ’Υπὲρ
1463 905 1519 960 δὲ
1567 905 1670 976 τῆς

126 1000 425 1065 Ἐκκλησίας
449 998 747 1072 προέλαϐες
768 997 930 1070 ἡμῶν
950 997 1048 1062 τὰς
1076 995 1469 1069 παρακλήσεις,
1492 995 1669 1050 πάντα

116 1095 322 1164 ποιήσας
351 1093 451 1145 ὅσα
485 1092 551 1146 ἃν
580 1093 742 1163 ἡμεῖς
781 1090 1219 1162 ὲπεζητήσαμεν.
1255 1090 1437 1153 Ποιεῖς
1478 1088 1536 1141 δὲ
1567 1087 1667 1142 οὐκ

114 1183 394 1258 ἀνθρώποις
424 1181 804 1254 χαριζόμενος,
836 1180 973 1235 ἀλλὰ
1000 1179 1119 1251 Θεῷ
1145 1179 1222 1250 τῷ
1245 1181 1537 1251 τιμήσαντι
1568 1197 1628 1235 σε
1649 1195 1664 1209 ⁶

111 1272 163 1338 ὃς
182 1273 246 1327 τὰ
271 1274 364 1344 μὲν
393 1272 591 1327 ἔδωκεν
630 1274 689 1325 ὲν
726 1275 793 1345 τῇ
824 1270 919 1327 νῦν
948 1272 1060 1343 ζωῇ
1091 1271 1289 1340 ἀγαθὰ,
1322 1270 1392 1325 τὰ
1418 1271 1473 1326 δὲ
1500 1270 1659 1325 δώσει

111 1372 160 1422 ἑν
191 1368 261 1438 τῷ
290 1367 537 1439 μέλλοντι
570 1367 750 1430 αίῶνι,
784 1366 900 1421 ἀνθ’
929 1359 1004 1421 ὧν
1051 1364 1189 1437 μετά
1229 1363 1484 1435 ἀληθείας
1527 1367 1657 1419 επο-

112 1460 285 1532 ρεύθης
317 1457 413 1528 τὴν
464 1459 583 1512 ὁδὸν
626 1458 814 1525 αὐτοῦ,
864 1457 1056 1529 ἀκλινῆ
1094 1458 1191 1528 τὴν
1228 1456 1454 1527 καρδίαν
1489 1458 1545 1510 ἐν
1588 1459 1659 1528 τῇ

107 1551 334 1622 ὀρθότητι
360 1551 458 1622 τῆς
487 1551 722 1614 πίστεως
749 1551 844 1604 ἀπ’
878 1550 1055 1622 ἀρχῆς
1081 1551 1161 1613 εἰς
1189 1548 1342 1613 τέλος
1389 1547 1659 1603 διασωσά-

109 1661 251 1714 μενος

569 1792 917 1847 ΕΠΙΣΤΟΛΗ
955 1792 1125 1847 PNl".

1762 722 2054 793 'requiras;
2081 738 2209 778 ecce
2243 733 2296 778 et
2330 738 2474 777 nunc
2509 721 2849 777 conﬁdenter
2881 722 3084 787 scribo,
3116 730 3172 778 et
3200 721 3343 777 scri-

1771 815 1894 871 bam
1924 815 2182 887 deinceps
2215 834 2230 871 :
2266 814 2436 871 Deum
2482 826 2732 871 sanctum
2778 830 2973 880 orans,
3008 824 3069 870 ut
3102 815 3199 871 tibi
3242 814 3344 869 ho-

1770 908 1954 972 noris,
2002 923 2164 978 quem
2224 908 2358 963 mihi
2415 908 2621 971 habes,
2653 907 2806 962 vices
2850 908 3132 976 rependat.
3188 909 3343 963 Meas

1769 1013 1936 1069 porro
1965 1012 2063 1069 pro
2091 997 2336 1054 Ecclesia
2379 1012 2573 1069 preces
2602 997 2964 1060 antevertisti,
2997 1012 3121 1051 cum
3156 998 3342 1053 omnia

1768 1089 2002 1152 feceris.
2044 1105 2385 1161 quaecunque
2434 1105 2537 1161 ego
2589 1089 2892 1161 petiissem.
2943 1087 3103 1144 Facis
3157 1097 3339 1144 autem

1768 1199 1877 1238 non
1908 1183 2228 1240 hominibus
2255 1181 2571 1254 gratiﬁcans
2594 1226 2611 1252 ,
2642 1187 2735 1240 sed
2766 1184 3056 1238 honoranti
3096 1190 3151 1238 te
3181 1181 3293 1237 Deo
3320 1200 3336 1236 :

1768 1275 1861 1346 qui
1893 1275 1991 1331 tibi
2029 1276 2132 1331 alia
2161 1275 2382 1346 quidem
2408 1277 2553 1331 bona
2598 1276 2652 1330 in
2692 1276 2945 1347 praesenti
2971 1275 3082 1328 vita
3112 1273 3341 1345 largitus

1765 1375 1871 1433 est,
1891 1368 1996 1422 alia
2022 1379 2203 1424 autem
2234 1368 2387 1424 dabit
2418 1369 2474 1423 in
2504 1366 2690 1423 futuro
2716 1383 2854 1431 aevo,
2880 1377 3164 1439 propterea
3191 1363 3338 1437 quod

1764 1473 1888 1513 cum
1922 1460 2150 1516 veritate
2194 1459 2248 1515 in
2276 1461 2423 1517 illius
2450 1461 2554 1516 viis
2589 1460 2881 1515 atnbulasti
2904 1500 2920 1522 ,
2954 1475 3017 1514 ac
3049 1473 3145 1514 cor
3183 1466 3337 1512 tuum

1765 1549 1835 1604 ab
1894 1551 2057 1605 initio
2109 1553 2176 1606 ad
2228 1567 2402 1622 usque
2435 1551 2592 1607 ﬁnem
2622 1552 2679 1606 in
2716 1551 2837 1606 ﬁdei
2893 1550 3203 1623 integritate
3226 1549 3339 1604 im-

1764 1649 1969 1696 motum
2012 1657 2076 1696 ac
2101 1644 2493 1699 inconcussum
2535 1643 2789 1699 servasti.

2180 1798 2340 1871 243
2371 1797 2705 1854 EPISTOLA
2744 1798 2935 1853 CLlll‘.

414 1903 610 1958 Gratias
632 1903 734 1972 agit
761 1902 952 1956 Victori
984 1888 1199 1957 ﬁasilius
1219 1904 1349 1969 quod
1371 1903 1451 1955 sui
1475 1918 1657 1957 memor
1678 1904 1767 1969 sit,
1789 1920 1876 1959 nec
1892 1922 2109 1962 antorem
2127 1909 2187 1961 ob
2207 1907 2361 1960 ullam
2381 1907 2673 1960 calumniam
2695 1908 2956 1961 imminut.

523 2037 759 2105 Βίκτορι
788 2037 909 2092 ἀπὸ
939 2034 1203 2091 ὑπάτων.

166 2149 380 2212 Ὁσάκις
404 2148 471 2204 ἂν
515 2150 648 2221 ἡμῖν
675 2146 893 2220 ὑπάρξῃ
918 2148 1245 2219 γράμμασιν
1283 2148 1529 2223 ἐντυχεῖν,
1556 2148 1655 2219 τῆς

99 2243 437 2314 κοσμιότητός
470 2258 586 2304 σου,
628 2242 954 2305 τοσαυτάκις
988 2241 1148 2313 χάριν
1175 2240 1545 2312 ὁμολογοῦμεν
1577 2240 1656 2312 τῷ

99 2332 216 2402 θεῷ,
259 2333 341 2386 δτι
392 2331 665 2402 διαμένεις
698 2332 794 2385 καὶ
838 2331 1185 2403 μεμνημένος
1222 2331 1400 2403 ἡμῶν,
1434 2332 1528 2386 καὶ
1560 2332 1652 2385 ὑπ’

2282 2041 2481 2097 Victori
2508 2057 2601 2097 επ·
2610 2034 2837 2096 εδηδιιίὶ.

1832 2152 2060 2220 Quoties
2089 2152 2222 2208 mihi
2256 2152 2524 2223 contingit
2571 2151 2785 2207 litteras
2830 2149 3009 2221 legere
3046 2148 3333 2220 dignitatis

1762 2246 1900 2304 tuae,
1936 2239 2103 2309 toties
2126 2240 2336 2310 gratias
2365 2255 2467 2311 ago
2516 2238 2627 2295 Deo
2676 2247 2868 2293 sancto
2890 2276 2905 2304 ,
2938 2238 3083 2304 quod
3117 2248 3330 2309 perstes

1756 2338 1811 2387 et
1844 2346 2052 2388 memor
2084 2331 2221 2392 mei.
2248 2340 2303 2387 et
2325 2345 2599 2396 amorem,
2631 2346 2791 2400 quem
2826 2330 2994 2386 semel
3024 2330 3331 2386 rectissimo

96 2426 330 2496 οὐδεμιᾶς
378 2423 630 2493 διαϐολῆς
667 2424 768 2494 τὴν
812 2423 1036 2496 ἀγάπην
1084 2423 1343 2487 ἑλαττῶν,
1392 2424 1460 2495 ἣν
1505 2423 1645 2490 ἅπαξ

1753 2423 1984 2494 judicio,
2019 2430 2115 2477 aut
2153 2423 2296 2477 bona
2332 2422 2729 2478 consuetudine
2765 2423 3045 2492 suscipere
3066 2421 3288 2477 voluisti
3310 2463 3325 2482 .

97 2520 251 2590 κρίσει
286 2521 355 2589 τῇ
406 2518 669 2591 ὁρθοτάτῃ
714 2516 748 2589 ἢ
797 2516 1053 2589 συνηθείᾳ
1087 2518 1314 2589 ’χρηστῇ
1364 2515 1651 2570 ἀναλαϐεῖν

94 2608 365 2673 κατεδέξω.
399 2608 680 2679 Εὺχόμεθα
709 2604 805 2662 οὖν
835 2608 914 2679 τῷ
954 2608 1095 2680 ἀγίῳ
1143 2606 1264 2678 Θεῷ
1306 2607 1400 2661 καὶ
1447 2607 1507 2660 σὲ
1539 2607 1653 2660 δια-

95 2704 252 2771 μεῖναι
298 2703 360 2755 ἐν
402 2706 467 2774 τῇ
510 2701 673 2774 ὁμοίᾳ
716 2701 854 2774 πρὸς
897 2702 1043 2772 ἡμᾶς
1085 2699 1345 2764 διαθέσει,
1386 2700 1479 2753 καὶ
1505 2701 1654 2770 ἡμᾶς

91 2794 253 2859 ἀξίους
280 2791 424 2848 εἶναι
457 2795 555 2865 τῆς
588 2794 736 2865 παρά
768 2794 862 2848 σοῦ
890 2795 1077 2865 τιμῆς,
1110 2795 1176 2866 ῆν
1204 2795 1367 2865 τιμᾷς
1386 2794 1534 2864 ἡμᾶς
1565 2793 1652 2846 διὰ

90 2885 171 2939 τοῦ
198 2887 550 2957 γράμματος-
1002 2895 1006 2898 ‘

584 3046 931 3103 ΕΠΙΣΤΟΛΠ
969 3048 1138 3103 ΡΝΔ⁹.

1754 2516 1960 2572 nullam
2022 2514 2094 2570 ob
2154 2514 2487 2568 calumniam
2541 2513 2892 2568 imminuens.
2955 2510 3107 2583 Rogo
3159 2513 3327 2583 igitur

1758 2610 1926 2666 Deum
1963 2616 2248 2674 sanctum,
2280 2615 2339 2662 ut
2366 2615 2421 2661 et
2450 2614 2506 2661 tu
2531 2621 2854 2677 permaneas
2884 2606 2940 2661 in
2967 2608 3158 2663 eodem
3195 2620 3324 2677 erga

1757 2718 1845 2758 me
1870 2702 2053 2757 animo
2073 2744 2088 2767 ,
2111 2710 2168 2755 et
2199 2715 2301 2771 ego
2337 2699 2538 2770 dignus
2567 2699 2668 2754 sim
2706 2699 2947 2762 honore,
2980 2714 3092 2770 quo
3123 2713 3209 2755 me
3233 2713 3329 2769 per

1757 2794 2042 2866 epistolam
2071 2794 2444 2863 prosequeris.

2219 3040 2555 3100 EPISTOLA
2593 3038 2750 3095 CLIV
2774 3043 2832 3093 “.

89 3167 333 3230 Respondet
362 3160 577 3230 Basilius
600 3159 774 3211 litteris
794 3159 1010 3230 Aschplii
1028 3199 1042 3221 ,
1067 3161 1205 3226 cujus
1229 3158 1398 3230 laudat
1421 3157 1805 3230 charitatcm,”
1838 3170 1941 3230 nam
2200 3169 2367 3230 raram
2382 3194 2396 3215 ,
2419 3136 2788 3230 acstudium’n
3177 3155 3328 3209 Atha-

424 3223 615 3275 nasium
630 3263 643 3284 ,
667 3230 720 3273 ut
740 3216 1057 3275 certissimwn
1079 3216 1214 3274 same
1234 3221 1470 3274 doctrinae
1491 3227 1844 3287 argumentum.
1870 3220 2023 3282 Rogat
2041 3226 2093 3268 ut
2110 3217 2319 3282 qualibet
2335 3218 2586 3271 occasione
2605 3216 2764 3269 oblata
2782 3216 2978 3269 scribat.

202 3330 497 3401 Ἀσχολίῳ
528 3328 662 3399 (ὃῶ),
705 3328 1017 3395 ἐπισκόπῳ
1047 3318 1520 3395 Θεσσαλονίκης.

140 3442 328 3507 Καλῶς
378 3441 673 3512 ἐποίησας,
707 3440 804 3493 καὶ
843 3438 985 3492 κατὰ
1014 3438 1103 3493 τὸν
1129 3439 1228 3509 τῆς
1273 3437 1646 3509 πνευματικῆς

85 3535 280 3603 ἀγάπης
302 3533 497 3604 νόμον,
523 3528 798 3599 κατάρξας
824 3528 932 3581 τῶν
956 3529 1091 3600 πρὸς
1112 3529 1258 3599 ἡμᾶς
1277 3526 1641 3598 γραμμάτων,

85 3626 162 3677 καὶ
199 3624 276 3696 τῷ
315 3622 516 3694 ἀγαθῷ
547 3622 903 3693 ὑποδείγματι
954 3620 1090 3692 πρὸς
1119 3620 1210 3673 τὸν
1251 3621 1436 3690 ὅμοιον
1482 3617 1642 3688 ζῆλον

86 3717 209 3786 ἡμᾶς
259 3715 726 3785 ἐπικαλεσάμενος.
782 3714 891 3767 Καὶ
944 3711 1054 3783 γὰρ
1092 3714 1125 3784 ὴ
1167 3711 1265 3783 μὲν
1312 3709 1404 3765 τοῦ
1438 3711 1641 3780 κόσμου

82 3807 211 3872 φιλία
238 3806 546 3877 ὀφθαλμῶν
581 3805 752 3859 δεῖται
780 3805 874 3859 καὶ
917 3804 1224 3875 συντυχίας,
1264 3801 1403 3856 ὥστε
1433 3800 1640 3856 ἐκεῖθεν

81 3897 232 3969 ἀρχὴν
260 3898 374 3969 τῆς
414 3896 703 3969 συνηθείας
736 3895 1026 3965 γενέσθαι·
1059 3897 1109 3949 oi
1157 3894 1214 3949 δὲ
1256 3895 1641 3967 πνευματικῶς

80 3992 276 4064 ἀγαπᾷν
299 3990 515 4054 εἰδότες
541 3991 602 4044 οὐ
632 3991 699 4061 τῇ
740 3989 905 4059 σαρκὶ
934 3987 1176 4061 προξένῳ
1213 3987 1508 4061 κέχρηνται
1540 3988 1641 4059 τῆς

82 4082 258 4149 φιλίας,
308 4083 457 4139 ἀλλὰ
508 4084 574 4154 τῇ
626 4082 725 4153 τῆς
775 4081 1010 4144 πίστεως
1059 4080 1314 4155 κοινῳνίᾳ
1356 4079 1492 4152 πρὸς
1542 4078 1638 4149 τὴν

79 4174 444 4244 πδευματικὴν
504 4173 798 4242 συνάφειαι)
859 4171 1103 4235 ἄγονται.
1173 4170 1346 4245 Χάρις
1412 4166 1505 4225 οὖν
1559 4169 1638 4241 τῷ

80 4250 243 4333 Κυρίῳ
273 4262 359 4333 τῷ
400 4260 842 4334 παρακαλέσαντι
873 4258 1031 4330 ήμῶν
1072 4260 1168 4324 τὰς
1197 4260 1446 4332 καρδίας,
1476 4262 1533 4312 ὲν
1561 4259 1637 4331 τῷ

76 4352 219 4419 δεῖξαι
246 4355 392 4426 (55),
424 4355 507 4408 ὅτι
533 4356 634 4407 οὐκ
672 4355 730 4406 ὲν
777 4353 911 4406 πᾶσι
948 4352 1283 4421 κατέψυκται
1326 4354 1358 4423 ἡ
1411 4351 1632 4423 ἀγάπη·

78 4445 297 4500 ἁλλέίσί
340 4463 455 4499 mu
500 4447 598 4516 τῆς
647 4430 1076 4517 οἱκουμένης,ὀί
1112 4445 1211 4515 τῆς
1252 4443 1489 4514 Χριστοῦ
1533 4461 1638 4514 μα-

76 4536 270 4606 θητειας
296 4539 402 4592 τὸν
430 4540 753 4609 χαρακτῆρα
784 4535 1111 4600 δεικνύντες.
1155 4536 1264 4589 Καὶ
1290 4535 1467 4588 τοίνυν
1491 4532 1635 4600 ἔδοξέ

77 4646 147 4695 μοι
168 4630 227 4684 τὸ
244 4631 377 4685 καθ’
414 4631 558 4701 ὑμᾶς
586 4630 821 4683 ἑοικέναι
849 4629 1083 4700 πρᾶγμα
1114 4628 1332 4700 ἄστροις
1357 4626 1416 4679 ὲν
1447 4642 1637 4679 νυκτε-

2009 3323 2282 3389 Ascholio,
2307 3326 2547 3395 episcopo
2584 3323 3058 3381 Thcssalom'ccnsi.

1819 3431 1986 3489 Recte
2015 3432 2227 3500 fecisti,
2261 3442 2316 3490 et
2356 3432 2662 3491 seCundum
2712 3437 3026 3494 dilectionis
3061 3438 3324 3511 spiritua-

1744 3526 1814 3582 lis
1847 3527 2051 3596 legem,
2101 3526 2247 3597 quod
2297 3527 2449 3598 prior
2499 3527 2571 3585 ad
2618 3543 2721 3584 nos
2754 3528 3074 3600 scripseris,
3109 3546 3323 3602 nosque

1742 3616 2240 3687 egregio-exemplo
2274 3617 2343 3672 ad
2391 3618 2570 3675 simile
2604 3619 2847 3675 studium
2902 3625 3315 3691 provocaveris.

1740 3704 1876 3760 Nam
1910 3705 2098 3760 mundi
2153 3707 2398 3762 amicitia
2430 3709 2607 3764 oculis
2644 3709 2850 3781 indiget
2881 3723 2945 3765 ac
2978 3726 3314 3784 congressu,

1740 3808 1801 3853 ut
1842 3797 1968 3854 inde
2011 3808 2272 3856 nascatur
2315 3800 2734 3859 consuetudinis
2776 3803 3037 3861 initium:
3083 3805 3177 3864 sed
3220 3807 3316 3880 qui

1740 3891 2102 3963 spiritualiter
2133 3908 2319 3950 amare
2338 3894 2560 3959 sciunt,
2586 3911 2932 3968 nequaquam
2958 3913 3123 3956 carne
3152 3911 3315 3957 utun-

1737 3990 1830 4038 tur
1880 3983 2134 4040 amicitiae
2172 3984 2582 4054 conciliatrice;
2634 3987 2729 4043 sed
2764 3987 2885 4044 ﬁdei
2928 3992 3314 4050 communione

1739 4073 1807 4129 ad
1869 4074 2213 4144 spiritualem
2268 4074 2716 4145 conjunctionem
2771 4076 3071 4135 ducuntur.
3129 4079 3314 4153 Itaque

1738 4172 1922 4235 grates
1954 4163 2098 4233 Deo,
2132 4164 2226 4236 qui
2265 4165 2435 4221 corda
2473 4175 2661 4222 nostra
2692 4169 3007 4227 consolatus
3033 4182 3154 4238 est,
3179 4175 3310 4230 dum

1736 4259 2059 4314 charitatem
2116 4275 2227 4314 non
2279 4260 2332 4314 in
2387 4261 2647 4316 omnibus
2697 4261 2979 4320 refrixisse
3029 4267 3307 4325 ostendit:

1738 4351 1834 4407 sed
1870 4352 2101 4422 reperiri
2161 4353 2364 4410 alicubi
2406 4360 2678 4409 terrarum
2703 4394 2719 4419 ,
2765 4356 2859 4426 qui
2915 4357 3309 4428 discipulorum

1735 4442 1943 4498 Christi
1979 4444 2261 4515 propriam
2288 4455 2473 4498 notam
2509 4459 2621 4515 prae
2651 4461 2711 4500 se
2743 4444 2939 4504 ferant.
2969 4450 3050 4504 Ac
3079 4467 3167 4508 res
3194 4455 3311 4522 qni-

1735 4534 1859 4589 dem
1888 4543 2083 4591 vestrae
2115 4536 2425 4606 persimiles
2449 4537 2579 4592 mihi
2624 4541 2754 4594 visae
2783 4549 2912 4595 sunt
2950 4541 3225 4598 sideribus
3250 4543 3306 4598 in

1738 4624 2001 4678 nebulosa
2035 4633 2198 4680 nocte
2243 4624 2383 4680 alias
2416 4626 2542 4682 aliis
2585 4630 2708 4684 caeli
2743 4638 2927 4699 partes
2981 4631 3308 4688 illustranti-

76 4725 175 4794 ρινῇ
215 4699 514 4795 mmsis.
548 4722 725 4786 ἀλλοις
769 4699 1053 4776 κατ’γάλλα
1085 4719 1226 4791 μέρη
1267 4716 1361 4772 τοῦ
1399 4715 1632 4790 οὐρανοῦ

1753 4728 1840 4768 ωε
1869 4734 1882 4769 :
1912 4729 2145 4785 quorum
2182 4725 2370 4787 gratus
2409 4716 2631 4786 quidem
2661 4719 2941 4788 splendor,
2967 4719 3059 4775 sed
3085 4736 3154 4776 eo
3180 4737 3309 4792 gra-

73 4815 481 4889 διαλάμπουσιν,
517 4810 591 4870 ὧν
628 4816 890 4887 χαρίεσσα
932 4814 1029 4886 μὲν
1078 4815 1113 4883 ἡ
1157 4810 1497 4882 λαμπρότης,
1536 4826 1635 4879 χαν-

74 4906 327 4976 ριέστιρον
374 4907 439 4961 δὲ
488 4906 660 4978 δήπου
702 4905 764 4959 τὸ
819 4904 1242 4976 ἀπροσδόκητον.
1290 4899 1534 4954 Τοιοῦτοι
1576 4899 1633 4953 δὲ

72 4999 147 5050 καὶ
169 4999 348 5070 ὑμεῖς,
382 4999 439 5052 οἱ
465 4996 574 5049 τῶν
590 4995 920 5067 Ἐκκλησιῶν
961 4994 1266 5064 φωστῆρες,
1299 4990 1469 5059 ὀλίγοι
1500 5006 1634 5043 παν-

69 5087 211 5154 τελῶς
238 5092 336 5144 καὶ
377 5089 737 5161 εὐαρίθμητοι
766 5090 824 5141 ὲν
852 5089 919 5159 τῇ
946 5084 1246 5156 σκυθρωπῇ
1272 5082 1441 5153 ταύτῃ
1466 5097 1634 5157 κατα-

71 5180 254 5246 στάσει,
283 5176 410 5235 οἷον
452 5184 512 5234 ὲν
560 5181 870 5252 σκοτομήνῃ
910 5177 1340 5249 διαφαινόμενοι,
1374 5173 1512 5247 πρὸς
1552 5172 1631 5246 τῷ

124 5335 225 5406 (53)
263 5336 736 5405 τεθαῤῥηκότως.
764 5332 856 5388 Sic
883 5341 1110 5403 uterque
1123 5331 1300 5406 Coisl.
1325 5345 1448 5406 cum
1469 5329 1627 5406 aliis.

71 5399 217 5458 Editi'
241 5399 666 5479 τεθαρῥηκότες,
695 5399 873 5459 Paulo
906 5399 1037 5473 post
1072 5403 1206 5458 editi
1249 5402 1386 5527 ﬁgo;
1436 5399 1497 5453 τὸ
1533 5401 1630 5469 ὲφ-

71 5473 190 5527 ﬁt.
215 5475 356 5527 Tres
393 5475 761 5527 antiuuissimi
785 5474 1027 5527 codices.
1054 5471 1226 5527 Harl..
1302 5473 1414 5527 ed..
1460 5469 1625 5527 Coisl.

67 5473 190 5598 Ξῆς.
215 5475 356 5602 ἱεῖς
383 5469 761 5546 antiquissimi
785 5469 1027 5541 codices,
1054 5471 1227 5538 Harl.,
1250 5469 1414 5537 Med,
1460 5469 1625 5527 Coisl.

143 5561 193 5599 tn
273 5564 307 5601 ι
336 5563 398 5601 u.

123 5614 229 5684 (54)
269 5615 583 5685 Ἇσχολίφ,
618 5624 723 5671 etc.
757 5613 834 5678 Ita
855 5612 1008 5685 editi
1055 5621 1109 5669 et
1145 5611 1499 5685 vetustissimi
1530 5626 1627 5667 co-
1724 5623 1761 5679 p

67 5680 219 5740 dices.
259 5685 333 5740 At
360 5680 419 5741 in
457 5685 628 5740 Coisl.
668 5681 930 5746 secundo.
956 5682 1092 5751 Reg.
1125 5682 1395 5748 secundo.
1418 5680 1541 5751 vat.
1572 5688 1627 5735 et

67 5751 218 5811 Paris.
249 5756 335 5812 sic
404 5754 603 5827 legitur
648 5754 842 5813 titulus
896 5751 1171 5826 ’A'crxollcp
1214 5752 1496 5824 μονάζοντι
1533 5753 1626 5806 καὶ

1737 4807 1866 4871 tior,
1908 4808 2054 4877 quod
2105 4823 2214 4864 non
2263 4818 2635 4881 exspectatur.
2680 4810 2842 4869 Tales
2896 4824 2953 4870 et
2999 4830 3099 4871 vos
3133 4820 3303 4883 estis,

1734 4898 2110 4956 Ecclesiarum
2145 4902 2351 4958 lumina
2376 4944 2391 4968 ,
2420 4906 2578 4975 pauci
2609 4903 2901 4961 admodum
2933 4916 2987 4961 et
3019 4907 3179 4966 facile
3201 4912 3305 4966 nu?

1733 4992 2032 5048 merabiles
2053 5033 2069 5056 .
2099 4994 2153 5048 in
2208 4994 2312 5051 hac
2345 4996 2489 5053 tristi
2534 5013 2718 5054 rerum
2768 5000 3113 5065 conditione,
3146 5006 3303 5074 quasi

1731 5081 1787 5135 in
1824 5090 1985 5138 nocte
2033 5084 2190 5140 illuni
2238 5095 2630 5154 coruscantes,
2680 5099 2878 5161 praeter
2909 5092 3124 5150 virtutis
3177 5110 3305 5166 gra-

1733 5169 1895 5236 tiam,
1930 5172 2058 5228 inde
2087 5173 2251 5228 etiam
2282 5174 2429 5244 quod
2483 5177 2594 5230 rari
2635 5177 2758 5233 sitis
2801 5177 3059 5243 inventu,
3093 5180 3305 5237 deside-

1730 5328 2409 5406 ttpsoGuréptpLAscftolia
2429 5332 2684 5386 monacho
2715 5344 2766 5387 ct
2806 5333 3130 5406 presbytero.
3163 5335 3297 5406 Reg.

1767 5401 1937 5456 rimus
1969 5408 2025 5456 et
2060 5400 2255 5472 'Bigot.
2323 5402 2525 5457 habent
2565 5412 2774 5458 tantum
2806 5400 3087 5478 ’Ἁσχόλίῳ
3139 5400 3307 5479 μονάἐ

1761 5485 1893 5523 οντι.

1752 5544 1756 5551 ’
1792 5539 1913 5620 βε)
1958 5541 2073 5620 ’ξι-ἠ.
2105 5538 2191 5620 ςῷ
2236 5539 2568 5620 δείξαις-11³
2609 5542 2774 5605 Med.,
2809 5543 2963 5600 Harl.
3011 5558 3068 5601 et
3125 5532 3301 5603 Corsi;

1762 5610 1952 5665 rimus.
1982 5610 2119 5665 Editi
2148 5613 2211 5665 ὲκ
2233 5612 2327 5678 τοῦ
2358 5612 2546 5678 δεῖξαι.
3184 5622 3187 5625 ’

1796 5680 1986 5752 “Alias
2032 5669 2496 5752 CQCCXXXYII'I.
2545 5681 2755 5752 Scripta
2781 5698 2924 5740 anno
2952 5684 3075 5741 373.
3128 5703 3138 5722 ε
3222 5742 3225 5745 .

1809 5755 1848 5773 ⁶⁴
1888 5748 2037 5806 Alias
2063 5750 2460 5809 CCCXXXVII.
2497 5748 2713 5826 Scripta
2751 5771 2894 5812 anno
2923 5752 3047 5813 373.
3080 5773 3089 5780 '
3126 5761 3129 5764 ‘
3228 5760 3233 5767 '

3540 4790 3575 4817 ι
