3738 6486
561 299 666 354 θιό

1862 290 1901 346 s
1961 289 2210 347 nasum
2248 289 2458 346 MAG-Nl
3625 306 3699 376 cu

563 428 657 471 tua
691 413 1008 488 prudentia,
1036 421 1276 483 tempore
1305 409 1660 464 corroborata
1706 408 1845 462 mala
1888 409 2115 478 primum

2236 421 2331 457 σκε
2377 407 2476 474 τῆς
2495 403 2775 475 δυνάμεως
2822 405 3010 458 ἐνδεῖν.
3040 407 3114 460 οὐ
3146 407 3253 479 γὰρ
3289 409 3457 477 ἀγνοεῖ
3488 429 3566 466 σου
3593 419 3619 484 ἡ
3645 436 3699 471 τε.

563 509 780 580 quidem
841 515 1083 574 tempore
1147 504 1392 573 indigere
1451 512 1511 555 ut
1568 509 1879 556 sanentur:
1932 500 2129 555 deinde

565 601 694 655 l'orti
745 614 808 652 ac
864 599 1018 651 ﬁrma
1057 595 1251 665 agendi
1308 595 1555 656 ratione,
1607 594 1652 646 si
1689 595 1814 664 quis
1874 593 2002 647 velit
2059 591 2128 646 ad

565 692 733 745 imum
785 690 963 758 ipsum
1020 687 1330 756 pertingere
1366 725 1382 748 ,
1436 687 1574 740 adeo
1635 695 1691 739 ut
1748 685 2128 755 mgrotantium

563 780 739 836 morbi
769 778 1037 834 radicitus
1065 778 1387 832 evellantur.
1414 775 1533 831 Non
1570 787 1621 829 te
1655 777 1792 846 fugit
1811 776 1957 846 quod
1980 763 2125 840 dico,

564 889 628 929 ac
659 873 708 928 si
742 872 946 927 clarius
968 870 1299 940 loquendum
1368 871 1553 924 nullus
1592 871 1775 923 timor.

631 1114 687 1169 2.
743 1116 998 1168 Amorem
1047 1111 1132 1166 sui
1184 1107 1584 1180 consuetudine
1650 1107 1862 1162 diutina
1915 1107 2131 1162 radices

564 1205 620 1260 in
678 1195 874 1258 animis
927 1201 1214 1255 habentem
1261 1215 1437 1270 neque
1491 1199 1575 1252 vir
1635 1185 2132 1266 unusxexstirpare

565 1303 766 1368 potest,
811 1308 911 1347 nec
944 1293 1174 1362 epistola
1213 1307 1341 1356 una,
1384 1307 1487 1346 nec
1533 1299 1750 1361 tempus
1798 1291 1982 1345 breve.
2026 1289 2133 1343 Su-

564 1387 840 1458 spiciones
875 1384 1020 1440 enim
1052 1399 1115 1437 ac
1147 1382 1646 1438 contradictionum
1674 1382 1873 1452 iurgia,
1913 1381 2018 1437 nisi
2061 1382 2132 1435 sit

563 1479 761 1548 aliquis
793 1479 943 1548 pacis
968 1485 1249 1544 sequester
1276 1475 1601 1529 auctoritate
1636 1475 1866 1544 pollens,
1903 1473 2130 1528 omnino

561 1570 680 1626 tolli
706 1585 813 1624 non
843 1575 1092 1637 possunt.
1131 1565 1286 1631 Quod
1321 1567 1365 1619 si
1391 1565 1578 1636 gratia:
1609 1565 1707 1618 rivi
1743 1565 1795 1618 in
1833 1581 1918 1620 me
1947 1563 2132 1620 amne-

561 1669 704 1724 rent,
736 1662 781 1716 si
811 1671 865 1715 et
896 1674 1151 1714 sermone
1187 1668 1241 1712 ct
1273 1673 1439 1728 opere
1475 1669 1530 1712 ct
1562 1657 1722 1713 donis
1751 1655 2128 1728 spiritualibus

2230 493 2346 548 λεία
2403 496 2694 566 φρόνησις,
2740 497 2820 550 ὃτι
2883 498 3172 569 τά·χρόνῳ
3235 503 3564 572 κρατυνθέντα
3602 511 3696 581 πάθῃ

2230 589 2446 660 πρῶτον
2515 591 2612 660 μὲν
2665 590 2858 660 χρόνου
2904 591 3073 645 δεῖται
3131 593 3264 664 πρὸς
3316 595 3412 663 τὴν
3461 597 3694 669 διόρθωσιν·

2230 677 2421 730 ἔπειτα
2479 680 2701 749 ἰσχυρᾶς
2749 680 2841 732 καὶ
2894 681 3259 754 εὐτονωτέρας
3305 684 3506 754 ἀγωγῆς
3541 687 3639 755 (69),
3667 695 3697 742 εἱ

2233 770 2415 841 μέλλοι
2467 788 2552 834 τις
2595 772 2687 824 τοῦ
2744 773 2939 842 βάθους
2989 774 3152 828 αὐτοῦ
3206 775 3564 840 καθικνεῖσθαι,
3607 781 3697 834 ὥστε

2231 861 2502 934 πρόρριζα
2537 863 2737 928 ἐξελεῖν
2763 864 2874 917 τῶν
2900 866 3208 935 καμνόντων
3256 867 3323 920 τὰ
3364 869 3695 940 ἀρρωστήματα.

2230 950 2390 1017 Οἶδας
2417 954 2474 1007 δὲ
2495 953 2524 1006 ὃ
2549 954 2712 1024 λέγω,
2743 959 2834 1010 καὶ
2864 959 2912 1010 εἰ
2939 957 3020 1010 δεῖ
3048 959 3368 1029 τρανότερον
3396 962 3564 1025 εἰπεῖν,
3586 963 3696 1026 οὐδεὶς

2230 1047 2258 1099 ό
2285 1044 2468 1114 φόϐος.
2881 1077 2888 1088 ,

2298 1135 2354 1186 '2.
2386 1134 2497 1205 Τὴν
2530 1129 2812 1201 φιλαυτίαν
2833 1127 2942 1182 ἔθει
2969 1128 3164 1201 μακρῷ
3199 1133 3321 1193 ταῖς
3339 1130 3517 1201 ψυχαῖς
3543 1135 3698 1205 epeia...

2231 1223 2415 1277 θεῖσαν
2439 1217 2520 1286 εἷς
2553 1220 2692 1292 ἀνὴρ
2720 1219 2832 1290 (70)
2861 1219 3068 1274 ἀνελεῖν
3095 1221 3193 1289 οὐχ
3239 1216 3350 1282 οἷός
3389 1239 3463 1284 τε,
3505 1225 3588 1276 οὐδ’
3621 1229 3695 1277 ἑπι-

2233 1314 2393 1385 στολὴ
2425 1314 2544 1383 μία,
2566 1312 2685 1364 οὐδὲ
2712 1310 2898 1381 χρόνος
2920 1310 3142 1381 βραχύς,
3175 1311 3286 1375 Τὰς
3307 1312 3412 1382 γάρ
3430 1313 3628 1377 ὑπονοίας
3643 1320 3698 1369 ut

2229 1404 2326 1468 τὰς
2360 1404 2417 1470 ἐξ
2444 1402 2762 1472 ἀντιλογιῶν
2802 1402 3146 1472 παρατριϐὰς
3193 1404 3460 1468 παντελῶς
3498 1406 3698 1476 ἀναιρεθῇ

2230 1515 2339 1562 ναι,
2397 1497 2471 1568 μὴ
2513 1495 2825 1560 ἀξιοπίστου
2869 1494 3013 1557 τινὸς
3067 1496 3437 1564 μεσιτεύοντος
3469 1501 3525 1569 τῇ
3560 1501 3695 1571 εἰρήνῃ,

2229 1589 2525 1659 ἀμήχανον.
2571 1586 2682 1638 Καὶ
2715 1587 2764 1638 εί
2815 1586 2912 1656 μὲν
2955 1585 3180 1656 ὲπέρρει
3212 1588 3344 1656 ἡμῖν
3388 1587 3451 1640 τὰ
3492 1589 3608 1658 παρὰ
3639 1591 3697 1656 τῆς

2231 1681 2472 1752 χάριτος,
2502 1678 2596 1731 καὶ
2627 1673 2770 1750 ἦμεν
2802 1676 3020 1730 δυνατοὶ
3055 1675 3199 1747 λόγῳ
3241 1678 3339 1730 καὶ
3375 1677 3505 1749 ἔργῳ
3539 1683 3610 1732 καὶ

562 1753 791 1818 idoneus
835 1766 1036 1810 essem,
1077 1757 1135 1804 ut
1179 1765 1275 1804 eos
1308 1751 1400 1820 qui
1433 1749 1537 1804 sibi
1571 1749 1801 1805 invicem
1831 1749 2115 1805 adversan-

2229 1749 2619 1842 πνευματικοῖς
2643 1769 2946 1840 χαρίσμασι
2977 1768 3298 1839 δυσωπῆσαι
3340 1773 3459 1836 τοὺς
3501 1773 3696 1825 ἀντιδιατι-

560 1853 670 1909 tur,
701 1842 998 1906 ﬂecterem,
1053 1841 1324 1910 negotium
1374 1849 1584 1895 tantum
1632 1848 1780 1895 esset
1818 1841 2126 1910 suscipien-

559 1939 709 1992 dum.
751 1935 1121 1991 Fortetameu
1149 1949 1214 1987 ne
1239 1942 1367 1988 tunc
1395 1933 1614 2004 quidem
1648 1935 1805 1988 nobis
1840 1934 2123 1996 suaderes,

558 2039 618 2083 ut
649 2027 751 2084 soli
781 2025 848 2081 ad
877 2025 1313 2080 emendationem
1360 2024 1800 2096 aggrederentur.
1843 2042 1968 2079 cum
2011 2027 2124 2094 epi-

559 2135 763 2190 scopus
799 2120 870 2173 sit
909 2118 1001 2172 Dei
1028 2119 1226 2188 gratia,
1253 2118 1317 2171 ad
1346 2132 1509 2186 quem
1540 2102 1796 2172 Ecclesiae
1825 2132 1955 2172 cura
1986 2133 2121 2187 pra:-

557 2214 718 2283 cipue
766 2212 1022 2282 pertinet,
1071 2210 1163 2279 qui
1208 2225 1387 2278 neque
1425 2208 1490 2262 ad
1535 2225 1636 2264 nos
1675 2209 1858 2264 venire
1905 2218 2122 2280 potest,

557 2317 733 2372 neque
763 2301 924 2355 nobis
960 2301 1173 2355 interim
1202 2301 1271 2354 ob
1313 2300 1544 2352 hiemem
1579 2300 1926 2368 peregrinari.
1944 2299 2122 2363 facile,

556 2393 643 2448 vel
693 2393 875 2463 potius
921 2391 1072 2445 nullo
1113 2390 1274 2444 modo
1328 2389 1596 2458 integrum
1639 2397 1744 2450 est.
1800 2404 1909 2443 non
1947 2392 2124 2444 solum

556 2487 684 2557 quia
717 2501 922 2556 corpus
959 2485 1088 2538 mihi
1130 2483 1294 2555 246
1340 2483 1656 2537 inﬁrmitate
1695 2483 1904 2537 diutina
1933 2483 2123 2539 confe-
2169 2471 2186 2494 ⁸

557 2588 704 2633 ctum
732 2587 836 2642 est,
870 2577 965 2634 sed
992 2577 1156 2632 etiam
1195 2576 1320 2645 quia
1360 2576 1809 2630 Armeniacorum
1855 2576 2122 2631 montium

557 2672 821 2726 transitus
864 2671 1024 2740 paulo
1069 2677 1190 2739 post
1243 2667 1332 2721 ﬁet
1378 2668 1674 2737 impervius
1717 2668 1880 2722 etiam
1921 2668 1990 2722 iis
2028 2667 2122 2736 qui

554 2773 714 2820 «etate
754 2765 980 2819 omnino
1026 2764 1228 2833 vigent.
1278 2762 1451 2833 Atque
1500 2762 1615 2816 haec
1665 2759 1882 2830 quidem
1930 2760 1978 2814 ei
2028 2775 2124 2830 per

555 2859 766 2912 litteras
796 2856 1105 2926 signiﬁcare
1138 2871 1248 2910 non
1283 2855 1571 2924 gravabor.
1619 2851 1764 2907 Nihil
1811 2863 1989 2908 tamen
2028 2868 2125 2908 ex-

557 2959 747 3019 specto
799 2964 862 3001 ex
917 2949 1114 3002 litteris
1166 2947 1401 3016 alicujus
1450 2947 1711 3000 momenti
1763 2954 2119 3013 eventurum,

555 3051 669 3096 tum
705 3041 805 3094 viri
848 3031 1157 3095 accuratam
1199 3040 1391 3111 agendi
1441 3041 1705 3095 rationem
1738 3039 2117 3103 considerans,

2229 1861 2490 1936 θεμένους
2542 1860 2691 1932 (7|),
2749 1860 2854 1913 εδει
2914 1860 3329 1931 κατατολμῆσαι
3391 1862 3477 1916 τοῦ
3531 1864 3696 1915 τοσούτω

2226 1953 2547 2026 πράγματος
2567 1970 2581 1983 ·
2636 1951 2777 2022 τάχα
2821 1952 2877 2004 δὲ
2923 1952 3030 2004 οὐδ’
3077 1951 3144 2005 ἂν
3205 1951 3331 2006 τότε
3381 1953 3696 2007 συνεϐούλευες

2226 2047 2355 2116 ἡμῖν
2397 2045 2578 2115 μόνοις
2617 2045 2791 2098 ἐλθεῖν
2843 2045 2935 2096 ἐπὶ
2966 2044 3063 2114 τὴν
3098 2044 3483 2118 ἐπανόρθωσιν,
3512 2047 3625 2108 δντος
3643 2048 3696 2098 τώ

2225 2138 2523 2192 ἐπισκόπου
2542 2141 2608 2209 τῇ
2623 2136 2718 2190 τοῦ
2739 2135 2875 2190 Θεοῦ
2897 2136 3099 2207 χάριτι,
3120 2129 3164 2204 ᾧ
3184 2139 3217 2207 ἡ
3256 2138 3467 2208 φροντὶς
3490 2136 3696 2205 avium)

2226 2228 2648 2299 προηγουμένως
2703 2228 2801 2297 τῆς
2857 2226 3214 2297 Ἐκκλησίας·
3254 2226 3314 2280 ὃν
3351 2225 3468 2280 οὔτε
3505 2227 3625 2280 αὑτὸν
3651 2226 3696 2276 il.-

2226 2321 2339 2374 θεῖν
2373 2321 2509 2392 πρὸς
2535 2322 2682 2391 ἡμᾶς
2715 2314 2825 2373 οἷόν
2855 2336 2936 2379 τε,
2973 2318 3068 2372 καὶ
3104 2321 3238 2389 ἡμῖν
3265 2319 3697 2389 ἀποδημήσειν

2224 2412 2330 2465 ὑπὸ
2366 2411 2459 2465 τοῦ
2495 2411 2762 2482 χειμῶνος
2806 2412 2866 2464 οὐ
2913 2409 3114 2480 ῥᾴδιον,
3171 2409 3376 2478 μᾶλλον
3417 2410 3468 2463 δὲ
3511 2408 3697 2468 παντελῶς

2223 2504 2502 2570 ἀδύνατον,
2543 2505 2603 2558 οὐ
2647 2506 2805 2575 μόνον
2851 2503 3038 2558 καθότι
3086 2503 3148 2556 τὸ
3196 2503 3364 2572 σῶμά
3410 2520 3491 2574 μοι
3517 2503 3602 2569 (73)
3639 2502 3699 2554 ea

2229 2598 2446 2668 μακρᾶς
2479 2596 2786 2669 ἀρρωστίας
2816 2595 3136 2666 ἀπείρηκεν,
3191 2594 3312 2647 ἀλλ’
3341 2597 3423 2649 ὅτι
3458 2595 3538 2649 καὶ
3573 2595 3613 2646 αἱ
3638 2595 3699 2644 τὼν

2238 2688 2607 2758 Ἀρμενιακῶν
2666 2689 2721 2740 αἱ
2773 2687 3105 2759 ὑπερϐἀσεις
3155 2687 3353 2759 μικρὸν
3398 2685 3591 2758 ias-:5an
3621 2685 3700 2739 ἄει-

2223 2796 2304 2832 τοι
2333 2779 2446 2850 (74)
2482 2780 2720 2848 γίνονται
2761 2778 2856 2832 καὶ
2883 2779 2994 2841 τοῖς
3022 2779 3160 2832 πάνυ
3201 2777 3325 2831 καθ’
3378 2778 3564 2849 ἠλικίαν
3604 2792 3704 2842 sigm-

2223 2869 2381 2940 γῶτι.
2401 2871 2692 2942 Γράμματι
2719 2871 2774 2924 δὲ
2789 2868 2934 2940 αὐτῷ
2961 2871 3200 2940 σημᾶναι
3227 2871 3344 2942 (75)
3374 2869 3530 2923 ταῦτα
3546 2869 3592 2920 οὐ
3615 2883 3701 2934 πιρ-

2224 2965 2533 3036 αιτήσομαι.
2589 2965 2663 3016 UO
2717 2964 2899 3034 μέντοι
2947 2962 3226 3034 προσδοκῶ
3281 2981 3334 3015 τι
3369 2965 3430 3016 ὲκ
3467 2962 3556 3014 τῶν
3589 2976 3700 3027 γραμ-

2228 3059 2412 3130 μάτων
2467 3058 2743 3127 ἀξιόλογον
2783 3057 3188 3129 ἀποϐήσεσθαι,
3224 3056 3330 3126 τῆς
3376 3073 3435 3108 τε
3475 3054 3553 3106 τοῦ
3581 3050 3701 3119 ἀνδρὸς

554 3141 670 3188 tum
709 3135 882 3204 ipsam
913 3135 1214 3187 litterarum
1251 3143 1520 3194 naturam,
1546 3133 1673 3202 quia
1698 3147 1803 3186 non
1833 3134 1970 3187 solet
2000 3133 2115 3186 ido-

2226 3151 2511 3224 ἀκριϐείας
2552 3151 2940 3221 στοχαζόμενος
2985 3149 3080 3202 καὶ
3121 3148 3296 3218 αὐτῆς
3329 3148 3424 3217 τῆς
3449 3145 3618 3216 φύσεως
3638 3140 3702 3192 τῶν

555 3242 692 3282 neus
718 3240 840 3281 esse
873 3225 940 3279 ad
964 3225 1111 3280 clare
1140 3224 1580 3295 persuadendum
1611 3239 1792 3278 sermo
1827 3225 2120 3298 transmis-

556 3335 672 3376 sus.
699 3316 833 3371 Nam
865 3316 1036 3370 multa
1071 3332 1209 3386 opus
1240 3327 1322 3372 est
1355 3315 1558 3378 dicere,
1584 3330 1647 3369 ac
1676 3316 1843 3370 multa
1876 3315 2118 3370 vicissim

557 3409 769 3471 audire,
799 3416 852 3462 et
883 3425 1006 3477 qua:
1050 3409 1386 3477 objiciuntur
1431 3407 1713 3470 solvenda,
1749 3413 1803 3462 et
1837 3405 2118 3462 inferenda

553 3517 676 3574 quae
723 3500 1075 3563 sull‘ulciunt,
1128 3515 1360 3570 quorum
1407 3500 1542 3554 nihil
1590 3507 1769 3570 potest
1815 3500 2117 3554 litterarum

555 3607 757 3656 sermo,
807 3591 956 3646 iners
987 3598 1042 3645 et
1070 3577 1349 3646 inanimus
1380 3591 1435 3644 in
1472 3591 1658 3645 charta
1694 3590 1986 3660 projectus.
2015 3589 2120 3645 Ve-

554 3692 883 3748 rumtamen,
913 3682 1059 3753 quod
1086 3681 1196 3751 jam
1248 3682 1385 3746 dixi,
1419 3683 1662 3737 scribere
1691 3698 1796 3736 non
1830 3683 2116 3752 gravabor.

555 3774 712 3828 Scias
754 3781 970 3839 autem,
1016 3774 1182 3828 frater
1235 3790 1360 3829 vere
1400 3774 1812 3844 religiosissime
1855 3784 1908 3829 et
1959 3775 2119 3829 nobis

552 3866 1042 3929 desideratissime,
1076 3867 1282 3919 nullam
1333 3867 1464 3919 mihi
1515 3883 1638 3920 eum
1684 3882 1982 3936 quoquam,
2025 3867 2119 3926 Dei

551 3959 749 4028 gratia,
778 3959 1044 4027 privatam
1095 3975 1217 4016 esse
1266 3962 1694 4015 contentionem.
1741 3960 1928 4031 Neque
1972 3963 2117 4016 enim

553 4051 774 4103 memini
823 4067 907 4106 me
966 4053 1182 4107 curiose
1246 4053 1524 4122 inquirere
1591 4054 1861 4118 crimina,
1917 4057 2118 4125 quibus

553 4143 784 4212 quisque
834 4143 1101 4198 obnoxius
1149 4151 1233 4198 est
1279 4154 1372 4198 aut
1423 4145 1643 4199 dicitur.
1696 4146 1875 4213 Quare
1909 4147 1989 4202 sic
2022 4165 2118 4204 vos

552 4233 831 4288 attendere
878 4235 1160 4290 sententia:
1213 4251 1346 4292 mea:
1390 4240 1646 4294 convenit
1734 4248 1793 4294 ut
1838 4241 2115 4308 hominis,

549 4325 646 4394 qui
678 4324 813 4378 nihil
839 4341 903 4380 ex
935 4330 1297 4396 propensione
1325 4329 1504 4386 facere
1529 4333 1721 4401 possit,
1743 4349 1918 4404 neque
1955 4351 2119 4391 accu-

551 4415 856 4471 sationibus
878 4417 934 4471 in
962 4433 1287 4488 quemquam
1323 4434 1732 4491 praeoccupatus
1749 4427 1839 4481 sit.
1860 4425 2119 4482 Tantum-

2225 3243 2595 3312 γραμμάτων·
2628 3243 2710 3295 ὅτι
2741 3241 2801 3294 οὐ
2826 3240 3066 3309 πέφυκεν
3098 3239 3347 3311 ἐναργῶς
3384 3236 3601 3291 δύνασθαι
3633 3233 3703 3283 5w-

2225 3336 2392 3387 ωπεῖν
2414 3335 2442 3387 ό
2468 3335 2910 3405 διαπεμπόμενος
2935 3331 3110 3401 λόγος.
3128 3331 3310 3385 Πολλά
3330 3332 3422 3384 καὶ
3446 3324 3701 3384 ἀπακοῦπι.

2226 3426 2319 3478 καὶ
2355 3424 2514 3478 λῦσαι
2563 3426 2631 3478 τὰ
2671 3423 3063 3487 ὑποπίπτοντα,
3099 3422 3195 3475 καὶ
3235 3413 3700 3487 ἀνθυπενεγκεξνεῖῦ)

2224 3515 2294 3568 τὰ
2333 3514 2704 3587 ὑφορμοῢντα,
2749 3508 2826 3567 ὧν
2870 3513 3021 3566 οὐδὲν
3069 3511 3292 3565 δύναται
3325 3513 3354 3564 ὁ
3386 3513 3441 3564 ὲν
3480 3511 3572 3569 τοῖς
3594 3505 3702 3575 γράμ·

2229 3622 2360 3675 μασι
2380 3605 2556 3674 λόγος,
2593 3605 2759 3677 ἀργὸς
2780 3606 2873 3658 καὶ
2904 3604 3109 3675 ἄψυχος
3139 3605 3196 3657 ὲν
3234 3602 3316 3674 τῷ
3349 3603 3512 3673 χάρτῃ
3531 3599 3700 3669 65pm-

2228 3701 2406 3770 μένος.
2457 3699 2602 3769 Πλὴν
2645 3698 2780 3762 ἀλλ’,
2818 3698 2956 3768 ὅπερ
2998 3696 3151 3768 ἔφην.
3195 3695 3299 3771 οὐκ
3351 3695 3606 3761 ἀποκνήσω
3635 3685 3700 3755 (7η

2224 3791 2449 3862 γράψαι.
2502 3790 2741 3844 Γίνωσκε
2790 3790 2991 3858 μέντοι,
3048 3788 3120 3851 ὡς
3174 3786 3393 3858 ἀληθῶς
3437 3781 3699 3838 conﬁrma

2225 3884 2319 3936 καὶ
2344 3882 2682 3952 πολυπόθητε
2709 3883 2839 3953 ἡμῖν
2881 3879 3097 3948 ἀδελφὲ,
3131 3879 3212 3930 ὅτι
3261 3877 3487 3948 οὐδεμία
3516 3890 3589 3944 μοι
3617 3869 3701 3939 πρὸς

2224 3972 2409 4026 οὐδένα
2435 3975 2502 4044 τῇ
2528 3972 2623 4026 τοῦ
2655 3972 2788 4025 Θεοῦ
2820 3973 3000 4044 χάριτι
3034 3968 3312 4032 ἰδιάζουσὰ
3335 3971 3447 4021 ὲσ·ι
3467 3962 3699 4036 φιλονεικὲι.

2225 4063 2358 4118 Οὐδὲ
2407 4063 2515 4135 γὰρ
2571 4064 3098 4135 πολυπραγμονήσας
3149 4057 3264 4115 οἶδα
3320 4063 3387 4116 τὰ
3439 4059 3699 4130 ἐγκλήματα.

2223 4149 2304 4218 οἷς
2365 4153 2596 4220 ἕκαστος
2663 4155 2961 4218 ὑπεύθυνος
3011 4154 3044 4226 ἢ
3096 4153 3281 4214 ἔστιν,
3347 4154 3380 4224 ἢ
3444 4148 3699 4221 ὀνομάζεται.

2226 4246 2384 4300 Ὥστε
2425 4247 2598 4312 οὕτως
2644 4250 2785 4318 ὑμᾶς
2834 4249 3120 4320 προσέχειν
3171 4250 3236 4318 τῇ
3289 4246 3524 4318 ἡμετέρᾳ
3564 4237 3701 4303 διανθίὲ

2223 4342 2508 4413 προσήκει,
2539 4341 2613 4405 ὡς
2648 4341 2811 4413 μηδὲν
2849 4341 3004 4413 ἡμῶν
3051 4339 3367 4411 δυναμένων
3408 4337 3597 4408 ποιῆσαι
3614 4328 3702 4382 κατὰ

2222 4433 2541 4502 πρόσκλισιν
2577 4434 2710 4506 (78),
2758 4435 2890 4504 μηδὲ
2931 4433 3383 4505 προειλημμένων
3411 4432 3484 4494 είς
3505 4429 3586 4498 τὴν
3615 4419 3701 4475 κατά

641 4568 1566 4668 βι>...ξθῖτεῖεῖςι,.ξεξιηπξιεες,ροις-
1619 4575 1764 4668 eam
1793 4579 2112 4668 ξιατωγῆς.

2265 4585 2403 4668 ~('15)
2441 4585 2730 4655 Σημᾶναι.
2772 4583 2909 4644 Tres
2952 4603 3084 4645 mss.
3119 4604 3228 4643 non
3272 4581 3612 4658 antiquissimi
3643 4591 3698 4640 πη·

548 4639 656 4716 Nec
688 4641 860 4716 multo
887 4639 1008 4716 post
1037 4643 1166 4697 editi
1195 4646 1289 4697 καὶ
1315 4646 1490 4710 οὐδεὶς
1519 4648 1546 4698 ό
1575 4648 1757 4716 φόϐος.
1793 4639 1952 4705 Deest
1976 4639 2110 4704 (δὀίῖ-

544 4711 762 4836 juncti?
795 4713 847 4766 in
892 4713 1071 4768 tribus
1101 4715 1493 4772 vetustissimis
1533 4711 1820 4775 codicibus
1855 4729 1908 4776 et
1932 4721 2111 4793 Regio

550 4798 732 4836 secum
759 4797 810 4836 ο.
996 4804 1000 4808 ·

550 4797 810 4836 εεςιιιιιιο.
996 4804 1000 4808 ’

620 4853 731 4927 (:10)
781 4852 982 4927 ᾋινιήρΓ
999 4853 1157 4927 Deest
1184 4855 1237 4908 in
1269 4855 1435 4911 Coisl.
1470 4859 1648 4927 primo
1675 4869 1730 4914 et
1767 4859 1903 4915 Med.

617 4924 727 4996 (71)
775 4924 918 4996 Τρὺς
946 4924 1535 4996 ᾀνγιδιιιτιθεμένούς.
1567 4928 1644 4983 lta
1672 4947 1766 4987 sex
1803 4947 1937 4988 mss.
1972 4931 2115 4988 Editi

547 4996 660 5064 τοῖς
689 4993 1218 5064 ἀντιδιατιθεμένοις.

618 5063 739 5142 (⁸72).
783 5061 1122 5142 ’ᾼνῆκςιιο
1177 5065 1349 5129 Harl.,
1387 5066 1530 5124 Med.
1567 5077 1621 5142 et
1655 5067 1828 5142 Coisl.
1879 5074 2110 5142 primus.

549 5131 688 5204 Editi
716 5135 926 5204 ἀνήκει.
960 5133 1130 5188 Paulo
1175 5148 1297 5204 post
1332 5146 1443 5192 tres
1481 5140 1703 5194 eosdem
1732 5131 1956 5198 codices
1987 5160 2110 5198 cum

548 5201 718 5275 Regio
765 5201 1008 5286 secundo
1037 5201 1332 5286 sequimur
1356 5209 1410 5286 i_n
1444 5208 1544 5286 hac
1574 5226 1708 5286 voce
1738 5213 2113 5286 ἀποδημήσειν

548 5274 740 5350 pro_eo
764 5274 1054 5350 q_u_od_erat
1079 5274 1150 5350 iu_
1166 5279 1331 5350 editis
1361 5279 1680 5350 ἀποδημεῖν.

618 5345 727 5421 (Ῑβ)
764 5344 939 5421 ζῶμα
977 5363 1098 5421 μοι.
1135 5347 1271 5403 Med.
1312 5361 1368 5404 et
1408 5344 1582 5404 Cois].
1624 5352 1834 5421 primus
1867 5362 1923 5408 et
1970 5372 2113 5410 unus

547 5429 610 5466 ex
647 5413 830 5486 Regiis
867 5414 1028 5484 σῶμά
1063 5434 1183 5486 μου.

623 5483 730 5562 (ﬁt)
759 5483 1015 5562 πλωτά.
1049 5483 1140 5542 Sic
1166 5489 1296 5562 editi
1341 5499 1398 5545 et
1437 5492 1861 5562 harl.secunda
1910 5511 2108 5562 manu;

548 5553 846 5630 at_in_al_iis
875 5564 1078 5630 septem
1115 5573 1249 5630 mss.
1287 5561 1487 5630 legitur
1517 5561 1784 5620 ἀδύνατοι.
1820 5565 1912 5618 Sic
1936 5553 2102 5620 etiarn

549 5622 738 5698 habuit
774 5622 1092 5698 llarlaganus
1131 5629 1300 5698 codex
1338 5622 1510 5698 prima
1549 5649 1736 5688 manu.
1767 5633 2104 5693 Crediderim

545 5692 804 5749 Basilium
839 5695 1129 5764 scripsisse
1157 5692 1350 5753 ἄδυτοιζ

2301 4673 2409 4710 ναι.

2221 4672 2963 4798 μγῧἙῗ-Ἀνθυπενεγκεῒκ
2987 4727 3156 4782 Ceisl.
3199 4728 3408 4797 primus
3457 4729 3696 4798 ἀντεπενετ’

2216 4799 2358 4868 κεῖνἶ
2422 4795 2565 4868 Idem
2628 4794 2800 4852 codeii
2856 4814 2980 4853 cum
3040 4794 3212 4860 Harl.,
3256 4798 3419 4868 Med.,
3470 4794 3611 4853 Coisl.
3648 4800 3700 4837 St“

2216 4866 2400 4940 cun_d_o
2431 4866 2649 4940 etReg.
2683 4869 2845 4940 habet
2873 4869 2942 4923 τὰ
2972 4869 3318 4940 ὑφορμῶντα.
3409 4866 3413 4868 ν
3497 4939 3502 4940 ί
3558 4925 3564 4930 .

2287 4937 2398 5008 (Π)
2436 4939 2556 4991 Οὐκ
2596 4932 2943 5008 ἆποκνήσω.
2979 4932 3052 4992 Ita
3081 4932 3175 4993 sex
3205 4956 3338 5007 mss.
3371 4939 3507 4995 Edtti
3533 4932 3632 5008 0'55:-

2285 5001 2832 5080 (78)_de0'x.1¢mr.
2881 5008 3084 5065 Nititur
3135 5003 3255 5063 haec
3290 5013 3549 5080 scriptura

2215 5067 2458 5132 secundo
2481 5067 2679 5133 codice
2703 5087 2758 5131 et
2786 5081 2955 5136 Coisl.
2985 5080 3245 5139 secundo,
3277 5090 3330 5135 et
3362 5067 3502 5134 llarl.
3527 5067 3696 5139 secunda

2214 5163 2400 5201 manu.
2441 5147 2582 5201 Editi
2619 5150 2974 5223 ﬁpdavllr‘atv.
3018 5149 3128 5223 Hic
3159 5137 3338 5223 autem
3364 5152 3492 5223 licet
3523 5137 3696 5223 annual:

2211 5228 2425 5291 vertere
2471 5233 2738 5291 summam
2781 5220 2965 5277 Basilii
3016 5222 3161 5276 inter
3205 5221 3354 5291 ipsas
3398 5220 3696 5291 dissensiollf‘i

2212 5288 2565 5343 charitatem.
2608 5289 2882 5346 Meletium
2910 5299 2962 5347 et
2987 5307 3152 5347 causa
3185 5288 3242 5347 et
3270 5292 3547 5346 sanctitate
3577 5288 3696 5353 potio-

2211 5372 2324 5411 rem
2360 5359 2614 5432 deserere
2649 5377 2759 5415 non
2794 5371 3044 5432 poterat;
3078 5363 3172 5419 sed
3203 5378 3232 5415 a
3263 5358 3695 5432 Paulino__i_|_|IIISQ}ll_‘

2213 5431 2599 5493 sectatoribus,
2663 5441 2722 5484 ut
2775 5417 3428 5493 orthodoiis’l'ratribus.
3477 5417 3695 5493 diligendis.

2211 5513 2318 5573 r_Ion
2352 5483 2714 5573 discedebat.
2737 5483 3336 5573 iadué'édnii'rm’sFih'
3353 5483 3505 5573 epist.
3541 5483 3618 5573 ill
3652 5483 3694 5573 ἐξ

2211 5565 2504 5642 Terentium
2558 5565 2824 5627 comitem:
2867 5572 3121 5629 Eamdem
3157 5574 3321 5627 animi
3350 5565 3693 5642 moderationefn

2208 5651 2413 5714 Pl'ﬁse
2449 5639 2552 5694 fert
2582 5642 2840 5714 inrepist.
2873 5644 2979 5698 258
3013 5646 3080 5698 ad
3109 5712 3118 5714 _
3143 5643 3504 5714 Epiphaniam,
3543 5636 3615 5714 ubi
3646 5641 3676 5714 Sf

2207 5697 2430 5778 gniﬁcat
2463 5725 2522 5767 se
2551 5697 2726 5767 multa
2750 5697 2970 5770 quidem
3003 5697 3068 5771 ex
3098 5697 3360 5770 fratribus
3390 5697 3629 5766 audivisse
3650 5697 3692 5751 δέ
