3738 6488
73 429 145 485 σεδ

72 551 136 603 ui
149 546 322 618 ἀληθὲς,
350 545 421 598 δτι
452 543 509 597 οὐ
532 544 857 616 γέγραπται.
885 547 959 600 Τὸ
983 548 1027 600 δ’
1051 549 1114 602 ὲκ
1143 551 1241 619 τῆς
1284 546 1378 604 τοῦ
1406 549 1538 604 ἀκο-
1565 555 1611 610 Α

71 639 201 691 iri-3001i
238 637 492 707 ἐπιφορᾶς,
542 636 602 688 τδ
639 637 912 708 σιωπηθὲν
955 637 1360 708 συλλογίζεσθαι
1386 640 1552 710 νομο-ἰπ

70 730 273 794 imiimi;
296 729 448 792 ἐστιν,
469 728 528 782 οὐ
547 729 618 782 τὰ
636 727 729 782 τοῦ
754 729 916 801 νόμου
941 730 1189 806 λέγοντος
1210 748 1224 762 ο
1255 732 1374 784 ἐπεὶ
1394 732 1554 786 οὗτοί

69 840 106 889 γε
147 821 318 887 ἐξέσται
361 820 434 890 τῷ
477 819 781 892 βουλομένῳ
835 823 1244 895 κατατολμῆσαι
1295 823 1388 885 καὶ
1454 825 1550 877 ἔτι

69 912 191 982 ζώσης
205 912 286 982 τῆς
308 911 547 980 γυναικὸς
575 911 868 983 λαμϐάνειν
900 914 1000 984 τὴν
1033 914 1284 985 ἀδελφήν.
1321 915 1394 968 Τὸ
1427 914 1552 986 γάρῖ

68 1005 154 1057 αὐτὸ
182 1003 308 1056 τοῦτο
355 1005 584 1074 σόφισμα
642 1006 737 1058 καὶ
779 1007 866 1058 ἐπ’
904 1007 1114 1060 ἐκείνου
1164 1007 1412 1078 ἁρμόζει.
1442 1008 1479 1060 Γ
1483 1008 1536 1060 έ-

69 1113 237 1170 γραπται
262 1095 374 1164 γὰρ,
409 1097 588 1166 φησὶν,
628 1100 709 1150 Οὐ
757 1096 929 1166 λήψῃ
973 1097 1311 1167 ἀντίζῇλον,
1337 1097 1412 1162 ὡς
1437 1101 1536 1170 τήν

68 1186 198 1255 τεξξω
240 1187 320 1239 τοῦ
348 1187 503 1256 ζῆλου
540 1187 722 1241 λαϐεῖν
750 1190 870 1244 οὐκ-
895 1189 1186 1246 ἐκώλυσεν.
1233 1191 1290 1243 '0
1319 1191 1382 1262 δὴ
1413 1208 1537 1244 συν-

66 1279 215 1349 πτερῶν
260 1278 327 1350 τῷ
378 1279 534 1333 πάθει
589 1280 926 1350 ἀζηλότυπον
974 1279 1113 1336 εἶναι
1164 1282 1441 1355 διοριεῖται
1476 1284 1538 1338 τὸ

65 1369 149 1440 ἦθος
185 1372 272 1424 τῶν
313 1372 566 1442 ἀδελφῶν.
622 1374 994 1446 Ἀνῃρημένης
1050 1369 1141 1428 οὖν
1182 1375 1283 1445 τῆς
1333 1375 1535 1440 αἰτίας,

65 1463 105 1513 δι’
127 1465 172 1531 ἦν
192 1464 502 1534 ἀπηγόρευσε
535 1465 633 1535 τὴν
669 1464 992 1538 ἀμφοτέρων
1034 1467 1364 1538 συνοίκησιν,
1397 1468 1450 1520 τί
1476 1467 1538 1520 τὸ

66 1556 203 1606 κωλύσει
231 1555 360 1610 ἔσται
394 1557 466 1627 (8)
496 1555 796 1627 λαμϐάνειν
844 1557 945 1620 τὰς
988 1557 1250 1627 ἀδελφάς-ς
1282 1558 1430 1612 ’Ἀλλ’
1474 1558 1536 1610 ού

64 1649 282 1714 τέτραπται
323 1647 505 1712 ταῦτα,
538 1651 804 1720 φήσομεν·
864 1648 1001 1702 Ἀλλ’
1048 1650 1167 1702 οὐδὲ
1197 1647 1536 1720 ἐκεῖναιῶρι“

65 1754 154 1789 sui.
195 1738 243 1789 Ἡ
271 1737 320 1790 δὲ
370 1738 543 1792 ἔννοια
602 1740 698 1794 τοῦ
742 1739 1034 1797 ἀκολούθου
1071 1739 1271 1810 ὁμοίως
1296 1739 1536 1810 ἁμφοτέτ-

62 1845 142 1897 ραις
163 1827 221 1898 (9)
239 1828 323 1899 τὴν
347 1829 524 1883 ἄδειαν
546 1831 781 1885 δίδωσιν.
805 1831 951 1886 Ἔδει
982 1830 1060 1896 δὲ,
1095 1831 1189 1886 καὶ
1215 1831 1408 1904 μικρὸν
1424 1830 1536 1902 (10)

61 1919 119 1969 ἐπὶ
157 1919 207 1971 τὰ
247 1920 458 1973 κατόπιν
513 1921 618 1991 τῆς
672 1921 992 1994 νομοθεσίας
1045 1921 1530 1992 ὲπαναδραμόντα,

59 2010 314 2080 ἀπηλλάχθαι
360 2014 719 2084 πραγμάτων.
787 2015 970 2069 Ἔοικε
1025 2013 1134 2084 γὰρ
1173 2014 1232 2066 ού
1262 2014 1369 2066 πᾶν
1396 2009 1532 2076 εἶδος

60 2101 374 2172 ἁμαρτημάτων
436 2105 864 2176 περιλαμϐάνειν
935 2105 965 2156 ὁ
1037 2103 1362 2178 νομοθέτης·
1418 2103 1531 2157 ἀλλ’

1563 1914 1608 1968 Β

176 2193 501 2264 ἀπαγορεύειν
531 2195 603 2248 τὰ
652 2195 761 2249 τῶν
806 2194 1141 2264 Αἰγυπτίων,
1173 2194 1294 2248 ὅθεν
1323 2195 1532 2267 ἀπῆρεν

58 2285 76 2334 ὸ
104 2284 284 2354 Ἰσραὴλ,
311 2287 399 2339 καὶ
429 2285 498 2339 τὰ
544 2286 656 2339 τῶν
693 2286 1035 2351 Χαναναίων,
1069 2285 1205 2356 πρὸς
1258 2283 1350 2347 οὓς
1403 2284 1533 2354 μεθ-

57 2375 217 2431 ίπτται.
245 2381 380 2450 Ἔχει
431 2380 540 2450 γὰρ
573 2380 748 2444 οὓτως
777 2383 809 2451 ἡ
835 2379 978 2443 λέξις
1001 2397 1016 2410 ·
1046 2379 1207 2434 Κατὰ
1239 2377 1308 2432 τὰ
1336 2378 1534 2444 ἐπιτη-

55 2467 237 2536 εεύμιιτα
276 2469 372 2538 τῆς
396 2474 724 2542 Αἰγύπτου,
787 2473 857 2526 ἐν
903 2471 941 2541 ᾖ
1005 2469 1399 2538 παρῳκήσατε
1437 2469 1530 2520 ἐπ’

53 2559 274 2626 αὐτῆς,σύ
313 2563 621 2629 ποιήσετε·
673 2563 769 2616 καὶ
815 2563 963 2616 κατὰ
1003 2560 1074 2614 τὰ
1099 2559 1532 2628 ἐπιτηδεύματα

55 2650 123 2716 ζ’ἦς
159 2653 380 2719 Χαναὰν,
416 2657 503 2721 εἰς
549 2653 630 2721 ἣν
671 2653 786 2724 ἐγὼ
825 2652 1045 2717 εἰσάξω
1089 2651 1244 2720 ὑμᾶς
1281 2650 1425 2716 ἐκεῖ,
1458 2652 1531 2704 οὑ

52 2742 269 2808 micare,
322 2747 413 2799 καί
445 2747 514 2799 ἐν
561 2745 686 2810 τοῖς
740 2746 1012 2814 νομίμοις
1043 2744 1154 2814 (il)
1214 2741 1411 2796 αὐτῶν
1457 2742 1530 2795 οὑ

51 2835 350 2899 πιρεύσεσθε.
385 2835 548 2888 Ὥστε
611 2834 770 2888 τοῦτο
825 2834 970 2898 εἰκός
1013 2850 1117 2886 που
1159 2832 1271 2903 (12)
1303 2832 1363 2884 τὸ
1394 2827 1532 2894 εἶδος

50 2925 110 2994 τῆς
148 2927 380 2998 ἁμαρτίας
434 2929 508 2999 μὴ
569 2926 1019 2999 ἐμπολιτεύεσθαι
1075 2925 1195 2980 τότε
1231 2925 1380 2996 παρὰ
1418 2927 1531 2988 τοῖς

49 3015 283 3072 ἔθνεσι·δώ
315 3022 443 3092 μηδὲ
496 3021 600 3091 τῆς
653 3023 738 3073 ἐπ’
773 3019 921 3090 αὑτῷ
970 3017 1210 3088 φυλακῆς
1255 3016 1532 3086 προσδεηη

47 3106 149 3175 θῆναι
183 3110 257 3163 τὸν
296 3113 608 3184 νομοθέτην,
639 3111 753 3165 ἀλλ’
790 3110 1124 3182 ἀρκεσθῆναι
1155 3109 1229 3180 τῷ
1264 3108 1530 3178 ἁδιδάκτῳ

46 3196 114 3249 iis:
151 3202 258 3272 πρὸς
309 3205 402 3276 τὴν
447 3204 541 3257 τοῦ
585 3203 788 3275 μύσους
831 3200 1104 3272 διαϐολήν.
1166 3200 1291 3263 Πῶς
1329 3196 1444 3263 οὖν,
1467 3199 1527 3252 τὸ

47 3291 171 3355 μεξωι
219 3297 610 3367 ἀπαγορεύσας,
643 3295 702 3348 τὸ
759 3294 976 3348 ἔλαττον
1024 3291 1357 3360 ὲσιώπησεν;
1404 3293 1523 3344 Ὅτι

878 422 1368 481 EPISTULABUM
1405 419 1690 498 CLASSIS
1727 417 1806 484 1η-
1835 420 2055 482 EPIST.
2097 420 2265 484 CLX.

1635 1005 1868 1060 viventis
1920 1003 2110 1059 uxoris
2178 1003 2426 1075 accipere
2480 1019 2748 1060 sororem.

3104 423 3216 479 (ἱἓᾶ

1636 545 1841 608 “cimus,
1872 543 2021 615 quod
2056 553 2230 600 tutum
2264 544 2419 601 nobis
2452 555 2539 600 est
2565 553 2621 601 et
2664 560 2873 612 verum,
2921 545 3024 600 hoc
3073 548 3208 602 scri-

1636 645 1788 707 ptum
1823 653 1932 693 non
1963 653 2107 693 esse.
2157 635 2314 702 Quod
2363 647 2543 692 autem
2595 639 2812 694 silentio
2869 640 3204 707 praetermis-

1636 743 1757 783 sum
1793 736 1898 793 est,
1948 728 2003 782 id
2034 708 2131 799 per
2157 729 2563 785 consecutionis
2590 729 2887 784 illationem
2925 730 3204 801 colligere.

1634 819 1964 890 legislatoris
1990 827 2096 885 est,
2128 837 2239 878 non
2261 823 2429 892 legem
2464 821 2765 888 recitantis;
2802 822 3071 892 siquidem
3102 822 3207 877 hoc

1635 917 1794 980 pacto
1824 910 2012 966 licebit
2056 910 2260 966 volenti
2303 910 2516 967 facinus
2553 911 2795 981 aggredi,
2829 913 2993 966 etiam
3026 913 3209 969 adhuc

2831 1003 2964 1058 Nam
3027 1006 3206 1076 ipsum

1635 1092 1768 1148 illud
1807 1094 2086 1164 sophisma
2121 1094 2289 1150 etiam
2336 1094 2403 1150 ad
2436 1111 2556 1151 eam
2597 1091 2721 1151 rem'
2747 1097 3055 1166 appositum
3092 1106 3197 1151 est.

1637 1185 1915 1256 Scriptum
1958 1196 2044 1242 est
2075 1225 2093 1252 ,
2157 1186 2335 1258 inquit
2370 1227 2386 1253 ,
2454 1186 2578 1242 Non
2625 1188 2847 1256 accipies
2909 1189 3154 1244 aemulam
3184 1205 3208 1242 :

1635 1276 1866 1346 proinde
1911 1276 2088 1346 accipi
2133 1292 2254 1332 eam
2300 1289 2453 1333 extra
2495 1278 2900 1335 aemulationem
2929 1293 3039 1335 non
3074 1293 3205 1348 pro-

1635 1365 1832 1421 hibuit.
1882 1365 1986 1433 Qui
2025 1374 2207 1423 autem
2258 1368 2470 1424 libidini
2511 1368 2967 1440 patrocinabitur,
3033 1386 3205 1428 temu-

1637 1456 1862 1514 lationis
1894 1467 2172 1528 expertem
2213 1475 2336 1516 esse
2384 1459 2673 1518 aiiirmabit
2727 1460 2968 1517 indolem
3038 1476 3198 1518 soro-

1637 1564 1778 1607 rum.
1828 1549 2008 1616 Quare
2049 1551 2265 1607 sublata
2314 1568 2521 1617 causa,
2568 1553 2638 1609 ob
2697 1568 2862 1624 quam
2920 1553 3214 1615 ambarum

1635 1643 1971 1698 connubium
2029 1645 2353 1715 prohibuit,
2411 1648 2544 1717 quid
2597 1647 2856 1717 impediet
2911 1647 3220 1717 quominus.

1636 1748 1857 1791 sorores
1907 1736 2244 1807 accipiantur
2267 1737 2299 1791 t-
2353 1736 2460 1794 Sed
2490 1739 2603 1797 hac
2631 1739 2836 1809 scripta
2870 1755 2980 1796 non
3026 1753 3157 1802 sunt
3187 1784 3203 1807 ,

1637 1825 1868 1882 aiemus.
1940 1825 2044 1884 Sed
2098 1843 2276 1898 neque
2330 1828 2423 1883 illa
2478 1837 2685 1885 statuta
2736 1838 2884 1886 sunt.
2920 1829 3216 1886 Consecu-.

1635 1916 1801 1972 tionis
1831 1924 2014 1978 autem
2073 1917 2430 1989 intelligentia
2459 1920 2664 1989 pariter
2721 1920 2988 1976 ambabus
3038 1921 3222 1977 licen-_

1634 2008 1764 2064 tiam
1831 2009 2042 2066 tribuit.
2093 2009 2298 2064 Verum
2359 2012 2646 2082 oportebat
2694 2013 2972 2083 paulisper
3033 2013 3102 2068 ad
3139 2029 3204 2069 ea

1633 2116 1754 2171 quae
1819 2101 1990 2173 legem
2053 2103 2368 2171 prmcedunt
2427 2105 2809 2169 recurrendo,
2890 2104 3221 2167 difﬁcultate,

1634 2192 1874 2246 liberari.
1930 2191 2157 2248 Videtur
2186 2196 2330 2248 enim
2366 2209 2474 2251 non
2522 2211 2685 2252 omne
2714 2210 3060 2266 peccatorum
3110 2213 3216 2268 εει--

1634 2299 1738 2337 nus
1809 2284 2273 2354 comprehendere
2333 2287 2613 2357 legislator
2653 2305 2668 2342 :
2705 2289 2802 2344 sed
2859 2291 3204 2361 peculiariter

1632 2373 2012 2446 Egyptiorum
2070 2379 2214 2434 unde
2276 2377 2441 2435 lsrael
2495 2381 2724 2445 exierat,
2779 2393 2834 2436 et
2863 2383 3202 2438 Chananteo-

1631 2479 1752 2518 rum
1783 2466 1851 2520 ad
1894 2481 2033 2536 quos
2083 2467 2551 2537 transferebatur,
2623 2487 2803 2530 mores
2849 2474 3198 2531 interdicere.

1635 2556 1725 2613 Sic
1759 2561 1902 2614 enim
1951 2561 2115 2616 habet
2156 2561 2224 2614 ad
2284 2563 2511 2617 verbum
2549 2583 2564 2619 :
2625 2564 2924 2619 Secundum
2953 2567 3220 2626 instituta

1632 2661 1784 2706 terra:
1836 2651 2098 2723 Egypti,
2141 2655 2195 2708 in
2249 2671 2355 2724 qua
2401 2655 2682 2712 habitastis
2735 2658 2787 2710 in
2817 2675 2879 2712 ea
2915 2698 2930 2722 ,
2964 2675 3066 2712 non
3117 2659 3205 2728 [a-

1631 2743 1779 2797 cietis
1826 2760 1844 2797 :
1899 2754 1950 2798 et
2003 2745 2287 2817 sccpndum
2332 2747 2577 2801 instituta
2614 2757 2766 2802 terra:
2798 2748 3087 2816 Chanaan,
3143 2752 3202 2803 in

1629 2850 1787 2904 quam
1819 2851 1912 2903 ego
1947 2834 2194 2889 inducam
2230 2853 2316 2890 vos
2365 2837 2494 2892 illuc
2521 2877 2536 2900 ,
2593 2855 2696 2892 non
2746 2838 2954 2907 facietis
2982 2877 2998 2902 ,
3041 2855 3201 2909 neque

1630 2927 1684 2980 in
1729 2928 1975 2998 legitimis
2037 2945 2218 2982 eorum
2283 2929 2714 2985 ambulabitis".
2757 2929 3063 2988 Verisimile
3115 2937 3202 2986 est

1631 3015 1734 3070 hoc
1767 3017 1976 3087 peccati
2011 3033 2184 3089 genus
2223 3027 2354 3076 tunc
2383 3019 2524 3075 inter
2551 3029 2742 3091 gentes
2774 3035 2884 3076 non
2932 3019 3226 3090 viguisse,

1631 3108 1972 3181 Quapropter
2005 3125 2152 3180 qpus.
2178 3126 2288 3165 non
2346 3109 2800 3182 fuitlegislatori.
2843 3119 2902 3166 ut
2935 3111 3068 3167 illud
3108 3126 3202 3168 ca-

1629 3201 1864 3257 vendum
1889 3210 2109 3258 curaret
2142 3219 2157 3256 :
2185 3203 2280 3259 sed
2316 3205 2450 3260 satis
2479 3205 2530 3260 ei
2573 3205 2674 3260 fuit
2704 3221 2822 3262 mos
2859 3220 2970 3262 non
2997 3204 3223 3262 doctus-

1627 3289 1695 3344 ad
1746 3291 1971 3348 sceleris
2027 3292 2525 3362 reprehensionem.
2579 3295 2864 3361 Quomodo
2894 3297 3058 3366 igitur
3084 3311 3200 3350 ma-

46 3381 159 3436 ὲίόκει
183 3387 382 3452 πολλοὺς
413 3389 525 3442 τῶν
561 3388 929 3459 φιλοσάρκων,
964 3387 1098 3456 πρὸς
1131 3385 1191 3438 τὸ
1217 3385 1297 3438 ἔτι
1323 3383 1524 3449 ζὼσαις

1691 3396 1743 3436 re
1795 3383 2002 3448 vetito,
2041 3384 2224 3438 minus
2277 3385 2678 3455 praetermisit?
2713 3385 2852 3452 Quia
2908 3388 3198 3444 videbatur

44 3472 222 3544 ἀδελφαῖς
273 3485 530 3534 συνοικεῖν
557 3521 573 3542 .
643 3481 704 3533 τὸ
757 3479 1061 3549 ὑπόδειγμα
1125 3477 1381 3548 βλάπτειν
1429 3475 1522 3530 τοῦ

44 3571 312 3641 τατριάριιου.
353 3575 531 3644 nixa;
585 3573 641 3626 δὲ
689 3572 743 3626 τι
785 3573 892 3644 χρὴ
929 3573 1137 3634 ποιεῖνς
1174 3571 1253 3623 Τά
1280 3567 1524 3642 T‘YW‘

44 3659 132 3723 μένα
164 3662 391 3739 λέγειν,ἢ
431 3667 499 3720 τὰ
553 3665 896 3736 σιωπηθέντα
954 3661 1522 3736 προσεξεργάζὲσθαιῖ

43 3751 182 3807 Αέτίκα
199 3756 251 3809 τὸ
281 3760 348 3828 μὴ
391 3759 502 3812 δεῖν
557 3760 656 3829 μιᾶ
703 3758 895 3829 ἑταίρᾳ
947 3757 1246 3829 κεχρῆσθαι
1313 3756 1524 3827 πατέρα

42 3844 100 3892 κιί
143 3847 235 3901 υἱὸν
278 3851 332 3904 ὲν
363 3852 461 3907 μὲν
487 3854 604 3914 τοῖς
627 3851 812 3922 νόμοις
840 3849 1050 3912 τούτοις
1095 3849 1155 3901 ού
1194 3849 1519 3920 γέγραπται,

43 3936 140 4002 παρὰ
159 3938 204 3990 δὲ
223 3939 291 4010 τῷ
319 3943 584 4015 Προφήτῃ
620 3941 885 4012 μεγίστης
917 3941 1250 4011 κατηγορίας
1277 3940 1518 4011 ἠξίωται.

45 4025 132 4091 nec
151 4031 256 4099 γὰρ,
299 4036 449 4104 φησι,
496 4033 597 4087 καί
634 4033 830 4101 πατὴρ
853 4031 1004 4100 πρὸς
1036 4032 1150 4099 τὴν
1177 4032 1370 4100 αὐτὴν
1397 4046 1524 4086 παι-

42 4115 192 4185 ι’ίσιην
213 4128 675 4196 εἰσεπορεύοντο.
697 4126 844 4181 Πόσα
861 4126 917 4179 δὲ
939 4126 1052 4196 εἰδη
1083 4125 1215 4180 ἄλλα
1251 4125 1360 4178 τῶν
1389 4125 1524 4179 ἀκα-

41 4207 184 4280 θάρτων
241 4219 415 4274 παθῶν
465 4221 530 4274 τὸ
585 4221 684 4291 μὲν
715 4219 820 4273 τῶν
850 4220 1117 4290 δαιμόνων
1158 4217 1522 4272 διδασκαλεῖον

41 4301 261 4381 ἐξεῦρεν,ή
299 4311 352 4364 δὲ
405 4312 529 4367 θεία
569 4312 759 4384 Γραφὴ
817 4311 1189 4381 ἀπεσιώπησε,
1227 4309 1288 4363 τὸ
1329 4309 1522 4380 σεμνὸν

40 4392 172 4467 ἑαυτῆς
188 4405 291 4466 ταῖς
321 4405 426 4458 τῶν
455 4405 700 4476 αἰσχρῶν
727 4403 1041 4475 ὀνομασίαις
1068 4402 1522 4475 καταρρυπαίνειν

38 4487 99 4556 σέχ
125 4494 400 4568 αἱρουμένη,
451 4497 590 4551 ἀλλὰ
621 4500 856 4568 γενικοῖς
891 4495 1114 4567 ὀνόμασι
1148 4495 1246 4559 τὰς
1274 4495 1520 4568 ἀκαθαρ-

39 4575 116 4639 ch;
150 4580 387 4640 διέϐαλενῐ
433 4589 524 4650 Ὠς
554 4587 648 4641 καὶ
689 4588 716 4640 ὁ
763 4585 1054 4649 ἀπόστολος
1100 4585 1310 4648 Παῦλός
1346 4603 1515 4658 φησί’·
1551 4615 1596 4671 n

37 4666 214 4734 "Errata
229 4677 290 4731 δὲ
313 4679 406 4733 καί
437 4680 779 4747 ἀκαθαρσία
793 4677 958 4733 πᾶσα
980 4678 1134 4748 μηδὲ
1149 4677 1520 4748 ὀνομαζέσθω

37 4754 80 4804 ἐγ
103 4761 224 4828 ὑμῖν,
243 4768 424 4836 καθὼς
457 4766 665 4836 πρέπει
709 4768 896 4838 ἁγίοις
916 4783 930 4798 ο
964 4767 1041 4838 τῷ
1063 4769 1159 4838 τῆς
1186 4767 1520 4840 ἀκαθαρσίας

36 4844 189 4918 ξἰἇματι
235 4859 325 4924 τάς
371 4877 431 4912 τε
459 4860 569 4912 τῶν
597 4859 841 4930 ἁῤῥένων
875 4857 1264 4930 ἀρῤητοποιίας
1293 4859 1386 4912 καὶ
1420 4859 1520 4922 τὰς

36 4941 103 4991 τῶν
117 4944 302 5016 θηλειῶν
321 4951 930 5023 περιλαμὸάνων.Ὥστε
955 4951 1022 5015 ούΔ
1046 4951 1259 5014 πάντως
1283 4952 1314 5022 ἡ
1343 4953 1517 5022 σιωπὴ

36 5031 157 5091 ἄδειαν
181 5043 314 5113 φέρει
346 5049 458 5110 τοῖς
495 5045 818 5116 φιληδόνοις.

81 5279 110 5308 ³⁸
139 5282 280 5342 levit.
303 5304 455 5355 xvnt,
495 5290 547 5344 5.
623 5290 668 5321 ⁸⁵
697 5289 864 5344 Amos
890 5305 948 5351 ιι,
983 5289 1031 5342 7.
1109 5289 1154 5324 ³⁸
1191 5287 1388 5359 Εριιεε.
1432 5306 1504 5354 ν,
1534 5291 1600 5353 5.,

1625 3476 1812 3531 multis
1859 3477 2012 3533 carni
2071 3477 2502 3548 indulgentibus,
2535 3487 2594 3533 ut
2616 3493 2740 3534 cum
2765 3480 3054 3536 sororibus
3099 3480 3212 3534 ad-

1627 3566 1734 3621 huc
1790 3567 2107 3624 viventibus
2167 3570 2518 3634 habitarent,
2571 3571 2795 3625 noxium
2845 3587 2967 3628 esse
3013 3587 3197 3627 exem‘

1624 3656 1772 3725 plum
1811 3659 2152 3728 patriarchae.
2188 3657 2298 3714 Nos
2328 3668 2508 3719 autem
2559 3661 2688 3731 quid
2723 3661 2902 3718 facere
2935 3672 3151 3734 Oportet
3174 3667 3220 3721 ἳ-

1625 3747 1756 3813 Quae
1795 3750 1998 3819 scripta
2031 3759 2159 3804 sunt
2193 3751 2395 3814 dicere,
2448 3767 2518 3806 an
2549 3754 2919 3822 praetermissa
2969 3769 3197 3810 accura-

1625 3841 1734 3896 tius
1789 3842 2080 3896 scrutari?
2124 3841 2424 3905 Protinus,
2470 3860 2581 3899 non
2633 3853 2883 3915 oportere
2943 3846 3022 3904 uti
3086 3863 3200 3905 una,

1627 3933 1816 4002 pellice
1849 3940 2054 4002 patrem
2087 3942 2140 3989 et
2187 3934 2390 3997 tilium,
2440 3935 2495 3990 in
2551 3935 2638 3991 his
2689 3937 2898 4008 legibus
2929 3937 3193 4004 scriptum

1624 4041 1733 4080 non
1768 4037 1850 4082 est
1882 4066 1896 4089 ,
1951 4026 2048 4082 sed
2107 4026 2250 4098 apud
2295 4027 2620 4100 Prophetam
2675 4031 2889 4087 crimini
2954 4032 3195 4088 maximo

1623 4117 1802 4173 datur.
1849 4117 2023 4174 Filius
2066 4121 2237 4184 enim,
2281 4121 2492 4192 inquit,
2540 4130 2591 4178 et
2643 4133 2795 4192 pater
2842 4123 2912 4178 ad
2955 4125 3194 4180 eamdem

1623 4211 1853 4280 puellam
1885 4211 2312 4282 ingrediebantur
2341 4214 2407 4269 ”.
2462 4216 2607 4284 Quot
2648 4225 2828 4271 autem
2874 4218 2982 4272 alia
3035 4220 3193 4290 cupi-

1623 4299 1853 4355 ditatum
1927 4301 2266 4372 impurarum
2343 4319 2543 4376 genera
2605 4304 2913 4362 daemonum
2970 4308 3210 4379 quidem.

1625 4393 1875 4449 doctrina
1908 4395 2258 4466 excogitavit,
2292 4397 2467 4452 tacuit
2498 4413 2630 4453 vero
2657 4398 2841 4454 divina
2879 4398 3188 4471 Scriptura,

1624 4487 1964 4542 honestatem
2012 4503 2167 4544 suam
2217 4503 2401 4545 rerum
2452 4492 2690 4563 turpium
2732 4493 3192 4563 appellationibus

1625 4579 1832 4636 foedare
1868 4579 2098 4644 nolens,
2131 4579 2228 4636 sed
2255 4583 2555 4652 generatim
2581 4583 2924 4654 imperitates
2974 4584 3190 4654 vitupe-

1622 4672 1764 4728 ravit
1789 4674 1803 4725 !
1859 4670 1951 4727 Sic
1981 4682 2042 4727 ut
2071 4681 2126 4728 et
2152 4673 2448 4745 Apostolus
2483 4675 2691 4737 Paulus.
2722 4677 2799 4732 ait
2829 4696 2841 4732 :
2880 4674 3206 4734 Fornicatio.

1624 4774 1796 4819 autem
1847 4773 1898 4820 et
1939 4767 2108 4821 omnis
2151 4768 2486 4822 immunditia
2539 4787 2600 4824 ne
2648 4769 2946 4826 nominetur
2981 4769 3189 4840 quidem

1624 4859 1678 4911 in
1711 4857 1877 4921 vobis,
1919 4858 2056 4912 sicut
2108 4857 2248 4914 decet
2310 4869 2520 4914 sanctos
2543 4860 2588 4892 ³⁸
2623 4877 2637 4913 :
2679 4859 3037 4915 immunditiaa
3083 4875 3187 4914 no-

1625 4949 1770 5003 mine
1806 4957 1916 5002 tum
1949 4949 2188 5004 virorum
2216 4960 2329 5005 tum
2357 4951 2647 5006 mulierum
2674 4953 2913 5014 obscena
2942 4951 3189 5006 facinora

1625 5040 2115 5109 comprehendens.
2143 5041 2324 5108 Quare
2345 5057 2456 5102 non
2481 5043 2705 5105 omnino
2733 5042 3190 5102 silentiumlicen<

1625 5131 1754 5188 tiam
1777 5129 1871 5190 dat
1895 5132 2228 5206 voluptariis.

95 5418 375 5488 3)Kw.ltior
409 5431 598 5484 ἔσται.
641 5429 719 5483 Ita
753 5445 886 5486 mss.
931 5439 1072 5484 octo.
1119 5427 1264 5483 Editi
1309 5427 1514 5482 κωλύον

1695 5443 1719 5482 s
1757 5425 2140 5483 vetustissimis
2174 5440 2305 5481 mss.

35 5490 123 5540 ιπξ.

53 5560 134 5632 ,(9)
169 5566 533 5638 Ἀμφοτέραις.
589 5569 665 5624 Ita
705 5579 814 5626 tres
860 5569 1214 5636 vetustissimi
1275 5567 1512 5626 codices.

34 5623 131 5682 Nili
157 5635 471 5692 ἀμφοτέροις.
801 5674 816 5690 .

50 5654 131 5682 mu
157 5654 471 5712 αμφατεροις.
801 5674 816 5690 .
1291 5701 1294 5704 ,

50 5700 164 5780 ,(Ψ)
188 5709 278 5780 καὶ
309 5713 536 5779 μικρόν.
574 5710 733 5767 Deest
762 5711 1074 5780 conjunctio
1105 5709 1158 5766 in
1183 5726 1294 5766 uno
1326 5707 1515 5767 codice

35 5761 159 5836 R“ilio,
179 5786 222 5829 et
241 5778 288 5830 in
309 5761 926 5836 Coislini—anacanonu'm
957 5783 1295 5838 collectione.

82 5842 164 5913 Ui)
199 5849 286 5902 Ἐν
316 5850 432 5917 τοῖς
460 5855 744 5922 νομίμοις.
774 5851 1090 5925 Ριιεροδὶιίο
1121 5851 1302 5908 addita
1328 5867 1390 5908 ex
1418 5851 1513 5907 tri-

265 6045 282 6076 \

1691 5497 1800 5569 (l2)
1842 5497 2019 5552 Τοῦτο
2043 5497 2219 5569 εἰκρς
2251 5491 2566 5569 πουηῐζιίῖιί
2593 5491 2748 5569 τοῦτλ
2771 5491 2818 5544 εἰ
2852 5490 2945 5544 καί
2982 5506 3107 5554 που.
3133 5495 3188 5569 ει

1619 5559 2212 5652 ρειὺιόροειςυλακῆς
2255 5563 2668 5652 προσδεχθῇναι.
2702 5559 2912 5652 ‘Olrnn'es
2952 5576 3111 5652 mss;u
3128 5567 3188 5613 ut

1621 5629 1674 5695 in
1701 5629 1872 5704 textu,
1904 5629 2008 5694 nisi
2051 5629 2488 5708 quodnoiinulli
2523 5629 2720 5708 habent
2753 5631 3026 5708 δεηθῆναι.
3066 5629 3187 5686 Non

1618 5711 1790 5786 multo
1813 5702 1936 5780 past
1955 5702 2085 5765 editi
2105 5706 2316 5786 πολλοῖς
2334 5705 2441 5786 τῷν
2463 5702 2986 5786 φιλοσόερκων,ἰμιοι1
3004 5715 3188 5760 εωειιε

1621 5774 1869 5840 davimus
1891 5795 1991 5851 ope
2020 5779 2226 5836 codicis
2255 5777 2422 5834 Coisl.
2453 5774 2697 5834 Secundi.
