3738 6488
549 357 653 414 633

1847 355 1904 410 S.
1948 355 2194 411 BASILII
2231 352 2446 412 MAGNI
2655 309 2664 323 Ι
3582 364 3653 419 636

549 478 742 533 Nonne
771 476 828 532 in
858 473 1152 530 Dominum
1191 472 1472 530 amorem?
1501 471 1691 529 Nonne
1731 474 1930 528 mirum
1959 473 2108 544 quid-

2223 490 2402 542 ματα;
2430 474 2503 525 Οὐ
2533 473 2631 542 τὴν
2657 469 2786 542 πρὸς
2813 469 3015 541 Κύριον
3037 467 3281 540 ἀγάπην;
3307 469 3374 523 Οὐ
3394 470 3445 522 τὸ
3467 477 3658 544 api-1o);

549 574 675 627 dam
708 570 776 626 de
805 567 1161 638 martyribus,
1202 568 1279 621 ita
1319 567 1605 637 perspicue
1645 567 1961 622 certaminis
1998 581 2114 620 mo-

549 664 678 717 dum
705 659 1047 725 describens,
1083 668 1144 714 ut
1192 675 1280 715 res
1322 659 1478 714 nobis
1522 669 1748 729 poneret
1785 661 1856 714 ob
1887 659 2116 716 oculos?

547 751 740 806 Nonne
782 758 838 806 et
887 751 943 805 in
978 765 1080 805 nos
1129 751 1278 819 ipsos
1323 751 1586 806 honorem
1628 765 1693 804 ac
1726 750 2117 806 dilectionem?

545 841 739 898 Nonne
773 841 1040 912 quidquid
1081 841 1566 910 praclarissimum
1602 843 1725 910 quis
1761 842 2004 896 dixerit?
2037 845 2112 894 ita

545 942 630 998 ut,
665 935 759 989 ubi
806 933 1092 1003 epistolam
1138 933 1194 987 in
1227 947 1422 986 manus
1473 934 1702 1003 sumpsi,
1741 949 1971 1004 eamque
2007 933 2113 1004 legi

548 1027 772 1097 sepius,
803 1041 867 1080 ac
900 1025 1297 1081 redundantem
1327 1025 1380 1078 in
1412 1040 1475 1094 ea
1499 1026 1726 1095 gratiam
1747 1023 1980 1096 Spiritus
1999 1041 2117 1094 per-

547 1119 726 1190 spexi,
781 1119 917 1173 mihi
971 1118 1188 1173 viderer
1235 1118 1432 1188 priscis
1491 1119 1831 1188 temporibus
1883 1119 2113 1184 versari,

547 1226 674 1266 cum
701 1199 959 1265 ﬂorerent
1000 1209 1260 1265 Ecclesia:
1289 1209 1405 1273 Dei,
1437 1208 1540 1264 fide
1570 1209 1850 1274 radicatze,
1884 1210 2115 1278 conjun-

547 1310 652 1358 cta:
696 1303 1002 1367 charitate,
1047 1302 1309 1357 membris
1351 1301 1524 1355 variis
1578 1301 1732 1370 quasi
1786 1301 1845 1354 in
1883 1315 2115 1370 corpore

548 1408 662 1448 uno
690 1409 856 1450 unam
882 1393 1353 1464 conspirationem
1385 1392 1716 1448 habentibus
1742 1413 1756 1448 :
1786 1406 1910 1448 cum
1939 1392 2118 1447 maniu

549 1482 677 1540 festi
721 1493 909 1541 essent
942 1485 1036 1555 qui
1080 1483 1571 1555 persequebantur,
1615 1482 1889 1540 manifesti
1930 1483 2115 1538 itidem

547 1575 645 1652 qui
687 1576 1034 1646 patiebantur
1073 1576 1514 1646 persecutionem
1545 1591 1709 1631 zeum
1755 1575 1938 1647 populi
1971 1575 2115 1630 bello

549 1665 848 1736 oppugnati
882 1666 1400 1736 multiplicarentur,
1433 1681 1500 1720 ac
1542 1674 1845 1738 martyrum
1891 1666 2114 1736 sanguis

551 1755 829 1812 Ecclesias
856 1757 1118 1827 irrigans,
1147 1759 1396 1813 veritatis
1441 1758 1676 1814 athletas
1711 1759 1886 1814 multo
1925 1759 2110 1829 plures

553 1850 747 1913 aleret,
776 1849 1174 1918 posterioribus
1206 1851 1452 1920 priorum
1475 1852 1723 1922 exemplo
1751 1867 1872 1908 sese
1896 1853 1964 1906 ad
1992 1867 2114 1907 cer-

552 1947 736 1995 tamen
781 1941 1125 2010 parantibus.
1171 1941 1327 1995 Tunc
1359 1941 1661 1997 Christiani
1705 1957 1896 2013 pacem
1943 1942 2114 1998 habe—

552 2029 748 2085 bamus
780 2030 924 2084 inter
969 2046 1073 2085 nos
1104 2050 1116 2086 :
1145 2046 1334 2100 pacem
1377 2031 1523 2086 illam
1554 2047 1716 2102 quam
1749 2033 1967 2102 reliquit
2003 2031 2112 2087 Du-

554 2122 762 2185 minus,
799 2123 968 2191 cujus.
989 2138 1135 2176 nunc
1167 2139 1238 2176 ne
1258 2123 1544 2192 vestigium
1577 2123 1794 2192 quidem
1827 2123 1985 2178 nobis
1999 2124 2114 2193 jam

553 2219 838 2280 superest,
885 2213 1020 2265 adeo
1070 2213 1218 2266 illam
1257 2212 1556 2267 crudeliter
1599 2228 1628 2265 a
1680 2213 1836 2268 nobis
1881 2213 2114 2267 invicem

554 2303 856 2373 ahegimus.
891 2302 1274 2357 Verumtamen
1323 2303 1601 2359 redierunt
1639 2305 1804 2358 animi
1834 2304 2006 2358 nostri
2047 2301 2114 2356 ad

555 2392 793 2461 priscam
828 2392 974 2444 illam
1006 2391 1421 2454 beatitudinem,
1455 2393 1549 2446 ubi
1579 2393 1772 2447 littera:
1812 2408 1878 2447 ex
1909 2400 2114 2447 remota

556 2485 780 2554 regione
809 2492 1099 2549 venerunt,
1135 2485 1447 2540 dilectionis
1477 2485 1881 2555 pulchritudine
1903 2485 2115 2541 eﬂlore-

557 2586 812 2642 scentes;
844 2591 909 2631 ac
939 2586 1148 2648 martyr
1189 2578 1349 2632 nobis
1375 2579 1592 2633 advenit
1623 2593 1654 2631 a
1682 2579 1930 2632 barbaris
1971 2579 2113 2632 ultra

555 2660 756 2715 Istrum
785 2661 1179 2726 habitantibus,
1215 2678 1312 2731 per
1333 2678 1393 2718 se
1419 2663 1534 2732 ipse
1564 2662 1866 2733 praedicans
1897 2661 2018 2717 ﬁdei
2048 2663 2114 2716 il-

555 2752 628 2806 lic
655 2750 888 2822 vigentis
931 2754 1325 2824 integritatem.
1361 2753 1498 2819 Quis
1549 2753 1855 2807 animarum
1895 2763 2114 2807 nostra-

555 2859 678 2898 rum
722 2844 814 2900 his.
853 2847 909 2899 in
951 2847 1116 2902 rebus
1149 2847 1395 2900 laetitiam
1425 2860 1685 2900 enarrare
1716 2846 1921 2914 possit?
1960 2844 2117 2911 Quae-

557 2949 688 2990 nam
727 2937 1069 3006 excogitetur
1097 2937 1312 2991 dicendi
1353 2939 1459 2999 vis,
1494 2953 1615 3006 qua:
1643 2937 1791 2990 clare
1829 2938 2006 2991 valeat
2036 2937 2116 2991 af-

558 3023 765 3082 fectum
821 3028 877 3081 in
933 3029 1098 3083 corde
1155 3037 1348 3083 nostro
1400 3029 1740 3084 reconditum
1772 3029 1931 3100 255
1956 3047 2118 3087 enar-

2220 566 2500 636 μάρτυρας
2533 563 2749 633 θαῦμα,
2789 561 2960 624 οὕτως
3012 560 3251 630 ἐναργῶς
3295 561 3376 614 τὸν
3415 563 3568 632 τρόπον
3600 570 3659 636 τῆς

2215 655 2490 726 ἀθλήσεως
2510 654 2619 724 (56)
2647 651 3054 723 ὑπογράφοντα,
3076 651 3211 704 ὥστε
3239 653 3322 703 ὑπ’
3347 653 3452 721 ὄψιν
3475 656 3573 724 ἡμῖν
3589 659 3658 723 (57)

2215 749 2441 816 ἀγαγεῖν
2485 745 2554 799 τά
2601 745 2938 816 πράγματα;
2973 745 3046 798 Οὐ
3092 745 3187 816 τήν
3227 745 3348 815 περὶ
3390 748 3510 816 ἡμᾶς
3534 750 3660 814 αὐτοις

2213 839 2378 908 τιμήν
2422 853 2482 889 τε
2519 837 2614 889 καὶ
2638 834 2912 899 διάθεσιν;
2945 835 3057 904 Οὐχ
3104 835 3132 887 ὃ
3158 852 3210 887 τι
3257 833 3319 887 ἂν
3355 836 3478 888 εἴποι
3505 853 3566 899 τις
3596 841 3661 890 τῶν

2215 929 2546 992 καλλίστων;
2602 926 2740 980 ὥστε
2769 965 2784 990 ,
2835 927 2924 980 ὅτε
2976 929 3055 990 είς
3105 928 3286 996 χεῖρας
3334 926 3422 997 τήν
3464 928 3660 1000 ἐπιστολὴν

2213 1007 2510 1088 ἐδεξάμεθα
2529 1061 2544 1082 ,
2579 1019 2673 1072 καὶ
2710 1019 3018 1088 ἀνέγνωμεν
3048 1017 3214 1088 αὐτὴν
3244 1017 3492 1081 πολλάκις,
3517 1021 3584 1071 καί
3603 1023 3660 1090 τὴν

2217 1106 2483 1178 βρύουσαν
2513 1111 2569 1162 ἐν
2617 1109 2753 1178 αὐτῇ
2794 1109 2952 1179 χάριν
2985 1107 3076 1160 τοῦ
3129 1108 3427 1178 Πνεύματος
3454 1111 3661 1180 κατεμάθο-

2217 1218 2348 1271 μεν,
2386 1199 2604 1271 νομίσαι
2650 1201 2800 1271 ἡμᾶς
2850 1199 2946 1251 ἐπϊ
2991 1199 3098 1252 τῶν
3151 1199 3384 1269 ἀρχαίων
3417 1201 3576 1269 καιρῶν
3598 1220 3654 1268 γε·

2212 1287 2488 1358 γενῆσθαι,
2515 1288 2676 1359 ήνίκα
2707 1286 2900 1357 ήνθουν
2928 1288 2986 1340 αί
3017 1287 3327 1358 Ἐκκλησίαι
3356 1288 3439 1341 τοῦ
3457 1289 3589 1354 Θεοῦ,
3611 1294 3662 1361 ἐρ-

2215 1377 2510 1450 ριζωμέναι
2534 1381 2600 1449 τῇ
2633 1377 2836 1442 πίστει,
2868 1378 3139 1448 ἡνωμέναι
3164 1381 3229 1449 τῇ
3253 1379 3428 1452 ἀγάπῃ
3446 1419 3458 1440 .
3479 1380 3614 1452 diem
3630 1386 3662 1434 ἐν

2215 1468 2295 1520 ἑνὶ
2322 1466 2530 1538 σώματι
2567 1469 2694 1537 μιᾶς
2721 1466 3036 1536 συμπνοίας
3056 1465 3324 1538 διαφόρων
3369 1467 3520 1536 μελῶν
3552 1469 3658 1539 ὑπαρ-

2215 1557 2412 1629 χούσης
2435 1575 2446 1588 ·
2482 1559 2570 1612 ὅτε
2617 1559 2839 1629 φανεροὶ
2894 1557 2991 1628 μὲν
3036 1559 3085 1610 οἱ
3113 1557 3420 1624 διώκοντες,
3452 1562 3662 1632 φανεροίῶ

2213 1653 2262 1703 οἱ
2285 1651 2633 1720 διωκόμενοι·
2675 1650 3066 1721 πολεμούμενοι
3092 1649 3148 1704 δὲ
3175 1653 3224 1704 oi
3251 1651 3366 1706 λαοὶ
3396 1652 3568 1716 πλείους
3598 1656 3664 1719 ὲγξ-

2213 1758 2390 1808 νοντο,
2424 1743 2518 1796 καὶ
2566 1742 2630 1795 τὸ
2659 1736 2798 1812 αἷμα
2827 1739 2937 1794 τῶν
2983 1741 3302 1812 μαρτύρων,
3333 1742 3474 1813 ἀρδον
3495 1742 3569 1806 τὰς
3593 1744 3664 1796 Ἐκ-

2215 1836 2474 1906 κλησίας,
2519 1833 2946 1896 πολυπλασίονας
2983 1833 3108 1896 τοὺς
3165 1834 3454 1902 ἀγωνιστὰς
3477 1834 3553 1904 τῆς
3575 1836 3665 1886 εὐπ-

2215 1927 2364 1990 ϐείας
2389 1926 2644 1998 ἐξέτρεφε
2666 1965 2680 1990 ,
2714 1925 2794 1996 τῷ
2827 1925 2973 1998 ζήλῳ
3004 1925 3112 1979 τῶν
3159 1925 3507 1996 προλαϐόντων
3536 1928 3666 1979 ἐπιπυν-

2212 2019 2482 2090 δυομένων
2525 2019 2634 2071 τῶν
2682 2016 2898 2089 ἐφεξῆς.
2954 2018 3084 2070 Τότε
3131 2019 3434 2088 Χριστιανοὶ
3480 2020 3553 2088 μὲν
3585 2022 3663 2089 ﬁgi;

2214 2110 2470 2181 ἀλλήλους
2500 2111 2718 2180 είρήνην
2750 2110 2952 2179 ήγομεν
2996 2109 3106 2179 (58)
3125 2126 3138 2139 °
3175 2111 3393 2180 εἰρήνην
3423 2110 3663 2180 ἐκείνηκι,ᾕ-ι

2213 2208 2242 2258 ὁ
2276 2205 2474 2277 Κύριος
2521 2207 2653 2274 ἡμῖν
2697 2203 3015 2270 κατέλιπεν,
3051 2200 3118 2276 ἧς
3154 2204 3251 2257 νῦν
3285 2205 3388 2256 οὐδ’
3439 2206 3553 2273 ἴχνος
3587 2208 3666 2272 ἡμῖν

2214 2296 2395 2348 λοιπὸν
2435 2294 2845 2359 ὑπολέλειπται,
2886 2293 3058 2358 οὕτως
3099 2295 3268 2367 αὐτὴν
3299 2293 3500 2364 ἀπηνῶς
3531 2294 3668 2346 diii-

2214 2386 2387 2456 λήλων
2413 2384 2806 2456 ἀπεδιώξαμεν.
2856 2385 3002 2458 Πλὴν
3051 2385 3163 2439 ἀλλ’
3194 2388 3277 2440 ὅτι
3325 2391 3377 2442 αὶ
3407 2387 3546 2456 quin
3576 2388 3667 2455 ἡμῶν

2215 2479 2350 2550 πρὸς
2394 2478 2491 2549 τὴν
2537 2478 2770 2532 παλαιὰν
2802 2478 3013 2548 ἐκείνην
3049 2479 3418 2550 μακαριότητα
3445 2477 3667 2546 ἐπανῆλθον,

2216 2570 2400 2640 ἐπειδὴ
2430 2569 2730 2642 γράμματα
2758 2571 2856 2641 μὲν
2899 2566 3061 2641 ἦλθεν
3095 2572 3157 2624 ἐκ
3199 2571 3301 2640 τῆς
3339 2571 3568 2642 μακρόθεν
3590 2569 3668 2636 (ἴθι.

2215 2660 2478 2714 ἀνθοῦντα
2527 2659 2605 2731 τῷ
2650 2664 2748 2732 τῆς
2793 2661 3008 2731 ἀγάπης
3050 2661 3237 2715 κάλλει
3264 2702 3279 2726 ,
3314 2662 3502 2732 μάρτυς
3525 2661 3570 2712 δὲ
3594 2661 3672 2728 ἡμῖν

2216 2753 2556 2825 ἐπεδήμησεν
2589 2754 2652 2806 ἐκ
2687 2752 2793 2806 τῶν
2829 2752 3084 2806 ἐπέκεινα
3118 2755 3334 2824 Ἴστρου
3366 2752 3614 2824 βαρϐάρων,
3636 2749 3672 2799 δι’

2217 2844 2406 2898 ἑαυτοῦ
2435 2845 2723 2916 κηρύσσων
2766 2845 2868 2915 τῆς
2915 2847 3030 2898 ἐκεῖ
3075 2844 3483 2916 πολιτευομένης
3523 2843 3675 2899 πίστεως

2215 2935 2312 3006 τὴν
2339 2936 2643 3008 ἀκρίϐειαν.
2684 2936 2780 2998 Τίς
2815 2937 2882 2990 ἂν
2927 2935 3025 3008 τὴν
3072 2938 3163 2990 ἐπὶ
3211 2938 3413 3000 τούτοις
3439 2933 3674 3003 scema-im

2216 3027 2322 3080 τῶν
2343 3028 2527 3098 ψυχῶν
2559 3029 2713 3099 ἡμῶν
2745 3029 3093 3099 διηγήσαιτοις
3126 3028 3223 3092 Τίς
3253 3029 3318 3082 ἂν
3351 3024 3606 3096 ἐπινοηθείη
3625 3021 3677 3072 δύο

557 3117 724 3171 rare?
753 3116 1006 3172 Profecto
1036 3134 1161 3173 cum
1194 3119 1433 3174 vidimus
1485 3121 1766 3187 athletam,
1811 3123 1958 3177 illius
1999 3123 2108 3176 hor‘

2220 3135 2382 3190 ναμις
2413 3118 2568 3187 λόγου
2600 3118 2842 3190 ἐναργῶς
2885 3118 3196 3187 ἐξαγγεῖλαι
3241 3118 3336 3189 τὴν
3369 3119 3422 3170 ἐν
3444 3115 3510 3185 τῷ
3529 3110 3677 3184 κρυπτῷ

557 3215 789 3263 tatorem
825 3207 1038 3264 felicem
1087 3211 1504 3280 praedicavimus
1535 3230 1546 3265 :
1575 3214 1669 3283 qui
1721 3214 1861 3284 apud
1903 3216 2114 3284 justum

558 3298 796 3368 iudicem
830 3301 1060 3370 justitim
1085 3318 1342 3358 coronam
1367 3315 1419 3358 et
1453 3305 1567 3374 ipse
1603 3307 1845 3376 recipiet,
1875 3324 1939 3364 eo
1971 3309 2116 3379 quod

559 3389 765 3446 multos
783 3391 852 3446 ad
883 3393 1204 3448 certandum
1231 3409 1328 3464 pro
1359 3393 1558 3464 pietate
1586 3398 2045 3455 corroboraverit.

630 3656 685 3710 9..
725 3657 994 3724 Quoniam
1026 3660 1245 3717 beatum
1285 3664 1465 3720 virum
1502 3665 1780 3738 Eutychen
1822 3668 1876 3721 in
1911 3685 2119 3724 memo-

562 3749 700 3803 riam
730 3751 888 3806 nobis
914 3756 1207 3821 revocasti,
1240 3759 1596 3829 patriamque
1618 3767 1864 3815 nostram
1889 3775 2123 3816 exorna-

563 3841 657 3904 sti,
698 3851 757 3896 ut
800 3858 920 3912 quae
954 3844 1174 3914 pietatis
1223 3849 1433 3902 semina
1481 3851 1795 3919 praebuerit,
1836 3853 2120 3908 oblectasti

564 3933 782 4000 quidem
810 3949 910 3989 nos
948 3939 1328 3994 recordatione
1363 3944 1784 4010 praeteritorum,
1819 3945 1912 3998 scd
1941 3944 2124 4000 aﬂ'eci-

566 4025 636 4077 sti
678 4025 904 4080 tristitia
943 4028 1028 4084 his
1064 4047 1184 4100 quae
1213 4033 1462 4090 videmus
1488 4035 1799 4104 arguendis.
1834 4036 2124 4092 Enimvero

566 4127 725 4167 nemo
752 4124 998 4172 nostrum
1031 4119 1262 4192 Eutychi
1300 4125 1503 4179 virtute
1538 4125 1734 4181 similis
1763 4146 1775 4180 :
1804 4128 1897 4196 qui
1934 4128 2124 4198 utique

564 4209 776 4256 tantum
811 4205 964 4260 abest
1003 4216 1062 4261 ut
1108 4211 1374 4268 barbaros
1419 4214 1654 4283 Spiritus
1685 4217 1891 4272 virtute
1930 4231 1994 4271 ac
2027 4218 2128 4272 do-

566 4306 761 4346 norum
788 4295 937 4353 illius
959 4298 1194 4354 elllcacia
1214 4303 1732 4376 mansuefaciamus,
1756 4320 1817 4363 ut
1841 4324 1937 4365 eos
1959 4310 2125 4365 etiam

565 4383 659 4454 qui
692 4388 960 4443 mansueti
997 4399 1143 4457 sunt,
1184 4404 1527 4462 peccatorum
1556 4407 1871 4456 nostrorum
1915 4405 2123 4474 magni-

2221 3211 2320 3281 τῆς
2355 3211 2582 3282 καρδίας
2616 3210 2770 3280 ἡμῶν
2812 3208 3047 3263 διάθεσιν
3080 3209 3350 3279 δυναμένη
3381 3226 3394 3272 ;
3426 3208 3534 3260 Ὅτε
3564 3202 3678 3272 μέντοι

2221 3301 2429 3371 εἴδομεν
2454 3301 2543 3354 τὸν
2573 3300 2808 3371 ἀθλητὴν
2828 3341 2842 3363 ,
2878 3299 3296 3371 ἐμακαρίσαμεν
3332 3299 3480 3351 αὐτου
3503 3296 3573 3346 τὸν

2222 3410 2362 3464 πτην
2381 3409 2394 3421 ·
2421 3393 2479 3456 ὃς
2513 3391 2662 3464 παρά
2689 3391 2767 3461 τῷ
2790 3391 2981 3462 δικαίῳ
3005 3393 3165 3462 κριτῇ
3198 3390 3291 3444 τὸν
3318 3391 3409 3459 τῆς
3433 3380 3680 3445 δικαιοσύνης

2223 3485 2482 3552 στέφανον
2537 3485 2631 3537 καὶ
2678 3484 2836 3547 αὐτὸς
2887 3483 3267 3554 ἀπολήψεται,
3303 3481 3510 3542 πολλοὺς
3549 3477 3605 3538 εἰς
3629 3471 3680 3523 τδδ

2222 3577 2361 3647 ὑπὲρ
2393 3576 2491 3646 τῆς
2523 3575 2799 3640 εὐσεϐείας
2834 3575 3145 3648 ἐπιρρώσας
3183 3576 3392 3644 ἀγῶνα.

2289 3669 2346 3724 2.
2393 3668 2543 3720 Ἐπεὶ
2591 3667 2647 3720 δὲ
2696 3667 2906 3721 καὶτοῦ
2949 3667 3218 3740 μακαρίου
3261 3667 3444 3737 ἀνδρὸς
3485 3655 3677 3728 Eia-20105;

2223 3762 2301 3824 εἰς
2335 3761 2554 3832 μνήμην
2584 3763 2727 3832 ἡμᾶς
2759 3763 2991 3833 ήγαγες,
3036 3761 3128 3815 καὶ
3154 3761 3447 3832 ἐσέμνυνας
3481 3755 3601 3827 ἠμιῖιν
3627 3751 3683 3815 τῆν

2223 3853 2457 3923 πατρίδα
2481 3893 2496 3918 ,
2527 3853 2602 3916 ὡς
2631 3854 2798 3925 αὐτὴν
2825 3853 3248 3927 παρασχομένην
3275 3853 3372 3924 τῆς
3405 3848 3626 3907 εὐσεδείας
3647 3843 3682 3893 τά

2225 3944 2544 4016 σπέρματαο
2589 3943 2859 4015 εὔφρανας
2896 3946 2994 4015 μὲν
3035 3946 3181 4016 ἡμᾶς
3231 3948 3298 4015 τῇ
3345 3943 3601 4013 ὑπομνήσει
3623 3932 3684 3985 τῶν

2225 4036 2496 4100 παλαιῶν,
2543 4035 2814 4105 ἐλύπησας
2861 4037 2917 4090 δὲ
2966 4036 3042 4107 τῷ
3076 4037 3282 4108 ἐλέγχῳ
3331 4036 3432 4089 τῶν
3463 4031 3683 4104 δρωμένων.

2225 4129 2412 4192 Οὐδεὶς
2441 4128 2547 4201 γὰρ
2575 4128 2731 4200 ήμῶν
2760 4129 2987 4199 Εὑτυχεῖ
3013 4131 3110 4201 τήν
3136 4131 3336 4204 ἀρετὴν
3365 4126 3683 4200 παραπλήσιος·

2225 4222 2278 4276 οἵ
2307 4239 2369 4290 γε
2399 4220 2650 4274 τοσοῦτον
2682 4221 2957 4291 ἀπέχομεν
3002 4221 3309 4294 βαρϐάρους
3340 4217 3625 4292 ἐξημερὼςαι
3649 4211 3685 4274 τῆ

2225 4313 2447 4384 δυνάμει
2474 4313 2567 4368 τοῦ
2617 4313 2930 4384 Ιῐνεύματος
2953 4353 2969 4378 ,
3001 4316 3093 4368 καὶ
3127 4318 3193 4386 τῇ
3235 4315 3470 4386 ἐνεργείᾳ
3497 4309 3582 4362 τῶν
3610 4302 3686 4369 παρ’

2228 4406 2390 4460 αὑτοῦ
2424 4407 2774 4478 χαρισμάτων
2795 4447 2808 4471 ,
2840 4406 2978 4460 ὥστε
3016 4409 3108 4460 καὶ
3146 4409 3269 4471 τοὺς
3300 4407 3506 4479 ἡμέρως
3541 4403 3688 4470 ἔχοντας

567 4475 760 4533 tudine
808 4479 1017 4538 feroces
1059 4485 1371 4543 reddamus.
1404 4487 1571 4545 Nobis
1615 4493 1761 4546 enim
1803 4509 2026 4550 causam
2070 4507 2108 4552 el

2226 4500 2290 4567 τῇ
2346 4475 2618 4568 ὑπερϐολῇ
2671 4495 2778 4548 τῶν
2836 4495 3116 4568 ἁμαρτιῶν
3189 4475 3354 4566 ἡμῶν
3397 4475 3686 4562 seminata;

569 4570 814 4638 peccatis
850 4575 1053 4631 nostris
1093 4579 1444 4646 ascribimus,
1473 4597 1574 4637 cur
1606 4593 1888 4647 tantopere
1929 4586 2124 4644 dill‘usa

569 4663 646 4717 sit
678 4663 1060 4722 hereticorum
1107 4672 1371 4739 potentia.
1427 4673 1638 4730 Etenim
1675 4678 1825 4731 nulla
1858 4678 1970 4733 fere
1998 4695 2124 4749 pars

567 4753 721 4809 orbis
751 4764 1020 4812 terrarum
1041 4760 1265 4816 haeresis
1294 4761 1608 4818 incendium
1639 4765 1845 4837 eﬂ'ugit.
1886 4765 2001 4822 Tua
2030 4783 2126 4822 au-

568 4856 676 4900 tem
735 4850 1004 4910 narratio.
1057 4853 1313 4909 athletica
1357 4857 1678 4923 certamina,
1738 4874 1971 4930 corpora
2028 4876 2126 4930 pro

569 4937 772 5006 pietate
797 4939 1120 5007 dilacerata,
1156 4943 1309 5000 furor
1335 4946 1696 5002 barbarorum
1720 4950 1790 5004 ab
1815 4949 2127 5007 hominibus

569 5028 736 5084 corde
779 5030 1064 5102 impavidis
1101 5044 1471 5108 contemptus,
1520 5040 1672 5094 varia
1708 5049 1976 5096 tormenta
2007 5057 2128 5113 per-

571 5123 935 5191 sequentium,
967 5126 1364 5184 decertantium
1409 5129 1463 5185 in
1493 5133 1759 5202 omnibus
1793 5137 2122 5199 constantia,

571 5215 798 5285 lignum,
839 5232 1000 5290 aqua,
1043 5223 1242 5293 quibus
1285 5227 1648 5280 consummati
1690 5235 1977 5299 martyres.
2019 5228 2128 5285 No-

641 5327 766 5412 ‘(36‘1
791 5328 1269 5412 Τῇςάᾂλήσεωςὶ
1307 5335 1444 5412 Male
1480 5337 1535 5392 in
1581 5351 1812 5409 quatuor
1857 5357 1992 5395 mss.
2020 5356 2127 5395 non

571 5403 956 5476 vetustissimis
983 5403 1180 5476 legitur
1209 5406 1310 5476 τῆς
1339 5407 1571 5476 φύσεως.

637 5466 772 5563 £311
793 5466 1087 5563 ’ξιμῖζζξῖα
1120 5466 1774 5563 llanrl.'.et;Cois'l.'primus.
1795 5479 2124 5563 Εξάἰιίήμῶν.

573 5533 775 5622 ljbi‘dem
814 5533 941 5622 editi
972 5544 1070 5622 τῂν
1110 5545 1230 5622 κα-θξ
1264 5549 1432 5622 ἡμᾶς.
1467 5533 1601 5604 Τι’ἒε
1635 5533 2128 5622 antiquissim'icw

574 5605 722 5676 dices
750 5621 870 5662 cum
899 5605 1108 5670 duobus
1141 5617 1262 5673 aliis
1284 5605 1341 5672 iit
1377 5605 1429 5674 in
1469 5629 1637 5676 textu.

789 5680 1087 5762 'fy'ojg‘sgf._
1125 5687 1200 5762 Ita
1240 5687 1388 5742 llarl.
1446 5675 1696 5754 ettJoisl.
1744 5692 1950 5762 primus
2004 5709 2127 5750 cum

573 5749 748 5804 tribus
784 5749 1091 5812 aliis.'Editi
1125 5757 1356 5828 εἴχομεν.

2235 4591 2476 4654 Ἑαυτοῖς
2503 4588 2612 4660 γὰρ
2642 4587 2969 4659 λογιζόμεθα
2992 4590 3084 4641 καὶ
3121 4592 3240 4652 ταῖς
3275 4586 3548 4660 ἡμετέραις
3571 4581 3687 4672 ἀμιξο

2224 4682 2364 4745 τίαις
2399 4681 2498 4754 τὴν
2535 4681 2712 4735 αίτίαν
2742 4680 2831 4734 τοῦ
2877 4681 2969 4734 ἐπὶ
3010 4679 3259 4733 τοσοῦτον
3291 4679 3502 4750 χυθῆναι
3528 4674 3603 4739 τὴν
3627 4685 3687 4717 τιυ

2225 4773 2512 4848 αἱρετικῶν
2541 4775 2875 4829 δυναστείαν.
2909 4773 3102 4846 Σχεδὸν
3140 4773 3248 4845 γὰρ
3281 4773 3426 4826 οὐδὲν
3467 4768 3600 4841 μέρος
3622 4758 3687 4822 ί-ίθί

2223 4867 2321 4938 τῆς
2371 4867 2690 4938 οἰκουμένης
2734 4866 3061 4934 διαπέφευγε
3110 4864 3201 4917 τὸν
3258 4865 3320 4917 ἐκ
3367 4863 3462 4931 τῆς
3506 4852 3686 4925 αἱρέσεως

2225 4959 2567 5030 ὲμπρησμόν.
2595 4959 2676 5010 Τά
2706 4958 2763 5011 δὲ
2788 4957 2853 5011 σὰ
2882 4958 3193 5027 διηγήματα
3212 4995 3226 5018 ,
3266 4955 3524 5011 ἐνστάσεις
3543 4944 3686 5007 ἀθλητι-

2227 5053 2317 5104 καὶ
2343 5051 2452 5122 (41)
2479 5095 2492 5117 ,
2540 5051 2764 5122 σώματα
2792 5050 2928 5122 ὑπὲρ
2961 5049 3060 5119 τῆς
3089 5047 3364 5109 εὐσεϐείας
3400 5035 3688 5136 καταξαινὸξεθ

2229 5162 2292 5196 να
2313 5186 2325 5202 .
2358 5145 2523 5216 θυμὸς
2557 5144 2884 5217 βαρϐαρικὸς
2935 5141 3038 5194 ὑπὸ
3072 5140 3178 5193 τῶν
3223 5136 3609 5204 ἁκαταπλήκτων

2228 5236 2449 5306 καρδίαν
2482 5235 3012 5307 καταφρονούμενος,
3051 5235 3105 5287 ai
3139 5232 3373 5286 ποικίλαι
3418 5229 3600 5299 βάσανοι
3624 5233 3689 5268 των

2297 5345 2437 5416 «δον
2460 5347 2558 5400 Ἐκ
2584 5345 2693 5414 τῆς
2737 5346 3051 5416 μακρόθεν.
3078 5342 3254 5416 Harl.,
3275 5341 3430 5416 Μαι.
3469 5336 3579 5404 Res.
3617 5327 3688 5397 ντί·

2228 5434 2374 5489 Inus,
2394 5415 2517 5489 νει,
2541 5424 2598 5471 ει
2635 5411 2809 5489 Bigot.
2836 5411 2969 5489 alter
2998 5414 3185 5489 éx‘ﬂ;
3208 5411 3466 5489 μακρόθεν
3571 5473 3578 5481 _

2297 5471 2408 5555 (ιδ)
2432 5487 2640 5554 Μέρος.
2675 5471 2810 5541 8Ἅίῑί
2838 5485 3043 5540 addunt
3057 5471 3340 5555 ἕτιξίξυῴ
3351 5480 3526 5555 melius
3543 5471 3688 5526 videtur

2229 5551 2418 5613 deesse
2437 5557 2490 5611 in
2513 5551 2713 5612 'tribus
2746 5555 3136 5624 antiquissimis
3175 5551 3463 5624 codicibus.

2298 5609 2412 5698 (iis
2438 5609 2810 5698 τενδξάέειέ
2841 5609 3283 5698 gemmis
3330 5619 3489 5698 ωτι,
3515 5609 3622 5670 Med.
3656 5611 3690 5658 ιι

2226 5693 2400 5754 ϐοἱείῖ
2420 5697 2646 5768 primus.
2677 5694 2815 5751 Edili
2837 5695 3082 5757 ἔνστασις
3114 5693 3389 5765 ἀθλητική.
