3738 6488
554 319 661 375 675

1894 325 1946 379 Β.
1990 323 2134 380 BASI

2232 372 2234 377 ,
2274 325 2486 381 MAGNI
3616 335 3685 388 οτι

561 452 679 511 pter
718 440 1143 508 immunditiam,
1191 455 1358 512 quam
1389 440 1446 496 in
1494 440 1807 512 ignorantia
1856 442 2125 509 fecerunt,

2232 461 2294 515 ην
2316 446 2375 498 ἐν
2403 443 2594 515 ἀγνοίᾳ
2617 441 2881 516 ἔπραξαν,
2911 444 3021 499 οὐδ’
3056 445 3398 516 ἀμφιδάλλειν
3429 449 3547 519 ἡμᾶς
3581 467 3688 519 epos.

558 535 693 604 quin
717 534 1015 605 recipiendi
1047 522 1178 601 sint,
1206 550 1275 590 ne
1303 534 1554 591 dubitare
1585 536 1802 607 quidem
1842 553 1943 593 nos
1969 554 2130 607 opor—

560 634 656 681 tet.
689 624 823 679 Nam
866 639 963 681 eos
1002 624 1161 680 venia
1204 625 1402 696 dignos
1450 625 1609 680 eliicit
1644 635 1699 681 et
1741 627 2033 697 ignoratio,
2076 636 2131 684 et

561 728 863 787 spontanea
895 716 1197 783 confessio,
1230 724 1284 772 et
1312 719 1577 788 temporis
1600 725 1752 772 tanta
1773 717 2127 774 diuturnitas.

563 804 700 863 Fere
739 808 885 863 enim
934 815 1105 861 totam
1151 807 1394 863 hominis
1433 817 1646 863 aetatem
1686 806 1900 864 Satanae
1945 808 2130 864 traditi

562 892 714 963 sunt,
738 908 797 953 ut
817 899 1035 954 discant
1055 914 1165 952 non
1187 913 1378 968 gerere
1398 914 1458 954 se
1480 899 1733 971 turpiter.
1766 899 2127 965 Quamobrem

558 991 691 1060 jube
715 1006 811 1047 eos
842 988 1051 1062 absque
1072 990 1335 1046 dilatione
1357 991 1585 1061 suscipi,
1614 992 1851 1046 maxime
1877 991 1923 1046 si
1953 988 2130 1062 lacry-

562 1100 680 1139 mas
712 1084 936 1149 habent,
973 1099 1096 1154 quae
1120 1091 1271 1139 tuam
1312 1084 1659 1140 clementiam
1684 1080 1932 1150 ﬂectant,
1963 1093 2017 1139 et
2049 1084 2131 1138 vi-

559 1185 668 1229 tam
693 1174 991 1231 ostendunt
1016 1174 1497 1230 commiseratione
1525 1172 1769 1244 dignam.

632 1351 772 1407 Vill.
814 1351 918 1419 Qui
965 1352 1037 1407 ob
1076 1350 1419 1406 iracundiam
1455 1349 1637 1407 securi
1686 1349 1953 1405 adversus
1997 1362 2134 1402 uxo-

559 1463 675 1501 rem
708 1461 863 1505 suam
889 1460 1023 1500 usus
1055 1452 1160 1510 est,
1196 1453 1282 1499 est
1314 1442 1610 1498 homicida.
1638 1440 1809 1495 Recte
1836 1450 2016 1495 autem
2047 1454 2133 1495 me

560 1534 916 1600 admonuisti,
947 1543 1000 1591 et
1033 1535 1112 1589 uti
1163 1542 1316 1588 tuam
1351 1534 1681 1604 sapientiam
1712 1532 1923 1599 decuit,
1959 1538 2020 1585 ut
2055 1529 2111 1584 fu

558 1631 677 1685 sius
720 1629 787 1684 de
819 1628 905 1684 his
937 1627 1196 1691 dicerem,
1234 1633 1520 1696 propterea
1559 1623 1704 1694 quod
1736 1624 1906 1677 multa
1940 1622 1995 1676 in
2037 1636 2135 1675 vo-

559 1721 815 1776 luntariis
841 1728 896 1775 et
925 1718 1313 1773 involuntariis
1359 1716 1706 1771 discrimina.
1738 1713 1834 1770 Est
1865 1714 2010 1769 enim
2041 1713 2130 1768 in-

2232 537 2365 608 ῆκεν
2394 539 2472 601 εἰς
2490 536 2553 589 τὸ
2583 535 3008 608 παραδέξασθαι.
3040 537 3117 590 Ἥ
3140 553 3197 590 τε
3217 537 3320 609 γὰρ
3339 538 3501 607 ἄγνοια
3527 540 3686 610 συγγνὼ-

2233 645 2339 699 μης
2386 627 2567 694 ἀξίους
2598 627 2793 691 αὐτοὺς
2838 630 3002 692 ποιεῖ,
3048 628 3142 682 καὶ
3179 628 3241 682 τὸ
3280 629 3493 682 ἑκούσιον
3531 631 3602 701 τῆς
3639 632 3688 698 ἑξ-

2230 717 2592 788 αγορεὺσεως,
2633 716 2788 788 καὶμὴ
2814 718 3119 790 παράτασις
3150 720 3209 772 ὲν
3242 719 3459 790 τοσούτῳ
3482 722 3612 792 χρόνῳ
3631 739 3688 790 γε·

2230 807 2451 879 νομένη.
2495 806 2689 877 Σχεδὸν
2722 807 2831 880 γὰρ
2864 809 2993 879 ὅλην
3032 809 3223 878 γενεὰν
3254 810 3506 882 ἀνθρώπου
3542 815 3687 884 παρεδό-

2231 899 2403 970 θησαν
2442 897 2521 969 τῷ
2555 899 2801 969 Σατανᾷ,
2846 899 2934 953 ἴνα
2976 899 3298 953 παιδευθῶσι
3335 902 3405 971 μὴ
3437 902 3683 973 ἀσχημονεῖν.

2231 990 2396 1044 Ὥστε
2433 990 2689 1043 κέλευσον
2727 990 2926 1054 αὐτοὺς
2965 989 3068 1061 ἤδη
3106 990 3462 1063 ἀνυπερθέτως
3497 993 3685 1063 δεχθῆναι,

2233 1081 2464 1151 μάλιστα
2495 1082 2543 1133 εί
2573 1080 2667 1134 καὶ
2699 1080 2910 1153 δάκρυα
2958 1081 3142 1152 ἔχουσι
3182 1082 3506 1137 δυσωποῦντά
3538 1102 3603 1137 σον
3628 1088 3685 1157 τὴν

2230 1171 2652 1243 εὐσπλαγχνίαν,
2703 1172 2799 1226 καὶ
2838 1171 2969 1243 βίον
3021 1174 3407 1229 ἐπιδείκνυνται
3450 1175 3566 1243 ἀξιον
3602 1196 3684 1249 aua-

2234 1263 2486 1327 παθείας.

2306 1352 2388 1407 H'.
2440 1354 2499 1415 Ὀ
2545 1353 2702 1428 ἀξίνῃ
2750 1354 2902 1427 παρὰ
2944 1356 3037 1409 τὸν
3076 1353 3244 1428 θυμὸν
3286 1356 3420 1410 κατά
3457 1355 3537 1428 τῆς
3567 1358 3683 1412 ἑαυτοῦ

2231 1448 2477 1518 γαμετῆς
2528 1449 2873 1520 χρησάμενος
2925 1449 3119 1519 φονεύς
3150 1451 3314 1519 κὲστι.
3370 1450 3536 1514 Καλῶς
3571 1452 3609 1504 δέ
3646 1470 3683 1521 με

2233 1540 2549 1612 ὑπέμνησας
2587 1542 2682 1595 καὶ
2720 1540 2888 1606 ἀξίως
2933 1542 3032 1611 τῆς
3074 1539 3300 1595 σεαυτοῦ
3335 1542 3559 1605 συνέσεως
3584 1543 3684 1595 εἰπεῖν

2232 1632 2360 1702 περὶ
2391 1632 2597 1687 τούτων
2630 1633 2979 1706 πλατύτερον·
3020 1634 3153 1687 διότι
3198 1633 3385 1687 πολλαὶ
3420 1636 3468 1687 ὲν
3493 1636 3578 1695 τοῖς
3595 1636 3684 1685 ἑκον-

2234 1724 2370 1789 σίοις
2419 1727 2514 1779 καὶ
2568 1726 2842 1790 ἀκουσίοις
2899 1726 3173 1799 διαφοραί.
3223 1724 3486 1783 Ἀκούσιον
3527 1726 3597 1796 μὲν
3625 1724 3684 1794 Ἰάρ

557 1810 927 1865 voluntarium
971 1808 1219 1872 omnino,
1261 1814 1316 1863 et
1346 1807 1505 1876 longe
1547 1820 1577 1859 a
1612 1806 1847 1861 consilio
1875 1791 1995 1874 ejus
2036 1803 2129 1873 qui

2233 1819 2349 1870 ἐστι
2375 1817 2650 1883 παντελῶς
2676 1818 2772 1872 καὶ
2793 1791 3115 1890 ,πόρῤωψτοῦ
3149 1817 3495 1890 κατάρξαντος
3511 1791 3573 1879 τὸ,

556 1902 783 1973 incepit,
810 1908 1105 1966 remotum,
1144 1899 1274 1954 dum
1314 1898 1455 1968 lapis
1475 1898 1680 1967 jacitur
1708 1897 1762 1951 in
1805 1911 1997 1952 canem
2040 1904 2135 1949 aut

556 1995 831 2058 arborem,
858 1993 1129 2049 hominem
1178 1990 1465 2061 attingere.
1494 1989 1840 2060 Propositum
1865 1990 2008 2044 enim
2034 1987 2135 2043 fuit

556 2087 787 2142 bestiam
858 2085 1179 2154 propulsare
1222 2091 1318 2136 aut
1373 2082 1611 2136 fructum
1671 2091 1933 2137 entulere
1975 2100 1989 2137 :
2038 2083 2131 2137 sed

556 2181 724 2236 ictum
753 2180 978 2234 fortuito
1017 2178 1186 2234 subiit
1216 2179 1309 2248 qui
1356 2177 1635 2232 transiens
1668 2176 1934 2242 occurrit,
1964 2189 2136 2245 quare

559 2272 663 2326 hoc
701 2269 1130 2325 involuntarium
1168 2279 1273 2323 est.
1314 2266 1380 2320 Et
1412 2265 1544 2321 illud
1581 2280 1796 2336 quoque
1825 2264 2136 2319 involunta—

559 2363 701 2415 rium
753 2366 857 2426 est,
907 2358 953 2414 si
1002 2362 1127 2429 quis
1162 2360 1352 2412 volens
1395 2357 1635 2426 aliquem
1670 2354 1965 2424 castigare,
2016 2353 2135 2408 loro

560 2452 644 2504 vel
671 2451 825 2521 virga
853 2465 963 2504 non
988 2449 1127 2504 dura
1163 2462 1288 2503 eum
1326 2448 1612 2517 percutiat,
1652 2446 1923 2501 moriatur
1953 2454 2133 2500 autem

556 2544 651 2614 qui
680 2558 979 2613 percussus
1007 2550 1111 2598 est.
1144 2539 1494 2612 Propositum
1527 2538 1673 2595 enim
1708 2539 1797 2593 hic
1818 2537 2135 2593 considera-

557 2641 669 2700 tur,
708 2632 870 2704 273
904 2633 1033 2702 quia
1083 2639 1397 2703 peccantem
1445 2629 1721 2696 corrigere
1766 2628 1973 2695 voluit,
2022 2643 2131 2682 non

533 2725 895 2780 interimere.
920 2723 1271 2788 ,Recensetur
1300 2731 1353 2778 et
1384 2721 1516 2777 illud
1561 2720 1705 2776 inter
1738 2721 2130 2785 involuntaria,

557 2831 683 2869 cum
717 2816 843 2886 quis
884 2816 938 2869 in
969 2830 1149 2886 pugna
1179 2815 1416 2887 aliquem
1445 2815 1596 2885 ligno
1628 2814 1715 2869 vel
1748 2829 1915 2869 manu
1957 2816 2134 2887 repel-

557 2909 700 2972 lens,
731 2924 839 2962 non
869 2923 1031 2977 parce
1060 2906 1112 2960 in
1138 2907 1440 2976 praecipuas
1470 2913 1655 2975 partes
1691 2909 1860 2960 ictum
1893 2913 2130 2975 torquet,

559 3008 620 3054 ιιι
645 3015 770 3055 eum
808 2999 987 3063 laedat,
1028 3012 1136 3052 non
1166 3009 1227 3051 ut
1268 2996 1494 3051 omnino
1536 2996 1847 3052 interﬁciat.
1889 2995 1994 3052 Sed
2031 2998 2134 3053 hoc

558 3091 781 3161 quidem
807 3088 1020 3143 accedit
1047 3088 1113 3143 ad
1137 3088 1530 3142 voluntarium.
1564 3086 1667 3153 Qui
1691 3088 1836 3142 enim
1860 3087 2130 3157 ejusmodi

562 3183 932 3237 instrumento
962 3180 1028 3234 ad
1080 3195 1139 3235 se
1170 3178 1571 3235 defendendum
1618 3195 1755 3236 usus
1783 3187 1891 3248 est,
1922 3181 2005 3235 vel
2039 3181 2132 3250 qui

561 3287 671 3326 non
704 3286 868 3342 parce
915 3269 1079 3324 ictum
1125 3269 1340 3335 inﬂixit,
1389 3269 1560 3339 liquet
1598 3284 1723 3323 eum
1768 3267 1892 3324 ideo
1924 3269 2132 3325 homini

561 3380 672 3419 non
702 3362 1037 3433 pepercisse,
1068 3363 1215 3432 quod
1254 3362 1335 3415 ira
1375 3362 1553 3416 victus
1587 3362 1773 3416 fuerit.
1819 3358 1910 3415 Sic
1953 3368 2008 3415 et
2039 3361 2134 3431 qui

561 3455 712 3526 gravi
748 3455 915 3524 ligno,
960 3460 1015 3508 et
1045 3452 1137 3523 qui
1171 3451 1349 3522 lapide
1389 3453 1632 3520 majore,
1663 3465 1825 3520 quam
1861 3464 1960 3520 pro
1999 3448 2133 3503 viri-

561 3548 665 3604 bus
688 3547 963 3611 humanis,
990 3562 1123 3601 usus
1156 3553 1262 3608 est,
1288 3546 1341 3600 in
1372 3544 1756 3599 involuntariis
1785 3550 2130 3607 numeratur,

563 3649 624 3696 ut
670 3641 762 3711 qui
805 3638 954 3694 aliud
990 3637 1249 3702 voluerit,
1297 3635 1446 3690 aliud
1473 3636 1685 3691 fecerit.
1719 3633 1854 3688 Nam
1896 3649 2009 3706 prae
2051 3633 2134 3688 ira

563 3733 732 3786 ictum
772 3732 934 3786 talem
968 3730 1172 3797 intulit,
1208 3736 1266 3785 ut
1293 3730 1459 3784 etiam
1494 3742 1822 3798 percussum
1857 3726 2134 3781 interﬁce-

562 3834 678 3891 ret;
719 3837 1047 3894 quamquam
1082 3821 1222 3876 forte
1250 3822 1305 3875 in
1337 3821 1519 3874 animo
1563 3818 1798 3874 habebat
1834 3833 1959 3874 eum
2004 3833 2135 3873 con-

564 3925 761 3980 terere,
806 3931 918 3969 non
952 3923 1135 3968 autem
1164 3912 1389 3967 omnino
1436 3911 1772 3967 interimere.
1806 3909 1910 3976 Qui
1951 3916 2133 3965 autem

562 4022 694 4062 ense
727 4006 812 4060 vel
850 4006 1045 4078 quavis
1089 4019 1150 4059 re
1188 4003 1356 4057 simili
1406 4018 1542 4059 usus
1575 4010 1681 4067 est,
1726 4002 1930 4056 nullam
1972 4001 2135 4055 habet

564 4098 1012 4154 excusationem:
1044 4101 1099 4150 et
1145 4094 1402 4155 maxime,
1447 4094 1541 4164 qui
1580 4093 1820 4148 securim
1858 4092 2134 4163 iaculatus

564 4196 671 4244 est.
706 4186 1052 4242 Manifestum
1094 4192 1179 4241 est
1211 4185 1355 4240 enim
1387 4185 1539 4239 illum
1570 4199 1736 4240 manu
1772 4199 1884 4238 non
1912 4199 2136 4254 percus-

567 4280 730 4342 sisse,
767 4280 843 4332 ita
870 4285 931 4332 ut
965 4279 1134 4333 ictum
1175 4276 1242 4331 ad
1286 4276 1571 4330 arbitrium
1605 4276 1878 4330 moderari
1908 4286 2129 4344 posset:

567 4370 663 4428 sed
691 4370 967 4439 jaeulatus
1000 4376 1105 4431 est,
1152 4368 1228 4421 ita
1278 4375 1337 4420 ut
1374 4375 1428 4421 et
1462 4366 1726 4436 gravitate
1755 4364 1882 4419 ferri
1919 4373 1974 4420 et
2018 4365 2135 4419 acie

2234 1907 2458 1963 τίσαντα
2491 1908 2604 1975 (59)
2646 1907 2792 1962 λίθον
2840 1910 2933 1962 ἐπὶ
2974 1908 3110 1963 κύνα
3160 1910 3194 1980 ἦ
3243 1909 3464 1982 δένδρον,
3498 1908 3682 1980 ἀνθρώπω

2232 2000 2433 2068 τυχεῖν.
2464 1998 2527 2050 Ἡ
2570 1997 2667 2069 μὲν
2713 1996 2820 2070 γὰρ
2861 1999 3006 2070 ὁρμὴ
3046 1994 3114 2070 ἦν
3157 1999 3219 2051 τὸ
3257 1999 3432 2071 θηρίον
3468 1998 3682 2068 ἀμύνασθαι

2233 2086 2266 2158 ἢ
2306 2087 2396 2140 τὸν
2435 2087 2643 2159 καρπὸν
2677 2090 3016 2142 κατασεῖσαι·
3062 2088 3240 2160 ὑπὲὅη
3278 2088 3333 2142 δὲ
3376 2089 3624 2159 αὐτομάτως
3647 2088 3711 2156 si.

2234 2179 2414 2252 πληγῇ
2444 2180 2585 2234 κατά
2613 2180 2846 2252 πάροδον
2876 2183 2905 2235 ὁ
2929 2183 3284 2254 παραπεσὼνο
3312 2182 3442 2237 ὥστε
3466 2183 3516 2235 τὸ
3540 2180 3684 2235 τοιοῦτον
3710 2172 3711 2175 “

2232 2272 2506 2327 ἀκούσιον.
2563 2274 2841 2329 Ἀκούσιον
2891 2275 3072 2346 μέντοι
3126 2277 3224 2330 καὶ
3267 2278 3320 2330 εῐ
3359 2294 3437 2340 τις
3478 2275 3687 2346 βουλόμενος

2234 2365 2556 2438 ἐπιστρέψαι
2576 2367 2720 2433 τινά,
2757 2369 2939 2440 ἱμάντι
2968 2370 3002 2441 ἢ
3036 2370 3218 2441 ῥάϐδῳ
3251 2370 3325 2441 μὴ
3350 2369 3531 2439 σκληρᾷ
3551 2368 3685 2421 τύπτοι.

2234 2456 2481 2529 ἀποθάνῃ
2512 2458 2569 2512 δὲ
2595 2460 2624 2511 ὁ
2655 2461 3008 2531 τυπτόμενος.
3044 2462 3108 2515 Ἦ
3145 2462 3258 2535 γὰρ
3298 2461 3525 2534 πρόθεσις
3546 2456 3689 2513 ἐνταῦθα

2237 2551 2536 2610 σκοπεῖται.
2567 2551 2649 2604 ὅτι
2679 2550 2965 2623 βελτιῶσαι
2997 2552 3260 2624 ἠϐούλετο
3285 2554 3372 2609 τὸν
3404 2551 3689 2625 ἀμαρτάνηπα,

2233 2642 2334 2695 οὐκ
2365 2642 2593 2697 ἀνελεῖν.
2627 2645 2713 2697 Ἐν
2740 2648 2852 2711 τοῖς
2875 2646 3150 2710 ἀκουσίοις
3175 2648 3296 2700 ἐστὶ
3324 2646 3519 2700 κάκεῖνο
3541 2640 3688 2713 (θθ),τδ.

2232 2734 2568 2805 ἀμυνόμενόν
2589 2754 2711 2789 τινα
2744 2738 2803 2791 ὲν
2840 2737 2985 2810 μάχῃ
3022 2735 3222 2811 ξῦλῳῆ
3258 2739 3423 2812 χειρὶ,
3450 2734 3691 2807 ἁςειδῶςέπὶ

2232 2822 2299 2877 τά
2324 2824 2514 2894 καίρια
2532 2826 2631 2896 τὴν
2659 2825 2871 2899 πληγὴν
2897 2828 3162 2897 ἐνεγκεῖν,
3195 2826 3337 2881 ὥστε
3358 2825 3565 2881 κακῶσαι
3582 2821 3691 2881 αὑτὸν,

2232 2916 2330 2986 οὐχ
2351 2916 2490 2971 ὥστε
2514 2918 2791 2983 παντελῶς
2822 2919 3050 2975 ἀνελεῖν.
3077 2919 3241 2972 Ἀλλά
3269 2919 3419 2973 τοῦτο
3441 2917 3525 2989 ἤδη
3552 2928 3694 2986 προπῐ·

2232 3006 2375 3075 γίζει
2414 3009 2492 3080 τῷ
2530 3010 2780 3083 ἑκουσίῳ.
2828 3012 2886 3064 '0
2924 3012 3033 3083 γὰρ
3071 3011 3312 3083 τοσούτῳ
3345 3010 3623 3083 χρησάμενος
3643 3004 3694 3073 ὀρ-

2232 3096 2381 3168 γάνῳ
2410 3097 2545 3169 πρὸς
2570 3099 2802 3170 ἄμυναν,
2829 3099 2862 3171 ἢ
2895 3101 2924 3153 ὁ
2950 3100 3025 3171 μὴ
3059 3100 3431 3172 πεφεισμένως
3457 3098 3538 3169 τὴν
3563 3092 3692 3161 πληγὲν

2234 3188 2551 3258 ἐπαγαγὼν,
2589 3188 2748 3261 δῆλός
2784 3193 2922 3257 ἐστι,
2961 3191 3048 3245 διὰ
3077 3191 3139 3244 τὸ
3182 3189 3530 3264 κεκρατῆσθαι
3554 3187 3626 3241 ὑπὸ
3641 3181 3693 3235 τοῦ

2234 3280 2457 3345 πάθους,
2486 3280 2718 3351 ἀφειδῶν
2739 3281 2833 3336 τοῦ
2861 3280 3168 3354 ἀνθρώπου.
3214 3280 3441 3355 Ὀμοίως
3469 3280 3547 3335 καὶ
3569 3279 3590 3330 ὁ
3611 3273 3694 3343 ξύλῳ

2234 3369 2407 3443 βαρεῖ,
2438 3371 2532 3425 καὶ
2558 3374 2587 3426 ὁ
2619 3370 2752 3442 λίθῳ
2795 3371 2999 3444 μείζονι
3028 3373 3127 3443 τῆς
3153 3373 3428 3445 δυνάμεως
3454 3371 3536 3441 τῆς
3565 3366 3694 3435 ἀνθρω-

2232 3461 2393 3533 πίνης
2421 3464 2784 3536 χρησάμενος,
2814 3466 2928 3528 τοῖς
2959 3465 3234 3530 ἀκουσίοις
3260 3455 3695 3538 ὲναριθμείταιβὼ

2236 3553 2334 3625 μέν
2366 3571 2417 3608 τι
2451 3553 2562 3626 (61)
2609 3555 2987 3627 προελόμενος,
3033 3555 3159 3610 ἄλλο
3196 3556 3255 3610 δέ
3286 3574 3337 3611 τι
3381 3556 3588 3625 ποιήσας.
3616 3538 3711 3600 Ti

2232 3645 2340 3718 γὰρ
2370 3645 2464 3699 τοῦ
2507 3646 2678 3718 θυμοῦ
2719 3647 2971 3718 τοιαύτην
3014 3649 3216 3719 ἤνεγκε
3260 3649 3359 3719 τὴν
3397 3644 3591 3717 πληγὴν,
3611 3637 3693 3692 tim!

2233 3737 2439 3791 ἀνελεῖν
2483 3738 2574 3792 τὸν
2628 3738 2922 3810 πληγέντα·
2966 3739 3143 3793 καίτοι
3201 3741 3236 3810 ἠ
3290 3739 3479 3810 σπουδὴ
3518 3731 3571 3806 ἦν
3607 3726 3693 3796 αὖτῷ

2232 3827 2519 3900 συντρίψαι
2537 3829 2717 3900 τυχὸν,
2737 3829 2859 3899 οὐχὶ
2879 3829 2935 3882 δὲ
2963 3830 3057 3882 καὶ
3084 3830 3363 3894 παντελῶς
3387 3825 3645 3883 θανατιίσαι.
3662 3818 3711 3877 ὐἷ

2235 3919 2418 3988 μέντοι
2451 3920 2593 3987 ξίφει
2632 3918 3059 3991 χρησάμενος..ἢ
3096 3919 3344 3989 ᾡτινιοῦν
3377 3916 3585 3984 τοιούτῳ,

2235 4010 2363 4081 μίαν
2405 4009 2517 4082 ἔχει
2570 4012 2919 4084 παραίτησιν*
2974 4014 3069 4067 καὶ
3124 4014 3357 4084 μάλιστα
3396 4014 3424 4065 ὁ
3464 4009 3545 4080 τὴν
3577 4004 3711 4071 ἀξίνην

2231 4100 2538 4166 ἀκοντίσας.
2560 4103 2668 4155 Καὶ
2687 4103 2794 4175 γὰρ
2817 4104 2936 4157 οὐδὲ
2962 4103 3068 4157 ἀπὸ
3093 4104 3279 4174 χειρὸς
3302 4103 3527 4174 φαίνεται
3544 4092 3691 4164 uitii;

2232 4189 2374 4245 ὥστε
2414 4192 2475 4245 τὸ
2516 4191 2710 4265 μέτρον
2750 4193 2851 4262 τῆς
2889 4193 3106 4266 πληγῆς
3149 4194 3238 4246 ἐπ’
3283 4191 3426 4263 αὐτῷ
3463 4184 3597 4249 εἶναι,
3627 4178 3691 4234 ἀλλ’

2231 4283 2531 4354 ἠκόντισεν,
2569 4283 2709 4338 ὥστε
2749 4286 2844 4340 καὶ
2887 4286 2966 4356 τῷ
3008 4286 3160 4358 βάρει
3196 4284 3291 4340 τοῦ
3329 4284 3550 4355 σιδήρου,
3576 4271 3691 4337 καὶῆ

2231 4375 2406 4446 ἀκμῇ,
2457 4376 2551 4429 καὶ⁸
2596 4379 2664 4448 τῇ
2706 4376 2795 4430 διὰ
2839 4375 3092 4429 πλείστου
3134 4377 3299 4448 φορᾷ,
3343 4371 3559 4445 ὀλεθρίαν
3591 4369 3692 4427 Mi“

565 4470 621 4518 et
649 4470 797 4517 motu
822 4475 852 4514 e
877 4460 1192 4530 longinquo,
1212 4460 1354 4515 ictus
1378 4458 1690 4513 necessario
1718 4455 1935 4513 lethalis
1959 4456 2129 4512 ﬁeret.

2235 4466 2404 4530 καίως
2458 4465 2556 4538 τὴν
2618 4467 2830 4539 πληγὴν
2882 4467 3153 4536 γενέσθαι.
3195 4467 3463 4522 Ἐκούσιον
3511 4462 3559 4516 δὲ
3596 4454 3693 4509 πάλιν

568 4554 781 4610 Rursus
819 4560 1000 4606 autem
1036 4551 1262 4606 omnino
1284 4557 1371 4605 est
1401 4548 1795 4610 voluntarium,
1826 4562 1892 4602 ac
1924 4547 2131 4601 nullam

567 4645 779 4700 habens
816 4642 1234 4706 dubitationem,
1264 4639 1411 4712 quod
1446 4640 1504 4693 ﬁt
1550 4655 1580 4693 a
1613 4639 1940 4703 latronibus,
1990 4646 2044 4693 et
2076 4639 2130 4692 in

570 4736 780 4793 bellicis
826 4733 1258 4790 incursionibus.
1311 4731 1377 4788 Hi
1420 4732 1566 4788 enim
1609 4739 1832 4802 propter
1868 4732 2131 4802 pecunias

569 4912 675 4967 lius
699 4925 794 4968 eos
828 4910 933 4980 fere
962 4910 1189 4964 hominis
1211 4919 1420 4980 (etatem
1448 4908 1662 4963 Satanze
1690 4909 1920 4965 traditos
1941 4908 2130 4965 fuisse.

568 4982 639 5035 At
682 4990 816 5039 aetas
896 4982 1135 5035 hominis
1181 4980 1385 5051 (γενεά)
1437 4995 1579 5050 saepe
1627 4993 1899 5051 annorum
1940 4980 2134 5049 viginti

570 5053 748 5122 spatio
822 5051 1167 5122 existimatur
1193 5048 1245 5122 "_:
1297 5048 1444 5104 velut
1516 5048 1643 5122 cum
1706 5050 1783 5103 ait
1839 5048 2133 5122 Dionysius

568 5119 971 5178 Alexandrinus
1015 5121 1158 5190 apud
1205 5119 1524 5185 Eusebium,
1559 5120 1654 5176 lib.
1712 5134 1811 5180 vlt,
1865 5134 1990 5190 cap.
2014 5119 2130 5190 _2l,

572 5192 924 5248 lsraelitasin
955 5188 1173 5246 deserto
1218 5190 1384 5245 fuisse
1425 5190 1639 5245 duabus
1683 5188 1958 5245 aetatibus.
2013 5188 2134 5259 Ipse

574 5261 809 5317 Basilius
839 5265 893 5316 in
922 5261 1152 5331 epistola
1175 5260 1302 5322 20L
1337 5276 1459 5330 quae
1487 5261 1691 5330 scripta
1710 5272 1795 5316 est
1827 5274 1972 5314 anno
2004 5259 2130 5331 5,75,

571 5330 1039 5387 NeocaesarienSes
1090 5332 1307 5385 incusat
1340 5332 1486 5401 quod
1520 5331 1625 5386 sibi
1648 5330 1761 5400 jam
1797 5339 1965 5384 totam
2020 5330 2134 5385 fere

570 5402 811 5456 hominis
836 5408 1051 5456 aetatem
1085 5410 1484 5467 succenseant;
1521 5415 1661 5471 quos
1703 5408 2026 5471 tamennon
2058 5401 2131 5454 ita

570 5471 779 5541 pridem
832 5471 1038 5527 amicos
1085 5471 1373 5532 habuerat,
1424 5487 1488 5525 ac
1529 5469 1675 5525 anno
1716 5469 1845 5534 568,
1897 5469 2132 5541 Musonii

571 5540 747 5594 inerte
779 5541 1011 5597 aﬂlictos
1041 5541 1239 5595 litteris
1269 5542 1621 5597 amicissimis
1652 5542 1973 5596 consolatus
2007 5540 2131 5595 l'ue-

572 5619 676 5663 rat.
726 5609 994 5682 Sa-culum
1018 5611 1161 5682 apud
1197 5609 1421 5682 Latinos
1451 5624 1558 5666 non
1591 5624 1806 5681 semper
1832 5611 2019 5682 stricte
2041 5627 2137 5666 su-

572 5679 769 5751 mitur‘;
822 5682 968 5735 velut
1001 5679 1128 5734 cum
1178 5681 1255 5734 ait
1288 5680 1653 5751 Hieronymus
1682 5679 1736 5735 in
1771 5683 1933 5751 epist.
1965 5681 2031 5735 27
2064 5682 2133 5735 ad

573 5748 908 5816 Marcellam,
957 5751 1011 5805 in
1041 5751 1244 5805 Christi
1278 5752 1459 5807 verbis
1489 5748 1829 5822 explicandis
1865 5768 1954 5806 ver
1983 5762 2131 5806 tanta

2235 4557 2533 4624 παντελῶς,
2565 4560 2659 4613 καὶ
2688 4559 2942 4627 οὐδεμίαν
2981 4560 3307 4631 ἀμφιϐολίαν
3349 4559 3480 4629 ἔχον,
3514 4549 3598 4608 οἷόν
3626 4549 3711 4598 ists;

2231 4647 2292 4701 τὸ
2315 4647 2423 4701 τῶν
2450 4647 2659 4721 λῃστῶν
2688 4648 2782 4702 καὶ
2806 4648 2867 4702 τὸ
2902 4647 3011 4701 τῶν
3038 4649 3347 4721 πολεμικῶν
3374 4646 3569 4717 ἐφόδων.
3595 4632 3690 4691 Οὗτοι

2236 4737 2333 4809 μὲν
2369 4737 2478 4809 γὰρ
2509 4737 2596 4791 διὰ
2637 4740 2892 4810 χρήματα
2936 4737 3247 4810 ἀναιροῦσι,
3280 4739 3372 4792 τὸν
3405 4738 3587 4804 ελεγχον
3612 4730 3692 4781 ἀφ

2227 4916 2343 4984 jam
2375 4918 2576 4987 stt-cuiq
2604 4924 2871 4987 tantorum
2903 4916 3114 4987 ingenia
3141 4918 3401 4973 sudasse:
3423 4916 3496 4972 vel
3522 4923 3612 4987 cum
3633 4917 3692 4956 ³⁸⁸

2233 4982 2353 5058 ctor
2387 4985 2511 5058 libri
2544 4985 2615 5058 De
2644 4982 3022 5058 rebaptisma'te
3057 4988 3111 5041 in
3136 4988 3459 5058 Cyprianum
3488 4982 3616 5058 tacito
3636 4987 3693 5058 ηοξ

2235 5055 2382 5110 mine
2408 5056 2707 5122 invehitur,
2735 5047 2881 5125 quod
2924 5047 3377 5126 adversus-prisca
3405 5054 3603 5110 consulta
3624 5047 3693 5126 pofl

2236 5132 2309 5196 tot
2342 5130 2656 5180 macularum
2685 5120 2889 5180 tantam
2930 5127 3116 5179 seriem
3158 5120 3296 5181 nunc
3327 5128 3533 5196 primum

2234 5195 2347 5248 sine
2373 5197 2576 5250 ratione
2611 5198 2879 5266 insurgat,
2920 5211 2975 5265 p.
3011 5196 3136 5251 357.
3173 5197 3249 5251 De
3287 5191 3385 5251 hoc
3415 5210 3529 5264 ergo
3547 5191 3691 5255 "lim"

2232 5279 2500 5388 ιἒιιύιιοιςιιιιι
2531 5282 2759 5321 numero
2790 5282 2899 5320 non
2932 5281 3138 5337 paucos
3159 5266 3605 5323 deducendosesse
3624 5266 3692 5305 εἰ*

2273 5351 2286 5387 ι
2328 5350 2482 5389 enm.
3656 5383 3687 5389 Α.

2361 5351 2482 5389 rlm.
3643 5387 3663 5391 _.
3682 5383 3687 5391 .

2304 5387 2941 5478 (εθὶῖδΑκοντίσαντα.
3000 5404 3092 5463 Sic
3153 5406 3394 5478 plerique
3450 5417 3561 5458 mss.
3602 5387 3690 5447 Elin

2232 5474 2602 5539 ἀκοντίζοντα.

2233 5613 2245 5627 ,
2305 5543 2416 5615 (60)
2430 5531 2723 5627 ’ξςάκεῖνα
2777 5547 2923 5604 eam
2977 5546 3185 5604 addunt
3223 5546 3434 5619 ὁμοίως,
3458 5536 3577 5615 quod
3595 5531 3688 5585 deest

2232 5616 2288 5673 in
2317 5616 2574 5670 omnibus
2606 5633 2743 5672 mss.

2304 5683 2755 5758 (θυμᾍλλομέν
2768 5705 2843 5752 τι,
2869 5697 2977 5742 etc.
3000 5687 3092 5742 Sic
3120 5688 3360 5758 plerique
3386 5701 3502 5741 mss.
3523 5674 3686 5758 codicﬁ'

2232 5752 2375 5808 Editi
2398 5752 2527 5809 ἄλλο
2558 5752 2656 5827 μέν
2688 5776 2788 5826 τοι,
2820 5770 2873 5813 et
2903 5761 3062 5828 paulo
3094 5752 3213 5829 post
3244 5752 3364 5816 ἄλλο
3391 5758 3443 5813 δὲ
3468 5752 3655 5818 ποιήσας·
