3738 6488
515 308 615 362 719

1814 296 1872 352 S.
1911 292 2152 350 BASILII
2189 292 2403 350 MAGNI
3562 305 3630 362 τω

505 421 713 493 judicio
758 421 1044 490 suajicnur
1074 418 1402 491 gravissimo
1435 456 1450 483 ,
1510 429 1571 473 ut
1623 432 1746 487 qua:
1805 415 1963 472 fidem
2020 415 2030 469 i

2179 414 2244 467 Εί
2270 416 2451 469 τοίνυν
2473 417 2619 487 χήρα
2650 417 2881 487 κρίματι
2905 416 3182 470 ὑπόκειται
3212 415 3479 488 βαρυτάτῳ,
3501 417 3632 492 dig-dp

509 513 793 570 Christum
844 512 1057 566 irritam
1106 509 1332 576 fecerit,
1368 510 1501 581 quid
1552 510 1713 565 nobis
1770 507 2071 580 putandum

508 604 577 661 de
608 604 838 676 virgin’e,
873 617 993 673 quae
1034 616 1233 673 sponsa
1258 608 1347 657 est
1367 600 1607 666 Christi,
1641 608 1695 655 et
1727 613 1944 655 sacrum
1975 614 2071 654 vas

509 694 739 750 Domino
781 692 1142 750 dedicatum?
1193 691 1446 764 Magnum
1484 692 1703 764 quidem
1749 700 1833 747 est
1881 706 2072 763 pecca-

507 790 669 850 tum,
721 785 806 840 vel
850 785 1105 839 ancillam
1129 784 1505 847 {clandestinis
1550 782 1920 839 matrimoniis
1949 797 2072 838 sese

509 875 750 941 dantem,
785 884 973 946 stupro
1021 875 1241 930 domum
1287 875 1548 946 implere,
1577 884 1633 930 et
1674 875 2072 930 deteriore-vita

509 968 765 1039 iniuriam
814 968 1122 1039 possessori
1182 967 1407 1024 facere:
1454 969 1615 1040 longe
1650 974 1830 1022 autem
1854 966 2071 1038 gravius

509 1068 594 1117 est
629 1074 889 1130 sponsam
920 1058 1040 1115 fieri
1094 1059 1427 1143 adulteram,
1462 1074 1527 1114 ac
1557 1075 1671 1115 suae
1699 1074 1823 1113 cum
1871 1072 2072 1128 sponso

509 1152 879 1222 conjunctioni
931 1152 1168 1209 dedecus
1228 1152 1489 1209 ferentem
1521 1192 1538 1219 ,
1602 1151 1892 1223 impudicis
1917 1152 2072 1207 volu-

507 1246 747 1317 ptatibus
794 1260 853 1301 se
915 1245 1135 1300 dedere.
1187 1243 1422 1301 Proinde
1485 1243 1648 1299 vidua
1698 1244 1916 1315 quidem
1949 1283 1966 1309 ,
2013 1251 2074 1298 ut

509 1343 763 1405 corrupta
793 1337 1027 1400 ancilla,
1062 1336 1459 1392 condemnatur
1490 1354 1504 1405 ;
1540 1337 1693 1407 virgo
1732 1350 1863 1391 vero
1917 1334 2073 1390 adul-

508 1436 637 1485 terae
657 1429 868 1499 judicio
893 1430 1053 1501 292
1086 1431 1396 1500 subjicitur.
1417 1429 1883 1497 Quemadmodum
1908 1427 2075 1499 igitur

507 1538 632 1578 eum
664 1525 760 1594 qui
810 1537 936 1578 cum
969 1524 1147 1578 aliena
1178 1534 1262 1580 est
1297 1525 1527 1580 muliere
1553 1565 1569 1591 ,
1614 1521 1923 1577 adulterum
1974 1536 2075 1581 no-

510 1615 809 1679 minamus,
854 1630 960 1670 non
1014 1615 1163 1685 prius
1211 1615 1560 1671 admittentes
1616 1612 1683 1667 ad
1734 1610 2073 1667 communio-

508 1723 653 1771 nem,
693 1721 854 1776 quam
901 1721 931 1760 a
964 1715 1188 1776 peccato
1239 1706 1578 1762 cessaverit:
1618 1705 1695 1760 ita
1751 1702 1993 1774 profecto
2015 1710 2071 1758 et

2178 507 2259 569 είς
2311 506 2541 577 Χριστὸν
2602 505 2915 576 ἀθετήσασα
2964 505 3161 568 πίστιν,
3200 505 3251 557 τί
3283 506 3376 577 χρὴ
3407 506 3633 574 λογίζεσθαι

2178 598 2323 668 ἡμᾶς
2355 598 2482 667 περὶ
2507 598 2605 668 τῆς
2654 584 2941 669 παρθένου,
2970 598 3093 667 ἥτις
3115 596 3297 667 νύμφη
3322 597 3426 651 ἐστὶ
3453 598 3528 651 τοῦ
3546 601 3635 669 Χρι-

2179 688 2325 754 στοῦ,
2358 689 2451 743 καὶ
2489 688 2680 753 σκεῦος
2712 690 2854 760 ἱερὸν
2885 688 3140 744 ἀνατεθὲν
3169 688 3245 759 τῷ
3272 688 3510 762 Asnam;
3529 690 3634 757 Μέγα

2181 782 2277 854 μὲν
2308 783 2608 855 ἁμάρτημα
2658 784 2753 838 καὶ
2780 781 2972 854 δούλην
3005 780 3277 854 λαθραίοις
3303 780 3474 851 γάμοις
3501 783 3633 852 ὲανῇγν

2178 873 2514 928 ὲπιδιδοῦσαν
2561 875 2763 946 φθορᾶς
2809 874 3117 945 ἀναπλῆσαι
3144 873 3233 926 τὸν
3260 867 3412 935 οἷκον,
3455 870 3531 923 καὶ
3554 870 3635 924 καθ-

2179 966 2417 1037 υϐρίζειν
2444 965 2532 1022 διὰ
2549 966 2643 1021 τοῦ
2673 966 2907 1039 πονηροῦ
2931 965 3047 1036 βίου
3076 965 3166 1019 τὸν
3184 962 3501 1035 κεκτημένον

2177 1059 2235 1113 δὲ
2258 1059 2429 1130 δήπου
2467 1058 2840 1131 χαλεπώτερον
2879 1058 2976 1130 τὴν
3017 1058 3231 1129 νύμφην
3280 1054 3519 1127 μοιχαλίδα
3537 1054 3635 1122 γενέ-
3696 1050 3697 1079 ξ

2181 1150 2324 1215 σθαι,
2358 1151 2451 1206 καὶ
2479 1150 2573 1223 τὴν
2607 1152 2743 1223 πρὸς
2772 1151 2863 1205 τὸν
2894 1150 3125 1221 νυμφίον
3156 1149 3341 1203 ἕνωσιν
3363 1147 3633 1217 ἀτιμάσασα.

2178 1242 2387 1314 ἡδοναῖς
2418 1241 2734 1305 ἀκολάστοις
2766 1241 2961 1311 ἑαυτὴν
3000 1239 3293 1293 ἐπιδοῦναι.
3331 1237 3507 1291 Οὐκοῦν
3528 1239 3553 1306 ἡ
3575 1236 3637 1306 μὲν

2178 1332 2340 1403 χήρα,
2370 1331 2445 1395 ὡς
2475 1330 2632 1402 δούλη
2696 1330 3086 1402 διεφθαρμένη,
3122 1328 3529 1393 καταδικάζεται’
3553 1330 3577 1397 ἠ
3600 1327 3635 1379 δὲ

2179 1423 2441 1496 παρθένος
2485 1422 2563 1494 τῷ
2617 1424 2840 1495 κρίματι
2903 1423 3002 1493 τῆς
3068 1421 3362 1493 μοιχαλίδος
3419 1418 3633 1473 ὑπόκειται.

2181 1516 2386 1587 Ὠσπερ
2444 1511 2536 1570 οὖν
2572 1515 2661 1568 τὸν
2706 1515 2962 1587 ἀλλοτρίᾳ
3002 1513 3219 1583 γυναικὶ
3268 1511 3487 1567 συνιόντα
3516 1510 3634 1580 μοιχὸν

2177 1607 2531 1680 ὀνομάζομεν,
2581 1606 2641 1660 οὐ
2695 1607 2955 1679 πρότερον
2991 1605 3408 1677 παραδεξάμενοι
3425 1605 3490 1667 είς
3512 1620 3635 1657 mve-

2177 1702 2315 1766 νίαν,
2350 1702 2475 1772 πρὶν
2507 1701 2538 1771 ἢ
2563 1698 2873 1753 παύσασθαι
2902 1700 2999 1770 τῆς
3041 1698 3343 1769 ἁμαρτίας·
3372 1697 3492 1750 οὓτω
3514 1696 3633 1766 δηλον-

507 1800 574 1854 de
602 1814 667 1855 eo
704 1775 798 1868 qui
834 1775 1097 1870 virginem
1148 1798 1314 1854 habet
1362 1807 1689 1854 statuemus.
1720 1795 1855 1850 Illud
1885 1803 2030 1851 autet

2176 1792 2253 1858 ότι
2278 1793 2372 1845 καλ⁵
2396 1792 2487 1844 ἐπὶ
2511 1790 2603 1843 τοῦ
2631 1792 2731 1863 τὴν
2754 1790 3019 1861 παρθένον
3044 1790 3257 1860 ἔχοντος
3287 1787 3632 1859 διατεθησόμεοα.
3696 1775 3697 1835 ἕ

506 1907 652 1947 nunc
698 1893 752 1946 in
800 1899 1147 1947 antecessum
1205 1903 1441 1946 statuere
1496 1891 1657 1945 nobis
1686 1904 1911 1945 necesse
1943 1897 2067 1954 est,

505 1981 767 2051 virginem
814 1982 1045 2046 vocari,
1093 1996 1214 2052 qua:
1269 1997 1328 2037 se
1375 1997 1472 2037 sua
1505 1988 1698 2051 Sponte
1738 1979 1937 2034 obtulit
1968 1977 2072 2033 Do-

508 2077 678 2140 mino,
718 2090 783 2130 ac
810 2075 1063 2131 nuntium
1108 2074 1315 2145 nuptiis
1343 2073 1586 2139 remisit,
1616 2084 1670 2128 et
1699 2070 2073 2128 sanctimoniae

507 2168 817 2225 institutum
874 2169 1121 2237 amplexa
1183 2175 1301 2221 vest.
1356 2164 1734 2221 Professiones
1779 2172 1959 2219 autem
2004 2163 2073 2219 ab

505 2272 571 2312 co
623 2266 863 2326 tempore
891 2257 1268 2321 admittimus,
1324 2272 1432 2325 quo
1460 2266 1591 2312 tetas
1644 2254 1873 2309 rationis
1917 2268 2071 2308 com-

506 2349 836 2418 plementum
891 2345 1165 2400 habuerit.
1216 2343 1401 2413 Neque
1452 2343 1595 2399 enim
1631 2342 1868 2413 pueriles
1910 2355 2072 2423 voces

504 2440 730 2495 omnino
785 2445 934 2495 ratas
993 2438 1049 2492 in
1096 2436 1366 2507 ejusmodi
1410 2437 1572 2493 rebus
1626 2435 1824 2490 habere
1872 2447 2070 2488 conve-

503 2529 585 2585 nit
633 2545 663 2583 ιλ
696 2530 792 2587 sed
851 2546 972 2602 qua:
1005 2545 1172 2601 supra
1220 2527 1490 2585 sexdecim
1551 2526 1636 2581 vel
1684 2524 2070 2595 septemdecim

504 2636 680 2678 annos
724 2631 853 2677 nata
885 2661 901 2687 ,
953 2622 1430 2677 ratiocinationum
1457 2636 1678 2677 suarum
1708 2620 1912 2674 arbitra
1934 2660 1949 2686 ,
1978 2619 2070 2673 diu

502 2714 809 2770 examinata
860 2730 925 2769 ac
953 2715 1179 2786 probata
1211 2756 1224 2780 ,
1281 2713 1541 2783 deinceps
1584 2712 1986 2783 perseveravit,
2017 2718 2071 2767 et

503 2814 567 2860 ut
617 2807 937 2861 admittatur
987 2813 1303 2862 constanter
1358 2804 1673 2875 rogaverit,
1706 2812 1821 2859 tum
1851 2802 2067 2859 demum

504 2899 648 2955 inter
696 2900 936 2971 virgines
992 2897 1314 2964 referenda,
1376 2897 1607 2967 ejusque
1654 2903 1772 2951 rata
1820 2895 2068 2950 habenda

503 2991 792 3061 professio,
828 3006 892 3045 ac
921 2990 1070 3055 illius
1114 2989 1338 3044 violatio
1388 2988 1800 3044 inexorabiliter
1842 2988 2073 3058 punien-

504 3082 594 3136 da.
629 3082 822 3136 Multas
853 3083 997 3137 enim
1047 3088 1299 3152 parentes
1346 3080 1624 3135 adducunt
1672 3089 1726 3137 et
1779 3079 1976 3135 fratres
2015 3085 2069 3135 et

504 3175 939 3244 propinquorum
998 3174 1246 3229 nonnulli
1308 3180 1434 3229 ante
1495 3180 1751 3238 aetatem,
1808 3187 1920 3228 non
1972 3188 2070 3228 sua

506 3272 699 3337 sponte
753 3264 821 3319 ad
855 3265 1099 3321 caelibem
1136 3267 1299 3321 vitam
1349 3266 1640 3341 incitatas,
1695 3264 1792 3321 sed
1852 3273 1911 3319 ut
1966 3264 2071 3321 sibi

505 3358 613 3431 ipsi
662 3358 879 3428 aliquod
905 3359 961 3413 in
1005 3359 1117 3412 vita
1138 3359 1488 3415 commodum
1537 3358 1879 3431 provideant.
1912 3357 2070 3414 Tales

503 3469 615 3510 non
671 3452 835 3509 facile
901 3453 1286 3520 admittenda,
1352 3454 1527 3510 donec
1593 3461 1779 3526 aperte
1830 3454 2068 3527 ipsarum

503 3543 832 3616 perscrutati
877 3542 1142 3599 fuerimus
1168 3545 1509 3599 sententiam.

573 3634 713 3691 XIX.
759 3634 1018 3691 Virorum
1044 3643 1225 3691 autem
1254 3635 1619 3705 professiones
1637 3637 1761 3706 [non
1796 3636 2067 3700 novimus,

501 3737 865 3800 praeterquam
922 3728 970 3785 si
1017 3728 1111 3797 qui
1164 3743 1224 3784 se
1258 3728 1382 3799 ipsi
1432 3728 1825 3784 monachorum
1891 3728 2069 3783 ordini

501 3822 858 3892 ascripserint
921 3838 933 3873 :
1001 3822 1095 3892 qui
1158 3821 1379 3890 quidem
1441 3822 1605 3877 tacite
1663 3822 1830 3876 vitam
1919 3822 2067 3876 οτηιί-

501 3912 627 3970 bem
700 3915 952 3968 videntur
1006 3913 1338 3984 suscepisse.
1389 3912 1775 3969 Verumtamen
1851 3915 1907 3969 in
1963 3914 2070 3969 illis

502 4020 723 4076 quoque
770 4006 939 4075 _,illud
1019 4006 1216 4077 opinor
1306 4006 1561 4076 praemitti
1638 4016 1890 4077 oportere
1921 4047 1936 4072 ,
2011 4014 2069 4061 ut

502 4096 608 4169 ipsi
675 4098 1125 4169 interrogentur,
1196 4098 1610 4170 accipiaturque
1684 4113 1876 4155 eorum
1941 4114 2070 4168 pro-

503 4188 673 4245 fessio
722 4190 868 4243 clara
915 4205 979 4245 ac
1022 4190 1311 4259 perspicua
1366 4207 1379 4242 :
1439 4199 1542 4257 ut,
1599 4208 1727 4248 cum
1779 4207 1839 4248 se
1887 4191 1954 4246 ad
2005 4193 2069 4245 li-

502 4281 814 4337 bidinosam
876 4289 932 4337 et
998 4281 1362 4351 voluptariam
1426 4283 1592 4338 vitam
1659 4284 2065 4350 converterint,

500 4388 689 4429 eorum
731 4372 826 4445 qui
890 4371 1234 4428 fornicantur
1264 4374 1535 4444 punitioni
1573 4376 1958 4446 subjiciantur.

568 4462 687 4519 XX.
727 4462 1080 4535 Quaecunque
1109 4464 1385 4533 mulieres,
1418 4481 1543 4522 cum
1565 4475 1749 4525 essent
1769 4468 1826 4524 in
1855 4468 2065 4532 haeresi,
2098 4470 2143 4525 D

500 4556 866 4630 virginitatem
895 4556 1160 4627 professae
1195 4566 1367 4624 sunt,
1407 4548 1527 4615 sedi
1554 4568 1747 4633 postea
1789 4562 2069 4617 matrimo-

500 4646 654 4702 nium
697 4647 1095 4717 prtetulerunt,
1148 4663 1259 4703 non
1312 4649 1550 4705 arbitror
1591 4664 1685 4707 eas
1717 4650 2069 4707 condemnari

501 4748 769 4812 oportere.
828 4738 1158 4809 Quccunque
1228 4742 1365 4795 enim
1420 4743 1551 4797 dicit
1600 4744 1720 4811 (ex,
1778 4744 1848 4799 iis
1883 4745 1973 4816 qui
2017 4746 2069 4798 in

503 4833 609 4904 lege
650 4842 773 4888 sunt
814 4829 943 4886 dicit
972 4833 1038 4887 “.
1070 4833 1202 4900 Quae
1248 4842 1433 4890 autem
1476 4835 1668 4907 jugum
1708 4834 1911 4893 Christi
1936 4851 2071 4892 non-

500 4924 630 4978 dum
658 4924 982 4991 subierunt,
1016 4940 1093 4979 eae
1147 4940 1249 4980 nec
1298 4924 1509 4982 Domini
1550 4928 1697 5000 leges
1745 4938 2068 5000 agnoscunt.

501 5014 682 5082 Quare
711 5024 842 5071 sunt
874 5018 929 5070 in
971 5016 1270 5074 Ecclesiam
1302 5019 1674 5090 recipiendae;
1710 5034 1837 5076 cum
1896 5023 2072 5076 omni-

500 5107 605 5164 bus
646 5107 813 5163 etiam
859 5107 1055 5164 horum
1112 5112 1495 5169 remissionem
1550 5111 1816 5170 habentes
1868 5128 1932 5169 ex
1971 5113 2072 5169 fide

571 5241 616 5275 ⁸⁸
638 5240 799 5297 Rom.
821 5257 903 5307 ιιι,
930 5241 1017 5298 l9.

572 5378 683 5448 (75)
719 5378 829 5446 Τὰς
855 5379 922 5435 δὲ
952 5384 1336 5454 ὁμολογίας...
1370 5384 1829 5454 συμπλήρωσιν.
1861 5384 1939 5437 Ita
1976 5399 2067 5439 co-

572 5401 683 5448 υο)
720 5401 829 5446 iac
855 5401 922 5435 σε
952 5401 1336 5454 ομονιογιας...
1370 5401 1829 5506 συέπλῃρωσιν.
1863 5401 1939 5437 Ita
1976 5401 2067 5439 co-

501 5449 652 5532 dices
692 5466 1074 5532 mssasnnmmo
1110 5468 1456 5532 c_onse_nsii.___
1495 5455 1594 5532 diti
1631 5453 1744 5525 Τὴν
1788 5453 2069 5532 δεόμολο-

500 5518 1094 5600 γίαν....ὲμπλήρωσιν.
1132 5523 1247 5577 Hoc
1268 5522 1462 5600 Basilii
1508 5518 1789 5600 decretum
1823 5518 2067 5600 de'pro-

504 5590 767 5664 fessionis
813 5590 968 5664 aelate
1019 5596 1218 5664 citatur
1266 5595 1322 5649 in
1375 5609 1587 5649 canone
1643 5590 2065 5664 quadragesimo

501 5659 693 5736 synodi
726 5659 782 5712 in
835 5660 1043 5736 ’l‘r_ul|o,
1080 5672 1135 5736 et
1175 5663 1371 5736 decem
1405 5672 1459 5736 et
1492 5659 1698 5734 septem
1728 5659 1892 5731 ’anni',
1924 5680 2064 5736 quos

500 5729 736 5786 Basilius
770 5733 1016 5802 requirit,
1058 5735 1125 5789 ad
1155 5734 1339 5790 decem
1370 5729 1709 5806 rediguntur.

2186 1882 2390 1936 Ἐκεῖνο
2434 1882 2489 1936 δὲ
2527 1881 2621 1935 νῦν
2662 1881 3204 1954 προδιομολογεῖσθαι
3245 1883 3371 1952 ἡμῖν
3408 1880 3632 1948 ἀναγκαῖον.

2174 1975 2256 2029 ὅτι
2290 1976 2552 2047 παρθένος
2601 1976 2925 2048 ὀνομάζεται
2962 1979 2993 2047 η
3041 1976 3302 2038 ἑκουσίως
3336 1975 3506 2045 ἑαυτὴν
3529 1988 3633 2043 προς·

2171 2067 2451 2140 ἀγαγοῦσα
2506 2067 2582 2138 τῷ
2638 2067 2840 2140 Κυρίῳ,
2890 2068 2983 2120 καὶ
3028 2066 3402 2137 ἀποταξαμένη
3426 2064 3492 2135 τῷ
3516 2064 3631 2134 γάμῳ.
3696 2078 3697 2140 γ

2173 2166 2264 2217 καὶ
2292 2164 2378 2217 τὸν
2398 2165 2454 2216 ὲν
2487 2160 2740 2232 ἁγιασμῷ
2778 2161 2890 2230 βίον
2924 2162 3328 2232 προτιμήσασα.
3363 2158 3459 2221 Τάς
3484 2157 3529 2210 δὲ
3554 2159 3634 2225 ὁμο-

2170 2255 2356 2325 λογίας
2384 2255 2502 2309 τότε
2532 2253 2874 2326 ὲγκρίνομεν,
2918 2254 3009 2320 ἀφ’
3039 2247 3211 2322 οὗπερ
3238 2251 3301 2304 ἂν
3328 2253 3365 2321 ὴ
3392 2248 3541 2322 ἡλικία
3576 2248 3635 2316 τὴν

2171 2347 2264 2402 τοῦ
2291 2346 2448 2416 λόγου
2477 2346 2867 2419 συμπλήρωσιν
2895 2345 3006 2416 (75)
3027 2345 3146 2417 ἔχῃ.
3182 2345 3315 2399 Οὐδὲ
3336 2346 3434 2415 γὰρ
3453 2344 3529 2406 τὰς
3555 2359 3634 2394 ται-

2171 2439 2325 2504 δικὰς
2355 2438 2536 2509 φωνὰς
2571 2437 2786 2501 πάντως
2834 2438 3028 2509 κυρίας
3063 2436 3284 2490 ἐπὶτῶν
3304 2435 3525 2488 τοιούτων
3542 2434 3635 2503 ἡγεῖ-

2172 2531 2294 2585 σθαι
2356 2533 2650 2603 προσῆκεν,
2693 2529 2830 2585 ἀλλά
2872 2529 2970 2600 τὴν
3000 2529 3144 2600 ὑπὲρ
3171 2528 3238 2582 τὰ
3266 2528 3391 2582 δέκα
3418 2527 3517 2596 ἐξῆ
3555 2525 3636 2578 δέκα

2170 2623 2265 2677 καὶ
2287 2622 2424 2676 ὲπτά
2444 2622 2741 2693 γενομένην
2770 2621 2886 2691 ἐτη,
2910 2620 3104 2692 κυρίαν
3131 2616 3298 2674 οὖσαν
3313 2618 3412 2672 τῶν
3427 2614 3635 2686 λογισμῶν.

2169 2714 2553 2787 ἀνακριθεῖσαν
2609 2715 2701 2768 ἐπὶ
2751 2714 2952 2777 πλεῖον,
3013 2711 3131 2769 εἶτα
3156 2712 3546 2786 παραμείνασαν,
3581 2708 3638 2760 καὶ

2173 2805 2505 2878 λιπαροῦσαν
2538 2806 2623 2860 διὰ
2651 2806 2866 2860 ίκεσιῶν
2896 2807 3030 2878 πρὸς
3061 2806 3121 2859 τὸ
3162 2805 3541 2878 παραδεχθῆναι,
3562 2800 3637 2852 τότε

2175 2899 2632 2969 ὲγκαταλὲγεσθαι
2662 2900 2765 2971 χρὴ
2800 2901 2917 2963 ταῖς
2953 2898 3264 2971 παρθένοις,
3289 2900 3376 2952 καὶ
3408 2898 3492 2968 τὴν
3512 2893 3637 2965 ὁμολο-

2174 2992 2297 3060 γίαν
2341 2981 2461 3062 τῆς
2491 2992 2745 3063 τοιαύτης
2795 2990 3013 3063 κυροῦν,
3051 2991 3144 3044 καὶ
3177 2992 3275 3062 τὴν
3297 2988 3639 3060 ἀθέτησιναὺτῆς

2175 3086 2558 3158 ἀπαραιτήτως
2606 3083 2872 3149 κολάζειν.
2910 3085 3116 3148 Πολλὰς
3170 3086 3280 3157 γὰρ
3336 3086 3490 3155 γονεῖς
3528 3098 3637 3153 προς-

2174 3178 2365 3245 άγουσι
2417 3178 2510 3231 καὶ
2561 3176 2798 3247 ἀδελφοὶ,
2856 3179 2951 3231 καὶ
3000 3179 3108 3230 τῶν
3166 3178 3516 3249 προσηκόντων
3546 3174 3638 3233 τινὲς

2172 3271 2276 3343 πρὸ
2307 3270 2406 3340 τῆς
2440 3270 2673 3340 ἡλικίας,
2710 3272 2808 3324 οὐκ
2831 3270 3039 3325 οἴκοθεν
3071 3271 3397 3343 ὁρμηθείσας
3422 3268 3530 3339 πρὸς
3549 3268 3637 3332 ἀγα-

2174 3364 2324 3436 μίαν,
2348 3364 2482 3418 ἀλλά
2509 3381 2562 3417 τι
2588 3363 2836 3434 βιωτικδν
2872 3365 3085 3427 ἑαυτοῖς
3124 3362 3480 3434 διοικούμενοι.
3508 3361 3578 3421 Ἀς
3601 3356 3637 3408 οὐ

2172 3453 2368 3526 ῥᾳδίως
2401 3452 2790 3525 προσδέχεσθαι
2825 3453 2923 3520 δεῖ,
2971 3452 3073 3517 ἕως
3107 3453 3174 3506 ἂν
3202 3452 3436 3525 φανερῶς
3456 3446 3639 3522 τὴνίδίσν

2170 3548 2347 3601 αὐτῶν
2390 3547 2764 3619 ὲρευνήσωμεν
2790 3546 3033 3618 γνώμην.

2240 3636 2341 3695 ΙΘ.
2382 3636 2614 3707 Ἀνδρῶν
2659 3636 2715 3688 δὲ
2742 3636 3030 3707 ὁμολογίας
3069 3637 3171 3689 οὐκ
3212 3637 3459 3708 ἔγνωμεν,
3483 3632 3585 3702 πλὴν
3609 3631 3638 3680 εί

2173 3729 2248 3800 μή
2283 3745 2427 3792 τινες
2446 3729 2670 3791 ἑαυτοὺς
2701 3726 3145 3799 τῷτάγματιτῶν
3173 3727 3491 3799 μοναζόντων
3509 3727 3640 3792 evan:-
3696 3734 3697 3803 γ

2168 3820 2511 3892 ηρίθμησαν’
2543 3820 2592 3874 οἳ
2651 3820 2791 3873 κατά
2832 3821 2890 3873 τὸ
2919 3818 3272 3891 σιωπώμενον
3305 3818 3496 3873 δοκοῦσι
3524 3828 3639 3883 παρα-

2169 3912 2412 3983 δεδέχθαι
2465 3914 2563 3987 τὴν
2606 3913 2867 3983 ἀγαμίαν.
2911 3912 3056 3981 Πλὴν
3084 3912 3178 3965 καὶ
3204 3913 3289 3965 ἐπ’
3310 3912 3504 3966 ἐκείνων
3525 3907 3640 3959 ἐκεῖνα
3696 3914 3697 3973 ξ

2171 4004 2410 4077 ἡγοῦμαι
2476 4004 2830 4077 προηγεῖσθαι
2881 4006 3178 4076 προσήκειν
3230 4005 3371 4075 (76),
3418 3994 3639 4073 ἐρωτᾶσθαι
3696 4012 3697 4019 η

2169 4101 2384 4166 αὐτοὺς,
2434 4101 2528 4155 καὶ
2558 4097 2926 4170 λαμϐάνεσθαι
2954 4098 3051 4169 τὴν
3081 4099 3210 4167 παρ’
3237 4096 3405 4151 αὐτῶν
3432 4088 3638 4163 ὁμολογίαν
3696 4114 3697 4155 1

2168 4191 2391 4263 ὲναργῆ,
2442 4190 2605 4254 ὥστε,
2636 4188 2854 4243 ἐπειδὰν
2891 4186 3271 4259 μετατίθενται
3304 4184 3429 4256 πρὸς
3448 4183 3522 4236 τὸν
3546 4174 3640 4245 φάθ’

2170 4300 2369 4357 σαρκον
2412 4284 2508 4338 καί
2551 4279 2797 4353 ἡδονικὺν
2853 4279 2988 4351 βίον,
3019 4280 3251 4348 ὑπάγειν
3280 4277 3460 4339 αὐτοὺς
3482 4272 3543 4342 τῷ
3570 4264 3638 4320 τῶν
3696 4290 3697 4343 3

2169 4375 2536 4448 πορνευόντων
2558 4374 2835 4445 ἐπιτιμίῳ.

2241 4471 2326 4523 K'.
2359 4469 2521 4523 Ὅσαι
2571 4470 2846 4538 γυναῖκες,
2888 4468 2945 4520 ὲν
2987 4466 3193 4539 αἱρέσει
3215 4463 3385 4532 οῦσαι,
3426 4455 3638 4532 παρθενίαν
3696 4460 3697 4465 “

2170 4564 2545 4636 ὡμολόγησαν,
2578 4555 2696 4615 εἶτα
2730 4560 2867 4632 μετὰ
2892 4558 3066 4613 ταῦτα
3094 4560 3269 4630 γάμον
3288 4544 3639 4614 ἀνθείλοντο,σῖα

2169 4656 2407 4729 ἠγοῦμαι
2454 4657 2649 4727 χρῆναι
2677 4652 3132 4717 καταδικάζεσθαι
3165 4652 3383 4714 ταύτας.
3417 4649 3537 4699 Ὅσα
3570 4636 3638 4708 γὰρ

2170 4750 2203 4801 ὁ
2230 4748 2412 4816 νόμος
2437 4745 2617 4816 λέγει,
2646 4744 2771 4811 τοῖς
2796 4744 2961 4809 ἐντῷ
3004 4746 3162 4814 νόμῳ
3179 4742 3366 4797 λαλεῖ.
3388 4741 3443 4793 Ai
3466 4737 3512 4790 δὲ
3530 4732 3637 4805 μήπω

2171 4841 2497 4895 ὐπελθοῦσαι
2550 4841 2641 4893 τὸν
2691 4839 2852 4909 ζυγὸν
2900 4837 2995 4891 τοῦ
3027 4836 3261 4909 Χριστοῦ
3290 4834 3401 4890 οὐδὲ
3439 4831 3519 4901 τὴν
3537 4838 3639 4892 νομτν

2172 4932 2359 5011 θεσίαν
2411 4930 2827 5002 ἑπιγινώσκουσι
2883 4928 2977 4982 τοῦ
3022 4930 3308 4983 Δεσπότου.
3343 4927 3485 4979 Ὥστε
3516 4910 3637 4971 δεκτέ

2173 5029 2276 5081 εἰσι
2307 5029 2372 5099 τῇ
2405 5026 2717 5097 Ἐκκλησίᾳ,
2747 5025 2884 5095 μετὰ
2916 5025 3128 5079 πάντων
3159 5025 3251 5078 καὶ
3273 5023 3367 5094 τὴν
3394 5020 3475 5073 ἐπὶ
3497 5012 3637 5069 vatim

2172 5121 2365 5190 ἄφεσιν
2398 5120 2616 5191 ἔχουσαι
2642 5119 2756 5191 (77)
2780 5120 2843 5172 ὲκ
2868 5118 2967 5188 τῆς
2988 5118 3219 5182 πίστεως
3237 5116 3335 5187 τῆς
3360 5103 3432 5177 είς
3457 5101 3636 5181 Χριπόνο

2241 5388 2353 5460 (76)
2386 5384 2739 5460 Hpogrjgaetr.
2764 5384 2913 5460 AEditi
2946 5393 3000 5442 et
3043 5401 3304 5460 nonnunr
3330 5393 3517 5460 σοςιιοεξ
3547 5385 3634 5460 ιξῖξξ

2170 5449 2467 5531 προσῆκεν.
2500 5449 2605 5511 Sed
2642 5456 2698 5511 in
2726 5457 2977 5529 pluribus
3005 5465 3059 5514 et
3103 5454 3480 5529 antiquioribus
3501 5449 3635 5515 legitur

2167 5543 2696 5724 Ξιῗξῐῆἷὲἓὶουσαι·
2736 5598 2828 5656 Sic
2853 5613 2989 5655 mss.
3028 5613 3240 5657 summo
3264 5605 3517 5656 consensu.
3541 5576 3634 5642 [diti

2195 5687 2376 5741 χουσιν
