3738 6474
70 409 137 460 ιιι
806 394 1302 463 EPISTOLARUM
1340 408 1624 467 CLASSIS
1662 414 1727 468 ll.
1765 412 1983 469 EPIST.
2032 411 2264 469 CXCIX.

3102 413 3206 469 7'12

66 518 145 573 Kal
157 513 340 572 καθόλου
360 509 424 565 τὰ
444 511 497 563 ἐν
520 508 594 580 τῷ
611 509 1000 581 κατηχουμένῳ
1019 514 1124 587 βίῳ
1150 516 1415 588 γενόμενα
1433 518 1536 590 (78]

1674 538 1703 574 n
1748 520 2043 576 Christum.
2080 522 2159 575 Ac
2216 519 2438 575 omnino
2482 535 2604 591 quae
2649 520 2703 577 in
2757 520 3200 580 catechumenica

73 614 121 676 λῐς
138 606 317 670 εὐθύνας
371 602 464 656 οὐκ
493 600 702 671 ἄγεται.
760 600 999 670 Τούτους
1043 605 1100 659 δὲ
1132 607 1372 679 δηλονότι
1415 610 1542 663 ἄνευ

71 699 353 770 ίαπτίσματος
396 696 427 768 ἡ
485 693 781 766 Ἐκκλησία
831 693 894 747 οὐ
963 699 1348 770 παραδέχεται.
1381 703 1542 755 Ὥστε

69 790 401 861 ὶναγκαιότατον
425 784 530 858 (79)
555 786 647 839 ἐπὶ
680 784 889 849 τούτοις
921 789 993 843 τὰ
1033 791 1297 861 πρεσϐεῖα
1328 793 1428 864 τῆς
1454 811 1543 862 γε-

69 886 222 945 θέσεως.

108 976 205 1029 ut.
234 973 286 1027 ει
314 972 441 1044 ἀνὴρ
472 970 581 1042 (80)
608 968 835 1041 γυναικὶ
879 975 1161 1041 συνοικῶν,
1189 976 1431 1041 ἐπειδὰν,
1466 976 1541 1049 μὴ

66 1066 275 1138 ἀρκεσθεὶς
313 1063 383 1136 τῷ
438 1064 617 1136 γάμῳ.
658 1065 737 1128 εἰς
781 1067 1041 1138 πορνείαν
1072 1069 1299 1142 ἐκπέσῃ,
1346 1071 1540 1142 πόρνην

65 1157 251 1230 κρίνομεν
274 1154 355 1210 τὸν
380 1156 615 1210 τοιοῦτον
637 1173 650 1186 ·
692 1156 791 1214 κα).
825 1160 1007 1231 πλεῖον
1031 1162 1193 1216 αὑτὸν
1221 1165 1516 1236 παρατείνᾳ

65 1266 130 1318 μιν
165 1249 211 1301 ἐν
247 1250 348 1311 τοῖς
395 1248 685 1318 ἐπιτιμίοις
708 1265 724 1281 θ
767 1251 828 1304 οὐ
862 1253 1044 1323 μέντοι
1082 1252 1277 1325 ἔχομεν
1320 1256 1537 1321 κανόνα,

63 1338 112 1408 τῷ
137 1339 211 1410 τῆς
249 1340 474 1411 μοιχείας
523 1341 687 1397 αὐτὸν
732 1345 1035 1413 ὑπαγαγεῖν
1076 1345 1186 1421 (8i)
1214 1346 1537 1418 ἐγκλήματι,

63 1430 124 1482 ἐὰν
145 1431 205 1493 είς
226 1429 491 1503 ἐλευθέραν
517 1432 699 1503 γάμου
735 1437 767 1506 ἠ
799 1430 1039 1509 ἁμαρτία
1063 1436 1285 1508 γένηται
1309 1454 1323 1467 ο
1346 1437 1476 1492 διότι
1505 1441 1538 1511 ἡ

63 1521 242 1592 μοιχαλὶς
269 1522 378 1592 μὲν,
409 1526 799 1595 Μιαινομένη,
832 1527 985 1597 φησὶ,
1007 1529 1419 1598 μιανθήσεται,
1447 1532 1540 1584 καὶ

62 1615 125 1666 σῦκ
144 1614 423 1684 ἀναστρέψει
442 1615 580 1686 πρὸς
605 1616 693 1670 τόν
717 1616 886 1689 ἄνδρα
942 1619 1112 1689 αὐτῆς
1134 1635 1146 1647 ·
1176 1622 1271 1674 καὶ
1320 1622 1372 1673 Ὀ
1411 1639 1541 1675 κατ-

61 1704 166 1771 έχων
181 1704 467 1773 μοιχαλίδα
499 1705 706 1775 ἄφρων
737 1707 1073 1776 καίὰσεϐής
1094 1727 1105 1738 ·
1132 1711 1161 1763 ό
1199 1710 1379 1780 μέντοι
1404 1728 1537 1782 πορ-

60 1792 194 1856 νεύσας
214 1793 296 1846 οὐκ
322 1793 802 1866 ἀποκλεισθήσεται
820 1800 917 1868 τῆς
938 1798 1075 1869 πρὸς
1092 1802 1322 1867 γυναῖκα
1344 1801 1536 1854 ἐαυτοῦ

1650 615 1757 667 vita
1784 612 1926 667 facta
1982 622 2130 678 sunt,
2161 612 2215 666 in
2261 590 2530 682 judicium
2563 627 2672 667 non
2703 622 2989 669 vocantur.
3043 590 3222 674 Tales'i

1648 713 1826 761 autem
1861 705 2110 761 videlicet
2141 705 2261 761 sine
2289 703 2611 775 baptismate
2635 704 2878 762 Ecclesia
2909 720 3021 762 non
3066 705 3218 763 reci»

1647 798 1743 867 pit.
1785 796 1966 863 Quare
2003 796 2371 868 generationis
2393 795 2519 866 jura
2546 803 2677 852 sunt
2709 797 2764 851 in
2793 798 2931 868 ipsis
2973 798 3192 852 maximi

1650 888 1979 944 necessaria.

1717 977 1855 1034 XXI.
1900 977 1957 1034 Si
1991 980 2072 1035 vir
2111 994 2216 1035 una
2270 994 2394 1033 cum
2449 994 2619 1035 uxore
2679 979 2929 1035 habitans
2956 1018 2973 1045 ,
3019 987 3200 1050 postea

1647 1071 1998 1126 matrimonio
2031 1088 2140 1126 non
2173 1080 2483 1137 contentus,
2522 1071 2577 1126 in
2620 1069 3035 1126 fornicationem
3065 1071 3175 1126 inci

1649 1162 1825 1229 derit;
1855 1161 2237 1217 fornicatorem
2267 1177 2392 1217 eum
2418 1161 2753 1232 judicamus,
2778 1162 3064 1233 ipsumque
3093 1162 3203 1217 Iona

1651 1254 1766 1325 gius
1796 1253 2147 1324 producimus
2198 1252 2251 1306 in
2308 1254 2577 1324 impositis
2632 1254 2849 1324 pinnis:
2882 1253 2977 1311 sed
3022 1261 3202 1310 tamen

1646 1359 1908 1400 canonem
1938 1360 2046 1399 non
2091 1345 2378 1409 habemus,
2420 1345 2512 1416 qui
2557 1361 2681 1401 eum
2714 1346 2961 1402 adulterii
2992 1347 3204 1401 crimini

1651 1437 1912 1505 subjiciat
1938 1476 1953 1500 ,
2013 1437 2061 1491 si
2105 1437 2160 1491 in
2208 1438 2441 1493 solutam
2471 1452 2501 1491 a
2530 1438 2874 1492 matrimonio
2897 1437 3056 1508 293
3085 1453 3182 1508 pec

1647 1537 1830 1584 catum
1884 1530 2239 1585 commissum
2297 1531 2413 1585 sit:
2472 1532 2901 1603 proptereaquod
2961 1532 3204 1587 adultera

1644 1621 1861 1690 quidem
1894 1660 1909 1684 ,
1948 1622 2175 1692 inquit,
2224 1620 2447 1675 Polluta
2487 1622 2751 1689 polluetur
2802 1631 2857 1678 et
2909 1622 2977 1678 ad
3030 1624 3204 1678 virum

1645 1728 1802 1767 suum
1834 1728 1941 1767 non
1968 1722 2269 1768 revertetur
2292 1714 2356 1778 ⁸⁷,
2393 1723 2468 1781 et,
2528 1714 2632 1782 Qui
2664 1714 2960 1768 adulteram
2989 1714 3204 1782 detinet,

1643 1802 1836 1857 stultus
1867 1812 1946 1857 est
1976 1812 2026 1856 et
2080 1804 2266 1871 impius
2302 1804 2346 1835 ⁸⁸
2397 1820 2413 1858 :
2470 1804 2566 1859 sed
2596 1806 2688 1874 qui
2733 1804 3033 1860 fornicatus
3081 1814 3203 1872 est,

60 1886 356 1956 συνοικήσεως.
393 1886 555 1939 Ὥστε
597 1890 630 1958 ἡ
668 1889 766 1959 μὲν
804 1888 938 1960 γυνὴ
964 1890 1072 1943 ἀπὸ
1092 1892 1346 1963 πορνείας
1375 1895 1536 1947 ἐπαν-

1679 1910 1751 1951 on
1825 1895 2147 1951 excludetur
2221 1896 2516 1965 quominus
2586 1912 2708 1950 cum
2768 1912 2936 1953 uxore
2981 1897 3203 1953 habitet.

58 1977 159 2029 ιόντα
190 1976 266 2029 τὸν
304 1977 466 2049 ἄνδρα
505 1978 677 2051 αὐτῆς
708 1980 1092 2052 παραδέξεται,
1127 1986 1157 2037 ό
1180 1983 1236 2036 δέ
1256 1984 1391 2058 ἀνὴρ
1427 1984 1537 2057 (82)

56 2069 121 2137 τὴν
158 2067 437 2140 μιανθεῖσαν
476 2070 589 2124 τῶν
639 2071 803 2125 οἴκων
842 2072 1035 2127 ἐαυτοῦ
1062 2075 1396 2146 ἀποπέμψει.
1432 2078 1540 2129 Καὶ

55 2159 197 2212 τούτων
227 2159 275 2213 δέ
312 2161 339 2213 ὁ
378 2161 535 2230 λόγος
584 2163 646 2215 οὗ
698 2163 910 2233 ῥᾴδιος·
945 2167 979 2236 ἡ
1006 2165 1062 2218 δὲ
1099 2166 1355 2236 συνήθεια
1400 2165 1540 2220 οὕτω

55 2250 287 2325 κξὲιράτηκε

99 2343 193 2399 KB’.
227 2344 351 2409 Τοὺς
394 2345 452 2410 ἐξ
495 2346 754 2418 ἁρπαγῆς
788 2346 1007 2417 ἔχοντας
1049 2351 1331 2416 γυναῖκας,
1362 2351 1409 2402 εί
1441 2350 1540 2420 μὲν

54 2433 178 2498 ἄλλοις
200 2440 775 2510 προμεμνηστευμένας
792 2436 900 2494 εἷεν
933 2442 1297 2513 ἀφῃρημένοι,
1320 2444 1380 2497 οὐ
1412 2445 1541 2516 πρό-

50 2541 157 2596 τερον
193 2528 284 2600 χρὴ
325 2530 744 2601 παραδέχεσθαι,
776 2532 903 2602 πρὶν
942 2532 978 2603 ἢ
1019 2531 1306 2602 ἀφελέσθαι
1341 2534 1539 2601 αὐτῶν,

52 2617 113 2665 καὶ
138 2616 206 2671 ἐπ’
234 2616 435 2691 ἐξουσίᾳ
469 2620 586 2691 (85)
626 2618 734 2673 τῶν
770 2620 829 2685 ἐξ
856 2621 1031 2693 ἀρχῆς
1057 2614 1541 2694 μνηστευσαμένών

50 2708 228 2778 ποιῆσαι,
266 2711 364 2765 εῐτε
410 2711 684 2782 βούλοιντο
734 2712 920 2766 λαϐεῖν
954 2713 1142 2777 αὐτὰς,
1174 2714 1283 2768 εἴτε
1306 2716 1542 2787 ἀποστῆ-

50 2815 129 2851 ναι·
156 2804 193 2854 εξ
222 2802 272 2857 δέ
310 2804 674 2876 σχολάζουσαν
715 2824 798 2871 τις
836 2806 1011 2869 λάϐοι,
1063 2808 1409 2880 ἀφαιρεῖσθαι
1441 2810 1539 2880 μὲν

48 2888 113 2953 δεῖ,
140 2894 214 2947 καὶ
237 2898 337 2961 τοῖς
361 2899 584 2962 οἰκείοις
622 2899 1016 2968 ἀποκαθιστᾷν,
1061 2900 1375 2971 ἐπιτρέπειν
1393 2902 1449 2955 δὲ
1472 2905 1537 2973 τῇ

47 2982 183 3055 γνώμῃ
220 2986 314 3041 τῶν
369 2990 610 3054 οίκείων,
644 2992 754 3044 εἴτε
798 2994 973 3058 γονεῖς
1006 2986 1135 3055 εἷεν,
1166 2993 1272 3045 εἴτε
1305 2992 1538 3061 ἀδελφοὶ,

47 3074 120 3129 εἴτε
155 3080 417 3134 οἱτινεσοῦν
479 3083 825 3154 προεστῶτες
874 3084 972 3154 τῆς
1039 3084 1238 3156 κόρης·
1290 3084 1392 3139 κᾶν
1445 3086 1541 3156 μὲν

47 3159 211 3217 ἕλωνται
235 3168 371 3240 αὑτῷ
398 3169 756 3240 παραδοῦναι,
800 3172 1049 3226 ἵστασθαι
1083 3173 1145 3227 τὸ
1178 3176 1505 3229 συνοικέσιον
1525 3194 1538 3208 ο

1610 1989 1823 2055 ’Quare
1875 2005 2012 2044 uxor
2069 1987 2287 2060 quidem
2352 2004 2384 2042 a
2428 1988 2790 2043 fornicatione
2844 1996 3203 2044 revertentem

1644 2082 1820 2136 virum
1869 2096 2028 2136 suum
2081 2081 2360 2152 excipiet:
2409 2081 2490 2134 vir
2519 2095 2649 2135 vero
2704 2080 2964 2150 pollutam
3013 2095 3045 2135 e
3088 2079 3203 2135 suis

1641 2173 1849 2231 adibus
1888 2172 2087 2241 ejiciet.
2137 2172 2314 2240 Atque
2388 2166 2584 2259 horum
2636 2171 2855 2240 quidem
2904 2171 3047 2225 ratio
3093 2184 3203 2225 non

1656 2264 1858 2329 facilis.
1885 2262 1980 2318 sed
2014 2263 2350 2318 consuetudo
2383 2263 2464 2318 sic
2494 2262 2742 2317 invaluit.

1712 2352 1875 2409 XXII.
1916 2355 2021 2421 Qui
2081 2370 2146 2410 ex
2180 2363 2335 2425 raptu
2366 2355 2620 2410 mulieres
2672 2356 2906 2419 habent,
2938 2354 3203 2425 siquidem

1644 2448 1776 2503 aliis
1796 2448 1908 2519 jam
1936 2448 2233 2518 desponsas
2288 2447 2665 2518 abripuerint,
2703 2456 2831 2502 ante
2885 2447 3205 2503 admittendi

1644 2554 1751 2593 non
1795 2548 1941 2601 sunt,
1988 2555 2148 2610 quam
2179 2539 2246 2593 ab
2274 2540 2356 2595 eis
2386 2540 2580 2594 ablatae
2610 2540 2720 2595 sint
2744 2548 2798 2594 et
2850 2554 3037 2593 eorum
3085 2540 3204 2610 qui-

1643 2630 1744 2685 bus
1794 2630 1864 2684 ab
1911 2631 2065 2684 initio
2093 2628 2377 2700 desponsae
2420 2636 2597 2694 erant,
2654 2630 2911 2700 potestati
2959 2629 3203 2695 redditaa,

1644 2730 1825 2776 utrum
1851 2736 1945 2777 eas
1974 2721 2138 2777 velint
2158 2722 2427 2792 accipere,
2452 2737 2519 2775 an
2552 2722 2837 2777 desistere.
2867 2719 2923 2775 Si
2954 2721 3079 2790 quis
3108 2736 3204 2775 au-

1644 2820 1749 2868 tem
1804 2821 2083 2883 vacantem
2119 2813 2414 2883 acceperit,
2453 2812 2668 2868 auferre
2699 2812 2916 2882 quidem
2953 2819 3201 2881 oportet,

1643 2906 1865 2975 suisque
1912 2903 2222 2969 restituere,
2280 2914 2334 2959 et
2393 2906 2633 2974 ipsorum
2662 2903 2929 2957 voluntati
2980 2903 3206 2972 permit-

1641 3002 1753 3049 tere
1776 3035 1790 3059 ,
1852 2996 1966 3049 sive
2011 2994 2123 3050 sint
2173 3004 2447 3066 parentes,
2484 2996 2598 3050 sive
2626 2994 2843 3059 fratres,
2880 2994 2995 3049 sive
3023 2994 3206 3064 quivis

1643 3075 1731 3139 alii
1780 3086 1970 3156 puellae
2019 3084 2434 3142 moderatores:
2475 3101 2539 3141 ac
2585 3086 2631 3141 si
2661 3086 2711 3141 ei
2743 3085 2959 3155 quidem
2993 3084 3205 3140 tradere

1643 3179 1850 3244 velint,
1911 3186 2128 3250 oportet
2201 3180 2613 3234 matrimonium
2671 3177 3060 3249 constituere:
3122 3178 3205 3232 sin

46 3256 110 3309 iiv
142 3257 187 3311 δὲ
230 3261 555 3316 ἀνανεύσωσι
590 3264 725 3334 (84),
769 3264 845 3335 μὴ
889 3263 1190 3333 βιάζεσθαι.
1228 3266 1330 3319 Τὸν
1362 3266 1536 3337 μέντοι

1683 3276 1829 3322 utem
1885 3268 2206 3335 renuerint,
2263 3284 2605 3339 nequaquam
2640 3270 2748 3324 vim
2784 3265 3008 3327 inferre.
3070 3267 3207 3327 Eum.
3250 3336 3254 3341 V

92 3411 320 3471 "lerem.
354 3431 437 3480 tn,
474 3417 528 3473 1.
605 3416 650 3448 ⁸⁸
700 3416 857 3472 Prov.
896 3434 1051 3486 xvm,
1084 3419 1172 3477 2‘2.

92 3566 492 3643 (78)Γενόμενα.
513 3572 651 3628 Male
669 3574 822 3643 Angli
852 3576 904 3629 in
934 3574 1219 3631 Pandectis
1243 3582 1297 3629 et
1326 3575 1418 3628 alii
1446 3576 1532 3629 in-

45 3642 245 3717 tetpretes
274 3644 526 3717 reddunt,
555 3659 671 3717 qua:
701 3642 1203 3699 in’caterlmmeuica
1240 3646 1347 3698 vita
1375 3646 1531 3717 ﬁunt.

44 3704 124 3785 Non
145 3712 265 3765 enim
290 3713 421 3768 dicit
464 3704 704 3785 Basilius
731 3730 795 3767 ea
832 3732 939 3770 non
971 3717 1149 3785 puniri
1182 3730 1300 3785 quae
1327 3704 1386 3769 in"
1433 3716 1534 3770 hoc

45 3784 145 3832 statu
186 3795 485 3851 peccantur,
546 3783 642 3838 sed
676 3793 880 3838 tantum
931 3783 1149 3855 peccata
1196 3783 1319 3840 ante
1360 3785 1532 3854 bapti-

44 3860 170 3927 S_t_nttm
191 3855 470 3927 commissa
499 3855 770 3927 baptismo
790 3857 1022 3927 expiari,
1050 3870 1152 3909 nec
1173 3857 1283 3924 jam
1299 3857 1534 3927 esseju-

42 3916 143 3973 dicio
160 3925 513 3980 ecclesiastico
545 3916 801 3978 obnoxia.
844 3916 980 3980 liinc
1005 3916 1258 3980 observat
1298 3916 1538 3982 Zonaras

43 4000 116 4065 non
154 4006 373 4063 pugnare
425 3996 577 4050 hunc
623 4010 885 4050 canonem
920 4012 1043 4050 cum
1093 4011 1299 4051 canone
1346 3998 1538 4065 quinto

42 4053 413 4138 ﬁpocésa'riensi,
442 4066 501 4120 in
537 4080 645 4136 quo
672 4080 846 4136 poena:
867 4067 1271 4121 catechumcnis
1305 4053 1537 4138 peccan-

42 4128 142 4184 tibus
162 4133 533 4190 decernuntur.

90 4200 175 4280 (39)
210 4204 717 4280 ᾎναγκαιότατον.
759 4205 983 4278 Legitur
1012 4208 1065 4261 in
1102 4205 1273 4278 Regio
1304 4206 1537 4277 quodam

41 4270 179 4344 codice
207 4270 628 4344 ἀναγκαιότατα.
837 4270 864 4278 ⁷
885 4310 891 4321 -

56 4341 249 4417 ,(ιωει
281 4341 453 4416 om.
485 4347 647 4417 Deest
681 4346 996 4417 conjunctio
1024 4346 1078 4400 in
1098 4345 1311 4402 duobus
1346 4362 1538 4403 recen-

41 4412 546 4489 tioribus__codicibus.
579 4412 799 4487 Legitur
848 4416 973 4489 Ἐὰν
1004 4418 1142 4489 ἀνήρ
1190 4418 1244 4472 in
1276 4418 1540 4484 antiquis-

39 4492 135 4534 sima
162 4486 467 4543 collectione
505 4486 780 4541 canonum
830 4486 1165 4542 Coisliniana
1207 4499 1261 4543 et
1293 4489 1347 4542 in
1395 4489 1538 4542 Pan-

39 4547 176 4607 dectis.
198 4554 544 4613 Commodius
579 4573 711 4613 sane
734 4564 818 4613 est
846 4558 1289 4628 conjunctionem
1324 4560 1536 4623 tollere,

38 4631 160 4688 coque
185 4628 405 4682 consilio
456 4629 675 4683 videtur
723 4629 777 4682 in
824 4628 1105 4683 codicibus
1153 4628 1313 4682 modo
1354 4629 1536 4683 citatis

206 4695 305 4753 Sed
334 4710 521 4753 tamen
568 4700 692 4769 plus
728 4697 1073 4754 tribuendum
1102 4705 1181 4751 tot
1222 4699 1345 4755 aliis
1386 4700 1536 4754 codi-

36 4772 160 4818 Clitus.

80 4830 165 4912 (ιι)
201 4834 572 4912 ’Ἰξτᾳγατεῖη
608 4837 1056 4912 Consentiuntin
1092 4840 1195 4895 hac
1228 4854 1375 4912 voce
1400 4856 1533 4912 mss.

34 4902 218 4981 οξξιίίειξεἶ
242 4902 384 4963 Editi
416 4902 674 4981 ὗπάγειν.
709 4909 885 4981 Supra
914 4909 1174 4970 vidimus.
1205 4926 1325 4965 ean.
1352 4910 1405 4974 9,
1432 4910 1537 4965 Ba-

35 4971 165 5050 siliam
207 4978 259 5032 in
289 4981 356 5034 iis
387 4995 512 5050 qua:
542 4971 609 5050 ad
635 4971 920 5050 repudium
946 4981 1198 5045 attinent,
1220 4982 1330 5035 duo
1359 4971 1535 5035 virum

34 5047 132 5123 [nter
154 5054 200 5101 et
244 5047 528 5123 mulierem
580 5047 901 5123 discrimina
945 5066 1166 5121 ponere.
1210 5051 1309 5106 llic
1353 5061 1535 5123 autem

34 5114 198 5191 tertium
229 5120 433 5188 adjicit,
460 5135 524 5174 ac
551 5123 727 5191 virum
765 5114 983 5191 quidem
1016 5122 1070 5175 in
1104 5124 1223 5191 ipso
1251 5122 1537 5176 matrimo-

34 5186 184 5264 μιοηιί
210 5186 328 5243 curn
381 5192 563 5264 soluta
594 5199 649 5245 et
697 5186 876 5264 libera
914 5186 1242 5264 peccaverit,
1285 5192 1535 5247 adulterii

33 5260 196 5313 nomine
219 5275 320 5315 non
346 5260 699 5325 condemnat,
733 5262 828 5316 sed
857 5260 1234 5318 fornicationis
1262 5281 1276 5317 :
1309 5278 1534 5318 uxorem

31 5330 161 5444 saltim
194 5328 253 5444 lin
306 5334 500 5387 eodem
536 5342 761 5400 peccato
812 5333 1176 5388 certissimam
1232 5333 1534 5389 adulteram

115 5410 189 5444 ara
218 5439 231 5444 -

115 5406 231 5452 arat.

45 5461 163 5544 ,1δῇ
199 5470 247 5521 '0
271 5471 339 5525 δὲ
370 5471 597 5544 cia-iw...
625 5471 988 5544 ἀποπέμψει.
1030 5473 1147 5529 Non
1181 5474 1331 5530 solus
1386 5473 1537 5528 Basi-

31 5526 104 5606 lius
122 5526 242 5593 hanc
271 5526 731 5599 consuetudinem
757 5526 998 5599 secutus.
1031 5526 1535 5600 stimulabantu—

29 5606 613 5685 {t’t‘mtut‘apostolicarum
645 5614 726 5685 sic
771 5614 1013 5685 loquitur
1058 5616 1151 5670 lib.
1177 5631 1251 5679 VI,
1277 5631 1398 5685 cap.
1427 5615 1491 5669 14
1519 5635 1530 5668 :

45 5670 75 5756 (ξ
93 5670 303 5756 κατέχεον
331 5685 432 5756 τὴν
464 5670 909 5756 παραφθαρεῖσᾶν
943 5685 1156 5754 φύσεως
1198 5670 1397 5756 cicutis
1433 5704 1536 5739 πα-

28 5754 513 5827 ξίνξιξιοςχέπείπερ
549 5756 589 5827 ὁ.
610 5754 854 5826 κατέχων
891 5756 1171 5827 μοιχαλίδα
1208 5754 1397 5827 ἄφρων
1444 5758 1536 5809 καὶ

24 5813 197 5887 ἀσεϐής,
242 5813 500 5894 Ἀπότεμέ
533 5824 640 5896 γὰρ
670 5813 859 5898 auri-3v,
891 5813 1075 5898 ipqélv,
1124 5827 1231 5879 ἀπὸ
1256 5813 1373 5880 ’τ’ὦν
1401 5844 1529 5898 σαρ-

1639 3574 1749 3629 κῶν
1780 3590 1893 3627 σου.
1925 3573 2001 3644 υῤ
2039 3573 2149 3644 γάρ
2190 3574 2305 3644 ἐστι
2351 3571 2561 3643 βοηθὸς,
2592 3572 2704 3644 ἀλλ’
2739 3573 3036 3637 ἐπίϐουλος,
3071 3573 3205 3643 πρὸς

1638 3645 1792 3699 ἄλλον
1826 3642 2158 3698 ἀποκλίνασα
2190 3643 2287 3712 τὴν
2310 3642 2568 3697 διάνοιαν.
2602 3643 2706 3709 Qui
2726 3656 3025 3711 corruptam
3077 3642 3204 3697 reti-

1640 3726 1746 3777 net,
1780 3726 1986 3768 natura:
2018 3713 2176 3783 legem
2201 3713 2360 3766 violat
2390 3730 2407 3767 :
2437 3713 2856 3784 quandoquidem
2883 3715 2985 3784 qui
3004 3714 3202 3768 retinet

1641 3785 1963 3844 adulteram.
2016 3785 2215 3838 stultus
2256 3791 2339 3838 est
2386 3783 2455 3839 et
2482 3785 2699 3852 impius.
2754 3783 3027 3839 Abscinde
3055 3784 3202 3839 enim

1641 3871 1782 3918 eam,
1809 3855 2002 3924 inquit,
2032 3869 2061 3907 a
2084 3854 2342 3907 carnibus
2370 3855 2498 3909 tuis.
2535 3853 2677 3907 Nam
2712 3854 2950 3923 adjutrix
2970 3870 3072 3908 non
3100 3861 3203 3919 est,

1643 3925 1731 3979 sed
1770 3923 2106 3984 insidiatrix.
2153 3940 2271 3993 qua:
2316 3935 2537 3978 mentem
2575 3928 2643 3978 ad
2698 3926 2862 3977 alium
2898 3923 3201 3980 declinarit.

1644 3996 1830 4051 Canon
1885 3996 1918 4051 8
1970 3993 2428 4049 Neocaesariensis
2484 3996 2658 4059 laicis,
2716 4010 2952 4065 quorum
3003 4009 3204 4049 uxores

1648 4066 1897 4120 adulterii
1948 4066 2232 4129 convictas,
2277 4065 2479 4120 aditum
2530 4067 2595 4118 ad
2633 4066 2995 4121 ministerium
3028 4065 3203 4119 eccle-

1648 4138 1929 4191 siasticum
1960 4135 2200 4202 claudit;
2242 4136 2455 4190 clericis
2495 4135 2851 4204 depositionis
2883 4150 3099 4205 poenam
3128 4134 3203 4187 ir-

1647 4217 1822 4277 rogat,
1848 4208 1896 4261 si
1926 4206 2224 4277 adulteram
2254 4207 2429 4277 nolint
2457 4207 2747 4261 dimittere.
2780 4204 2967 4260 Canon
2994 4206 3064 4259 65
3090 4204 3200 4277 Eli-

1647 4275 1925 4332 beritanus
1971 4277 2051 4331 sic
2089 4276 2291 4330 habet:
2324 4276 2384 4330 Si
2431 4277 2580 4345 cujus
2635 4276 2812 4330 clerici
2856 4292 2992 4330 uxor
3042 4275 3203 4344 fuerit

1646 4348 1921 4412 mazcltata,
1950 4357 1997 4400 et
2039 4346 2213 4399 scierit
2250 4364 2364 4400 eam
2408 4348 2631 4401 maritus
2681 4363 2807 4401 suus
2841 4347 3109 4409 maecltari,
3151 4354 3202 4400 et

1645 4434 1747 4472 non
1777 4434 1891 4471 eam
1927 4417 2105 4470 statim
2135 4416 2434 4485 projecerit,
2474 4434 2565 4472 nec
2601 4419 2653 4471 in
2654 4417 2781 4540 dﬁne
2804 4419 3029 4486 accipiat
3059 4432 3202 4469 com-

1646 4490 1962 4540 munionem.
1994 4485 2221 4540 Hermas
2253 4489 2346 4540 lib.
2390 4504 2426 4540 ι.
2454 4504 2500 4540 c.
2534 4486 2588 4540 2.
2622 4503 2648 4540 a
2694 4490 2920 4540 ulteram
2963 4487 3085 4540 eiici
3120 4485 3202 4540 itt-

1646 4490 1962 4542 munionem.
1994 4485 2221 4542 Hermas
2253 4489 2346 4542 lib.
2390 4504 2426 4551 ι,
2454 4504 2500 4543 c.
2534 4486 2588 4548 2,
2622 4485 2925 4541 adulteram
2963 4487 3085 4554 ejici
3113 4485 3202 4555 ju—

1571 4544 1613 4598 Ῑ)
1642 4559 1752 4618 bet.
1795 4559 1891 4614 sed
1925 4564 2106 4611 tamen
2149 4544 2499 4628 ptenitentem
2542 4544 2727 4626 recipi.
2760 4558 2815 4610 S.
2862 4544 3200 4626 Augustinus

1639 4628 2292 4697 adulteriunrlegitimam
2327 4644 2448 4683 esse
2479 4628 2786 4683 dimittendi
2818 4643 3036 4683 causam
3068 4640 3197 4695 pro-

1636 4701 1871 4766 nuntiat,
1900 4696 1993 4753 sed
2040 4696 2145 4753 non
2194 4699 2581 4761 necessariam,
2624 4699 2719 4752 lib.
2747 4713 2785 4751 ιι
2829 4697 2907 4751 De
2965 4697 3195 4751 adulter.

1637 4771 1854 4838 nuptiis,
1893 4782 2014 4836 cap.
2049 4768 2101 4830 5,
2133 4785 2188 4822 n.
2230 4768 2317 4822 15.

1675 4835 1819 4963 ίίὃὸ)
1856 4835 1980 4893 Ἐπ’
2012 4837 2284 4908 ἐξουσίᾳ.
2324 4838 2477 4894 Unus
2521 4836 2693 4894 codex
2740 4837 2872 4908 Reg.
2922 4839 3007 4891 ἐπ’
3049 4835 3200 4903 ἐξου-

1693 4928 1776 4963 ας.

1637 4927 1776 4974 σιας.

1708 4981 1819 5053 (84)
1863 4984 2288 5053 urar-sumam.
2321 4978 2644 5053 Sic‘veteres
2678 4980 2804 5034 libri
2829 4992 3044 5053 summo
3063 4993 3194 5033 con-

1637 5050 1821 5107 sensu.
1848 5053 1989 5108 Editi
2012 5050 2325 5108 ἀνανεύωσι.
2359 5050 2539 5103 Mirari
2570 5058 2749 5104 autem
2775 5050 2921 5105 subit
2941 5064 3039 5104 cur
3060 5063 3199 5119 quos

1638 5124 1781 5193 leges
1813 5125 2000 5180 civiles
2029 5122 2246 5194 capitali
2278 5120 2545 5194 supplicio
2572 5120 2891 5194 puniebant,
2916 5127 3195 5194 necrapto

1637 5189 1886 5266 sinebant
1908 5189 2133 5266 perfrui,
2158 5200 2215 5245 ut
2230 5189 2420 5266 .videre
2441 5199 2524 5246 est
2542 5189 2662 5245 cod.
2685 5190 2981 5266 Theodos.,
2999 5189 3194 5255 lib.’tx,
3220 5193 3229 5207 '

1640 5265 1723 5317 tit.
1755 5263 1844 5326 25,
1871 5262 1938 5321 iis
1968 5266 2202 5320 Basilius
2242 5269 2351 5317 tam
2383 5263 2527 5316 leves
2560 5275 2748 5330 poenas
2778 5262 3001 5330 irroget,
3036 5275 3134 5314 nec
3162 5276 3192 5313 a
3224 5270 3229 5275 '

1638 5336 1986 5391 matrimonio
2016 5333 2289 5393 excludat.
2315 5332 2360 5386 si
2397 5340 2680 5400 parentum
2713 5332 2940 5401 virginis
2966 5345 3196 5401 consen-

1638 5420 1733 5459 sus
1763 5406 2007 5468 accedat.
2033 5416 2091 5460 ut
2117 5405 2300 5459 videre
2323 5399 2410 5457 est
2436 5403 2492 5455 in
2531 5417 2739 5456 canone
2770 5399 2858 5454 29..
2898 5399 3005 5455 Sed
3030 5400 3194 5454 credo

1639 5484 1887 5530 sanctum
1920 5477 2197 5531 doctorem
2227 5487 2288 5526 ea
2314 5479 2493 5526 mente
2531 5474 2722 5527 leniter
2752 5474 2949 5542 egisse,
2978 5486 3046 5526 ne
3074 5471 3194 5541 qui-

1636 5548 1739 5600 bus
1760 5546 1889 5617 _ipsa
1915 5543 2455 5617 lugaeimpuni‘tatem
2500 5555 2553 5617 et
2586 5542 2859 5598 licentiam
2874 5542 3012 5617 dare
3044 5550 3194 5611 pote-

1636 5627 1739 5683 rat,
1758 5612 1813 5670 hi
1838 5625 1892 5671 et
1914 5612 2241 5672 matrimonii
2265 5614 2713 5683 desperationeet
2738 5612 3003 5683 gravioris
3024 5627 3195 5683 pinna:

1637 5682 1782 5741 metu
1817 5688 1871 5741 in
1906 5688 2109 5744 scelere
2162 5682 2607 5740 obdurescerent.
2642 5682 2778 5738 Hinc
2819 5683 2885 5739 de
2915 5682 3195 5739 sacrarum

1636 5759 1904 5827 virginum
1955 5766 2110 5828 raptu
2144 5772 2252 5809 non
2296 5755 2563 5828 loquitur,
2618 5756 2711 5828 sed
2754 5754 2821 5828 dc
2857 5755 2926 5810 iis
2961 5760 3194 5821 tantum,

1638 5842 1868 5896 quorum
1904 5826 2127 5899 peccato
2149 5826 2555 5884 matrimonium
2587 5826 2792 5884 mederi
2823 5833 3056 5899 poterat.
