3738 6478
527 405 629 463 ηε

1904 412 1959 464 S.
2005 410 2085 463 BA
2096 410 2245 465 SiLll
2288 411 2498 466 MAGM
3573 416 3640 470 HI

527 527 705 574 autem
752 520 845 589 qui
875 536 941 576 ex
995 530 1204 592 stupro,
1253 537 1368 578 sive
1403 533 1589 579 .atentt
1653 541 1767 581 sive
1825 525 2081 593 violento,

2197 529 2251 582 εκ
2283 529 2578 599 διαφθορᾶς
2598 529 2706 580 εἴτε
2740 529 2999 600 λαθραίας
3038 528 3144 580 εἴτε
3181 527 3455 599 βιαιοτέρας
3478 535 3644 599 γυναῖκα

477 635 487 641 --
531 625 753 667 morem
802 613 1007 678 habet,
1043 630 1268 672 necesse
1319 624 1403 671 est
1457 616 1835 676 fornicationis
1873 636 2086 693 poenam

532 719 846 774 agnoscere.
903 705 998 761 Est
1043 716 1224 764 autem
1256 709 1310 762 in
1353 719 1590 779 quatuor
1622 714 1778 768 annis
1826 715 2087 784 prmﬁnita

534 793 927 853 fornicantibus
987 814 1166 868 paena.
1217 799 1444 870 Oportet
1494 818 1590 858 eos
1649 819 1791 859 anno
1843 807 2019 877 primo
2057 817 2086 860 a

532 885 785 953 precibus
842 889 1085 957 expelli,
1132 897 1186 944 ct
1225 888 1354 946 llere
1404 891 1470 945 ad
1512 891 1656 948 fores
1680 895 1926 950 ecclesia}
1951 917 1967 950 :
1999 911 2088 952 se-

533 976 710 1030 cundo
746 977 811 1032 ad
861 979 1190 1036 auditionem
1237 983 1444 1037 admitti
1475 1024 1490 1049 ,
1537 987 1699 1040 tertio
1728 988 1793 1042 ad
1828 990 2091 1058 pmniten-

531 1069 660 1122 tiam
691 1085 704 1119 :
737 1078 931 1139 quarto
956 1070 1021 1123 ad
1046 1073 1299 1128 standum
1331 1090 1435 1128 una
1481 1090 1604 1130 cum
1639 1079 1837 1149 populo
1862 1120 1878 1145 ,
1922 1082 2091 1136 absti-

532 1166 725 1213 nentes
759 1161 828 1212 al)
855 1161 1159 1231 oblatione;
1189 1165 1383 1222 deinde
1409 1169 1490 1222 eis
1521 1170 1756 1238 permitti
1787 1172 1912 1227 boni
1944 1189 2091 1229 com-

533 1250 870 1305 munionem.
1461 1250 1463 1252 ’

599 1339 785 1396 XXIII.
839 1343 914 1400 De
963 1345 1031 1401 iis
1081 1355 1261 1404 autem
1315 1353 1408 1422 qui
1444 1354 1580 1410 duas
1625 1371 1844 1413 sorores
1894 1375 2090 1417 uxores

530 1431 759 1498 ducunt,
787 1436 870 1489 vel
919 1436 987 1491 de
1015 1438 1096 1494 eis
1123 1455 1244 1510 quae
1270 1442 1482 1501 duobus
1508 1446 1766 1505 fratribus
1797 1451 2029 1518 nubunt,
2060 1468 2090 1507 a

513 1523 691 1579 'nobis
740 1527 885 1581 edita
944 1537 1028 1585 est
1055 1532 1320 1600 epistola,
1351 1537 1508 1604 cujus
1539 1539 1790 1596 misimus
1819 1544 2093 1613 exemplar

531 1624 637 1670 tute
671 1617 875 1686 pietati.
927 1618 1029 1686 Qui
1059 1633 1238 1678 autem
1290 1627 1374 1680 sui
1412 1627 1596 1687 fratris
1625 1647 1845 1688 uxorem
1871 1649 2093 1706 accepe-

529 1708 623 1772 rit,
678 1724 785 1765 non
845 1711 994 1780 prius
1041 1715 1372 1781 admittetur,
1402 1735 1562 1790 quam
1594 1723 1662 1778 ab
1695 1739 1756 1780 ea
1787 1729 2088 1784 recesserit.

598 1797 786 1858 XXIV.
832 1800 1078 1871 Viduam,
1108 1823 1229 1877 qua:
1266 1809 1321 1864 in
1355 1811 1639 1868 viduarum
1670 1831 1952 1871 numerum
2005 1835 2092 1874 re-

2187 616 2376 687 ἔχοντα
2407 617 2619 688 ἀνάγκη
2646 619 2704 671 τὸ
2730 618 2828 688 τῆς
2847 618 3098 690 πορνείας
3132 615 3407 684 ἐπιγνῶναι
3429 620 3643 690 ἐπιτίμιον.

2189 709 2345 763 Ἐστι
2402 710 2456 762 δὲ
2491 710 2550 762 ἐν
2597 709 2886 780 τέσσαρσιν
2939 707 3111 761 ἐτεσιν
3148 707 3407 780 ὡρισμένη
3435 713 3524 773 τοῖς
3555 729 3646 784 περ.

2188 801 2430 853 νεύουσιν
2459 802 2492 871 ῆ
2536 802 2868 871 ἐπιτίμησις.
2901 800 3020 872 Χρὴ
3044 800 3120 870 τῷ
3152 798 3345 870 πρώτῳ
3381 801 3647 859 ἐκϐάλλεσθαι

2189 891 2294 944 τῶν
2337 893 2672 963 προσευχῶν,
2730 893 2823 947 καὶ
2864 893 3210 965 προσκλαίειν
3247 892 3428 956 αὐτοὺς
3460 899 3515 966 τῇ
3558 896 3650 968 θύρᾳ

2189 983 2286 1053 τῆς
2315 983 2606 1054 ἐκκλησίας
2626 1001 2639 1016 ο
2673 984 2751 1053 τῷ
2797 985 3030 1057 δευτέρῳ
3060 985 3307 1055 δεχθῆναι
3333 988 3405 1050 είς
3432 988 3648 1058 ἀκρόασιν⁸

2189 1075 2266 1144 τῷ
2309 1075 2476 1146 τρίτῳ
2504 1079 2583 1140 είς
2627 1078 2945 1146 μετάνοιανο
2980 1077 3055 1148 τῷ
3079 1078 3317 1151 τετάρτῳ
3357 1081 3428 1142 εἰς
3467 1080 3673 1156 σύστιιπδἱ

2194 1166 2331 1236 μετά
2377 1167 2470 1220 τοῦ
2519 1167 2668 1233 λαοῦ,
2730 1171 3093 1240 ἀπεχομένους
3119 1172 3216 1241 τῆς
3261 1171 3651 1243 προσφορᾶς-εἴτι

2191 1258 2385 1323 αὐτοὺς
2409 1259 2519 1330 (85)
2550 1261 2937 1331 ἐπιτρέπεσθαι
2965 1263 3064 1334 τὴν
3091 1265 3367 1317 κοινωνίαν
3387 1263 3466 1316 τοῦ
3494 1265 3649 1330 ἀγαθοῦ.

2261 1351 2352 1404 ΚΓ
2353 1357 2384 1404 ’.
2423 1351 2557 1423 Περὶ
2574 1351 2629 1405 δὲ
2663 1352 2766 1406 τῶν
2794 1352 2886 1406 δύο
2907 1353 3140 1424 ἀδελφὰς
3161 1355 3476 1426 γαμούντων.
3504 1355 3530 1425 ἦ
3557 1356 3653 1407 ἀδελ-

2193 1444 2311 1512 φοῖς
2370 1443 2488 1506 δυσὶ
2533 1444 2911 1514 γαμουμένων,
2960 1445 3304 1499 ἐπιστολίδιον
3336 1449 3452 1516 ἡμῖν
3478 1447 3651 1514 ἐκπεφώ-

2192 1552 2371 1605 νηται,
2418 1530 2480 1590 οὗ
2511 1536 2570 1589 τὸ
2595 1535 2923 1607 ἀντίγραφον
2979 1538 3373 1609 ἀπεστείλαμέν
3407 1538 3500 1610 (86)
3532 1544 3654 1609 σουτῇ

2192 1626 2460 1699 εὐλαϐείᾳ.
2497 1629 2554 1680 Ὀ
2573 1628 2626 1682 δὲ
2649 1628 2874 1698 ἀδελφοῦ
2905 1625 3030 1684 ἰδ’ίου
3050 1634 3282 1698 γυναῖκα
3312 1632 3474 1685 λαϐὼν
3497 1635 3543 1686 οὐ
3569 1637 3648 1703 πρίν

2193 1735 2348 1789 τερον
2377 1718 2694 1789 δεχθήσεται
2730 1723 2858 1793 πρὶν
2882 1722 3174 1792 ἀποστῆναι
3200 1725 3384 1797 αὐτῆς.

2263 1813 2385 1865 ΚΔ’.
2437 1812 2645 1884 Χήραν,
2693 1812 2789 1883 τὴν
2858 1814 3244 1882 καταλεγεῖσαν
3283 1820 3360 1881 είς
3393 1820 3470 1873 τὸν
3503 1817 3656 1890 apag!»

528 1890 634 1944 lata
661 1898 764 1955 est,
794 1892 896 1948 hoc
934 1907 1056 1959 εει,
1090 1915 1212 1968 qua:
1245 1902 1313 1954 ab
1352 1901 1597 1960 Ecclesia
1641 1907 1802 1960 alitur
1834 1951 1849 1973 ,
1879 1909 2090 1978 judica-

2197 1900 2298 1951 τῶν
2356 1899 2558 1972 χηρῶν,
2609 1902 2871 1966 τουτέστι,
2909 1902 3006 1974 τὴν
3052 1903 3458 1978 διακονουμένην
3490 1905 3656 1977 (mimi

527 1980 606 2032 vit
631 1979 922 2049 Apostolus
936 1987 1224 2043 nubentem
1250 1995 1522 2047 contemni
1552 1995 1820 2052 debere“.
1843 1996 1970 2054 Viro
1990 2016 2091 2054 au-

528 2075 637 2122 tem
666 2070 830 2126 viduo
882 2074 967 2128 lex
1019 2076 1273 2147 imposita
1308 2097 1417 2136 non
1457 2092 1541 2139 est
1574 2127 1587 2151 ,
1629 2088 1721 2141 sed
1757 2089 1852 2142 tali
1896 2092 2091 2146 sullicit

529 2174 688 2228 parua
722 2163 1082 2234 digamorum.
1136 2168 1305 2242 Porro
1358 2175 1521 2229 vidua
1577 2179 1857 2248 sexaginta
1915 2197 2090 2240 annos

530 2263 654 2307 nata
680 2293 694 2318 ,
733 2257 776 2310 si
823 2273 1016 2314 rursus
1067 2277 1175 2314 una
1231 2279 1353 2317 cum
1384 2266 1502 2320 viro
1537 2269 1780 2324 habitare
1817 2273 2088 2338 voluerit,

529 2342 657 2397 boni
717 2351 1101 2406 communione
1132 2368 1241 2407 non
1277 2356 1592 2426 dignabitur
1621 2401 1636 2424 ,
1682 2362 1855 2417 donec
1885 2366 1953 2420 ab
1991 2367 2091 2421 im-

529 2435 785 2504 puritatis
839 2440 973 2494 vitio
1030 2443 1322 2501 destiterit.
1397 2446 1501 2503 Sed
1533 2450 1578 2506 si
1637 2460 1763 2506 ante
1809 2457 2089 2526 sexaginta

530 2543 708 2584 annos
743 2545 862 2585 eam
890 2535 1330 2605 'ascripserimus
1360 2581 1374 2604 ,
1408 2550 1596 2597 nostra
1627 2555 1749 2611 est,
1807 2562 1916 2601 non
1969 2567 2088 2605 mu-

529 2618 680 2676 lieris
719 2622 897 2693 culpa.

600 2799 762 2857 XXV.
804 2804 906 2871 Qui
937 2822 967 2860 a
993 2823 1052 2862 se
1081 2817 1378 2878 stupratam
1407 2827 1504 2882 pro
1535 2830 1706 2872 uxore
1733 2818 1956 2885 detinet,
1981 2831 2089 2877 stu-

528 2893 612 2961 pri
640 2895 856 2963 quidem
886 2912 1098 2966 pmnam
1128 2901 1354 2966 subibit,
1391 2903 1484 2957 sed
1515 2906 1562 2960 ei
1591 2907 1774 2963 licebit
1808 2926 1924 2966 eam
1949 2931 2086 2970 uxo-

527 3000 640 3039 rem
666 2985 883 3042 habere.
1490 3010 1495 3015 '

597 3075 760 3149 294
800 3077 983 3132 XXVI.
1025 3079 1336 3138 Fornicatio
1382 3088 1785 3146 matrimonium
1824 3111 1934 3150 non
1963 3108 2085 3167 est,
2128 3111 2132 3116 ‘

2192 1993 2290 2062 τῆς
2351 1992 2689 2062 Ἐκκλησίας,
2730 1993 2942 2064 ἔκρινεν
2983 1995 3010 2046 ὁ
3055 1995 3368 2060 Ἀπόστολος
3396 2000 3655 2069 γαμουμένην

2193 2084 2552 2156 παρορᾶσθαι.
2603 2085 2778 2156 Ἀνδρὶ
2813 2087 2870 2139 δὲ
2909 2087 3236 2158 χηρεύσαντι
3276 2090 3438 2154 οὐδεὶς
3472 2092 3656 2143 ἐπίκειται

2193 2177 2373 2248 νόμος,
2401 2178 2514 2231 ἀλλ’
2544 2179 2722 2231 ἰκανὸν
2755 2179 2832 2250 τῷ
2859 2180 3080 2250 τοιούτῳ
3102 2181 3162 2233 τὺ
3179 2182 3292 2236 τῶν
3313 2182 3656 2254 διγάμωνὲπιτί-

2194 2285 2332 2336 μιον.
2377 2270 2438 2321 Ἠ
2481 2270 2660 2339 μέντοι
2717 2272 2881 2342 χήρα,
2917 2271 3308 2344 ἑξηκονταετὴς
3349 2278 3580 2343 γεγονυῖα,
3602 2273 3658 2325 ἐὰν

2190 2360 2375 2430 ἕληται
2423 2361 2585 2414 πάλιν
2639 2362 2792 2433 ἀνδρὶ
2855 2365 3137 2426 συνοικεῖν,
3181 2365 3246 2416 οὐ
3294 2365 3660 2435 καταξαυθήσεται

2189 2453 2284 2521 τῆς
2333 2451 2423 2504 τοῦ
2456 2453 2659 2521 ἀγαθοῦ
2707 2457 3006 2520 κοινωνίας,
3045 2460 3147 2523 ἕως
3185 2459 3254 2511 ἂν
3286 2457 3375 2510 τοῦ
3417 2457 3580 2520 πάθους
3600 2455 3659 2523 τῆς

2190 2544 2526 2617 ἀκαθαρσίας
2578 2548 2871 2617 παύσηται.
2943 2550 3067 2604 Ἐἀν
3122 2552 3305 2622 μέντοι
3348 2549 3444 2622 πρὸ
3481 2550 3661 2619 ἑξήκοντα

2188 2629 2322 2682 ἐτῶν
2348 2631 2737 2704 ἀριθμήσωμεν
2755 2634 2863 2706 (88)
2889 2638 3074 2709 αὐτὴν,
3102 2640 3365 2711 ἡμέτερον
3385 2639 3439 2691 τὸ
3471 2638 3660 2706 ἔγκλημα,

2187 2721 2248 2773 οὐ
2277 2721 2369 2775 τοῦ
2393 2724 2632 2792 γυναίου.

2260 2813 2386 2865 KE'.
2433 2814 2491 2865 '0
2524 2816 2622 2886 τὴν
2647 2816 3043 2891 διεφθαρμένην
3083 2821 3169 2889 ὑφ’
3193 2821 3388 2876 ἑαυτοῦ
3414 2823 3483 2882 εἰς
3505 2823 3666 2886 γυναῖκα

2189 2903 2432 2972 κατέχων
2454 2905 2514 2957 τὸ
2536 2907 2632 2976 μὲν
2661 2909 2753 2962 ἐπὶ
2775 2913 2838 2980 τῇ
2867 2911 3042 2982 φθορᾷ
3069 2913 3342 2984 ἐπιτίμιον
3370 2918 3664 2986 ὑποστήσεται.

2187 2995 2284 3065 τὴν
2317 2995 2373 3048 δὲ
2401 3000 2631 3065 γυναῖκα
2657 2999 2797 3069 ἔχειν
2831 3003 3334 3075 συγχωρηθήσεται.

2257 3089 2400 3155 KG’.
2451 3090 2514 3142 'H
2568 3092 2789 3162 πορνεία
2838 3095 3012 3165 γάμος
3039 3097 3136 3150 οὐκ
3179 3098 3360 3153 ἐστιν·
3388 3100 3489 3153 ἀλλ’
3507 3097 3657 3163 οὐδὲγά

528 3168 621 3222 sed
656 3183 724 3223 ne
773 3171 1103 3226 matrimonii
1131 3174 1351 3244 quidem
1405 3177 1642 3239 initium.
1682 3184 1861 3253 Quare
1893 3191 1938 3245 si
1971 3192 2084 3248 ﬁeri

2197 3195 2292 3247 μου
2324 3181 2485 3251 ἀρχή.
2529 3181 2710 3248 Ὥστε,
2741 3182 2835 3234 ὲάν
2925 3183 3145 3238 δυνατὸν
3172 3190 3302 3253 τοὺς
3325 3190 3457 3242 κατά
3489 3188 3657 3258 τωρνείπ·

527 3268 751 3330 potest,
823 3271 882 3316 ut
961 3266 1054 3334 qui
1129 3283 1226 3338 per
1310 3268 1722 3330 fornicationem
1806 3283 2083 3352 conjuncti

523 3363 654 3407 sunt
685 3395 701 3422 ,
756 3367 1115 3426 separentur,
1169 3361 1218 3415 id
1255 3364 1472 3432 quidem
1527 3369 1791 3438 optimum
1837 3385 1940 3430 est.
1989 3376 2085 3434 Sin

527 3453 707 3498 autem
766 3447 847 3502 eis
893 3449 1115 3504 omnino
1167 3452 1377 3520 placeat
1426 3457 1738 3528 conjugium
1772 3503 1787 3525 ,
1848 3462 2087 3521 fornica-

527 3538 694 3593 tionis
723 3541 939 3610 quidem
973 3557 1188 3611 poenam
1224 3557 1522 3615 agnoscant
1554 3567 1569 3616 ;
1621 3553 1716 3607 sed
1746 3555 1969 3612 minime
2001 3574 2088 3614 se-

527 3641 807 3701 parentur,
842 3650 909 3689 ne
937 3635 1066 3705 quid
1095 3637 1334 3693 deterius
1359 3642 1591 3696 accidat.

599 3721 807 3778 XXVII.
849 3724 924 3780 De
954 3727 1300 3798 presbytero,
1349 3731 1441 3800 qui
1479 3733 1717 3790 insciens
1745 3736 1950 3795 illicitis
1983 3756 2086 3796 nu-

529 3817 658 3886 ptiis
691 3818 999 3888 implicatus
1052 3829 1168 3883 est,
1205 3823 1370 3876 statui
1409 3841 1528 3895 quae
1557 3830 1862 3896 Oportebat.
1896 3834 2084 3889 cathe-

526 3908 639 3966 drae
688 3909 904 3976 quidem
942 3910 1255 3980 participem
1289 3928 1449 3975 esse,
1487 3917 1579 3970 sed
1629 3935 1657 3972 a
1711 3922 1936 3992 reliquis
1968 3941 2080 3979 mu-

526 4001 632 4054 niis
692 3999 985 4055 abstinere.
1042 4001 1177 4056 Nam
1243 4005 1378 4060 satis
1426 4013 1509 4061 est
1562 4010 1828 4078 ejusmodi
1879 4016 2083 4071 homini

523 4088 704 4142 venia.
753 4087 821 4141 lit
849 4097 1026 4144 autem
1060 4093 1229 4151 alium
1274 4097 1582 4162 benedicat,
1618 4103 1710 4170 qui
1741 4107 1958 4174 propria
1988 4123 2085 4161 cu-

525 4191 648 4230 rare
698 4175 857 4232 debet
887 4179 1112 4234 vulnera
1138 4223 1152 4246 ,
1223 4185 1452 4242 minime
1496 4201 1943 4249 consentaneum.
1982 4196 2082 4252 Be-

523 4265 764 4322 nedictio
817 4268 961 4323 enim
1006 4273 1454 4332 sanctificationis
1504 4284 1949 4341 communicatio.
1977 4295 2078 4342 est.

521 4363 695 4431 Quam
751 4362 852 4444 qui.
894 4377 1002 4417 non
1069 4363 1276 4431 habet,
1339 4375 1774 4446 proptereaquod
1845 4376 2083 4434 insciens

522 4455 710 4522 lapsus
749 4459 867 4511 est,
919 4454 1192 4523 quomodo
1237 4457 1360 4512 aliis
1413 4459 1732 4530 impertiet?
1756 4465 1939 4536 Itaque
1984 4486 2082 4526 nec

523 4544 740 4615 publice
775 4559 875 4599 nec
909 4544 1160 4613 privatim
1193 4547 1496 4616 benedicat,
1532 4569 1632 4608 nec
1661 4571 1862 4627 corpus
1881 4558 2083 4618 Christi
2120 4576 2160 4629 ι)

522 4638 815 4694 distribuat
843 4637 987 4700 aliis.
1043 4655 1143 4694 nec
1175 4643 1408 4710 quodvis
1436 4646 1582 4700 aliud
1614 4662 1837 4705 sacrum.
1885 4671 2082 4713 munus

520 4728 702 4793 obeat,
736 4729 853 4792 sed,
896 4729 1194 4786 honoriﬁca
1229 4733 1358 4789 sede
1403 4745 1692 4795 contentus
1713 4779 1728 4803 ,
1782 4752 1935 4814 roget
1959 4761 2089 4801 cum

521 4822 779 4894 lacrymis
829 4822 1120 4879 Dominum
1146 4867 1162 4891 ,
1213 4834 1272 4880 ut
1301 4827 1408 4884 sibi
1455 4829 1776 4902 ignorantiae
1799 4847 2088 4906 peccatum,

521 4915 848 4970 remittatur.

595 5050 695 5103 "l
741 5050 880 5108 Tim.
920 5069 973 5116 γ,
1009 5054 1094 5134 Il,
1133 5055 1219 5112 12.

584 5208 1147 5294 (ξὸὶἘϊταμίέτούς.
1183 5213 1376 5271 Plures
1413 5218 1629 5274 codices
1657 5235 1764 5275 non
1808 5223 2079 5294 antiquis-

515 5279 635 5340 simi
672 5279 788 5336 εἶτα
825 5284 1028 5347 αὐτοῖς.

587 5351 697 5433 (8β)
747 5353 1239 5433 Ἀπεστεζᾴᾳμεν..
1281 5355 1376 5433 Sic
1415 5357 1632 5433 codices
1677 5379 1827 5433 mss.
1877 5379 1976 5433 pro
2018 5381 2083 5422 eo

517 5424 670 5504 quod
698 5436 816 5504 erat
847 5425 899 5478 in
946 5424 1108 5504 editis
1135 5426 1450 5504 ἀπέστειλα.
1482 5427 1824 5498 Epistolium,
1869 5424 1936 5496 de
1974 5451 2083 5504 quo

514 5490 887 5564 hicﬁasilius,
910 5506 996 5549 est
1022 5496 1251 5564 epistola
1283 5498 1404 5552 160.

589 5560 700 5641 (87)
730 5560 1231 5641 Διακονρυμζὲνην.
1264 5565 1340 5641 _l_n
1388 5569 1489 5623 hac
1516 5586 1647 5624 voce
1673 5572 2083 5641 interpretanda

515 5639 740 5686 secutus
776 5648 898 5688 sum
937 5634 1227 5688 Zonaram.
1261 5635 1442 5694 Minus
1469 5643 1753 5697 commode
1790 5634 1877 5697 alii
1911 5645 2080 5700 inter-

516 5709 721 5782 pretes,
750 5720 866 5768 qua:
891 5706 954 5758 ab
987 5704 1226 5782 Eccjegia
1341 5707 1678 5764 diaconatum
1708 5723 1946 5782 suscepta
1984 5727 2080 5770 est.

517 5771 650 5826 Illud
680 5779 860 5827 autem
895 5774 1234 5855 παρορᾶσθαι
1263 5778 1403 5855 idem
1430 5795 1550 5855 esse
1573 5790 1792 5837 monent
1821 5771 2085 5855 interpre-
2123 5795 2132 5803 ‘

516 5851 596 5897 tes
627 5858 688 5895 ac
728 5846 1023 5909 contemni,
1060 5860 1158 5900 nec
1191 5847 1302 5916 jam
1333 5845 1588 5904 Ecclesiae
1623 5855 1926 5923 sumptibus
1955 5845 2082 5911 sus-

2195 3272 2627 3342 συναπτομένους
2676 3277 3020 3347 χωρίζεσθαι,
3067 3279 3224 3332 τοῦτο
3272 3282 3550 3352 κράτιστον.
3589 3281 3668 3332 Ἐὰν

2191 3361 2247 3414 δὲ
2285 3363 2578 3435 στέργωσιν
2631 3369 2696 3420 ἐκ
2751 3369 2945 3432 παντὸς
2969 3371 3170 3441 τρόπου
3210 3373 3276 3426 τὸ
3317 3371 3668 3430 συνοικέσιον,τὲ

2197 3454 2294 3522 μὲν
2317 3456 2413 3525 τῆς
2442 3458 2694 3527 πορνείας
2726 3461 2994 3530 ἐπιτίμιον
3011 3463 3446 3536 γνωριζέτωσαν·
3476 3462 3668 3534 ἀφιέσθω-

2196 3562 2290 3600 σαν
2316 3546 2390 3613 δὲ,
2425 3547 2508 3601 ἴνα
2533 3550 2605 3619 μὴ
2638 3550 2816 3621 χεῖρόν
2846 3568 2897 3603 τι
2924 3552 3165 3623 γένηταιι

2263 3752 2386 3803 KZ'.
2448 3753 2580 3824 Περὶ
2633 3753 2725 3806 τοῦ
2775 3757 3167 3828 πρεσϐυτέρου,
3216 3757 3315 3811 τοῦ
3367 3759 3479 3811 κατ’
3519 3756 3672 3822 ἄγνοιαν

2194 3841 2413 3911 ἀθέσμῳ
2462 3844 2624 3916 γάμῳ
2678 3847 2790 3916 (89)
2838 3850 3255 3919 περιπαρέντος,
3293 3850 3460 3922 ὥρισα
3486 3846 3670 3917 ἀὲχρῆΨ

2193 3935 2455 4005 καθέδρας
2507 3936 2603 4007 μὲν
2654 3939 2918 4010 μετέχειν.
2970 3942 3078 3995 τῶν
3110 3943 3163 3996 δὲ
3215 3944 3418 3998 λοιπῶν
3462 3939 3674 4014 ἐνεργειῶν

2192 4025 2506 4095 ἀπέχεσθαι.
2549 4031 2800 4101 Ἀρκετον
2846 4034 2953 4104 γὰρ
2986 4035 3061 4106 τῷ
3109 4037 3339 4108 τοιούτῳ
3369 4041 3402 4108 ἡ
3434 4034 3670 4104 συγγνώμη-

2193 4114 2446 4186 Εὑλογεῖν
2473 4119 2528 4173 δὲ
2562 4122 2767 4193 ἕτερον,
2795 4126 2884 4178 τὸν
2914 4126 2979 4179 τὰ
3001 4129 3176 4182 οἰκεῖα
3195 4130 3448 4198 τημελεῖν
3471 4127 3674 4196 ὀφείλοντι

2191 4205 2497 4276 τραύματα,
2514 4211 2885 4267 ἀνακόλουθον.
2912 4215 3141 4285 Εὐλογία
3163 4218 3271 4290 γὰρ
3300 4217 3548 4289 ἀγιασμοῦ
3567 4214 3671 4286 μετά⁹

2191 4297 2333 4361 δοσῐς
2375 4301 2539 4356 ἐστιν.
2606 4303 2664 4356 Ὁ
2694 4305 2752 4358 δὲ
2791 4307 2947 4360 τοῦτο
2975 4309 3048 4380 μὴ
3100 4309 3258 4380 ἔχων,
3316 4311 3403 4365 διὰ
3432 4311 3487 4364 τὸ
3529 4311 3579 4361 ὲκ
3611 4305 3673 4370 τῆς

2190 4388 2411 4456 ἀγνοίας
2450 4393 2798 4466 παράπτωμα
2841 4398 2958 4462 πῶς
3004 4401 3172 4472 ἑτέρῳ
3225 4402 3541 4473 μεταδώσεις
3572 4399 3672 4466 Μήτε

2191 4480 2364 4532 τοίνυν
2398 4480 2629 4554 δημοσίᾳ
2658 4487 2792 4556 μήτε
2830 4487 2934 4559 ίδίᾳ
2976 4489 3283 4559 εὐλογείτω,
3318 4495 3447 4564 μήτε
3482 4491 3534 4544 τὸ

2189 4569 2280 4622 τοῦ
2317 4571 2551 4642 Χριστοῦ
2594 4578 2943 4648 κατανεμέτω
2977 4582 3202 4653 ἑτέροις,
3245 4587 3382 4655 μήτε
3409 4601 3458 4636 τι
3484 4581 3586 4635 ἄλλο

2187 4664 2504 4732 τουργείτω,
2566 4665 2702 4721 ἀλλὰ
2771 4669 3103 4741 ἀρκούμενος
3153 4677 3218 4745 τῇ
3269 4675 3514 4746 προεδρίᾳ
3565 4682 3675 4740 προςο

2187 4753 2418 4808 κλαιέτω
2450 4756 2560 4827 (90)
2588 4758 2665 4830 τῷ
2705 4761 2912 4834 Κυρίῳ,
2955 4766 3370 4840 συγχωρηθῆναι
3408 4766 3538 4838 αὐτῷ
3566 4763 3610 4815 τὸ
3634 4761 3672 4810 ix

2185 4844 2283 4918 τῆς
2307 4847 2526 4914 ἀγνοίας
2553 4851 2824 4924 ἀνόμημα.

2186 5219 2405 5274 tentari.

2260 5290 2383 5364 (88)_
2414 5289 2861 5364 Ἀριθμήσωμεν.
2913 5291 3010 5349 Sic
3057 5294 3300 5364 plerique
3340 5294 3538 5350 codices
3580 5299 3670 5341 mss.

2185 5359 2777 5446 Ediki..&8€°,lfﬁ‘°l*“’°.
3211 5359 3226 5364 ’
3320 5438 3355 5446 _.
3477 5433 3487 5446 .

2259 5429 2675 5505 (sanesane)
2707 5432 2887 5502 γάμῳ.
2935 5435 3157 5505 .iticitas
3207 5438 3419 5505 nuptias
3472 5433 3672 5505 interpmj

2185 5498 2338 5556 tatur
2366 5498 2678 5573 Balsamon,
2712 5498 2756 5558 si
2776 5498 2912 5573 'quis
2935 5504 3103 5558 ducat
3144 5498 3465 5572 eain,'cujus
3491 5498 3563 5573 vel
3594 5498 3673 5560 ills"

2185 5581 2336 5628 tutor
2363 5579 2469 5646 est,
2503 5572 2586 5626 vel
2594 5569 2990 5646 jpsius'pater,
3027 5575 3112 5629 vel
3159 5569 3461 5646 monialéiii,
3489 5569 3674 5646 velclon:

2188 5641 2564 5721 sanguineam.
2594 5635 3314 5721 Zonar_as-conSanguineatn
3339 5643 3415 5697 vel
3445 5635 3670 5721 mminit”

2189 5710 2462 5780 intelligit,
2497 5711 2722 5768 Alexius
2755 5715 3045 5771 Aristenus
3069 5710 3310 5778 viduam,
3340 5721 3432 5767 aut
3462 5710 3670 5764 insanam.

2189 5790 2283 5836 aut
2315 5798 2344 5836 e
2375 5782 2631 5846 scenicis,
2663 5793 2756 5838 aut
2788 5783 2896 5840 Deo
2925 5794 3318 5841 consecratam.

2197 5855 2203 5861 “
2264 5851 2373 5922 (90)
2415 5853 2846 5918 Προσκλαιέτω.
2894 5855 3115 5911 Addunt
3149 5857 3278 5912 editi
3307 5861 3355 5910 et
3399 5859 3500 5907 tres
3533 5856 3670 5900 recen-
