3738 6490
51 336 129 391 725
873 321 1362 380 EPISTOLARUM
1399 319 1682 378 CLASSIS
1715 321 1779 378 ll.
1822 321 2037 378 EPIST.
2064 320 2291 379 CXCIX.

3139 327 3244 386 726

99 446 204 500 KH’.
255 440 458 496 Ἐκεῖνό
517 456 583 508 γε
640 439 746 510 μὴν
792 438 998 507 γελοῖόν
1044 455 1133 509 μοι
1174 439 1471 508 κατεφάνη,
1502 437 1563 488 τὸ

1747 436 1981 492 XXVIII.
2033 436 2168 492 Illud
2195 437 2413 507 quidem
2442 436 2572 492 mihi
2618 438 2793 492 visum
2820 447 2902 494 est
2931 439 3240 511 ridiculum,

49 533 252 602 ιΰξασθαί
278 549 398 588 τινα
423 532 593 585 ὑείων
633 531 929 602 ἀπέχεσθαι
967 532 1164 603 κρεῶν.
1202 531 1366 583 ’Ὥστε
1438 547 1569 582 κατ-

45 631 226 696 situram
245 622 831 706 διδάσκειν(91)αύτοὺς
850 623 960 677 τῶν
980 623 1316 678 ἀπαιδεύτων
1341 639 1568 694 προσευ-

45 717 127 789 χῶν
151 715 234 769 καὶ
277 709 624 781 ἐπαγγελιῶν
661 711 995 782 ἀπέχεσθαι·
1030 713 1129 786 τὴν
1162 713 1346 784 μέντοι
1373 713 1568 784 χρῆσιν

47 810 284 878 ἀδιάφορον
303 801 440 859 εἶναι
471 804 854 878 συγχώρησον.
881 806 1044 860 Οὐδὲν
1071 806 1178 878 γὰρ
1207 806 1410 878 κτίσμα
1432 805 1566 858 Θεοῦ

47 901 298 973 ἀπόϐλητον
331 900 450 970 μετ’
496 898 850 970 εὐχαριστίας
893 897 1320 971 λαμϐανόμενον.
1348 899 1508 952 Ὥστε
1535 900 1567 968 ὴ

44 996 145 1070 εὐχὴ
168 993 583 1063 καταγέλαστος,
611 991 710 1062 οὐχ
737 994 771 1064 ti)
806 992 984 1063 ἀποχὴ
1014 992 1303 1061 ἀναγκαία.

95 1167 199 1224 ΚΘ¹.
232 1167 532 1239 ’Δρχοντας
550 1166 733 1238 μέντοι
773 1167 1015 1239 ὀμνύειν,
1053 1169 1144 1222 ἐπὶ
1176 1169 1235 1222 τὸ
1259 1173 1566 1227 κακοποιεῖν

46 1263 136 1324 τοὺς
171 1260 533 1330 ἀρχομένους,
585 1259 680 1312 καὶ
733 1259 875 1313 πάνυ
940 1260 1333 1332 θεραπεύεσθαι
1399 1280 1567 1334 προσ-

48 1352 247 1424 ῆχε(92).
294 1351 576 1422 Θεραπεία
609 1351 666 1404 δὲ
705 1351 908 1406 τούτων
948 1352 1132 1425 διττήο
1182 1354 1278 1424 μία
1328 1355 1444 1424 μὲν,
1492 1355 1566 1427 μὴ

46 1445 216 1515 ὀμνύειν
261 1445 458 1507 αὐτοὺς
502 1444 852 1498 διδάσκεσθαι
882 1446 1187 1517 προχείρως
1216 1463 1228 1474 ·
1287 1447 1446 1519 ἑτέρα
1489 1447 1566 1514 δὲ,

50 1538 103 1608 μὴ
119 1536 367 1606 ἐπιμένειν
393 1537 450 1588 ὲν
475 1538 597 1598 ταῖς
626 1537 888 1606 πονηραῖς
917 1538 1180 1609 κρίσεσιν.
1218 1539 1398 1605 Ὥστε,
1420 1540 1568 1610 ὅρκῳ

51 1627 322 1700 προληφθείς
352 1644 439 1690 τις
478 1629 562 1689 εἰς
611 1627 932 1680 κακοποιίαν
971 1629 1180 1701 ἑτέρου,
1220 1630 1318 1702 τὴν
1351 1631 1449 1701 μὲν
1476 1632 1567 1684 ἐπὶ

49 1725 95 1793 τῇ
119 1718 387 1792 προπετείᾳ
415 1717 514 1771 τοῦ
545 1719 708 1790 ὅρκου
739 1719 1025 1789 μετάνοιαν
1051 1721 1459 1787 ἐπιδεικνύσθω,
1490 1724 1562 1797 μὴ

49 1814 188 1882 μέντοι
225 1811 570 1881 προσχήματι
611 1809 896 1874 εὐλαϐείας
939 1811 1037 1882 τὴν
1079 1813 1342 1884 πονηρίαν
1371 1814 1562 1867 ἑαυτοῦ
1599 1809 1616 1861 ‘.

50 1902 307 1972 βεὸαιούτω.
351 1900 489 1955 Οὐδὲ
547 1901 656 1971 γὰρ
714 1901 926 1976 Ἡρώδῃ
968 1904 1296 1973 συνήνεγκεν
1339 1906 1567 1977 εὐορκή-

48 2012 176 2054 cum,
207 1993 279 2057 ὃς,
314 1993 401 2045 ἵνα
448 1993 526 2064 μὴ
560 1994 867 2067 ὲπιορκήσῃ
912 1994 1094 2064 δῆθεν,
1132 1998 1324 2065 φονεὺς
1353 1997 1568 2066 ἐγένετο

47 2085 114 2140 τοῦ
137 2087 410 2156 προφήτου.
437 2084 630 2150 Ἀπαξ
651 2085 708 2138 δὲ
731 2086 760 2138 ὀ
782 2085 942 2157 ὅρκος
966 2087 1336 2160 ἀπηγόρευται
1351 2105 1365 2119 °
1391 2090 1568 2160 πολλῷ

46 2179 85 2231 δὲ
107 2178 247 2248 δήπου
280 2178 428 2241 εἰκὸς
465 2177 560 2231 τὸν
598 2179 691 2231 ἐπὶ
737 2179 892 2250 κακῷ
934 2181 1214 2252 γινόμενον
1243 2185 1570 2256 κατακεκρία

48 2266 152 2320 σθαι.
195 2268 344 2321 Ὥστε
395 2269 760 2339 μεταφρονεῖν
810 2270 900 2322 τὸν
945 2269 1215 2341 ὀμνύοντα
1257 2271 1398 2343 χρὴ,
1449 2274 1570 2345 οὐχὶ

50 2361 310 2426 σπουδάζειν
363 2361 621 2431 βεϐαιοῦν
665 2363 859 2416 ἑαυτοῦ
880 2363 940 2417 τὸ
983 2364 1218 2419 ἀνόσιον.
1287 2366 1568 2433 Ἐξέτασον

48 2455 126 2527 γὰρ
169 2455 488 2528 πλατύτερον
541 2455 639 2526 τὴν
679 2456 931 2510 ἀτοπίαν.
974 2455 1043 2510 Εἴ
1075 2475 1158 2522 τις
1186 2458 1430 2529 ὀμόσειεν
1455 2460 1567 2531 (93)

49 2547 324 2619 ἐνεξορύξειν
379 2548 511 2612 τοὺς
557 2546 868 2619 ὀφθαλμοὺς
895 2547 988 2601 τοῦ
1037 2549 1285 2619 ἀδελφοῦ,
1324 2553 1372 2604 εἰ
1406 2553 1569 2606 καλὸν

47 2639 91 2689 τὺ
123 2638 334 2692 τοιοῦτον
369 2640 452 2702 είς
506 2636 667 2708 ἔργον
697 2638 924 2707 ἀγαγεῖν
961 2639 1108 2710 αὐτῷ
1134 2655 1148 2703 ;
1183 2639 1343 2704 εἴτις
1373 2642 1567 2710 φονεύ-

51 2731 231 2793 σειν;εί
247 2748 323 2794 τις
348 2730 485 2795 ὅλως
539 2731 604 2783 δι’
631 2729 794 2801 ὅρκου
839 2729 1054 2801 ἐντολήν
1098 2749 1220 2784 τινα
1252 2732 1568 2805 παραὸήσε-

50 2821 174 2888 eoat;
204 2823 404 2894 Ὠμοσα
451 2823 564 2897 γὰρ
591 2821 685 2876 καὶ
723 2821 949 2893 ἔστησα,
980 2824 1100 2894 οὐχὶ
1137 2823 1234 2896 τὴν
1269 2826 1564 2899 ἁμαρτίαν,

50 2912 149 2967 ἀλλὰ
192 2913 275 2967 τοῦ
320 2914 663 2985 φυλάξασθαι
694 2915 763 2968 τὰ
801 2915 1043 2986 κρίματα
1093 2916 1190 2986 τῆς
1223 2917 1568 2990 δικαιοσύνης

50 3021 133 3059 σου.
161 3008 350 3079 Ὠσπερ
405 3008 460 3061 ἃ
523 3009 621 3080 τὴν
653 3007 874 3078 ἐντολὴν
927 3009 1288 3080 ἀμεταθέτοις
1338 3012 1566 3083 κρίμασι

1673 538 1867 578 vovere
1895 523 2131 592 aliquem
2191 539 2250 578 se
2282 537 2313 575 a
2341 522 2519 578 suillis
2549 523 2810 578 carnibus
2839 524 3237 583 abstenturum.

1672 613 2036 680 Quamobrem
2089 613 2316 685 dignare
2378 628 2474 669 eos
2512 614 2758 680 docere,
2810 623 2871 670 ut
2915 617 2984 673 ab
3042 618 3242 690 ineptis

1670 706 1815 761 votis
1863 714 1918 762 et
1955 705 2244 777 promissis
2301 704 2655 773 abstineant;
2709 707 2806 763 sed
2843 723 3004 763 usum
3040 709 3242 765 nihilo-

1670 795 1851 852 minus
1891 795 2292 851 indiﬂ‘erentem
2363 811 2488 852 esse
2541 796 2686 853 sine.
2748 796 2908 851 Nulla
2959 799 3104 854 enim
3143 798 3240 856 Dei

1670 893 1943 951 creatura,
1981 900 2104 956 qua!
2146 900 2272 939 cum
2328 885 2627 956 gratiarum
2671 885 2888 942 actione
2917 889 3238 958 percipitur,

1669 978 1966 1050 rejicienda
1988 987 2072 1034 est
2093 979 2160 1033 ".
2193 979 2375 1045 Quare
2398 987 2585 1034 votum
2611 989 2693 1034 est
2715 979 3028 1045 ridiculum,
3068 981 3242 1038 absti-

1670 1072 1855 1127 nentia
1892 1084 2002 1125 non
2030 1073 2366 1128 necessaria.

1745 1161 1936 1217 XXIX.
1978 1161 2135 1229 Quod
2184 1165 2437 1220 homines
2469 1171 2738 1234 potestate
2783 1165 2995 1235 praediti
3026 1167 3237 1237 jurant,

1671 1271 1730 1312 se
1759 1255 1899 1309 male
1926 1255 1995 1310 iis
2019 1257 2220 1326 quibus
2263 1265 2509 1326 prazsunt
2553 1255 2831 1324 facturos,
2866 1257 3003 1311 illud
3038 1265 3095 1312 et
3129 1274 3242 1313 ma-

1669 1350 1814 1407 xime
1857 1361 2109 1407 curatum
2164 1359 2398 1421 oportet.
2462 1349 2667 1406 Medela
2701 1357 2880 1404 autem
2914 1364 3104 1404 eorum
3157 1358 3242 1406 est

1667 1444 1866 1514 duplex
1900 1463 1913 1499 :
1951 1458 2058 1498 una
2107 1442 2378 1513 quidem,
2442 1449 2502 1495 ut
2561 1441 2862 1496 doceantur
2917 1456 3026 1496 non
3083 1440 3242 1496 facile

1663 1533 1893 1603 jurare,
1951 1537 2118 1590 altera
2177 1549 2338 1599 vero,
2395 1551 2462 1589 ne
2494 1535 2548 1588 in
2583 1533 2744 1587 malis
2770 1533 3020 1589 consiliis
3067 1534 3241 1603 persi-

1669 1635 1836 1681 stant.
1875 1626 2084 1682 Idcirco
2133 1626 2227 1698 qui
2255 1625 2614 1696 jurejurando
2657 1624 2732 1678 ad
2781 1625 3007 1680 alterius
3035 1624 3243 1679 malefi-

1670 1725 1814 1780 cium
1845 1733 2257 1794 prazoccupatus
2288 1733 2405 1785 est,
2439 1721 2485 1777 is
2518 1737 2630 1777 sua:
2667 1721 2721 1774 in
2748 1719 2986 1791 jurando
3019 1719 3241 1775 temeri-

1671 1820 1803 1876 tatis
1839 1819 2217 1890 pmnitentiam
2243 1815 2520 1882 ostendat,
2577 1830 2688 1869 non
2733 1821 2914 1868 autem
2968 1827 3065 1882 per
3109 1826 3244 1867 cau-

1670 1928 1786 1968 sam
1830 1909 2052 1983 pietatis
2080 1909 2483 1980 improbitatem
2513 1921 2668 1962 suam
2698 1898 3005 1960 conﬁrmet.
3056 1903 3243 1975 Neque

1625 2035 1644 2053 ο
1668 2005 1813 2060 enim
1844 2002 2044 2059 Herodi
2085 2001 2469 2071 jusjurandum
2517 1999 2844 2053 observasse
2881 1996 3104 2066 profuit,
3146 1997 3241 2066 qui

1667 2096 1941 2160 videlicet,
1967 2109 2034 2148 ne
2093 2091 2395 2163 pejeraret,
2431 2090 2751 2162 prophetam
2789 2087 2987 2144 occidit
3012 2087 3080 2140 τι.
3115 2084 3243 2142 0m-

1668 2188 1801 2243 nino
1839 2186 2058 2257 quidem
2089 2185 2478 2256 jusjurandum
2524 2181 2864 2253 prohibitum
2911 2185 2995 2235 est
3015 2180 3060 2211 "
3097 2197 3111 2234 :
3144 2179 3241 2234 sed

1671 2281 1845 2336 multo
1890 2279 2066 2349 magis
2121 2283 2552 2333 consentaneum
2593 2281 2714 2340 est,
2755 2280 2812 2326 ut
2849 2271 2997 2342 quod
3021 2270 3088 2324 ad
3124 2286 3242 2324 ma-

1670 2373 1781 2427 lum
1833 2370 2199 2440 interponitur
2225 2409 2241 2434 ,
2278 2366 2692 2423 condemnetur.
2745 2362 2924 2431 Quare
2958 2363 3004 2416 is
3034 2362 3127 2431 qui
3153 2361 3243 2431 ju-

1668 2465 1840 2528 ravit,
1873 2463 2199 2519 sententiam
2225 2471 2437 2516 mutare
2475 2459 2660 2523 debet,
2694 2472 2802 2512 non
2838 2457 2891 2511 id
2923 2455 3107 2510 studio
3136 2454 3238 2507 ha-

1669 2559 1798 2614 bere
1817 2564 1877 2612 ut
1901 2556 2186 2627 pr0prium
2230 2551 2383 2609 nefas
2416 2551 2720 2608 confirmet.
2763 2548 2873 2604 Fac
2901 2549 3046 2605 enim
3071 2548 3238 2603 latius

1668 2649 1984 2705 consideres
2033 2646 2450 2703 absurditatem.
2493 2642 2550 2698 Si
2579 2643 2703 2714 quis
2739 2641 3235 2712 jureteﬂ'ossurum

1668 2755 1729 2796 se
1754 2740 1943 2795 oculos
1990 2737 2210 2800 fratris,
2237 2752 2306 2791 an
2334 2734 2658 2806 praeclarum
2685 2743 2768 2788 est
2802 2732 3071 2803 ejusmodi
3124 2731 3241 2800 jus-

1661 2832 1956 2904 jurandum
1997 2831 2062 2887 ad
2095 2846 2234 2902 opus
2278 2827 2622 2900 perducere?
2651 2826 2697 2880 si
2740 2826 2863 2897 quis
2914 2841 2974 2881 se
3017 2824 3242 2880 interfe-

1667 2932 1884 2980 cturum
1913 2925 1938 2977 ?
1971 2923 2016 2980 si
2047 2923 2171 2994 quis
2199 2921 2422 2977 omnino
2453 2919 2770 2974 mandatum
2802 2916 3026 2988 aliquod
3054 2925 3240 2971 trans-

1668 3015 2030 3088 gressurum?
2076 3013 2266 3069 Juravi
2312 3013 2455 3068 enim
2483 3019 2538 3066 et
2578 3009 2784 3074 statui,
2810 3023 2919 3063 non
2956 3013 3240 3078 peccatum

51 3099 240 3170 προσῆκε
280 3099 659 3170 βεϐαιοῦσθαι,
692 3099 834 3154 οὕτω
863 3099 962 3170 τὴν
1002 3101 1276 3173 ἁμαρτίαν
1298 3104 1565 3168 παντοίως

1739 3117 1903 3174 trare,
1939 3106 2034 3164 sed
2062 3119 2283 3163 servare
2306 3102 2513 3174 judicia
2552 3101 2784 3170 iustitiae
2809 3100 3002 3154 tuae".
3039 3098 3241 3164 Quem-

51 3187 232 3260 καθήκει
264 3191 600 3264 ἀκυροῦσθαι
628 3192 721 3245 καὶ
750 3191 1148 3262 ἀφανίζεσθαι.ι

105 3471 164 3526 ιγ.
205 3473 328 3544 Περὶ
369 3473 478 3526 τῶν
533 3471 886 3544 ἁρπαζόντων
934 3471 1132 3527 κανόνα
1184 3473 1281 3543 μὲν
1340 3473 1566 3526 παλαιὸν

55 3561 126 3614 οὐκ
160 3564 350 3635 ἔχομεν,
400 3567 540 3620 ίὸίαν
592 3565 649 3618 δὲ
696 3563 919 3636 γνώμην
979 3564 1385 3636 ἐποιησάμεθαο
1443 3568 1568 3638 τρία

57 3654 122 3724 ετη
143 3657 253 3726 (98),
274 3660 364 3712 καὶ
396 3661 596 3722 αὐτοὺς
635 3659 728 3712 καὶ
759 3659 886 3723 τοὺς
917 3658 1360 3730 συναρπάζοντας
1385 3661 1567 3726 αὐτοῖς

57 3744 130 3809 ἐξω
153 3749 243 3801 τῶν
277 3751 441 3821 εὐχῶν
477 3749 744 3820 γίνεσθαι.
783 3751 856 3803 Τὸ
892 3750 948 3804 δὲ
998 3751 1071 3822 μὴ
1126 3750 1309 3822 βιαίως
1349 3753 1564 3824 γινόμε·

56 3853 119 3889 νιν
150 3839 265 3910 (95),
313 3843 600 3896 ἀνεύθυνόν
643 3845 808 3906 ἐστιν,
855 3844 985 3896 ὅταν
1032 3843 1105 3913 μὴ
1140 3842 1312 3915 φθορά
1433 3848 1566 3918 μηδὲ

58 3929 184 4003 niani;
221 3935 484 4006 ἡγουμένη
537 3933 632 3987 τοῦ
680 3935 1022 4005 πράγματος.
1062 3935 1388 4000 Αὐτεξουσία
1425 3937 1481 3991 δὲ
1531 3941 1562 4008 ἡ

57 4021 179 4089 χήρα,
202 4025 286 4077 καὶ
318 4029 398 4078 ἐπ’
434 4027 574 4096 αὐτῇ
610 4028 670 4078 τὸ
703 4025 1080 4096 ἀκολουθῆσαι.
1112 4027 1270 4079 Ὥστε
1302 4027 1409 4081 τῶν
1441 4046 1568 4100 σχη-

61 4110 199 4176 μάτων
227 4117 342 4186 ἡμῖν
373 4121 430 4172 οὐ
463 4117 828 4188 φροντιστέον.

1665 3199 1953 3255 admodum
1981 3198 2122 3252 enim
2155 3203 2488 3267 praaccptum
2523 3192 2960 3249 immutabilibus
2993 3191 3241 3247 consiliis

1665 3290 2101 3347 confirmandum
2131 3295 2254 3352 est,
2292 3287 2366 3340 ita
2398 3291 2683 3356 peccatum
2709 3283 2935 3340 omnino
2964 3281 3242 3338 inﬁrmare

1668 3393 1724 3441 et
1758 3383 1942 3438 delere
1974 3379 2247 3436 convenit.

1739 3473 1906 3530 XXX.
1949 3472 2024 3527 De
2056 3474 2126 3527 iis
2141 3472 2232 3542 qui
2265 3471 2504 3540 rapiunt,
2541 3466 3058 3539 canonem‘quidem
3092 3466 3241 3520 anti-

1667 3584 1835 3642 quum
1862 3582 1970 3622 non
2001 3565 2287 3627 habemus,
2312 3563 2405 3620 sed
2426 3561 2703 3632 propriam
2735 3559 3056 3616 sententiam
3076 3557 3239 3629 295

1674 3659 2036 3731 proferimus,
2066 3664 2124 3709 ut
2155 3665 2208 3711 et
2237 3656 2342 3727 ipsi
2364 3663 2417 3709 et
2433 3654 2525 3724 qui
2544 3667 2650 3706 una
2677 3667 2798 3707 cum
2832 3650 2967 3721 ipsis
2999 3650 3237 3719 rapiunt,

1672 3756 1848 3811 tribus
1876 3754 2033 3807 annis
2059 3751 2170 3806 sint
2197 3758 2351 3806 extra
2374 3762 2580 3818 preces.
2606 3744 2760 3812 Quod
2782 3754 2960 3799 autem
2976 3743 3242 3798 violenter

1669 3863 1779 3933 pou
1814 3846 1900 3911 fit,
1931 3859 2105 3915 preme
2134 3842 2268 3896 nulli
2305 3841 2604 3896 obnoxium
2632 3846 2716 3895 est
2736 3879 2750 3901 ,
2777 3837 2820 3893 si
2855 3851 2955 3891 nec
2987 3843 3238 3905 stuprum

1674 3954 1774 3995 nec
1801 3938 2005 3992 furtum
2039 3951 2152 3991 rem
2199 3934 2564 4005 praecesserit.
2603 3933 2699 3988 Est
2746 3939 2927 3986 autem
2959 3928 3120 3983 vidua
3153 3929 3240 3982 sui

1668 4032 1812 4103 juris
1831 4071 1845 4092 ,
1874 4037 1928 4084 et
1962 4027 2225 4098 sequendi
2257 4033 2503 4097 potestas
2527 4041 2692 4096 penes
2722 4025 2896 4096 ipsam
2925 4029 3028 4078 est.
3059 4019 3240 4085 Quare

1673 4120 2080 4177 simulationum
2110 4133 2172 4172 ac
2195 4125 2554 4188 pratextuum
2595 4129 2724 4170 cura
2753 4113 2902 4168 nulla
2941 4110 3098 4166 nobis
3141 4109 3239 4163 ha-

1672 4212 1845 4268 benda
1871 4217 1974 4266 est.

111 4289 142 4319 ⁷⁸
170 4290 185 4343 I
211 4293 338 4348 Tim.
373 4313 446 4361 Iv,
494 4296 551 4350 4.
625 4296 668 4326 ⁷¹
701 4294 887 4349 Matth.
941 4309 1048 4357 xw,
1095 4294 1176 4349 It).
1254 4296 1298 4328 ⁷⁸
1335 4296 1521 4356 Matth.
1553 4321 1566 4353 ι

1813 4304 1859 4336 ⁷³
1890 4303 2037 4359 Psal.
2069 4319 2258 4362 cxvm.
2291 4299 2412 4355 106.

63 4389 204 4462 uores_
218 4403 336 4443 mss.
363 4392 571 4462 ἑτέροις
598 4392 711 4452 καί,
735 4399 866 4456 etc.,
893 4391 1018 4458 ﬂeat
1044 4407 1222 4445 coram
1256 4396 1378 4449 aliis
1407 4407 1456 4450 et
1487 4416 1565 4451 co-

63 4467 143 4503 ram
174 4455 291 4532 Deo;
322 4455 510 4532 sicque
548 4463 746 4530 legitur
776 4455 916 4531 apud
970 4462 1343 4519 Balsamonem
1375 4475 1430 4519 et
1462 4468 1564 4522 Zo-

63 4534 222 4578 naram.
253 4530 350 4584 Sed
379 4530 494 4587 haec
533 4533 734 4586 desunt
765 4530 824 4586 ini
850 4533 1104 4586 omnibus
1131 4533 1252 4589 aliis
1280 4536 1562 4592 codicibus

63 4605 158 4674 mss:
183 4605 231 4649 et
264 4600 312 4652 in
343 4603 580 4656 concilio
614 4602 894 4665 Trullano,
928 4602 1017 4656 uhi
1058 4604 1146 4657 hic
1171 4620 1344 4658 canon
1377 4606 1566 4664 Basilii

63 4670 121 4713 est
147 4670 265 4721 inter
284 4687 516 4728 canones
542 4673 756 4728 concilii
786 4675 1080 4728 vicesimus
1101 4684 1307 4730 sextus.
1333 4675 1564 4732 Praeter.

63 4743 108 4815 βξ
134 4748 362 4815 repugnat
395 4752 454 4797 ut
503 4743 738 4799 Basilius
787 4744 961 4798 eidem
1004 4745 1327 4815 presbytero
1364 4755 1419 4802 et
1472 4749 1568 4803 ho-

66 4812 503 4919 ;ttlzedrie
531 4821 839 4875 conservet.
868 4822 922 4869 et
952 4814 1018 4868 ad
1060 4812 1262 4884 januas
1322 4819 1568 4876 ecclesia:

90 4884 158 4944 ere
187 4885 500 4944 prazscrihat.
1172 4932 1180 4938 .

229 4951 547 5028 Δέδάσκειν.
566 4953 691 5028 _Ita_
715 4953 958 5028 plerique
1002 4969 1143 5028 mss._
1171 4955 1312 5011 Editi
1338 4958 1563 5028 διδάξαι,

70 5011 524 5148 πρῇξὶκέἷροσῆκε.
559 5024 652 5080 Sic
681 5011 885 5096 legitur'
902 5029 958 5079 in
978 5026 1234 5082 omnibus
1259 5011 1566 5088 mss.7I'3wditi

74 5104 294 5154 πρνσηκει.

72 5150 203 5266 ἂ(97))
246 5161 556 5244 Ὀιιὸσειεν.
616 5165 752 5219 Editi
817 5165 1042 5234 ὀμόσει,
1104 5173 1159 5222 et
1221 5169 1382 5237 paulo
1443 5181 1567 5242 post

95 5228 434 5266 Ruﬁnum..-
488 5253 598 5266 ...ορ
677 5237 762 5266 ..ιν
821 5237 930 5266 “nn
969 5237 1320 5266 .i:-......:.....-
1369 5241 1564 5266 ι...ι.--..

95 5234 197 5300 γειν.
226 5228 438 5292 Codices
488 5253 622 5290 mss.
677 5237 763 5290 vix
821 5228 930 5290 ullo
968 5228 1322 5294 dissentiente
1368 5228 1569 5297 habent

72 5298 327 5375 IIl/interm
360 5308 663 5375 posuimus.
815 5353 832 5370 .

242 5360 517 5454 Τρίᾴξτη.
548 5360 684 5431 Tres
726 5360 900 5454 annos
928 5385 1080 5454 extra
1134 5393 1331 5454 preces
1379 5383 1567 5437 decer-

75 5437 453 5542 ggﬁg'ﬁomdc
481 5437 712 5542 quggtus
743 5449 972 5542 addetur
1005 5437 1150 5502 inter
1180 5451 1562 5542 cJonsistentes.

75 5512 368 5612 ἶῖιῖᾚιῗῖἓτῗίι]
394 5512 516 5612 call:
552 5517 643 5582 22’
693 5525 930 5612 ‘1“3‘93'
975 5535 1147 5573 θηηοε
1190 5520 1458 5586 decernit.
1511 5531 1569 5576 ut

78 5580 445 5680 :mltftglzibus.
475 5587 610 5680 Tres
632 5580 817 5671 autem
839 5589 961 5670 illos
981 5597 1132 5680 extr?
1155 5607 1343 5660 preces
1369 5580 1564 5680 ant'i‘os.

80 5644 702 5751 ζξξῑέιξὲξςηιθεέτράιξοί
733 5658 1050 5751 εξίβιῖηιεηι
1356 5644 1566 5751 erga:

101 5720 372 5798 {Touinter
403 5731 714 5785 substratos
751 5729 1058 5784 Aristenus.
1098 5729 1325 5786 Zonaras
1356 5746 1408 5786 et
1446 5733 1567 5786 Bal-

82 5785 266 5846 Stmonis
315 5802 570 5857 sententia
601 5800 727 5857 inde
779 5801 982 5856 firmari
1037 5785 1432 5874 possitpquod
1456 5785 1566 5862 duo

1671 4417 1893 4473 precum
1951 4417 2146 4473 genera
2202 4400 2256 4473 in
2307 4399 2397 4454 his
2455 4395 2644 4473 Basilii
2690 4395 2990 4473 cauon_i_hus
3041 4391 3240 4473 distin-

1671 4461 2101 4543 fgttuntur.vAliaz
2145 4472 2290 4543 enim
2338 4478 2466 4524 sunt
2505 4467 2766 4543 fidelium,
2827 4465 2946 4543 aliae
2992 4461 3238 4516 substra-

1672 4535 1848 4598 iorum
1894 4557 2105 4612 preces.
2160 4540 2315 4612 Nam,
2349 4555 2472 4612 can.
2518 4537 2607 4599 75,
2630 4536 2696 4590 de
2741 4550 2806 4591 eo
2838 4535 2932 4603 qui
2984 4547 3107 4586 cum
3139 4548 3237 4586 sua

1672 4630 1860 4669 sorore
1885 4611 2124 4682 pollutus
2140 4620 2224 4666 est
2249 4611 2513 4670 decernit,
2536 4618 2593 4662 ut
2615 4613 2904 4682 postquam
2930 4612 3042 4682 tres
3063 4616 3237 4682 annos

1672 4685 1812 4738 inter
1841 4670 2029 4738 ﬂétites
2066 4683 2388 4743 traduxerit,
2421 4670 3019 4749 postea'alio'triennio
3055 4670 3236 4749 adso-

1671 4758 1776 4808 lam
1799 4755 2122 4808 auditionem
2152 4743 2490 4812 admittatur,
2527 4764 2588 4800 ac
2633 4745 2922 4812 Scripturis
2963 4743 3236 4796 doctrina-

1668 4841 1766 4944 q’ue
1794 4825 1993 4898 quditt's
2025 4824 2292 4894 ejiciatur,
2329 4839 2420 4875 nec
2456 4816 2934 4898 dignushabeatur
2977 4813 3232 4894 oratione.

1721 4895 1806 4944 ide
1866 4910 2105 4944 canones
2144 4894 2210 4944 56
2247 4902 2300 4944 et
2329 4893 2417 4944 82.
2458 4889 2666 4944 Exncllt
2705 4903 2735 4939 a
2790 4884 3046 4944 nrecrhus
3094 4883 3232 4936 idem

1721 4884 1832 4950 ide~
1866 4882 2105 4950 canones
2144 4894 2210 4948 56
2247 4882 2300 4948 et
2329 4893 2417 4947 82.
2458 4882 2666 4959 Εἱῃοιιί
2705 4903 2735 4939 a
2790 4882 3236 4959 pre_cih_us_idem

1667 4975 1755 5020 est
1781 4967 1834 5019 in
1860 4981 2070 5020 canone
2098 4964 2188 5024 22,
2212 4978 2277 5017 ac
2309 4963 2449 5017 inter
2487 4953 2679 5014 ﬂentes
2707 4953 3012 5010 amandari.
3052 4953 3109 5007 Si
3137 4963 3237 5024 ita-

1671 5052 1793 5090 men
1821 5051 1993 5107 pmna:
2023 5023 2337 5107 raptoribus
2381 5031 2582 5107 eaedem
2636 5029 2990 5107 imponantur
3016 5040 3095 5107 _ac
3125 5023 3236 5077 for-

1671 5094 2030 5169 nicatoribus,
2072 5094 2131 5159 ιῖι
2181 5106 2381 5158 fatetur
2426 5094 2746 5163 Aristonus,
2784 5112 2894 5151 non
2941 5094 3104 5149 video
3136 5109 3236 5148 cur

1670 5188 1908 5247 quatuor
1936 5176 2064 5230 anni
2082 5192 2214 5247 _non
2239 5172 2429 5247 eodem
2467 5171 2627 5225 modo
2665 5169 2719 5222 in
2749 5177 2981 5247 utroque
3009 5172 3236 5247 peccato

1670 5235 2046 5318 disponantur.
2080 5245 2212 5298 Nam
2233 5243 2710 5318 fornicatoresper
2731 5235 3022 5318 triennium
3048 5235 3205 5318 exclu
3220 5265 3236 5274 -

1669 5306 1873 5372 duntur
1906 5317 1959 5371 in
1996 5331 2204 5371 canone
2259 5313 2330 5366 22
2370 5328 2398 5366 a
2443 5306 2696 5382 precibus
2747 5308 3018 5382 fidelium,
3058 5306 3132 5359 ita
3179 5313 3238 5358 ut

1670 5389 1846 5460 primo
1888 5403 2032 5441 anno
2086 5388 2229 5460 inter
2267 5378 2461 5460 [lentes
2502 5383 2634 5443 sint,
2667 5379 2909 5434 secundo
2953 5378 3098 5457 inter
3141 5391 3239 5460 aut

1669 5448 1902 5521 dientes,
1941 5459 2099 5513 tertio
2129 5459 2275 5511 inter
2317 5455 2625 5510 substratos
2646 5493 2660 5518 ,
2688 5457 2885 5520 quarto
2931 5448 3238 5507 consistant

1672 5546 1793 5583 cum
1825 5528 2090 5584 fidelibus.

1740 5598 1852 5668 (95)
1893 5599 2260 5668 I‘tro‘yaror._
2285 5601 2476 5668 mures
2535 5593 2754 5668 codices
2783 5606 2948 5668 _tnss.
3017 5589 3241 5668 γενόμε-

1670 5660 1778 5722 νον.
1811 5660 1966 5735 Quod
1998 5660 2177 5724 autem
2230 5665 2298 5721 de
2340 5665 2504 5719 vidua
2545 5661 2888 5735 statuituhoc
2936 5663 3054 5716 loco
3087 5660 3241 5714 Basi-

1671 5741 1798 5806 lius,
1834 5733 1886 5796 id
1917 5738 2115 5796 clarius
2149 5738 2265 5810 ipse
2299 5735 2552 5806 explanat
2587 5750 2710 5790 can.
2745 5733 2831 5788 55.
