3738 6488
25 303 85 358 m
797 277 1287 337 EPISTOLARUM
1325 233 1611 333 anaser
1646 276 1710 333 ιι.
1750 274 1968 331 εριετ.
2005 274 2184 331 ccm.

3037 273 3138 328 ’με

22 420 119 488 ἡμᾶς
154 408 351 469 ὃιάὸολος
396 402 551 464 ἔστω,
600 395 733 452 ἀλλὰ
787 397 1114 467 κατήγορος·
1168 393 1366 465 μᾶλλον
1415 392 1472 446 δέ

1643 404 1750 460 que
1798 388 2141 444 accusatoris
2185 383 2421 454 accipiat
2454 399 2676 449 nomen,
2724 381 2820 439 sed
2864 382 3032 438 frater
3067 388 3138 439 sit

130 503 174 556 τὸ
195 498 270 554 τοῦ
288 493 574 567 κατηγόρου
605 489 838 558 δεχέσθω
866 487 1058 558 ὄνομα,
1100 486 1215 540 ἀλλ’
1244 483 1468 554 ἀδελφὸς

131 596 174 645 ἐν
191 590 347 659 ἀγάπῃ
375 580 629 637 νουθετῶν
649 619 664 643 ,
702 580 796 633 καὶ
827 580 918 632 ἐπὶ
943 577 1223 650 διορθώσει
1249 577 1467 645 ἐπάγων

20 689 75 741 τὸν
107 685 293 748 ἔλεγχον⁹
345 676 473 745 μήτε
527 673 680 743 ὑμεῖς
737 670 1014 742 λοιδοριῶν
1087 669 1316 740 γένησθε
1354 668 1466 738 (55)

20 773 218 847 ἀκροαταὶ,
273 767 377 822 ἀλλ’
430 765 660 835 ἐλέγχων
711 763 1034 834 δοκιμασταί
1055 779 1068 793 ο
1117 764 1252 833 μήτε
1307 763 1468 832 ἡμεῖς

19 869 262 936 ἀνιατρευτοι
289 856 748 928 καταλειφθῶμεν,
782 855 858 926 μὴ
891 853 1298 926 φανερουμένης
1333 855 1464 924 ἡμῖν

17 964 78 1029 τῆς
91 953 305 1026 ἁμαρτίας
349 948 520 1021 imbv-

49 1052 94 1105 .5.
118 1048 186 1117 Μὴ
202 1044 294 1114 γὰρ
327 1043 528 1104 ἐκεῖνος
548 1040 692 1118 υμᾶς
723 1038 751 1090 ὁ
776 1037 1032 1108 λογισμὸς
1058 1035 1353 1106 κατεχέτω,
1387 1036 1468 1088 ὅτι

19 1145 48 1196 οἱ
66 1142 132 1210 τὴν
148 1135 376 1207 παραλίαν
394 1131 664 1194 οἰκοῦντες
690 1128 794 1194 ἔξω
823 1131 986 1200 ἐσμὲν
1015 1129 1109 1182 τοῦ
1137 1129 1336 1192 πάθους
1363 1127 1470 1181 τῶν

19 1229 267 1293 mmmam
283 1225 424 1279 οὐδὲν
455 1227 554 1295 τῆς
594 1224 721 1294 παρ’
757 1222 955 1293 ἐτέρων
997 1220 1310 1293 ἐπικουρίας
1353 1220 1470 1273 δεό-

23 1323 118 1394 μεθα·
143 1319 253 1372 ὥστε
279 1317 354 1379 τίς
383 1317 509 1386 ἡμῖν
541 1315 698 1386 χρεία
733 1317 830 1384 τῆς
864 1313 999 1385 πρὸς
1030 1313 1247 1384 ἐτέρους
1283 1329 1471 1394 κοινῳ-

22 1389 109 1475 iis;
130 1412 173 1463 '0
191 1408 282 1479 γάρ
302 1407 497 1478 Κύριος
517 1407 617 1469 τάς
647 1406 742 1477 μὲν
765 1406 963 1475 νήσους
987 1404 1084 1474 τῆς
1111 1403 1218 1476 (56)
1243 1389 1471 1472 ἠπείρου

91 1501 304 1568 θαλάσσης
332 1498 592 1568 διέστησε,
619 1498 744 1560 τοὺς
773 1496 828 1548 δὲ
869 1493 1137 1565 νησιώτας
1171 1496 1283 1556 τοῖς
1319 1494 1474 1562 ήπειο

24 1597 147 1666 abut;
160 1592 229 1646 διὰ
241 1592 327 1661 τῆς
344 1589 562 1660 ἀγάπης
582 1587 889 1658 συνέδησεν.
909 1587 1073 1639 Ούδέν
1088 1587 1235 1656 ἡμᾶς
1255 1583 1474 1655 χωρίζει

21 1689 76 1740 ἀπ’
93 1683 298 1753 ἀλλήλων,
327 1680 563 1749 ἀδελφοὶ,
597 1679 690 1732 ἐὰν
716 1677 790 1749 μὴ
819 1681 882 1749 τῇ
913 1676 1223 1748 προαιρέσει
1255 1675 1342 1727 τὸν
1372 1691 1477 1744 χω-

19 1777 143 1846 ρισμὸν
160 1769 465 1841 ύποστῶμεν.
490 1765 587 1832 Εἷς
614 1768 770 1839 ἡμῶν
794 1767 1016 1840 Κύριος,
1044 1766 1140 1838 μία
1164 1765 1362 1831 πίστις,
1390 1764 1476 1816 ἐλ-

17 1870 113 1936 ππή
135 1865 262 1936 αὐτή.
292 1864 410 1917 Εἴτε
434 1862 676 1933 κεφαλὴν
707 1864 932 1925 ἑαυτοὺς
961 1860 1059 1932 τῆς
1095 1859 1322 1914 καθόλου
1359 1859 1478 1911 Ἐκ-

17 1959 165 2026 arcis;
185 1953 459 2023 λογίζεσθε,
487 1955 552 2006 οὐ
589 1951 809 2006 δύναται
848 1955 882 2022 ἡ
921 1949 1131 2022 κεφαλὴ
1164 1950 1335 2002 εἰπεῖν
1367 1951 1477 2011 τοῖς

17 2050 106 2112 mi,
134 2046 301 2118 Χρείαν
327 2045 475 2116 ὑμῶν
513 2046 615 2098 οὐκ
645 2044 772 2115 ἔχω’
799 2044 908 2096 εἴτε
949 2044 1041 2096 καὶ
1073 2043 1131 2094 ὲν
1159 2040 1291 2112 ἄλλῃ
1328 2039 1478 2106 τάξει

19 2141 81 2193 τῶν
100 2137 515 2209 ἐκκλησιαπικῶν
548 2135 724 2208 μελῶν
752 2135 978 2198 ἑαυτοὺς
1007 2133 1266 2198 τάσσετε,
1293 2133 1354 2185 οὐ
1392 2131 1480 2185 δύ-

19 2234 116 2286 ναςθε
137 2233 283 2300 λέγειν
308 2233 416 2295 τοῖς
443 2231 502 2282 ἐν
531 2229 611 2300 τῷ
639 2227 788 2299 αύτῷ
828 2227 1036 2298 σώματι
1071 2224 1480 2296 κατατεταγμέ-

19 2345 81 2388 νοις
98 2327 176 2394 (37)
194 2325 308 2395 ἡμῖν
327 2322 405 2389 τὸ,
425 2322 633 2392 Χρείαν
661 2319 815 2391 ὑμῶν
846 2319 944 2372 ούκ
971 2319 1182 2389 ἔχομεν.
1204 2317 1274 2370 Αἵ
1297 2333 1355 2368 τε
1374 2315 1482 2387 γὰρ

17 2422 132 2488 χεῖρες
173 2414 390 2486 ἀλλήλων
449 2413 692 2474 δέονται,
755 2412 850 2462 καὶ
904 2409 954 2462 οἱ
1007 2408 1166 2471 πόδες
1224 2406 1484 2478 ἀλλήλους

16 2507 261 2580 πηρίζουσι,
313 2506 402 2559 καὶ
451 2506 503 2557 οἱ
551 2502 819 2574 ὀφθαλμοὶ
866 2503 922 2555 ἐν
969 2503 1036 2572 τῇ
1096 2499 1382 2571 συμφωνίᾳ
1424 2498 1486 2551 τὸ

16 2599 162 2668 ivnge;
195 2597 281 2668 τῆς
312 2596 670 2668 καταλήψεως
711 2593 946 2665 ἔχουσιν.
1002 2593 1195 2662 Ἡμεῖς
1237 2591 1334 2661 μὲν
1377 2589 1486 2660 γὰρ

16 2690 278 2761 Ξμολογοῦμεν
316 2688 374 2742 τὸ
418 2687 631 2742 ἑαυτῶν
674 2684 925 2749 ἀσθενές’
981 2684 1074 2737 καλ⁸
1121 2679 1486 2752 ἐπιζητοῦμεν

17 2783 71 2851 rip
94 2783 340 2851 σύμπνοιαν
364 2779 540 2850 ὑμῶν.
572 2778 802 2848 Οἴδαμεν
825 2777 953 2847 γὰρ,
975 2776 1076 2839 ὅτι,
1101 2773 1201 2828 κᾶν
1236 2773 1309 2844 μὴ
1344 2788 1487 2842 παρ⁴⁸

17 2871 73 2942 ᾖτε
98 2872 153 2942 τῷ
182 2872 403 2943 σώματι,
442 2874 511 2942 τῇ
565 2870 651 2924 διὰ
688 2870 796 2924 τῶν
849 2869 1019 2940 εὐχῶν
1071 2866 1292 2938 βοηθείᾳ
1348 2864 1487 2936 μέγα

17 2963 190 3032 ηρέξετε
215 2965 332 3034 ἡμῖν
356 2966 419 3016 ἐν
437 2965 552 3026 τοῖς
573 2961 1018 3031 ἀναγκαιοτάτοις
1047 2959 1256 3028 καιροῖς
1279 2955 1483 3024 ὄφελος.

1574 481 1879 537 admonens
1928 479 1986 534 in
2029 478 2318 539 charitate,
2369 486 2424 530 et
2464 475 2533 529 ad
2578 475 3011 532 emendationem
3046 491 3136 530 ar-

1573 589 1746 646 guens
1770 591 1786 640 ;
1812 586 1987 643 neque
2017 585 2115 626 vos
2152 568 2526 624 conviciorum
2562 567 2842 624 auditores
2872 567 3015 633 sitis,
3043 569 3137 626 sed

1575 672 2021 735 argumentorum
2048 660 2262 731 judices
2302 679 2316 714 :
2350 674 2529 730 neque
2566 674 2669 714 nos
2700 659 2937 712 incurati
2972 659 3140 714 relin-

1572 773 1828 828 quamur,
1862 763 2054 810 nostro
2076 754 2236 808 nobis
2272 766 2382 806 non
2405 753 2644 807 indicato
2673 751 2896 808 delicto.

1650 1039 1706 1094 5.
1739 1036 1859 1092 Non
1889 1037 2034 1092 enim
2061 1051 2161 1092 vos
2195 1037 2283 1090 illa
2310 1035 2568 1108 cogitatio
2594 1035 2836 1091 detineat
2867 1053 2883 1092 :
2913 1034 3023 1093 Nos
3047 1039 3139 1108 qui

1579 1128 1852 1182 maritima
1891 1129 2015 1183 loca
2056 1120 2369 1192 incolimus,
2410 1134 2566 1182 extra
2599 1127 2898 1180 multorum
2939 1129 3140 1182 malum

1578 1235 1801 1301 sumus,
1840 1234 1941 1274 nec
1985 1220 2219 1274 aliorum
2271 1218 2579 1289 indigemus
2633 1218 2840 1271 auxilio
2891 1235 2906 1271 :
2951 1233 3144 1288 quam-

1579 1312 1767 1366 obrem
1803 1309 1937 1381 quid
1981 1311 2142 1364 nobis
2175 1325 2314 1380 Opus
2347 1317 2432 1364 εει
2464 1324 2589 1362 cum
2627 1309 2749 1363 aliis
2788 1309 3145 1364 communio?

1581 1402 1848 1458 Dominus
1893 1402 2037 1456 enim
2087 1402 2299 1456 insulas
2341 1401 2562 1471 quidem
2614 1416 2645 1454 a
2693 1401 3007 1456 continente
3053 1416 3146 1471 per

1582 1509 1731 1549 mare
1759 1494 1950 1549 divisit
1979 1510 1993 1546 :
2040 1494 2342 1548 insularum
2370 1507 2498 1547 vero
2537 1491 2746 1546 incolas
2780 1507 2877 1562 per
2907 1493 3146 1547 charita-

1580 1596 1687 1643 tem
1720 1601 1846 1642 cum
1882 1586 2083 1642 incolis
2122 1584 2455 1640 continentis
2499 1582 2705 1653 junxit.
2749 1582 2896 1637 Nihil
2944 1599 3043 1640 nos
3081 1585 3148 1639 ab

1580 1679 1838 1744 invicem,
1895 1677 2115 1742 fratres,
2171 1684 2418 1747 separat,
2482 1675 2584 1728 nisi
2643 1675 2811 1729 animi
2868 1679 3149 1746 proposito

1506 1747 1553 1807 Β
1581 1771 1970 1828 dissociemur.
1996 1769 2154 1825 Unus
2174 1769 2334 1824 nobis
2359 1775 2443 1823 est
2469 1766 2753 1833 Dominus,
2791 1783 2898 1821 una
2925 1769 3058 1824 fides
3079 1769 3148 1836 ",

1579 1879 1706 1934 spes
1734 1862 1946 1919 eadem.
1984 1861 2111 1916 Sive
2155 1867 2322 1932 caput
2356 1859 2609 1929 vosipsos
2651 1859 2924 1914 universae
2956 1858 3148 1914 Eccle-

1579 1961 1673 2013 siae
1702 1950 2058 2023 existimatis,
2086 1971 2198 2010 non
2237 1960 2420 2024 potest
2457 1963 2620 2022 caput
2644 1952 2828 2008 dicere
2855 1951 3088 2022 pedibus
3133 1971 3144 2005 :

1577 2047 1698 2102 Non
1749 2055 1835 2104 est
1859 2045 1994 2101 mihi
2043 2061 2183 2116 opus
2214 2045 2396 2100 vobis.
2439 2043 2566 2098 Sive
2593 2059 2692 2098 vos
2732 2043 2786 2097 in
2820 2044 2928 2098 alio
2973 2059 3148 2097 mem-

1581 2142 1808 2197 brorum
1862 2139 2366 2196 ecclesiasticorum
2421 2135 2611 2190 ordine
2662 2137 2948 2206 reponitis,
2993 2137 3150 2191 nobis

1580 2235 1637 2288 in
1664 2233 1856 2289 eodem
1889 2247 2122 2303 corpore
2151 2228 2474 2286 constitutis
2506 2243 2616 2281 non
2647 2227 2880 2297 potestis
2921 2227 3104 2283 dicere
3133 2246 3146 2282 :

1583 2325 1766 2380 Vestri
1799 2339 1910 2379 non
1955 2324 2260 2394 indigemus
2286 2322 2353 2377 ⁸².
2381 2319 2518 2374 Nam
2557 2328 2612 2376 et
2658 2335 2853 2375 manus
2879 2320 3049 2375 altera
3074 2322 3152 2374 al—

1584 2418 1759 2472 terius
1803 2423 1945 2488 eget,
1987 2423 2043 2472 et
2092 2430 2188 2486 pes
2223 2414 2361 2469 alter
2407 2413 2641 2467 alterum
2689 2411 2889 2476 firmat,
2922 2420 2977 2467 et
3006 2413 3153 2466 oculi

1587 2525 1687 2582 per
1728 2509 2108 2565 concordiamx
2131 2508 2278 2562 clare
2329 2521 2394 2561 ac
2437 2505 2726 2576 perspicue
2779 2503 2988 2561 vident.
3043 2503 3154 2559 Nos

1585 2601 1732 2656 enim
1765 2608 2013 2655 nostram
2046 2598 2294 2670 ipsorum
2328 2597 2762 2652 imbecillitatem
2804 2596 3152 2662 confitemur,

1587 2707 1653 2746 ac
1696 2690 2162 2760 conSpirationem
2213 2696 2451 2743 vestram
2483 2687 2854 2758 exposcimus.
2892 2684 3154 2741 Novimus

1585 2785 1732 2840 enim
1779 2784 1916 2850 fore,
1938 2791 1998 2836 ut
2029 2781 2245 2838 etiamsi
2271 2795 2500 2850 corpore
2528 2796 2638 2835 non
2671 2779 2886 2842 adsitis,
2918 2794 3151 2849 precum

1589 2876 1842 2933 subsidio
1890 2891 2002 2931 non
2056 2890 2249 2946 parum
2291 2873 2450 2928 nobis
2473 2873 2850 2937 emolumenti,
2896 2873 3155 2942 tempori-

1587 2971 1691 3026 bus
1721 2969 1956 3025 maxime
1991 2965 2345 3032 necessariis,
2383 2964 2644 3020 aﬂeratis.
2678 2963 2789 3018 Vos
2824 2970 3005 3019 autem
3054 2979 3155 3019 nec

21 3055 132 3124 Ὑμὶς
153 3055 198 3108 δὲ
227 3055 318 3108 οὐκ
345 3055 490 3109 ἐστιν
523 3053 648 3107 οὔτε
679 3053 831 3125 παρά
862 3050 1165 3122 ἀνθρώποις
1196 3047 1483 3120 εὐπρεπὲς,

1643 3079 1774 3117 iram
1815 3061 2131 3116 hominibus
2165 3061 2427 3114 decorum
2463 3067 2569 3121 est,
2607 3072 2709 3112 nec
2741 3057 2851 3111 Deo
2892 3057 3157 3126 placitura

17 3145 87 3198 ἐτι
118 3147 175 3218 τῷ
209 3146 314 3218 Θεῷ
358 3148 652 3218 εὐάρεστον
699 3148 818 3208 ταῖς
866 3143 1140 3207 τοιαύταις
1184 3141 1482 3212 κεχρῆσθαι

1647 3152 1862 3209 usmodi
1911 3153 1991 3206 uti
2027 3151 2277 3213 vocibus,
2328 3149 2528 3220 quibus
2583 3164 2652 3203 ne
2697 3155 2886 3219 gentes
2935 3148 3155 3218 quidem

16 3239 166 3304 ξυναῖς,
198 3232 271 3301 αἷς
308 3239 424 3292 ούδέ
459 3238 531 3290 τὰ
573 3236 702 3306 ἔθνη
743 3235 1040 3306 κέχρηνται
1080 3233 1148 3287 τὰ
1190 3231 1264 3303 μὴ
1307 3231 1484 3284 είδὸτα

18 3325 68 3378 liv
100 3326 216 3381 Θεὸν.
253 3328 405 3381 Ἀλλά
446 3328 679 3380 κάκεῖνα
718 3323 1006 3396 ἀκούομεν,
1051 3322 1154 3378 κᾶν
1194 3324 1276 3385 εἰς
1310 3321 1486 3376 πάντα

16 3418 181 3490 αὐτάρκη
200 3419 286 3490 τὴν
315 3419 496 3490 χώραν
527 3418 824 3489 νέμωνται,
850 3417 950 3486 τῆς
976 3414 1106 3484 γοῦν
1133 3413 1241 3467 τῶν
1267 3412 1488 3484 μελλόν-

19 3523 77 3561 tm
103 3510 248 3563 ἕνεκεν
289 3510 509 3582 ἀδηλίας
551 3509 647 3580 τὴν
697 3509 830 3579 πρὸς
870 3507 1132 3579 ἀλλήλους
1175 3503 1488 3576 συμμαχίαν

15 3600 274 3667 ἐπάξεσθαι,
305 3604 396 3656 καὶ
423 3601 524 3673 τὴν
562 3597 842 3671 ἐπιμιξίαν
868 3600 944 3662 ὡς
971 3599 1196 3669 ἔχουσάν
1224 3616 1274 3651 τι
1300 3597 1491 3668 κέρδος

15 3693 289 3761 μεταδιώκειν.
311 3695 501 3766 Ἡμεῖς
531 3694 608 3757 δὲ,
645 3692 868 3747 ἐκείνων
900 3691 1048 3755 ὄντες
1079 3691 1187 3744 τῶν
1221 3689 1489 3762 πατέρων,

17 3782 387 3858 remeam”
415 3786 506 3840 διὰ
542 3784 753 3856 μικρῶν
775 3785 1136 3856 χαρακτήρων
1163 3783 1230 3838 τὰ
1254 3783 1354 3854 τῆς
1382 3799 1495 3836 κοι-

17 3875 139 3938 arvis;
157 3876 249 3948 (38)
274 3876 334 3930 σύ
343 3875 518 3948 μϐολα
541 3875 649 3928 ἀπὸ
675 3874 925 3944 περάτων
945 3874 1042 3945 τῆς
1065 3877 1167 3946 γῆς
1189 3876 1267 3937 εἰς
1286 3874 1494 3945 πέρατα

16 3967 330 4037 περιφέρεσθαι,
353 3968 448 4022 καὶ
479 3966 689 4030 πάντας
723 3967 859 4019 πᾶσι
892 3965 1113 4029 πολίτας
1143 3965 1236 4019 καὶ
1265 3966 1494 4030 οἰκείους

16 4051 120 4126 εἶναι,
140 4059 215 4114 νῦν
243 4061 618 4132 ἀποτέμνομεν
649 4059 873 4122 ἑαυτοὺς
902 4058 1001 4128 τῆς
1027 4057 1377 4129 οἰκουμένης,
1404 4059 1496 4111 καὶ

17 4147 88 4202 δῦτε
108 4151 503 4225 ἐπαισχυνόμεθα
535 4154 601 4221 τῇ
635 4148 896 4222 μονώσει,
929 4148 1052 4203 οὔτε
1084 4149 1285 4220 ζημίαν
1313 4149 1497 4221 φέρειν

17 4237 370 4314 ὼνὸιασπασμὸν
393 4243 496 4314 τῆς
525 4241 779 4312 ὁμονοίας
812 4239 1090 4311 τιθέμεθαο
1127 4239 1249 4293 οὔτε
1277 4239 1498 4312 φρίσσο-

17 4347 91 4398 ita»,
110 4335 172 4387 ὅτι
191 4338 260 4399 είς
284 4339 426 4409 ἡμᾶς
451 4334 643 4406 φθάνει
671 4335 703 4405 ή
728 4333 933 4405 φοϐερὰ
969 4332 1062 4386 τοῦ
1096 4333 1299 4405 Κυρίου
1345 4332 1499 4403 ἡμῶν

1586 3253 1837 3310 utuntur,
1877 3260 1998 3314 quae
2039 3243 2212 3299 Deum
2246 3243 2520 3314 ignorant.
2557 3241 2700 3308 Quin
2744 3248 2798 3296 et
2844 3241 2968 3296 illas
3009 3240 3160 3294 audi-

1586 3354 1732 3402 mus,
1756 3337 1971 3393 etiamsi
2005 3336 2264 3391 omnibus
2289 3334 2661 3390 abundantem
2690 3333 2966 3402 regionem
3000 3331 3158 3385 inco-

1586 3429 1723 3493 lant,
1755 3427 1948 3483 saltem
1980 3426 2050 3482 ob
2087 3426 2356 3480 incertum
2403 3423 2713 3478 futurorum
2745 3429 3022 3483 eventum,
3061 3419 3161 3476 fae-

1588 3518 1694 3574 dus
1731 3519 1874 3573 inter
1921 3533 1981 3572 se
2025 3518 2259 3572 libenter
2306 3517 2466 3580 inire,
2507 3530 2570 3570 ac
2613 3514 3001 3569 commercium
3037 3521 3159 3565 tan-

1589 3626 1754 3683 quam
1785 3610 1952 3664 alicui
1989 3610 2068 3666 rei
2105 3611 2238 3664 utile
2271 3608 2547 3679 persequi.
2579 3605 2690 3660 Nos
2723 3614 2904 3660 autem
2947 3620 3013 3659 ex
3053 3604 3160 3658 illis

1590 3700 1696 3754 orti
1718 3700 1987 3770 patribus,
2014 3699 2109 3770 qui
2137 3700 2307 3770 legem
2335 3699 2599 3760 tulerunt,
2635 3705 2693 3749 ut
2725 3695 2980 3750 brevibus
3015 3696 3161 3749 notis

1591 3793 1996 3848 communionis
2066 3793 2223 3862 signa
2285 3805 2315 3844 a
2373 3789 2621 3845 terminis
2679 3786 2829 3843 orbis
2887 3795 3161 3841 terrarum

1593 3902 1766 3957 usque
1801 3885 1868 3940 ad
1903 3886 2168 3942 terminos
2214 3884 2726 3948 circumferrentur,
2761 3891 2925 3952 atque
2967 3897 3161 3937 omnes

1593 3980 1852 4036 omnibus
1879 3981 2029 4036 cives
2059 3988 2114 4036 et
2149 3977 2441 4050 propinqui
2483 3983 2710 4032 essent:
2747 3989 2896 4030 nunc
2924 3990 3026 4029 nos
3057 3974 3162 4044 ipsi

1595 4071 1975 4127 abscindimus
2031 4071 2100 4126 ab
2152 4069 2285 4125 orbe
2335 4077 2644 4132 terrarum,
2697 4081 2799 4121 nec
2847 4079 2950 4120 nos
2999 4065 3165 4135 pudet

1599 4163 1915 4219 solitudinis
1986 4182 2000 4217 ;
2061 4177 2162 4218 nec
2217 4160 2477 4216 damnum
2542 4159 2687 4214 ferre
2743 4158 3158 4213 distractionem

1597 4255 1905 4311 concordiae
1946 4254 2198 4331 ducimus
2255 4272 2266 4307 :
2311 4267 2488 4322 neque
2530 4252 2839 4314 horremus,
2892 4250 3041 4320 quod
3097 4252 3165 4304 ad

1598 4362 1700 4403 nos
1722 4347 2034 4417 pervenerit
2055 4345 2400 4401 formidanda
2422 4343 2705 4415 prophetia
2724 4342 2938 4397 Domini
2967 4343 3161 4403 nostri,

18 4428 254 4496 tmen,
283 4429 527 4492 εἰπόντος
547 4467 562 4491 ,
597 4426 678 4479 ὃτι
709 4427 811 4479 Διὰ
841 4425 908 4480 τὸ
929 4423 1345 4493 πληθυνθῆναι
1376 4423 1483 4492 τὴν

1643 4437 1682 4491 ιί
1713 4438 1850 4492 dixit
1880 4457 1893 4492 :
1928 4438 2190 4506 Quoniam
2223 4436 2510 4492 abundavit
2549 4438 2820 4507 iniquitas,
2867 4437 3166 4506 refrigescet

17 4513 202 4588 ίημίαν,
230 4522 564 4592 ψυγήσεται
597 4519 636 4586 ἠ
663 4517 861 4588 ἀγάπη
895 4517 1012 4572 τῶν
1037 4516 1301 4575 πολλῶν.

55 4606 89 4660 ι.
112 4610 184 4680 Μὴ
209 4611 390 4680 ταῦτα,
421 4611 642 4680 ἀδελφοὶ
685 4610 1020 4682 τιμιώτατοι,
1075 4612 1150 4683 μὴ
1185 4610 1489 4683 ἀνάσχησθε

19 4697 113 4753 who
135 4705 244 4776 (39),
269 4706 400 4760 ἀλλά
428 4705 524 4758 καὶ
560 4704 652 4757 ἐπὶ
683 4707 797 4767 τοῖς
822 4702 1148 4774 παρελθοῦσι
1185 4704 1494 4775 παρακαλέ-

18 4802 94 4842 me
121 4795 239 4866 ἡμᾶς
280 4799 604 4870 γράμμασιν
648 4799 938 4869 εἰρηνικοῖς
986 4796 1079 4850 καὶ
1127 4796 1492 4868 ἀγαπητικαῖς

11 4892 403 4978 δπφπνςοιυνήσεσιν,
442 4895 606 4947 οἱονεὶ
653 4892 852 4965 πραεῖα
895 4891 1003 4944 τινὶ
1055 4892 1238 4962 ἐπαφῇ
1286 4890 1346 4944 τδ
1393 4890 1493 4960 τῆς

16 4978 168 5074 ξαρδίις
189 4984 329 5054 ἡμῶν
350 4986 529 5050 ἕλκος,
555 4985 584 5038 δ
613 4986 677 5038 ἐκ
703 4985 805 5054 τῆς
834 4981 1207 5054 παρελθούσης
1235 4981 1496 5053 ἀμελείας

17 5074 273 5144 mammeata
313 5080 466 5149 ἡμῖν,
495 5074 996 5150 παραμυθούμενοι.
1039 5074 1150 5128 Καὶ
1197 5075 1304 5127 εἴτε
1343 5075 1496 5128 αὐτοὶ

1593 4529 1826 4582 Charitas
1850 4530 2138 4583 multorum
2154 4529 2219 4583 ⁸³.

1667 4608 1723 4677 4.
1780 4619 1992 4686 Nolite,
2051 4621 2248 4676 fratres
2313 4619 3003 4697 reverendissimi,.nolite
3061 4619 3163 4673 hoc

1601 4711 1764 4775 ferre,
1807 4711 1904 4766 sed
1956 4727 2060 4767 nos
2105 4715 2288 4782 potius
2327 4712 2394 4767 de
2442 4710 2731 4782 praeteritis
2777 4711 3161 4772 consolemini,

1599 4805 1840 4873 paciﬁcis
1897 4805 2090 4860 litteris
2139 4815 2198 4860 et
2251 4806 2441 4862 amicis
2505 4804 2942 4869 salutationibus,
2997 4804 3163 4857 veluti

1598 4895 1760 4966 302
1805 4897 1913 4951 leni
1961 4897 2196 4966 quodam
2231 4905 2509 4961 contactu,
2560 4898 2801 4967 pectoris
2828 4895 3005 4950 nostri
3047 4895 3166 4949 vul-

1601 5002 1726 5051 nus,
1755 4988 1898 5057 quod
1934 4988 2090 5042 nobis
2121 5003 2216 5058 per
2249 4989 2580 5058 praeteritam
2618 4987 2886 5041 incuriam
2931 4985 3162 5050 fecistis,

1601 5075 1989 5132 demulcentes.
2033 5077 2110 5132 Ac
2149 5078 2264 5132 sive
2301 5077 2402 5148 ipsi
2434 5077 2599 5133 vultis
2634 5076 2700 5130 ad
2737 5092 2838 5132 nos
2884 5076 3163 5142 accedere,

58 5224 84 5255 ⁸¹
119 5227 283 5300 Ephes.
322 5249 396 5298 tv,
428 5235 482 5289 5.
557 5233 604 5264 "
643 5231 663 5286 1
707 5230 837 5288 Cor.
879 5246 979 5293 xu,
1012 5228 1201 5284 14-21.
1272 5228 1320 5261 ⁸³
1337 5226 1528 5284 Matth.
1559 5245 1708 5294 xxiv,
1745 5229 1813 5283 12

161 5349 436 5424 [ἐγησθε.
469 5349 621 5424 Harl.
648 5357 701 5404 et
730 5349 868 5424 Med.
900 5347 1137 5424 γίνεσθε.

62 5413 141 5491 (56)
174 5413 415 5490 Τὰς’μὲν
453 5421 687 5491 νήσους
736 5420 863 5486 τῆς.
911 5413 991 5472 ita
1039 5434 1134 5474 sex
1185 5433 1317 5472 mss.
1343 5416 1488 5472 Editi

18 5479 267 5561 τάςλήσουξ
280 5479 373 5561 μίέν
407 5479 527 5546 ἀπο
545 5479 666 5560 τῆς.

1593 5349 1687 5420 qui
1710 5357 1890 5404 tamen
1924 5349 2168 5420 habetiin
2198 5349 2442 5420 margine
2470 5349 2769 5419 ἐπιμιξίας,
2793 5358 2852 5402 ut
2880 5348 3034 5404 editi.

1665 5419 1776 5490 (59)
1814 5421 2013 5475 Τοῦτο.
2063 5419 2214 5474 lianc
2267 5419 2454 5474 vocem
2515 5422 2869 5490 apposuimus
2916 5436 2983 5475 ex
3010 5434 3166 5490 _mss.

1594 5488 1828 5572 septem,
1863 5506 1964 5572 pro
1991 5491 2232 5572 eooquod
2257 5500 2408 5572 ‘erat
2451 5491 2508 5572 in
2552 5491 2713 5572 editis
2762 5489 2960 5572 ruﬁ-ca.
3006 5488 3167 5572 Deest

63 5551 729 5632 (37l_Kaiarszaryé1;blc.
781 5558 873 5632 ΙιξιΔ
905 5573 1046 5632 mss._
1087 5564 1312 5632 septem.
1356 5555 1483 5612 Edit

1643 5551 1837 5616 r'imum
1863 5551 2036 5616 ταῦτα
2058 5551 2121 5632 ἱη’
2146 5561 2359 5632 duobus
2387 5561 2672 5632 codicibus
2706 5577 2814 5614 non
2853 5561 3169 5632 antiquissi-

15 5625 302 5704 ugggpeyotg.
339 5625 540 5688 Ibidem
566 5625 713 5704 Harl.
738 5640 801 5704 et
829 5629 965 5704 neq.
997 5629 1107 5704 οὑξ
1126 5625 1257 5704 ἒξχῳο

63 5695 146 5766 (58)
167 5701 489 5770 Κοινωνίας.
529 5703 604 5758 ita
624 5701 793 5768 Harl.,
834 5700 972 5756 Med.
997 5708 1048 5756 ει
1067 5695 1235 5756 Coisl.
1261 5699 1492 5769 primus,

1603 5632 1727 5701 mis,
1759 5647 1950 5705 nempe
1987 5631 2152 5704 Regio
2186 5631 2362 5701 primo
2389 5641 2443 5688 et
2461 5631 2629 5687 Coisl.
2662 5631 2924 5689 secundo.

1750 5722 1860 5731 ——~—.
