3754 6496
52 380 118 435 τοι

876 372 1367 431 ΕΡιδτοιΑιιωι
1407 373 1698 432 CLASSIS
1735 374 1799 432 ll.
1840 375 2059 433 EPIST.
2100 376 2303 434 CCVII.

3113 378 3217 446 762

50 497 215 557 ἐπὶτοτς
235 493 467 562 πονηροῖς
497 489 756 563 δόγμασιν
800 493 1010 548 ἑαυτῶν
1037 495 1146 567 (91)
1179 495 1398 566 ἔλεγχον
1441 495 1542 564 ὐφ-

1689 496 2152 562 omminiscantur,
2208 494 2516 552 doctrinam
2549 506 2794 552 nostram
2841 506 2900 551 ut
2944 497 3218 567 pernicio-

47 586 278 658 ομύμενοι·;
304 584 366 635 Οί
387 598 448 650 γε
476 581 570 634 ἐπὶ
607 581 860 636 τοσοῦτον
891 584 1046 656 ἡμῶν
1071 585 1540 657 κατηναισχύντη-

47 698 130 737 εον.
152 676 268 730 ὥστε
299 676 388 728 καὶ
431 675 673 747 ὀνείρους
700 677 852 741 τινάς
893 678 978 747 ἐφ’
1016 679 1161 749 ἡμᾶς
1200 679 1537 750 συμπλάσαι,

44 768 342 829 διαϐάλλοντες
372 765 527 835 ἡμῶν
560 765 659 829 τὰς
711 765 1082 833 διδασκαλίας,
1113 768 1188 832 ῶς
1236 767 1501 839 βλαϐεράς
1521 784 1536 799 ⁸

50 864 92 924 .3,
115 862 196 915 κᾶν
220 861 378 939 πάντα
404 859 472 912 τά
507 860 615 912 τῶν
660 859 969 930 φυλλοχόων
1002 862 1187 934 μηνῶν
1217 842 1539 933 φαντάσμα-

44 972 89 1009 τα
128 955 226 1016 ταῖς
272 952 470 1005 ἑαυτῶν
522 952 787 1021 κεφαλαῖς
838 951 1237 1018 ὑποδέξωνται,
1283 953 1540 1024 οὐδεμίαν

1647 604 1764 643 sam
1809 589 2207 644 calumniantes
2246 607 2259 642 :
2293 588 2387 658 qui
2434 588 2647 644 etiamsi
2694 590 2876 644 omnia
2925 590 3214 653 mensium,

1646 679 1845 749 quibus
1878 677 2007 732 folia
2037 679 2275 742 cadunt,
2318 679 2530 733 somnia
2571 687 2624 733 et
2652 679 2767 734 visa
2798 679 3069 749 capitibus
3102 680 3218 735 suis

1646 771 1927 840 colligant,
1958 770 2166 824 nullum
2197 769 2356 824 nobis
2395 770 2654 839 probrum
2685 778 2938 839 poterunt
2977 770 3215 833 inurere,
3250 802 3261 813 -

1646 875 1769 915 cum
1807 860 1990 931 plures
2022 860 2132 917 sint
2174 861 2230 914 in
2280 875 2609 931 unaquaque
2642 859 2916 927 Ecclesia,
2944 863 3037 933 qui
3065 863 3218 918 testi-

1604 952 1607 956 ’
1648 954 1893 1006 monium
1928 952 2058 1007 dent
2088 952 2322 1007 veritati.

45 1052 134 1120 ημῖν
153 1048 465 1118 βλασφημίαν
492 1047 811 1118 δυνήσονται
834 1049 1293 1121 προστρίψασθαι,
1324 1049 1534 1104 πολλῶν
1567 1049 1737 1103 ὄντων
1784 1047 1893 1102 τῶν
1950 1049 2062 1119 (92)
2098 1049 2181 1117 ἐφ’
2210 1049 2448 1121 ἑκάστης
2506 1049 2831 1122 Ἐκκλησίας
2885 1052 3219 1122 μαρτυρούν-

44 1157 117 1193 των
136 1142 190 1210 τῇ
212 1136 443 1209 ἀληθείᾳ.

90 1231 128 1284 3.
152 1230 251 1283 Κᾶν
270 1228 361 1300 τὴν
384 1231 565 1289 αἰτίαν
592 1232 910 1303 ὲρωτηθῶσι
951 1233 1047 1288 τοῦ
1077 1235 1391 1306 ἀκηρύκτου
1422 1235 1543 1291 τού-

45 1338 106 1375 του
144 1319 222 1372 καὶ
254 1319 510 1373 ἀσπόνδου
564 1322 824 1394 πολέμου,
873 1325 1124 1396 ψαλμοὺς
1174 1325 1391 1395 λέγουσι
1450 1328 1544 1381 καὶ

44 1410 187 1480 τρόπον
226 1412 479 1482 μελῳδίας
511 1416 611 1484 τῆς
653 1417 785 1487 παρ’
831 1417 958 1487 ὑμῖν
998 1416 1107 1487 (95)
1139 1418 1543 1490 κεκρατηκυίας

48 1502 263 1574 σδνηθείας
303 1504 774 1576 παρηλλαγμένον,
804 1509 899 1561 καὶ
922 1508 1144 1563 τοιαῦτά
1170 1527 1311 1574 τινα,
1347 1511 1429 1578 ἐφ’
1463 1504 1543 1575 οἷς

46 1597 161 1666 ἐχρῆν
181 1594 359 1658 αὐτοὺς
399 1596 857 1660 ὲγκαλύπτεσθαι.
894 1599 1303 1672 Ἐγκαλούμεθα
1346 1600 1424 1666 δὲ,
1462 1602 1543 1654 δτι

47 1686 108 1739 ni
128 1684 407 1758 ἀνθρώπους
443 1688 645 1760 ἔχομεν
665 1689 765 1760 τῆς
797 1689 1079 1755 εὐσεϐείας
1114 1693 1378 1763 ἀσκητάς,
1405 1694 1540 1745 ἀπο-

43 1775 304 1845 ταξαμένους
334 1777 409 1848 τῷ
442 1778 667 1849 κόσμῳ,
711 1763 805 1835 καὶ
853 1784 1054 1846 πάσαις
1087 1787 1210 1847 ταῖς
1262 1783 1538 1853 βιωτικαῖς

1641 1330 1696 1379 et
1741 1323 2093 1393 inexpiabilis
2129 1321 2284 1387 belli,
2337 1325 2577 1393 psalmos
2605 1323 2827 1387 dicunt,
2877 1333 2931 1380 et
2974 1326 3220 1383 melodiat

1644 1416 1865 1471 modum
1913 1431 1944 1470 a
1994 1414 2428 1479 consuetudine,
2474 1431 2595 1486 quae
2625 1414 2765 1486 apud
2814 1433 2912 1473 vos
2958 1417 3217 1485 invaluit,

1644 1508 1951 1570 diversum,
1980 1514 2034 1560 et
2084 1505 2331 1576 quaedam
2372 1505 2680 1574 ejusmodi,
2722 1522 2953 1577 quorum
2997 1523 3093 1564 eos
3122 1525 3220 1580 par

1643 1608 1762 1652 erat
1807 1597 2031 1666 pudere.
2087 1594 2414 1651 lncusamur
2464 1606 2681 1657 autem.
2731 1597 2875 1669 quod
2924 1601 3086 1654 etiam
3122 1603 3221 1657 ho.

1646 1689 1821 1742 mines
1868 1688 2171 1743 habeamus
2219 1688 2443 1758 pietatis
2494 1688 2767 1752 cultores,
2819 1691 2911 1759 qui
2963 1692 3217 1747 nuntium

1644 1764 1978 1854 remiserunt
2023 1780 2228 1835 mundo
2274 1789 2328 1834 et
2368 1781 2625 1836 omnibus
2655 1783 2840 1836 saeculi
2868 1784 3050 1844 curis.
3081 1800 3220 1854 quas

1709 1230 1765 1285 2.
1799 1228 1952 1297 Quod
2004 1246 2049 1284 SI
2095 1245 2320 1285 causam
2366 1238 2626 1301 rogentur
2675 1230 3032 1302 implacabilis
3072 1232 3219 1290 illius

1741 1323 2093 1393 inexpiabilis
2129 1321 2284 1387 belli,
2337 1325 2577 1393 psalmos
2605 1323 2827 1387 dicunt,
2877 1333 2931 1380 et
2974 1210 3297 1455 melodia‘t}

1709 1416 1864 1455 mlum
1914 1431 1940 1455 ῃ
1994 1414 2394 1455 ρηηαοιρίηιὶίηρ
2474 1431 2595 1455 alia:
2626 1414 2765 1455 simul
2814 1433 2911 1455 unc
2958 1417 3183 1455 inuoluit

44 1868 267 1937 μερίμναις
294 1907 306 1928 ,
350 1867 416 1930 ἀς
467 1869 734 1933 ἀκάνθαις
774 1873 1099 1943 παρεικάζει
1140 1876 1168 1927 ὁ
1200 1852 1431 1944 Κύριος,
1467 1875 1545 1935 εἰς

1689 1872 1822 1941 piuis
1874 1879 2158 1942 comparat
2216 1870 2518 1937 Dominus,
2577 1872 2802 1927 verbum
2854 1874 2921 1928 ad
2980 1852 3216 1927 fructum

42 1960 346 2029 καρποςορίαν
374 1960 548 2013 ἐλθεῖν
573 1961 683 2033 (94)
706 1963 795 2015 τὸν
816 1964 973 2032 λόγον
1008 1964 1082 2037 μὴ
1110 1965 1539 2038 συγχωρούσαις.

42 2051 85 2102 Οί
105 2049 295 2103 τοιοῦτοι
324 2052 420 2123 τὴν
449 2055 751 2125 νεκρότητα
781 2055 875 2108 τοῦ
919 2056 1095 2128 Ἰησοῦ
1122 2060 1180 2110 ἐν
1219 2057 1297 2128 τῷ
1330 2056 1541 2127 σώματι

44 2142 357 2213 περιφέρουσι·
412 2145 511 2198 κα)⁵
563 2147 796 2217 ἄραντες
849 2147 939 2200 τὸν
992 2149 1203 2202 ἑαυτῶν
1267 2149 1538 2219 σταυρὸν,

41 2231 204 2284 ἕπονται
238 2232 311 2303 τῷ
355 2233 492 2305 Θεῷ.
531 2236 673 2304 Ἐγὼ
725 2237 781 2290 δὲ
830 2239 1031 2302 παντὸς
1080 2238 1144 2292 ἂν
1200 2239 1543 2310 τιμησαίμην

42 2322 104 2374 τοῦ
134 2324 337 2394 ἐμαυτοῦ
366 2323 506 2394 βίου,
557 2328 668 2398 ἐμὰ
704 2324 842 2381 εἶναι
875 2328 943 2382 τὰ
985 2320 1298 2400 ἀδικήματα
1344 2329 1539 2394 ταῦτα,

42 2412 105 2463 καὶ
125 2412 242 2482 ἔχειν
278 2415 473 2488 ἄνδρας
503 2418 636 2488 παρ’
664 2418 906 2489 ἐμαυτῷ,
952 2420 1041 2471 ὐπ’
1066 2421 1189 2490 ἐμοὶ
1216 2419 1539 2491 διδασκάλῳ,

41 2503 106 2571 τὴν
146 2506 349 2574 ἄςκησιν
391 2508 597 2581 ταύτην
632 2507 1052 2579 προελομένους.
1101 2507 1213 2562 Νῦν
1250 2509 1305 2562 δὲ
1339 2510 1397 2562 ὲν
1444 2510 1541 2562 Ai-

40 2594 176 2664 γᾶπτῳ
204 2597 292 2665 μὲν
333 2598 519 2653 ἀκούω
562 2595 1005 2670 τοιαύτηνέῐναι
1047 2600 1257 2672 ἀνδρῶν
1302 2601 1538 2674 ἀρετήν’

41 2685 103 2735 καὶ
129 2688 242 2756 τάχα
274 2691 411 2753 τινὲς
442 2695 544 2743 καὶ
576 2692 669 2744 ἐπὶ
715 2696 813 2763 τῆς
862 2691 1220 2762 Παλαιστίνης
1264 2691 1361 2763 τὴν
1403 2691 1542 2745 κατά

39 2775 80 2826 τὸ
111 2777 400 2846 Εὐαγγέλιον
458 2781 736 2835 πολιτείαν
786 2781 1164 2849 κατορθοῦσιν.
1226 2782 1433 2837 ’Λκούω
1483 2782 1541 2836 δέ

40 2881 145 2929 τινας
169 2868 249 2920 καὶ
272 2870 360 2923 ἐπὶ
394 2873 497 2943 τῆς
531 2872 720 2941 Μέσης
741 2871 851 2924 τῶν
889 2872 1151 2942 ποταμῶν
1180 2871 1416 2935 τελείους
1448 2871 1541 2925 καὶ

42 2956 276 3026 μακαρίους
307 2958 531 3029 ἄνδρας.
566 2960 757 3030 Ἡμεῖς
803 2959 859 3013 δὲ
891 2961 1077 3024 παῖδές
1110 2963 1275 3033 ἐσμεν
1315 2961 1450 3033 πρός
1476 2978 1539 3029 γε

40 3041 106 3112 τήν
141 3046 231 3099 τῶν
273 3049 489 3103 τελείων
548 3049 855 3121 σύγκρισιν.
905 3050 969 3103 Εἱ
1026 3050 1080 3103 δὲ
1141 3052 1234 3104 καὶ
1282 3054 1541 3119 γυναῖκες

41 3136 332 3203 τιαγγελικῶς
357 3140 456 3213 ζῇν
485 3141 874 3213 προελόμεναι,
907 3142 1200 3214 παρθενίαν
1229 3144 1327 3214 μὲν
1360 3143 1540 3215 γάμου

42 3229 331 3299 προτιμῶσαι,
362 3211 810 3302 abnuimus“.
839 3232 949 3304 (95)
978 3211 1036 3287 δὲ
1075 3235 1136 3287 τὸ
1168 3211 1418 3306 φρόνημα
1440 3211 1541 3304 τῆς
1565 3211 1610 3272 C

44 3321 214 3388 σαρκὸς,
257 3324 346 3376 καὶ
393 3326 450 3377 ὲν
488 3324 678 3378 πένθει
727 3324 900 3389 ζῶσαι
945 3324 1023 3396 τῷ
1080 3324 1539 3396 μακαριζομένῳ,

41 3415 245 3485 μακάριαι
274 3420 364 3489 τῆς
399 3419 813 3493 προαιρέσεως,
852 3420 985 3472 ὅπου
1028 3418 1092 3473 ἂν
1126 3412 1226 3472 ὦσι
1274 3418 1371 3490 τῆς
1416 3420 1540 3489 γῆς.

41 3504 151 3576 Παρὰ
173 3508 219 3562 δὲ
244 3513 367 3582 ἡμῖν
389 3512 509 3583 (96)
571 3511 744 3583 μικρά
777 3510 971 3576 ταῦτα,
1021 3512 1419 3582 στοιχουμένων
1457 3511 1537 3564 ἔτι

40 3588 483 3674 καὶέἰσαγομένων
528 3604 664 3672 πρὸς
713 3603 812 3674 τὴν
855 3603 1157 3658 εὐσέϐειαν.
1205 3606 1267 3657 Εἰ
1316 3604 1372 3658 δέ
1414 3619 1537 3658 τινα

41 3689 250 3762 ἀκοσμίαν
286 3698 360 3766 τῷ
404 3697 507 3768 βίῳ
534 3696 642 3750 τῶν
667 3696 943 3765 γυναικῶν
985 3697 1372 3768 ἐπιφέρουσιν,
1404 3698 1540 3750 ἀπο-

40 3780 252 3849 λογείσθαὶ
297 3790 394 3859 μὲν
429 3789 575 3860 ὐπὲρ
605 3787 785 3842 αὐτῶν
823 3788 885 3842 οὐ
935 3788 1301 3859 καταδέχομαι
1320 3805 1334 3819 ⁸
1367 3790 1543 3842 ὲκεῖνο

40 3873 195 3946 iiiiva
217 3879 671 3953 διαμαρτύρομαι,
701 3880 785 3932 ὅτι
818 3878 854 3933 ἃ.
898 3878 1059 3951 μέχρι
1104 3879 1198 3932 νῦν
1237 3881 1265 3932 ό
1298 3879 1542 3942 Σατανᾶς

40 3960 219 4041 ὁπαέὴρ
254 3971 341 4024 τοῦ
386 3971 619 4042 ψεύδους
649 3971 823 4025 εἰπεῖν
869 3972 931 4025 οὐ
976 3969 1324 4035 κατεδέξατο.
1368 3971 1542 4026 ταῦτα

42 4058 78 4107 αἱ
120 4060 279 4127 ἄφοϐοι
331 4064 592 4135 καρδίαι,
653 4064 748 4117 καὶ
801 4062 870 4116 τὰ
935 4062 1243 4133 ἀχαλίνωτα
1299 4063 1542 4135 στόματα

41 4146 207 4222 ἀεὶβῖ)
236 4153 528 4224 φθέγγεται
574 4155 765 4218 ἀδεῶς,
807 4154 1101 4207 Γινώσκειν
1142 4154 1199 4208 δὲ
1242 4156 1386 4226 ὑμᾶς
1417 4154 1540 4225 βού-

40 4234 172 4309 ὶαμαι,
197 4244 271 4297 δτι
299 4247 459 4317 ἡμεῖς
489 4246 763 4316 εὐχόμεθα
795 4246 889 4300 καὶ
916 4245 1127 4317 ἀνδρῶν
1153 4246 1540 4315 καὶγυναικῶν

42 4332 323 4402 συντάγματα
357 4336 470 4407 (98)
507 4335 685 4407 ἔχειν’
727 4328 802 4390 ὧν
831 4336 894 4390 τὸ
945 4336 1250 4407 πολίτευμά
1295 4339 1439 4391 ἐστιν
1480 4339 1540 4392 ὲν

39 4420 241 4491 ὠρανοῖς,
283 4428 388 4482 τῶν
417 4428 520 4500 τὴν
580 4429 760 4501 σάρκα
812 4429 1240 4501 σταυρωσάντων
1287 4431 1383 4483 σὺν
1428 4432 1539 4492 τοῖς

42 4511 262 4584 παθήμασι
307 4522 399 4574 καὶ
448 4524 573 4584 ταῖς
622 4520 971 4592 ἐπιθυμίαις’
1020 4521 1069 4574 οἳ
1123 4522 1183 4574 οὐ
1235 4520 1539 4592 μεριμνῶσι

40 4606 129 4673 τερ).
155 4607 435 4681 βρωμάτων
466 4615 562 4667 καὶ
597 4613 908 4683 ἐνδυμάτων
931 4628 944 4643 ⁸
983 4613 1098 4668 ἀλλ’
1135 4612 1538 4684 ἀπερίσπαστοι

40 4692 146 4762 5m;
173 4705 256 4757 καὶ
279 4705 602 4779 εὐπάρεδροι
626 4704 707 4776 τῷ
735 4707 947 4778 Κυρίῳ,
979 4706 1175 4769 νυκτὸς
1203 4705 1299 4758 καὶ
1325 4706 1540 4777 ἡμέρας

43 4795 335 4862 πρθσμένουσι
359 4794 482 4862 ταῖς
505 4798 772 4869 δεήσεσιν.
798 4792 898 4852 Ὧν
925 4797 985 4851 τὸ
1014 4798 1188 4868 στόμα
1210 4798 1270 4851 οὐ
1293 4797 1445 4851 λαλεῖ
1469 4794 1540 4849 τά

41 4879 136 4948 ἔργα
160 4885 250 4941 τῶν
273 4889 599 4961 ἀνθρώπων
630 4888 767 4944 ἀλλά
786 4889 1079 4959 ψάλλουσιν
1102 4889 1303 4961 ’ὐμνους
1331 4888 1539 4959 (99)τῷ

40 4971 124 5043 θεῷ
151 4980 286 5048 ἡμῶν
314 4981 596 5054 διηνεκῶς,
624 4982 983 5056 ἐργαζόμενοι
1013 4985 1137 5045 ταῖς
1169 4982 1379 5035 ἑαυτῶν
1409 4998 1539 5053 χερ-

43 5063 117 5125 σὶν,
142 5067 213 5121 ἵνα
236 5070 392 5142 ἔχωσι
424 5073 761 5144 μεταδιδόναι
784 5076 899 5137 τοῖς
924 5072 1112 5145 χρείαν
1142 5072 1342 5143 ἔχουσι.

64 5180 181 5254 ⁸(91)
215 5185 499 5254 Δότμασιν
526 5184 773 5240 ἑαυτῶν.
824 5185 915 5241 Sic
944 5198 1054 5243 tres
1086 5185 1248 5239 iidem
1279 5188 1539 5254 vetustis-

45 5253 129 5327 Stﬂti
175 5253 389 5311 codices.
458 5256 601 5309 Editi
662 5255 868 5310 ἑαυτῶν
929 5256 1275 5327 διδάγμασιν.
1332 5253 1535 5312 Ibidem

44 5326 223 5388 (immitte
272 5327 481 5382 codices
537 5343 647 5380 ιιιιιι
704 5327 777 5379 ita
831 5328 1030 5382 vetusti
1071 5326 1162 5380 τὸν
1196 5327 1256 5378 ὲν
1293 5328 1424 5389 τοῖς.

92 5389 421 5460 (91)’οντων
469 5395 604 5461 τῶν,
664 5404 771 5450 etc.
832 5396 991 5452 Deest
1037 5398 1126 5451 hic
1172 5396 1437 5450 articulus
1481 5397 1535 5453 in

44 5468 222 5536 quantum
244 5482 369 5536 mss.
396 5485 502 5523 non
539 5469 959 5536 antiquissimis.

94 5527 178 5607 (ἓῦ)
199 5535 308 5607 Τῆς
336 5540 466 5606 παρ’
507 5527 981 5607 ὑμῖν.’ῐὀειειὶοι·
1005 5536 1173 5591 editio
1205 5535 1536 5593 Parisiensis

43 5595 229 5658 δίκαι
258 5595 359 5660 auo
396 5595 701 5663 c'odiéesac
747 5608 913 5662 Cois].
961 5608 1237 5662 secundus
1285 5616 1341 5661 et
1378 5607 1529 5662 Harl.

45 5674 228 5748 secunda
246 5691 398 5731 manu
427 5680 523 5748 τῆς
549 5680 676 5748 παρ’
707 5680 857 5748 ἡμῖν·

218 5744 448 5801 Ἐλθεῐν.
482 5737 565 5802 ita
593 5737 799 5817 septeni
837 5763 969 5803 mss.
994 5746 1132 5802 Editi
1167 5749 1427 5803 ἀνελθεῖν.

96 5807 185 5865 693)
215 5807 704 5885 Δουλανωπιόῦσαί.
756 5807 885 5890 Reg.
944 5820 1218 5876 secundus
1276 5820 1533 5887 δουλαγω-

1645 1963 1927 2019 ferendum
2001 1963 2288 2034 pervenire
2354 1978 2462 2017 non
2535 1963 2867 2018 sinentibus.
2935 1963 3218 2033 Ejusmodi

1644 2054 1893 2109 homines
1929 2051 2405 2107 inortiticatinnem
2449 2049 2578 2106 Jesu
2630 2053 2946 2122 incorpore
2982 2055 3218 2108 circum-

1644 2144 1857 2205 ferunt.
1899 2152 1953 2198 et
1980 2158 2201 2197 crucem
2234 2157 2389 2197 suam
2434 2150 2736 2212 portantes,
2772 2141 2941 2198 Deum
2976 2160 3218 2214 sequun-

1644 2241 1754 2289 tur.
1809 2231 1921 2303 Ego
1966 2246 2094 2287 vero
2146 2240 2261 2286 tota
2310 2247 2431 2286 mea
2486 2232 2596 2286 vita
2646 2247 2942 2299 mercarer,
2990 2243 3048 2288 ut
3098 2250 3216 2289 mea

1642 2332 1827 2380 essent
1868 2324 1982 2377 hac
2029 2323 2265 2389 delicta,
2314 2323 2683 2393 hab‘eremque
2733 2323 2876 2394 apud
2906 2340 2994 2380 me
3037 2327 3214 2392 viros,

1644 2432 1727 2469 me
1755 2415 2015 2481 doctore,
2035 2415 2179 2470 hanc
2223 2417 2441 2486 pietatis
2470 2416 2921 2471 exercitationem
2958 2412 3217 2488 profiten-

1643 2518 1746 2564 tes.
1782 2507 1937 2562 Nunc
1984 2518 2163 2563 autem
2212 2508 2297 2589 in.
2330 2506 2566 2580 Egypto
2611 2509 2830 2578 quidem
2861 2510 3025 2564 audio
3054 2510 3214 2565 talem

1641 2616 1764 2655 esse
1787 2603 2027 2656 virorum
2061 2601 2317 2655 virtutem
2363 2619 2376 2655 :
2421 2616 2484 2655 ac
2516 2601 2753 2657 fortasse
2788 2603 3040 2657 nonnulli
3074 2610 3129 2658 et
3158 2602 3215 2656 in

1641 2693 1929 2748 Palaestina
1961 2691 2330 2763 evangelicam
2354 2693 2519 2747 vitam
2553 2695 2813 2749 excolunt
2847 2709 2860 2745 :
2894 2693 3058 2748 audio
3093 2709 3215 2748 rur-

1642 2801 1736 2840 sus
1769 2785 1983 2855 aliquos
2012 2793 2067 2840 et
2110 2785 2166 2838 in
2198 2782 2586 2855 Mesopotamia
2623 2784 2897 2855 perfectos
2933 2798 2996 2841 ac
3028 2786 3215 2840 beatos

1642 2876 1812 2930 viros.
1839 2875 1949 2932 Nos
1980 2884 2161 2932 autem
2206 2876 2360 2945 pueri
2396 2890 2609 2938 sumus,
2651 2875 2920 2945 siquidem
2948 2891 3072 2928 cum
3098 2890 3216 2946 per-

1643 2968 1799 3023 fectis
1832 2982 2232 3037 comparemur.
2277 2965 2431 3032 Quod
2467 2966 2513 3020 si
2557 2975 2611 3021 et
2651 2967 2907 3021 mulieres
2934 2966 3213 3036 evangeli-

1641 3075 1765 3113 cum
1800 3058 2016 3114 v’ivendi
2040 3074 2214 3129 genus
2242 3058 2590 3127 profitentur,
2622 3058 2989 3128 virginitatem
3017 3057 3211 3127 praefe-

1643 3157 1824 3203 rentes
1872 3150 2116 3220 nuptiis,
2163 3150 2520 3219 petulantiam
2570 3149 2754 3202 carnis
2803 3149 3108 3219 redigetttes
3158 3147 3213 3201 in

1643 3242 1957 3296 servitutem
2024 3248 2077 3295 et
2133 3241 2185 3295 in
2236 3240 2384 3295 luctu
2436 3241 2531 3295 illo
2575 3238 2832 3309 degentes
2884 3239 2976 3308 qui
3024 3239 3215 3292 beatus

1641 3318 1999 3403 praedicatur,
2033 3332 2204 3387 beatas
2240 3338 2368 3386 sunt
2404 3332 2473 3386 ob
2510 3318 2848 3401 propositum
2878 3343 3062 3390 suum.
3096 3327 3216 3381 ubi-

1642 3440 1860 3492 cunque
1917 3424 2118 3479 fuerint
2174 3434 2465 3478 terrarum.
2514 3422 2671 3493 Apud
2718 3436 2819 3476 nos
2870 3430 3048 3474 autem
3101 3419 3213 3473 haec

1643 3531 1808 3588 parva
1851 3523 1906 3571 et
1933 3517 2092 3571 exilia
2123 3523 2274 3579 sunt,
2320 3530 2383 3568 ac
2420 3514 2699 3567 hominum
2737 3512 2914 3564 adhuc
2943 3511 3213 3565 elementa

1641 3606 1994 3672 discentium,
2016 3608 2219 3678 quique
2242 3606 2666 3661 introducnntur
2690 3604 2756 3658 ad
2796 3605 3066 3673 pietatem.
3091 3599 3211 3655 Jam

1642 3700 1843 3769 siquid
1890 3698 2177 3754 dedecoris
2203 3700 2328 3752 vitae
2358 3697 2647 3751 mulierum
2697 3695 2960 3759 inferunt,
2989 3707 3086 3748 eas
3116 3690 3212 3746 de-

1644 3788 1868 3845 fendere
1890 3804 2000 3844 non
2030 3789 2187 3844 liliet.
2218 3786 2356 3843 Illud
2389 3795 2568 3842 tamen
2597 3786 2753 3841 vobis
2780 3784 3063 3842 testificor.
3087 3797 3210 3853 quae

1643 3881 1908 3936 hactenus
1937 3889 2091 3951 pater
2122 3880 2392 3935 mendacii
2417 3877 2652 3933 Satanas
2688 3878 2874 3931 dicere
2904 3890 3011 3929 non
3039 3890 3210 3930 ausus

1641 3984 1755 4040 est,
1804 3990 1868 4030 ea
1916 3990 2131 4044 semper
2180 3989 2208 4027 a
2264 3973 2525 4027 cordibus
2574 3978 2752 4024 metus
2796 3967 3111 4039 expertibus
3156 3975 3210 4021 et

1641 4066 1921 4123 effrenatis
1949 4066 2150 4137 linguis
2184 4066 2445 4119 audacter
2483 4063 2685 4118 efferri.
2716 4059 2876 4116 Scire
2911 4067 3090 4114 autem
3112 4074 3210 4114 vos

1640 4159 1785 4222 volo,
1820 4174 1920 4213 nos
1953 4158 2099 4211 laudi
2126 4156 2350 4218 ducere,
2387 4155 2532 4224 quod
2564 4154 2806 4207 virorum
2834 4160 2888 4206 et
2921 4150 3206 4205 mulierum

1640 4262 1820 4306 canus
1842 4250 2164 4315 habeamus,
2195 4263 2427 4318 quorum
2459 4245 2801 4301 conversatio
2827 4245 2880 4298 in
2905 4242 3061 4298 cmlis
3091 4251 3206 4298 est:

1640 4344 1733 4414 qui
1766 4358 1922 4399 suam
1970 4356 2192 4396 carnem
2226 4356 2331 4394 una
2361 4355 2486 4393 cum
2532 4337 2917 4393 affectionibus
2958 4351 3023 4389 ac
3056 4335 3212 4404 cupi-

1640 4431 1905 4491 ditatibus
1942 4433 2336 4490 crucifixerunt
2363 4449 2377 4486 :
2408 4431 2566 4502 311
2596 4431 2688 4501 qui
2718 4445 2817 4484 nec.
2845 4428 2911 4484 de
2938 4428 3077 4483 cibis
3109 4442 3210 4480 nec

1568 4552 1616 4613 ι)
1641 4529 1708 4584 de
1741 4526 2079 4582 indumentis
2113 4536 2244 4580 sunt
2280 4524 2524 4586 solliciti,
2561 4521 2654 4577 sed
2683 4521 2907 4613 minime
2935 4517 3206 4579 distracti,

1642 4626 1696 4676 et
1724 4619 1959 4674 Domino
1991 4619 2338 4674 continenter
2367 4622 2635 4676 astantes,
2664 4618 2828 4689 noctu
2858 4609 3058 4678 diuque
3085 4621 3209 4677 per-

1642 4718 1895 4766 severam
1937 4710 1993 4763 in
2032 4709 2396 4764 orationibus.
2433 4704 2678 4771 Quorum
2711 4717 2775 4757 os
2818 4715 2927 4755 non
2968 4698 3210 4768 loquitur

1640 4818 1805 4873 Opera
1853 4802 2175 4867 hominum;
2226 4799 2318 4855 sed
2366 4798 2598 4869 hymnos
2633 4794 2742 4849 Deo
2787 4799 2977 4848 nostro
3024 4790 3210 4845 conci-

1642 4904 1776 4949 nunt
1820 4894 2185 4956 continenter,
2220 4900 2510 4961 Operantes
2538 4886 2790 4942 manibus
2833 4885 2968 4948 suis,
3013 4894 3073 4938 ut
3114 4883 3216 4937 hac

1640 4988 1804 5043 beant
1834 4987 1979 5043 unde
2011 4986 2329 5057 impertiant
2358 4981 2749 5054 indigentibus.

1637 5203 1813 5257 γουσι,
1837 5193 1891 5239 et
1920 5183 2084 5257 paulo
2111 5190 2258 5257 post_
2286 5179 2439 5257 ζῶσι.
2471 5177 2585 5257 Δ8οά
2627 5177 2826 5232 frustra
2855 5172 3209 5257 librariorum

1638 5248 1838 5327 aliquis
1857 5248 2152 5327 emendare
2176 5252 2348 5327 voluit
2376 5252 2832 5327 scripturamlnon
2858 5248 3129 5327 vitiosam;

1710 5314 1822 5398 (96)
1884 5328 2050 5398 Παρὰ
2092 5322 2406 5398 διὲῌοιὶιεῖν.Δ
2436 5314 2855 5398 Eruenda-vimus
2912 5331 3014 5385 ope
3069 5314 3205 5398 flar-

1636 5384 1816 5453 laeani'
1839 5384 2045 5452 codicis
2070 5403 2126 5450 et
2169 5384 2409 5447 Méllicaei
2444 5390 2587 5457 quod
2620 5384 3117 5457 ininusﬂconnnode
3150 5386 3204 5439 in

1636 5470 1759 5523 aliis
1780 5477 1834 5524 et
1864 5469 1917 5521 in
1948 5466 2109 5520 editis
2146 5462 2425 5534 legebatur
2452 5456 2610 5534 Παρά
2632 5458 2689 5534 δὲ
2720 5456 2894 5534 ἡμῶν.

1706 5539 1819 5609 (97)
1844 5538 1998 5609 _’Asl.
2020 5534 2179 5590 Deest
2201 5529 2274 5609 'ea
2305 5549 2410 5588 vox
2447 5534 2501 5587 in
2538 5529 2821 5595 Vaticano,
2848 5529 2980 5599 Reg.
3009 5540 3206 5583 secun-

1635 5604 1787 5664 do'et
1830 5607 1999 5662 Coisl.
2039 5604 2301 5659 secundo.

1703 5678 1815 5748 (98)
1853 5675 2260 5744 Συντάγματα.
2329 5672 2407 5729 lta
2448 5688 2582 5727 mss.
2629 5682 2773 5727 octo.
2828 5667 2971 5724 Editi
3011 5669 3209 5736 συστή-

1638 5767 1817 5890 μαῶῗί)
1853 5819 2138 5888 Ὕμνους.
2162 5818 2238 5874 Ita
2267 5826 2478 5873 veteres
2514 5814 2639 5870 libri
2662 5827 2876 5871 suian
2908 5824 3209 5867 consensu.

3245 4684 3585 4856 /,
