3868 6484
115 424 195 479 759
977 378 1462 503 EPISTQLARU-tt
1500 372 1789 468 crassas
1828 410 1893 467 ιι.
1938 372 2156 470 Erls'r.
2196 414 2354 472 cex.

3214 423 3319 479 770

113 564 178 601 ωι
197 562 208 575 ·
237 540 326 595 οὐκ
363 503 551 610 ᾡῆθην
577 536 687 589 δεῖν
717 533 982 606 περιιδεῖν
1020 534 1165 604 ὑμᾶς
1190 498 1391 605 γνώμῃ
1424 533 1640 603 πονηρᾷ

1749 548 1838 589 vos
1885 534 2038 605 parvi
2071 535 2363 619 penderem
2406 535 2549 591 malo
2588 537 2773 593 animo
2816 538 3144 608 sordidaque
3186 554 3320 595 voce

112 638 181 692 καὶ
202 634 335 705 φωνῇ
369 628 596 703 ῥυπώσῃ
624 625 1042 696 διδασκομένους
1066 665 1081 689 ,
1113 624 1226 676 ἀλλ’
1262 626 1425 686 αὑτὸς
1468 626 1640 676 εἰπεῖν

109 729 160 782 τὰ
181 721 393 795 ἐμαυτοῦ
424 722 573 783 ὅπως
602 718 735 788 ἔχει.
788 714 931 784 Ἐγὼ
972 714 1066 768 καὶ
1113 714 1199 767 διά
1225 713 1326 786 τὴν
1359 716 1424 767 ἐκ
1454 714 1641 778 παιδός

112 837 179 891 μοι
220 813 342 886 πρὸς
392 811 453 864 τὸ
499 808 697 881 χωρίον
727 806 886 859 τοῦτο
916 804 1207 874 συνήθειαν
1243 803 1500 873 (ἐνταῦθα
1532 802 1641 875 γάρ

109 910 308 981 ἐτράφην
336 904 483 976 παρὰ
512 905 578 974 τῇ
609 900 849 973 ἐμαυτοῦ
878 898 1032 969 τίτθῃ
1065 896 1179 968 [18]
1206 897 1223 965 )
1250 939 1263 962 ,
1310 900 1405 952 καὶ
1433 899 1520 953 διὰ
1542 900 1640 970 τὴν

110 1002 219 1075 μεςά
264 997 427 1052 ταῦτα
470 996 563 1049 ἐπὶ
615 985 864 1048 πλεῖστον
910 993 1226 1066 διατριϐὴν,
1279 992 1366 1046 ὅτε
1424 990 1641 1061 φεύγων

108 1095 205 1156 τοὺς
241 1088 539 1150 πολιτικοὺς
583 1084 843 1158 θορύϐους
868 1125 883 1149 ,
917 1083 1221 1155 ἐπιτήδειον
1276 1083 1643 1155 ἐμφιλοσοφῆ-

109 1203 180 1239 σαι
201 1182 276 1235 διὰ
301 1180 397 1253 τὴν
435 1183 502 1234 ἐκ
525 1180 626 1250 τῆς
655 1178 890 1251 ἐρημίας
916 1178 1149 1249 ἡσυχίαν
1172 1177 1234 1229 τὸ
1263 1176 1461 1247 χωρίον
1483 1174 1641 1229 τοῦτο

105 1261 398 1345 καταμαθὼν
423 1313 439 1336 ,
477 1271 686 1326 πολλῶν
740 1269 878 1323 ἐτῶν
931 1268 1130 1338 ἐφεξῆς
1172 1266 1478 1339 ἐνδιέτριψα
1516 1265 1642 1338 χρόα

107 1385 201 1420 νον.
228 1365 315 1419 καὶ
357 1363 443 1417 διὰ
470 1364 567 1434 τὴν
600 1362 696 1416 νῦν
728 1361 834 1415 τῶν
879 1361 1124 1431 ἀδελφῶν
1157 1360 1463 1429 ἐνοίκησιν,
1505 1358 1640 1428 βρα-

106 1458 225 1529 χείας
252 1455 522 1525 ἀναπνοῆς
566 1455 631 1507 ἐκ
663 1453 771 1506 τῶν
815 1451 1158 1523 κατεχουσῶν
1190 1452 1341 1522 ἡμᾶς
1375 1447 1641 1520 ἀσχολιῶν

106 1546 334 1618 ἐπιτυχὼν
353 1587 367 1609 ,
403 1547 635 1618 ἄσμενος
671 1542 833 1616 ἦλθον
861 1546 954 1599 ἐπὶ
990 1545 1086 1617 τὴν
1114 1543 1371 1615 ἐσχατιὰν
1399 1541 1603 1612 ταύτην
1623 1556 1637 1570 °

106 1644 181 1712 οὑχ
216 1641 282 1702 ὡς
327 1639 532 1710 ἑτέροις
581 1637 828 1691 ἐντεῦθεν
861 1637 1164 1711 πράγματα
1206 1635 1491 1707 παρέξων,
1524 1634 1641 1687 ἀλλ’

105 1734 164 1797 ὡς
188 1731 333 1795 αὑτὸς
366 1731 467 1802 τὴν
508 1727 743 1801 ἐμαυτοῦ
779 1728 1132 1801 θεραπεύσων
1172 1728 1281 1799 (l9)
1322 1725 1637 1796 ἐπιθυμίαν.

52 1805 59 1813 ⁸
154 1824 286 1879 2.Ἰί
323 1818 413 1876 οῦν
458 1823 565 1894 χρὴ
611 1822 749 1892 πρὸς
802 1821 1041 1892 ὀνείρους
1097 1818 1498 1888 καταφεύγειν,
1549 1818 1642 1872 καὶ

101 1915 475 1986 ὀνειροσκόπους
524 1912 880 1984 μισθοῦσθαι,
929 1912 1023 1963 καὶ
1063 1913 1120 1964 ἐν
1175 1913 1294 1973 ταῖς
1339 1908 1641 1979 πανδήμοις

100 2007 370 2060 ἑστιάσεσιν
400 2006 548 2075 ἡμᾶς
576 2003 841 2057 ποιεῖσθαι
873 2002 1151 2074 παροίνιον
1184 2001 1461 2073 διήγημα;
1498 1997 1640 2068 Ἐγὼ

99 2096 202 2167 γὰρ,
227 2097 268 2148 εἰ
296 2094 389 2147 καὶ
414 2094 543 2164 παρ’
577 2091 758 2155 ἄλλοις
794 2092 936 2146 τισὶν
957 2087 1097 2162 ἦσαν
1121 2092 1178 2143 αἱ
1200 2089 1464 2153 διαϐολαὶ,
1497 2089 1641 2158 ὑμᾶς

102 2191 152 2242 ἀν
186 2188 270 2257 τῆς
302 2185 541 2258 ἐμαυτοῦ
585 2183 810 2255 γνώμης
858 2185 1141 2254 μάρτυρας
1181 2182 1636 2255 παρεπησάμην.

100 2280 184 2333 Καὶ
215 2279 302 2331 νῦν
342 2278 478 2345 ἀξιῶ
505 2277 682 2333 αὐτῶν
714 2277 945 2329 ἕκαστον
989 2274 1097 2327 τῶν
1137 2274 1380 2327 παλαιῶν
1419 2272 1641 2326 ἐκείνων

100 2371 513 2442 ἀναμνησθῆναι,
551 2371 640 2424 ὅτε
674 2369 877 2431 ἐκάλει,
915 2368 1015 2438 μὲν
1068 2366 1216 2437 ἡμᾶς
1262 2368 1295 2438 ή
1355 2365 1508 2428 πόλις
1549 2366 1641 2418 ἐπὶ

97 2464 177 2534 τὴν
203 2462 302 2515 τῶν
331 2462 471 2515 νέων
502 2460 819 2531 ἐπιμέλειαν
838 2499 853 2521 ,
896 2456 1162 2530 πρεσϐεία
1210 2456 1268 2509 δὲ
1302 2457 1484 2529 παρῆν
1531 2456 1639 2508 τῶν

97 2557 201 2626 παρ’
231 2555 353 2625 ὑμῖν
386 2552 594 2624 ἀνδρῶν
620 2554 669 2605 οἱ
699 2554 756 2606 ἐν
782 2551 960 2605 τέλει’
1003 2549 1140 2622 μετά
1172 2548 1228 2602 δὲ
1256 2547 1429 2601 ταῦτα
1450 2587 1464 2611 ,
1491 2549 1641 2612 ὅπως

96 2640 335 2711 πανδημεὶ
376 2639 580 2702 πάντες
624 2638 1015 2709 περιχυθέντες
1050 2639 1233 2709 ἡμᾶς,
1273 2636 1325 2689 τί
1378 2636 1476 2707 μὲν
1520 2636 1641 2707 οὑχ).

93 2732 325 2797 διδόντες;
364 2731 419 2784 τί
450 2730 508 2783 δὲ
539 2731 636 2800 οὑχ
674 2729 1128 2800 ὑπισχνούμενοι;
1166 2729 1315 2799 ὅμως
1350 2729 1641 2797 κατασχεῖν

95 2824 214 2893 ἡμᾶς
237 2824 335 2876 οὑκ
367 2820 729 2894 ἠδυνήθησαν.
774 2819 900 2883 Πῶς
931 2815 1024 2872 οὖν
1070 2821 1099 2871 ὁ
1132 2818 1254 2871 τότε
1310 2816 1643 2887 καλούμενος

94 2917 171 2984 οὐχ
217 2913 507 2968 ὑπακούων
536 2952 552 2977 ,
613 2911 709 2967 νῦν
767 2911 1085 2983 ἐπεχείρουν
1141 2908 1372 2988 ἄκλητος
1429 2907 1644 2962 εἰσωθί-

94 3008 254 3070 ξεσθαι
294 3006 453 3078 (20);
509 3004 627 3069 πῶς
680 3005 736 3058 δέ
786 3006 814 3057 ὁ
848 3004 977 3067 τοὺς
1023 3001 1379 3064 ἐπαινοῦντας
1431 3017 1499 3071 με
1549 2997 1645 3053 καὶ

94 3094 443 3166 θαυμάζοντας
487 3093 838 3164 ἀποφεύγων,
873 3092 1097 3163 ἔμελλον
1151 3091 1217 3144 ἂν
1282 3090 1376 3143 νῦν
1427 3089 1642 3143 διώκειν

94 3191 196 3252 τοὺς
238 3188 659 3252 διαϐάλλοντας;
692 3187 785 3258 Μὴ
831 3185 1052 3256 οἱηθῆτε
1084 3225 1098 3248 ,
1148 3177 1193 3236 ὦ
1245 3184 1490 3255 ἄριστον
1546 3181 1643 3251 οὐχ

93 3280 237 3344 οὑτως
259 3278 434 3333 εὑωνα
467 3279 578 3351 (21)
602 3280 672 3333 τὰ
705 3278 966 3350 ἡμέτερα.
1000 3274 1137 3330 Οὔτε
1163 3275 1272 3347 γὰρ
1302 3274 1367 3329 ἀν
1397 3291 1481 3338 τις
1507 3275 1642 3327 ἀκυ-

95 3371 328 3444 ϐερνήτου
357 3371 547 3425 πλοίου
591 3367 885 3441 σωφρονῶν
935 3367 1198 3438 ἐπιϐαίη,
1238 3364 1362 3421 οὔτε
1411 3365 1641 3435 Ἐκκλη-

93 3464 167 3535 σία
196 3462 528 3535 παραϐάλοι,
629 3462 718 3514 τὸν
741 3459 985 3514 κλύδωνα
1018 3458 1111 3512 καὶ
1138 3456 1237 3529 τὴν
1278 3457 1446 3527 ζάλην
1490 3457 1642 3510 αὑτοὶ

91 3558 131 3608 οἱ
154 3558 237 3610 ἐπὶ
262 3556 369 3610 τῶν
397 3555 600 3609 οίάκων
630 3552 982 3623 καθεζόμενοι
1005 3548 1312 3620 ἐμποιοῦσι.
1338 3547 1507 3602 Πόθεν
1533 3547 1642 3619 γὰρ

90 3649 256 3716 γέγονε
282 3648 514 3719 θορύϐου
545 3647 810 3718 πλήρηςή
844 3639 997 3707 πόλις
1018 3684 1033 3707 ,
1062 3644 1150 3696 ὅτε
1184 3644 1232 3695 οἱ
1262 3642 1361 3711 μὲν
1388 3640 1639 3711 ἔφευγον,

90 3742 279 3807 οὐδενὸς
313 3740 635 3803 διώκοντος,
686 3739 734 3791 οἱ
769 3738 826 3791 δὲ
874 3734 1184 3806 ὑπεξῄεσαν
1219 3733 1330 3805 (22)
1355 3771 1370 3795 ,
1430 3732 1642 3795 οὐδενὸς

89 3834 339 3897 ἐπιόντοςσ
401 3829 770 3904 χρησμολόγοι
826 3828 884 3880 δέ
934 3828 1027 3880 καὶ
1082 3824 1455 3897 ὀνειροσκόποι
1509 3821 1643 3875 πάν-

90 3943 165 3989 τες
194 3925 302 3996 (25)
337 3920 843 3995 ἐμορμολύττοντο;
880 3917 1045 3972 πόθεν
1082 3916 1305 3971 ἄλλοθεν
1330 3916 1540 3980 mira;
1572 3916 1642 3968 Ἦ

87 4017 189 4084 οὐχὶ
216 4016 310 4070 καί⁵
336 4009 491 4068 παὶὃί
519 4010 797 4084 γνώριμον
817 4050 831 4075 ,
861 4010 944 4063 ὅτι
971 4010 1035 4063 ἐκ
1068 4009 1175 4063 τῶν
1201 4008 1521 4081 ἡγουμένων
1548 4005 1640 4060 τοῦ

90 4107 336 4177 τιλήθουςς
377 4098 454 4157 ὧν
485 4103 584 4167 τάς
632 4103 810 4166 αἰτίας
858 4101 961 4172 τῆς
994 4100 1193 4172 ἔχθρας
1240 4098 1364 4170 ἐμοὶ
1415 4099 1513 4170 μὲν
1543 4099 1643 4150 οὑκ

87 4198 339 4269 εὐπρεπὲς
377 4195 559 4263 λέγειν
583 4235 598 4260 ,
641 4195 770 4264 ὑμῖν
800 4193 855 4245 δὲ
886 4193 1116 4264 συνορᾷν
1140 4191 1233 4245 καὶ
1268 4190 1409 4243 πάνυ
1440 4189 1639 4261 ῥᾴδιον.

89 4287 234 4339 Ὅταν
258 4285 368 4356 γὰρ
402 4287 437 4355 ἡ
487 4283 587 4354 μέν
632 4283 827 4354 πικρία
854 4283 950 4336 καὶ
978 4283 1011 4352 ἠ
1045 4280 1325 4342 διάστασις
1373 4279 1643 4350 μηδεμίαν

86 4382 180 4451 llo:
204 4382 314 4453 (24)
346 4378 654 4449 ὑπερϐολὴν
684 4381 764 4443 εἰς
795 4377 1165 4448 χαλεπότητα,
1196 4376 1229 4447 ἡ
1256 4375 1312 4428 δὲ
1335 4375 1435 4444 τῆς
1463 4374 1643 4438 αἰτίας

87 4472 325 4543 ἐξήγησις
362 4471 735 4532 ἀνυπόστατος
786 4465 1066 4530 παντελῶς
1110 4466 1205 4519 καὶ
1241 4464 1643 4531 καταγέλαστος

1739 625 1979 691 edoceri,
2018 628 2112 683 sed
2145 638 2202 682 ιιι
2249 643 2368 683 mea
2419 628 2536 699 ipse
2576 629 2888 702 eloquerer,
2932 632 3212 704 quomodo
3258 648 3318 688 se

1740 718 1997 774 habeant.
2032 718 2294 791 Equidem
2325 729 2380 775 et
2412 720 2541 791 quia
2571 721 2699 776 huic
2729 723 2850 778 loco
2899 736 3156 782 assuetus
3190 740 3312 781 sum

1740 827 1769 866 a
1798 827 1968 882 puero
1991 814 2102 895 (hic
2122 814 2267 869 enim
2297 813 2438 889 apud
2465 815 2641 869 aviam
2668 830 2844 871 meam
2865 816 3130 873 educatus
3149 816 3316 889 sum),

1739 913 1795 957 et
1824 904 1952 972 quia
1992 904 2065 958 ibi
2107 914 2297 974 postea
2340 905 2530 976 perdiu
2582 920 2704 961 sum
2743 917 3115 975 commoratus
3132 947 3159 972 ,,
3190 923 3318 969 cum

1740 994 1929 1048 civiles
1956 995 2224 1050 tumultus
2261 994 2494 1067 fugiens,
2525 996 2577 1049 in
2607 996 2710 1049 hoc
2742 996 2884 1062 loco,
2916 1013 3078 1066 quem
3112 999 3178 1052 ad
3206 999 3322 1068 pbi-

1740 1083 2139 1154 losopbandum
2163 1084 2234 1139 ob
2274 1085 2586 1140 solitudinis
2622 1085 2867 1155 quietum
2896 1085 3150 1140 idoneum
3196 1102 3321 1161 esse

1742 1187 2123 1242 cognoveram,
2148 1187 2323 1228 annos
2349 1173 2536 1243 plures
2559 1174 2853 1230 continuos
2883 1175 3239 1246 consumpsi;
3264 1185 3319 1259 et

1740 1265 1868 1334 quia
1910 1264 2107 1320 fratres
2151 1280 2299 1320 nunc
2339 1266 2414 1320 ibi
2460 1266 2728 1332 habitant,
2762 1266 2980 1322 brevem
3012 1282 3041 1321 a
3081 1268 3317 1339 negotiis

1741 1355 1942 1425 quibus
1973 1356 2221 1412 detineor
2243 1399 2259 1425 ,
2293 1356 2718 1427 respirationem
2749 1368 2946 1414 nactus
2966 1400 2982 1424 ,
3018 1358 3216 1415 lubens
3248 1360 3315 1415 ad

1741 1447 1883 1503 hanc
1905 1448 2254 1503 solitudinem
2284 1451 2530 1517 accessi;
2567 1466 2673 1505 non
2706 1459 2765 1505 ut
2788 1450 2917 1507 inde
2948 1452 3070 1508 aliis
3101 1453 3315 1523 negotia

1740 1537 1905 1613 314
1932 1540 2244 1598 exhiberem
2266 1582 2281 1609 ,
2319 1542 2417 1600 sed
2446 1551 2504 1598 ut
2531 1557 2654 1599 meo
2688 1544 2805 1615 ipse
2836 1559 3043 1601 morem
3074 1560 3317 1618 gererem

1741 1631 2039 1686 desiderio.

1812 1803 1866 1858 2.
1900 1801 2040 1871 Quid
2079 1803 2247 1875 igitur
2283 1819 2423 1875 opus
2449 1814 2534 1861 est
2559 1806 2626 1861 ad
2655 1806 2868 1862 somnia
2903 1806 3228 1879 confugere,
3266 1818 3321 1865 et

1743 1898 2082 1973 somniorum
2119 1899 2499 1968 speculatores
2530 1901 2868 1965 conducere,
2904 1909 2960 1957 et
2996 1918 3097 1958 nos
3133 1904 3189 1958 in
3220 1920 3320 1975 pu-

1742 1991 1902 2047 blicis
1947 1991 2211 2046 conviviis
2256 1992 2400 2047 inter
2441 1992 2638 2062 pocula
2675 1991 2916 2047 fabulam
2965 1991 3181 2050 facere?
3209 1994 3321 2067 Ego

1742 2083 1886 2140 enim
1918 2085 1965 2139 si
2001 2084 2142 2155 apud
2169 2085 2308 2141 alios
2336 2085 2628 2141 calumniis
2652 2096 2886 2156 peterer,
2916 2101 3015 2142 vos
3044 2103 3177 2144 mea:
3201 2104 3321 2144 sen-

1740 2177 1924 2231 tentia:
1990 2186 2153 2235 testes
2201 2178 2482 2233 citassem.
2533 2177 2617 2247 _Et
2669 2195 2819 2234 nunc
2874 2196 3321 2252 unumquemque

1740 2276 1985 2323 vestrum
2015 2284 2169 2340 rogo,
2201 2280 2258 2324 ut
2281 2279 2464 2325 vetera
2486 2270 2575 2324 illa
2602 2271 2656 2324 in
2680 2272 2999 2325 memoriam
3028 2275 3318 2339 revocetis,

1740 2374 1865 2415 cum
1903 2376 2005 2416 nos
2035 2363 2230 2417 civitas
2263 2361 2332 2417 ad
2377 2378 2567 2416 curam
2601 2363 2867 2433 juvenum
2917 2364 3320 2434 suscipiendam

1741 2460 1982 2516 vocaret,
2024 2467 2089 2508 ac
2131 2453 2334 2523 legatio
2383 2453 2601 2508 adesset
2643 2453 3002 2525 optimatum:
3048 2455 3321 2527 quomodo

1740 2543 1903 2598 etiam
1956 2552 2143 2614 postea
2188 2560 2379 2599 omnes
2428 2546 2632 2616 passim
2675 2561 2778 2600 nos
2824 2545 3319 2617 circumsteterint,

1741 2635 1870 2706 quid
1907 2651 2016 2689 non
2041 2636 2272 2690 dantes?
2296 2635 2426 2707 quid
2461 2652 2570 2690 non
2603 2636 2962 2707 pollicentes?
3008 2653 3110 2693 nec
3139 2646 3321 2695 tamen

1739 2725 1983 2782 detinere
2028 2740 2130 2781 nos
2180 2726 2481 2795 potuerint.
2528 2725 2815 2792 Quomodo
2857 2726 3024 2798 igitur
3061 2728 3152 2799 qui
3191 2736 3321 2781 tunc

1740 2828 1969 2876 vocatus
1996 2835 2203 2875 morem
2240 2834 2350 2874 non
2386 2822 2531 2891 gessi
2561 2860 2574 2882 ,
2608 2835 2755 2874 nunc
2791 2836 2877 2875 me
2917 2821 3199 2877 intrudere
3227 2837 3324 2892 ag-

1742 2913 1999 2984 grederer
2026 2914 2356 2969 invocatus?
2385 2913 2663 2985 quomodo
2686 2913 2779 2984 qui
2805 2913 3094 2968 laudantes
3122 2929 3207 2968 me
3239 2924 3322 2967 at-

1742 3021 1848 3076 que
1881 3005 2215 3062 admirantes
2247 3005 2519 3077 fugiebam
2541 3046 2557 3071 ,
2590 3021 2735 3061 nunc
2765 3005 3166 3060 calumniantes
3199 3020 3323 3075 per-

1742 3098 2050 3169 sequerer?
2078 3097 2191 3153 Hoc
2226 3099 2281 3153 in
2309 3086 2552 3152 animum
2586 3114 2655 3152 ne
2685 3097 2958 3152 inducatis
2983 3139 2997 3164 ,
3030 3112 3064 3152 o
3095 3097 3320 3167 optimi;

1671 3211 1717 3272 ε
1746 3206 1856 3245 non
1879 3191 1952 3244 ita
1976 3189 2113 3246 viles
2133 3199 2263 3246 sunt
2285 3206 2374 3245 res
2396 3199 2618 3245 nostrae.
2634 3188 2827 3260 ‘Neque
2841 3189 2985 3244 enim
3008 3189 3322 3261 quisquam,

1745 3286 1793 3341 si
1837 3286 2049 3357 sapiat,
2090 3286 2368 3357 navigium
2400 3286 2769 3356 gubernatore
2823 3283 3146 3339 destitutum
3192 3296 3323 3335 cou-

1746 3374 2008 3438 scendet,
2033 3389 2212 3445 neque
2242 3373 2310 3428 ad
2344 3373 2643 3429 Ecelesiam
2678 3374 2920 3437 accedet,
2957 3372 3010 3426 iu
3054 3386 3161 3441 qua
3186 3382 3323 3427 tem~

1742 3472 2010 3535 pestatem
2040 3480 2104 3520 ac
2133 3466 2427 3536 procellam
2458 3466 2535 3521 illi
2573 3468 2701 3536 ipsi,
2741 3465 2835 3536 qui
2873 3464 2939 3518 ad
2984 3465 3201 3519 clavum
3235 3478 3323 3518 se-

1744 3557 1895 3623 dent,
1926 3558 2188 3616 excitant.
2235 3557 2391 3613 Unde
2425 3558 2571 3613 enim
2619 3558 2832 3613 exstitit
2884 3557 3119 3610 tumultu
3165 3555 3321 3626 plena

1744 3650 1960 3712 civitas.
1992 3666 2115 3705 cum
2142 3650 2393 3722 fugerent
2420 3651 2535 3713 alii,
2569 3650 2787 3705 nemine
2815 3656 3197 3719 persequente,
3227 3645 3321 3700 alii

1742 3741 2051 3796 clanculum
2091 3741 2479 3813 egrederentur
2500 3781 2515 3803 ,
2548 3741 2766 3794 nemine
2799 3737 3090 3793 invadente
3115 3776 3130 3801 ,
3161 3735 3322 3791 arioli

1742 3849 1873 3889 vero
1921 3842 1975 3889 et
2029 3834 2367 3890 somniorum
2422 3834 2749 3902 interpretes
2804 3844 2997 3885 omnes
3053 3836 3320 3883 terrorem

1744 3925 2099 3997 spargerent?
2139 3940 2203 3979 ex
2241 3940 2348 3995 qua
2403 3925 2509 3978 alia
2572 3923 2685 3977 lucc
2736 3921 2943 3978 causa?
2994 3919 3185 3974 Nonne
3238 3918 3322 3974 vel

1746 4034 1914 4088 puero
1946 4024 2282 4088 compertum
2313 4032 2378 4071 ex
2427 4016 2611 4086 populi
2639 4015 2873 4071 ducibus
2897 4013 3057 4070 esse?
3086 4028 3322 4083 quorum

1745 4110 2044 4165 inimicitia:
2065 4124 2262 4164 causas
2289 4109 2419 4162 mihi
2445 4108 2663 4178 quidem
2695 4122 2803 4160 non
2834 4105 3092 4160 decorum
3118 4104 3322 4169 dicere,

1744 4203 1900 4258 vobis
1931 4217 2059 4257 vero
2103 4201 2405 4272 intelligere
2462 4200 2693 4254 omnino
2731 4199 2892 4253 facile
2937 4205 3044 4254 est.
3092 4195 3325 4264 Quando

1744 4295 1890 4351 enim
1932 4293 2203 4349 acerbitas
2236 4300 2289 4348 et
2325 4292 2603 4373 discordia
2652 4292 2718 4347 ad
2767 4298 3072 4346 extremum
3103 4290 3335 4371 saevitiae;

1745 4386 2025 4442 cumulum
2054 4385 2460 4456 perducuntur,
2493 4398 2675 4440 causa:
2696 4391 2878 4437 autem
2909 4382 3178 4452 expositio
3207 4382 3326 4439 ina-

1748 4480 1833 4533 nis
1860 4493 2090 4548 prorsus
2119 4484 2206 4532 est
2242 4485 2299 4533 et
2351 4475 2583 4530 ridicula
2607 4514 2623 4540 ,
2654 4473 2982 4529 manifestus
3031 4480 3116 4529 est
3153 4472 3319 4528 animi

83 4557 133 4634 ᾗ,
158 4564 316 4634 δῆλόν
342 4566 458 4617 ἐστι
489 4563 590 4633 τῆς
611 4561 792 4631 ψυχῆς
824 4560 886 4613 τὸ
920 4558 1261 4632 ἀρρώστημα
1286 4596 1300 4622 ,
1342 4554 1641 4628 ἀλλοτρίοις

1750 4574 2013 4633 morbus,
2052 4570 2247 4625 alienis
2282 4569 2504 4640 quidem
2544 4566 2704 4624 bonis
2749 4566 3182 4637 superveniens,
3226 4567 3320 4621 sed

87 4654 171 4723 μὲν
210 4656 443 4724 ἀγαθοῖς
494 4650 925 4723 ἐπισυμϐαἰνον,
972 4652 1173 4703 οἰκεῖον
1229 4647 1287 4701 δὲ
1342 4648 1434 4701 καὶ
1493 4647 1645 4718 πρῶ-

81 4763 157 4799 τον
177 4749 290 4817 (25)
326 4748 499 4802 κακὸν
532 4747 775 4818 ὑπάρχον
807 4742 885 4814 τῷ
909 4742 1253 4812 κεκτημένῳ.
1286 4734 1383 4803 Οἷς
1406 4740 1498 4793 καὶ
1520 4739 1648 4794 ἄλλο

79 4837 131 4908 δή
164 4857 214 4893 τι
248 4842 445 4912 χάριεν
475 4839 789 4910 πρόσεστιν.
845 4834 1242 4907 Ἀμυσσόμενοι
1292 4832 1403 4904 γὰρ
1456 4832 1514 4884 ἐν
1568 4830 1647 4901 τῷ

78 4928 213 4997 βάθει
272 4933 372 4985 καὶ
424 4928 751 5006 ὀδυνώμενοι
779 4969 793 4994 ,
850 4927 1149 4998 ἐκλαλῆσαι
1203 4924 1301 4992 τὴν
1359 4924 1646 4995 συμφοοάν

135 5088 240 5161 (18)
296 5090 490 5161 Τίτθῃ.
544 5088 714 5145 Coisl.
780 5088 1087 5161 primus_et
1134 5080 1394 5161 unus'ex
1461 5085 1645 5154 Regiis

75 5154 232 5231 τήθῃ(
247 5160 398 5230 quod
428 5154 576 5214 idem
604 5154 832 5230 prorsus
858 5157 1151 5231 significat.
1179 5154 1280 5231 Hic
1304 5163 1493 5231 autem
1524 5172 1644 5231 per:

77 5225 314 5297 spientim
345 5238 431 5285 est
466 5246 576 5284 non
604 5225 875 5284 nutricem
907 5225 936 5281 εἰ
973 5226 1175 5282 Basilio
1212 5225 1516 5297 designari.
1548 5227 1643 5282 sed

74 5296 235 5354 aviam
275 5299 601 5366 Macrinam,
635 5316 663 5353 a
705 5316 811 5370 qua
844 5314 903 5353 se
949 5298 1240 5353 educatum
1272 5296 1442 5351 fuisse
1476 5311 1645 5368 δοντα

71 5370 273 5441 dicebat
302 5376 359 5424 in
388 5372 555 5441 epist.
585 5371 712 5425 204.
736 5438 778 5441 __
1126 5436 1159 5441 __
1464 5402 1467 5405 λ

133 5440 239 5522 (19)
264 5436 689 5509 Θεραὲτεύσων.
734 5438 989 5493 Nonnulli
1039 5436 1258 5494 codices
1301 5455 1434 5494 mss.
1477 5438 1642 5510 Θερα-

71 5523 259 5567 κύων.

130 5580 240 5649 (21))
259 5578 708 5641 εἰσωθίζεσθαι.
735 5576 828 5632 Sic
830 5593 972 5649 mss.
997 5585 1142 5642 octo,
1163 5592 1344 5649 proco
1356 5577 1500 5648 quod
1525 5588 1643 5632 erat

70 5647 311 5707 'sn'editis
361 5648 769 5714 εἰσοικίζεσθαι.
822 5647 991 5718 Paulo
1041 5657 1169 5718 ante
1220 5647 1642 5718 θᾱιιίκαὶῌοὺχ

68 5719 376 5775 ὑπακούων.
403 5721 568 5776 Deest
601 5720 731 5772 illud
756 5717 849 5772 καί
878 5717 933 5787 in
964 5716 1252 5772 codicibus
1284 5717 1461 5787 θαι-1.,
1495 5716 1636 5774 Μσᾶ.

68 5798 114 5842 et
144 5794 326 5845 trilms
357 5792 483 5845 aliis
508 5798 563 5844 et
593 5790 833 5843 editione
877 5786 1242 5858 Hagaupensi.
1279 5786 1307 5858 ξ

127 5862 237 5935 (et)
268 5863 505 5916 Εῦωνα.
533 5857 684 5914 Harl.
714 5865 767 5915 et
793 5872 934 5913 unus
955 5855 1024 5914 ex
1055 5856 1239 5928 Regiis
1264 5856 1428 5912 ἱωλα.
1465 5855 1636 5915 Paulo

1749 4660 2111 4717 domesticum
2163 4675 2227 4714 ac
2271 4660 2507 4729 primum
2557 4659 2764 4713 malum
2795 4658 3137 4727 azgrotantis.
3176 4655 3323 4729 Inest

1747 4752 1915 4806 etiam
1949 4751 2059 4806 illis
2106 4750 2254 4805 aliud
2290 4752 2551 4821 lepidum.
2590 4749 2725 4805 Dum
2775 4751 2922 4805 enim
2952 4750 3325 4805 dilacerantur

1745 4844 1916 4905 intus,
1949 4851 2002 4898 et
2034 4842 2358 4898 cruciantur
2382 4882 2397 4905 ,
2427 4841 2795 4896 calamitatem
2838 4839 3069 4911 prodere
3102 4854 3197 4909 per
3225 4855 3323 4909 pu—

1746 4937 1932 4992 dorem
1961 4951 2069 4990 non
2103 4935 2247 4991 licet.
2276 4933 2454 5005 Atque
2479 4934 2591 4989 haec.
2616 4947 2806 4988 eorum
2831 4932 2998 4986 animi
3032 4930 3181 4987 labes
3212 4946 3323 4985 non

1746 5088 2032 5159 postediti
2066 5086 2432 5159 παραϐάλλοι..
2465 5082 2570 5159 sex
2608 5092 2828 5159 m_s_s.'_ut
2858 5084 2912 5137 in
2948 5091 3123 5138 textu.

1816 5158 1928 5229 (22)
1972 5151 2355 5226 Ὑπεξῇεσαν.
2390 5154 2541 5210 Harl.
2571 5163 2625 5210 et
2656 5155 2798 5210 Med.
2829 5170 2952 5209 cum
2986 5169 3096 5208 uno
3123 5169 3189 5207 ex
3216 5151 3326 5207 Re-

1743 5229 2199 5318 giisngrrss'ﬁscav.
2263 5298 2303 5318 β
2316 5298 2401 5318 Γ..
2486 5296 2493 5303 .

1819 5300 1930 5367 (25)
1964 5297 2210 5364 Πάντες.
2263 5298 2403 5354 Editi
2444 5297 2674 5361 πάντας,
2700 5297 2980 5367 inmunem
3026 5312 3128 5351 non
3161 5304 3324 5349 terre-

1745 5366 1881 5433 rent,
1915 5380 2137 5440 excepta
2192 5378 2372 5440 tamen
2397 5370 2639 5423 editione
2700 5366 3046 5438 Haganoensi
3092 5366 3325 5440 et_Basi-

1746 5441 1916 5497 leeusi
1962 5437 2159 5511 prima,
2208 5439 2395 5495 Lectio
2424 5441 2538 5494 lucc
2582 5437 3048 5511 satistc’ommyp
3085 5437 3335 5499 videtur,

1746 5511 1840 5567 sed
1872 5510 2021 5565 nullo
2051 5510 2279 5580 prorsus
2308 5511 2508 5564 nititur
2539 5510 2727 5563 codice
2761 5524 2844 5564 ms

1816 5581 1927 5653 (24)
1966 5579 2157 5653 Ἔχᾳ.
2180 5580 2253 5634 Ita
2271 5582 2447 5653 Hart,
2475 5579 2640 5653 Med,
2660 5580 2828 5653 Coisl.
2853 5580 3082 5650 primus,
3104 5585 3157 5633 et
3182 5592 3324 5647 unus

1744 5648 2229 5723 exBégiislTres
2257 5651 2347 5723 alii
2377 5650 2494 5723 ἔχῃ.
2533 5650 2673 5705 Editi
2692 5650 2841 5723 ﬁxa.

1848 5667 2057 5723 negus.
2102 5667 2229 5706 tres
2257 5667 2347 5703 am
2377 5667 2494 5721 εχη.
2533 5667 2673 5705 natu
2704 5667 2728 5702 ε
2769 5669 2841 5704 ει.

1816 5720 1928 5802 (25)
1951 5719 2330 5802 εῌρῶτονίλιε
2362 5706 2490 5802 octo.
2518 5736 2657 5802 mss.
2689 5667 2828 5776 Εέἰιι
2869 5720 3122 5802 πρώτως.
3156 5716 3326 5774 Paulo

1744 5799 1870 5862 post
1898 5789 2032 5848 editi
2064 5791 2159 5845 καὶ
2184 5789 2313 5845 ἄλλο
2346 5808 2421 5845 τι.
2452 5789 2622 5847 iidem
2656 5808 2789 5848 mss.
2824 5801 2884 5848 ut
2916 5789 2975 5847 iu
3003 5799 3176 5848 textu.
