  <div class='ocr_page' id='page_1' title='image "/cluster/home/n/w/nwhite01/storage/ocr_20150623/32/hvd.32044020606729/398.png"; bbox 0 0 3868 6486; ppageno 0'>
   <div class='ocr_carea' id='block_1_1' title="bbox 157 332 2383 405">
    <p class='ocr_par' dir='ltr' id='par_1_1' title="bbox 157 332 2383 405">
     <span class='ocr_line' id='line_1_1' title="bbox 157 332 2383 405; baseline 0.005 -24"><span class='ocrx_word' id='word_1_1' title='bbox 157 349 227 405; x_wconf 63' lang='grc' dir='ltr'><strong>τῃ</strong></span> <span class='ocrx_word' id='word_1_2' title='bbox 1008 332 1824 393; x_wconf 72' lang='lat' dir='ltr'><strong>EPISTULARUM.CLASSIS</strong></span> <span class='ocrx_word' id='word_1_3' title='bbox 1862 335 1924 391; x_wconf 88' lang='lat' dir='ltr'><strong>ll.</strong></span> <span class='ocrx_word' id='word_1_4' title='bbox 1966 336 2182 394; x_wconf 81' lang='lat' dir='ltr'><strong>EPIST.</strong></span> <span class='ocrx_word' id='word_1_5' title='bbox 2226 337 2383 394; x_wconf 81' lang='lat' dir='ltr'><strong>CCX.</strong></span> 
     </span>
    </p>
   </div>
   <div class='ocr_carea' id='block_1_2' title="bbox 3221 336 3324 391">
    <p class='ocr_par' dir='ltr' id='par_1_2' title="bbox 3221 336 3324 391">
     <span class='ocr_line' id='line_1_2' title="bbox 3221 336 3324 391; baseline 0.01 -1"><span class='ocrx_word' id='word_1_6' title='bbox 3221 336 3324 391; x_wconf 72' lang='lat'><strong>778</strong></span> 
     </span>
    </p>
   </div>
   <div class='ocr_carea' id='block_1_3' title="bbox 154 446 1669 521">
    <p class='ocr_par' dir='ltr' id='par_1_3' title="bbox 154 447 1668 521">
     <span class='ocr_line' id='line_1_3' title="bbox 154 447 1668 521; baseline -0.004 -15"><span class='ocrx_word' id='word_1_7' title='bbox 154 449 557 516; x_wconf 73' lang='grc' dir='ltr'><strong>Ιιαιεασϐεσθεῖσαν</strong></span> <span class='ocrx_word' id='word_1_8' title='bbox 589 450 686 521; x_wconf 84' lang='grc' dir='ltr'><strong>τὴν</strong></span> <span class='ocrx_word' id='word_1_9' title='bbox 732 448 944 520; x_wconf 82' lang='grc' dir='ltr'>πλάνην</span> <span class='ocrx_word' id='word_1_10' title='bbox 971 447 1324 505; x_wconf 79' lang='grc' dir='ltr'><strong>ἀνανεοῦνται</strong></span> <span class='ocrx_word' id='word_1_11' title='bbox 1356 447 1451 501; x_wconf 90' lang='grc' dir='ltr'><strong>νῦν</strong></span> <span class='ocrx_word' id='word_1_12' title='bbox 1487 448 1537 501; x_wconf 82' lang='grc' dir='ltr'>οἱ</span> <span class='ocrx_word' id='word_1_13' title='bbox 1570 448 1668 519; x_wconf 78' lang='grc' dir='ltr'>τῆς</span> 
     </span>
    </p>
   </div>
   <div class='ocr_carea' id='block_1_4' title="bbox 1778 446 3326 521">
    <p class='ocr_par' dir='ltr' id='par_1_4' title="bbox 1778 446 3326 521">
     <span class='ocr_line' id='line_1_4' title="bbox 1778 446 3326 521; baseline 0.006 -24"><span class='ocrx_word' id='word_1_14' title='bbox 1778 448 2093 519; x_wconf 81' lang='lat' dir='ltr'><strong>hypostases</strong></span> <span class='ocrx_word' id='word_1_15' title='bbox 2122 450 2442 521; x_wconf 88' lang='lat' dir='ltr'><strong>repudiant,</strong></span> <span class='ocrx_word' id='word_1_16' title='bbox 2474 454 2531 504; x_wconf 88' lang='lat' dir='ltr'><strong>et</strong></span> <span class='ocrx_word' id='word_1_17' title='bbox 2567 462 2765 506; x_wconf 85' lang='lat' dir='ltr'><strong>nomen</strong></span> <span class='ocrx_word' id='word_1_18' title='bbox 2806 447 2928 504; x_wconf 86' lang='lat' dir='ltr'><strong>Filii</strong></span> <span class='ocrx_word' id='word_1_19' title='bbox 2967 446 3062 505; x_wconf 86' lang='lat' dir='ltr'><strong>Dei</strong></span> <span class='ocrx_word' id='word_1_20' title='bbox 3106 459 3326 521; x_wconf 87' lang='lat' dir='ltr'><strong>negant.</strong></span> 
     </span>
    </p>
   </div>
   <div class='ocr_carea' id='block_1_5' title="bbox 154 539 1662 614">
    <p class='ocr_par' dir='ltr' id='par_1_5' title="bbox 154 539 1662 614">
     <span class='ocr_line' id='line_1_5' title="bbox 154 539 1662 614; baseline -0.005 -15"><span class='ocrx_word' id='word_1_21' title='bbox 154 545 376 614; x_wconf 70' lang='grc' dir='ltr'>ἀνωνύμου</span> <span class='ocrx_word' id='word_1_22' title='bbox 408 541 518 613; x_wconf 77' lang='grc' dir='ltr'><strong>(Π)</strong></span> <span class='ocrx_word' id='word_1_23' title='bbox 552 541 752 613; x_wconf 82' lang='grc' dir='ltr'>ταύτης</span> <span class='ocrx_word' id='word_1_24' title='bbox 805 541 1066 614; x_wconf 80' lang='grc' dir='ltr'>αἱρέσεως</span> <span class='ocrx_word' id='word_1_25' title='bbox 1114 539 1434 612; x_wconf 79' lang='grc' dir='ltr'>ὲφευρεταί·</span> <span class='ocrx_word' id='word_1_26' title='bbox 1478 541 1527 594; x_wconf 90' lang='grc' dir='ltr'>οἱ</span> <span class='ocrx_word' id='word_1_27' title='bbox 1564 539 1662 602; x_wconf 68' lang='grc' dir='ltr'><strong>τὰς</strong></span> 
     </span>
    </p>
   </div>
   <div class='ocr_carea' id='block_1_6' title="bbox 151 617 1662 707">
    <p class='ocr_par' dir='ltr' id='par_1_6' title="bbox 151 617 1662 707">
     <span class='ocr_line' id='line_1_6' title="bbox 151 617 1662 707; baseline -0.003 -17"><span class='ocrx_word' id='word_1_28' title='bbox 151 638 417 698; x_wconf 63' lang='lat' dir='ltr'><strong>amatiost;</strong></span> <span class='ocrx_word' id='word_1_29' title='bbox 448 633 803 698; x_wconf 81' lang='grc' dir='ltr'><strong>ἀθετοῦντες,</strong></span> <span class='ocrx_word' id='word_1_30' title='bbox 851 635 947 688; x_wconf 73' lang='grc' dir='ltr'>καὶ</span> <span class='ocrx_word' id='word_1_31' title='bbox 977 634 1039 689; x_wconf 84' lang='grc' dir='ltr'>τὸ</span> <span class='ocrx_word' id='word_1_32' title='bbox 1077 617 1247 707; x_wconf 77' lang='grc' dir='ltr'>ὄνομα</span> <span class='ocrx_word' id='word_1_33' title='bbox 1282 624 1376 688; x_wconf 85' lang='grc' dir='ltr'><strong>τοῦ</strong></span> <span class='ocrx_word' id='word_1_34' title='bbox 1410 632 1541 687; x_wconf 85' lang='grc' dir='ltr'>Υίοῦ</span> <span class='ocrx_word' id='word_1_35' title='bbox 1568 631 1662 686; x_wconf 89' lang='grc' dir='ltr'><strong>τοῦ</strong></span> 
     </span>
    </p>
   </div>
   <div class='ocr_carea' id='block_1_7' title="bbox 151 724 1665 798">
    <p class='ocr_par' dir='ltr' id='par_1_7' title="bbox 151 724 1665 798">
     <span class='ocr_line' id='line_1_7' title="bbox 151 724 1665 798; baseline -0.007 -9"><span class='ocrx_word' id='word_1_36' title='bbox 151 731 250 789; x_wconf 82' lang='grc' dir='ltr'><strong>Θεοῦ</strong></span> <span class='ocrx_word' id='word_1_37' title='bbox 273 725 677 797; x_wconf 81' lang='grc' dir='ltr'>ἀπαρνούμενοι.</span> <span class='ocrx_word' id='word_1_38' title='bbox 715 724 843 791; x_wconf 83' lang='grc' dir='ltr'>Οὒς,</span> <span class='ocrx_word' id='word_1_39' title='bbox 873 726 968 780; x_wconf 66' lang='lat' dir='ltr'><strong>say</strong></span> <span class='ocrx_word' id='word_1_40' title='bbox 999 726 1077 798; x_wconf 81' lang='grc' dir='ltr'>μὴ</span> <span class='ocrx_word' id='word_1_41' title='bbox 1108 726 1423 781; x_wconf 83' lang='grc' dir='ltr'><strong>παύσωνται</strong></span> <span class='ocrx_word' id='word_1_42' title='bbox 1451 726 1665 780; x_wconf 74' lang='grc' dir='ltr'>λαλοῦνο</span> 
     </span>
    </p>
   </div>
   <div class='ocr_carea' id='block_1_8' title="bbox 151 814 1665 889">
    <p class='ocr_par' dir='ltr' id='par_1_8' title="bbox 151 814 1665 889">
     <span class='ocr_line' id='line_1_8' title="bbox 151 814 1665 889; baseline -0.004 -13"><span class='ocrx_word' id='word_1_43' title='bbox 151 840 218 886; x_wconf 74' lang='grc' dir='ltr'>τες</span> <span class='ocrx_word' id='word_1_44' title='bbox 255 815 379 872; x_wconf 78' lang='grc' dir='ltr'>κατὰ</span> <span class='ocrx_word' id='word_1_45' title='bbox 422 815 514 869; x_wconf 88' lang='grc' dir='ltr'><strong>τοῦ</strong></span> <span class='ocrx_word' id='word_1_46' title='bbox 559 814 696 869; x_wconf 87' lang='grc' dir='ltr'>Θεοῦ</span> <span class='ocrx_word' id='word_1_47' title='bbox 732 814 945 870; x_wconf 76' lang='grc' dir='ltr'>ἀδικίαν</span> <span class='ocrx_word' id='word_1_48' title='bbox 972 857 988 883; x_wconf 96' lang='grc'><strong>,</strong></span> <span class='ocrx_word' id='word_1_49' title='bbox 1039 817 1326 889; x_wconf 82' lang='grc' dir='ltr'>ὀδύρεσθαι</span> <span class='ocrx_word' id='word_1_50' title='bbox 1374 817 1482 889; x_wconf 77' lang='grc' dir='ltr'>χρὴ</span> <span class='ocrx_word' id='word_1_51' title='bbox 1525 816 1665 888; x_wconf 87' lang='grc' dir='ltr'><strong>μετά</strong></span> 
     </span>
    </p>
   </div>
   <div class='ocr_carea' id='block_1_9' title="bbox 148 908 694 985">
    <p class='ocr_par' dir='ltr' id='par_1_9' title="bbox 148 908 694 985">
     <span class='ocr_line' id='line_1_9' title="bbox 148 908 694 985; baseline -0.013 -17"><span class='ocrx_word' id='word_1_52' title='bbox 148 914 227 968; x_wconf 72' lang='grc' dir='ltr'><strong>τῶν</strong></span> <span class='ocrx_word' id='word_1_53' title='bbox 255 908 694 985; x_wconf 81' lang='grc' dir='ltr'>ἀρνησιχρίστων.</span> 
     </span>
    </p>
   </div>
   <div class='ocr_carea' id='block_1_10' title="bbox 197 997 1664 1069">
    <p class='ocr_par' dir='ltr' id='par_1_10' title="bbox 197 997 1664 1069">
     <span class='ocr_line' id='line_1_10' title="bbox 197 997 1664 1069; baseline -0.005 -11"><span class='ocrx_word' id='word_1_54' title='bbox 197 1005 239 1058; x_wconf 85' lang='lat'><strong>6.</strong></span> <span class='ocrx_word' id='word_1_55' title='bbox 268 999 437 1055; x_wconf 88' lang='grc' dir='ltr'>Ταῦτα</span> <span class='ocrx_word' id='word_1_56' title='bbox 467 997 779 1067; x_wconf 75' lang='grc' dir='ltr'><strong>ἀναγκαίως</strong></span> <span class='ocrx_word' id='word_1_57' title='bbox 824 998 954 1069; x_wconf 80' lang='grc' dir='ltr'>ὑμῖν</span> <span class='ocrx_word' id='word_1_58' title='bbox 984 998 1416 1068; x_wconf 81' lang='grc' dir='ltr'><strong>διεστειλάμεθα,</strong></span> <span class='ocrx_word' id='word_1_59' title='bbox 1447 999 1531 1050; x_wconf 76' lang='grc' dir='ltr'>ἵνα</span> <span class='ocrx_word' id='word_1_60' title='bbox 1567 998 1664 1061; x_wconf 81' lang='grc' dir='ltr'>τὰς</span> 
     </span>
    </p>
   </div>
   <div class='ocr_carea' id='block_1_11' title="bbox 145 1089 1661 1162">
    <p class='ocr_par' dir='ltr' id='par_1_11' title="bbox 145 1089 1661 1162">
     <span class='ocr_line' id='line_1_11' title="bbox 145 1089 1661 1162; baseline -0.005 -10"><span class='ocrx_word' id='word_1_61' title='bbox 145 1098 227 1152; x_wconf 77' lang='grc' dir='ltr'>ἀπὸ</span> <span class='ocrx_word' id='word_1_62' title='bbox 264 1093 359 1146; x_wconf 86' lang='grc' dir='ltr'><strong>τῶν</strong></span> <span class='ocrx_word' id='word_1_63' title='bbox 414 1089 666 1161; x_wconf 77' lang='grc' dir='ltr'>πονηρῶν</span> <span class='ocrx_word' id='word_1_64' title='bbox 712 1090 1056 1162; x_wconf 78' lang='grc' dir='ltr'>διδαγμάτων</span> <span class='ocrx_word' id='word_1_65' title='bbox 1088 1090 1290 1161; x_wconf 83' lang='grc' dir='ltr'>βλάϐας</span> <span class='ocrx_word' id='word_1_66' title='bbox 1329 1090 1661 1161; x_wconf 77' lang='grc' dir='ltr'><strong>φυλάξησθε.</strong></span> 
     </span>
    </p>
   </div>
   <div class='ocr_carea' id='block_1_12' title="bbox 152 1181 1664 1258">
    <p class='ocr_par' dir='ltr' id='par_1_12' title="bbox 152 1181 1664 1258">
     <span class='ocr_line' id='line_1_12' title="bbox 152 1181 1664 1258; baseline -0.003 -19"><span class='ocrx_word' id='word_1_67' title='bbox 152 1190 212 1258; x_wconf 72' lang='grc' dir='ltr'><strong>Τῷ</strong></span> <span class='ocrx_word' id='word_1_68' title='bbox 236 1188 333 1240; x_wconf 73' lang='grc' dir='ltr'>δντι</span> <span class='ocrx_word' id='word_1_69' title='bbox 364 1184 492 1255; x_wconf 79' lang='grc' dir='ltr'>γάρ,</span> <span class='ocrx_word' id='word_1_70' title='bbox 528 1185 576 1236; x_wconf 84' lang='grc' dir='ltr'><strong>εί</strong></span> <span class='ocrx_word' id='word_1_71' title='bbox 610 1181 715 1254; x_wconf 81' lang='grc' dir='ltr'>χρὴ</span> <span class='ocrx_word' id='word_1_72' title='bbox 757 1182 855 1246; x_wconf 89' lang='grc' dir='ltr'><strong>τάς</strong></span> <span class='ocrx_word' id='word_1_73' title='bbox 903 1182 1144 1255; x_wconf 82' lang='grc' dir='ltr'>πονηρὰς</span> <span class='ocrx_word' id='word_1_74' title='bbox 1180 1182 1527 1245; x_wconf 70' lang='grc' dir='ltr'>διδασκαλίας</span> <span class='ocrx_word' id='word_1_75' title='bbox 1550 1184 1664 1246; x_wconf 82' lang='grc' dir='ltr'>τοῖς</span> 
     </span>
    </p>
   </div>
   <div class='ocr_carea' id='block_1_13' title="bbox 143 1274 1665 1351">
    <p class='ocr_par' dir='ltr' id='par_1_13' title="bbox 143 1274 1665 1351">
     <span class='ocr_line' id='line_1_13' title="bbox 143 1274 1665 1351; baseline -0.005 -16"><span class='ocrx_word' id='word_1_76' title='bbox 143 1279 359 1351; x_wconf 70' lang='grc' dir='ltr'>ὀλεθρίοις</span> <span class='ocrx_word' id='word_1_77' title='bbox 378 1276 688 1346; x_wconf 72' lang='grc' dir='ltr'>φαρμάκοις</span> <span class='ocrx_word' id='word_1_78' title='bbox 715 1274 1016 1345; x_wconf 76' lang='grc' dir='ltr'>ἐξομοιοῦν,</span> <span class='ocrx_word' id='word_1_79' title='bbox 1040 1275 1117 1338; x_wconf 81' lang='grc' dir='ltr'>ὡς</span> <span class='ocrx_word' id='word_1_80' title='bbox 1142 1277 1190 1328; x_wconf 81' lang='grc' dir='ltr'>οξ</span> <span class='ocrx_word' id='word_1_81' title='bbox 1221 1277 1348 1346; x_wconf 86' lang='grc' dir='ltr'>παρ’</span> <span class='ocrx_word' id='word_1_82' title='bbox 1381 1277 1506 1346; x_wconf 81' lang='grc' dir='ltr'>ὑμῖν</span> <span class='ocrx_word' id='word_1_83' title='bbox 1528 1276 1665 1328; x_wconf 73' lang='grc' dir='ltr'>ὀνει-</span> 
     </span>
    </p>
   </div>
   <div class='ocr_carea' id='block_1_14' title="bbox 144 1365 1662 1445">
    <p class='ocr_par' dir='ltr' id='par_1_14' title="bbox 144 1365 1662 1445">
     <span class='ocr_line' id='line_1_14' title="bbox 144 1365 1662 1445; baseline -0.003 -20"><span class='ocrx_word' id='word_1_84' title='bbox 144 1372 352 1445; x_wconf 81' lang='grc' dir='ltr'>ροσκόποι</span> <span class='ocrx_word' id='word_1_85' title='bbox 385 1368 537 1437; x_wconf 78' lang='grc' dir='ltr'>φασὶ,</span> <span class='ocrx_word' id='word_1_86' title='bbox 550 1366 724 1421; x_wconf 86' lang='grc' dir='ltr'>ταῦτά</span> <span class='ocrx_word' id='word_1_87' title='bbox 743 1367 859 1419; x_wconf 84' lang='grc' dir='ltr'>ὲστι</span> <span class='ocrx_word' id='word_1_88' title='bbox 887 1366 981 1419; x_wconf 72' lang='grc' dir='ltr'>καὶ</span> <span class='ocrx_word' id='word_1_89' title='bbox 1009 1365 1250 1432; x_wconf 85' lang='grc' dir='ltr'>κώνειον,</span> <span class='ocrx_word' id='word_1_90' title='bbox 1277 1367 1368 1421; x_wconf 67' lang='grc' dir='ltr'>καὶ</span> <span class='ocrx_word' id='word_1_91' title='bbox 1398 1367 1662 1432; x_wconf 79' lang='grc' dir='ltr'>ἀκόνιτον,</span> 
     </span>
    </p>
   </div>
   <div class='ocr_carea' id='block_1_15' title="bbox 140 1457 1665 1531">
    <p class='ocr_par' dir='ltr' id='par_1_15' title="bbox 140 1457 1665 1531">
     <span class='ocr_line' id='line_1_15' title="bbox 140 1457 1665 1531; baseline -0.004 -14"><span class='ocrx_word' id='word_1_92' title='bbox 140 1462 330 1518; x_wconf 63' lang='lat' dir='ltr'><strong>uisis;</strong></span> <span class='ocrx_word' id='word_1_93' title='bbox 358 1458 545 1531; x_wconf 79' lang='grc' dir='ltr'>ἓτερον</span> <span class='ocrx_word' id='word_1_94' title='bbox 574 1458 863 1530; x_wconf 85' lang='grc' dir='ltr'>φάρμακον</span> <span class='ocrx_word' id='word_1_95' title='bbox 886 1457 1222 1531; x_wconf 82' lang='grc' dir='ltr'>ἀνδροφόνον.</span> <span class='ocrx_word' id='word_1_96' title='bbox 1265 1457 1449 1513; x_wconf 87' lang='grc' dir='ltr'>Ταῦτα</span> <span class='ocrx_word' id='word_1_97' title='bbox 1478 1459 1665 1531; x_wconf 79' lang='grc' dir='ltr'>ψυχῶν</span> 
     </span>
    </p>
   </div>
   <div class='ocr_carea' id='block_1_16' title="bbox 141 1546 1666 1624">
    <p class='ocr_par' dir='ltr' id='par_1_16' title="bbox 141 1546 1666 1624">
     <span class='ocr_line' id='line_1_16' title="bbox 141 1546 1666 1624; baseline -0.003 -18"><span class='ocrx_word' id='word_1_98' title='bbox 141 1552 414 1624; x_wconf 71' lang='grc' dir='ltr'>δηλητήρια,</span> <span class='ocrx_word' id='word_1_99' title='bbox 470 1548 568 1619; x_wconf 80' lang='grc' dir='ltr'>οὐχ</span> <span class='ocrx_word' id='word_1_100' title='bbox 614 1550 663 1601; x_wconf 86' lang='grc' dir='ltr'><strong>οί</strong></span> <span class='ocrx_word' id='word_1_101' title='bbox 717 1546 974 1619; x_wconf 76' lang='grc' dir='ltr'>ἡμέτεροι</span> <span class='ocrx_word' id='word_1_102' title='bbox 1025 1547 1191 1617; x_wconf 80' lang='grc' dir='ltr'>λόγοι,</span> <span class='ocrx_word' id='word_1_103' title='bbox 1250 1548 1393 1620; x_wconf 80' lang='grc' dir='ltr'>ἅπερ</span> <span class='ocrx_word' id='word_1_104' title='bbox 1433 1551 1488 1602; x_wconf 80' lang='grc' dir='ltr'>αἱ</span> <span class='ocrx_word' id='word_1_105' title='bbox 1532 1548 1666 1602; x_wconf 83' lang='grc' dir='ltr'>οἰνό-</span> 
     </span>
    </p>
   </div>
   <div class='ocr_carea' id='block_1_17' title="bbox 140 1635 1693 1714">
    <p class='ocr_par' dir='ltr' id='par_1_17' title="bbox 140 1635 1693 1714">
     <span class='ocr_line' id='line_1_17' title="bbox 140 1635 1693 1714; baseline -0.003 -16"><span class='ocrx_word' id='word_1_106' title='bbox 140 1646 325 1714; x_wconf 72' lang='grc' dir='ltr'>ιιληκτοι</span> <span class='ocrx_word' id='word_1_107' title='bbox 351 1639 463 1711; x_wconf 61' lang='grc'><strong>(48)</strong></span> <span class='ocrx_word' id='word_1_108' title='bbox 488 1642 748 1712; x_wconf 81' lang='grc' dir='ltr'>μήνιγγες</span> <span class='ocrx_word' id='word_1_109' title='bbox 782 1638 1036 1703; x_wconf 82' lang='grc' dir='ltr'>ὲκϐοῶσι,</span> <span class='ocrx_word' id='word_1_110' title='bbox 1061 1639 1490 1710; x_wconf 81' lang='grc' dir='ltr'>πολυφάνταστοι</span> <span class='ocrx_word' id='word_1_111' title='bbox 1514 1635 1666 1693; x_wconf 78' lang='grc' dir='ltr'>οὖσαι</span> <span class='ocrx_word' id='word_1_112' title='bbox 1682 1646 1693 1657; x_wconf 75' lang='lat'>“</span> 
     </span>
    </p>
   </div>
   <div class='ocr_carea' id='block_1_18' title="bbox 136 1730 1665 1804">
    <p class='ocr_par' dir='ltr' id='par_1_18' title="bbox 136 1730 1665 1804">
     <span class='ocr_line' id='line_1_18' title="bbox 136 1730 1665 1804; baseline -0.003 -15"><span class='ocrx_word' id='word_1_113' title='bbox 136 1736 201 1789; x_wconf 77' lang='grc' dir='ltr'>διὰ</span> <span class='ocrx_word' id='word_1_114' title='bbox 225 1735 277 1786; x_wconf 78' lang='grc' dir='ltr'><strong>τδ</strong></span> <span class='ocrx_word' id='word_1_115' title='bbox 304 1731 473 1796; x_wconf 82' lang='grc' dir='ltr'>πάθος</span> <span class='ocrx_word' id='word_1_116' title='bbox 496 1750 510 1763; x_wconf 89' lang='grc'><strong>·</strong></span> <span class='ocrx_word' id='word_1_117' title='bbox 540 1730 654 1796; x_wconf 75' lang='grc' dir='ltr'>οὒς,</span> <span class='ocrx_word' id='word_1_118' title='bbox 679 1730 835 1803; x_wconf 74' lang='grc' dir='ltr'>εἴπερ</span> <span class='ocrx_word' id='word_1_119' title='bbox 867 1731 1230 1803; x_wconf 80' lang='grc' dir='ltr'>ἐσωφρόνουν,</span> <span class='ocrx_word' id='word_1_120' title='bbox 1259 1731 1425 1804; x_wconf 74' lang='grc' dir='ltr'>ἐχρῆν</span> <span class='ocrx_word' id='word_1_121' title='bbox 1447 1731 1665 1793; x_wconf 78' lang='grc' dir='ltr'>εἰδέναι,</span> 
     </span>
    </p>
   </div>
   <div class='ocr_carea' id='block_1_19' title="bbox 1765 538 3397 615">
    <p class='ocr_par' dir='ltr' id='par_1_19' title="bbox 1765 538 3397 615">
     <span class='ocr_line' id='line_1_19' title="bbox 1765 538 3397 615; baseline 0.002 -22"><span class='ocrx_word' id='word_1_122' title='bbox 1765 538 1975 606; x_wconf 82' lang='lat' dir='ltr'><strong>Quibus</strong></span> <span class='ocrx_word' id='word_1_123' title='bbox 2004 543 2247 613; x_wconf 84' lang='lat' dir='ltr'><strong>quidem.</strong></span> <span class='ocrx_word' id='word_1_124' title='bbox 2283 541 2390 597; x_wconf 89' lang='lat' dir='ltr'><strong>nisi</strong></span> <span class='ocrx_word' id='word_1_125' title='bbox 2422 540 2678 597; x_wconf 80' lang='lat' dir='ltr'><strong>desinant</strong></span> <span class='ocrx_word' id='word_1_126' title='bbox 2701 540 2847 612; x_wconf 90' lang='lat' dir='ltr'><strong>loqui</strong></span> <span class='ocrx_word' id='word_1_127' title='bbox 2866 541 3130 598; x_wconf 85' lang='lat' dir='ltr'><strong>adversus</strong></span> <span class='ocrx_word' id='word_1_128' title='bbox 3157 541 3327 597; x_wconf 85' lang='lat' dir='ltr'><strong>Deum</strong></span> <span class='ocrx_word' id='word_1_129' title='bbox 3392 604 3397 615; x_wconf 49' lang='grc'><strong>,</strong></span> 
     </span>
    </p>
   </div>
   <div class='ocr_carea' id='block_1_20' title="bbox 1764 631 3326 705">
    <p class='ocr_par' dir='ltr' id='par_1_20' title="bbox 1764 631 3326 705">
     <span class='ocr_line' id='line_1_20' title="bbox 1764 631 3326 705; baseline 0.002 -21"><span class='ocrx_word' id='word_1_130' title='bbox 1764 631 2107 702; x_wconf 73' lang='lat' dir='ltr'><strong>iniquitatem</strong></span> <span class='ocrx_word' id='word_1_131' title='bbox 2142 637 2185 699; x_wconf 84' lang='grc'>²,</span> <span class='ocrx_word' id='word_1_132' title='bbox 2218 632 2509 704; x_wconf 90' lang='lat' dir='ltr'><strong>lugendum</strong></span> <span class='ocrx_word' id='word_1_133' title='bbox 2549 640 2632 689; x_wconf 86' lang='lat' dir='ltr'><strong>est</strong></span> <span class='ocrx_word' id='word_1_134' title='bbox 2663 648 2784 688; x_wconf 90' lang='lat' dir='ltr'><strong>cum</strong></span> <span class='ocrx_word' id='word_1_135' title='bbox 2821 634 2890 690; x_wconf 91' lang='lat' dir='ltr'><strong>iis</strong></span> <span class='ocrx_word' id='word_1_136' title='bbox 2919 635 3012 705; x_wconf 89' lang='lat' dir='ltr'><strong>qui</strong></span> <span class='ocrx_word' id='word_1_137' title='bbox 3046 633 3326 688; x_wconf 83' lang='lat' dir='ltr'><strong>Christum</strong></span> 
     </span>
    </p>
   </div>
   <div class='ocr_carea' id='block_1_21' title="bbox 1764 733 1983 795">
    <p class='ocr_par' dir='ltr' id='par_1_21' title="bbox 1764 733 1983 795">
     <span class='ocr_line' id='line_1_21' title="bbox 1764 733 1983 795; baseline 0.009 -18"><span class='ocrx_word' id='word_1_138' title='bbox 1764 733 1983 795; x_wconf 89' lang='lat' dir='ltr'><strong>negant.</strong></span> 
     </span>
    </p>
   </div>
   <div class='ocr_carea' id='block_1_22' title="bbox 1837 987 3325 1060">
    <p class='ocr_par' dir='ltr' id='par_1_22' title="bbox 1837 987 3325 1060">
     <span class='ocr_line' id='line_1_22' title="bbox 1837 987 3325 1060; baseline 0.004 -18"><span class='ocrx_word' id='word_1_139' title='bbox 1837 988 1889 1043; x_wconf 89' lang='lat'><strong>6.</strong></span> <span class='ocrx_word' id='word_1_140' title='bbox 1932 987 2055 1043; x_wconf 66' lang='lat' dir='ltr'><strong>llaec</strong></span> <span class='ocrx_word' id='word_1_141' title='bbox 2096 989 2248 1044; x_wconf 80' lang='lat' dir='ltr'><strong>vobis</strong></span> <span class='ocrx_word' id='word_1_142' title='bbox 2298 989 2609 1045; x_wconf 87' lang='lat' dir='ltr'><strong>necessario</strong></span> <span class='ocrx_word' id='word_1_143' title='bbox 2650 989 2990 1060; x_wconf 86' lang='lat' dir='ltr'><strong>scripsimus,</strong></span> <span class='ocrx_word' id='word_1_144' title='bbox 3026 1001 3084 1045; x_wconf 92' lang='lat' dir='ltr'><strong>ut</strong></span> <span class='ocrx_word' id='word_1_145' title='bbox 3128 992 3325 1048; x_wconf 88' lang='lat' dir='ltr'><strong>danma</strong></span> 
     </span>
    </p>
   </div>
   <div class='ocr_carea' id='block_1_23' title="bbox 1765 1080 3328 1152">
    <p class='ocr_par' dir='ltr' id='par_1_23' title="bbox 1765 1080 3328 1152">
     <span class='ocr_line' id='line_1_23' title="bbox 1765 1080 3328 1152; baseline 0.002 -16"><span class='ocrx_word' id='word_1_146' title='bbox 1765 1098 1793 1136; x_wconf 94' lang='lat' dir='ltr'><strong>a</strong></span> <span class='ocrx_word' id='word_1_147' title='bbox 1823 1080 2006 1152; x_wconf 85' lang='lat' dir='ltr'><strong>pravis</strong></span> <span class='ocrx_word' id='word_1_148' title='bbox 2029 1081 2374 1136; x_wconf 86' lang='lat' dir='ltr'><strong>documentis</strong></span> <span class='ocrx_word' id='word_1_149' title='bbox 2402 1081 2766 1151; x_wconf 77' lang='lat' dir='ltr'><strong>impendentia</strong></span> <span class='ocrx_word' id='word_1_150' title='bbox 2792 1083 3048 1137; x_wconf 83' lang='lat' dir='ltr'><strong>caveatis.</strong></span> <span class='ocrx_word' id='word_1_151' title='bbox 3075 1082 3207 1137; x_wconf 78' lang='lat' dir='ltr'><strong>Nam</strong></span> <span class='ocrx_word' id='word_1_152' title='bbox 3243 1099 3328 1139; x_wconf 86' lang='lat' dir='ltr'><strong>re—</strong></span> 
     </span>
    </p>
   </div>
   <div class='ocr_carea' id='block_1_24' title="bbox 1764 1171 3330 1241">
    <p class='ocr_par' dir='ltr' id='par_1_24' title="bbox 1764 1171 3330 1241">
     <span class='ocr_line' id='line_1_24' title="bbox 1764 1171 3330 1241; baseline 0.001 -14"><span class='ocrx_word' id='word_1_153' title='bbox 1764 1187 1914 1233; x_wconf 89' lang='lat' dir='ltr'><strong>vera,</strong></span> <span class='ocrx_word' id='word_1_154' title='bbox 1958 1171 2005 1226; x_wconf 92' lang='lat' dir='ltr'><strong>si</strong></span> <span class='ocrx_word' id='word_1_155' title='bbox 2052 1185 2233 1241; x_wconf 83' lang='lat' dir='ltr'><strong>pravae</strong></span> <span class='ocrx_word' id='word_1_156' title='bbox 2260 1171 2526 1226; x_wconf 79' lang='lat' dir='ltr'><strong>doctrinae</strong></span> <span class='ocrx_word' id='word_1_157' title='bbox 2575 1186 2697 1225; x_wconf 92' lang='lat' dir='ltr'><strong>cum</strong></span> <span class='ocrx_word' id='word_1_158' title='bbox 2738 1172 3046 1240; x_wconf 83' lang='lat' dir='ltr'><strong>pharmacis</strong></span> <span class='ocrx_word' id='word_1_159' title='bbox 3080 1173 3330 1228; x_wconf 67' lang='lat' dir='ltr'><strong>exitiosis</strong></span> 
     </span>
    </p>
   </div>
   <div class='ocr_carea' id='block_1_25' title="bbox 1765 1260 3330 1332">
    <p class='ocr_par' dir='ltr' id='par_1_25' title="bbox 1765 1260 3330 1332">
     <span class='ocr_line' id='line_1_25' title="bbox 1765 1260 3330 1332; baseline -0.001 -17"><span class='ocrx_word' id='word_1_160' title='bbox 1765 1260 2163 1332; x_wconf 70' lang='lat' dir='ltr'><strong>comparandae,</strong></span> <span class='ocrx_word' id='word_1_161' title='bbox 2193 1260 2648 1332; x_wconf 84' lang='lat' dir='ltr'><strong>quemadmodum</strong></span> <span class='ocrx_word' id='word_1_162' title='bbox 2685 1261 2825 1331; x_wconf 88' lang='lat' dir='ltr'><strong>apud</strong></span> <span class='ocrx_word' id='word_1_163' title='bbox 2865 1277 2959 1315; x_wconf 89' lang='lat' dir='ltr'><strong>vos</strong></span> <span class='ocrx_word' id='word_1_164' title='bbox 2991 1262 3330 1316; x_wconf 85' lang='lat' dir='ltr'><strong>somniorum</strong></span> 
     </span>
    </p>
   </div>
   <div class='ocr_carea' id='block_1_26' title="bbox 1766 1341 3328 1423">
    <p class='ocr_par' dir='ltr' id='par_1_26' title="bbox 1766 1341 3328 1423">
     <span class='ocr_line' id='line_1_26' title="bbox 1766 1341 3328 1423; baseline -0.001 -15"><span class='ocrx_word' id='word_1_165' title='bbox 1766 1355 2091 1423; x_wconf 79' lang='lat' dir='ltr'><strong>interpretes</strong></span> <span class='ocrx_word' id='word_1_166' title='bbox 2112 1352 2331 1418; x_wconf 90' lang='lat' dir='ltr'><strong>dicunt,</strong></span> <span class='ocrx_word' id='word_1_167' title='bbox 2361 1352 2475 1407; x_wconf 61' lang='lat' dir='ltr'><strong>hac</strong></span> <span class='ocrx_word' id='word_1_168' title='bbox 2499 1361 2628 1407; x_wconf 77' lang='lat' dir='ltr'><strong>sunt</strong></span> <span class='ocrx_word' id='word_1_169' title='bbox 2661 1362 2716 1407; x_wconf 90' lang='lat' dir='ltr'><strong>et</strong></span> <span class='ocrx_word' id='word_1_170' title='bbox 2743 1352 2923 1407; x_wconf 85' lang='lat' dir='ltr'><strong>cicuta</strong></span> <span class='ocrx_word' id='word_1_171' title='bbox 2949 1361 3001 1408; x_wconf 88' lang='lat' dir='ltr'><strong>et</strong></span> <span class='ocrx_word' id='word_1_172' title='bbox 3029 1341 3328 1416; x_wconf 86' lang='lat' dir='ltr'><strong>aconitum,</strong></span> 
     </span>
    </p>
   </div>
   <div class='ocr_carea' id='block_1_27' title="bbox 1763 1443 3322 1522">
    <p class='ocr_par' dir='ltr' id='par_1_27' title="bbox 1763 1443 3322 1522">
     <span class='ocr_line' id='line_1_27' title="bbox 1763 1443 3322 1522; baseline -0.001 -23"><span class='ocrx_word' id='word_1_173' title='bbox 1763 1453 1819 1499; x_wconf 87' lang='lat' dir='ltr'><strong>ct</strong></span> <span class='ocrx_word' id='word_1_174' title='bbox 1847 1445 2054 1519; x_wconf 86' lang='lat' dir='ltr'><strong>siquod</strong></span> <span class='ocrx_word' id='word_1_175' title='bbox 2082 1445 2235 1500; x_wconf 85' lang='lat' dir='ltr'><strong>aliud</strong></span> <span class='ocrx_word' id='word_1_176' title='bbox 2263 1445 2461 1500; x_wconf 88' lang='lat' dir='ltr'><strong>lethale</strong></span> <span class='ocrx_word' id='word_1_177' title='bbox 2497 1444 2872 1514; x_wconf 84' lang='lat' dir='ltr'><strong>pharmacum.</strong></span> <span class='ocrx_word' id='word_1_178' title='bbox 2909 1443 3180 1522; x_wconf 82' lang='lat' dir='ltr'><strong>Ilaecsuut</strong></span> <span class='ocrx_word' id='word_1_179' title='bbox 3209 1446 3322 1498; x_wconf 88' lang='lat' dir='ltr'><strong>ani-</strong></span> 
     </span>
    </p>
   </div>
   <div class='ocr_carea' id='block_1_28' title="bbox 1766 1537 3421 1601">
    <p class='ocr_par' dir='ltr' id='par_1_28' title="bbox 1766 1537 3421 1601">
     <span class='ocr_line' id='line_1_28' title="bbox 1766 1537 3421 1601; baseline -0.001 -10"><span class='ocrx_word' id='word_1_180' title='bbox 1766 1552 1975 1592; x_wconf 89' lang='lat' dir='ltr'><strong>marum</strong></span> <span class='ocrx_word' id='word_1_181' title='bbox 2006 1551 2237 1601; x_wconf 86' lang='lat' dir='ltr'><strong>venena,</strong></span> <span class='ocrx_word' id='word_1_182' title='bbox 2269 1552 2376 1592; x_wconf 88' lang='lat' dir='ltr'><strong>non</strong></span> <span class='ocrx_word' id='word_1_183' title='bbox 2408 1538 2581 1593; x_wconf 91' lang='lat' dir='ltr'><strong>nostri</strong></span> <span class='ocrx_word' id='word_1_184' title='bbox 2612 1552 2916 1601; x_wconf 85' lang='lat' dir='ltr'><strong>sermones,</strong></span> <span class='ocrx_word' id='word_1_185' title='bbox 2952 1546 3009 1592; x_wconf 93' lang='lat' dir='ltr'><strong>ut</strong></span> <span class='ocrx_word' id='word_1_186' title='bbox 3037 1537 3327 1592; x_wconf 86' lang='lat' dir='ltr'><strong>temulenta</strong></span> <span class='ocrx_word' id='word_1_187' title='bbox 3412 1560 3421 1577; x_wconf 60' lang='grc' dir='ltr'>κ</span> 
     </span>
    </p>
   </div>
   <div class='ocr_carea' id='block_1_29' title="bbox 1764 1629 3331 1694">
    <p class='ocr_par' dir='ltr' id='par_1_29' title="bbox 1764 1629 3331 1694">
     <span class='ocr_line' id='line_1_29' title="bbox 1764 1629 3331 1694; baseline 0.001 -11"><span class='ocrx_word' id='word_1_188' title='bbox 1764 1630 1857 1684; x_wconf 92' lang='lat' dir='ltr'><strong>illa</strong></span> <span class='ocrx_word' id='word_1_189' title='bbox 1892 1629 2284 1686; x_wconf 89' lang='lat' dir='ltr'><strong>cerebellorum</strong></span> <span class='ocrx_word' id='word_1_190' title='bbox 2315 1630 2597 1685; x_wconf 81' lang='lat' dir='ltr'><strong>involucra</strong></span> <span class='ocrx_word' id='word_1_191' title='bbox 2631 1631 2938 1694; x_wconf 89' lang='lat' dir='ltr'><strong>clamitant,</strong></span> <span class='ocrx_word' id='word_1_192' title='bbox 2970 1630 3102 1686; x_wconf 85' lang='lat' dir='ltr'><strong>visis</strong></span> <span class='ocrx_word' id='word_1_193' title='bbox 3144 1630 3331 1685; x_wconf 89' lang='lat' dir='ltr'><strong>multis</strong></span> 
     </span>
    </p>
   </div>
   <div class='ocr_carea' id='block_1_30' title="bbox 1767 1718 3327 1795">
    <p class='ocr_par' dir='ltr' id='par_1_30' title="bbox 1767 1718 3327 1795">
     <span class='ocr_line' id='line_1_30' title="bbox 1767 1718 3327 1795; baseline 0.001 -20"><span class='ocrx_word' id='word_1_194' title='bbox 1767 1718 1839 1778; x_wconf 83' lang='lat' dir='ltr'><strong>ob</strong></span> <span class='ocrx_word' id='word_1_195' title='bbox 1886 1723 2137 1778; x_wconf 84' lang='lat' dir='ltr'><strong>morbum</strong></span> <span class='ocrx_word' id='word_1_196' title='bbox 2193 1724 2443 1779; x_wconf 81' lang='lat' dir='ltr'><strong>referta:</strong></span> <span class='ocrx_word' id='word_1_197' title='bbox 2480 1739 2619 1795; x_wconf 87' lang='lat' dir='ltr'><strong>quos</strong></span> <span class='ocrx_word' id='word_1_198' title='bbox 2665 1722 2907 1794; x_wconf 80' lang='lat' dir='ltr'><strong>quidem,</strong></span> <span class='ocrx_word' id='word_1_199' title='bbox 2958 1723 3003 1777; x_wconf 93' lang='lat' dir='ltr'><strong>si</strong></span> <span class='ocrx_word' id='word_1_200' title='bbox 3053 1729 3327 1793; x_wconf 85' lang='lat' dir='ltr'><strong>saperent,</strong></span> 
     </span>
    </p>
   </div>
   <div class='ocr_carea' id='block_1_31' title="bbox 132 1793 1669 1893">
    <p class='ocr_par' dir='ltr' id='par_1_31' title="bbox 132 1793 1666 1893">
     <span class='ocr_line' id='line_1_31' title="bbox 132 1793 1666 1893; baseline -0.003 -16"><span class='ocrx_word' id='word_1_201' title='bbox 132 1826 193 1877; x_wconf 72' lang='grc' dir='ltr'>ὅτι</span> <span class='ocrx_word' id='word_1_202' title='bbox 210 1825 316 1885; x_wconf 79' lang='grc' dir='ltr'>ταῖς</span> <span class='ocrx_word' id='word_1_203' title='bbox 346 1793 751 1891; x_wconf 18' lang='grc' dir='ltr'><strong>ἀχράντοιςγκαὶ⁵</strong></span> <span class='ocrx_word' id='word_1_204' title='bbox 780 1793 957 1892; x_wconf 78' lang='grc' dir='ltr'>πάσης</span> <span class='ocrx_word' id='word_1_205' title='bbox 986 1793 1199 1893; x_wconf 78' lang='grc' dir='ltr'>κηλῖδος</span> <span class='ocrx_word' id='word_1_206' title='bbox 1217 1793 1666 1892; x_wconf 24' lang='grc' dir='ltr'>’κεκαθαρμέναις</span> 
     </span>
    </p>
   </div>
   <div class='ocr_carea' id='block_1_32' title="bbox 1778 1793 3331 1893">
    <p class='ocr_par' dir='ltr' id='par_1_32' title="bbox 1778 1816 3331 1887">
     <span class='ocr_line' id='line_1_32' title="bbox 1778 1816 3331 1887; baseline 0 -17"><span class='ocrx_word' id='word_1_207' title='bbox 1778 1832 1930 1872; x_wconf 85' lang='lat' dir='ltr'><strong>nosse</strong></span> <span class='ocrx_word' id='word_1_208' title='bbox 1972 1816 2279 1887; x_wconf 85' lang='lat' dir='ltr'><strong>oportebat,</strong></span> <span class='ocrx_word' id='word_1_209' title='bbox 2328 1816 2669 1871; x_wconf 80' lang='lat' dir='ltr'><strong>intaminatis</strong></span> <span class='ocrx_word' id='word_1_210' title='bbox 2715 1824 2770 1871; x_wconf 93' lang='lat' dir='ltr'><strong>et</strong></span> <span class='ocrx_word' id='word_1_211' title='bbox 2815 1816 2884 1870; x_wconf 90' lang='lat' dir='ltr'><strong>ab</strong></span> <span class='ocrx_word' id='word_1_212' title='bbox 2920 1817 3066 1871; x_wconf 91' lang='lat' dir='ltr'><strong>omni</strong></span> <span class='ocrx_word' id='word_1_213' title='bbox 3117 1816 3331 1870; x_wconf 78' lang='lat' dir='ltr'><strong>macula</strong></span> 
     </span>
    </p>
   </div>
   <div class='ocr_carea' id='block_1_33' title="bbox 131 1909 1722 1984">
    <p class='ocr_par' dir='ltr' id='par_1_33' title="bbox 131 1909 1722 1984">
     <span class='ocr_line' id='line_1_33' title="bbox 131 1909 1722 1984; baseline -0.003 -18"><span class='ocrx_word' id='word_1_214' title='bbox 131 1916 293 1984; x_wconf 54' lang='lat' dir='ltr'><strong>balet;</strong></span> <span class='ocrx_word' id='word_1_215' title='bbox 320 1912 378 1964; x_wconf 73' lang='grc' dir='ltr'>τὸ</span> <span class='ocrx_word' id='word_1_216' title='bbox 409 1910 748 1983; x_wconf 76' lang='grc' dir='ltr'>προφητικὸν</span> <span class='ocrx_word' id='word_1_217' title='bbox 774 1910 1062 1979; x_wconf 77' lang='grc' dir='ltr'>ἐναυγάζει</span> <span class='ocrx_word' id='word_1_218' title='bbox 1088 1911 1350 1982; x_wconf 78' lang='grc' dir='ltr'>χάρισμα.</span> <span class='ocrx_word' id='word_1_219' title='bbox 1388 1910 1524 1965; x_wconf 82' lang='grc' dir='ltr'>Οῦτε</span> <span class='ocrx_word' id='word_1_220' title='bbox 1556 1909 1666 1980; x_wconf 85' lang='grc' dir='ltr'><strong>γάρ</strong></span> <span class='ocrx_word' id='word_1_221' title='bbox 1711 1918 1722 1931; x_wconf 82' lang='grc'><strong><em>⁸</em></strong></span> 
     </span>
    </p>
   </div>
   <div class='ocr_carea' id='block_1_34' title="bbox 127 2001 1667 2076">
    <p class='ocr_par' dir='ltr' id='par_1_34' title="bbox 127 2001 1667 2076">
     <span class='ocr_line' id='line_1_34' title="bbox 127 2001 1667 2076; baseline -0.005 -14"><span class='ocrx_word' id='word_1_222' title='bbox 127 2007 380 2076; x_wconf 69' lang='grc' dir='ltr'>κατόπτρῳ</span> <span class='ocrx_word' id='word_1_223' title='bbox 432 2003 676 2075; x_wconf 79' lang='grc' dir='ltr'>ῥυπῶντι</span> <span class='ocrx_word' id='word_1_224' title='bbox 732 2003 954 2056; x_wconf 83' lang='grc' dir='ltr'>δυνατὸν</span> <span class='ocrx_word' id='word_1_225' title='bbox 1008 2002 1116 2056; x_wconf 89' lang='grc' dir='ltr'><strong>τῶν</strong></span> <span class='ocrx_word' id='word_1_226' title='bbox 1160 2002 1381 2056; x_wconf 76' lang='grc' dir='ltr'>εἰκόνων</span> <span class='ocrx_word' id='word_1_227' title='bbox 1418 2001 1667 2067; x_wconf 80' lang='grc' dir='ltr'>δέξασθαι</span> 
     </span>
    </p>
   </div>
   <div class='ocr_carea' id='block_1_35' title="bbox 132 2092 1669 2170">
    <p class='ocr_par' dir='ltr' id='par_1_35' title="bbox 132 2092 1669 2170">
     <span class='ocr_line' id='line_1_35' title="bbox 132 2092 1669 2170; baseline -0.012 -16"><span class='ocrx_word' id='word_1_228' title='bbox 132 2102 207 2165; x_wconf 66' lang='grc' dir='ltr'><strong>τὰς</strong></span> <span class='ocrx_word' id='word_1_229' title='bbox 226 2097 503 2170; x_wconf 71' lang='grc' dir='ltr'>ἐμφάσεις,</span> <span class='ocrx_word' id='word_1_230' title='bbox 548 2094 671 2148; x_wconf 78' lang='grc' dir='ltr'>οὕτε</span> <span class='ocrx_word' id='word_1_231' title='bbox 708 2093 884 2165; x_wconf 73' lang='grc' dir='ltr'>ψυχὴν</span> <span class='ocrx_word' id='word_1_232' title='bbox 913 2095 1033 2158; x_wconf 89' lang='grc' dir='ltr'>ταῖς</span> <span class='ocrx_word' id='word_1_233' title='bbox 1075 2093 1352 2165; x_wconf 83' lang='grc' dir='ltr'>βιωτικαῖς</span> <span class='ocrx_word' id='word_1_234' title='bbox 1383 2092 1669 2165; x_wconf 78' lang='grc' dir='ltr'>προειλημ.</span> 
     </span>
    </p>
   </div>
   <div class='ocr_carea' id='block_1_36' title="bbox 127 2185 1668 2264">
    <p class='ocr_par' dir='ltr' id='par_1_36' title="bbox 127 2185 1668 2264">
     <span class='ocr_line' id='line_1_36' title="bbox 127 2185 1668 2264; baseline -0.007 -18"><span class='ocrx_word' id='word_1_235' title='bbox 127 2194 270 2264; x_wconf 81' lang='grc' dir='ltr'>μένην</span> <span class='ocrx_word' id='word_1_236' title='bbox 324 2188 642 2261; x_wconf 82' lang='grc' dir='ltr'>μερίμναις,</span> <span class='ocrx_word' id='word_1_237' title='bbox 677 2188 771 2241; x_wconf 79' lang='grc' dir='ltr'>καὶ</span> <span class='ocrx_word' id='word_1_238' title='bbox 808 2189 920 2250; x_wconf 90' lang='grc' dir='ltr'>τοῖς</span> <span class='ocrx_word' id='word_1_239' title='bbox 965 2187 1029 2239; x_wconf 77' lang='grc' dir='ltr'>ὲκ</span> <span class='ocrx_word' id='word_1_240' title='bbox 1070 2185 1164 2239; x_wconf 88' lang='grc' dir='ltr'><strong>τοῦ</strong></span> <span class='ocrx_word' id='word_1_241' title='bbox 1201 2186 1545 2257; x_wconf 80' lang='grc' dir='ltr'>φρονήματος</span> <span class='ocrx_word' id='word_1_242' title='bbox 1570 2186 1668 2256; x_wconf 81' lang='grc' dir='ltr'>τῆς</span> 
     </span>
    </p>
   </div>
   <div class='ocr_carea' id='block_1_37' title="bbox 126 2275 1666 2357">
    <p class='ocr_par' dir='ltr' id='par_1_37' title="bbox 126 2275 1666 2357">
     <span class='ocr_line' id='line_1_37' title="bbox 126 2275 1666 2357; baseline -0.005 -20"><span class='ocrx_word' id='word_1_243' title='bbox 126 2284 297 2357; x_wconf 70' lang='grc' dir='ltr'>σαρκὸς</span> <span class='ocrx_word' id='word_1_244' title='bbox 320 2279 784 2351; x_wconf 74' lang='grc' dir='ltr'>ἐπισκοτουμένην</span> <span class='ocrx_word' id='word_1_245' title='bbox 818 2277 1038 2342; x_wconf 84' lang='grc' dir='ltr'>πάθεσι,</span> <span class='ocrx_word' id='word_1_246' title='bbox 1062 2277 1286 2331; x_wconf 87' lang='grc' dir='ltr'>δυνατὸν</span> <span class='ocrx_word' id='word_1_247' title='bbox 1309 2275 1666 2341; x_wconf 82' lang='grc' dir='ltr'>ὑποδέξασθαι</span> 
     </span>
    </p>
   </div>
   <div class='ocr_carea' id='block_1_38' title="bbox 124 2367 1667 2443">
    <p class='ocr_par' dir='ltr' id='par_1_38' title="bbox 124 2367 1667 2443">
     <span class='ocr_line' id='line_1_38' title="bbox 124 2367 1667 2443; baseline -0.007 -14"><span class='ocrx_word' id='word_1_248' title='bbox 124 2376 198 2429; x_wconf 77' lang='grc' dir='ltr'><strong>τοῦ</strong></span> <span class='ocrx_word' id='word_1_249' title='bbox 246 2374 396 2443; x_wconf 77' lang='grc' dir='ltr'>ἀγίου</span> <span class='ocrx_word' id='word_1_250' title='bbox 453 2371 770 2443; x_wconf 71' lang='grc' dir='ltr'>Πνεῦματος</span> <span class='ocrx_word' id='word_1_251' title='bbox 815 2369 914 2435; x_wconf 83' lang='grc' dir='ltr'><strong>τάς</strong></span> <span class='ocrx_word' id='word_1_252' title='bbox 966 2368 1281 2440; x_wconf 75' lang='grc' dir='ltr'>ὲλλάμψεις.</span> <span class='ocrx_word' id='word_1_253' title='bbox 1318 2368 1390 2421; x_wconf 80' lang='grc' dir='ltr'><strong>Οὐ</strong></span> <span class='ocrx_word' id='word_1_254' title='bbox 1414 2367 1523 2440; x_wconf 77' lang='grc' dir='ltr'><strong>γὰρ</strong></span> <span class='ocrx_word' id='word_1_255' title='bbox 1560 2368 1667 2420; x_wconf 84' lang='grc' dir='ltr'><strong>πᾶν</strong></span> 
     </span>
    </p>
   </div>
   <div class='ocr_carea' id='block_1_39' title="bbox 119 2459 1667 2535">
    <p class='ocr_par' dir='ltr' id='par_1_39' title="bbox 119 2459 1667 2535">
     <span class='ocr_line' id='line_1_39' title="bbox 119 2459 1667 2535; baseline -0.01 -15"><span class='ocrx_word' id='word_1_256' title='bbox 119 2467 342 2522; x_wconf 74' lang='grc' dir='ltr'>ἐνύπνιον</span> <span class='ocrx_word' id='word_1_257' title='bbox 374 2463 544 2527; x_wconf 73' lang='grc' dir='ltr'>εὐθὺς</span> <span class='ocrx_word' id='word_1_258' title='bbox 578 2461 903 2535; x_wconf 78' lang='grc' dir='ltr'>προφητεία,</span> <span class='ocrx_word' id='word_1_259' title='bbox 938 2459 1013 2525; x_wconf 84' lang='grc' dir='ltr'>ὥς</span> <span class='ocrx_word' id='word_1_260' title='bbox 1052 2476 1183 2531; x_wconf 82' lang='grc' dir='ltr'>φησι</span> <span class='ocrx_word' id='word_1_261' title='bbox 1207 2460 1514 2531; x_wconf 82' lang='grc' dir='ltr'>Ζαχαρίας·</span> <span class='ocrx_word' id='word_1_262' title='bbox 1550 2462 1667 2515; x_wconf 78' lang='grc' dir='ltr'><strong>Κύ-</strong></span> 
     </span>
    </p>
   </div>
   <div class='ocr_carea' id='block_1_40' title="bbox 115 2551 1667 2627">
    <p class='ocr_par' dir='ltr' id='par_1_40' title="bbox 115 2551 1667 2627">
     <span class='ocr_line' id='line_1_40' title="bbox 115 2551 1667 2627; baseline -0.006 -13"><span class='ocrx_word' id='word_1_263' title='bbox 115 2577 227 2627; x_wconf 83' lang='grc' dir='ltr'>ριος</span> <span class='ocrx_word' id='word_1_264' title='bbox 258 2557 519 2624; x_wconf 73' lang='grc' dir='ltr'>ἐποίησε</span> <span class='ocrx_word' id='word_1_265' title='bbox 557 2554 920 2624; x_wconf 67' lang='grc' dir='ltr'>φαντασίαν,</span> <span class='ocrx_word' id='word_1_266' title='bbox 955 2552 1052 2607; x_wconf 78' lang='grc' dir='ltr'>καὶ</span> <span class='ocrx_word' id='word_1_267' title='bbox 1092 2552 1270 2607; x_wconf 81' lang='grc' dir='ltr'>ὑετὸν</span> <span class='ocrx_word' id='word_1_268' title='bbox 1315 2551 1667 2622; x_wconf 70' lang='grc' dir='ltr'>χειμερινὸν,</span> 
     </span>
    </p>
   </div>
   <div class='ocr_carea' id='block_1_41' title="bbox 116 2641 1668 2715">
    <p class='ocr_par' dir='ltr' id='par_1_41' title="bbox 116 2641 1668 2715">
     <span class='ocr_line' id='line_1_41' title="bbox 116 2641 1668 2715; baseline -0.005 -12"><span class='ocrx_word' id='word_1_269' title='bbox 116 2650 243 2704; x_wconf 60' lang='grc' dir='ltr'>διότι</span> <span class='ocrx_word' id='word_1_270' title='bbox 276 2652 329 2702; x_wconf 82' lang='grc' dir='ltr'>οι</span> <span class='ocrx_word' id='word_1_271' title='bbox 381 2645 898 2715; x_wconf 66' lang='grc' dir='ltr'>ἀποφθεγγόμενοι</span> <span class='ocrx_word' id='word_1_272' title='bbox 949 2641 1263 2710; x_wconf 72' lang='grc' dir='ltr'><strong>ἐλάλησαν</strong></span> <span class='ocrx_word' id='word_1_273' title='bbox 1301 2643 1546 2708; x_wconf 79' lang='grc' dir='ltr'>κόπους,</span> <span class='ocrx_word' id='word_1_274' title='bbox 1570 2644 1668 2697; x_wconf 80' lang='grc' dir='ltr'>καὶ</span> 
     </span>
    </p>
   </div>
   <div class='ocr_carea' id='block_1_42' title="bbox 117 2726 1673 2805">
    <p class='ocr_par' dir='ltr' id='par_1_42' title="bbox 117 2726 1673 2805">
     <span class='ocr_line' id='line_1_42' title="bbox 117 2726 1673 2805; baseline -0.003 -13"><span class='ocrx_word' id='word_1_275' title='bbox 117 2741 177 2794; x_wconf 83' lang='grc' dir='ltr'>τὰ</span> <span class='ocrx_word' id='word_1_276' title='bbox 223 2739 483 2792; x_wconf 74' lang='grc' dir='ltr'>ἐνύπνια</span> <span class='ocrx_word' id='word_1_277' title='bbox 547 2734 745 2805; x_wconf 70' lang='grc' dir='ltr'>ψευδῆ</span> <span class='ocrx_word' id='word_1_278' title='bbox 806 2734 1091 2790; x_wconf 79' lang='grc' dir='ltr'>ἐλάλουν.</span> <span class='ocrx_word' id='word_1_279' title='bbox 1140 2726 1300 2787; x_wconf 75' lang='grc' dir='ltr'>Οὗτοι</span> <span class='ocrx_word' id='word_1_280' title='bbox 1349 2734 1407 2788; x_wconf 80' lang='grc' dir='ltr'>δὲ</span> <span class='ocrx_word' id='word_1_281' title='bbox 1455 2734 1673 2789; x_wconf 88' lang='grc' dir='ltr'>κάκεῖνο</span> 
     </span>
    </p>
   </div>
   <div class='ocr_carea' id='block_1_43' title="bbox 114 2825 1672 2898">
    <p class='ocr_par' dir='ltr' id='par_1_43' title="bbox 114 2825 1672 2898">
     <span class='ocr_line' id='line_1_43' title="bbox 114 2825 1672 2898; baseline -0.002 -15"><span class='ocrx_word' id='word_1_282' title='bbox 114 2828 395 2898; x_wconf 77' lang='grc' dir='ltr'>ἀγνοοῦσιν,</span> <span class='ocrx_word' id='word_1_283' title='bbox 433 2829 650 2880; x_wconf 87' lang='grc' dir='ltr'>οἱκατά</span> <span class='ocrx_word' id='word_1_284' title='bbox 674 2826 767 2880; x_wconf 78' lang='grc' dir='ltr'>τὸν</span> <span class='ocrx_word' id='word_1_285' title='bbox 809 2825 1036 2880; x_wconf 80' lang='grc' dir='ltr'>Ἡσαΐαν</span> <span class='ocrx_word' id='word_1_286' title='bbox 1068 2825 1510 2896; x_wconf 73' lang='grc' dir='ltr'>ἐνυπνιαζόμενοι</span> <span class='ocrx_word' id='word_1_287' title='bbox 1579 2829 1672 2880; x_wconf 75' lang='grc' dir='ltr'>καὶ</span> 
     </span>
    </p>
   </div>
   <div class='ocr_carea' id='block_1_44' title="bbox 115 2902 1671 2993">
    <p class='ocr_par' dir='ltr' id='par_1_44' title="bbox 115 2902 1671 2993">
     <span class='ocr_line' id='line_1_44' title="bbox 115 2902 1671 2993; baseline -0.002 -19"><span class='ocrx_word' id='word_1_288' title='bbox 115 2922 278 2993; x_wconf 76' lang='grc' dir='ltr'>κοίτην</span> <span class='ocrx_word' id='word_1_289' title='bbox 332 2918 623 2990; x_wconf 83' lang='grc' dir='ltr'>φιλοῦντες</span> <span class='ocrx_word' id='word_1_290' title='bbox 674 2916 956 2983; x_wconf 82' lang='grc' dir='ltr'>νυστάξαι,</span> <span class='ocrx_word' id='word_1_291' title='bbox 1005 2917 1087 2971; x_wconf 82' lang='grc' dir='ltr'>ὅτι</span> <span class='ocrx_word' id='word_1_292' title='bbox 1127 2916 1392 2981; x_wconf 80' lang='grc' dir='ltr'>πολλάκις</span> <span class='ocrx_word' id='word_1_293' title='bbox 1424 2902 1671 2991; x_wconf 70' lang='grc' dir='ltr'>ἐνέργεια</span> 
     </span>
    </p>
   </div>
   <div class='ocr_carea' id='block_1_45' title="bbox 114 3008 1668 3082">
    <p class='ocr_par' dir='ltr' id='par_1_45' title="bbox 114 3008 1668 3082">
     <span class='ocr_line' id='line_1_45' title="bbox 114 3008 1668 3082; baseline 0.001 -18"><span class='ocrx_word' id='word_1_294' title='bbox 114 3013 297 3082; x_wconf 77' lang='grc' dir='ltr'>πλάνης</span> <span class='ocrx_word' id='word_1_295' title='bbox 324 3009 724 3065; x_wconf 82' lang='grc' dir='ltr'>ἀποστέλλεται</span> <span class='ocrx_word' id='word_1_296' title='bbox 757 3009 850 3062; x_wconf 75' lang='grc' dir='ltr'><strong>ἐπὶ</strong></span> <span class='ocrx_word' id='word_1_297' title='bbox 888 3009 1013 3072; x_wconf 78' lang='grc' dir='ltr'>τοὺς</span> <span class='ocrx_word' id='word_1_298' title='bbox 1050 3008 1199 3072; x_wconf 76' lang='grc' dir='ltr'>υἱοὺς</span> <span class='ocrx_word' id='word_1_299' title='bbox 1231 3011 1329 3081; x_wconf 80' lang='grc' dir='ltr'>τῆς</span> <span class='ocrx_word' id='word_1_300' title='bbox 1370 3010 1668 3074; x_wconf 81' lang='grc' dir='ltr'>ἀπειθείας.</span> 
     </span>
    </p>
   </div>
   <div class='ocr_carea' id='block_1_46' title="bbox 1767 1910 3328 1982">
    <p class='ocr_par' dir='ltr' id='par_1_46' title="bbox 1767 1910 3328 1982">
     <span class='ocr_line' id='line_1_46' title="bbox 1767 1910 3328 1982; baseline 0 -16"><span class='ocrx_word' id='word_1_301' title='bbox 1767 1911 2082 1982; x_wconf 79' lang='lat' dir='ltr'><strong>expurgatis</strong></span> <span class='ocrx_word' id='word_1_302' title='bbox 2124 1910 2400 1966; x_wconf 87' lang='lat' dir='ltr'><strong>mentibus</strong></span> <span class='ocrx_word' id='word_1_303' title='bbox 2430 1910 2808 1982; x_wconf 85' lang='lat' dir='ltr'><strong>propheticum</strong></span> <span class='ocrx_word' id='word_1_304' title='bbox 2834 1911 3039 1967; x_wconf 87' lang='lat' dir='ltr'><strong>donum</strong></span> <span class='ocrx_word' id='word_1_305' title='bbox 3082 1912 3328 1968; x_wconf 89' lang='lat' dir='ltr'><strong>illucere.</strong></span> 
     </span>
    </p>
   </div>
   <div class='ocr_carea' id='block_1_47' title="bbox 1766 2000 3329 2074">
    <p class='ocr_par' dir='ltr' id='par_1_47' title="bbox 1766 2000 3329 2074">
     <span class='ocr_line' id='line_1_47' title="bbox 1766 2000 3329 2074; baseline 0.002 -20"><span class='ocrx_word' id='word_1_306' title='bbox 1766 2000 1952 2072; x_wconf 87' lang='lat' dir='ltr'><strong>Neque</strong></span> <span class='ocrx_word' id='word_1_307' title='bbox 2008 2002 2149 2056; x_wconf 87' lang='lat' dir='ltr'><strong>enim</strong></span> <span class='ocrx_word' id='word_1_308' title='bbox 2207 2000 2434 2071; x_wconf 90' lang='lat' dir='ltr'><strong>speculo</strong></span> <span class='ocrx_word' id='word_1_309' title='bbox 2493 2000 2714 2058; x_wconf 82' lang='lat' dir='ltr'><strong>sordido</strong></span> <span class='ocrx_word' id='word_1_310' title='bbox 2758 2010 2989 2072; x_wconf 89' lang='lat' dir='ltr'><strong>possunt</strong></span> <span class='ocrx_word' id='word_1_311' title='bbox 3032 2002 3329 2074; x_wconf 79' lang='lat' dir='ltr'><strong>imaginum</strong></span> 
     </span>
    </p>
   </div>
   <div class='ocr_carea' id='block_1_48' title="bbox 1766 2092 3331 2164">
    <p class='ocr_par' dir='ltr' id='par_1_48' title="bbox 1766 2092 3331 2164">
     <span class='ocr_line' id='line_1_48' title="bbox 1766 2092 3331 2164; baseline 0.001 -16"><span class='ocrx_word' id='word_1_312' title='bbox 1766 2092 1944 2162; x_wconf 79' lang='lat' dir='ltr'><strong>excipi</strong></span> <span class='ocrx_word' id='word_1_313' title='bbox 1994 2092 2242 2162; x_wconf 88' lang='lat' dir='ltr'><strong>species;</strong></span> <span class='ocrx_word' id='word_1_314' title='bbox 2284 2107 2460 2162; x_wconf 86' lang='lat' dir='ltr'><strong>neque</strong></span> <span class='ocrx_word' id='word_1_315' title='bbox 2503 2094 2685 2148; x_wconf 88' lang='lat' dir='ltr'><strong>anima</strong></span> <span class='ocrx_word' id='word_1_316' title='bbox 2734 2093 3090 2149; x_wconf 60' lang='lat' dir='ltr'><strong>smeultiribus</strong></span> <span class='ocrx_word' id='word_1_317' title='bbox 3122 2109 3331 2164; x_wconf 68' lang='lat' dir='ltr'><strong>praeoc-</strong></span> 
     </span>
    </p>
   </div>
   <div class='ocr_carea' id='block_1_49' title="bbox 1768 2184 3331 2255">
    <p class='ocr_par' dir='ltr' id='par_1_49' title="bbox 1768 2184 3331 2255">
     <span class='ocr_line' id='line_1_49' title="bbox 1768 2184 3331 2255; baseline 0.002 -16"><span class='ocrx_word' id='word_1_318' title='bbox 1768 2192 1963 2255; x_wconf 90' lang='lat' dir='ltr'><strong>cupata</strong></span> <span class='ocrx_word' id='word_1_319' title='bbox 1996 2185 2166 2247; x_wconf 86' lang='lat' dir='ltr'><strong>curis,</strong></span> <span class='ocrx_word' id='word_1_320' title='bbox 2212 2192 2266 2238; x_wconf 89' lang='lat' dir='ltr'><strong>et</strong></span> <span class='ocrx_word' id='word_1_321' title='bbox 2300 2184 2387 2237; x_wconf 92' lang='lat' dir='ltr'><strong>cui</strong></span> <span class='ocrx_word' id='word_1_322' title='bbox 2424 2184 2663 2239; x_wconf 85' lang='lat' dir='ltr'><strong>carnalis</strong></span> <span class='ocrx_word' id='word_1_323' title='bbox 2704 2200 2900 2241; x_wconf 89' lang='lat' dir='ltr'><strong>sensus</strong></span> <span class='ocrx_word' id='word_1_324' title='bbox 2934 2185 3152 2241; x_wconf 68' lang='lat' dir='ltr'><strong>affectio</strong></span> <span class='ocrx_word' id='word_1_325' title='bbox 3181 2195 3331 2242; x_wconf 85' lang='lat' dir='ltr'><strong>tene-</strong></span> 
     </span>
    </p>
   </div>
   <div class='ocr_carea' id='block_1_50' title="bbox 1766 2273 3333 2346">
    <p class='ocr_par' dir='ltr' id='par_1_50' title="bbox 1766 2273 3333 2346">
     <span class='ocr_line' id='line_1_50' title="bbox 1766 2273 3333 2346; baseline 0.002 -16"><span class='ocrx_word' id='word_1_326' title='bbox 1766 2277 1896 2331; x_wconf 88' lang='lat' dir='ltr'><strong>bras</strong></span> <span class='ocrx_word' id='word_1_327' title='bbox 1933 2273 2188 2339; x_wconf 77' lang='lat' dir='ltr'><strong>offundit,</strong></span> <span class='ocrx_word' id='word_1_328' title='bbox 2237 2274 2657 2331; x_wconf 89' lang='lat' dir='ltr'><strong>illustrationem</strong></span> <span class='ocrx_word' id='word_1_329' title='bbox 2705 2274 2940 2346; x_wconf 88' lang='lat' dir='ltr'><strong>Spiritus</strong></span> <span class='ocrx_word' id='word_1_330' title='bbox 2971 2279 3146 2332; x_wconf 82' lang='lat' dir='ltr'><strong>sant-ti</strong></span> <span class='ocrx_word' id='word_1_331' title='bbox 3191 2279 3333 2334; x_wconf 89' lang='lat' dir='ltr'><strong>reci-</strong></span> 
     </span>
    </p>
   </div>
   <div class='ocr_carea' id='block_1_51' title="bbox 1769 2364 3332 2441">
    <p class='ocr_par' dir='ltr' id='par_1_51' title="bbox 1769 2364 3332 2441">
     <span class='ocr_line' id='line_1_51' title="bbox 1769 2364 3332 2441; baseline 0.003 -20"><span class='ocrx_word' id='word_1_332' title='bbox 1769 2382 1896 2438; x_wconf 85' lang='lat' dir='ltr'><strong>pere</strong></span> <span class='ocrx_word' id='word_1_333' title='bbox 1922 2373 2117 2437; x_wconf 85' lang='lat' dir='ltr'><strong>potest.</strong></span> <span class='ocrx_word' id='word_1_334' title='bbox 2147 2364 2265 2420; x_wconf 88' lang='lat' dir='ltr'><strong>Non</strong></span> <span class='ocrx_word' id='word_1_335' title='bbox 2296 2366 2441 2422; x_wconf 90' lang='lat' dir='ltr'><strong>enim</strong></span> <span class='ocrx_word' id='word_1_336' title='bbox 2485 2381 2647 2423; x_wconf 91' lang='lat' dir='ltr'><strong>omne</strong></span> <span class='ocrx_word' id='word_1_337' title='bbox 2676 2369 2950 2423; x_wconf 90' lang='lat' dir='ltr'><strong>somnium</strong></span> <span class='ocrx_word' id='word_1_338' title='bbox 2987 2370 3169 2425; x_wconf 86' lang='lat' dir='ltr'><strong>statim</strong></span> <span class='ocrx_word' id='word_1_339' title='bbox 3203 2386 3332 2441; x_wconf 87' lang='lat' dir='ltr'><strong>pro-</strong></span> 
     </span>
    </p>
   </div>
   <div class='ocr_carea' id='block_1_52' title="bbox 1769 2456 3334 2532">
    <p class='ocr_par' dir='ltr' id='par_1_52' title="bbox 1769 2456 3334 2532">
     <span class='ocr_line' id='line_1_52' title="bbox 1769 2456 3334 2532; baseline 0.003 -21"><span class='ocrx_word' id='word_1_340' title='bbox 1769 2458 1952 2528; x_wconf 84' lang='lat' dir='ltr'><strong>phetia</strong></span> <span class='ocrx_word' id='word_1_341' title='bbox 1987 2468 2092 2523; x_wconf 89' lang='lat' dir='ltr'><strong>est,</strong></span> <span class='ocrx_word' id='word_1_342' title='bbox 2125 2466 2181 2512; x_wconf 92' lang='lat' dir='ltr'><strong>ut</strong></span> <span class='ocrx_word' id='word_1_343' title='bbox 2204 2457 2281 2512; x_wconf 85' lang='lat' dir='ltr'><strong>ait</strong></span> <span class='ocrx_word' id='word_1_344' title='bbox 2306 2456 2600 2514; x_wconf 86' lang='lat' dir='ltr'><strong>Zacharias</strong></span> <span class='ocrx_word' id='word_1_345' title='bbox 2629 2476 2644 2514; x_wconf 89' lang='lat'><strong>:</strong></span> <span class='ocrx_word' id='word_1_346' title='bbox 2674 2457 2931 2514; x_wconf 75' lang='lat' dir='ltr'><strong>Dominus</strong></span> <span class='ocrx_word' id='word_1_347' title='bbox 2961 2460 3080 2531; x_wconf 83' lang='lat' dir='ltr'><strong>fecit</strong></span> <span class='ocrx_word' id='word_1_348' title='bbox 3113 2460 3334 2532; x_wconf 82' lang='lat' dir='ltr'><strong>phanta-</strong></span> 
     </span>
    </p>
   </div>
   <div class='ocr_carea' id='block_1_53' title="bbox 1768 2548 3406 2620">
    <p class='ocr_par' dir='ltr' id='par_1_53' title="bbox 1768 2548 3406 2620">
     <span class='ocr_line' id='line_1_53' title="bbox 1768 2548 3406 2620; baseline 0.002 -16"><span class='ocrx_word' id='word_1_349' title='bbox 1768 2551 1940 2614; x_wconf 72' lang='lat' dir='ltr'><strong>siam,</strong></span> <span class='ocrx_word' id='word_1_350' title='bbox 1991 2556 2041 2604; x_wconf 87' lang='lat' dir='ltr'><strong>et</strong></span> <span class='ocrx_word' id='word_1_351' title='bbox 2093 2548 2324 2619; x_wconf 79' lang='lat' dir='ltr'><strong>pluviam</strong></span> <span class='ocrx_word' id='word_1_352' title='bbox 2374 2548 2678 2614; x_wconf 78' lang='lat' dir='ltr'><strong>hibernam,</strong></span> <span class='ocrx_word' id='word_1_353' title='bbox 2732 2549 2856 2620; x_wconf 79' lang='lat' dir='ltr'><strong>quia</strong></span> <span class='ocrx_word' id='word_1_354' title='bbox 2918 2552 3329 2607; x_wconf 67' lang='lat' dir='ltr'><strong>sermocinante:</strong></span> <span class='ocrx_word' id='word_1_355' title='bbox 3403 2596 3406 2600; x_wconf 46' lang='grc' dir='ltr'>λ</span> 
     </span>
    </p>
   </div>
   <div class='ocr_carea' id='block_1_54' title="bbox 1771 2636 3331 2714">
    <p class='ocr_par' dir='ltr' id='par_1_54' title="bbox 1771 2636 3331 2714">
     <span class='ocr_line' id='line_1_54' title="bbox 1771 2636 3331 2714; baseline 0.003 -18"><span class='ocrx_word' id='word_1_356' title='bbox 1771 2643 1933 2696; x_wconf 77' lang='lat' dir='ltr'><strong>locati</strong></span> <span class='ocrx_word' id='word_1_357' title='bbox 1976 2651 2097 2696; x_wconf 76' lang='lat' dir='ltr'><strong>sunt</strong></span> <span class='ocrx_word' id='word_1_358' title='bbox 2142 2641 2368 2706; x_wconf 76' lang='lat' dir='ltr'><strong>labores,</strong></span> <span class='ocrx_word' id='word_1_359' title='bbox 2417 2649 2469 2696; x_wconf 80' lang='lat' dir='ltr'><strong>et</strong></span> <span class='ocrx_word' id='word_1_360' title='bbox 2504 2642 2714 2696; x_wconf 79' lang='lat' dir='ltr'><strong>somnia</strong></span> <span class='ocrx_word' id='word_1_361' title='bbox 2746 2642 2890 2712; x_wconf 77' lang='lat' dir='ltr'><strong>falsa</strong></span> <span class='ocrx_word' id='word_1_362' title='bbox 2921 2636 3265 2714; x_wconf 74' lang='lat' dir='ltr'><strong>loquebantur</strong></span> <span class='ocrx_word' id='word_1_363' title='bbox 3288 2645 3331 2701; x_wconf 88' lang='grc'>³.</span> 
     </span>
    </p>
   </div>
   <div class='ocr_carea' id='block_1_55' title="bbox 1772 2732 3336 2806">
    <p class='ocr_par' dir='ltr' id='par_1_55' title="bbox 1772 2732 3336 2806">
     <span class='ocr_line' id='line_1_55' title="bbox 1772 2732 3336 2806; baseline 0.001 -18"><span class='ocrx_word' id='word_1_364' title='bbox 1772 2734 1837 2789; x_wconf 80' lang='grc' dir='ltr'><strong>ιιι</strong></span> <span class='ocrx_word' id='word_1_365' title='bbox 1866 2742 2047 2791; x_wconf 91' lang='lat' dir='ltr'><strong>autem</strong></span> <span class='ocrx_word' id='word_1_366' title='bbox 2074 2738 2167 2806; x_wconf 87' lang='lat' dir='ltr'><strong>qui</strong></span> <span class='ocrx_word' id='word_1_367' title='bbox 2201 2732 2501 2791; x_wconf 90' lang='lat' dir='ltr'><strong>secundum</strong></span> <span class='ocrx_word' id='word_1_368' title='bbox 2522 2732 2716 2790; x_wconf 80' lang='lat' dir='ltr'><strong>Isaiam</strong></span> <span class='ocrx_word' id='word_1_369' title='bbox 2743 2736 3015 2791; x_wconf 84' lang='lat' dir='ltr'><strong>somniant</strong></span> <span class='ocrx_word' id='word_1_370' title='bbox 3046 2745 3101 2791; x_wconf 88' lang='lat' dir='ltr'><strong>et</strong></span> <span class='ocrx_word' id='word_1_371' title='bbox 3132 2735 3336 2791; x_wconf 90' lang='lat' dir='ltr'><strong>dormi-</strong></span> 
     </span>
    </p>
   </div>
   <div class='ocr_carea' id='block_1_56' title="bbox 1772 2825 3336 2899">
    <p class='ocr_par' dir='ltr' id='par_1_56' title="bbox 1772 2825 3336 2899">
     <span class='ocr_line' id='line_1_56' title="bbox 1772 2825 3336 2899; baseline 0.001 -17"><span class='ocrx_word' id='word_1_372' title='bbox 1772 2836 1890 2883; x_wconf 85' lang='lat' dir='ltr'><strong>tare</strong></span> <span class='ocrx_word' id='word_1_373' title='bbox 1917 2835 2103 2881; x_wconf 89' lang='lat' dir='ltr'><strong>amant</strong></span> <span class='ocrx_word' id='word_1_374' title='bbox 2146 2826 2202 2881; x_wconf 90' lang='lat' dir='ltr'><strong>in</strong></span> <span class='ocrx_word' id='word_1_375' title='bbox 2246 2825 2412 2881; x_wconf 87' lang='lat' dir='ltr'><strong>cubili</strong></span> <span class='ocrx_word' id='word_1_376' title='bbox 2436 2826 2478 2892; x_wconf 72' lang='grc'>⁸,</span> <span class='ocrx_word' id='word_1_377' title='bbox 2507 2825 2644 2881; x_wconf 88' lang='lat' dir='ltr'><strong>illud</strong></span> <span class='ocrx_word' id='word_1_378' title='bbox 2689 2828 2852 2881; x_wconf 90' lang='lat' dir='ltr'><strong>etiam</strong></span> <span class='ocrx_word' id='word_1_379' title='bbox 2887 2827 3162 2897; x_wconf 87' lang='lat' dir='ltr'><strong>ignorant,</strong></span> <span class='ocrx_word' id='word_1_380' title='bbox 3192 2844 3336 2899; x_wconf 69' lang='lat' dir='ltr'><strong>sazpe</strong></span> 
     </span>
    </p>
   </div>
   <div class='ocr_carea' id='block_1_57' title="bbox 1771 2917 3332 2989">
    <p class='ocr_par' dir='ltr' id='par_1_57' title="bbox 1771 2917 3332 2989">
     <span class='ocr_line' id='line_1_57' title="bbox 1771 2917 3332 2989; baseline 0.003 -16"><span class='ocrx_word' id='word_1_381' title='bbox 1771 2918 2143 2989; x_wconf 86' lang='lat' dir='ltr'><strong>operationem</strong></span> <span class='ocrx_word' id='word_1_382' title='bbox 2187 2919 2393 2976; x_wconf 89' lang='lat' dir='ltr'><strong>erroris</strong></span> <span class='ocrx_word' id='word_1_383' title='bbox 2423 2917 2644 2973; x_wconf 86' lang='lat' dir='ltr'><strong>immitti</strong></span> <span class='ocrx_word' id='word_1_384' title='bbox 2688 2917 2745 2973; x_wconf 90' lang='lat' dir='ltr'><strong>in</strong></span> <span class='ocrx_word' id='word_1_385' title='bbox 2785 2917 2929 2975; x_wconf 81' lang='lat' dir='ltr'><strong>ﬁlios</strong></span> <span class='ocrx_word' id='word_1_386' title='bbox 2960 2919 3272 2977; x_wconf 70' lang='lat' dir='ltr'><strong>difﬁdentia:</strong></span> <span class='ocrx_word' id='word_1_387' title='bbox 3290 2921 3332 2977; x_wconf 85' lang='lat'><strong>&#39;.</strong></span> 
     </span>
    </p>
   </div>
   <div class='ocr_carea' id='block_1_58' title="bbox 1774 3008 3335 3085">
    <p class='ocr_par' dir='ltr' id='par_1_58' title="bbox 1774 3008 3335 3085">
     <span class='ocr_line' id='line_1_58' title="bbox 1774 3008 3335 3085; baseline 0.003 -22"><span class='ocrx_word' id='word_1_388' title='bbox 1774 3009 1863 3066; x_wconf 86' lang='lat' dir='ltr'><strong>Est</strong></span> <span class='ocrx_word' id='word_1_389' title='bbox 1898 3016 1952 3065; x_wconf 89' lang='lat' dir='ltr'><strong>et</strong></span> <span class='ocrx_word' id='word_1_390' title='bbox 1988 3010 2214 3081; x_wconf 89' lang='lat' dir='ltr'><strong>spiritus</strong></span> <span class='ocrx_word' id='word_1_391' title='bbox 2245 3010 2502 3076; x_wconf 80' lang='lat' dir='ltr'><strong>mendax,</strong></span> <span class='ocrx_word' id='word_1_392' title='bbox 2533 3010 2625 3081; x_wconf 91' lang='lat' dir='ltr'><strong>qui</strong></span> <span class='ocrx_word' id='word_1_393' title='bbox 2670 3023 2794 3065; x_wconf 91' lang='lat' dir='ltr'><strong>cum</strong></span> <span class='ocrx_word' id='word_1_394' title='bbox 2827 3009 2885 3065; x_wconf 89' lang='lat' dir='ltr'><strong>in</strong></span> <span class='ocrx_word' id='word_1_395' title='bbox 2917 3008 3068 3067; x_wconf 80' lang='lat' dir='ltr'><strong>falsis</strong></span> <span class='ocrx_word' id='word_1_396' title='bbox 3100 3014 3335 3085; x_wconf 81' lang='lat' dir='ltr'><strong>prOphe-</strong></span> 
     </span>
    </p>
   </div>
   <div class='ocr_carea' id='block_1_59' title="bbox 114 3086 1669 3183">
    <p class='ocr_par' dir='ltr' id='par_1_59' title="bbox 114 3086 1669 3172">
     <span class='ocr_line' id='line_1_59' title="bbox 114 3086 1669 3172; baseline -0.001 -17"><span class='ocrx_word' id='word_1_397' title='bbox 114 3086 208 3157; x_wconf 57' lang='grc' dir='ltr'>Καί</span> <span class='ocrx_word' id='word_1_398' title='bbox 257 3102 374 3155; x_wconf 80' lang='grc' dir='ltr'>ἔστι</span> <span class='ocrx_word' id='word_1_399' title='bbox 439 3099 664 3170; x_wconf 87' lang='grc' dir='ltr'>πνεῦμα</span> <span class='ocrx_word' id='word_1_400' title='bbox 715 3098 927 3170; x_wconf 76' lang='grc' dir='ltr'>ψευδὲς,</span> <span class='ocrx_word' id='word_1_401' title='bbox 970 3098 1019 3162; x_wconf 82' lang='grc' dir='ltr'>ὃ,</span> <span class='ocrx_word' id='word_1_402' title='bbox 1058 3101 1116 3152; x_wconf 85' lang='grc' dir='ltr'>ὲν</span> <span class='ocrx_word' id='word_1_403' title='bbox 1165 3101 1275 3162; x_wconf 88' lang='grc' dir='ltr'>τοῖς</span> <span class='ocrx_word' id='word_1_404' title='bbox 1299 3097 1669 3172; x_wconf 74' lang='grc' dir='ltr'>ψευδοπροφή-</span> 
     </span>
    </p>
   </div>
   <div class='ocr_carea' id='block_1_60' title="bbox 1778 3086 3339 3183">
    <p class='ocr_par' dir='ltr' id='par_1_60' title="bbox 1778 3103 3339 3177">
     <span class='ocr_line' id='line_1_60' title="bbox 1778 3103 3339 3177; baseline 0.002 -18"><span class='ocrx_word' id='word_1_405' title='bbox 1778 3107 1848 3161; x_wconf 89' lang='lat' dir='ltr'><strong>tis</strong></span> <span class='ocrx_word' id='word_1_406' title='bbox 1880 3118 2045 3169; x_wconf 86' lang='lat' dir='ltr'><strong>esset,</strong></span> <span class='ocrx_word' id='word_1_407' title='bbox 2079 3104 2270 3161; x_wconf 84' lang='lat' dir='ltr'><strong>Achab</strong></span> <span class='ocrx_word' id='word_1_408' title='bbox 2294 3104 2512 3176; x_wconf 89' lang='lat' dir='ltr'><strong>decepit</strong></span> <span class='ocrx_word' id='word_1_409' title='bbox 2529 3106 2570 3158; x_wconf 79' lang='lat'><strong>&#39;.</strong></span> <span class='ocrx_word' id='word_1_410' title='bbox 2606 3103 2733 3159; x_wconf 83' lang='lat' dir='ltr'><strong>Haec</strong></span> <span class='ocrx_word' id='word_1_411' title='bbox 2759 3104 3002 3162; x_wconf 84' lang='lat' dir='ltr'><strong>scientes</strong></span> <span class='ocrx_word' id='word_1_412' title='bbox 3036 3121 3145 3162; x_wconf 91' lang='lat' dir='ltr'><strong>non</strong></span> <span class='ocrx_word' id='word_1_413' title='bbox 3174 3122 3339 3177; x_wconf 90' lang='lat' dir='ltr'><strong>opor-</strong></span> 
     </span>
    </p>
   </div>
   <div class='ocr_carea' id='block_1_61' title="bbox 108 3185 1674 3262">
    <p class='ocr_par' dir='ltr' id='par_1_61' title="bbox 108 3185 1674 3262">
     <span class='ocr_line' id='line_1_61' title="bbox 108 3185 1674 3262; baseline -0.002 -17"><span class='ocrx_word' id='word_1_414' title='bbox 108 3209 211 3255; x_wconf 84' lang='grc' dir='ltr'>ταις</span> <span class='ocrx_word' id='word_1_415' title='bbox 243 3192 356 3262; x_wconf 72' lang='lat'><strong>(49)</strong></span> <span class='ocrx_word' id='word_1_416' title='bbox 380 3190 704 3261; x_wconf 83' lang='grc' dir='ltr'>γενόμενον,</span> <span class='ocrx_word' id='word_1_417' title='bbox 749 3189 842 3241; x_wconf 81' lang='grc' dir='ltr'>τὸν</span> <span class='ocrx_word' id='word_1_418' title='bbox 887 3185 1091 3258; x_wconf 78' lang='grc' dir='ltr'>Ἀχαάϐ</span> <span class='ocrx_word' id='word_1_419' title='bbox 1131 3186 1461 3259; x_wconf 78' lang='grc' dir='ltr'>ἐξηπάτησε.</span> <span class='ocrx_word' id='word_1_420' title='bbox 1490 3188 1674 3243; x_wconf 83' lang='grc' dir='ltr'>Ταῦτα</span> 
     </span>
    </p>
   </div>
   <div class='ocr_carea' id='block_1_62' title="bbox 111 3279 1672 3356">
    <p class='ocr_par' dir='ltr' id='par_1_62' title="bbox 111 3279 1672 3356">
     <span class='ocr_line' id='line_1_62' title="bbox 111 3279 1672 3356; baseline -0.001 -19"><span class='ocrx_word' id='word_1_421' title='bbox 111 3286 287 3349; x_wconf 81' lang='grc' dir='ltr'>εἰδότες</span> <span class='ocrx_word' id='word_1_422' title='bbox 339 3284 486 3356; x_wconf 78' lang='grc'>(50),</span> <span class='ocrx_word' id='word_1_423' title='bbox 524 3281 630 3336; x_wconf 77' lang='grc' dir='ltr'>ἔδει</span> <span class='ocrx_word' id='word_1_424' title='bbox 689 3281 766 3354; x_wconf 77' lang='grc' dir='ltr'>μὴ</span> <span class='ocrx_word' id='word_1_425' title='bbox 816 3279 1071 3334; x_wconf 84' lang='grc' dir='ltr'>τοσοῦτον</span> <span class='ocrx_word' id='word_1_426' title='bbox 1109 3279 1672 3353; x_wconf 83' lang='grc' dir='ltr'>ὑπεραρθῆναι,ῶστε</span> 
     </span>
    </p>
   </div>
   <div class='ocr_carea' id='block_1_63' title="bbox 106 3370 1674 3445">
    <p class='ocr_par' dir='ltr' id='par_1_63' title="bbox 106 3370 1674 3445">
     <span class='ocr_line' id='line_1_63' title="bbox 106 3370 1674 3445; baseline -0.001 -18"><span class='ocrx_word' id='word_1_427' title='bbox 106 3376 296 3438; x_wconf 80' lang='grc' dir='ltr'>ἑαυτοῖς</span> <span class='ocrx_word' id='word_1_428' title='bbox 324 3372 677 3445; x_wconf 70' lang='grc' dir='ltr'>προφητείαν</span> <span class='ocrx_word' id='word_1_429' title='bbox 709 3372 1174 3442; x_wconf 80' lang='grc' dir='ltr'>προσμαρτυρεῖν,</span> <span class='ocrx_word' id='word_1_430' title='bbox 1205 3370 1259 3424; x_wconf 76' lang='grc' dir='ltr'>οἵ</span> <span class='ocrx_word' id='word_1_431' title='bbox 1287 3387 1351 3439; x_wconf 85' lang='grc' dir='ltr'>γε</span> <span class='ocrx_word' id='word_1_432' title='bbox 1372 3370 1674 3427; x_wconf 85' lang='grc' dir='ltr'>δείκνυνται</span> 
     </span>
    </p>
   </div>
   <div class='ocr_carea' id='block_1_64' title="bbox 108 3462 1675 3535">
    <p class='ocr_par' dir='ltr' id='par_1_64' title="bbox 108 3462 1675 3535">
     <span class='ocr_line' id='line_1_64' title="bbox 108 3462 1675 3535; baseline 0 -16"><span class='ocrx_word' id='word_1_433' title='bbox 108 3464 293 3520; x_wconf 74' lang='grc' dir='ltr'>καὶτοῦ</span> <span class='ocrx_word' id='word_1_434' title='bbox 318 3464 702 3521; x_wconf 86' lang='grc' dir='ltr'>οίωνοσκόπου</span> <span class='ocrx_word' id='word_1_435' title='bbox 735 3462 964 3533; x_wconf 84' lang='grc' dir='ltr'>Βαλαὰμ</span> <span class='ocrx_word' id='word_1_436' title='bbox 996 3465 1096 3535; x_wconf 78' lang='grc' dir='ltr'>τῆς</span> <span class='ocrx_word' id='word_1_437' title='bbox 1143 3462 1429 3534; x_wconf 89' lang='grc' dir='ltr'>ἀκριϐείας</span> <span class='ocrx_word' id='word_1_438' title='bbox 1459 3464 1675 3519; x_wconf 88' lang='grc' dir='ltr'>ἀπολει-</span> 
     </span>
    </p>
   </div>
   <div class='ocr_carea' id='block_1_65' title="bbox 107 3551 1674 3626">
    <p class='ocr_par' dir='ltr' id='par_1_65' title="bbox 107 3551 1674 3626">
     <span class='ocr_line' id='line_1_65' title="bbox 107 3551 1674 3626; baseline 0.001 -18"><span class='ocrx_word' id='word_1_439' title='bbox 107 3556 334 3626; x_wconf 78' lang='grc' dir='ltr'>πόμενοι.</span> <span class='ocrx_word' id='word_1_440' title='bbox 376 3555 508 3620; x_wconf 82' lang='grc' dir='ltr'>Ὃς,</span> <span class='ocrx_word' id='word_1_441' title='bbox 544 3553 649 3607; x_wconf 80' lang='grc' dir='ltr'><strong>ὑπὸ</strong></span> <span class='ocrx_word' id='word_1_442' title='bbox 682 3553 775 3607; x_wconf 87' lang='grc' dir='ltr'><strong>τοῦ</strong></span> <span class='ocrx_word' id='word_1_443' title='bbox 810 3551 1071 3624; x_wconf 80' lang='grc' dir='ltr'>βασιλέως</span> <span class='ocrx_word' id='word_1_444' title='bbox 1100 3551 1217 3611; x_wconf 63' lang='grc' dir='ltr'>(τῶν</span> <span class='ocrx_word' id='word_1_445' title='bbox 1250 3554 1553 3609; x_wconf 88' lang='grc' dir='ltr'>Μωαϐιτῶν</span> <span class='ocrx_word' id='word_1_446' title='bbox 1581 3557 1674 3609; x_wconf 77' lang='grc' dir='ltr'><strong>ἐπὶ</strong></span> 
     </span>
    </p>
   </div>
   <div class='ocr_carea' id='block_1_66' title="bbox 108 3641 1673 3717">
    <p class='ocr_par' dir='ltr' id='par_1_66' title="bbox 108 3641 1673 3717">
     <span class='ocr_line' id='line_1_66' title="bbox 108 3641 1673 3717; baseline -0.001 -19"><span class='ocrx_word' id='word_1_447' title='bbox 108 3645 377 3714; x_wconf 77' lang='grc' dir='ltr'>μεγίσταις</span> <span class='ocrx_word' id='word_1_448' title='bbox 426 3645 669 3714; x_wconf 79' lang='grc' dir='ltr'>δωρεαῖς</span> <span class='ocrx_word' id='word_1_449' title='bbox 708 3641 1088 3714; x_wconf 73' lang='grc' dir='ltr'>μετακληθεὶς,</span> <span class='ocrx_word' id='word_1_450' title='bbox 1139 3642 1238 3696; x_wconf 85' lang='grc' dir='ltr'>οὐκ</span> <span class='ocrx_word' id='word_1_451' title='bbox 1280 3642 1534 3714; x_wconf 71' lang='grc' dir='ltr'>ἠνέσχετο</span> <span class='ocrx_word' id='word_1_452' title='bbox 1562 3644 1673 3717; x_wconf 79' lang='lat' dir='ltr'><strong>(5t)</strong></span> 
     </span>
    </p>
   </div>
   <div class='ocr_carea' id='block_1_67' title="bbox 103 3731 1677 3806">
    <p class='ocr_par' dir='ltr' id='par_1_67' title="bbox 103 3731 1677 3806">
     <span class='ocr_line' id='line_1_67' title="bbox 103 3731 1677 3806; baseline 0.002 -20"><span class='ocrx_word' id='word_1_453' title='bbox 103 3736 295 3803; x_wconf 63' lang='grc' dir='ltr'>ἀφεῖναι</span> <span class='ocrx_word' id='word_1_454' title='bbox 328 3734 535 3805; x_wconf 74' lang='grc' dir='ltr'>φωνὴν</span> <span class='ocrx_word' id='word_1_455' title='bbox 564 3732 714 3804; x_wconf 81' lang='grc' dir='ltr'>παρὰ</span> <span class='ocrx_word' id='word_1_456' title='bbox 742 3734 804 3786; x_wconf 80' lang='grc' dir='ltr'>τὸ</span> <span class='ocrx_word' id='word_1_457' title='bbox 831 3731 1074 3804; x_wconf 80' lang='grc' dir='ltr'>βούλημα</span> <span class='ocrx_word' id='word_1_458' title='bbox 1098 3732 1188 3785; x_wconf 87' lang='grc' dir='ltr'><strong>τοῦ</strong></span> <span class='ocrx_word' id='word_1_459' title='bbox 1214 3732 1368 3797; x_wconf 86' lang='grc' dir='ltr'>Θεοῦ,</span> <span class='ocrx_word' id='word_1_460' title='bbox 1392 3734 1510 3787; x_wconf 79' lang='grc' dir='ltr'>οὐδὲ</span> <span class='ocrx_word' id='word_1_461' title='bbox 1540 3735 1677 3806; x_wconf 84' lang='grc' dir='ltr'>ἀρά-</span> 
     </span>
    </p>
   </div>
   <div class='ocr_carea' id='block_1_68' title="bbox 104 3823 1674 3896">
    <p class='ocr_par' dir='ltr' id='par_1_68' title="bbox 104 3823 1674 3896">
     <span class='ocr_line' id='line_1_68' title="bbox 104 3823 1674 3896; baseline 0.002 -19"><span class='ocrx_word' id='word_1_462' title='bbox 104 3824 275 3878; x_wconf 73' lang='grc' dir='ltr'>σασθαι</span> <span class='ocrx_word' id='word_1_463' title='bbox 314 3825 413 3879; x_wconf 72' lang='grc' dir='ltr'><strong>τὸν</strong></span> <span class='ocrx_word' id='word_1_464' title='bbox 471 3823 715 3896; x_wconf 83' lang='grc' dir='ltr'>Ἰσραὴλ,</span> <span class='ocrx_word' id='word_1_465' title='bbox 772 3823 830 3877; x_wconf 83' lang='grc' dir='ltr'><strong>δν</strong></span> <span class='ocrx_word' id='word_1_466' title='bbox 860 3824 960 3877; x_wconf 82' lang='grc' dir='ltr'>οὐκ</span> <span class='ocrx_word' id='word_1_467' title='bbox 990 3824 1187 3895; x_wconf 84' lang='grc' dir='ltr'>ἀρᾶται</span> <span class='ocrx_word' id='word_1_468' title='bbox 1229 3823 1448 3894; x_wconf 82' lang='grc' dir='ltr'>Κύριος.</span> <span class='ocrx_word' id='word_1_469' title='bbox 1479 3826 1540 3878; x_wconf 74' lang='lat' dir='ltr'><strong>El</strong></span> <span class='ocrx_word' id='word_1_470' title='bbox 1576 3826 1674 3895; x_wconf 84' lang='grc' dir='ltr'>μὲν</span> 
     </span>
    </p>
   </div>
   <div class='ocr_carea' id='block_1_69' title="bbox 100 3913 1676 3988">
    <p class='ocr_par' dir='ltr' id='par_1_69' title="bbox 100 3913 1676 3988">
     <span class='ocr_line' id='line_1_69' title="bbox 100 3913 1676 3988; baseline 0.003 -18"><span class='ocrx_word' id='word_1_471' title='bbox 100 3913 178 3971; x_wconf 67' lang='grc' dir='ltr'>οὖν</span> <span class='ocrx_word' id='word_1_472' title='bbox 191 3921 307 3983; x_wconf 83' lang='grc' dir='ltr'>ταῖς</span> <span class='ocrx_word' id='word_1_473' title='bbox 351 3919 612 3981; x_wconf 79' lang='grc' dir='ltr'>ἐντολαῖς</span> <span class='ocrx_word' id='word_1_474' title='bbox 643 3916 737 3970; x_wconf 89' lang='grc' dir='ltr'><strong>τοῦ</strong></span> <span class='ocrx_word' id='word_1_475' title='bbox 765 3917 976 3988; x_wconf 88' lang='grc' dir='ltr'>Κυρίου</span> <span class='ocrx_word' id='word_1_476' title='bbox 1005 3917 1062 3969; x_wconf 83' lang='grc' dir='ltr'>αἱ</span> <span class='ocrx_word' id='word_1_477' title='bbox 1095 3916 1237 3971; x_wconf 88' lang='grc' dir='ltr'><strong>κατά</strong></span> <span class='ocrx_word' id='word_1_478' title='bbox 1267 3916 1356 3971; x_wconf 81' lang='grc' dir='ltr'><strong>τόν</strong></span> <span class='ocrx_word' id='word_1_479' title='bbox 1390 3916 1555 3972; x_wconf 79' lang='grc' dir='ltr'>ὕπνον</span> <span class='ocrx_word' id='word_1_480' title='bbox 1578 3922 1676 3974; x_wconf 82' lang='grc' dir='ltr'><strong>αὐ-</strong></span> 
     </span>
    </p>
   </div>
   <div class='ocr_carea' id='block_1_70' title="bbox 101 4009 1674 4082">
    <p class='ocr_par' dir='ltr' id='par_1_70' title="bbox 101 4009 1674 4082">
     <span class='ocr_line' id='line_1_70' title="bbox 101 4009 1674 4082; baseline 0.002 -19"><span class='ocrx_word' id='word_1_481' title='bbox 101 4009 190 4063; x_wconf 80' lang='grc' dir='ltr'><strong>τῶν</strong></span> <span class='ocrx_word' id='word_1_482' title='bbox 270 4011 593 4080; x_wconf 76' lang='grc' dir='ltr'>φαντασίαι</span> <span class='ocrx_word' id='word_1_483' title='bbox 643 4010 1061 4082; x_wconf 81' lang='grc' dir='ltr'>συντρέχουσιν,</span> <span class='ocrx_word' id='word_1_484' title='bbox 1119 4010 1495 4080; x_wconf 87' lang='grc' dir='ltr'>ἀρκείσθωσαν</span> <span class='ocrx_word' id='word_1_485' title='bbox 1564 4016 1674 4078; x_wconf 88' lang='grc' dir='ltr'>τοῖς</span> 
     </span>
    </p>
   </div>
   <div class='ocr_carea' id='block_1_71' title="bbox 100 4100 1674 4175">
    <p class='ocr_par' dir='ltr' id='par_1_71' title="bbox 100 4100 1674 4175">
     <span class='ocr_line' id='line_1_71' title="bbox 100 4100 1674 4175; baseline 0.002 -21"><span class='ocrx_word' id='word_1_486' title='bbox 100 4101 473 4172; x_wconf 73' lang='grc' dir='ltr'>Εὐαγγελίοις,</span> <span class='ocrx_word' id='word_1_487' title='bbox 518 4101 779 4173; x_wconf 72' lang='grc' dir='ltr'>οὐδεμιᾶς</span> <span class='ocrx_word' id='word_1_488' title='bbox 827 4101 1076 4172; x_wconf 84' lang='grc' dir='ltr'>βοηθείας</span> <span class='ocrx_word' id='word_1_489' title='bbox 1115 4103 1179 4155; x_wconf 82' lang='grc' dir='ltr'>ὲκ</span> <span class='ocrx_word' id='word_1_490' title='bbox 1205 4100 1314 4155; x_wconf 89' lang='grc' dir='ltr'><strong>τῶν</strong></span> <span class='ocrx_word' id='word_1_491' title='bbox 1343 4102 1566 4175; x_wconf 82' lang='grc' dir='ltr'>ὀνείρων</span> <span class='ocrx_word' id='word_1_492' title='bbox 1595 4105 1674 4167; x_wconf 84' lang='grc' dir='ltr'><strong>είς</strong></span> 
     </span>
    </p>
   </div>
   <div class='ocr_carea' id='block_1_72' title="bbox 97 4192 1674 4266">
    <p class='ocr_par' dir='ltr' id='par_1_72' title="bbox 97 4192 1674 4266">
     <span class='ocr_line' id='line_1_72' title="bbox 97 4192 1674 4266; baseline 0.003 -21"><span class='ocrx_word' id='word_1_493' title='bbox 97 4193 177 4262; x_wconf 76' lang='grc' dir='ltr'>τὴν</span> <span class='ocrx_word' id='word_1_494' title='bbox 212 4193 583 4259; x_wconf 76' lang='grc' dir='ltr'>ἀξιοπιστίαν</span> <span class='ocrx_word' id='word_1_495' title='bbox 619 4193 1033 4265; x_wconf 84' lang='grc' dir='ltr'>προσδεομένοις</span> <span class='ocrx_word' id='word_1_496' title='bbox 1053 4210 1067 4224; x_wconf 79' lang='grc' dir='ltr'><strong>ο</strong></span> <span class='ocrx_word' id='word_1_497' title='bbox 1111 4194 1158 4246; x_wconf 87' lang='grc' dir='ltr'><strong>εί</strong></span> <span class='ocrx_word' id='word_1_498' title='bbox 1191 4192 1246 4246; x_wconf 80' lang='grc' dir='ltr'>δὲ</span> <span class='ocrx_word' id='word_1_499' title='bbox 1278 4195 1307 4246; x_wconf 85' lang='grc' dir='ltr'><strong>ὁ</strong></span> <span class='ocrx_word' id='word_1_500' title='bbox 1338 4194 1435 4265; x_wconf 85' lang='grc' dir='ltr'>μὲν</span> <span class='ocrx_word' id='word_1_501' title='bbox 1473 4196 1674 4266; x_wconf 75' lang='grc' dir='ltr'>Κύριος</span> 
     </span>
    </p>
   </div>
   <div class='ocr_carea' id='block_1_73' title="bbox 98 4283 1673 4359">
    <p class='ocr_par' dir='ltr' id='par_1_73' title="bbox 98 4283 1673 4359">
     <span class='ocr_line' id='line_1_73' title="bbox 98 4283 1673 4359; baseline 0.002 -22"><span class='ocrx_word' id='word_1_502' title='bbox 98 4283 177 4354; x_wconf 72' lang='grc' dir='ltr'>τὴν</span> <span class='ocrx_word' id='word_1_503' title='bbox 199 4287 398 4340; x_wconf 79' lang='grc' dir='ltr'>ἑαυτοῦ</span> <span class='ocrx_word' id='word_1_504' title='bbox 417 4286 660 4357; x_wconf 75' lang='grc' dir='ltr'>εἰρήνην</span> <span class='ocrx_word' id='word_1_505' title='bbox 686 4283 898 4355; x_wconf 64' lang='grc' dir='ltr'>ἀφῆκεν</span> <span class='ocrx_word' id='word_1_506' title='bbox 925 4287 1075 4354; x_wconf 78' lang='grc' dir='ltr'>ἡμῖν,</span> <span class='ocrx_word' id='word_1_507' title='bbox 1115 4284 1210 4338; x_wconf 76' lang='grc' dir='ltr'>καὶ</span> <span class='ocrx_word' id='word_1_508' title='bbox 1240 4284 1458 4354; x_wconf 76' lang='grc' dir='ltr'>ἐντολὴν</span> <span class='ocrx_word' id='word_1_509' title='bbox 1485 4287 1673 4359; x_wconf 78' lang='grc' dir='ltr'>καινὴν</span> 
     </span>
    </p>
   </div>
   <div class='ocr_carea' id='block_1_74' title="bbox 96 4373 1672 4448">
    <p class='ocr_par' dir='ltr' id='par_1_74' title="bbox 96 4373 1672 4448">
     <span class='ocr_line' id='line_1_74' title="bbox 96 4373 1672 4448; baseline 0.004 -23"><span class='ocrx_word' id='word_1_510' title='bbox 96 4375 270 4430; x_wconf 73' lang='grc' dir='ltr'>ῐεωκεν</span> <span class='ocrx_word' id='word_1_511' title='bbox 296 4379 469 4448; x_wconf 77' lang='grc' dir='ltr'>ἡμῖν,</span> <span class='ocrx_word' id='word_1_512' title='bbox 496 4376 592 4430; x_wconf 80' lang='grc' dir='ltr'>ἵνα</span> <span class='ocrx_word' id='word_1_513' title='bbox 617 4374 917 4446; x_wconf 84' lang='grc' dir='ltr'>ἀγαπῶμεν</span> <span class='ocrx_word' id='word_1_514' title='bbox 943 4373 1222 4444; x_wconf 84' lang='grc' dir='ltr'>ἀλλήλους,</span> <span class='ocrx_word' id='word_1_515' title='bbox 1240 4373 1308 4428; x_wconf 74' lang='grc' dir='ltr'><strong>τά</strong></span> <span class='ocrx_word' id='word_1_516' title='bbox 1334 4374 1388 4433; x_wconf 81' lang='grc' dir='ltr'>δὲ</span> <span class='ocrx_word' id='word_1_517' title='bbox 1420 4375 1672 4448; x_wconf 87' lang='grc' dir='ltr'>ὀνείρατα</span> 
     </span>
    </p>
   </div>
   <div class='ocr_carea' id='block_1_75' title="bbox 1775 3193 3338 3266">
    <p class='ocr_par' dir='ltr' id='par_1_75' title="bbox 1775 3193 3338 3266">
     <span class='ocr_line' id='line_1_75' title="bbox 1775 3193 3338 3266; baseline -0.001 -15"><span class='ocrx_word' id='word_1_518' title='bbox 1775 3196 1923 3252; x_wconf 89' lang='lat' dir='ltr'><strong>tebat</strong></span> <span class='ocrx_word' id='word_1_519' title='bbox 1951 3194 2088 3251; x_wconf 89' lang='lat' dir='ltr'><strong>adeo</strong></span> <span class='ocrx_word' id='word_1_520' title='bbox 2117 3194 2421 3266; x_wconf 83' lang='lat' dir='ltr'><strong>superbire,</strong></span> <span class='ocrx_word' id='word_1_521' title='bbox 2451 3202 2508 3248; x_wconf 93' lang='lat' dir='ltr'><strong>ut</strong></span> <span class='ocrx_word' id='word_1_522' title='bbox 2532 3193 2775 3261; x_wconf 88' lang='lat' dir='ltr'><strong>sibiipsis</strong></span> <span class='ocrx_word' id='word_1_523' title='bbox 2808 3195 3107 3266; x_wconf 71' lang='lat' dir='ltr'><strong>prophetiae</strong></span> <span class='ocrx_word' id='word_1_524' title='bbox 3134 3195 3338 3251; x_wconf 88' lang='lat' dir='ltr'><strong>donum</strong></span> 
     </span>
    </p>
   </div>
   <div class='ocr_carea' id='block_1_76' title="bbox 1775 3284 3341 3357">
    <p class='ocr_par' dir='ltr' id='par_1_76' title="bbox 1775 3284 3341 3357">
     <span class='ocr_line' id='line_1_76' title="bbox 1775 3284 3341 3357; baseline -0.001 -16"><span class='ocrx_word' id='word_1_525' title='bbox 1775 3287 2114 3343; x_wconf 85' lang='lat' dir='ltr'><strong>ascriberent</strong></span> <span class='ocrx_word' id='word_1_526' title='bbox 2147 3304 2160 3340; x_wconf 91' lang='lat'>:</span> <span class='ocrx_word' id='word_1_527' title='bbox 2189 3285 2283 3356; x_wconf 90' lang='lat' dir='ltr'><strong>qui</strong></span> <span class='ocrx_word' id='word_1_528' title='bbox 2329 3302 2398 3340; x_wconf 88' lang='lat' dir='ltr'><strong>ne</strong></span> <span class='ocrx_word' id='word_1_529' title='bbox 2439 3285 2662 3357; x_wconf 86' lang='lat' dir='ltr'><strong>auguris</strong></span> <span class='ocrx_word' id='word_1_530' title='bbox 2690 3284 2908 3357; x_wconf 89' lang='lat' dir='ltr'><strong>quidem</strong></span> <span class='ocrx_word' id='word_1_531' title='bbox 2957 3285 3176 3342; x_wconf 88' lang='lat' dir='ltr'><strong>Balaam</strong></span> <span class='ocrx_word' id='word_1_532' title='bbox 3214 3287 3341 3342; x_wconf 89' lang='lat' dir='ltr'><strong>dili-</strong></span> 
     </span>
    </p>
   </div>
   <div class='ocr_carea' id='block_1_77' title="bbox 1776 3375 3340 3449">
    <p class='ocr_par' dir='ltr' id='par_1_77' title="bbox 1776 3375 3340 3449">
     <span class='ocr_line' id='line_1_77' title="bbox 1776 3375 3340 3449; baseline -0.001 -16"><span class='ocrx_word' id='word_1_533' title='bbox 1776 3379 2015 3449; x_wconf 77' lang='lat' dir='ltr'><strong>gentiam</strong></span> <span class='ocrx_word' id='word_1_534' title='bbox 2038 3376 2257 3447; x_wconf 87' lang='lat' dir='ltr'><strong>assequi</strong></span> <span class='ocrx_word' id='word_1_535' title='bbox 2287 3375 2790 3446; x_wconf 88' lang='lat' dir='ltr'><strong>deprehenduntur.</strong></span> <span class='ocrx_word' id='word_1_536' title='bbox 2817 3376 2866 3432; x_wconf 84' lang='lat' dir='ltr'><strong>is</strong></span> <span class='ocrx_word' id='word_1_537' title='bbox 2896 3377 3042 3433; x_wconf 88' lang='lat' dir='ltr'><strong>enim</strong></span> <span class='ocrx_word' id='word_1_538' title='bbox 3072 3393 3104 3434; x_wconf 88' lang='lat' dir='ltr'><strong>a</strong></span> <span class='ocrx_word' id='word_1_539' title='bbox 3131 3377 3340 3433; x_wconf 79' lang='lat' dir='ltr'><strong>Moabi—</strong></span> 
     </span>
    </p>
   </div>
   <div class='ocr_carea' id='block_1_78' title="bbox 1774 3467 3338 3539">
    <p class='ocr_par' dir='ltr' id='par_1_78' title="bbox 1774 3467 3338 3539">
     <span class='ocr_line' id='line_1_78' title="bbox 1774 3467 3338 3539; baseline 0.002 -16"><span class='ocrx_word' id='word_1_540' title='bbox 1774 3478 1953 3524; x_wconf 87' lang='lat' dir='ltr'><strong>tarum</strong></span> <span class='ocrx_word' id='word_1_541' title='bbox 1999 3483 2145 3539; x_wconf 88' lang='lat' dir='ltr'><strong>rege,</strong></span> <span class='ocrx_word' id='word_1_542' title='bbox 2176 3469 2388 3538; x_wconf 89' lang='lat' dir='ltr'><strong>magnis</strong></span> <span class='ocrx_word' id='word_1_543' title='bbox 2416 3468 2734 3524; x_wconf 77' lang='lat' dir='ltr'><strong>muneribus</strong></span> <span class='ocrx_word' id='word_1_544' title='bbox 2764 3467 2983 3533; x_wconf 90' lang='lat' dir='ltr'><strong>oblatis,</strong></span> <span class='ocrx_word' id='word_1_545' title='bbox 3012 3471 3338 3536; x_wconf 86' lang='lat' dir='ltr'><strong>accersitus,</strong></span> 
     </span>
    </p>
   </div>
   <div class='ocr_carea' id='block_1_79' title="bbox 1776 3557 3338 3631">
    <p class='ocr_par' dir='ltr' id='par_1_79' title="bbox 1776 3557 3338 3631">
     <span class='ocr_line' id='line_1_79' title="bbox 1776 3557 3338 3631; baseline -0.001 -16"><span class='ocrx_word' id='word_1_546' title='bbox 1776 3560 1973 3615; x_wconf 90' lang='lat' dir='ltr'><strong>adduci</strong></span> <span class='ocrx_word' id='word_1_547' title='bbox 2004 3574 2115 3614; x_wconf 91' lang='lat' dir='ltr'><strong>non</strong></span> <span class='ocrx_word' id='word_1_548' title='bbox 2145 3558 2346 3631; x_wconf 83' lang='lat' dir='ltr'><strong>potuit,</strong></span> <span class='ocrx_word' id='word_1_549' title='bbox 2399 3568 2458 3613; x_wconf 91' lang='lat' dir='ltr'><strong>ut</strong></span> <span class='ocrx_word' id='word_1_550' title='bbox 2487 3572 2677 3613; x_wconf 86' lang='lat' dir='ltr'><strong>vocem</strong></span> <span class='ocrx_word' id='word_1_551' title='bbox 2723 3568 2920 3628; x_wconf 62' lang='lat' dir='ltr'><strong>praeter</strong></span> <span class='ocrx_word' id='word_1_552' title='bbox 2953 3557 3045 3614; x_wconf 89' lang='lat' dir='ltr'><strong>Dei</strong></span> <span class='ocrx_word' id='word_1_553' title='bbox 3080 3559 3338 3614; x_wconf 87' lang='lat' dir='ltr'><strong>volunta-</strong></span> 
     </span>
    </p>
   </div>
   <div class='ocr_carea' id='block_1_80' title="bbox 1774 3648 3333 3719">
    <p class='ocr_par' dir='ltr' id='par_1_80' title="bbox 1774 3648 3333 3719">
     <span class='ocr_line' id='line_1_80' title="bbox 1774 3648 3333 3719; baseline -0.001 -12"><span class='ocrx_word' id='word_1_554' title='bbox 1774 3662 1882 3707; x_wconf 90' lang='lat' dir='ltr'><strong>tem</strong></span> <span class='ocrx_word' id='word_1_555' title='bbox 1911 3652 2204 3719; x_wconf 89' lang='lat' dir='ltr'><strong>emitteret,</strong></span> <span class='ocrx_word' id='word_1_556' title='bbox 2249 3657 2344 3705; x_wconf 92' lang='lat' dir='ltr'><strong>aut</strong></span> <span class='ocrx_word' id='word_1_557' title='bbox 2374 3648 2562 3706; x_wconf 86' lang='lat' dir='ltr'><strong>lsraeli</strong></span> <span class='ocrx_word' id='word_1_558' title='bbox 2589 3649 2991 3719; x_wconf 47' lang='lat' dir='ltr'><strong>gmalediceret,</strong></span> <span class='ocrx_word' id='word_1_559' title='bbox 3016 3650 3105 3704; x_wconf 90' lang='lat' dir='ltr'><strong>cui</strong></span> <span class='ocrx_word' id='word_1_560' title='bbox 3144 3648 3333 3705; x_wconf 84' lang='lat' dir='ltr'><strong>Domi-</strong></span> 
     </span>
    </p>
   </div>
   <div class='ocr_carea' id='block_1_81' title="bbox 1775 3738 3339 3810">
    <p class='ocr_par' dir='ltr' id='par_1_81' title="bbox 1775 3738 3339 3810">
     <span class='ocr_line' id='line_1_81' title="bbox 1775 3738 3339 3810; baseline -0.003 -11"><span class='ocrx_word' id='word_1_561' title='bbox 1775 3760 1879 3799; x_wconf 91' lang='lat' dir='ltr'><strong>nus</strong></span> <span class='ocrx_word' id='word_1_562' title='bbox 1908 3758 2019 3798; x_wconf 93' lang='lat' dir='ltr'><strong>non</strong></span> <span class='ocrx_word' id='word_1_563' title='bbox 2051 3741 2408 3797; x_wconf 90' lang='lat' dir='ltr'><strong>maledicebat</strong></span> <span class='ocrx_word' id='word_1_564' title='bbox 2427 3740 2471 3795; x_wconf 85' lang='lat'><strong>&#39;.</strong></span> <span class='ocrx_word' id='word_1_565' title='bbox 2514 3738 2702 3810; x_wconf 85' lang='lat' dir='ltr'><strong>Itaque</strong></span> <span class='ocrx_word' id='word_1_566' title='bbox 2724 3739 2772 3796; x_wconf 88' lang='lat' dir='ltr'><strong>si</strong></span> <span class='ocrx_word' id='word_1_567' title='bbox 2803 3740 3093 3810; x_wconf 83' lang='lat' dir='ltr'><strong>praeceptis</strong></span> <span class='ocrx_word' id='word_1_568' title='bbox 3124 3739 3339 3796; x_wconf 89' lang='lat' dir='ltr'><strong>Domini</strong></span> 
     </span>
    </p>
   </div>
   <div class='ocr_carea' id='block_1_82' title="bbox 1774 3832 3342 3904">
    <p class='ocr_par' dir='ltr' id='par_1_82' title="bbox 1774 3832 3342 3904">
     <span class='ocr_line' id='line_1_82' title="bbox 1774 3832 3342 3904; baseline -0.003 -12"><span class='ocrx_word' id='word_1_569' title='bbox 1774 3836 1957 3892; x_wconf 88' lang='lat' dir='ltr'><strong>oblata</strong></span> <span class='ocrx_word' id='word_1_570' title='bbox 1998 3835 2108 3890; x_wconf 90' lang='lat' dir='ltr'><strong>illis</strong></span> <span class='ocrx_word' id='word_1_571' title='bbox 2140 3849 2236 3904; x_wconf 90' lang='lat' dir='ltr'><strong>per</strong></span> <span class='ocrx_word' id='word_1_572' title='bbox 2266 3848 2520 3890; x_wconf 90' lang='lat' dir='ltr'><strong>somnum</strong></span> <span class='ocrx_word' id='word_1_573' title='bbox 2547 3833 2664 3889; x_wconf 88' lang='lat' dir='ltr'><strong>visa</strong></span> <span class='ocrx_word' id='word_1_574' title='bbox 2695 3832 3066 3893; x_wconf 86' lang='lat' dir='ltr'><strong>consentiunt.</strong></span> <span class='ocrx_word' id='word_1_575' title='bbox 3096 3834 3342 3888; x_wconf 85' lang='lat' dir='ltr'><strong>contenti</strong></span> 
     </span>
    </p>
   </div>
   <div class='ocr_carea' id='block_1_83' title="bbox 1774 3925 3339 3998">
    <p class='ocr_par' dir='ltr' id='par_1_83' title="bbox 1774 3925 3339 3998">
     <span class='ocr_line' id='line_1_83' title="bbox 1774 3925 3339 3998; baseline -0.002 -16"><span class='ocrx_word' id='word_1_576' title='bbox 1774 3929 1883 3983; x_wconf 91' lang='lat' dir='ltr'><strong>sint</strong></span> <span class='ocrx_word' id='word_1_577' title='bbox 1913 3925 2244 3998; x_wconf 87' lang='lat' dir='ltr'><strong>Evangeliis,</strong></span> <span class='ocrx_word' id='word_1_578' title='bbox 2275 3941 2397 3996; x_wconf 64' lang='lat' dir='ltr'><strong>quae</strong></span> <span class='ocrx_word' id='word_1_579' title='bbox 2425 3925 2765 3982; x_wconf 85' lang='lat' dir='ltr'><strong>somniorum</strong></span> <span class='ocrx_word' id='word_1_580' title='bbox 2797 3926 3053 3996; x_wconf 64' lang='lat' dir='ltr'><strong>praesidio</strong></span> <span class='ocrx_word' id='word_1_581' title='bbox 3082 3925 3148 3980; x_wconf 89' lang='lat' dir='ltr'><strong>ad</strong></span> <span class='ocrx_word' id='word_1_582' title='bbox 3179 3926 3339 3981; x_wconf 77' lang='lat' dir='ltr'><strong>[idem</strong></span> 
     </span>
    </p>
   </div>
   <div class='ocr_carea' id='block_1_84' title="bbox 1776 4015 3342 4088">
    <p class='ocr_par' dir='ltr' id='par_1_84' title="bbox 1776 4015 3342 4088">
     <span class='ocr_line' id='line_1_84' title="bbox 1776 4015 3342 4088; baseline 0.003 -19"><span class='ocrx_word' id='word_1_583' title='bbox 1776 4016 2080 4071; x_wconf 82' lang='lat' dir='ltr'><strong>faciendam</strong></span> <span class='ocrx_word' id='word_1_584' title='bbox 2104 4032 2211 4071; x_wconf 91' lang='lat' dir='ltr'><strong>non</strong></span> <span class='ocrx_word' id='word_1_585' title='bbox 2234 4017 2500 4088; x_wconf 79' lang='lat' dir='ltr'><strong>indigent.</strong></span> <span class='ocrx_word' id='word_1_586' title='bbox 2530 4016 2694 4088; x_wconf 75' lang='lat'><strong>318</strong></span> <span class='ocrx_word' id='word_1_587' title='bbox 2714 4015 2869 4083; x_wconf 88' lang='lat' dir='ltr'><strong>Quod</strong></span> <span class='ocrx_word' id='word_1_588' title='bbox 2891 4019 2937 4074; x_wconf 93' lang='lat' dir='ltr'><strong>si</strong></span> <span class='ocrx_word' id='word_1_589' title='bbox 2963 4032 3151 4087; x_wconf 89' lang='lat' dir='ltr'><strong>pacem</strong></span> <span class='ocrx_word' id='word_1_590' title='bbox 3184 4032 3342 4073; x_wconf 86' lang='lat' dir='ltr'><strong>suam</strong></span> 
     </span>
    </p>
   </div>
   <div class='ocr_carea' id='block_1_85' title="bbox 1774 4107 3339 4179">
    <p class='ocr_par' dir='ltr' id='par_1_85' title="bbox 1774 4107 3339 4179">
     <span class='ocr_line' id='line_1_85' title="bbox 1774 4107 3339 4179; baseline -0.001 -16"><span class='ocrx_word' id='word_1_591' title='bbox 1774 4108 1934 4164; x_wconf 90' lang='lat' dir='ltr'><strong>nobis</strong></span> <span class='ocrx_word' id='word_1_592' title='bbox 1975 4108 2196 4178; x_wconf 86' lang='lat' dir='ltr'><strong>reliquit</strong></span> <span class='ocrx_word' id='word_1_593' title='bbox 2235 4107 2520 4174; x_wconf 88' lang='lat' dir='ltr'><strong>Dominus,</strong></span> <span class='ocrx_word' id='word_1_594' title='bbox 2563 4123 2875 4179; x_wconf 84' lang='lat' dir='ltr'><strong>novumque</strong></span> <span class='ocrx_word' id='word_1_595' title='bbox 2920 4109 3339 4164; x_wconf 69' lang='lat' dir='ltr'><strong>nobis‘manda-</strong></span> 
     </span>
    </p>
   </div>
   <div class='ocr_carea' id='block_1_86' title="bbox 1778 4198 3345 4270">
    <p class='ocr_par' dir='ltr' id='par_1_86' title="bbox 1778 4198 3345 4270">
     <span class='ocr_line' id='line_1_86' title="bbox 1778 4198 3345 4270; baseline 0.001 -17"><span class='ocrx_word' id='word_1_596' title='bbox 1778 4207 1890 4255; x_wconf 89' lang='lat' dir='ltr'><strong>tum</strong></span> <span class='ocrx_word' id='word_1_597' title='bbox 1940 4200 2114 4262; x_wconf 84' lang='lat' dir='ltr'><strong>dedit,</strong></span> <span class='ocrx_word' id='word_1_598' title='bbox 2144 4207 2205 4254; x_wconf 92' lang='lat' dir='ltr'><strong>ut</strong></span> <span class='ocrx_word' id='word_1_599' title='bbox 2229 4198 2523 4270; x_wconf 86' lang='lat' dir='ltr'><strong>diligamus</strong></span> <span class='ocrx_word' id='word_1_600' title='bbox 2554 4199 2810 4264; x_wconf 89' lang='lat' dir='ltr'><strong>invicem,</strong></span> <span class='ocrx_word' id='word_1_601' title='bbox 2848 4200 3059 4255; x_wconf 89' lang='lat' dir='ltr'><strong>somnia</strong></span> <span class='ocrx_word' id='word_1_602' title='bbox 3094 4216 3223 4255; x_wconf 87' lang='lat' dir='ltr'><strong>vero</strong></span> <span class='ocrx_word' id='word_1_603' title='bbox 3252 4215 3345 4270; x_wconf 88' lang='lat' dir='ltr'><strong>pu-</strong></span> 
     </span>
    </p>
   </div>
   <div class='ocr_carea' id='block_1_87' title="bbox 1776 4286 3343 4364">
    <p class='ocr_par' dir='ltr' id='par_1_87' title="bbox 1776 4286 3343 4364">
     <span class='ocr_line' id='line_1_87' title="bbox 1776 4286 3343 4364; baseline -0.001 -17"><span class='ocrx_word' id='word_1_604' title='bbox 1776 4309 1935 4364; x_wconf 88' lang='lat' dir='ltr'><strong>gnam</strong></span> <span class='ocrx_word' id='word_1_605' title='bbox 1969 4308 2033 4347; x_wconf 88' lang='lat' dir='ltr'><strong>ac</strong></span> <span class='ocrx_word' id='word_1_606' title='bbox 2071 4291 2359 4348; x_wconf 78' lang='lat' dir='ltr'><strong>dissidium</strong></span> <span class='ocrx_word' id='word_1_607' title='bbox 2392 4302 2448 4346; x_wconf 92' lang='lat' dir='ltr'><strong>et</strong></span> <span class='ocrx_word' id='word_1_608' title='bbox 2482 4292 2772 4347; x_wconf 88' lang='lat' dir='ltr'><strong>charitatis</strong></span> <span class='ocrx_word' id='word_1_609' title='bbox 2796 4291 3217 4348; x_wconf 77' lang='lat' dir='ltr'><strong>exstinctionem</strong></span> <span class='ocrx_word' id='word_1_610' title='bbox 3258 4286 3343 4345; x_wconf 86' lang='lat' dir='ltr'><strong>in-</strong></span> 
     </span>
    </p>
   </div>
   <div class='ocr_carea' id='block_1_88' title="bbox 1775 4377 3339 4450">
    <p class='ocr_par' dir='ltr' id='par_1_88' title="bbox 1775 4377 3339 4450">
     <span class='ocr_line' id='line_1_88' title="bbox 1775 4377 3339 4450; baseline -0.006 -12"><span class='ocrx_word' id='word_1_611' title='bbox 1775 4384 2020 4450; x_wconf 90' lang='lat' dir='ltr'><strong>ducunt;</strong></span> <span class='ocrx_word' id='word_1_612' title='bbox 2076 4397 2184 4437; x_wconf 92' lang='lat' dir='ltr'><strong>non</strong></span> <span class='ocrx_word' id='word_1_613' title='bbox 2240 4381 2371 4436; x_wconf 88' lang='lat' dir='ltr'><strong>dent</strong></span> <span class='ocrx_word' id='word_1_614' title='bbox 2422 4379 2767 4436; x_wconf 83' lang='lat' dir='ltr'><strong>occasionem</strong></span> <span class='ocrx_word' id='word_1_615' title='bbox 2823 4378 3043 4434; x_wconf 84' lang='lat' dir='ltr'><strong>diabolo</strong></span> <span class='ocrx_word' id='word_1_616' title='bbox 3097 4377 3339 4448; x_wconf 82' lang='lat' dir='ltr'><strong>ipsorum</strong></span> 
     </span>
    </p>
   </div>
   <div class='ocr_carea' id='block_1_89' title="bbox 98 4460 1669 4545">
    <p class='ocr_par' dir='ltr' id='par_1_89' title="bbox 98 4466 1669 4539">
     <span class='ocr_line' id='line_1_89' title="bbox 98 4466 1669 4539; baseline 0.002 -20"><span class='ocrx_word' id='word_1_617' title='bbox 98 4466 253 4538; x_wconf 69' lang='grc' dir='ltr'>μάχην</span> <span class='ocrx_word' id='word_1_618' title='bbox 299 4471 402 4523; x_wconf 70' lang='grc' dir='ltr'>καὶ</span> <span class='ocrx_word' id='word_1_619' title='bbox 450 4467 746 4522; x_wconf 83' lang='grc' dir='ltr'>διάστασιν</span> <span class='ocrx_word' id='word_1_620' title='bbox 790 4468 885 4520; x_wconf 73' lang='grc' dir='ltr'>καὶ</span> <span class='ocrx_word' id='word_1_621' title='bbox 934 4466 1155 4536; x_wconf 88' lang='grc' dir='ltr'>ἀγάπης</span> <span class='ocrx_word' id='word_1_622' title='bbox 1201 4466 1510 4537; x_wconf 82' lang='grc' dir='ltr'>ἀφανισμὸν</span> <span class='ocrx_word' id='word_1_623' title='bbox 1577 4470 1669 4539; x_wconf 82' lang='grc' dir='ltr'><strong>ὐφ-</strong></span> 
     </span>
    </p>
   </div>
   <div class='ocr_carea' id='block_1_90' title="bbox 1778 4460 3355 4545">
    <p class='ocr_par' dir='ltr' id='par_1_90' title="bbox 1781 4467 3355 4545">
     <span class='ocr_line' id='line_1_90' title="bbox 1781 4467 3355 4545; baseline -0.006 -14"><span class='ocrx_word' id='word_1_624' title='bbox 1781 4480 1990 4531; x_wconf 91' lang='lat' dir='ltr'><strong>auimas</strong></span> <span class='ocrx_word' id='word_1_625' title='bbox 2017 4489 2113 4545; x_wconf 89' lang='lat' dir='ltr'><strong>per</strong></span> <span class='ocrx_word' id='word_1_626' title='bbox 2141 4487 2392 4529; x_wconf 89' lang='lat' dir='ltr'><strong>somnum</strong></span> <span class='ocrx_word' id='word_1_627' title='bbox 2416 4471 2728 4537; x_wconf 87' lang='lat' dir='ltr'><strong>invadendi,</strong></span> <span class='ocrx_word' id='word_1_628' title='bbox 2760 4486 2861 4526; x_wconf 85' lang='lat' dir='ltr'><strong>nec</strong></span> <span class='ocrx_word' id='word_1_629' title='bbox 2894 4469 3010 4526; x_wconf 83' lang='lat' dir='ltr'><strong>suis</strong></span> <span class='ocrx_word' id='word_1_630' title='bbox 3039 4467 3355 4525; x_wconf 80' lang='lat' dir='ltr'><strong>visionibus</strong></span> 
     </span>
    </p>
   </div>
   <div class='ocr_carea' id='block_1_91' title="bbox 93 4556 1675 4632">
    <p class='ocr_par' dir='ltr' id='par_1_91' title="bbox 93 4556 1675 4632">
     <span class='ocr_line' id='line_1_91' title="bbox 93 4556 1675 4632; baseline 0.011 -31"><span class='ocrx_word' id='word_1_631' title='bbox 93 4564 278 4625; x_wconf 68' lang='grc' dir='ltr'>ηγεῖται</span> <span class='ocrx_word' id='word_1_632' title='bbox 305 4562 430 4632; x_wconf 70' lang='grc'>(52)</span> <span class='ocrx_word' id='word_1_633' title='bbox 457 4578 472 4591; x_wconf 78' lang='grc' dir='ltr'><strong><em>ο</em></strong></span> <span class='ocrx_word' id='word_1_634' title='bbox 509 4560 591 4632; x_wconf 82' lang='grc' dir='ltr'>μὴ</span> <span class='ocrx_word' id='word_1_635' title='bbox 628 4559 917 4613; x_wconf 87' lang='grc' dir='ltr'>διδότωσαν</span> <span class='ocrx_word' id='word_1_636' title='bbox 964 4557 1155 4628; x_wconf 80' lang='grc' dir='ltr'>καιρὸν</span> <span class='ocrx_word' id='word_1_637' title='bbox 1204 4556 1282 4628; x_wconf 83' lang='grc' dir='ltr'><strong>τῷ</strong></span> <span class='ocrx_word' id='word_1_638' title='bbox 1321 4556 1549 4629; x_wconf 80' lang='grc' dir='ltr'>διαϐόλῳ</span> <span class='ocrx_word' id='word_1_639' title='bbox 1588 4561 1675 4618; x_wconf 86' lang='grc' dir='ltr'><strong>διὰ</strong></span> 
     </span>
    </p>
   </div>
   <div class='ocr_carea' id='block_1_92' title="bbox 1784 4560 3165 4640">
    <p class='ocr_par' dir='ltr' id='par_1_92' title="bbox 1784 4560 3165 4640">
     <span class='ocr_line' id='line_1_92' title="bbox 1784 4560 3165 4640; baseline -0.007 -17"><span class='ocrx_word' id='word_1_640' title='bbox 1784 4570 1904 4640; x_wconf 86' lang='lat' dir='ltr'><strong>plus</strong></span> <span class='ocrx_word' id='word_1_641' title='bbox 1933 4567 2199 4630; x_wconf 88' lang='lat' dir='ltr'><strong>tribuant,</strong></span> <span class='ocrx_word' id='word_1_642' title='bbox 2231 4579 2394 4636; x_wconf 88' lang='lat' dir='ltr'><strong>quam</strong></span> <span class='ocrx_word' id='word_1_643' title='bbox 2427 4564 2762 4621; x_wconf 86' lang='lat' dir='ltr'><strong>salutaribus</strong></span> <span class='ocrx_word' id='word_1_644' title='bbox 2799 4560 3165 4617; x_wconf 87' lang='lat' dir='ltr'><strong>documentis.</strong></span> 
     </span>
    </p>
   </div>
   <div class='ocr_carea' id='block_1_93' title="bbox 94 4645 3339 4735">
    <p class='ocr_par' dir='ltr' id='par_1_93' title="bbox 94 4645 3339 4735">
     <span class='ocr_line' id='line_1_93' title="bbox 94 4645 3339 4735; baseline -0.004 -16"><span class='ocrx_word' id='word_1_645' title='bbox 94 4652 169 4705; x_wconf 67' lang='grc' dir='ltr'><strong>’³θῦ</strong></span> <span class='ocrx_word' id='word_1_646' title='bbox 198 4653 372 4708; x_wconf 67' lang='grc' dir='ltr'>ὕπνου</span> <span class='ocrx_word' id='word_1_647' title='bbox 405 4659 546 4718; x_wconf 74' lang='grc' dir='ltr'>ταῖς</span> <span class='ocrx_word' id='word_1_648' title='bbox 595 4654 793 4725; x_wconf 76' lang='grc' dir='ltr'>ψυχαῖς</span> <span class='ocrx_word' id='word_1_649' title='bbox 833 4651 1011 4706; x_wconf 70' lang='grc' dir='ltr'>αὐτῶν</span> <span class='ocrx_word' id='word_1_650' title='bbox 1049 4651 1346 4704; x_wconf 72' lang='grc' dir='ltr'>ἒπιδαίνειν</span> <span class='ocrx_word' id='word_1_651' title='bbox 1373 4670 1387 4684; x_wconf 83' lang='grc'><strong>⁸</strong></span> <span class='ocrx_word' id='word_1_652' title='bbox 1422 4653 1554 4724; x_wconf 81' lang='grc' dir='ltr'>μηδὲ</span> <span class='ocrx_word' id='word_1_653' title='bbox 1599 4663 1914 4735; x_wconf 83' lang='grc' dir='ltr'>κυριώτερα.</span> <span class='ocrx_word' id='word_1_654' title='bbox 1943 4663 2264 4717; x_wconf 83' lang='grc' dir='ltr'>ποιείτωσαν</span> <span class='ocrx_word' id='word_1_655' title='bbox 2302 4659 2371 4713; x_wconf 71' lang='grc' dir='ltr'><strong>τὰ</strong></span> <span class='ocrx_word' id='word_1_656' title='bbox 2409 4661 2537 4733; x_wconf 80' lang='grc' dir='ltr'>παρ’</span> <span class='ocrx_word' id='word_1_657' title='bbox 2568 4658 2774 4713; x_wconf 78' lang='grc' dir='ltr'>ἑαυτῶν</span> <span class='ocrx_word' id='word_1_658' title='bbox 2817 4657 2928 4729; x_wconf 74' lang='lat'><strong>(53)</strong></span> <span class='ocrx_word' id='word_1_659' title='bbox 2983 4645 3339 4726; x_wconf 65' lang='grc' dir='ltr'>φαντάσματα</span> 
     </span>
    </p>
   </div>
   <div class='ocr_carea' id='block_1_94' title="bbox 93 4749 921 4822">
    <p class='ocr_par' dir='ltr' id='par_1_94' title="bbox 93 4749 921 4822">
     <span class='ocr_line' id='line_1_94' title="bbox 93 4749 921 4822; baseline 0.001 -24"><span class='ocrx_word' id='word_1_660' title='bbox 93 4749 182 4801; x_wconf 75' lang='grc' dir='ltr'><strong>τῶν</strong></span> <span class='ocrx_word' id='word_1_661' title='bbox 213 4752 526 4822; x_wconf 79' lang='grc' dir='ltr'>σωτηρίων</span> <span class='ocrx_word' id='word_1_662' title='bbox 557 4749 921 4819; x_wconf 77' lang='grc' dir='ltr'>διδαγμάτων.</span> 
     </span>
    </p>
   </div>
   <div class='ocr_carea' id='block_1_95' title="bbox 149 4876 1250 4946">
    <p class='ocr_par' dir='ltr' id='par_1_95' title="bbox 149 4876 1250 4946">
     <span class='ocr_line' id='line_1_95' title="bbox 149 4876 1250 4946; baseline -0.012 -5"><span class='ocrx_word' id='word_1_663' title='bbox 149 4891 167 4920; x_wconf 80' lang='grc'>³</span> <span class='ocrx_word' id='word_1_664' title='bbox 193 4885 337 4941; x_wconf 89' lang='lat' dir='ltr'><strong>Psal.</strong></span> <span class='ocrx_word' id='word_1_665' title='bbox 366 4898 588 4946; x_wconf 77' lang='lat' dir='ltr'><strong>Lxxtv,</strong></span> <span class='ocrx_word' id='word_1_666' title='bbox 615 4881 670 4934; x_wconf 87' lang='lat'><strong>6.</strong></span> <span class='ocrx_word' id='word_1_667' title='bbox 748 4881 767 4911; x_wconf 84' lang='grc'>³</span> <span class='ocrx_word' id='word_1_668' title='bbox 793 4877 958 4932; x_wconf 86' lang='lat' dir='ltr'><strong>Zach.</strong></span> <span class='ocrx_word' id='word_1_669' title='bbox 1006 4894 1060 4941; x_wconf 71' lang='grc' dir='ltr'>χ,</span> <span class='ocrx_word' id='word_1_670' title='bbox 1101 4877 1152 4941; x_wconf 86' lang='lat' dir='ltr'><strong>l,</strong></span> <span class='ocrx_word' id='word_1_671' title='bbox 1195 4876 1250 4930; x_wconf 75' lang='lat'><strong>9..</strong></span> 
     </span>
    </p>
   </div>
   <div class='ocr_carea' id='block_1_96' title="bbox 92 4958 476 5026">
    <p class='ocr_par' dir='ltr' id='par_1_96' title="bbox 92 4958 476 5026">
     <span class='ocr_line' id='line_1_96' title="bbox 92 4958 476 5026; baseline -0.008 -18"><span class='ocrx_word' id='word_1_672' title='bbox 92 4972 205 5017; x_wconf 80' lang='lat' dir='ltr'><strong>nu.</strong></span> <span class='ocrx_word' id='word_1_673' title='bbox 237 4958 296 5010; x_wconf 74' lang='lat' dir='ltr'><strong>il</strong></span> <span class='ocrx_word' id='word_1_674' title='bbox 333 4971 476 5026; x_wconf 81' lang='lat' dir='ltr'><strong>sqq.</strong></span> 
     </span>
    </p>
   </div>
   <div class='ocr_carea' id='block_1_97' title="bbox 146 5059 1670 5139">
    <p class='ocr_par' dir='ltr' id='par_1_97' title="bbox 146 5059 1670 5139">
     <span class='ocr_line' id='line_1_97' title="bbox 146 5059 1670 5139; baseline -0.008 -13"><span class='ocrx_word' id='word_1_675' title='bbox 146 5072 247 5139; x_wconf 65' lang='lat'><strong>(47)</strong></span> <span class='ocrx_word' id='word_1_676' title='bbox 294 5069 421 5139; x_wconf 82' lang='grc' dir='ltr'><strong>Τῆς</strong></span> <span class='ocrx_word' id='word_1_677' title='bbox 472 5066 830 5139; x_wconf 56' lang='lat' dir='ltr'><strong>arm-dyon.</strong></span> <span class='ocrx_word' id='word_1_678' title='bbox 860 5061 1088 5139; x_wconf 82' lang='lat' dir='ltr'><strong>Videtur</strong></span> <span class='ocrx_word' id='word_1_679' title='bbox 1135 5059 1370 5115; x_wconf 88' lang='lat' dir='ltr'><strong>Basilius</strong></span> <span class='ocrx_word' id='word_1_680' title='bbox 1422 5062 1670 5139; x_wconf 53' lang='lat' dir='ltr'><strong>haeresim</strong></span> 
     </span>
    </p>
   </div>
   <div class='ocr_carea' id='block_1_98' title="bbox 94 5131 1668 5201">
    <p class='ocr_par' dir='ltr' id='par_1_98' title="bbox 94 5131 1668 5201">
     <span class='ocr_line' id='line_1_98' title="bbox 94 5131 1668 5201; baseline -0.001 -12"><span class='ocrx_word' id='word_1_681' title='bbox 94 5131 706 5201; x_wconf 55' lang='lat' dir='ltr'><strong>utam&#39;innoniinatam&#39;,</strong></span> <span class='ocrx_word' id='word_1_682' title='bbox 753 5135 870 5190; x_wconf 87' lang='lat' dir='ltr'><strong>sive</strong></span> <span class='ocrx_word' id='word_1_683' title='bbox 911 5133 1128 5188; x_wconf 90' lang='lat' dir='ltr'><strong>nomine</strong></span> <span class='ocrx_word' id='word_1_684' title='bbox 1157 5141 1437 5186; x_wconf 87' lang='lat' dir='ltr'><strong>carentem</strong></span> <span class='ocrx_word' id='word_1_685' title='bbox 1462 5131 1668 5196; x_wconf 89' lang='lat' dir='ltr'><strong>dicere,</strong></span> 
     </span>
    </p>
   </div>
   <div class='ocr_carea' id='block_1_99' title="bbox 93 5201 1573 5280">
    <p class='ocr_par' dir='ltr' id='par_1_99' title="bbox 93 5201 1573 5280">
     <span class='ocr_line' id='line_1_99' title="bbox 93 5201 1573 5280; baseline -0.002 -21"><span class='ocrx_word' id='word_1_686' title='bbox 93 5213 196 5280; x_wconf 71' lang='lat' dir='ltr'><strong>quia</strong></span> <span class='ocrx_word' id='word_1_687' title='bbox 226 5227 441 5266; x_wconf 83' lang='lat' dir='ltr'><strong>nomen</strong></span> <span class='ocrx_word' id='word_1_688' title='bbox 484 5207 624 5280; x_wconf 79' lang='lat' dir='ltr'><strong>Filii</strong></span> <span class='ocrx_word' id='word_1_689' title='bbox 653 5205 901 5280; x_wconf 81' lang='lat' dir='ltr'><strong>tollebat,</strong></span> <span class='ocrx_word' id='word_1_690' title='bbox 935 5218 997 5257; x_wconf 88' lang='lat' dir='ltr'><strong>ac</strong></span> <span class='ocrx_word' id='word_1_691' title='bbox 1026 5201 1285 5280; x_wconf 66' lang='lat' dir='ltr'><strong>traditum</strong></span> <span class='ocrx_word' id='word_1_692' title='bbox 1319 5203 1573 5272; x_wconf 86' lang='lat' dir='ltr'><strong>negabat.</strong></span> 
     </span>
    </p>
   </div>
   <div class='ocr_carea' id='block_1_100' title="bbox 145 5270 1671 5352">
    <p class='ocr_par' dir='ltr' id='par_1_100' title="bbox 145 5270 1671 5352">
     <span class='ocr_line' id='line_1_100' title="bbox 145 5270 1671 5352; baseline -0.009 -14"><span class='ocrx_word' id='word_1_693' title='bbox 145 5282 245 5352; x_wconf 71' lang='grc'><strong>(48)</strong></span> <span class='ocrx_word' id='word_1_694' title='bbox 277 5284 480 5350; x_wconf 76' lang='grc' dir='ltr'>Ἄπερ</span> <span class='ocrx_word' id='word_1_695' title='bbox 559 5279 623 5331; x_wconf 79' lang='grc' dir='ltr'>αἱ</span> <span class='ocrx_word' id='word_1_696' title='bbox 670 5276 1092 5352; x_wconf 47' lang='grc' dir='ltr'>οίνόπλῃκτοι..</span> <span class='ocrx_word' id='word_1_697' title='bbox 1118 5270 1209 5326; x_wconf 87' lang='lat' dir='ltr'><strong>Sic</strong></span> <span class='ocrx_word' id='word_1_698' title='bbox 1260 5270 1671 5352; x_wconf 62' lang='lat' dir='ltr'><strong>omnesmostri</strong></span> 
     </span>
    </p>
   </div>
   <div class='ocr_carea' id='block_1_101' title="bbox 89 5340 1668 5416">
    <p class='ocr_par' dir='ltr' id='par_1_101' title="bbox 89 5340 1668 5416">
     <span class='ocr_line' id='line_1_101' title="bbox 89 5340 1668 5416; baseline 0.001 -21"><span class='ocrx_word' id='word_1_699' title='bbox 89 5340 304 5416; x_wconf 54' lang='lat' dir='ltr'><strong>codices,</strong></span> <span class='ocrx_word' id='word_1_700' title='bbox 334 5340 461 5407; x_wconf 82' lang='grc' dir='ltr'>ιιιιὸ</span> <span class='ocrx_word' id='word_1_701' title='bbox 482 5356 749 5416; x_wconf 82' lang='lat' dir='ltr'><strong>excepto,</strong></span> <span class='ocrx_word' id='word_1_702' title='bbox 768 5344 873 5416; x_wconf 82' lang='lat' dir='ltr'><strong>qui</strong></span> <span class='ocrx_word' id='word_1_703' title='bbox 893 5340 1053 5396; x_wconf 82' lang='lat' dir='ltr'><strong>habet</strong></span> <span class='ocrx_word' id='word_1_704' title='bbox 1067 5343 1205 5412; x_wconf 87' lang='grc' dir='ltr'>ὅπερ</span> <span class='ocrx_word' id='word_1_705' title='bbox 1231 5343 1285 5394; x_wconf 83' lang='grc' dir='ltr'><strong>αί</strong></span> <span class='ocrx_word' id='word_1_706' title='bbox 1311 5340 1668 5410; x_wconf 78' lang='grc' dir='ltr'>οἰνόφλυκτοι.</span> 
     </span>
    </p>
   </div>
   <div class='ocr_carea' id='block_1_102' title="bbox 90 5414 1025 5490">
    <p class='ocr_par' dir='ltr' id='par_1_102' title="bbox 90 5414 1025 5490">
     <span class='ocr_line' id='line_1_102' title="bbox 90 5414 1025 5490; baseline -0.006 -20"><span class='ocrx_word' id='word_1_707' title='bbox 90 5416 205 5473; x_wconf 79' lang='lat' dir='ltr'><strong>Editi</strong></span> <span class='ocrx_word' id='word_1_708' title='bbox 239 5414 356 5477; x_wconf 61' lang='grc' dir='ltr'>ἀλλ’</span> <span class='ocrx_word' id='word_1_709' title='bbox 392 5422 569 5490; x_wconf 73' lang='grc' dir='ltr'>ἅπερ</span> <span class='ocrx_word' id='word_1_710' title='bbox 590 5414 1025 5490; x_wconf 64' lang='grc' dir='ltr'><strong>αίοίνόφλυκίςοιἶ</strong></span> 
     </span>
    </p>
   </div>
   <div class='ocr_carea' id='block_1_103' title="bbox 146 5479 1669 5561">
    <p class='ocr_par' dir='ltr' id='par_1_103' title="bbox 146 5479 1669 5561">
     <span class='ocr_line' id='line_1_103' title="bbox 146 5479 1669 5561; baseline -0.008 -15"><span class='ocrx_word' id='word_1_711' title='bbox 146 5492 245 5561; x_wconf 65' lang='grc'><strong>(49)</strong></span> <span class='ocrx_word' id='word_1_712' title='bbox 280 5479 875 5557; x_wconf 68' lang='grc' dir='ltr'>Ψευδοὲίρρφήταις.</span> <span class='ocrx_word' id='word_1_713' title='bbox 932 5482 1099 5538; x_wconf 84' lang='lat' dir='ltr'><strong>Coisl.</strong></span> <span class='ocrx_word' id='word_1_714' title='bbox 1151 5482 1362 5552; x_wconf 87' lang='lat' dir='ltr'><strong>primus</strong></span> <span class='ocrx_word' id='word_1_715' title='bbox 1412 5489 1469 5536; x_wconf 89' lang='lat' dir='ltr'><strong>et</strong></span> <span class='ocrx_word' id='word_1_716' title='bbox 1531 5479 1669 5535; x_wconf 83' lang='lat' dir='ltr'><strong>Med.</strong></span> 
     </span>
    </p>
   </div>
   <div class='ocr_carea' id='block_1_104' title="bbox 88 5565 399 5616">
    <p class='ocr_par' dir='ltr' id='par_1_104' title="bbox 88 5565 399 5616">
     <span class='ocr_line' id='line_1_104' title="bbox 88 5565 399 5616; baseline -0.003 0"><span class='ocrx_word' id='word_1_717' title='bbox 88 5565 399 5616; x_wconf 68' lang='grc' dir='ltr'>προφήταις.</span> 
     </span>
    </p>
   </div>
   <div class='ocr_carea' id='block_1_105' title="bbox 122 5579 1675 5705">
    <p class='ocr_par' dir='ltr' id='par_1_105' title="bbox 122 5579 1675 5705">
     <span class='ocr_line' id='line_1_105' title="bbox 122 5579 894 5644; baseline -0.008 -2"><span class='ocrx_word' id='word_1_718' title='bbox 122 5579 399 5644; x_wconf 47' lang='lat' dir='ltr'><strong>essedis.-</strong></span> <span class='ocrx_word' id='word_1_719' title='bbox 881 5624 894 5636; x_wconf 94' lang='lat'><strong>.</strong></span> 
     </span>
     <span class='ocr_line' id='line_1_106' title="bbox 145 5619 1675 5705; baseline -0.01 -16"><span class='ocrx_word' id='word_1_720' title='bbox 145 5633 246 5705; x_wconf 76' lang='lat'><strong>(50)</strong></span> <span class='ocrx_word' id='word_1_721' title='bbox 280 5638 493 5688; x_wconf 82' lang='grc' dir='ltr'>Ταυτα</span> <span class='ocrx_word' id='word_1_722' title='bbox 507 5640 776 5705; x_wconf 46' lang='grc' dir='ltr'>ξιοοτες..</span> <span class='ocrx_word' id='word_1_723' title='bbox 802 5622 1252 5705; x_wconf 51' lang='grc' dir='ltr'>(Ζοιεξεηιιιειῃιιε,</span> <span class='ocrx_word' id='word_1_724' title='bbox 1284 5619 1420 5676; x_wconf 85' lang='lat' dir='ltr'><strong>Med.</strong></span> <span class='ocrx_word' id='word_1_725' title='bbox 1450 5627 1505 5705; x_wconf 76' lang='lat' dir='ltr'><strong>et</strong></span> <span class='ocrx_word' id='word_1_726' title='bbox 1534 5636 1675 5705; x_wconf 44' lang='lat' dir='ltr'><strong>u‘nus</strong></span> 
     </span>
    </p>
   </div>
   <div class='ocr_carea' id='block_1_106' title="bbox 87 5690 1673 5774">
    <p class='ocr_par' dir='ltr' id='par_1_106' title="bbox 87 5690 1673 5774">
     <span class='ocr_line' id='line_1_107' title="bbox 87 5690 1673 5774; baseline -0.005 -21"><span class='ocrx_word' id='word_1_727' title='bbox 87 5690 159 5754; x_wconf 31' lang='lat' dir='ltr'><strong>ex.</strong></span> <span class='ocrx_word' id='word_1_728' title='bbox 184 5690 368 5774; x_wconf 62' lang='lat' dir='ltr'><strong>Regiis</strong></span> <span class='ocrx_word' id='word_1_729' title='bbox 418 5697 627 5774; x_wconf 72' lang='grc' dir='ltr'>ταῦτα</span> <span class='ocrx_word' id='word_1_730' title='bbox 659 5694 888 5756; x_wconf 77' lang='grc' dir='ltr'>εἰδότας.</span> <span class='ocrx_word' id='word_1_731' title='bbox 925 5690 1071 5746; x_wconf 84' lang='lat' dir='ltr'><strong>Nihil</strong></span> <span class='ocrx_word' id='word_1_732' title='bbox 1122 5690 1331 5774; x_wconf 48' lang='lat' dir='ltr'><strong>tamen.</strong></span> <span class='ocrx_word' id='word_1_733' title='bbox 1354 5691 1673 5774; x_wconf 73' lang='lat' dir='ltr'><strong>mutandum</strong></span> 
     </span>
    </p>
   </div>
   <div class='ocr_carea' id='block_1_107' title="bbox 87 5759 1669 5838">
    <p class='ocr_par' dir='ltr' id='par_1_107' title="bbox 87 5759 1669 5838">
     <span class='ocr_line' id='line_1_108' title="bbox 87 5759 1669 5838; baseline -0.008 -12"><span class='ocrx_word' id='word_1_734' title='bbox 87 5759 411 5838; x_wconf 58' lang='lat' dir='ltr'><strong>putavimus,</strong></span> <span class='ocrx_word' id='word_1_735' title='bbox 478 5768 568 5822; x_wconf 88' lang='lat' dir='ltr'><strong>ob</strong></span> <span class='ocrx_word' id='word_1_736' title='bbox 630 5780 724 5819; x_wconf 86' lang='lat' dir='ltr'><strong>eas</strong></span> <span class='ocrx_word' id='word_1_737' title='bbox 774 5777 975 5817; x_wconf 86' lang='lat' dir='ltr'><strong>causas</strong></span> <span class='ocrx_word' id='word_1_738' title='bbox 1016 5777 1156 5832; x_wconf 85' lang='lat' dir='ltr'><strong>quas</strong></span> <span class='ocrx_word' id='word_1_739' title='bbox 1209 5759 1371 5815; x_wconf 84' lang='lat' dir='ltr'><strong>modo</strong></span> <span class='ocrx_word' id='word_1_740' title='bbox 1409 5760 1669 5814; x_wconf 77' lang='lat' dir='ltr'><strong>diximus.</strong></span> 
     </span>
    </p>
   </div>
   <div class='ocr_carea' id='block_1_108' title="bbox 387 5850 1176 5920">
    <p class='ocr_par' dir='ltr' id='par_1_108' title="bbox 387 5850 1176 5920">
     <span class='ocr_line' id='line_1_109' title="bbox 387 5850 1176 5920; baseline -0.015 0"><span class='ocrx_word' id='word_1_741' title='bbox 387 5861 697 5920; x_wconf 72' lang='grc' dir='ltr'>ΡΑτιιοι..</span> <span class='ocrx_word' id='word_1_742' title='bbox 744 5853 861 5911; x_wconf 77' lang='lat' dir='ltr'><strong>GR.</strong></span> <span class='ocrx_word' id='word_1_743' title='bbox 910 5850 1176 5911; x_wconf 65' lang='lat' dir='ltr'><strong>XXXII.</strong></span> 
     </span>
    </p>
   </div>
   <div class='ocr_carea' id='block_1_109' title="bbox 1351 4876 2317 4946">
    <p class='ocr_par' dir='ltr' id='par_1_109' title="bbox 1351 4876 2317 4946">
     <span class='ocr_line' id='line_1_110' title="bbox 1351 4876 2317 4946; baseline 0.002 -18"><span class='ocrx_word' id='word_1_744' title='bbox 1351 4876 1371 4907; x_wconf 71' lang='grc'><strong>⁸</strong></span> <span class='ocrx_word' id='word_1_745' title='bbox 1398 4877 1505 4931; x_wconf 83' lang='lat' dir='ltr'><strong>lsa.</strong></span> <span class='ocrx_word' id='word_1_746' title='bbox 1548 4894 1699 4943; x_wconf 76' lang='lat' dir='ltr'><strong>xxix.</strong></span> <span class='ocrx_word' id='word_1_747' title='bbox 1734 4878 1785 4932; x_wconf 88' lang='lat'><strong>8.</strong></span> <span class='ocrx_word' id='word_1_748' title='bbox 1874 4880 1895 4909; x_wconf 85' lang='grc'>⁸</span> <span class='ocrx_word' id='word_1_749' title='bbox 1928 4877 2123 4946; x_wconf 77' lang='lat' dir='ltr'><strong>Epltes.</strong></span> <span class='ocrx_word' id='word_1_750' title='bbox 2165 4894 2226 4938; x_wconf 78' lang='grc' dir='ltr'><strong>ιι,</strong></span> <span class='ocrx_word' id='word_1_751' title='bbox 2263 4876 2317 4930; x_wconf 72' lang='grc' dir='ltr'>Ξ.</span> 
     </span>
    </p>
   </div>
   <div class='ocr_carea' id='block_1_110' title="bbox 2423 4870 3339 4943">
    <p class='ocr_par' dir='ltr' id='par_1_110' title="bbox 2423 4870 3339 4943">
     <span class='ocr_line' id='line_1_111' title="bbox 2423 4870 3339 4943; baseline 0.01 -17"><span class='ocrx_word' id='word_1_752' title='bbox 2423 4875 2443 4905; x_wconf 84' lang='grc'><strong><em>⁶</em></strong></span> <span class='ocrx_word' id='word_1_753' title='bbox 2483 4873 2550 4927; x_wconf 81' lang='grc' dir='ltr'><strong>ΙΙΙ</strong></span> <span class='ocrx_word' id='word_1_754' title='bbox 2582 4870 2714 4943; x_wconf 76' lang='lat' dir='ltr'><strong>Reg.</strong></span> <span class='ocrx_word' id='word_1_755' title='bbox 2768 4888 2900 4937; x_wconf 66' lang='grc' dir='ltr'>χιιι,</span> <span class='ocrx_word' id='word_1_756' title='bbox 2928 4872 3017 4927; x_wconf 76' lang='lat'><strong>22.</strong></span> <span class='ocrx_word' id='word_1_757' title='bbox 3121 4877 3141 4906; x_wconf 88' lang='lat'><strong>&quot;</strong></span> <span class='ocrx_word' id='word_1_758' title='bbox 3176 4875 3339 4935; x_wconf 88' lang='lat' dir='ltr'><strong>Num.</strong></span> 
     </span>
    </p>
   </div>
   <div class='ocr_carea' id='block_1_111' title="bbox 1777 5058 3342 5134">
    <p class='ocr_par' dir='ltr' id='par_1_111' title="bbox 1777 5058 3342 5134">
     <span class='ocr_line' id='line_1_112' title="bbox 1777 5058 3342 5134; baseline -0.004 -15"><span class='ocrx_word' id='word_1_759' title='bbox 1777 5064 1963 5134; x_wconf 86' lang='lat' dir='ltr'><strong>Neque</strong></span> <span class='ocrx_word' id='word_1_760' title='bbox 1989 5068 2134 5118; x_wconf 90' lang='lat' dir='ltr'><strong>enim</strong></span> <span class='ocrx_word' id='word_1_761' title='bbox 2179 5069 2446 5129; x_wconf 83' lang='lat' dir='ltr'><strong>repugnat</strong></span> <span class='ocrx_word' id='word_1_762' title='bbox 2493 5059 2726 5134; x_wconf 73' lang='lat' dir='ltr'><strong>vulgata</strong></span> <span class='ocrx_word' id='word_1_763' title='bbox 2758 5058 3031 5134; x_wconf 67' lang='lat' dir='ltr'><strong>scriptura</strong></span> <span class='ocrx_word' id='word_1_764' title='bbox 3064 5058 3208 5129; x_wconf 81' lang='lat' dir='ltr'><strong>stylo</strong></span> <span class='ocrx_word' id='word_1_765' title='bbox 3238 5062 3342 5134; x_wconf 68' lang='lat' dir='ltr'><strong>Ba-</strong></span> 
     </span>
    </p>
   </div>
   <div class='ocr_carea' id='block_1_112' title="bbox 1779 5126 3344 5203">
    <p class='ocr_par' dir='ltr' id='par_1_112' title="bbox 1779 5126 3344 5203">
     <span class='ocr_line' id='line_1_113' title="bbox 1779 5126 3344 5203; baseline -0.001 -15"><span class='ocrx_word' id='word_1_766' title='bbox 1779 5126 1909 5195; x_wconf 80' lang='lat' dir='ltr'><strong>silii,</strong></span> <span class='ocrx_word' id='word_1_767' title='bbox 1963 5147 2028 5187; x_wconf 91' lang='lat' dir='ltr'><strong>ac</strong></span> <span class='ocrx_word' id='word_1_768' title='bbox 2079 5126 2342 5203; x_wconf 57' lang='lat' dir='ltr'><strong>prasterea</strong></span> <span class='ocrx_word' id='word_1_769' title='bbox 2405 5126 2677 5199; x_wconf 76' lang='lat' dir='ltr'><strong>reperitur</strong></span> <span class='ocrx_word' id='word_1_770' title='bbox 2714 5128 2766 5182; x_wconf 90' lang='lat' dir='ltr'><strong>in</strong></span> <span class='ocrx_word' id='word_1_771' title='bbox 2800 5126 3084 5183; x_wconf 44' lang='lat' dir='ltr'><strong>lla&#39;rlwano</strong></span> <span class='ocrx_word' id='word_1_772' title='bbox 3120 5126 3178 5184; x_wconf 81' lang='lat' dir='ltr'><strong>et</strong></span> <span class='ocrx_word' id='word_1_773' title='bbox 3222 5132 3344 5187; x_wconf 81' lang='lat' dir='ltr'><strong>aliis</strong></span> 
     </span>
    </p>
   </div>
   <div class='ocr_carea' id='block_1_113' title="bbox 1777 5204 2081 5259">
    <p class='ocr_par' dir='ltr' id='par_1_113' title="bbox 1777 5204 2081 5259">
     <span class='ocr_line' id='line_1_114' title="bbox 1777 5204 2081 5259; baseline -0.013 0"><span class='ocrx_word' id='word_1_774' title='bbox 1777 5204 2081 5259; x_wconf 85' lang='lat' dir='ltr'><strong>codicibus.</strong></span> 
     </span>
    </p>
   </div>
   <div class='ocr_carea' id='block_1_114' title="bbox 1848 5266 3345 5345">
    <p class='ocr_par' dir='ltr' id='par_1_114' title="bbox 1848 5266 3345 5345">
     <span class='ocr_line' id='line_1_115' title="bbox 1848 5266 3345 5345; baseline -0.002 -20"><span class='ocrx_word' id='word_1_775' title='bbox 1848 5272 1958 5345; x_wconf 82' lang='lat' dir='ltr'><strong>(5i)</strong></span> <span class='ocrx_word' id='word_1_776' title='bbox 2006 5271 2337 5345; x_wconf 59' lang='grc' dir='ltr'>Ἠιςέσχετο.</span> <span class='ocrx_word' id='word_1_777' title='bbox 2369 5266 2460 5323; x_wconf 89' lang='lat' dir='ltr'><strong>Sic</strong></span> <span class='ocrx_word' id='word_1_778' title='bbox 2476 5268 2734 5345; x_wconf 69' lang='lat' dir='ltr'><strong>plerique</strong></span> <span class='ocrx_word' id='word_1_779' title='bbox 2763 5268 2980 5345; x_wconf 69' lang='lat' dir='ltr'><strong>codices</strong></span> <span class='ocrx_word' id='word_1_780' title='bbox 3019 5284 3155 5326; x_wconf 86' lang='lat' dir='ltr'><strong>mss.</strong></span> <span class='ocrx_word' id='word_1_781' title='bbox 3199 5267 3345 5345; x_wconf 87' lang='lat' dir='ltr'><strong>_Ed_iti</strong></span> 
     </span>
    </p>
   </div>
   <div class='ocr_carea' id='block_1_115' title="bbox 1777 5337 3343 5414">
    <p class='ocr_par' dir='ltr' id='par_1_115' title="bbox 1777 5337 3343 5414">
     <span class='ocr_line' id='line_1_116' title="bbox 1777 5337 3343 5414; baseline -0.004 -17"><span class='ocrx_word' id='word_1_782' title='bbox 1777 5337 2037 5414; x_wconf 74' lang='grc' dir='ltr'>ἠνείχετο.</span> <span class='ocrx_word' id='word_1_783' title='bbox 2074 5337 2242 5414; x_wconf 75' lang='lat' dir='ltr'><strong>Paulo</strong></span> <span class='ocrx_word' id='word_1_784' title='bbox 2274 5348 2395 5414; x_wconf 83' lang='lat' dir='ltr'><strong>post</strong></span> <span class='ocrx_word' id='word_1_785' title='bbox 2425 5337 2554 5414; x_wconf 54' lang='lat' dir='ltr'><strong>editi</strong></span> <span class='ocrx_word' id='word_1_786' title='bbox 2581 5337 2728 5414; x_wconf 64' lang='grc' dir='ltr'><strong>ὄνού</strong></span> <span class='ocrx_word' id='word_1_787' title='bbox 2757 5339 3081 5409; x_wconf 80' lang='grc' dir='ltr'>καταρᾶται,</span> <span class='ocrx_word' id='word_1_788' title='bbox 3117 5348 3171 5394; x_wconf 88' lang='lat' dir='ltr'><strong>et</strong></span> <span class='ocrx_word' id='word_1_789' title='bbox 3200 5339 3343 5392; x_wconf 77' lang='lat' dir='ltr'><strong>infra</strong></span> 
     </span>
    </p>
   </div>
   <div class='ocr_carea' id='block_1_116' title="bbox 1781 5407 3343 5484">
    <p class='ocr_par' dir='ltr' id='par_1_116' title="bbox 1781 5407 3343 5484">
     <span class='ocr_line' id='line_1_117' title="bbox 1781 5407 3343 5484; baseline -0.002 -18"><span class='ocrx_word' id='word_1_790' title='bbox 1781 5407 1930 5484; x_wconf 62' lang='grc' dir='ltr'>τξρδξ</span> <span class='ocrx_word' id='word_1_791' title='bbox 1975 5412 2078 5484; x_wconf 80' lang='grc' dir='ltr'>τὴν</span> <span class='ocrx_word' id='word_1_792' title='bbox 2120 5407 2480 5478; x_wconf 79' lang='grc' dir='ltr'>ἀξιοπιστίαν.</span> <span class='ocrx_word' id='word_1_793' title='bbox 2511 5407 2741 5465; x_wconf 87' lang='lat' dir='ltr'><strong>Codices</strong></span> <span class='ocrx_word' id='word_1_794' title='bbox 2780 5407 2913 5464; x_wconf 77' lang='lat' dir='ltr'><strong>mss.</strong></span> <span class='ocrx_word' id='word_1_795' title='bbox 2961 5423 3179 5464; x_wconf 90' lang='lat' dir='ltr'><strong>summo</strong></span> <span class='ocrx_word' id='word_1_796' title='bbox 3207 5424 3343 5463; x_wconf 69' lang='lat' dir='ltr'><strong>con~</strong></span> 
     </span>
    </p>
   </div>
   <div class='ocr_carea' id='block_1_117' title="bbox 1780 5482 2323 5540">
    <p class='ocr_par' dir='ltr' id='par_1_117' title="bbox 1780 5482 2323 5540">
     <span class='ocr_line' id='line_1_118' title="bbox 1780 5482 2323 5540; baseline -0.011 0"><span class='ocrx_word' id='word_1_797' title='bbox 1780 5482 1942 5540; x_wconf 81' lang='lat' dir='ltr'><strong>sensu</strong></span> <span class='ocrx_word' id='word_1_798' title='bbox 1979 5491 2039 5535; x_wconf 90' lang='lat' dir='ltr'><strong>ut</strong></span> <span class='ocrx_word' id='word_1_799' title='bbox 2067 5482 2122 5535; x_wconf 90' lang='lat' dir='ltr'><strong>in</strong></span> <span class='ocrx_word' id='word_1_800' title='bbox 2152 5488 2323 5536; x_wconf 74' lang='lat' dir='ltr'><strong>textu.</strong></span> 
     </span>
    </p>
   </div>
   <div class='ocr_carea' id='block_1_118' title="bbox 1852 5546 3342 5621">
    <p class='ocr_par' dir='ltr' id='par_1_118' title="bbox 1852 5546 3342 5621">
     <span class='ocr_line' id='line_1_119' title="bbox 1852 5546 3342 5621; baseline -0.003 -11"><span class='ocrx_word' id='word_1_801' title='bbox 1852 5554 1964 5621; x_wconf 73' lang='lat'><strong>(52)</strong></span> <span class='ocrx_word' id='word_1_802' title='bbox 2001 5551 2355 5621; x_wconf 53' lang='grc' dir='ltr'><strong>’Υςριιησεῐιναιἒ</strong></span> <span class='ocrx_word' id='word_1_803' title='bbox 2373 5547 2672 5621; x_wconf 35' lang='grc' dir='ltr'>ιιιιΑιιονθιη</span> <span class='ocrx_word' id='word_1_804' title='bbox 2705 5564 2839 5605; x_wconf 91' lang='lat' dir='ltr'><strong>mss.</strong></span> <span class='ocrx_word' id='word_1_805' title='bbox 2872 5546 3011 5621; x_wconf 84' lang='lat' dir='ltr'><strong>Editi</strong></span> <span class='ocrx_word' id='word_1_806' title='bbox 3033 5549 3342 5621; x_wconf 79' lang='grc' dir='ltr'>ἀφηγεῖται.</span> 
     </span>
    </p>
   </div>
   <div class='ocr_carea' id='block_1_119' title="bbox 1853 5618 3340 5695">
    <p class='ocr_par' dir='ltr' id='par_1_119' title="bbox 1853 5618 3340 5695">
     <span class='ocr_line' id='line_1_120' title="bbox 1853 5618 3340 5695; baseline 0.001 -19"><span class='ocrx_word' id='word_1_807' title='bbox 1853 5618 1964 5695; x_wconf 74' lang='lat'><strong>(53)</strong></span> <span class='ocrx_word' id='word_1_808' title='bbox 2001 5618 2424 5695; x_wconf 43' lang='grc' dir='ltr'>Πᾲρίὲιιρτῶν.</span> <span class='ocrx_word' id='word_1_809' title='bbox 2449 5619 2539 5675; x_wconf 87' lang='lat' dir='ltr'><strong>Sic</strong></span> <span class='ocrx_word' id='word_1_810' title='bbox 2567 5629 2677 5677; x_wconf 91' lang='lat' dir='ltr'><strong>tres</strong></span> <span class='ocrx_word' id='word_1_811' title='bbox 2709 5620 3069 5677; x_wconf 84' lang='lat' dir='ltr'><strong>vetustissimi</strong></span> <span class='ocrx_word' id='word_1_812' title='bbox 3101 5618 3340 5676; x_wconf 79' lang='lat' dir='ltr'><strong>codices.</strong></span> 
     </span>
    </p>
   </div>
   <div class='ocr_carea' id='block_1_120' title="bbox 1781 5688 2305 5764">
    <p class='ocr_par' dir='ltr' id='par_1_120' title="bbox 1781 5688 2305 5764">
     <span class='ocr_line' id='line_1_121' title="bbox 1781 5688 2305 5764; baseline -0.006 -16"><span class='ocrx_word' id='word_1_813' title='bbox 1781 5688 1923 5750; x_wconf 86' lang='lat' dir='ltr'><strong>Editi</strong></span> <span class='ocrx_word' id='word_1_814' title='bbox 1946 5688 2099 5764; x_wconf 47' lang='grc' dir='ltr'>’παρτ</span> <span class='ocrx_word' id='word_1_815' title='bbox 2118 5688 2305 5745; x_wconf 78' lang='grc' dir='ltr'>αὑτοῦ.</span> 
     </span>
    </p>
   </div>
   <div class='ocr_carea' id='block_1_121' title="bbox 3030 5843 3109 5905">
    <p class='ocr_par' dir='ltr' id='par_1_121' title="bbox 3030 5843 3109 5905">
     <span class='ocr_line' id='line_1_122' title="bbox 3030 5843 3109 5905; baseline 0 0"><span class='ocrx_word' id='word_1_816' title='bbox 3030 5843 3109 5905; x_wconf 75' lang='lat'><strong>25</strong></span> 
     </span>
    </p>
   </div>
  </div>
