3754 6502
489 355 589 414 ’187

1785 360 1855 416 8..
1887 358 2132 416 BASlLil
2166 358 2377 414 MAGNI

3590 358 3673 414 ἓξ

483 447 687 527 habere
711 472 991 541 cupimus,
1011 481 1064 527 et
1105 474 1340 529 maxime
1368 489 1493 546 erga
1528 474 1860 531 domesticos
1894 475 2040 539 ﬁdei,

2161 472 2385 546 izptﬁd'i;
2410 471 2790 544 διηγήσασθαι,
2810 469 3231 542 παρακαλοῦμεν
3255 470 3349 523 ὕπ’
3369 468 3548 522 αὐτῶν
3565 468 3681 539 πλη-

485 563 820 631 εηιιιιοηιιιιο
847 563 913 619 iis
943 565 1035 634 qui
1061 564 1271 621 litteras
1292 563 1461 620 Roma
1490 573 1837 636 acceperunt.
1861 567 2041 637 Atque

486 651 702 706 etiamsi
732 652 877 722 quod
930 653 1290 709 honoriﬁcum
1332 663 1387 710 et
1432 671 1683 727 magnum
1718 655 1893 711 ferant
1935 656 2042 711 illis

486 744 882 809 testimonium,
914 755 1167 816 optamus
1197 763 1382 802 verum
1424 748 1558 802 illud
1597 763 1741 811 esse,
1781 758 1834 803 et
1866 748 2046 817 operi-

486 837 589 890 bus
637 837 771 908 ipsis
816 837 1219 892 conﬁrmatum.
1263 837 1379 892 Non
1427 839 1634 893 idcirco
1677 850 1851 893 tamen
1912 839 2042 893 mihi

487 926 603 995 ipse
645 943 881 997 unquam
927 929 1252 999 persuadere
1285 929 1508 998 possim,
1549 936 1606 982 ut
1642 937 1736 982 aut
1770 928 2041 984 Meletium

485 1018 750 1088 ignorem,
801 1029 895 1074 aut
930 1019 1182 1075 Ecclesiae
1228 1021 1317 1074 cui
1351 1028 1541 1089 przeest
1586 1020 1902 1083 obliviscar,
1954 1028 2046 1073 aut

486 1109 838 1178 quaestiones.
892 1110 959 1166 de
1014 1104 1213 1182 quibus
1260 1112 1327 1165 ab
1379 1112 1533 1166 initio
1570 1120 1697 1164 nata
1746 1111 2042 1173 dissensio,

486 1201 655 1255 exiles
685 1209 890 1271 putem,
923 1210 977 1256 et
1008 1203 1157 1272 parvi
1197 1202 1262 1256 ad
1303 1204 1518 1271 pietatis
1547 1204 1885 1273 pr0positum
1925 1218 2043 1257 mo-

489 1291 673 1346 menti.
710 1292 821 1364 Ego
860 1296 1005 1349 enim
1037 1310 1144 1350 non
1196 1296 1394 1356 solum,
1437 1295 1481 1349 si
1512 1295 1638 1364 quis
1667 1297 1736 1347 ob
1767 1304 2043 1365 acceptam

489 1380 558 1431 ah
578 1379 885 1437 hominibus
911 1384 1189 1453 epistolam
1230 1383 1505 1445 elieratur,
1539 1398 1645 1437 non
1675 1384 1880 1438 idcirco
1910 1383 2045 1438 abs-

488 1469 630 1521 trahi
684 1486 767 1525 me
796 1488 1033 1542 unquam
1064 1481 1118 1528 et
1140 1473 1369 1528 subduci
1401 1473 1576 1545 patiar
1610 1493 1624 1528 :
1655 1474 1749 1529 sed
1780 1490 1973 1544 neque,
1998 1476 2044 1529 si

487 1575 551 1613 ex
585 1559 719 1630 ipsis
755 1565 918 1618 missa
952 1563 1021 1618 sit
1050 1564 1226 1627 cmlis,
1261 1580 1363 1620 nec
1391 1580 1578 1619 sanam
1614 1565 1702 1619 ille
1731 1564 2047 1635 proﬁteatur

489 1652 613 1708 ﬁdei
646 1656 971 1721 doctrinam,
1015 1674 1235 1729 possum
1266 1659 1416 1713 illum
1448 1667 1763 1714 sanctorum
1803 1674 2047 1715 commu-

490 1746 669 1802 nionis
690 1749 1009 1821 participem
1040 1750 1373 1806 existimare.

2145 565 2504 640 ροφορηθῆναι
2536 565 2666 634 (81).
2691 564 2836 635 Πλὴν
2862 563 2974 616 ἀλλ’
3004 562 3191 633 ἐπειδὴ
3216 561 3434 624 οὐδενὸς
3472 576 3680 629 κατηγο-

2143 657 2362 729 ροῦμεν,
2393 654 2502 728 (82)
2527 654 2663 728 πρὸς
2687 655 2887 719 πάντας
2908 655 2963 708 δὲ
2989 653 3129 724 ἔχειν
3155 651 3425 723 εὐχόμεθα
3452 652 3550 720 τὴν
3568 649 3677 717 ἁγὼ

2142 765 2270 818 πην,
2291 748 2384 801 καὶ
2410 746 2787 819 μάλισταπρὸς
2799 747 2923 810 τοὺς
2938 746 3169 809 οἰκείους
3188 745 3288 815 τῆς
3301 743 3556 807 πεττεως,
3571 759 3679 810 συγ-

2142 840 2402 910 χαίρομεν
2445 840 2555 902 τοῖς
2603 838 2988 909 κομισαμένοις
3031 838 3101 892 τά
3137 838 3246 890 ἀπὸ
3275 835 3498 906 Ῥώμης
3526 836 3680 905 γράμ-

2146 946 2291 1000 ματα
2372 928 2488 983 Κάν
2537 946 2656 982 τινα
2704 932 2905 1000 σεμνὴν
2967 929 3062 982 καὶ
3099 927 3341 998 μεγάλην
3388 926 3490 997 ἔχη
3528 925 3681 988 a-‘Jroi;

2151 1019 2475 1091 μαρτυρίαν,
2527 1018 2797 1090 εὐχόμεθα
2841 1017 3017 1088 ἀληθῆ
3067 1012 3208 1071 εἶναι
3256 1014 3490 1084 ταύτην,
3527 1017 3611 1068 καὶ
3628 1016 3680 1067 δι’

2145 1110 2324 1164 αὐτῶν
2373 1110 2481 1176 (85)
2524 1109 2633 1164 τῶν
2686 1110 2862 1183 ἔργων
2919 1109 3331 1180 βεϐαιουμένην.
3386 1109 3464 1161 Οὐ
3532 1108 3681 1177 μέντοι

2144 1202 2333 1256 τούτου
2387 1218 2451 1271 γε
2511 1202 2697 1255 ἕνεκεν
2733 1200 3009 1272 δυνάμεθά
3044 1217 3172 1254 ποτε
3207 1200 3440 1261 ἑαυτοὺς
3473 1198 3679 1267 mirati

2144 1292 2400 1347 Μελέτιον
2433 1293 2715 1364 ἀγνοῆσαι,
2740 1291 2891 1363 ἧτῆς
2917 1292 3007 1346 ὐπ’
3039 1291 3201 1346 αὐτὸν
3241 1288 3573 1360 Ἐκκλησὶας
3588 1289 3680 1340 ἔτι·

2144 1382 2421 1447 λαθέσθαι,
2453 1381 2486 1453 ἢ
2513 1381 2581 1435 τὰ
2608 1380 2913 1452 ζητήματα,
2948 1381 3088 1451 ὑπὲρ
3121 1373 3197 1434 ὧν
3233 1379 3294 1445 ἐξ
3321 1380 3504 1449 ἀρχῆς
3538 1379 3572 1449 ἡ
3598 1378 3681 1430 διὰ-

2147 1491 2334 1537 στασις
2379 1471 2592 1543 γέγονε,
2639 1471 2810 1544 μικρά
2839 1471 3169 1543 ἡγήσασθαι,
3217 1470 3312 1525 καὶ
3340 1471 3539 1542 ὀλίγην
3573 1470 3682 1539 ἔχειν

2144 1563 2403 1637 διαφορὰν
2458 1564 2677 1634 νομίσαι
2726 1565 2861 1636 πρὸς
2890 1565 2982 1619 τὸν
3023 1564 3120 1635 τῆς
3162 1562 3452 1625 εὐσεϐείας
3491 1563 3681 1615 σκοπόν.

2159 1655 2297 1724 ,Εγὼ
2360 1656 2486 1729 γὰρ,
2520 1657 2616 1727 οὐχ
2668 1658 2814 1722 ὅπως
2863 1660 2911 1710 εί
2963 1656 3244 1727 ἐπιστολήν
3283 1672 3371 1719 τις
3412 1653 3684 1727 ἀνθρώπων

2086 1780 2087 1783 η
2146 1747 2455 1818 δεξάμενος,
2482 1750 2565 1801 ἐπ’
2587 1749 2723 1820 αὐτῇ
2756 1748 2896 1821 μέγα
2915 1750 3118 1819 φρονεῖ,
3145 1746 3333 1801 τούτου
3365 1747 3561 1800 ἕνεκεν
3585 1746 3686 1798 ὕειν
3752 1750 3754 1759 ’

491 1810 747 1913 σταλῆναί
786 1810 912 1897 ποτε
941 1844 1326 1917 καταδέξομαι·
1370 1845 1485 1898 ἀλλ’
1523 1845 1630 1898 οὐδ’
1669 1810 1733 1899 ἂν
1765 1845 1824 1911 ἐξ
1862 1844 2041 1899 αὐτῶν
2076 1845 2188 1918 ἥκῃ
2344 1810 2608 1916 οὐρανῶν,
2642 1810 2723 1916 μη
2756 1810 2971 1915 ’στοιχῇ
2994 1842 3051 1897 δὲ
3224 1844 3529 1912 ὑγιαίνοντι
3574 1844 3685 1915 λόγῳ

487 1929 587 1999 τῆς
609 1932 863 1999 πίστεως,
888 1935 1120 2007 δύναμαι
1147 1937 1307 1991 αὐτὸν
1328 1937 1579 1991 κοινωνὸν
1609 1936 1914 2009 ἡγήσασθαι
1938 1938 2044 1992 τῶν
2081 1937 2271 2006 ἁγίων.

556 2051 611 2105 5.
640 2050 802 2121 322
832 2049 969 2107 Illud
997 2052 1141 2108 enim
1172 2055 1384 2122 cogita,
1414 2054 1498 2108 vir
1526 2055 1878 2119 admirande,
1907 2055 2049 2109 veri.

2219 2054 2272 2108 5.
2319 2052 2675 2125 Ἐνθυμήθητι
2706 2053 2834 2125 γὰρ,
2872 2070 2918 2106 ω
2943 2049 3228 2122 θαυμάσιε,
3266 2053 3347 2106 ὅτι
3382 2052 3439 2105 οἱ
3468 2068 3684 2124 παραχε-

489 2142 616 2197 ιειιίε
653 2152 1004 2212 corruptores
1028 2183 1043 2208 ,
1074 2144 1166 2213 qui
1198 2144 1461 2199 Arianum
1503 2145 1740 2201 schisma
1769 2146 1824 2201 in
1855 2160 2045 2201 sanam

488 2242 702 2302 patrum
726 2234 990 2290 inducunt
1019 2234 1200 2298 ﬁdem,
1232 2236 1433 2289 nullam
1463 2236 1624 2291 aliam
1653 2236 1897 2305 proferre
1921 2250 2050 2290 cau-

488 2332 605 2372 sam
625 2360 641 2387 ,
673 2334 773 2375 cur
800 2322 947 2391 pium
974 2331 1188 2392 patrum
1217 2324 1409 2393 dogma
1443 2330 1550 2379 non
1580 2326 1880 2395 recipiant,
1911 2340 2049 2395 pra:-

491 2418 575 2464 ter
612 2412 1097 2469 consubstantialis
1125 2416 1424 2478 notionem,
1463 2431 1627 2485 quam
1655 2432 1819 2486 prave
1863 2417 1965 2487 ipsi
1994 2425 2049 2472 et

491 2502 558 2555 ad
587 2502 709 2558 ﬁdei
734 2503 903 2560 totius
931 2504 1258 2559 calumniam
1288 2514 1603 2576 exponunt,
1633 2510 1762 2561 dum
1794 2507 1987 2563 Filium
2019 2524 2051 2565 a

490 2594 651 2650 nobis
686 2594 940 2650 dictitant
980 2598 1279 2652 secundum
1320 2597 1656 2668 bypostasim
1687 2600 2047 2655 consubstan-

491 2686 675 2740 tialem
706 2689 1034 2744 asseverari.
1071 2686 1168 2743 His
1194 2688 1239 2744 si
1274 2703 1436 2760 quam
1465 2690 1811 2746 occasionem
1837 2688 2053 2747 dederi-

493 2793 637 2843 mus,
668 2778 798 2834 dum
829 2779 898 2835 ab
927 2780 994 2835 iis
1025 2779 1349 2851 abripimur,
1378 2779 1474 2850 qui
1504 2781 1857 2851 simplicitate
1880 2780 2052 2852 magis

492 2885 654 2939 quam
685 2870 895 2924 malitia
926 2871 1039 2926 haec
1060 2879 1153 2926 aut
1181 2871 1268 2927 his
1307 2871 1508 2927 similia
1532 2873 1723 2928 dicunt
1743 2913 1757 2934 ,
1784 2872 1919 2927 nihil
1952 2874 2054 2927 im-

493 2962 642 3031 pedit
670 2962 965 3032 quominus
992 2962 1376 3021 iueluctabiles
1406 2965 1460 3019 iu
1492 2980 1593 3021 nos
1621 2980 1784 3019 ansas
1815 2965 2054 3035 prabea-

494 3068 652 3117 inus,
695 3067 994 3122 eorumque
1034 3055 1356 3111 rohoremus
1383 3056 1662 3124 haeresim,
1706 3057 2054 3126 quibus,haec

496 3157 601 3196 una
624 3142 944 3199 exercitatio
966 3154 1070 3211 est,
1093 3147 1221 3202 dum
1245 3148 1298 3202 in
1330 3147 1573 3204 Ecclesia
1599 3149 1921 3219 loquuntur,
1945 3164 2053 3204 non

496 3253 593 3293 sua
614 3238 876 3303 stabilire,
901 3240 993 3296 sed
1020 3251 1207 3298 nostra
1227 3244 1568 3299 calumniari.
1591 3243 1850 3310 Quanam
1873 3254 2054 3300 autem

496 3331 596 3385 hac
644 3332 913 3387 calumnia
962 3335 1178 3402 gravior
1224 3350 1345 3390 esse
1391 3312 1684 3405 possit.‘et
1730 3336 1799 3390 ad
1852 3338 2054 3390 multos

2148 2145 2343 2216 ράκται
2386 2143 2487 2213 τῆς
2533 2143 2809 2214 ἀληθείας,
2867 2144 2917 2195 οἱ
2954 2142 3016 2196 rb
3064 2143 3335 2213 Ἀρειανὺν
3396 2143 3603 2214 σχίσμα
3634 2144 3683 2212 τῇ

2146 2233 2289 2300 ὑγιεῖ
2317 2232 2424 2286 τῶν
2455 2232 2701 2303 πατέρων
2723 2232 3175 2301 ὲπεισαγαγόντες
3202 2232 3312 2302 (84)
3335 2232 3548 2297 πίστει,
3570 2234 3685 2286 ουδε-

2150 2324 2276 2395 μίαν
2338 2322 2504 2394 ἄλλην
2558 2324 2735 2378 αἰτίαν
2795 2324 3186 2396 προδάλλονάι
3248 2325 3342 2379 τοῦ
3400 2326 3485 2398 μὴ
3544 2343 3686 2397 παρα-

2146 2412 2391 2484 δέχεσθαι
2417 2413 2477 2466 τὸ
2510 2413 2728 2477 εὐσεϐὲς
2752 2414 2859 2466 τῶν
2880 2414 3128 2485 πατέρων
3168 2414 3363 2485 δόγμα,
3400 2416 3438 2486 ἢ
3482 2414 3579 2487 τὴν
3614 2415 3684 2469 τοῦ

2145 2506 2429 2576 ὁμοουσίου
2447 2504 2702 2569 διάνοιαν,
2728 2505 2795 2576 ἦν
2819 2505 2972 2559 αὐτοὶ
2994 2505 3243 2576 πονηρῶς
3263 2506 3355 2559 καὶ
3379 2508 3484 2560 ἐπὶ
3500 2506 3685 2575 eum

2146 2596 2248 2666 τῆς
2287 2597 2415 2667 ὅλης
2464 2595 2577 2668 (85)
2629 2597 2861 2660 πίστεως
2910 2594 3263 2667 ἐξηγοῦνται,
3306 2597 3570 2665 λέγοντες
3618 2599 3687 2648 τὴν

2150 2689 2278 2742 Υίὸν
2312 2689 2455 2743 κατά
2482 2689 2583 2762 τὴν
2633 2689 2928 2743 ὑπόστασιν
2968 2686 3245 2758 ὀμοούσιον
3289 2688 3551 2757 λέγεσθαι
3586 2688 3687 2758 παρ’

2150 2782 2329 2854 ἡμῶν.
2365 2776 2461 2844 Οἷς
2499 2782 2596 2836 ὲάν
2624 2797 2746 2835 τινα
2794 2780 2972 2852 δῶμεν
3002 2780 3271 2851 ἀφορμὴν,
3317 2782 3380 2833 ὲκ
3431 2780 3532 2833 τοῦ
3570 2797 3692 2850 ﬁgi.

2152 2873 2410 2945 φέρεσθαι
2434 2874 2562 2936 -τοῖς
2604 2873 2670 2926 δι’
2708 2872 2983 2943 ἁπλότητα
3036 2873 3255 2943 μᾶλλον,
3283 2871 3318 2942 ἢ
3368 2871 3466 2926 διὰ
3522 2873 3691 2926 κακίαν

2148 2963 2323 3018 ταῦτα
2367 2963 2400 3033 ἢ
2448 2962 2537 3018 τὰ.
2562 2961 2774 3026 τούτοις
2821 2962 3175 3034 παραπλήσια
3225 2961 3513 3030 λέγουσιν.
3566 2961 3692 3015 οὐξὲν
3752 2980 3754 3033 ς

2153 3055 2349 3111 κωλύει
2369 3060 2464 3110 καὶ
2489 3056 2635 3126 ἡμᾶς
2660 3055 3084 3126 ἀναντιῤῥήτους
3106 3054 3204 3124 μὲν
3230 3053 3411 3108 δοῦναι
3435 3054 3559 3107 καθ’
3590 3056 3691 3107 ἑανο

2153 3149 2260 3203 τῶν
2288 3148 2388 3212 τάς
2416 3147 2607 3211 λαδάς,
2656 3145 2879 3218 ἰσχυρὰν
2930 3145 2988 3198 δὲ
3033 3145 3262 3208 ἐκείνοις
3306 3148 3692 3198 κατασκευάσαι
3752 3152 3754 3197 i

2154 3241 2251 3312 τὴν
2279 3241 2510 3311 αἵρεσιν,
2541 3234 2624 3303 οἷς
2657 3240 2756 3310 μία
2790 3237 2988 3309 μελέτη
3029 3237 3197 3301 ἐστὶν,
3255 3239 3313 3290 ἐν
3333 3239 3449 3299 τοῖς
3486 3238 3576 3290 ἐπὶ
3613 3236 3691 3305 τῆς

2169 3332 2492 3403 Ἐκκλησίας
2521 3331 2767 3400 λόγοις-οὐ
2784 3330 2851 3383 τὰ
2876 3328 3084 3383 ἑαυτῶν
3109 3327 3558 3392 κατασκευάζειν,
3580 3327 3692 3381 ἀλλά

494 3425 914 3480 commovendos
942 3425 1139 3493 aptior,
1165 3442 1325 3497 quam
1358 3429 1402 3483 si
1434 3432 1525 3498 qui
1557 3444 1624 3483 ex
1648 3428 1809 3485 nobis
1835 3430 2051 3485 videan-

2161 3426 2226 3480 τὰ
2251 3425 2492 3496 ἡμέτερα
2513 3422 2834 3477 διαϐάλλειν.
2869 3422 2966 3487 Τίς
2988 3422 3032 3476 δ’
3061 3421 3127 3476 ἂν
3155 3422 3363 3491 γένοιτο
3400 3423 3507 3490 τῆς
3536 3420 3689 3476 bido-

496 3521 586 3566 tur
623 3510 800 3569 Patris
842 3523 896 3568 et
928 3513 1051 3571 Filii
1082 3525 1137 3571 et
1165 3515 1402 3588 Spiritus
1449 3520 1628 3574 sancti
1676 3535 1840 3574 unam
1887 3522 2057 3591 hypo-

494 3604 687 3659 stasim
734 3605 937 3671 dicere,
974 3607 1104 3677 qui,
1153 3609 1369 3664 etiamsi
1424 3610 1648 3665 omnino
1698 3625 2056 3681 personarum

495 3696 852 3754 differentiam
883 3708 1069 3769 aperte
1093 3701 1353 3755 doceant:
1378 3702 1503 3771 quia
1531 3710 1712 3759 tamen
1742 3702 1847 3758 hoc
1879 3702 2055 3777 ipsum

497 3792 649 3860 prius
680 3803 1001 3861 usurpatum
1033 3802 1117 3848 est
1145 3808 1176 3847 a
1208 3794 1464 3859 Sabellio,
1508 3810 1676 3849 unum
1705 3794 1927 3866 quidem
1960 3795 2058 3867 hy-

496 3882 702 3950 postasi
732 3879 898 3936 Deum
926 3896 1051 3938 esse
1074 3882 1311 3949 dicente,
1344 3884 1439 3939 sed
1474 3884 1577 3940 sub
1611 3883 1845 3941 diversis
1866 3899 2055 3955 perso-

498 3974 587 4027 nis
612 3989 643 4027 a
672 3972 954 4045 Scriptura
978 3977 1376 4046 reprmsentari,
1402 3993 1502 4047 pro
1525 3978 1743 4049 propria
1764 3992 2058 4033 occurren-

500 4066 571 4118 tis
603 4064 835 4120 subiude
860 4082 992 4121 usus
1018 4068 1266 4134 ratione;
1296 4082 1360 4122 ac
1380 4084 1527 4124 nunc
1551 4069 1770 4140 quidem
1802 4076 2058 4139 paternas

500 4155 653 4208 illum
691 4156 792 4209 sibi
834 4157 1252 4212 accommodare
1271 4173 1454 4223 voces,
1476 4176 1598 4213 cum
1625 4159 1790 4228 hujus
1811 4174 2060 4229 persona:

501 4246 657 4301 adest
690 4248 945 4303 occasio:
988 4265 1135 4303 nunc
1168 4265 1297 4305 vero
1324 4265 1418 4307 eas
1459 4267 1580 4321 quae
1618 4249 1816 4305 Filium
1845 4251 2056 4315 decent.

500 4353 625 4392 cum
660 4339 724 4392 ad
767 4338 937 4393 nostri
979 4339 1382 4409 suscipiendam
1427 4356 1650 4406 curam,
1680 4350 1775 4396 aut
1823 4344 1889 4395 ad
1926 4343 2061 4397 alias

501 4431 765 4501 quasdam
789 4432 1158 4486 mcononnicas
1189 4432 1539 4502 Operationes
1567 4432 1847 4489 descendit
1872 4451 1886 4488 :
1917 4448 2063 4489 nunc

502 4522 722 4578 tandem
777 4522 1016 4594 Spiritus
1062 4522 1285 4580 induere
1315 4534 1603 4596 persbnam
1627 4565 1644 4588 ,
1689 4540 1811 4579 cum
1850 4532 2062 4595 tempus

500 4616 755 4687 proprias
785 4615 949 4686 hujus
972 4630 1218 4686 personae
1243 4631 1405 4672 voces
1427 4619 1709 4686 exposcit;
1738 4617 1783 4670 si
1814 4618 1906 4687 qui
1934 4632 2063 4688 ergo

500 4708 666 4761 etiam
697 4708 839 4777 apud
868 4721 967 4763 nos
1000 4722 1168 4762 unum
1195 4708 1440 4778 subjecto
1461 4707 1676 4764 Patrem
1702 4717 1756 4763 et
1786 4708 1982 4763 Filium
2009 4718 2063 4763 et

504 4799 767 4868 Spiritum
791 4808 1041 4853 sanctum
1068 4799 1252 4854 dicere
1273 4797 1775 4869 deprehendantur.
1798 4809 1911 4854 tres
1934 4814 2062 4854 vero

503 4909 763 4962 personas
787 4892 1057 4962 perfectas
1080 4892 1359 4946 conﬁteri:
1387 4892 1660 4962 quomodo
1682 4908 1788 4947 non
1816 4902 2060 4963 apertum

504 5100 884 5156 Athanasium.
938 5107 998 5153 ut
1042 5098 1306 5155 scriberet
1346 5099 1592 5156 Paulino.
1642 5099 1910 5155 Prmterea
1950 5114 2059 5155 non

505 5172 749 5235 dubium,
799 5170 929 5239 quin
984 5169 1101 5240 haec
1145 5170 1373 5238 epistola
1422 5169 1706 5224 Paulinum
1748 5170 2062 5240 episcopum

508 5242 825 5311 salutaverit
860 5260 873 5294 :
906 5239 1104 5311 alioqui
1158 5239 1290 5293 nihil
1340 5240 1390 5295 ei
1438 5239 1751 5311 profuisset.
1781 5240 1851 5294 At
1884 5239 2064 5293 causa:

506 5308 717 5366 Paulini
747 5310 1079 5364 Athanasius
1110 5320 1295 5378 aperte
1323 5308 1621 5373 non'iavit,
1647 5319 1937 5378 antequam
1973 5324 2063 5362 ve-

508 5384 652 5436 niret
694 5380 1055 5434 Antiochiam.
1104 5378 1257 5435 Tunc
1307 5380 1451 5433 enim
1502 5380 1821 5449 propensior
1851 5389 1968 5432 erat
2010 5379 2064 5431 in

510 5450 804 5512 Heletium,
837 5464 899 5502 ac
943 5452 1154 5503 omnino
1190 5450 1424 5518 optabat,
1458 5459 1513 5502 ut
1554 5450 1656 5503 sibi
1684 5466 1800 5502 cum
1832 5465 1891 5503 eo
1920 5460 2063 5502 como

511 5522 688 5575 munio
726 5518 1119 5573 conciliaretur.

581 5590 692 5659 (8t)
727 5587 1398 5659 Iunprogpopnaﬂrai.‘5ic
1422 5587 1774 5645 vetustissimi
1799 5594 1908 5643 tres
1935 5602 2064 5643 mss.

510 5669 561 5713 et
592 5657 682 5729 alii
712 5658 840 5729 duo.
877 5657 1011 5713 Editt
1044 5657 1375 5729 διδαχθῆναι.

582 5727 691 5800 (82)
722 5726 856 5783 Vide
886 5729 1162 5784 Addenda.

2156 3518 2254 3588 λῆς
2277 3515 2474 3586 ταύτης
2506 3512 2880 3586 χαλεπωτέρα,
2920 3515 3017 3568 καὶ
3051 3512 3253 3584 μᾶλλον
3291 3512 3565 3583 δυναμένη
3590 3512 3690 3571 τούς
3752 3512 3754 3577 ξ

2157 3609 2383 3671 πολλοὺς
2422 3606 2790 3670 διασαλεῦσαι,
2841 3606 2876 3677 ἢ
2910 3608 2959 3660 εἰ
2995 3606 3104 3679 (86)
3144 3605 3439 3675 φανείησαν
3482 3622 3621 3667 τινες
3645 3605 3690 3669 ἐξ

2156 3700 2313 3772 ἡμῶν
2347 3698 2560 3771 [Iarpr
2606 3698 2700 3751 καὶ
2735 3696 2866 3750 Υίοῦ
2915 3697 3009 3749 καὶ
3048 3696 3203 3764 ἁγίου
3238 3695 3553 3766 Πνεύματος
3587 3694 3689 3766 μία,

2157 3793 2455 3846 ὑπόστασιν
2478 3789 2748 3861 λέγοντες,
2784 3789 2854 3853 οἳ,
2891 3787 2991 3841 κᾶν
3024 3787 3163 3841 πάνυ
3184 3786 3246 3839 rb
3272 3785 3383 3839 τῶν
3408 3785 3689 3857 προσώπων

2155 3885 2411 3956 διάφορον
2435 3882 2681 3954 ἐναργῶς
2707 3878 3123 3951 δογματίζωσιν,
3156 3879 3268 3932 ἀλλ’
3307 3875 3402 3932 οῦν
3440 3878 3520 3947 τῷ
3560 3893 3686 3943 περι

2156 3976 2253 4029 τοῦ
2275 3972 2560 4029 Σαϐελλίου
2586 3969 2940 4045 προειλῆφθαι
2966 3970 3028 4023 rb
3062 3967 3194 4022 αὐτὸ
3234 3967 3391 4022 τοῦτο
3428 3968 3687 4038 λέγονταῖ”

2158 4068 2254 4120 ἕνα
2311 4067 2408 4136 μὲν
2454 4060 2593 4118 εἶναι
2634 4065 2701 4134 τῇ
2741 4062 3038 4116 ὑποστάσει
3079 4061 3172 4116 τὸν
3212 4058 3343 4113 Θεὸν
3370 4099 3387 4122 ,
3432 4076 3689 4129 προσωπο-
3752 4076 3754 4081 ·

2161 4157 2425 4212 ποιεῖσθαι
2465 4155 2522 4208 δὲ
2571 4154 2676 4208 ὐπὸ
2711 4154 2809 4225 τῆς
2849 4151 3070 4225 Γραφῆς
3116 4149 3418 4221 διαφόρως,
3468 4149 3601 4203 κατά
3639 4149 3691 4199 ri

2163 4250 2357 4320 ἰδίωμα
2389 4248 2484 4319 τῆς
2511 4245 2879 4317 ὑποκειμένης
2920 4245 3178 4299 ἑκάστοτε
3228 4245 3441 4316 χρείας
3488 4244 3573 4297 καὶ
3609 4244 3688 4292 νῖν

2163 4341 2262 4410 μὲν
2305 4340 2402 4402 τὰς
2442 4337 2713 4409 πατρικὰς
2770 4334 2947 4406 ἑαυτῷ
3005 4334 3332 4407 περιτιθέναι
3365 4336 3556 4405 φωνάς,
3582 4334 3688 4385 δτιν

2159 4432 2349 4486 τούτου
2392 4429 2581 4501 καιρὸς
2710 4426 2804 4481 τοῦ
2860 4425 3147 4496 προσώπου
3168 4443 3181 4456 ’
3224 4425 3319 4503 νῦν
3362 4426 3418 4478 δὲ
3461 4426 3549 4488 τὶς
3594 4423 3688 4489 fit}
3752 4462 3754 4465 .

2164 4498 2501 4597 πρεπούσας,
2545 4498 2671 4576 ὅταν
2698 4521 2834 4593 πρὸς
2881 4520 2979 4591 τὴν
3023 4498 3293 4591 ἡμετέραῦ
3330 4518 3628 4588 ἐπιμέλειαν
3661 4515 3687 4584 ἢ

2164 4616 2296 4687 πρὸς
2328 4614 2491 4678 ἄλλας
2519 4612 2669 4677 τινάς
2704 4611 3052 4683 οἰκονομικὰς
3108 4612 3386 4683 ἐνεργείας
3432 4609 3685 4678 ὐποδαεη.
3752 4666 3754 4675 Ι

2095 4745 2136 4799 D
2163 4706 2258 4760 νῦν
2277 4705 2409 4763 δὲτὸ
2431 4704 2524 4758 τοῦ
2554 4703 2867 4775 Πνεύματος
2893 4703 3214 4758 ὑποδύεσθαι
3233 4706 3556 4793 προσωπεῖον
3569 4700 3685 4771 (87).

2166 4802 2294 4853 ὅταν
2321 4800 2349 4850 ὁ
2376 4798 2564 4868 καιρὸς
2592 4796 2688 4861 τὰς
2729 4796 2837 4849 ἀπὸ
2881 4793 2975 4849 τοῦ
3005 4793 3243 4848 τοιούτου
3284 4794 3558 4866 προσώπου
3594 4809 3685 4860 φω-

2168 4889 2265 4954 νὰς
2296 4891 2497 4961 ἀπαιτῇ
2516 4907 2528 4919 ·
2554 4888 2650 4943 ἐὰν
2687 4885 2779 4942 οὖν
2812 4891 2906 4942 κα).
2925 4890 3052 4962 παρ’
3082 4889 3213 4959 ἡμῖν
3245 4888 3452 4958 φανῶσί
3488 4902 3613 4948 τινες
3638 4881 3685 4934 ἓν

2238 5098 2348 5169 (85)
2381 5098 2486 5153 Καὶ
2525 5096 2597 5150 δι’
2638 5097 2857 5152 αὐτῶν.
2892 5094 3215 5169 Conjunctio
3254 5093 3515 5169 additae:
3545 5092 3684 5160 quir-

2167 5160 2273 5238 que
2319 5160 2477 5233 mss,
2508 5183 2740 5238 quormu
2789 5160 3321 5238 tresre—tustissinii.
3352 5160 3535 5217 Ibidem
3558 5176 3683 5214 nou-

2169 5235 2468 5309 Iiulliumss.
2493 5235 2780 5309 ἀληθεύειν
2810 5235 3071 5309 αὐτὴνδΰ
3107 5235 3305 5289 αὐτῶν.

2238 5306 2347 5379 (84)
2389 5301 2944 5379 Ἐπεισὶιγαγρντεςζ
2971 5302 3061 5379 [ιιιΔ
3093 5312 3213 5379 tres
3237 5301 3564 5379 vetustissimi
3599 5316 3681 5352 cn.

2172 5372 2474 5432 dices'cum
2503 5392 2611 5432 uno
2638 5372 2941 5444 'ex‘ltegiis.
2970 5372 3106 5428 Editi
3134 5374 3512 5440 ἐπεισάγοντες.

2242 5447 2353 5515 (85)
2387 5448 2587 5514 Ὄλης.
2639 5446 2799 5503 Deest
2844 5446 2899 5499 in
2944 5445 3181 5514 quinque
3218 5459 3369 5507 inss.,
3392 5456 3487 5495 non
3523 5446 3681 5491 tamrn

2173 5518 2574 5573 vetustissimis.

2244 5584 2353 5657 {86)
2390 5589 2458 5641 Ἠ
2482 5590 2553 5641 εὶ.
2584 5583 2763 5657 Prima
2797 5584 2987 5657 [acula
3015 5583 3193 5637 addita
3223 5599 3285 5637 ex
3322 5580 3505 5657 septem
3528 5591 3646 5657 mss.

2246 5651 2356 5727 (87)
2382 5655 2780 5725 Προσωπεῖογ.
2805 5654 3047 5719 Quatuor
3068 5669 3198 5708 tuss.
3223 5651 3525 5707 recentiores
3539 5651 3681 5711 rei?

2174 5743 2339 5781 ωπον.
