3754 6494
27 314 103 371 789
881 303 1374 367 EPISTOLABUM
1412 306 1703 365 CLASSIS
1740 307 1802 375 Il,
1844 307 2062 377 EPIST.
2100 308 2305 367 CCXV.

3097 304 3221 369 790‘

20 432 76 501 τῷ
91 425 396 497 ὑποκειμένῳ
424 425 650 495 Πατέρα
675 424 769 478 καὶ
796 424 924 479 Υίὺν
971 426 1063 480 καὶ
1106 426 1258 496 ἅγιον
1307 426 1531 497 Πνεῦμα

1744 426 2117 498 insuperabile
2160 426 2494 493 videbuntur
2542 424 2737 483 τίσει-το
2785 433 3206 500 argumentum,
3252 436 3265 441 ‘

21 525 231 589 λέγοντες,
275 517 396 589 τρία
440 518 500 570 δὲ
536 518 806 589 πρόσωπα
847 518 1029 573 τέλεια
1064 518 1174 590 (88)
1205 519 1529 589 ὁμολογοῦν-

1641 536 1742 574 cur
1776 535 1903 575 vera
1935 520 2045 575 sint
2080 534 2201 588 quae
2229 518 2295 573 de
2327 518 2482 574 nobis
2509 518 2803 574 dicuntur?

20 632 100 680 τες·
129 614 226 678 πῶς
255 615 371 683 οὐχ).
401 614 552 683 σαφῆ
612 613 705 666 καὶ
756 614 1145 685 ἀναντίρρητον
1187 614 1397 679 δόξουσι
1467 614 1798 686 παρέχεσθαι
1841 614 1939 686 τὴν
1970 594 2239 677 ἀπόδειξιν
2277 611 2371 666 τοῦ
2441 613 2614 684 ἀληθῆ
2648 608 2793 667 εἶναι
2837 611 2905 666 τά
2944 611 3209 682 λεγόμενα

21 705 114 778 περὶ
142 703 308 776 ήμῶνς

66 800 108 852 ι.
140 794 329 865 Περὶδὲ
356 793 474 857 τοῦ,
507 796 593 847 ὅτι
627 794 920 859 ὑπόστασις
946 796 1038 849 καὶ
1070 796 1227 850 οὐσία
1258 797 1319 850 οὐ
1346 796 1538 851 ταυτόν

24 896 125 954 ἐστι,
152 891 231 945 καὶ
258 890 427 951 αὐτοὶ,
478 890 558 954 ὡς
609 890 834 962 νομίζω,
876 892 1304 963 ὐπεσημήναντο
1338 894 1386 946 οἱ
1431 892 1539 946 ἀπὸ

29 986 101 1054 τῆς
128 982 316 1046 Δύσεως
346 981 589 1050 ἀδελφοὶ,
641 984 698 1035 ὲν
731 977 813 1046 οἷς
857 982 918 1035 τὸ
954 984 1135 1037 στενὸν
1190 984 1287 1055 τῆς
1335 982 1541 1038 ἑαυτῶν

31 1076 222 1146 γλώττης
243 1073 606 1144 ὑφορώμενοι,
632 1075 693 1128 τὸ
718 1074 818 1147 τῆς
838 1076 1023 1139 οὐσίας
1044 1076 1211 1147 ὄνομα
1236 1078 1300 1147 τῇ
1332 1056 1553 1129 Ἐλλάδι

34 1171 142 1237 ᾳωνῇ
168 1165 633 1236 παραδεδώκασιν·
681 1167 788 1231 ἵνα,
826 1167 879 1221 εἷ
919 1184 1001 1231 τις
1029 1165 1114 1237 εἴη
1165 1166 1395 1237 διαφορὰ
1442 1165 1541 1237 τῆς

30 1258 204 1320 ἑννοίας,
233 1254 454 1318 σώζοιτο
479 1255 623 1326 αὐτὴ
656 1255 714 1308 ὲν
752 1257 816 1326 τῇ
851 1255 1089 1326 εὐκρινεῖ
1128 1255 1223 1307 κα)⁵
1251 1252 1542 1325 ἀσυγχύτῳ

22 1349 238 1401 διαπέτει
279 1347 387 1400 τῶν
433 1346 741 1417 ὀνομάτων.
796 1347 859 1401 Εἰ
909 1347 965 1400 δὲ
1018 1346 1099 1400 δεῖ
1144 1347 1239 1401 καὶ
1286 1348 1433 1419 ἡμᾶς
1480 1345 1541 1399 τὸ

23 1440 161 1493 δοκοῦν
187 1441 308 1509 ἡμῖν
343 1441 401 1492 ὲν
436 1439 634 1511 βραχεῖ
658 1440 850 1502 εἰπεῖν,
887 1442 1063 1493 έκεῖνο
1088 1439 1342 1513 ἐροῦμεν,
1366 1440 1447 1492 ὅτι
1474 1438 1533 1492 ὃν

26 1531 101 1599 ἔχει
126 1531 260 1598 λόγον
285 1531 345 1584 τὸ
377 1532 561 1585 κοινὸν
603 1531 737 1605 πρὸς
770 1530 829 1584 τὸ
873 1530 1023 1596 ἴδιον,
1071 1532 1256 1585 τοῦτον
1286 1529 1395 1601 (89)
1424 1529 1534 1600 ἔχει

26 1624 49 1691 ἡ
74 1622 197 1674 οὐσία
220 1621 346 1692 πρὸς
373 1621 475 1691 τὴν
498 1622 814 1677 ὑπόστασιν.
840 1622 1109 1686 Ἕκαστος
1134 1620 1244 1693 γὰρ
1260 1620 1417 1693 ἡμῶν
1444 1620 1536 1674 καὶ

1713 792 1765 845 4.
1807 791 1961 858 Quod
1995 800 2175 845 autem
2213 788 2527 861 hypostasis
2566 796 2620 844 et
2650 792 2895 849 essentia,
2926 789 3065 845 idem
3101 808 3207 847 non

1642 893 1792 948 sunt,
1835 883 1887 937 id
1931 889 1985 937 et
2036 882 2163 952 ipsi,
2207 889 2266 935 ut
2301 890 2452 950 puto,
2487 878 2907 936 subindicaruut
2937 880 3208 938 Occiden-

1642 974 1787 1027 tales
1824 972 2022 1026 lratrcs
2042 1013 2055 1032 ,
2086 966 2214 1025 dum
2247 970 2446 1041 linguae
2475 984 2587 1024 suae
2613 969 2893 1040 angustias
2916 971 3207 1036 subveriti,

1642 1063 1894 1117 essentia:
1925 1078 2121 1117 nomen
2166 1062 2350 1132 lingua
2392 1058 2579 1115 Graeca
2627 1060 3004 1130 tradiderunt;
3038 1071 3097 1117 ut
3132 1072 3207 1130 et,

1642 1154 1688 1208 si
1713 1168 1822 1222 qua
1850 1160 1998 1207 esset
2028 1152 2313 1207 sententiae
2335 1149 2725 1220 discrepantia,
2756 1150 2847 1204 illa
2880 1150 2997 1222 ipsa
3027 1168 3211 1208 serva-

1644 1250 1795 1297 retur
1834 1244 1887 1297 in
1918 1245 2065 1297 clara
2099 1250 2153 1297 et
2193 1242 2421 1296 minime
2452 1240 2685 1296 confusa
2717 1242 2998 1297 nominum
3031 1244 3212 1299 diver-

1644 1334 1826 1391 sitate.
1872 1333 2026 1399 Quod
2063 1334 2107 1388 si
2141 1338 2196 1386 et
2234 1331 2363 1385 milii
2399 1331 2531 1402 quid
2564 1333 2796 1387 sentiam
2839 1334 3078 1388 breviter
3128 1335 3212 1390 di-

1644 1424 1877 1480 cendum
1899 1464 1913 1488 ,
1947 1424 2079 1478 illud
2110 1423 2286 1477 dicam
2310 1465 2323 1488 ,
2359 1439 2479 1494 qua:
2505 1423 2647 1478 ratio
2671 1430 2754 1479 est
2785 1426 3059 1479 communi
3088 1441 3211 1480 cum

1640 1531 1707 1572 eo
1738 1515 1884 1587 quod
1917 1515 2219 1586 proprium,
2247 1516 2494 1571 eamdem
2528 1531 2651 1572 esse
2682 1515 2936 1571 essentia;
2966 1531 3089 1571 cum
3117 1518 3215 1590 hy-

1640 1606 1864 1678 postasi.
1897 1604 2032 1660 Nam
2060 1605 2435 1676 unusquisque
2467 1614 2719 1662 nostrum
2749 1615 2804 1662 et
2842 1621 2940 1677 per
2968 1621 3214 1663 commu-

25 1712 225 1784 τῴκοινῷ
254 1714 347 1784 τῆς
375 1712 568 1777 οὐσίας
591 1713 734 1784 λόγῳ
758 1712 851 1767 τοῦ
879 1708 1016 1767 εἶναι
1052 1713 1285 1784 μετέχει,
1303 1714 1396 1766 κα).
1424 1715 1537 1775 τοῖς

1691 1712 1761 1753 2m
1788 1697 2039 1751 essentia:
2070 1694 2334 1751 ratiOnem
2364 1709 2489 1751 esse
2520 1694 2829 1765 participant,
2871 1704 2925 1749 et
2957 1710 3053 1765 per
3076 1709 3207 1749 suas

26 1806 115 1873 1::pl
134 1804 273 1856 αὐτὸν
306 1803 603 1874 ίδιώμασιν
632 1805 660 1857 ό
685 1804 833 1857 δεῖνά
846 1807 961 1858 ἐστι
1001 1805 1094 1858 καὶ
1125 1807 1153 1858 ό
1177 1804 1345 1857 δεῖνα.
1390 1802 1547 1856 Οῦτω

26 1898 182 1950 κάκεἰὸ
205 1896 295 1966 μὲν
326 1896 425 1967 τῆς
458 1895 650 1959 οὐσίας
670 1895 826 1965 λόγος
849 1896 1041 1961 κοινός·
1062 1891 1225 1966 οἷονή
1256 1894 1545 1965 ἁγαθότης,

25 1992 49 2057 ἠ
73 1989 224 2060 Baden;
251 1988 383 2060 (90),
408 1990 442 2062 ἦ
473 1990 601 2043 εἴτι
627 1989 755 2044 ἄλλο
787 1992 956 2042 νοοῖτο
974 2007 985 2019 ·
1021 1990 1055 2059 ἡ
1078 1989 1134 2043 δὲ
1165 1988 1457 2051 ὑπόστασις
1489 1987 1547 2039 ὲν

27 2081 82 2152 τῷ
106 2083 325 2153 ἰδιώματι
356 2084 462 2152 τῆς
489 2083 856 2154 πατρότητος,
883 2081 915 2152 ἢ
951 2083 1048 2152 τῆς
1079 2081 1343 2153 υίότητος,
1378 2080 1411 2151 ἢ
1448 2080 1547 2149 τῆς

27 2175 285 2245 ἁγιιστικῆς
314 2175 605 2246 δυνάμεως
644 2174 954 2248 θεωρεῖται.
977 2174 1039 2226 Ei
1072 2172 1172 2244 μὲν
1216 2167 1309 2225 οὖν
1347 2168 1547 2225 ἁνυπόυ

28 2285 150 2321 erat:
184 2268 389 2336 λέγουσι
442 2257 518 2321 τά
572 2267 861 2337 πρόσωπα,
912 2265 1138 2319 αὐτόθεν
1182 2264 1293 2335 ἔχει
1331 2268 1359 2317 ό
1391 2264 1547 2331 λόγος

26 2363 95 2430 τὴν
126 2362 330 2414 ἀτοπίαν
354 2378 369 2393 ’
425 2363 479 2415 εἰ
528 2361 588 2414 δὲ
632 2362 690 2414 ὲν
724 2357 1019 2414 ὑποστάσει
1065 2355 1203 2412 εἶναι
1252 2357 1393 2412 αὐτὰ
1421 2357 1550 2428 ἁλη-

28 2454 114 2523 θινῇ
134 2453 488 2525 συγχωροῦσιν
522 2451 659 2523 (91),
681 2451 709 2505 ὃ
732 2444 1072 2522 ὁμολογοῦσι,
1091 2449 1185 2503 καὶ
1217 2446 1546 2520 άριθμείτω-

33 2561 119 2603 σιν,
145 2545 220 2597 ἵνα
264 2545 354 2597 καὶ
398 2546 428 2597 ό
451 2543 551 2597 τοῦ
590 2542 874 2614 όμοουσίου
918 2542 1075 2611 λόγος
1120 2540 1459 2612 διαφυλαχθῇ
1489 2543 1547 2594 ἐν

34 2637 82 2704 τῇ
104 2635 285 2703 ἑνότητι
314 2636 411 2705 τῆς
457 2633 733 2704 θεότητος,
779 2632 874 2685 καὶ
919 2633 953 2701 ἡ
994 2632 1092 2701 τῆς
1123 2629 1403 2694 εὐσεϐείας
1426 2629 1546 2683 ὲπί-

34 2742 200 2793 γνωσις,
233 2726 439 2797 [ἰατρὸς
470 2726 572 2779 καὶ
613 2722 741 2777 Υίοῦ
771 2724 867 2777 καὶ
900 2722 1056 2792 ἁγίου
1109 2721 1246 2775 Ilva?
1257 2738 1445 2793 ματος,
1490 2722 1547 2774 ὲν

32 2821 81 2889 τῇ
114 2819 468 2890 ἀπηρτισμένη
509 2818 607 2871 κα)⁵
650 2812 887 2870 ὁλοτελεῖ
931 2813 1161 2868 ἑκάστου
1208 2813 1316 2867 τῶν
1355 2813 1549 2885 ὄνομα·

31 2910 219 2979 ζομένων
279 2911 577 2964 ὑποστάσει
652 2906 1015 2979 κηρῦσσηται.
1086 2905 1277 2978 Ὅμως
1331 2903 1441 2975 (92)
1491 2903 1548 2957 δὲ

30 3002 159 3055 ίκεῖνο
188 3002 438 3074 βούλομαι
497 2999 792 3055 πεπεῖσθαι
821 3000 920 3071 τὴν
965 2997 1272 3070 σεμνότητά
1306 3014 1423 3060 σου,
1459 2996 1546 3049 ὅτι

1646 1786 2011 1858 proprietates
2038 1786 2129 1842 ille
2156 1795 2209 1841 et
2236 1785 2325 1840 ille
2347 1785 2578 1840 exsistit.
2607 1783 2682 1839 ita
2708 1793 2761 1840 et
2791 1786 2899 1840 illic
2934 1786 3072 1841 ratio
3093 1787 3215 1856 qni-

1645 1881 1765 1935 dem
1800 1879 2053 1936 essentia:
2084 1877 2394 1933 communis
2417 1916 2433 1942 ,
2474 1876 2625 1933 velut
2656 1876 2897 1941 bonitas,
2931 1878 3214 1943 divinitas.

1645 1981 1735 2025 aut
1766 1973 1811 2025 si
1832 1970 1962 2042 quid
1996 1969 2143 2024 aliud
2170 1969 2477 2040 cogitatur:
2515 1967 2827 2040 bypostasis
2857 1986 2982 2024 vero
3011 1971 3064 2024 in
3093 1986 3219 2040 pro-

1647 2065 1878 2134 prietate
1935 2062 2284 2134 paternitatis
2310 2104 2325 2127 ,
2362 2069 2456 2117 aut
2486 2061 2798 2126 ﬁliationis,
2835 2074 2928 2117 aut
2960 2064 3219 2135 potentiae

1644 2156 2041 2213 sanctiﬁcantis
2074 2154 2428 2226 perspicitur.
2476 2154 2535 2211 Si
2569 2169 2701 2225 ergo
2729 2170 2994 2225 personas
3024 2156 3217 2211 dicunt

1644 2266 1753 2304 non
1790 2248 2095 2304 subsistere
2119 2288 2136 2315 ,
2168 2264 2265 2321 per
2294 2263 2355 2304 se
2399 2246 2639 2304 absurda
2667 2248 2782 2302 haec
2814 2248 3061 2303 doctrina
3086 2266 3099 2302 :
3128 2250 3218 2304 sin

1643 2337 1955 2399 concedunt
1985 2337 2110 2394 illas
2135 2353 2256 2395 esse
2282 2338 2338 2393 in
2368 2353 2494 2392 vera
2520 2336 2830 2409 bypostasi,
2865 2337 3011 2409 quod
3042 2338 3217 2394 laten-

1646 2438 1766 2495 tur,
1797 2432 1902 2484 hoc
1945 2429 2109 2486 etiam
2149 2438 2441 2486 numerent
2468 2467 2483 2493 ,
2517 2436 2579 2484 ut
2627 2434 2684 2484 et
2732 2431 3218 2486 consubstantialis

1648 2520 1786 2575 ratio
1801 2527 2049 2591 servetur
2071 2518 2124 2573 in
2145 2519 2354 2575 unitate
2381 2518 2707 2583 divinitatis,
2725 2525 2779 2573 et
2804 2517 3021 2587 pietatis
3048 2519 3216 2590 323

1645 2613 1917 2683 cognitio,
1946 2611 2123 2667 Patris
2151 2618 2205 2666 et
2239 2609 2364 2665 Filii
2405 2619 2460 2666 et
2494 2607 2732 2679 Spiritus
2759 2611 2968 2675 sancti,
3008 2612 3062 2665 in
3093 2627 3219 2681 per-

1649 2705 1790 2759 fecta
1814 2711 1869 2759 et
1896 2705 2104 2775 integra
2127 2702 2560 2773 uniuscujusque
2584 2719 2794 2770 eorum,
2818 2704 2917 2775 qui
2937 2705 3215 2757 nominan-

1620 2788 1759 2859 ‘tur,
1790 2796 2069 2869 bypostasi
2107 2795 2451 2869 praedicetur.
2494 2794 2629 2851 Illud
2678 2804 2859 2851 tamen
2893 2803 3003 2850 tua:
3030 2794 3214 2867 digni-

1653 2890 1753 2943 tati
1787 2903 2112 2959 persuasum
2143 2889 2288 2953 volo,
2315 2896 2370 2943 et
2399 2894 2455 2943 te
2482 2894 2539 2943 et
2562 2888 2811 2960 quisquis
2837 2889 3000 2944 simili
3023 2889 3222 2943 verita-

1648 2983 1719 3036 tis
1751 2997 1882 3037 cura
1918 2982 2198 3054 tangitur,
2235 2996 2338 3036 nec
2377 2995 2474 3038 eos
2504 2981 2811 3037 contemnit
2848 2981 2939 3051 qui
2974 2995 3074 3052 pro
3102 2981 3221 3052 pie-

33 3051 160 3147 Ᾱιᾼισὲ
186 3051 466 3148 ;;{;;;;.
493 3051 1136 3162 έδζίέᾴρξιπιέίσιωξξοι
1157 3051 1257 3159 τὴς
1282 3051 1542 3158 ἀληθείας

1691 3080 1757 3128 rte
1786 3051 2088 3139 decertant,
2120 3081 2443 3145 exspectare
2474 3074 2697 3141 debere,
2734 3073 2865 3129 dum
2906 3051 3077 3129 duces
3106 3051 3224 3128 sint

33 3183 343 3253 φροντίζοντα,
368 3186 465 3239 κα),
500 3186 629 3249 τούς
653 3183 794 3255 ὑπὲρ
831 3183 929 3253 τῆς
968 3180 1249 3245 εὐσεϐείας
1283 3176 1544 3249 ἀγωνιζο-

36 3274 179 3344 μένους
202 3278 269 3349 μὴ
291 3275 648 3348 ἀτιμάζοντα,
683 3274 973 3346 ἀναμένειν
1009 3272 1090 3327 δεῖ
1130 3269 1547 3342 καθηγήσασθαι

34 3366 103 3435 τῆς
122 3371 387 3439 συναφείας
411 3370 618 3440 ταύτης
647 3369 742 3423 καὶ
767 3368 865 3438 τῆς
903 3366 1127 3438 εἰρήνης
1155 3365 1283 3427 τοὺς
1313 3362 1549 3435 προστά-

34 3473 104 3522 τας
121 3460 211 3514 τῶν
250 3462 609 3536 Ἐκκλησιῶν,
641 3460 735 3525 οὓς
761 3459 872 3529 ἐγὼ
903 3458 1124 3521 στύλους
1151 3457 1244 3511 καὶ
1275 3454 1552 3527 ἑδραίωμα

35 3548 104 3617 τῆς
142 3551 375 3623 ἀληθείας
430 3554 528 3608 κα)¹
585 3551 685 3621 τῆς
756 3547 1079 3621 Ἐκκλησῐας
1143 3546 1393 3616 τίθεμαι,
1460 3541 1554 3597 καὶ

36 3641 222 3714 τοιούτῳ
250 3645 408 3699 πλέον
436 3645 636 3709 αὐτοὺς
663 3640 936 3711 αἰδοῦμαι,
967 3640 1076 3710 ὅσῳ
1119 3637 1184 3692 ἂν
1218 3634 1555 3707 μακρότερον
1614 3684 1621 3691 .

39 3731 366 3801 ὲξ’)ιιιισθιῖισιν,
396 3738 524 3792 ἀντ)⁹
569 3734 840 3806 τιμωρίας
872 3732 1056 3795 αὐτοῖς
1095 3728 1432 3800 ἐπαγομένου
1461 3724 1554 3780 τοῦ

36 3825 279 3894 χωρισμοῦ.
334 3822 652 3897 Παρακαλῶ
702 3817 815 3886 οῦν,
865 3820 1099 3890 φύλαξον
1143 3821 1278 3889 ἡμῖν
1330 3815 1554 3870 σεαυτὸν

1650 3171 1702 3215 et
1735 3170 1989 3219 auctores
2036 3162 2201 3234 hujus
2233 3164 2645 3234 conjunctionis
2691 3179 2755 3221 ac
2802 3165 2953 3235 pacis
2980 3165 3224 3236 praefecti

1654 3254 2049 3319 Ecclesiarum,
2077 3270 2219 3326 quos
2259 3271 2362 3327 ego
2389 3257 2676 3312 columnas
2718 3271 2785 3310 ac
2825 3255 3224 3313 ﬁrmamentum

1653 3345 1904 3402 veritatis
1934 3352 1990 3399 et
2021 3344 2283 3403 Ecclesiae
2313 3361 2437 3402 esse
2468 3361 2633 3416 pono,
2669 3353 2723 3401 et
2758 3360 2824 3400 eo
2865 3346 3038 3416 magis
3072 3361 3225 3401 reve-

1664 3453 1813 3502 reor.
1843 3452 1955 3507 quo
1977 3437 2196 3508 longius
2222 3438 2454 3510 ablegati
2490 3444 2638 3502 sunt,
2675 3437 2880 3493 inﬂicto
2907 3438 3015 3493 illis
3030 3438 3226 3495 exsilio

1654 3532 1708 3587 in
1736 3547 1911 3603 pana:
1937 3531 2079 3585 loco.
2107 3529 2259 3601 Rogo
2284 3531 2489 3601 itaque,
2514 3544 2675 3585 serva
2706 3538 2760 3586 te
2794 3530 2954 3586 nobis
2988 3530 3057 3585 ab
3084 3532 3227 3585 anti-

1654 3624 1833 3695 cipata
1859 3622 2118 3692 opinione
2147 3621 2404 3685 liberum,
2431 3623 2563 3677 utin
2594 3629 2648 3678 te
2669 3621 3021 3692 acquiescere
3044 3621 3227 3677 valea-

1656 3730 1802 3779 mus,
1833 3729 1995 3785 quem
2031 3715 2085 3769 in
2119 3714 2378 3770 omnibus
2413 3714 2668 3770 baculum
2702 3713 2862 3769 nobis
2895 3723 2949 3770 et
2990 3712 3226 3768 fulcrum

1659 3806 1801 3863 Deus
1831 3806 2062 3876 largitus
2089 3814 2194 3861 est.

37 3914 320 3988 ὰπρόληπτον
336 3913 795 3991 (93),ῐνέχωμέν
834 3930 916 3967 σοι
954 3910 1086 3982 γοῦν
1134 3905 1607 3969 ιπαναπαύεσθαι,
1664 3901 1723 3955 ὃν
1778 3901 1835 3953 ὲν
1895 3901 2029 3954 πᾶσι
2086 3900 2389 3971 βακτηρίαν
2435 3901 2565 3971 ἡμῖν
2618 3899 2709 3952 κα).
2758 3897 2989 3971 ἔρεισμα
3029 3902 3057 3953 ὁ
3093 3899 3226 3964 Θεὸς

40 4003 287 4075 ἐχαρίσατο.

505 4093 851 4152 ΕΠΙΣΤΟΛΗ
890 4095 948 4148 ΣΙ
958 4092 1037 4150 E’.

42 4188 192 4240 Nuntiat
218 4191 415 4241 Basilius
436 4203 490 4241 se
512 4186 736 4240 Terentio

2115 4091 2451 4147 EPISTOLA
2493 4091 2695 4148 CCXV.

768 4182 985 4248 protinus
1008 4181 1269 4248 scripsisse
1290 4182 1630 4248 :__dehort_atur
1654 4182 1947 4248 Dorotheurn
1974 4183 2036 4233 ob
2061 4181 2229 4248 itinere
2249 4185 2457 4248 ﬁumen;
2478 4182 2783 4248 suscipiendo
2803 4220 2818 4245 ,
2843 4182 2951 4248 nisi
2969 4182 3100 4238 mari
3121 4193 3230 4238 uta-

229 4261 335 4303 tur:
359 4250 546 4302 dubitat
564 4264 627 4300 an
646 4243 796 4311 frater
816 4243 1078 4310 Gregorius
1099 4243 1343 4311 ejusmodi
1380 4243 1663 4309 legationem
1683 4245 1819 4297 obire
1844 4243 1975 4307 velit,
1995 4253 2083 4295 om
2100 4245 2167 4297 ad
2189 4243 2371 4296 utiliter
2402 4243 2668 4296 obeundum
2684 4243 2886 4297 idoneus
2905 4244 2985 4297 sit.

410 4330 684 4400 Δωροθέῳ
705 4326 1106 4397 πρεσϐυτέρῳ.

2129 4326 2395 4383 Dorolheo
2423 4328 2744 4399 presbytero.

91 4438 231 4506 Εὐθὺς
264 4440 534 4513 ἐπιτυχὼν
563 4438 837 4511 ἀφορμῆς,
880 4436 1171 4491 ἐπέστειλα
1209 4436 1287 4508 τῷ
1335 4436 1547 4508 θαυμα-

1729 4440 1924 4496 Statim
1953 4441 2299 4497 occasionem
2330 4447 2545 4508 nactus,
2574 4440 2773 4510 scripsi
2798 4442 2916 4494 viro
2947 4440 3001 4494 in
3033 4441 3224 4510 primis

48 4530 237 4602 σιωτᾶτῳ
276 4533 426 4605 ἀνδρὶ
469 4530 739 4603 Τερεντίῳ
784 4528 860 4600 τῷ
908 4528 1106 4599 κόμητι
1126 4544 1139 4557 ο
1199 4527 1553 4598 λογισάμενος

48 4616 415 4696 ἁνυποπτότερον
444 4619 584 4676 εἶναι
612 4621 673 4675 τὸ
693 4620 783 4674 διὰ
810 4618 974 4685 ξένων
995 4617 1145 4690 αὐτῷ
1167 4620 1398 4690 γράφειν
1429 4620 1555 4691 περὶ

48 4709 124 4764 τῶν
163 4716 538 4788 προκειμένων,
595 4712 689 4767 καὶ
747 4710 864 4783 ἅμα
918 4709 1238 4781 βουλόμενος
1289 4710 1553 4782 μηδεμίαν

49 4798 301 4869 ἓηενέσθαι
328 4805 608 4879 διατριϐὴν
639 4803 718 4875 τῷ
742 4803 1026 4875 πράγματι
1056 4802 1149 4859 τὸν
1181 4802 1556 4857 ποθεινότατον

50 4891 223 4964 ἀδελφὺν
279 4900 547 4955 ’Δκάκιον.
615 4894 706 4967 Τῷ
777 4893 1107 4966 διαψηφιστῇ
1182 4893 1282 4964 τῆς
1352 4893 1556 4957 τάξεως

50 4982 374 5062 υῶνὲπάρχων
419 4991 596 5045 ἔδωκα
636 4983 729 5042 οὖν
760 4985 870 5059 (94)
912 4986 1011 5057 τὴν
1056 4985 1346 5057 επιστολὴν
1391 4985 1557 5056 δημο-

102 5090 190 5159 (88)
217 5096 430 5155 τέλεια.
465 5096 625 5152 Deest
674 5096 727 5150 in
774 5094 1058 5149 codicibus
1109 5094 1282 5159 Harl.,
1329 5097 1466 5151 Meti.
1505 5107 1559 5152 et

102 5178 135 5211 ιθ
156 5182 210 5219 (δι
240 5164 437 5220 Regiis.

56 5170 135 5211 uno
156 5182 210 5219 ex
241 5170 437 5225 Ιίιιαίιιι.

110 5185 135 5211 ,ι
300 5186 312 5204 .

110 5185 210 5302 (8g)x
488 5237 629 5292 Editi
664 5246 713 5289 et
747 5234 964 5290 codices
995 5236 1349 5291 vetustissimi
1379 5238 1557 5294 τοῦτο.

59 5297 145 5375 Sed
155 5297 326 5375 melius
349 5310 682 5364 recentiores
711 5321 846 5359 mss.
874 5303 1118 5375 quinque
1142 5305 1350 5361 τοῦτον.

86 5369 197 5446 ,(90)
225 5378 451 5447 θεότης,
485 5377 594 5435 Pro
623 5377 724 5430 bac
762 5369 906 5447 voee'
934 5369 1128 5447 legitur
1158 5376 1429 5447 in‘codice
1454 5376 1561 5433 Me-

62 5435 191 5495 dicaro'
219 5435 461 5518 ἀῖδιότὴξ.
490 5448 692 5503 Ibidem
714 5444 844 5500 editi
877 5444 972 5498 καὶ
985 5435 1056 5497 ἐί
1074 5461 1146 5500 τι.
1185 5444 1315 5502 Mss.
1347 5463 1562 5503 summo

62 5520 279 5569 consensu
310 5527 365 5571 ut
391 5521 445 5574 in
475 5526 647 5574 textu.

114 5579 657 5658 (91)Συτχωροῦσιν.
690 5585 921 5654 Quidam
962 5587 1295 5641 recentiores
1345 5587 1534 5643 codice

69 5658 466 5727 συγχωρήσουσιν.
953 5725 964 5727 _
1524 5680 1535 5692 ·

120 5720 427 5796 ιυῖῘὍμως.
469 5730 543 5786 Ita
572 5746 763 5785 omnes
796 5725 968 5783 nostri
1004 5733 1212 5784 veteres
1243 5728 1386 5785 libri.
1422 5727 1564 5784 Editi

1654 4532 1973 4588 admirando
2042 4533 2227 4588 comiti
2295 4531 2586 4595 Terentio,
2656 4532 2838 4585 minus
2909 4542 3225 4601 suspectum

1655 4639 1778 4679 esse
1804 4624 2126 4679 existimans
2163 4639 2260 4693 per
2301 4623 2516 4694 ignotos
2547 4623 2613 4677 ad
2642 4639 2769 4677 eum
2819 4622 2885 4677 de
2933 4625 3228 4694 propositis

1655 4716 1820 4771 rebus
1851 4716 2126 4779 scribere,
2163 4715 2433 4784 simulque
2464 4714 2543 4771 rei
2577 4729 2783 4769 moram
2814 4714 2995 4771 aﬂ'erri
3029 4716 3221 4769 nolens

1658 4825 1687 4863 a
1712 4809 2038 4864 charissima
2061 4806 2792 4863 l'ratreAcacio.Numerario
2821 4806 2988 4861 ofﬁcii
3019 4806 3212 4877 prtesi-

1657 4904 1743 4959 dis
1765 4899 1891 4956 dedi
1911 4901 2075 4971 igitur
2090 4901 2376 4971 epistolam
2393 4917 2559 4957 cursu
2580 4901 2800 4972 publico
2819 4900 3187 4973 proﬁciscenti
3203 4919 3225 4963 ,ε

1660 4994 1750 5048 cui
1777 4991 1939 5046 etiam
1970 4991 2199 5062 praecepi
2235 4998 2293 5045 ut
2322 4992 2477 5049 vobis
2519 4995 2670 5063 prius
2717 4994 2929 5049 litteras
2960 4988 3217 5047 ostende-

1660 5103 1818 5187 ὁμοῦ.
1846 5103 2017 5187 Paulo
2046 5115 2169 5175 post
2202 5105 2361 5161 iidem
2383 5103 2513 5160 editi
2541 5104 2605 5159 ἂν
2632 5105 2842 5177 μένειν.
2866 5103 3068 5164 Omnes
3091 5121 3225 5160 mss.

1667 5183 2143 5315 ω(ἔ;ὲ)ιῗέ2υτρν
2186 5245 2597 5312 ἀπρόληπτον.
2647 5244 2837 5300 Plures
2884 5260 3015 5315 mss.
3054 5245 3229 5315 ,αὐτὸν

1665 5311 2036 5385 ἀτέρόληπτον.
2076 5311 2167 5367 Sic
2195 5311 2412 5385 exhibet
2448 5315 2590 5371 hunc
2626 5317 2804 5370 locum
2835 5314 3003 5371 codex
3035 5314 3224 5370 Claro-

1664 5384 1959 5458 montanus
1991 5403 2005 5439 :
2037 5384 2836 5458 ozaurovdnpoawrtélqmov,
2886 5386 2972 5439 ἵνα
3018 5385 3230 5457 ἐχωμέν

1666 5470 1747 5507 σοι
1779 5454 2018 5523 γνησίως
2046 5453 2120 5517 ὼς
2153 5454 2253 5523 υίῴ
2277 5453 2743 5512 ἐπαναπαύεσθαι.

1736 5528 1753 5545 ‘
1778 5525 1926 5576 Alias
1952 5522 2104 5579 CCL.
2133 5522 2349 5579 Scripta
2377 5541 2521 5579 anno
2545 5527 2669 5579 375.

1737 5540 1750 5545 “
1778 5540 1926 5576 anas
1952 5540 2104 5579 unus.
2134 5540 2349 5595 Scripta
2377 5541 2521 5579 anno
2545 5540 2669 5579 om.

1735 5592 2110 5665 (θόλἝδωκα
2138 5589 2270 5665 οὖν.
2318 5593 2655 5650 Postremum
2689 5611 2872 5651 vocem
2901 5597 3013 5652 erui
3041 5613 3102 5649 ex
3134 5612 3230 5649 co-

1666 5662 2095 5737 dice__Mi3dicaeo.
2138 5662 2298 5719 Deest
2345 5665 2457 5721 haec
2504 5665 2733 5737 epistola
2773 5669 2826 5721 in
2859 5666 3140 5722 llarlwzum
3180 5675 3231 5721 et

1668 5733 1914 5798 pluribus
1941 5734 2085 5791 aliis.
