  <div class='ocr_page' id='page_1' title='image "/cluster/home/n/w/nwhite01/storage/ocr_20150623/32/hvd.32044020606729/408.png"; bbox 0 0 3754 6494; ppageno 0'>
   <div class='ocr_carea' id='block_1_1' title="bbox 79 319 138 378">
    <p class='ocr_par' dir='ltr' id='par_1_1' title="bbox 79 319 138 378">
     <span class='ocr_line' id='line_1_1' title="bbox 79 319 138 378; baseline 0 -8"><span class='ocrx_word' id='word_1_1' title='bbox 79 319 138 378; x_wconf 73' lang='grc' dir='ltr'><strong>Ιῗ</strong></span> 
     </span>
    </p>
   </div>
   <div class='ocr_carea' id='block_1_2' title="bbox 77 424 1599 503">
    <p class='ocr_par' dir='ltr' id='par_1_2' title="bbox 77 424 1599 503">
     <span class='ocr_line' id='line_1_2' title="bbox 77 424 1599 503; baseline 0.007 -25"><span class='ocrx_word' id='word_1_2' title='bbox 77 428 245 498; x_wconf 66' lang='grc' dir='ltr'>ἀηρικοὶ</span> <span class='ocrx_word' id='word_1_3' title='bbox 275 425 323 477; x_wconf 74' lang='grc' dir='ltr'><strong>δὲ</strong></span> <span class='ocrx_word' id='word_1_4' title='bbox 351 424 515 488; x_wconf 75' lang='grc' dir='ltr'>ὄντες,</span> <span class='ocrx_word' id='word_1_5' title='bbox 559 425 652 479; x_wconf 77' lang='grc' dir='ltr'><strong>τού</strong></span> <span class='ocrx_word' id='word_1_6' title='bbox 698 425 906 497; x_wconf 79' lang='grc' dir='ltr'><strong>βαθμοῦ</strong></span> <span class='ocrx_word' id='word_1_7' title='bbox 949 430 1353 503; x_wconf 69' lang='grc' dir='ltr'><strong>καθαιροῦνται.</strong></span> <span class='ocrx_word' id='word_1_8' title='bbox 1407 432 1532 499; x_wconf 83' lang='grc' dir='ltr'><strong>Πᾶς</strong></span> <span class='ocrx_word' id='word_1_9' title='bbox 1561 444 1599 496; x_wconf 80' lang='grc' dir='ltr'><strong>Α</strong></span> 
     </span>
    </p>
   </div>
   <div class='ocr_carea' id='block_1_3' title="bbox 75 515 1534 592">
    <p class='ocr_par' dir='ltr' id='par_1_3' title="bbox 75 515 1534 592">
     <span class='ocr_line' id='line_1_3' title="bbox 75 515 1534 592; baseline 0.008 -25"><span class='ocrx_word' id='word_1_10' title='bbox 75 527 150 590; x_wconf 52' lang='grc' dir='ltr'><strong>τὴν,</strong></span> <span class='ocrx_word' id='word_1_11' title='bbox 178 517 326 586; x_wconf 67' lang='grc' dir='ltr'>φησιν,</span> <span class='ocrx_word' id='word_1_12' title='bbox 365 517 394 569; x_wconf 82' lang='grc' dir='ltr'><em>ό</em></span> <span class='ocrx_word' id='word_1_13' title='bbox 433 515 632 569; x_wconf 72' lang='grc' dir='ltr'><strong>λαϐὼν</strong></span> <span class='ocrx_word' id='word_1_14' title='bbox 663 517 961 588; x_wconf 79' lang='grc' dir='ltr'>μάχαιραν</span> <span class='ocrx_word' id='word_1_15' title='bbox 994 523 1063 575; x_wconf 78' lang='grc' dir='ltr'><strong>ἐν</strong></span> <span class='ocrx_word' id='word_1_16' title='bbox 1101 526 1358 592; x_wconf 62' lang='grc' dir='ltr'>μαχαίρᾳ</span> <span class='ocrx_word' id='word_1_17' title='bbox 1389 526 1534 578; x_wconf 80' lang='grc' dir='ltr'>ἀπο-</span> 
     </span>
    </p>
   </div>
   <div class='ocr_carea' id='block_1_4' title="bbox 73 611 266 668">
    <p class='ocr_par' dir='ltr' id='par_1_4' title="bbox 73 611 266 668">
     <span class='ocr_line' id='line_1_4' title="bbox 73 611 266 668; baseline 0.005 -6"><span class='ocrx_word' id='word_1_18' title='bbox 73 611 266 668; x_wconf 64' lang='grc' dir='ltr'>ιιι-εἷται.</span> 
     </span>
    </p>
   </div>
   <div class='ocr_carea' id='block_1_5' title="bbox 107 699 1534 781">
    <p class='ocr_par' dir='ltr' id='par_1_5' title="bbox 107 699 1534 781">
     <span class='ocr_line' id='line_1_5' title="bbox 107 699 1534 781; baseline 0.006 -25"><span class='ocrx_word' id='word_1_19' title='bbox 107 704 209 768; x_wconf 58' lang='grc' dir='ltr'>λς’.</span> <span class='ocrx_word' id='word_1_20' title='bbox 240 703 289 753; x_wconf 86' lang='grc' dir='ltr'><strong>ὐ</strong></span> <span class='ocrx_word' id='word_1_21' title='bbox 311 699 561 763; x_wconf 81' lang='grc' dir='ltr'><strong>ἑκουσίως</strong></span> <span class='ocrx_word' id='word_1_22' title='bbox 591 701 876 770; x_wconf 79' lang='grc' dir='ltr'>φονεύσας.</span> <span class='ocrx_word' id='word_1_23' title='bbox 915 705 1052 777; x_wconf 86' lang='grc' dir='ltr'><strong>μετά</strong></span> <span class='ocrx_word' id='word_1_24' title='bbox 1085 707 1142 760; x_wconf 82' lang='grc' dir='ltr'><strong>δὲ</strong></span> <span class='ocrx_word' id='word_1_25' title='bbox 1166 709 1326 763; x_wconf 78' lang='grc' dir='ltr'>τοῦτο</span> <span class='ocrx_word' id='word_1_26' title='bbox 1367 727 1534 781; x_wconf 86' lang='grc' dir='ltr'>μετα-</span> 
     </span>
    </p>
   </div>
   <div class='ocr_carea' id='block_1_6' title="bbox 69 791 1532 870">
    <p class='ocr_par' dir='ltr' id='par_1_6' title="bbox 69 791 1532 870">
     <span class='ocr_line' id='line_1_6' title="bbox 69 791 1532 870; baseline 0.008 -26"><span class='ocrx_word' id='word_1_27' title='bbox 69 794 269 866; x_wconf 69' lang='grc' dir='ltr'>μεληθεὶς,</span> <span class='ocrx_word' id='word_1_28' title='bbox 320 791 514 844; x_wconf 79' lang='grc' dir='ltr'>εἴκοσιν</span> <span class='ocrx_word' id='word_1_29' title='bbox 565 793 743 846; x_wconf 80' lang='grc' dir='ltr'>ἔτεσιν</span> <span class='ocrx_word' id='word_1_30' title='bbox 807 797 1169 870; x_wconf 71' lang='grc' dir='ltr'><strong>ἀκοινώνητος</strong></span> <span class='ocrx_word' id='word_1_31' title='bbox 1221 801 1372 854; x_wconf 77' lang='grc' dir='ltr'>ἔσται</span> <span class='ocrx_word' id='word_1_32' title='bbox 1421 805 1532 864; x_wconf 84' lang='grc' dir='ltr'>τοῖς</span> 
     </span>
    </p>
   </div>
   <div class='ocr_carea' id='block_1_7' title="bbox 67 882 1532 964">
    <p class='ocr_par' dir='ltr' id='par_1_7' title="bbox 67 882 1532 964">
     <span class='ocr_line' id='line_1_7' title="bbox 67 882 1532 964; baseline -0.001 -22"><span class='ocrx_word' id='word_1_33' title='bbox 67 889 296 954; x_wconf 58' lang='lat' dir='ltr'><strong>inirem.</strong></span> <span class='ocrx_word' id='word_1_34' title='bbox 339 883 414 935; x_wconf 81' lang='grc' dir='ltr'><strong>Τά</strong></span> <span class='ocrx_word' id='word_1_35' title='bbox 460 882 518 936; x_wconf 84' lang='grc' dir='ltr'>δὲ</span> <span class='ocrx_word' id='word_1_36' title='bbox 569 883 774 939; x_wconf 78' lang='grc' dir='ltr'>εἴκοσιν</span> <span class='ocrx_word' id='word_1_37' title='bbox 812 887 904 958; x_wconf 78' lang='grc' dir='ltr'><strong>ἐτη</strong></span> <span class='ocrx_word' id='word_1_38' title='bbox 955 888 1128 954; x_wconf 73' lang='grc' dir='ltr'>οὕτως</span> <span class='ocrx_word' id='word_1_39' title='bbox 1174 893 1532 964; x_wconf 76' lang='grc' dir='ltr'>οἰκονομηοή-</span> 
     </span>
    </p>
   </div>
   <div class='ocr_carea' id='block_1_8' title="bbox 65 974 1532 1054">
    <p class='ocr_par' dir='ltr' id='par_1_8' title="bbox 65 974 1532 1054">
     <span class='ocr_line' id='line_1_8' title="bbox 65 974 1532 1054; baseline 0.005 -25"><span class='ocrx_word' id='word_1_40' title='bbox 65 994 158 1030; x_wconf 71' lang='lat' dir='ltr'><strong>ram</strong></span> <span class='ocrx_word' id='word_1_41' title='bbox 200 977 270 1028; x_wconf 78' lang='grc' dir='ltr'><strong>ἐπ’</strong></span> <span class='ocrx_word' id='word_1_42' title='bbox 302 974 463 1045; x_wconf 76' lang='grc' dir='ltr'>αὐτῷ.</span> <span class='ocrx_word' id='word_1_43' title='bbox 517 976 606 1029; x_wconf 84' lang='grc' dir='ltr'>Ἐν</span> <span class='ocrx_word' id='word_1_44' title='bbox 657 977 950 1050; x_wconf 82' lang='grc' dir='ltr'>τέσσαρσιν</span> <span class='ocrx_word' id='word_1_45' title='bbox 987 980 1132 1034; x_wconf 82' lang='grc' dir='ltr'>ἔτεσι</span> <span class='ocrx_word' id='word_1_46' title='bbox 1185 985 1532 1054; x_wconf 82' lang='grc' dir='ltr'>προσκλαίειν</span> 
     </span>
    </p>
   </div>
   <div class='ocr_carea' id='block_1_9' title="bbox 65 1067 1528 1146">
    <p class='ocr_par' dir='ltr' id='par_1_9' title="bbox 65 1067 1528 1146">
     <span class='ocr_line' id='line_1_9' title="bbox 65 1067 1528 1146; baseline 0.005 -24"><span class='ocrx_word' id='word_1_47' title='bbox 65 1070 211 1140; x_wconf 55' lang='lat' dir='ltr'><strong>laniat,</strong></span> <span class='ocrx_word' id='word_1_48' title='bbox 245 1068 334 1132; x_wconf 80' lang='grc' dir='ltr'>ἔξω</span> <span class='ocrx_word' id='word_1_49' title='bbox 367 1067 463 1138; x_wconf 79' lang='grc' dir='ltr'>τῆς</span> <span class='ocrx_word' id='word_1_50' title='bbox 493 1068 664 1140; x_wconf 87' lang='grc' dir='ltr'>θύρας</span> <span class='ocrx_word' id='word_1_51' title='bbox 695 1071 867 1135; x_wconf 85' lang='grc' dir='ltr'>ἑστὼς</span> <span class='ocrx_word' id='word_1_52' title='bbox 903 1072 996 1126; x_wconf 80' lang='grc' dir='ltr'><strong>τού</strong></span> <span class='ocrx_word' id='word_1_53' title='bbox 1029 1075 1320 1146; x_wconf 81' lang='grc' dir='ltr'>εύκτηρίου</span> <span class='ocrx_word' id='word_1_54' title='bbox 1358 1076 1528 1140; x_wconf 78' lang='grc' dir='ltr'>οἴκου,</span> 
     </span>
    </p>
   </div>
   <div class='ocr_carea' id='block_1_10' title="bbox 63 1161 1531 1239">
    <p class='ocr_par' dir='ltr' id='par_1_10' title="bbox 63 1161 1531 1239">
     <span class='ocr_line' id='line_1_10' title="bbox 63 1161 1531 1239; baseline 0.003 -23"><span class='ocrx_word' id='word_1_55' title='bbox 63 1165 118 1216; x_wconf 77' lang='lat' dir='ltr'><strong>u‘:</strong></span> <span class='ocrx_word' id='word_1_56' title='bbox 139 1161 219 1212; x_wconf 81' lang='grc' dir='ltr'>τῶν</span> <span class='ocrx_word' id='word_1_57' title='bbox 244 1161 500 1214; x_wconf 75' lang='grc' dir='ltr'>εἰσιόντων</span> <span class='ocrx_word' id='word_1_58' title='bbox 538 1161 747 1214; x_wconf 83' lang='grc' dir='ltr'>πιστῶν</span> <span class='ocrx_word' id='word_1_59' title='bbox 777 1163 1026 1235; x_wconf 82' lang='grc' dir='ltr'>δεόμενος</span> <span class='ocrx_word' id='word_1_60' title='bbox 1063 1167 1227 1238; x_wconf 73' lang='grc' dir='ltr'>εὐχὴν</span> <span class='ocrx_word' id='word_1_61' title='bbox 1262 1168 1402 1239; x_wconf 74' lang='grc' dir='ltr'>ὑπὲρ</span> <span class='ocrx_word' id='word_1_62' title='bbox 1432 1169 1531 1220; x_wconf 80' lang='grc' dir='ltr'>αύ-</span> 
     </span>
    </p>
   </div>
   <div class='ocr_carea' id='block_1_11' title="bbox 61 1251 1528 1330">
    <p class='ocr_par' dir='ltr' id='par_1_11' title="bbox 61 1251 1528 1330">
     <span class='ocr_line' id='line_1_11' title="bbox 61 1251 1528 1330; baseline 0.005 -24"><span class='ocrx_word' id='word_1_63' title='bbox 61 1253 117 1306; x_wconf 74' lang='grc' dir='ltr'><strong><em>ωὗ</em></strong></span> <span class='ocrx_word' id='word_1_64' title='bbox 150 1251 404 1316; x_wconf 78' lang='grc' dir='ltr'>ποιεῖσθαι,</span> <span class='ocrx_word' id='word_1_65' title='bbox 451 1253 790 1326; x_wconf 77' lang='grc' dir='ltr'>ἐξαγορεύων</span> <span class='ocrx_word' id='word_1_66' title='bbox 838 1257 938 1328; x_wconf 76' lang='grc' dir='ltr'><strong>τὴν</strong></span> <span class='ocrx_word' id='word_1_67' title='bbox 994 1257 1130 1311; x_wconf 87' lang='grc' dir='ltr'>ἰδίαν</span> <span class='ocrx_word' id='word_1_68' title='bbox 1169 1261 1528 1330; x_wconf 78' lang='grc' dir='ltr'>παρανομίαν.</span> 
     </span>
    </p>
   </div>
   <div class='ocr_carea' id='block_1_12' title="bbox 59 1344 1528 1420">
    <p class='ocr_par' dir='ltr' id='par_1_12' title="bbox 59 1344 1528 1420">
     <span class='ocr_line' id='line_1_12' title="bbox 59 1344 1528 1420; baseline 0.005 -24"><span class='ocrx_word' id='word_1_69' title='bbox 59 1346 155 1402; x_wconf 69' lang='grc' dir='ltr'>Μιτὰ</span> <span class='ocrx_word' id='word_1_70' title='bbox 177 1345 219 1397; x_wconf 85' lang='grc' dir='ltr'><strong>δὲ</strong></span> <span class='ocrx_word' id='word_1_71' title='bbox 242 1344 301 1398; x_wconf 77' lang='grc' dir='ltr'>τὰ</span> <span class='ocrx_word' id='word_1_72' title='bbox 324 1345 557 1414; x_wconf 88' lang='grc' dir='ltr'>τέσσαρα</span> <span class='ocrx_word' id='word_1_73' title='bbox 601 1345 694 1418; x_wconf 75' lang='grc' dir='ltr'><strong>ἔτη</strong></span> <span class='ocrx_word' id='word_1_74' title='bbox 743 1349 822 1410; x_wconf 78' lang='grc' dir='ltr'>εἰς</span> <span class='ocrx_word' id='word_1_75' title='bbox 859 1348 986 1412; x_wconf 70' lang='grc' dir='ltr'>τοὺς</span> <span class='ocrx_word' id='word_1_76' title='bbox 1019 1351 1403 1420; x_wconf 78' lang='grc' dir='ltr'>ἀκροωμένους</span> <span class='ocrx_word' id='word_1_77' title='bbox 1442 1351 1528 1404; x_wconf 82' lang='grc' dir='ltr'><strong>δε-</strong></span> 
     </span>
    </p>
   </div>
   <div class='ocr_carea' id='block_1_13' title="bbox 57 1437 1530 1511">
    <p class='ocr_par' dir='ltr' id='par_1_13' title="bbox 57 1437 1530 1511">
     <span class='ocr_line' id='line_1_13' title="bbox 57 1437 1530 1511; baseline 0.005 -23"><span class='ocrx_word' id='word_1_78' title='bbox 57 1437 266 1508; x_wconf 65' lang='grc' dir='ltr'>ιθήςεται·</span> <span class='ocrx_word' id='word_1_79' title='bbox 295 1439 380 1489; x_wconf 80' lang='grc' dir='ltr'><strong>καὶ</strong></span> <span class='ocrx_word' id='word_1_80' title='bbox 424 1439 479 1489; x_wconf 81' lang='grc' dir='ltr'>ὲν</span> <span class='ocrx_word' id='word_1_81' title='bbox 523 1438 685 1492; x_wconf 81' lang='grc' dir='ltr'>πέντε</span> <span class='ocrx_word' id='word_1_82' title='bbox 736 1440 879 1492; x_wconf 77' lang='grc' dir='ltr'>ἔτεσι</span> <span class='ocrx_word' id='word_1_83' title='bbox 927 1440 1046 1511; x_wconf 84' lang='grc' dir='ltr'>μετ’</span> <span class='ocrx_word' id='word_1_84' title='bbox 1090 1441 1268 1494; x_wconf 77' lang='grc' dir='ltr'>αὐτῶν</span> <span class='ocrx_word' id='word_1_85' title='bbox 1319 1443 1530 1507; x_wconf 79' lang='grc' dir='ltr'>ἐξελεύ-</span> 
     </span>
    </p>
   </div>
   <div class='ocr_carea' id='block_1_14' title="bbox 56 1528 1533 1606">
    <p class='ocr_par' dir='ltr' id='par_1_14' title="bbox 56 1528 1533 1606">
     <span class='ocr_line' id='line_1_14' title="bbox 56 1528 1533 1606; baseline 0.003 -22"><span class='ocrx_word' id='word_1_86' title='bbox 56 1545 168 1584; x_wconf 79' lang='grc' dir='ltr'>σετιι.</span> <span class='ocrx_word' id='word_1_87' title='bbox 192 1529 262 1580; x_wconf 85' lang='grc' dir='ltr'>Ἐν</span> <span class='ocrx_word' id='word_1_88' title='bbox 292 1528 421 1581; x_wconf 76' lang='grc' dir='ltr'>ἑπτὰ</span> <span class='ocrx_word' id='word_1_89' title='bbox 447 1528 592 1582; x_wconf 72' lang='grc' dir='ltr'>ἔτεσι</span> <span class='ocrx_word' id='word_1_90' title='bbox 633 1530 770 1600; x_wconf 84' lang='grc' dir='ltr'><strong>μετά</strong></span> <span class='ocrx_word' id='word_1_91' title='bbox 801 1531 908 1584; x_wconf 84' lang='grc' dir='ltr'>τῶν</span> <span class='ocrx_word' id='word_1_92' title='bbox 940 1534 996 1584; x_wconf 78' lang='grc' dir='ltr'>ἐν</span> <span class='ocrx_word' id='word_1_93' title='bbox 1026 1533 1336 1586; x_wconf 86' lang='grc' dir='ltr'>ὑποπτώσει</span> <span class='ocrx_word' id='word_1_94' title='bbox 1366 1552 1533 1606; x_wconf 84' lang='grc' dir='ltr'>προσ-</span> 
     </span>
    </p>
   </div>
   <div class='ocr_carea' id='block_1_15' title="bbox 55 1621 1529 1698">
    <p class='ocr_par' dir='ltr' id='par_1_15' title="bbox 55 1621 1529 1698">
     <span class='ocr_line' id='line_1_15' title="bbox 55 1621 1529 1698; baseline 0.005 -24"><span class='ocrx_word' id='word_1_95' title='bbox 55 1622 260 1690; x_wconf 69' lang='grc' dir='ltr'>ινχόμενος</span> <span class='ocrx_word' id='word_1_96' title='bbox 285 1621 387 1691; x_wconf 73' lang='lat' dir='ltr'><strong>(l2)</strong></span> <span class='ocrx_word' id='word_1_97' title='bbox 412 1621 772 1688; x_wconf 78' lang='grc' dir='ltr'>ἐξελεύσεται,</span> <span class='ocrx_word' id='word_1_98' title='bbox 799 1625 887 1677; x_wconf 86' lang='grc' dir='ltr'>Ἐν</span> <span class='ocrx_word' id='word_1_99' title='bbox 911 1625 1171 1698; x_wconf 83' lang='grc' dir='ltr'>τέσσαρσι</span> <span class='ocrx_word' id='word_1_100' title='bbox 1203 1630 1529 1698; x_wconf 83' lang='grc' dir='ltr'>συστήσεται</span> 
     </span>
    </p>
   </div>
   <div class='ocr_carea' id='block_1_16' title="bbox 54 1715 1524 1790">
    <p class='ocr_par' dir='ltr' id='par_1_16' title="bbox 54 1715 1524 1790">
     <span class='ocr_line' id='line_1_16' title="bbox 54 1715 1524 1790; baseline 0.006 -25"><span class='ocrx_word' id='word_1_101' title='bbox 54 1715 158 1784; x_wconf 56' lang='grc' dir='ltr'>μόνον</span> <span class='ocrx_word' id='word_1_102' title='bbox 192 1717 285 1776; x_wconf 83' lang='grc' dir='ltr'>τοῖς</span> <span class='ocrx_word' id='word_1_103' title='bbox 315 1717 538 1778; x_wconf 79' lang='grc' dir='ltr'>πιστοῖς,</span> <span class='ocrx_word' id='word_1_104' title='bbox 578 1717 895 1787; x_wconf 79' lang='grc' dir='ltr'>προσφορᾶς</span> <span class='ocrx_word' id='word_1_105' title='bbox 929 1718 985 1770; x_wconf 81' lang='grc' dir='ltr'><strong>δὲ</strong></span> <span class='ocrx_word' id='word_1_106' title='bbox 1027 1719 1087 1771; x_wconf 79' lang='grc' dir='ltr'>οὐ</span> <span class='ocrx_word' id='word_1_107' title='bbox 1139 1720 1524 1790; x_wconf 44' lang='grc' dir='ltr'>μεταλήψεται.</span> 
     </span>
    </p>
   </div>
   <div class='ocr_carea' id='block_1_17' title="bbox 52 1801 1602 1883">
    <p class='ocr_par' dir='ltr' id='par_1_17' title="bbox 52 1801 1602 1883">
     <span class='ocr_line' id='line_1_17' title="bbox 52 1801 1602 1883; baseline 0.006 -23"><span class='ocrx_word' id='word_1_108' title='bbox 52 1804 357 1877; x_wconf 65' lang='grc' dir='ltr'>Πληρωθέντων</span> <span class='ocrx_word' id='word_1_109' title='bbox 387 1807 443 1859; x_wconf 80' lang='grc' dir='ltr'>δὲ</span> <span class='ocrx_word' id='word_1_110' title='bbox 487 1807 695 1860; x_wconf 80' lang='grc' dir='ltr'>τούτων</span> <span class='ocrx_word' id='word_1_111' title='bbox 744 1809 957 1879; x_wconf 77' lang='grc' dir='ltr'>μεθέξει</span> <span class='ocrx_word' id='word_1_112' title='bbox 999 1810 1107 1864; x_wconf 82' lang='grc' dir='ltr'><strong>τῶν</strong></span> <span class='ocrx_word' id='word_1_113' title='bbox 1152 1813 1524 1883; x_wconf 83' lang='grc' dir='ltr'>ἀγιασμάτων.</span> <span class='ocrx_word' id='word_1_114' title='bbox 1562 1801 1602 1854; x_wconf 77' lang='grc' dir='ltr'><strong>Β</strong></span> 
     </span>
    </p>
   </div>
   <div class='ocr_carea' id='block_1_18' title="bbox 93 1897 1528 1976">
    <p class='ocr_par' dir='ltr' id='par_1_18' title="bbox 93 1897 1528 1976">
     <span class='ocr_line' id='line_1_18' title="bbox 93 1897 1528 1976; baseline 0.008 -28"><span class='ocrx_word' id='word_1_115' title='bbox 93 1897 180 1949; x_wconf 63' lang='grc' dir='ltr'><strong>ΝΖν.</strong></span> <span class='ocrx_word' id='word_1_116' title='bbox 213 1897 261 1949; x_wconf 89' lang='grc' dir='ltr'><strong>Ὀ</strong></span> <span class='ocrx_word' id='word_1_117' title='bbox 301 1897 568 1961; x_wconf 78' lang='grc' dir='ltr'>ἀκουσίως</span> <span class='ocrx_word' id='word_1_118' title='bbox 613 1899 878 1967; x_wconf 81' lang='grc' dir='ltr'>φονεύσας</span> <span class='ocrx_word' id='word_1_119' title='bbox 917 1903 974 1954; x_wconf 81' lang='grc' dir='ltr'>ὲν</span> <span class='ocrx_word' id='word_1_120' title='bbox 1019 1901 1151 1956; x_wconf 83' lang='grc' dir='ltr'>δέκα</span> <span class='ocrx_word' id='word_1_121' title='bbox 1196 1903 1370 1957; x_wconf 79' lang='grc' dir='ltr'>ἔτεσιν</span> <span class='ocrx_word' id='word_1_122' title='bbox 1417 1905 1528 1976; x_wconf 77' lang='lat' dir='ltr'><strong>(I3)</strong></span> 
     </span>
    </p>
   </div>
   <div class='ocr_carea' id='block_1_19' title="bbox 49 1985 1529 2068">
    <p class='ocr_par' dir='ltr' id='par_1_19' title="bbox 49 1985 1529 2068">
     <span class='ocr_line' id='line_1_19' title="bbox 49 1985 1529 2068; baseline 0.009 -33"><span class='ocrx_word' id='word_1_123' title='bbox 49 1985 321 2054; x_wconf 71' lang='grc' dir='ltr'>ἀκοινώνητος</span> <span class='ocrx_word' id='word_1_124' title='bbox 366 1986 518 2040; x_wconf 77' lang='grc' dir='ltr'>ἔσται</span> <span class='ocrx_word' id='word_1_125' title='bbox 577 1987 688 2041; x_wconf 84' lang='grc' dir='ltr'><strong>τῶν</strong></span> <span class='ocrx_word' id='word_1_126' title='bbox 731 1990 1108 2060; x_wconf 81' lang='grc' dir='ltr'>ἁγιασμὰτων.</span> <span class='ocrx_word' id='word_1_127' title='bbox 1157 1995 1529 2068; x_wconf 76' lang='grc' dir='ltr'>Οίκονομηθή-</span> 
     </span>
    </p>
   </div>
   <div class='ocr_carea' id='block_1_20' title="bbox 50 2077 1528 2159">
    <p class='ocr_par' dir='ltr' id='par_1_20' title="bbox 50 2077 1528 2159">
     <span class='ocr_line' id='line_1_20' title="bbox 50 2077 1528 2159; baseline 0.009 -32"><span class='ocrx_word' id='word_1_128' title='bbox 50 2077 210 2129; x_wconf 74' lang='grc' dir='ltr'>σεταιδὲ</span> <span class='ocrx_word' id='word_1_129' title='bbox 240 2078 300 2130; x_wconf 78' lang='grc' dir='ltr'>τὰ</span> <span class='ocrx_word' id='word_1_130' title='bbox 343 2077 472 2133; x_wconf 83' lang='grc' dir='ltr'>δέκα</span> <span class='ocrx_word' id='word_1_131' title='bbox 515 2081 613 2150; x_wconf 76' lang='grc' dir='ltr'><strong>ἐτη</strong></span> <span class='ocrx_word' id='word_1_132' title='bbox 652 2082 736 2133; x_wconf 78' lang='grc' dir='ltr'><strong>ἐπ’</strong></span> <span class='ocrx_word' id='word_1_133' title='bbox 774 2082 922 2153; x_wconf 77' lang='grc' dir='ltr'>αὐτῷ</span> <span class='ocrx_word' id='word_1_134' title='bbox 955 2083 1116 2136; x_wconf 75' lang='grc' dir='ltr'>οὕτω.</span> <span class='ocrx_word' id='word_1_135' title='bbox 1151 2083 1255 2138; x_wconf 89' lang='grc' dir='ltr'>Δύο</span> <span class='ocrx_word' id='word_1_136' title='bbox 1303 2087 1402 2156; x_wconf 78' lang='grc' dir='ltr'>μὲν</span> <span class='ocrx_word' id='word_1_137' title='bbox 1435 2087 1528 2159; x_wconf 76' lang='grc' dir='ltr'><strong>ἔτη</strong></span> 
     </span>
    </p>
   </div>
   <div class='ocr_carea' id='block_1_21' title="bbox 49 2170 1533 2249">
    <p class='ocr_par' dir='ltr' id='par_1_21' title="bbox 49 2170 1533 2249">
     <span class='ocr_line' id='line_1_21' title="bbox 49 2170 1533 2249; baseline 0.009 -29"><span class='ocrx_word' id='word_1_138' title='bbox 49 2170 352 2238; x_wconf 72' lang='grc' dir='ltr'>προσχλαύσει·</span> <span class='ocrx_word' id='word_1_139' title='bbox 384 2172 510 2240; x_wconf 78' lang='grc' dir='ltr'>τρία</span> <span class='ocrx_word' id='word_1_140' title='bbox 545 2173 603 2226; x_wconf 85' lang='grc' dir='ltr'><strong>δὲ</strong></span> <span class='ocrx_word' id='word_1_141' title='bbox 640 2173 736 2244; x_wconf 75' lang='grc' dir='ltr'><strong>ἐτη</strong></span> <span class='ocrx_word' id='word_1_142' title='bbox 766 2175 876 2243; x_wconf 78' lang='grc' dir='ltr'><strong>(Η)</strong></span> <span class='ocrx_word' id='word_1_143' title='bbox 917 2177 974 2228; x_wconf 81' lang='grc' dir='ltr'>ὲν</span> <span class='ocrx_word' id='word_1_144' title='bbox 1003 2176 1372 2249; x_wconf 82' lang='grc' dir='ltr'>ἀκροωμένοις</span> <span class='ocrx_word' id='word_1_145' title='bbox 1415 2179 1533 2234; x_wconf 85' lang='grc' dir='ltr'>δια-</span> 
     </span>
    </p>
   </div>
   <div class='ocr_carea' id='block_1_22' title="bbox 47 2262 1521 2341">
    <p class='ocr_par' dir='ltr' id='par_1_22' title="bbox 47 2262 1521 2341">
     <span class='ocr_line' id='line_1_22' title="bbox 47 2262 1521 2341; baseline 0.009 -29"><span class='ocrx_word' id='word_1_146' title='bbox 47 2262 217 2326; x_wconf 77' lang='grc' dir='ltr'>τελέσει,</span> <span class='ocrx_word' id='word_1_147' title='bbox 249 2262 527 2336; x_wconf 83' lang='grc' dir='ltr'>τέσσαρσιν</span> <span class='ocrx_word' id='word_1_148' title='bbox 563 2265 907 2332; x_wconf 73' lang='grc' dir='ltr'>ὑποπίπτων,</span> <span class='ocrx_word' id='word_1_149' title='bbox 942 2272 1036 2320; x_wconf 71' lang='grc' dir='ltr'>καὶ</span> <span class='ocrx_word' id='word_1_150' title='bbox 1061 2269 1298 2341; x_wconf 77' lang='grc' dir='ltr'>ἐνιαυτῷ</span> <span class='ocrx_word' id='word_1_151' title='bbox 1332 2287 1521 2325; x_wconf 86' lang='grc' dir='ltr'>συστα-</span> 
     </span>
    </p>
   </div>
   <div class='ocr_carea' id='block_1_23' title="bbox 47 2351 1529 2434">
    <p class='ocr_par' dir='ltr' id='par_1_23' title="bbox 47 2351 1529 2434">
     <span class='ocr_line' id='line_1_23' title="bbox 47 2351 1529 2434; baseline 0.009 -31"><span class='ocrx_word' id='word_1_152' title='bbox 47 2355 200 2420; x_wconf 62' lang='grc' dir='ltr'>θήσεται</span> <span class='ocrx_word' id='word_1_153' title='bbox 248 2354 426 2424; x_wconf 82' lang='grc' dir='ltr'>μόνον·</span> <span class='ocrx_word' id='word_1_154' title='bbox 472 2357 571 2408; x_wconf 72' lang='grc' dir='ltr'><strong>καὶ</strong></span> <span class='ocrx_word' id='word_1_155' title='bbox 611 2355 688 2427; x_wconf 79' lang='grc' dir='ltr'><strong>τῷ</strong></span> <span class='ocrx_word' id='word_1_156' title='bbox 740 2357 865 2428; x_wconf 77' lang='grc' dir='ltr'>ἑξῆς</span> <span class='ocrx_word' id='word_1_157' title='bbox 917 2359 996 2422; x_wconf 79' lang='grc' dir='ltr'><strong>εἰς</strong></span> <span class='ocrx_word' id='word_1_158' title='bbox 1040 2359 1109 2412; x_wconf 87' lang='grc' dir='ltr'>τὰ</span> <span class='ocrx_word' id='word_1_159' title='bbox 1163 2351 1293 2430; x_wconf 83' lang='grc' dir='ltr'>ἆγια</span> <span class='ocrx_word' id='word_1_160' title='bbox 1335 2362 1529 2434; x_wconf 84' lang='grc' dir='ltr'>δεχθή-</span> 
     </span>
    </p>
   </div>
   <div class='ocr_carea' id='block_1_24' title="bbox 47 2457 163 2493">
    <p class='ocr_par' dir='ltr' id='par_1_24' title="bbox 47 2457 163 2493">
     <span class='ocr_line' id='line_1_24' title="bbox 47 2457 163 2493; baseline 0 -1"><span class='ocrx_word' id='word_1_161' title='bbox 47 2457 163 2493; x_wconf 76' lang='grc' dir='ltr'>σεται.</span> 
     </span>
    </p>
   </div>
   <div class='ocr_carea' id='block_1_25' title="bbox 87 2533 1530 2611">
    <p class='ocr_par' dir='ltr' id='par_1_25' title="bbox 87 2533 1530 2611">
     <span class='ocr_line' id='line_1_25' title="bbox 87 2533 1530 2611; baseline 0.008 -28"><span class='ocrx_word' id='word_1_162' title='bbox 87 2534 180 2586; x_wconf 66' lang='grc' dir='ltr'><strong>λη’.</strong></span> <span class='ocrx_word' id='word_1_163' title='bbox 215 2533 264 2586; x_wconf 86' lang='grc'><strong>’0</strong></span> <span class='ocrx_word' id='word_1_164' title='bbox 291 2534 581 2604; x_wconf 79' lang='grc' dir='ltr'>μοιχεύσας</span> <span class='ocrx_word' id='word_1_165' title='bbox 613 2537 671 2589; x_wconf 82' lang='grc' dir='ltr'>ὲν</span> <span class='ocrx_word' id='word_1_166' title='bbox 694 2543 752 2589; x_wconf 83' lang='grc' dir='ltr'>ιε’</span> <span class='ocrx_word' id='word_1_167' title='bbox 782 2536 958 2591; x_wconf 77' lang='grc' dir='ltr'>ἔτεσιν</span> <span class='ocrx_word' id='word_1_168' title='bbox 984 2537 1345 2611; x_wconf 81' lang='grc' dir='ltr'>ἀκοινώνητος</span> <span class='ocrx_word' id='word_1_169' title='bbox 1375 2541 1530 2598; x_wconf 72' lang='grc' dir='ltr'>ἔσται</span> 
     </span>
    </p>
   </div>
   <div class='ocr_carea' id='block_1_26' title="bbox 43 2624 1528 2702">
    <p class='ocr_par' dir='ltr' id='par_1_26' title="bbox 43 2624 1528 2702">
     <span class='ocr_line' id='line_1_26' title="bbox 43 2624 1528 2702; baseline 0.007 -29"><span class='ocrx_word' id='word_1_170' title='bbox 43 2624 112 2673; x_wconf 58' lang='grc' dir='ltr'>τιὶν</span> <span class='ocrx_word' id='word_1_171' title='bbox 137 2624 457 2694; x_wconf 70' lang='grc' dir='ltr'>ἁγιασμάτων</span> <span class='ocrx_word' id='word_1_172' title='bbox 489 2626 606 2697; x_wconf 76' lang='grc'><strong>(15)</strong></span> <span class='ocrx_word' id='word_1_173' title='bbox 628 2642 642 2657; x_wconf 78' lang='grc' dir='ltr'><strong>ο</strong></span> <span class='ocrx_word' id='word_1_174' title='bbox 685 2628 742 2679; x_wconf 82' lang='grc' dir='ltr'>ὲν</span> <span class='ocrx_word' id='word_1_175' title='bbox 770 2627 1032 2700; x_wconf 88' lang='grc' dir='ltr'>τέσσαρσι</span> <span class='ocrx_word' id='word_1_176' title='bbox 1066 2630 1164 2700; x_wconf 86' lang='grc' dir='ltr'><strong>μὲν</strong></span> <span class='ocrx_word' id='word_1_177' title='bbox 1186 2631 1528 2702; x_wconf 83' lang='grc' dir='ltr'>προσκλαίων</span> 
     </span>
    </p>
   </div>
   <div class='ocr_carea' id='block_1_27' title="bbox 41 2715 1530 2795">
    <p class='ocr_par' dir='ltr' id='par_1_27' title="bbox 41 2715 1530 2795">
     <span class='ocr_line' id='line_1_27' title="bbox 41 2715 1530 2795; baseline 0.008 -29"><span class='ocrx_word' id='word_1_178' title='bbox 41 2715 176 2780; x_wconf 66' lang='lat' dir='ltr'><strong>item,</strong></span> <span class='ocrx_word' id='word_1_179' title='bbox 198 2719 245 2769; x_wconf 82' lang='grc' dir='ltr'>ὲν</span> <span class='ocrx_word' id='word_1_180' title='bbox 270 2715 421 2771; x_wconf 80' lang='grc' dir='ltr'>πέντε</span> <span class='ocrx_word' id='word_1_181' title='bbox 460 2718 518 2772; x_wconf 82' lang='grc' dir='ltr'><strong>δὲ</strong></span> <span class='ocrx_word' id='word_1_182' title='bbox 553 2719 903 2792; x_wconf 79' lang='grc' dir='ltr'>ἀκροώμενος</span> <span class='ocrx_word' id='word_1_183' title='bbox 925 2737 938 2751; x_wconf 88' lang='grc'><strong>·</strong></span> <span class='ocrx_word' id='word_1_184' title='bbox 977 2724 1034 2774; x_wconf 79' lang='grc' dir='ltr'>ὲν</span> <span class='ocrx_word' id='word_1_185' title='bbox 1075 2722 1365 2795; x_wconf 84' lang='grc' dir='ltr'>τέσσαρσιν</span> <span class='ocrx_word' id='word_1_186' title='bbox 1401 2725 1530 2778; x_wconf 84' lang='grc' dir='ltr'>ὐπο-</span> 
     </span>
    </p>
   </div>
   <div class='ocr_carea' id='block_1_28' title="bbox 43 2809 1212 2877">
    <p class='ocr_par' dir='ltr' id='par_1_28' title="bbox 43 2809 1212 2877">
     <span class='ocr_line' id='line_1_28' title="bbox 43 2809 1212 2877; baseline 0.018 -19"><span class='ocrx_word' id='word_1_187' title='bbox 43 2809 207 2874; x_wconf 73' lang='grc' dir='ltr'>πὲπτων,</span> <span class='ocrx_word' id='word_1_188' title='bbox 229 2811 280 2864; x_wconf 81' lang='grc' dir='ltr'>ὲν</span> <span class='ocrx_word' id='word_1_189' title='bbox 303 2810 420 2864; x_wconf 75' lang='grc' dir='ltr'>δυσὶ</span> <span class='ocrx_word' id='word_1_190' title='bbox 451 2810 724 2874; x_wconf 76' lang='grc' dir='ltr'>συνεστὼς</span> <span class='ocrx_word' id='word_1_191' title='bbox 755 2811 884 2865; x_wconf 78' lang='grc' dir='ltr'>ἄνευ</span> <span class='ocrx_word' id='word_1_192' title='bbox 915 2814 1212 2877; x_wconf 80' lang='grc' dir='ltr'>κοινωνίας-</span> 
     </span>
    </p>
   </div>
   <div class='ocr_carea' id='block_1_29' title="bbox 85 2901 1532 2982">
    <p class='ocr_par' dir='ltr' id='par_1_29' title="bbox 85 2901 1532 2982">
     <span class='ocr_line' id='line_1_29' title="bbox 85 2901 1532 2982; baseline 0.01 -32"><span class='ocrx_word' id='word_1_193' title='bbox 85 2901 174 2952; x_wconf 71' lang='grc' dir='ltr'>Νθν.</span> <span class='ocrx_word' id='word_1_194' title='bbox 200 2903 250 2956; x_wconf 92' lang='lat'><strong>&#39;0</strong></span> <span class='ocrx_word' id='word_1_195' title='bbox 281 2904 474 2975; x_wconf 88' lang='grc' dir='ltr'>πόρνος</span> <span class='ocrx_word' id='word_1_196' title='bbox 527 2906 588 2957; x_wconf 81' lang='grc' dir='ltr'>ἐν</span> <span class='ocrx_word' id='word_1_197' title='bbox 631 2904 770 2956; x_wconf 71' lang='grc' dir='ltr'>ἑπτὰ</span> <span class='ocrx_word' id='word_1_198' title='bbox 807 2906 984 2958; x_wconf 79' lang='grc' dir='ltr'>ἐτεσιν</span> <span class='ocrx_word' id='word_1_199' title='bbox 1010 2907 1121 2974; x_wconf 88' lang='lat' dir='ltr'><strong>(I6)</strong></span> <span class='ocrx_word' id='word_1_200' title='bbox 1171 2908 1532 2982; x_wconf 80' lang='grc' dir='ltr'>ἀκοινώνητος</span> 
     </span>
    </p>
   </div>
   <div class='ocr_carea' id='block_1_30' title="bbox 40 2990 1531 3070">
    <p class='ocr_par' dir='ltr' id='par_1_30' title="bbox 40 2990 1531 3070">
     <span class='ocr_line' id='line_1_30' title="bbox 40 2990 1531 3070; baseline 0.013 -31"><span class='ocrx_word' id='word_1_201' title='bbox 40 2990 138 3044; x_wconf 65' lang='lat' dir='ltr'><strong>{aut</strong></span> <span class='ocrx_word' id='word_1_202' title='bbox 166 2995 255 3047; x_wconf 79' lang='grc' dir='ltr'><strong>τῶν</strong></span> <span class='ocrx_word' id='word_1_203' title='bbox 303 2997 661 3068; x_wconf 81' lang='grc' dir='ltr'>ἁγιασμάτων</span> <span class='ocrx_word' id='word_1_204' title='bbox 685 3014 698 3028; x_wconf 73' lang='grc'><strong>⁸</strong></span> <span class='ocrx_word' id='word_1_205' title='bbox 735 2996 828 3050; x_wconf 83' lang='grc' dir='ltr'>δύο</span> <span class='ocrx_word' id='word_1_206' title='bbox 870 2999 1215 3070; x_wconf 82' lang='grc' dir='ltr'>προσκλαίων</span> <span class='ocrx_word' id='word_1_207' title='bbox 1242 3041 1256 3066; x_wconf 94' lang='grc'><strong>,</strong></span> <span class='ocrx_word' id='word_1_208' title='bbox 1311 3005 1404 3057; x_wconf 71' lang='grc' dir='ltr'><strong>καὶ</strong></span> <span class='ocrx_word' id='word_1_209' title='bbox 1438 3004 1531 3058; x_wconf 84' lang='grc' dir='ltr'>δύο</span> 
     </span>
    </p>
   </div>
   <div class='ocr_carea' id='block_1_31' title="bbox 40 3085 1602 3194">
    <p class='ocr_par' dir='ltr' id='par_1_31' title="bbox 40 3085 1602 3194">
     <span class='ocr_line' id='line_1_31' title="bbox 40 3085 1602 3194; baseline 0.01 -60"><span class='ocrx_word' id='word_1_210' title='bbox 40 3085 339 3157; x_wconf 54' lang='grc' dir='ltr'>ἀκροώμενος</span> <span class='ocrx_word' id='word_1_211' title='bbox 381 3091 474 3142; x_wconf 74' lang='grc' dir='ltr'><strong>καὶ</strong></span> <span class='ocrx_word' id='word_1_212' title='bbox 509 3088 606 3142; x_wconf 84' lang='grc' dir='ltr'>δύο</span> <span class='ocrx_word' id='word_1_213' title='bbox 635 3089 982 3155; x_wconf 75' lang='grc' dir='ltr'>ὑποπίπτων,</span> <span class='ocrx_word' id='word_1_214' title='bbox 1015 3092 1109 3145; x_wconf 72' lang='grc' dir='ltr'>καὶ</span> <span class='ocrx_word' id='word_1_215' title='bbox 1138 3093 1218 3146; x_wconf 72' lang='grc' dir='ltr'>ἐν).</span> <span class='ocrx_word' id='word_1_216' title='bbox 1263 3094 1530 3160; x_wconf 80' lang='grc' dir='ltr'>συνεστὼς</span> <span class='ocrx_word' id='word_1_217' title='bbox 1559 3135 1602 3194; x_wconf 48' lang='grc' dir='ltr'><strong>μ</strong></span> 
     </span>
    </p>
   </div>
   <div class='ocr_carea' id='block_1_32' title="bbox 40 3177 1603 3252">
    <p class='ocr_par' dir='ltr' id='par_1_32' title="bbox 40 3177 1603 3252">
     <span class='ocr_line' id='line_1_32' title="bbox 40 3177 1603 3252; baseline 0.01 -25"><span class='ocrx_word' id='word_1_218' title='bbox 40 3177 174 3242; x_wconf 65' lang='grc' dir='ltr'>μένον·</span> <span class='ocrx_word' id='word_1_219' title='bbox 201 3179 269 3251; x_wconf 83' lang='grc' dir='ltr'>τῷ</span> <span class='ocrx_word' id='word_1_220' title='bbox 293 3181 461 3252; x_wconf 81' lang='grc' dir='ltr'>ὀγδόῳ</span> <span class='ocrx_word' id='word_1_221' title='bbox 495 3181 820 3252; x_wconf 80' lang='grc' dir='ltr'>δεχθήσεται</span> <span class='ocrx_word' id='word_1_222' title='bbox 849 3185 929 3244; x_wconf 80' lang='grc' dir='ltr'><strong>είς</strong></span> <span class='ocrx_word' id='word_1_223' title='bbox 954 3182 1052 3251; x_wconf 83' lang='grc' dir='ltr'><strong>τὴν</strong></span> <span class='ocrx_word' id='word_1_224' title='bbox 1081 3186 1387 3240; x_wconf 88' lang='grc' dir='ltr'>κοινωνίαν.</span> <span class='ocrx_word' id='word_1_225' title='bbox 1560 3177 1603 3196; x_wconf 70' lang='grc'><strong>’⁸</strong></span> 
     </span>
    </p>
   </div>
   <div class='ocr_carea' id='block_1_33' title="bbox 65 3268 1534 3349">
    <p class='ocr_par' dir='ltr' id='par_1_33' title="bbox 65 3268 1534 3349">
     <span class='ocr_line' id='line_1_33' title="bbox 65 3268 1534 3349; baseline 0.008 -30"><span class='ocrx_word' id='word_1_226' title='bbox 65 3268 133 3336; x_wconf 73' lang='grc' dir='ltr'>ε’,</span> <span class='ocrx_word' id='word_1_227' title='bbox 169 3270 221 3322; x_wconf 82' lang='grc' dir='ltr'><strong>Ἡ</strong></span> <span class='ocrx_word' id='word_1_228' title='bbox 246 3271 539 3344; x_wconf 83' lang='grc' dir='ltr'>παρθενίαν</span> <span class='ocrx_word' id='word_1_229' title='bbox 557 3273 962 3343; x_wconf 80' lang='grc' dir='ltr'>ὁμολογήσασα,</span> <span class='ocrx_word' id='word_1_230' title='bbox 990 3276 1084 3327; x_wconf 72' lang='grc' dir='ltr'>καὶ</span> <span class='ocrx_word' id='word_1_231' title='bbox 1107 3276 1412 3330; x_wconf 78' lang='grc' dir='ltr'>ἐκπεσοῦσα</span> <span class='ocrx_word' id='word_1_232' title='bbox 1437 3278 1534 3349; x_wconf 85' lang='grc' dir='ltr'><strong>τῆς</strong></span> 
     </span>
    </p>
   </div>
   <div class='ocr_carea' id='block_1_34' title="bbox 37 3360 1533 3438">
    <p class='ocr_par' dir='ltr' id='par_1_34' title="bbox 37 3360 1533 3438">
     <span class='ocr_line' id='line_1_34' title="bbox 37 3360 1533 3438; baseline 0.007 -28"><span class='ocrx_word' id='word_1_233' title='bbox 37 3360 293 3427; x_wconf 66' lang='grc' dir='ltr'>ἐπαγγελίας</span> <span class='ocrx_word' id='word_1_234' title='bbox 316 3404 328 3426; x_wconf 92' lang='grc'><strong>,</strong></span> <span class='ocrx_word' id='word_1_235' title='bbox 370 3365 462 3417; x_wconf 81' lang='grc' dir='ltr'><strong>τὸν</strong></span> <span class='ocrx_word' id='word_1_236' title='bbox 507 3366 699 3436; x_wconf 81' lang='grc' dir='ltr'>χρόνον</span> <span class='ocrx_word' id='word_1_237' title='bbox 730 3365 822 3418; x_wconf 71' lang='grc' dir='ltr'>τοῦ</span> <span class='ocrx_word' id='word_1_238' title='bbox 859 3367 951 3417; x_wconf 73' lang='grc' dir='ltr'><strong>ἐπὶ</strong></span> <span class='ocrx_word' id='word_1_239' title='bbox 992 3365 1092 3434; x_wconf 81' lang='grc' dir='ltr'>τῆς</span> <span class='ocrx_word' id='word_1_240' title='bbox 1143 3368 1386 3438; x_wconf 83' lang='grc' dir='ltr'>μοιχείας</span> <span class='ocrx_word' id='word_1_241' title='bbox 1422 3368 1533 3438; x_wconf 81' lang='grc'><strong>(17)</strong></span> 
     </span>
    </p>
   </div>
   <div class='ocr_carea' id='block_1_35' title="bbox 82 3499 631 3564">
    <p class='ocr_par' dir='ltr' id='par_1_35' title="bbox 82 3499 631 3564">
     <span class='ocr_line' id='line_1_35' title="bbox 82 3499 631 3564; baseline 0.007 -14"><span class='ocrx_word' id='word_1_242' title='bbox 82 3500 108 3526; x_wconf 90' lang='grc'><strong>¹¹</strong></span> <span class='ocrx_word' id='word_1_243' title='bbox 142 3499 304 3553; x_wconf 74' lang='lat' dir='ltr'><strong>Matth.</strong></span> <span class='ocrx_word' id='word_1_244' title='bbox 344 3519 502 3564; x_wconf 76' lang='lat' dir='ltr'><strong>mn,</strong></span> <span class='ocrx_word' id='word_1_245' title='bbox 543 3501 631 3556; x_wconf 71' lang='lat'><strong>52.</strong></span> 
     </span>
    </p>
   </div>
   <div class='ocr_carea' id='block_1_36' title="bbox 34 3628 1533 3704">
    <p class='ocr_par' dir='ltr' id='par_1_36' title="bbox 34 3628 1533 3704">
     <span class='ocr_line' id='line_1_36' title="bbox 34 3628 1533 3704; baseline 0.007 -25"><span class='ocrx_word' id='word_1_246' title='bbox 34 3628 119 3704; x_wconf 76' lang='lat' dir='ltr'><strong>(litin</strong></span> <span class='ocrx_word' id='word_1_247' title='bbox 165 3634 458 3704; x_wconf 86' lang='lat' dir='ltr'><strong>pronuntiat</strong></span> <span class='ocrx_word' id='word_1_248' title='bbox 495 3633 859 3687; x_wconf 80' lang='lat' dir='ltr'><strong>Conthefisius</strong></span> <span class='ocrx_word' id='word_1_249' title='bbox 914 3636 1012 3704; x_wconf 87' lang='grc' dir='ltr'>τῆς</span> <span class='ocrx_word' id='word_1_250' title='bbox 1070 3634 1397 3704; x_wconf 79' lang='grc' dir='ltr'>Ἐκκλησίας</span> <span class='ocrx_word' id='word_1_251' title='bbox 1424 3677 1437 3696; x_wconf 88' lang='grc'><strong>,</strong></span> <span class='ocrx_word' id='word_1_252' title='bbox 1479 3645 1533 3690; x_wconf 83' lang='lat' dir='ltr'><strong>et</strong></span> 
     </span>
    </p>
   </div>
   <div class='ocr_carea' id='block_1_37' title="bbox 34 3701 1535 3773">
    <p class='ocr_par' dir='ltr' id='par_1_37' title="bbox 34 3701 1535 3773">
     <span class='ocr_line' id='line_1_37' title="bbox 34 3701 1535 3773; baseline 0.007 -23"><span class='ocrx_word' id='word_1_253' title='bbox 34 3701 252 3756; x_wconf 84' lang='lat' dir='ltr'><strong>delendum</strong></span> <span class='ocrx_word' id='word_1_254' title='bbox 288 3703 384 3773; x_wconf 76' lang='grc' dir='ltr'>τῆς</span> <span class='ocrx_word' id='word_1_255' title='bbox 408 3704 713 3765; x_wconf 77' lang='grc' dir='ltr'>κοινωνίας.</span> <span class='ocrx_word' id='word_1_256' title='bbox 758 3701 1045 3758; x_wconf 76' lang='lat' dir='ltr'><strong>Consentit</strong></span> <span class='ocrx_word' id='word_1_257' title='bbox 1072 3701 1292 3759; x_wconf 66' lang='lat' dir='ltr'><strong>Alenus</strong></span> <span class='ocrx_word' id='word_1_258' title='bbox 1325 3710 1535 3761; x_wconf 72' lang='lat' dir='ltr'><strong>Ariste-</strong></span> 
     </span>
    </p>
   </div>
   <div class='ocr_carea' id='block_1_38' title="bbox 33 3775 1528 3831">
    <p class='ocr_par' dir='ltr' id='par_1_38' title="bbox 33 3775 1528 3831">
     <span class='ocr_line' id='line_1_38' title="bbox 33 3775 1528 3831; baseline 0.007 -11"><span class='ocrx_word' id='word_1_259' title='bbox 33 3785 102 3824; x_wconf 84' lang='lat' dir='ltr'><strong>nus</strong></span> <span class='ocrx_word' id='word_1_260' title='bbox 124 3787 224 3824; x_wconf 86' lang='lat' dir='ltr'><strong>cum</strong></span> <span class='ocrx_word' id='word_1_261' title='bbox 252 3775 511 3828; x_wconf 86' lang='lat' dir='ltr'><strong>omnibus</strong></span> <span class='ocrx_word' id='word_1_262' title='bbox 541 3778 747 3828; x_wconf 91' lang='lat' dir='ltr'><strong>nostris</strong></span> <span class='ocrx_word' id='word_1_263' title='bbox 771 3776 1056 3829; x_wconf 74' lang='lat' dir='ltr'><strong>codicibus</strong></span> <span class='ocrx_word' id='word_1_264' title='bbox 1097 3791 1230 3830; x_wconf 86' lang='lat' dir='ltr'><strong>mss.</strong></span> <span class='ocrx_word' id='word_1_265' title='bbox 1266 3786 1320 3829; x_wconf 90' lang='lat' dir='ltr'><strong>et</strong></span> <span class='ocrx_word' id='word_1_266' title='bbox 1346 3777 1528 3831; x_wconf 89' lang='lat' dir='ltr'><strong>editis.</strong></span> 
     </span>
    </p>
   </div>
   <div class='ocr_carea' id='block_1_39' title="bbox 35 3838 1533 3918">
    <p class='ocr_par' dir='ltr' id='par_1_39' title="bbox 35 3838 1533 3918">
     <span class='ocr_line' id='line_1_39' title="bbox 35 3838 1533 3918; baseline 0.019 -29"><span class='ocrx_word' id='word_1_267' title='bbox 35 3838 192 3918; x_wconf 51' lang='lat' dir='ltr'><strong>lygitur</strong></span> <span class='ocrx_word' id='word_1_268' title='bbox 213 3852 386 3918; x_wconf 77' lang='lat' dir='ltr'><strong>tamen</strong></span> <span class='ocrx_word' id='word_1_269' title='bbox 439 3846 658 3918; x_wconf 27' lang='lat' dir='ltr'><strong>in‘uno</strong></span> <span class='ocrx_word' id='word_1_270' title='bbox 697 3846 1008 3918; x_wconf 73' lang='lat' dir='ltr'><strong>autalterg</strong></span> <span class='ocrx_word' id='word_1_271' title='bbox 1051 3845 1244 3918; x_wconf 51' lang='grc' dir='ltr'>σοφίας</span> <span class='ocrx_word' id='word_1_272' title='bbox 1279 3845 1382 3918; x_wconf 66' lang='grc' dir='ltr'><strong>ἔξω</strong></span> <span class='ocrx_word' id='word_1_273' title='bbox 1433 3848 1533 3918; x_wconf 71' lang='grc' dir='ltr'><strong>μὲν</strong></span> 
     </span>
    </p>
   </div>
   <div class='ocr_carea' id='block_1_40' title="bbox 31 3909 1533 3985">
    <p class='ocr_par' dir='ltr' id='par_1_40' title="bbox 31 3909 1533 3985">
     <span class='ocr_line' id='line_1_40' title="bbox 31 3909 1533 3985; baseline 0.008 -25"><span class='ocrx_word' id='word_1_274' title='bbox 31 3909 160 3974; x_wconf 70' lang='grc' dir='ltr'>ίπες,</span> <span class='ocrx_word' id='word_1_275' title='bbox 186 3913 444 3984; x_wconf 81' lang='grc' dir='ltr'>εἴργονται</span> <span class='ocrx_word' id='word_1_276' title='bbox 481 3916 580 3985; x_wconf 81' lang='grc' dir='ltr'>τῆς</span> <span class='ocrx_word' id='word_1_277' title='bbox 607 3916 888 3979; x_wconf 83' lang='grc' dir='ltr'>κοινωνίας</span> <span class='ocrx_word' id='word_1_278' title='bbox 917 3915 1009 3968; x_wconf 81' lang='grc' dir='ltr'>τοῦ</span> <span class='ocrx_word' id='word_1_279' title='bbox 1037 3909 1264 3984; x_wconf 80' lang='grc' dir='ltr'>ἀγαθοῦ.</span> <span class='ocrx_word' id='word_1_280' title='bbox 1291 3909 1393 3972; x_wconf 83' lang='lat' dir='ltr'><strong>Sed</strong></span> <span class='ocrx_word' id='word_1_281' title='bbox 1421 3909 1533 3972; x_wconf 65' lang='lat' dir='ltr'><strong>lia&#39;c</strong></span> 
     </span>
    </p>
   </div>
   <div class='ocr_carea' id='block_1_41' title="bbox 32 3987 1534 4056">
    <p class='ocr_par' dir='ltr' id='par_1_41' title="bbox 32 3987 1534 4056">
     <span class='ocr_line' id='line_1_41' title="bbox 32 3987 1534 4056; baseline 0.007 -26"><span class='ocrx_word' id='word_1_282' title='bbox 32 3989 467 4056; x_wconf 67' lang='lat' dir='ltr'><strong>scripuraeodem</strong></span> <span class='ocrx_word' id='word_1_283' title='bbox 509 3987 652 4039; x_wconf 89' lang='lat' dir='ltr'><strong>redit</strong></span> <span class='ocrx_word' id='word_1_284' title='bbox 708 4002 771 4056; x_wconf 86' lang='lat' dir='ltr'><strong>ac</strong></span> <span class='ocrx_word' id='word_1_285' title='bbox 807 3989 1048 4056; x_wconf 79' lang='lat' dir='ltr'><strong>vulgata.</strong></span> <span class='ocrx_word' id='word_1_286' title='bbox 1079 3988 1346 4041; x_wconf 67' lang='lat' dir='ltr'><strong>Caeterum</strong></span> <span class='ocrx_word' id='word_1_287' title='bbox 1395 3995 1534 4042; x_wconf 80' lang='lat' dir='ltr'><strong>lianc</strong></span> 
     </span>
    </p>
   </div>
   <div class='ocr_carea' id='block_1_42' title="bbox 32 4050 1531 4125">
    <p class='ocr_par' dir='ltr' id='par_1_42' title="bbox 32 4050 1531 4125">
     <span class='ocr_line' id='line_1_42' title="bbox 32 4050 1531 4125; baseline 0.007 -23"><span class='ocrx_word' id='word_1_288' title='bbox 32 4050 152 4119; x_wconf 78' lang='lat' dir='ltr'><strong>legent</strong></span> <span class='ocrx_word' id='word_1_289' title='bbox 188 4053 465 4109; x_wconf 82' lang='lat' dir='ltr'><strong>Balsamou</strong></span> <span class='ocrx_word' id='word_1_290' title='bbox 508 4057 675 4111; x_wconf 78' lang='lat' dir='ltr'><strong>variis</strong></span> <span class='ocrx_word' id='word_1_291' title='bbox 710 4050 1259 4125; x_wconf 62' lang='lat' dir='ltr'><strong>interpretationibus</strong></span> <span class='ocrx_word' id='word_1_292' title='bbox 1311 4058 1531 4114; x_wconf 85' lang='lat' dir='ltr'><strong>demiti-</strong></span> 
     </span>
    </p>
   </div>
   <div class='ocr_carea' id='block_1_43' title="bbox 32 4125 1532 4192">
    <p class='ocr_par' dir='ltr' id='par_1_43' title="bbox 32 4125 1532 4192">
     <span class='ocr_line' id='line_1_43' title="bbox 32 4125 1532 4192; baseline 0.007 -20"><span class='ocrx_word' id='word_1_293' title='bbox 32 4131 106 4186; x_wconf 63' lang='lat' dir='ltr'><strong>(at,</strong></span> <span class='ocrx_word' id='word_1_294' title='bbox 128 4141 260 4192; x_wconf 76' lang='lat' dir='ltr'><strong>:equo</strong></span> <span class='ocrx_word' id='word_1_295' title='bbox 289 4126 571 4181; x_wconf 91' lang='lat' dir='ltr'><strong>duriorem</strong></span> <span class='ocrx_word' id='word_1_296' title='bbox 603 4127 880 4181; x_wconf 83' lang='lat' dir='ltr'><strong>existimat</strong></span> <span class='ocrx_word' id='word_1_297' title='bbox 912 4125 1185 4192; x_wconf 84' lang='lat' dir='ltr'><strong>Zonaras;</strong></span> <span class='ocrx_word' id='word_1_298' title='bbox 1220 4129 1352 4182; x_wconf 86' lang='lat' dir='ltr'><strong>nihil</strong></span> <span class='ocrx_word' id='word_1_299' title='bbox 1389 4131 1442 4183; x_wconf 90' lang='lat' dir='ltr'><strong>in</strong></span> <span class='ocrx_word' id='word_1_300' title='bbox 1469 4147 1532 4183; x_wconf 87' lang='lat' dir='ltr'><strong>ea</strong></span> 
     </span>
    </p>
   </div>
   <div class='ocr_carea' id='block_1_44' title="bbox 32 4193 1529 4266">
    <p class='ocr_par' dir='ltr' id='par_1_44' title="bbox 32 4193 1529 4266">
     <span class='ocr_line' id='line_1_44' title="bbox 32 4193 1529 4266; baseline 0.008 -26"><span class='ocrx_word' id='word_1_301' title='bbox 32 4193 709 4266; x_wconf 60' lang='lat' dir='ltr'><strong>animadvertitAristenus,</strong></span> <span class='ocrx_word' id='word_1_302' title='bbox 766 4197 910 4266; x_wconf 87' lang='lat' dir='ltr'><strong>quod</strong></span> <span class='ocrx_word' id='word_1_303' title='bbox 941 4204 1036 4250; x_wconf 89' lang='lat' dir='ltr'><strong>aut.</strong></span> <span class='ocrx_word' id='word_1_304' title='bbox 1085 4198 1383 4253; x_wconf 78' lang='lat' dir='ltr'><strong>obscuraut</strong></span> <span class='ocrx_word' id='word_1_305' title='bbox 1440 4213 1529 4253; x_wconf 90' lang='lat' dir='ltr'><strong>aut</strong></span> 
     </span>
    </p>
   </div>
   <div class='ocr_carea' id='block_1_45' title="bbox 31 4265 776 4324">
    <p class='ocr_par' dir='ltr' id='par_1_45' title="bbox 31 4265 776 4324">
     <span class='ocr_line' id='line_1_45' title="bbox 31 4265 776 4324; baseline 0.005 -8"><span class='ocrx_word' id='word_1_306' title='bbox 31 4265 474 4324; x_wconf 60' lang='lat' dir='ltr'><strong>reprehendendum</strong></span> <span class='ocrx_word' id='word_1_307' title='bbox 506 4267 776 4321; x_wconf 83' lang='lat' dir='ltr'><strong>videatur.</strong></span> 
     </span>
    </p>
   </div>
   <div class='ocr_carea' id='block_1_46' title="bbox 76 4333 1534 4406">
    <p class='ocr_par' dir='ltr' id='par_1_46' title="bbox 76 4333 1534 4406">
     <span class='ocr_line' id='line_1_46' title="bbox 76 4333 1534 4406; baseline 0.005 -21"><span class='ocrx_word' id='word_1_308' title='bbox 76 4333 159 4400; x_wconf 69' lang='grc' dir='ltr'><strong>(ιὲ)</strong></span> <span class='ocrx_word' id='word_1_309' title='bbox 194 4339 713 4406; x_wconf 64' lang='grc' dir='ltr'>[Ιροσευχόμενος.</span> <span class='ocrx_word' id='word_1_310' title='bbox 770 4337 863 4390; x_wconf 89' lang='lat' dir='ltr'><strong>Sic</strong></span> <span class='ocrx_word' id='word_1_311' title='bbox 924 4352 1058 4392; x_wconf 89' lang='lat' dir='ltr'><strong>mss.</strong></span> <span class='ocrx_word' id='word_1_312' title='bbox 1122 4353 1336 4392; x_wconf 89' lang='lat' dir='ltr'><strong>summo</strong></span> <span class='ocrx_word' id='word_1_313' title='bbox 1401 4353 1534 4393; x_wconf 85' lang='lat' dir='ltr'><strong>con-</strong></span> 
     </span>
    </p>
   </div>
   <div class='ocr_carea' id='block_1_47' title="bbox 32 4403 1528 4480">
    <p class='ocr_par' dir='ltr' id='par_1_47' title="bbox 32 4403 1528 4480">
     <span class='ocr_line' id='line_1_47' title="bbox 32 4403 1528 4480; baseline 0.007 -28"><span class='ocrx_word' id='word_1_314' title='bbox 32 4416 166 4480; x_wconf 59' lang='lat' dir='ltr'><strong>sensu.</strong></span> <span class='ocrx_word' id='word_1_315' title='bbox 194 4403 362 4480; x_wconf 74' lang='lat' dir='ltr'><strong>Ediﬁ_,</strong></span> <span class='ocrx_word' id='word_1_316' title='bbox 411 4403 1024 4480; x_wconf 21' lang='lat' dir='ltr'><strong>eiceptis’Pandectis,</strong></span> <span class='ocrx_word' id='word_1_317' title='bbox 1059 4409 1528 4480; x_wconf 81' lang='grc' dir='ltr'>προσευχομένων.</span> 
     </span>
    </p>
   </div>
   <div class='ocr_carea' id='block_1_48' title="bbox 826 313 2289 382">
    <p class='ocr_par' dir='ltr' id='par_1_48' title="bbox 826 313 2289 382">
     <span class='ocr_line' id='line_1_48' title="bbox 826 313 2289 382; baseline 0.008 -13"><span class='ocrx_word' id='word_1_318' title='bbox 826 313 1314 372; x_wconf 66' lang='lat' dir='ltr'><strong>EPISTOLARUM</strong></span> <span class='ocrx_word' id='word_1_319' title='bbox 1355 317 1641 377; x_wconf 74' lang='lat' dir='ltr'><strong>CLASSIS</strong></span> <span class='ocrx_word' id='word_1_320' title='bbox 1679 321 1738 377; x_wconf 95' lang='lat' dir='ltr'><strong>II.</strong></span> <span class='ocrx_word' id='word_1_321' title='bbox 1785 321 2001 378; x_wconf 82' lang='lat' dir='ltr'><strong>EPIST.</strong></span> <span class='ocrx_word' id='word_1_322' title='bbox 2042 325 2289 382; x_wconf 78' lang='lat' dir='ltr'><strong>CCXVII.</strong></span> 
     </span>
    </p>
   </div>
   <div class='ocr_carea' id='block_1_49' title="bbox 3099 338 3195 400">
    <p class='ocr_par' dir='ltr' id='par_1_49' title="bbox 3099 338 3195 400">
     <span class='ocr_line' id='line_1_49' title="bbox 3099 338 3195 400; baseline 0.031 -5"><span class='ocrx_word' id='word_1_323' title='bbox 3099 338 3195 400; x_wconf 69' lang='lat'><strong>793</strong></span> 
     </span>
    </p>
   </div>
   <div class='ocr_carea' id='block_1_50' title="bbox 1633 437 3189 512">
    <p class='ocr_par' dir='ltr' id='par_1_50' title="bbox 1633 437 3189 512">
     <span class='ocr_line' id='line_1_50' title="bbox 1633 437 3189 512; baseline 0.011 -25"><span class='ocrx_word' id='word_1_324' title='bbox 1633 437 1856 502; x_wconf 84' lang='lat' dir='ltr'><strong>clerici,</strong></span> <span class='ocrx_word' id='word_1_325' title='bbox 1891 453 1918 490; x_wconf 88' lang='lat' dir='ltr'><strong>a</strong></span> <span class='ocrx_word' id='word_1_326' title='bbox 1965 441 2134 506; x_wconf 86' lang='lat' dir='ltr'><strong>gradu</strong></span> <span class='ocrx_word' id='word_1_327' title='bbox 2182 439 2531 507; x_wconf 83' lang='lat' dir='ltr'><strong>dejieiuntur.</strong></span> <span class='ocrx_word' id='word_1_328' title='bbox 2593 443 2848 512; x_wconf 74' lang='lat' dir='ltr'><strong>Quisquis</strong></span> <span class='ocrx_word' id='word_1_329' title='bbox 2893 450 3061 506; x_wconf 81' lang='lat' dir='ltr'><strong>enim.</strong></span> <span class='ocrx_word' id='word_1_330' title='bbox 3112 469 3189 506; x_wconf 69' lang='lat' dir='ltr'><strong>in.</strong></span> 
     </span>
    </p>
   </div>
   <div class='ocr_carea' id='block_1_51' title="bbox 1633 531 2842 602">
    <p class='ocr_par' dir='ltr' id='par_1_51' title="bbox 1633 531 2842 602">
     <span class='ocr_line' id='line_1_51' title="bbox 1633 531 2842 602; baseline 0.01 -22"><span class='ocrx_word' id='word_1_331' title='bbox 1633 531 1787 599; x_wconf 91' lang='lat' dir='ltr'><strong>quit,</strong></span> <span class='ocrx_word' id='word_1_332' title='bbox 1819 531 2056 600; x_wconf 82' lang='lat' dir='ltr'><strong>gladium</strong></span> <span class='ocrx_word' id='word_1_333' title='bbox 2092 532 2322 599; x_wconf 83' lang='lat' dir='ltr'><strong>accepit,</strong></span> <span class='ocrx_word' id='word_1_334' title='bbox 2356 534 2533 602; x_wconf 81' lang='lat' dir='ltr'><strong>gladio</strong></span> <span class='ocrx_word' id='word_1_335' title='bbox 2561 537 2748 602; x_wconf 69' lang='lat' dir='ltr'><strong>peribit</strong></span> <span class='ocrx_word' id='word_1_336' title='bbox 2781 540 2842 592; x_wconf 85' lang='lat'><strong>“.</strong></span> 
     </span>
    </p>
   </div>
   <div class='ocr_carea' id='block_1_52' title="bbox 1709 701 3186 785">
    <p class='ocr_par' dir='ltr' id='par_1_52' title="bbox 1709 701 3186 785">
     <span class='ocr_line' id='line_1_52' title="bbox 1709 701 3186 785; baseline 0.003 -29"><span class='ocrx_word' id='word_1_337' title='bbox 1709 701 1835 759; x_wconf 83' lang='lat' dir='ltr'><strong>LVI.</strong></span> <span class='ocrx_word' id='word_1_338' title='bbox 1867 703 1970 769; x_wconf 86' lang='lat' dir='ltr'><strong>Qui</strong></span> <span class='ocrx_word' id='word_1_339' title='bbox 2001 705 2307 760; x_wconf 81' lang='lat' dir='ltr'><strong>voluntarie</strong></span> <span class='ocrx_word' id='word_1_340' title='bbox 2357 706 2667 768; x_wconf 85' lang='lat' dir='ltr'><strong>interfecit.</strong></span> <span class='ocrx_word' id='word_1_341' title='bbox 2693 721 2748 764; x_wconf 88' lang='lat' dir='ltr'><strong>et</strong></span> <span class='ocrx_word' id='word_1_342' title='bbox 2793 725 2975 781; x_wconf 88' lang='lat' dir='ltr'><strong>postea</strong></span> <span class='ocrx_word' id='word_1_343' title='bbox 3024 717 3186 785; x_wconf 68' lang='lat' dir='ltr'><strong>pruni.</strong></span> 
     </span>
    </p>
   </div>
   <div class='ocr_carea' id='block_1_53' title="bbox 1627 798 3193 872">
    <p class='ocr_par' dir='ltr' id='par_1_53' title="bbox 1627 798 3193 872">
     <span class='ocr_line' id='line_1_53' title="bbox 1627 798 3193 872; baseline 0.009 -23"><span class='ocrx_word' id='word_1_344' title='bbox 1627 798 1798 851; x_wconf 80' lang='lat' dir='ltr'><strong>tentia</strong></span> <span class='ocrx_word' id='word_1_345' title='bbox 1861 800 2061 852; x_wconf 80' lang='lat' dir='ltr'><strong>ductus</strong></span> <span class='ocrx_word' id='word_1_346' title='bbox 2103 807 2222 863; x_wconf 87' lang='lat' dir='ltr'><strong>est,</strong></span> <span class='ocrx_word' id='word_1_347' title='bbox 2277 801 2436 852; x_wconf 84' lang='lat' dir='ltr'><strong>annis</strong></span> <span class='ocrx_word' id='word_1_348' title='bbox 2486 803 2673 872; x_wconf 77' lang='lat' dir='ltr'><strong>viginti</strong></span> <span class='ocrx_word' id='word_1_349' title='bbox 2734 820 3193 864; x_wconf 84' lang='lat' dir='ltr'><strong>sacramentorum</strong></span> 
     </span>
    </p>
   </div>
   <div class='ocr_carea' id='block_1_54' title="bbox 1633 877 3193 962">
    <p class='ocr_par' dir='ltr' id='par_1_54' title="bbox 1633 877 3193 962">
     <span class='ocr_line' id='line_1_54' title="bbox 1633 877 3193 962; baseline 0.01 -20"><span class='ocrx_word' id='word_1_350' title='bbox 1633 905 1743 942; x_wconf 87' lang='lat' dir='ltr'><strong>non</strong></span> <span class='ocrx_word' id='word_1_351' title='bbox 1794 891 1896 943; x_wconf 86' lang='lat' dir='ltr'><strong>erit</strong></span> <span class='ocrx_word' id='word_1_352' title='bbox 1959 891 2255 961; x_wconf 84' lang='lat' dir='ltr'><strong>partieeps.</strong></span> <span class='ocrx_word' id='word_1_353' title='bbox 2288 877 2487 962; x_wconf 61' lang='lat' dir='ltr'><strong>Viginti</strong></span> <span class='ocrx_word' id='word_1_354' title='bbox 2525 904 2706 948; x_wconf 85' lang='lat' dir='ltr'><strong>autem</strong></span> <span class='ocrx_word' id='word_1_355' title='bbox 2756 899 2881 950; x_wconf 89' lang='lat' dir='ltr'><strong>anni</strong></span> <span class='ocrx_word' id='word_1_356' title='bbox 2919 903 2998 954; x_wconf 87' lang='lat' dir='ltr'><strong>sic</strong></span> <span class='ocrx_word' id='word_1_357' title='bbox 3045 901 3097 954; x_wconf 91' lang='lat' dir='ltr'><strong>in</strong></span> <span class='ocrx_word' id='word_1_358' title='bbox 3131 919 3193 957; x_wconf 88' lang='lat' dir='ltr'><strong>eo</strong></span> 
     </span>
    </p>
   </div>
   <div class='ocr_carea' id='block_1_55' title="bbox 1632 981 3193 1054">
    <p class='ocr_par' dir='ltr' id='par_1_55' title="bbox 1632 981 3193 1054">
     <span class='ocr_line' id='line_1_55' title="bbox 1632 981 3193 1054; baseline 0.01 -22"><span class='ocrx_word' id='word_1_359' title='bbox 1632 981 2120 1050; x_wconf 86' lang='lat' dir='ltr'><strong>dispensabunlur.</strong></span> <span class='ocrx_word' id='word_1_360' title='bbox 2167 984 2341 1039; x_wconf 81' lang='lat' dir='ltr'><strong>Annis</strong></span> <span class='ocrx_word' id='word_1_361' title='bbox 2378 996 2616 1054; x_wconf 83' lang='lat' dir='ltr'><strong>quatuor</strong></span> <span class='ocrx_word' id='word_1_362' title='bbox 2648 988 2775 1042; x_wconf 81' lang='lat' dir='ltr'><strong>ﬂere</strong></span> <span class='ocrx_word' id='word_1_363' title='bbox 2819 991 3004 1052; x_wconf 86' lang='lat' dir='ltr'><strong>debet,</strong></span> <span class='ocrx_word' id='word_1_364' title='bbox 3044 1003 3193 1048; x_wconf 86' lang='lat' dir='ltr'><strong>stans</strong></span> 
     </span>
    </p>
   </div>
   <div class='ocr_carea' id='block_1_56' title="bbox 1631 1075 3192 1151">
    <p class='ocr_par' dir='ltr' id='par_1_56' title="bbox 1631 1075 3192 1151">
     <span class='ocr_line' id='line_1_56' title="bbox 1631 1075 3192 1151; baseline 0.007 -23"><span class='ocrx_word' id='word_1_365' title='bbox 1631 1083 1784 1128; x_wconf 78' lang='lat' dir='ltr'><strong>extra</strong></span> <span class='ocrx_word' id='word_1_366' title='bbox 1819 1075 1964 1129; x_wconf 91' lang='lat' dir='ltr'><strong>fores</strong></span> <span class='ocrx_word' id='word_1_367' title='bbox 2004 1075 2199 1132; x_wconf 84' lang='lat' dir='ltr'><strong>domus</strong></span> <span class='ocrx_word' id='word_1_368' title='bbox 2231 1080 2498 1132; x_wconf 88' lang='lat' dir='ltr'><strong>orationis</strong></span> <span class='ocrx_word' id='word_1_369' title='bbox 2522 1123 2536 1146; x_wconf 88' lang='lat'><strong>,</strong></span> <span class='ocrx_word' id='word_1_370' title='bbox 2571 1091 2624 1134; x_wconf 88' lang='lat' dir='ltr'><strong>et</strong></span> <span class='ocrx_word' id='word_1_371' title='bbox 2669 1083 3030 1151; x_wconf 86' lang='lat' dir='ltr'><strong>ingredientes</strong></span> <span class='ocrx_word' id='word_1_372' title='bbox 3069 1085 3192 1140; x_wconf 87' lang='lat' dir='ltr'><strong>lide-</strong></span> 
     </span>
    </p>
   </div>
   <div class='ocr_carea' id='block_1_57' title="bbox 1634 1167 3186 1245">
    <p class='ocr_par' dir='ltr' id='par_1_57' title="bbox 1634 1167 3186 1245">
     <span class='ocr_line' id='line_1_57' title="bbox 1634 1167 3186 1245; baseline 0.006 -26"><span class='ocrx_word' id='word_1_373' title='bbox 1634 1167 1711 1220; x_wconf 81' lang='lat' dir='ltr'><strong>les</strong></span> <span class='ocrx_word' id='word_1_374' title='bbox 1743 1183 1942 1238; x_wconf 90' lang='lat' dir='ltr'><strong>rogans</strong></span> <span class='ocrx_word' id='word_1_375' title='bbox 1965 1208 1980 1232; x_wconf 95' lang='lat'><strong>,</strong></span> <span class='ocrx_word' id='word_1_376' title='bbox 2013 1176 2071 1220; x_wconf 90' lang='lat' dir='ltr'><strong>ut</strong></span> <span class='ocrx_word' id='word_1_377' title='bbox 2106 1184 2202 1237; x_wconf 88' lang='lat' dir='ltr'><strong>pro</strong></span> <span class='ocrx_word' id='word_1_378' title='bbox 2227 1172 2344 1239; x_wconf 88' lang='lat' dir='ltr'><strong>ipso</strong></span> <span class='ocrx_word' id='word_1_379' title='bbox 2368 1181 2677 1239; x_wconf 75' lang='lat' dir='ltr'><strong>precentur,</strong></span> <span class='ocrx_word' id='word_1_380' title='bbox 2707 1190 2970 1243; x_wconf 81' lang='lat' dir='ltr'><strong>suamque</strong></span> <span class='ocrx_word' id='word_1_381' title='bbox 2999 1175 3186 1245; x_wconf 86' lang='lat' dir='ltr'><strong>iniqui-</strong></span> 
     </span>
    </p>
   </div>
   <div class='ocr_carea' id='block_1_58' title="bbox 1633 1260 3193 1332">
    <p class='ocr_par' dir='ltr' id='par_1_58' title="bbox 1633 1260 3193 1332">
     <span class='ocr_line' id='line_1_58' title="bbox 1633 1260 3193 1332; baseline 0.008 -22"><span class='ocrx_word' id='word_1_382' title='bbox 1633 1267 1796 1312; x_wconf 81' lang='lat' dir='ltr'><strong>tatem</strong></span> <span class='ocrx_word' id='word_1_383' title='bbox 1834 1261 2123 1314; x_wconf 88' lang='lat' dir='ltr'><strong>conlitens.</strong></span> <span class='ocrx_word' id='word_1_384' title='bbox 2175 1260 2306 1315; x_wconf 86' lang='lat' dir='ltr'><strong>Post</strong></span> <span class='ocrx_word' id='word_1_385' title='bbox 2348 1262 2582 1332; x_wconf 80' lang='lat' dir='ltr'><strong>quatuor</strong></span> <span class='ocrx_word' id='word_1_386' title='bbox 2627 1273 2806 1318; x_wconf 87' lang='lat' dir='ltr'><strong>autem</strong></span> <span class='ocrx_word' id='word_1_387' title='bbox 2856 1282 3028 1321; x_wconf 88' lang='lat' dir='ltr'><strong>annos</strong></span> <span class='ocrx_word' id='word_1_388' title='bbox 3059 1270 3193 1323; x_wconf 78' lang='lat' dir='ltr'><strong>inter</strong></span> 
     </span>
    </p>
   </div>
   <div class='ocr_carea' id='block_1_59' title="bbox 1632 1337 3196 1426">
    <p class='ocr_par' dir='ltr' id='par_1_59' title="bbox 1632 1337 3196 1426">
     <span class='ocr_line' id='line_1_59' title="bbox 1632 1337 3196 1426; baseline 0.008 -27"><span class='ocrx_word' id='word_1_389' title='bbox 1632 1337 1920 1403; x_wconf 80' lang='lat' dir='ltr'><strong>audientes</strong></span> <span class='ocrx_word' id='word_1_390' title='bbox 1954 1351 2266 1420; x_wconf 87' lang='lat' dir='ltr'><strong>recipietur,</strong></span> <span class='ocrx_word' id='word_1_391' title='bbox 2303 1360 2354 1405; x_wconf 87' lang='lat' dir='ltr'><strong>et</strong></span> <span class='ocrx_word' id='word_1_392' title='bbox 2391 1354 2633 1422; x_wconf 89' lang='lat' dir='ltr'><strong>quinque</strong></span> <span class='ocrx_word' id='word_1_393' title='bbox 2682 1355 2840 1409; x_wconf 87' lang='lat' dir='ltr'><strong>annis</strong></span> <span class='ocrx_word' id='word_1_394' title='bbox 2891 1370 3013 1409; x_wconf 91' lang='lat' dir='ltr'><strong>cum</strong></span> <span class='ocrx_word' id='word_1_395' title='bbox 3064 1358 3196 1426; x_wconf 79' lang='lat' dir='ltr'><strong>ipsis</strong></span> 
     </span>
    </p>
   </div>
   <div class='ocr_carea' id='block_1_60' title="bbox 1630 1439 3184 1514">
    <p class='ocr_par' dir='ltr' id='par_1_60' title="bbox 1630 1439 3184 1514">
     <span class='ocr_line' id='line_1_60' title="bbox 1630 1439 3184 1514; baseline 0.007 -24"><span class='ocrx_word' id='word_1_396' title='bbox 1630 1439 1818 1490; x_wconf 76' lang='lat' dir='ltr'><strong>exibit.</strong></span> <span class='ocrx_word' id='word_1_397' title='bbox 1854 1440 2045 1494; x_wconf 82' lang='lat' dir='ltr'><strong>Annos</strong></span> <span class='ocrx_word' id='word_1_398' title='bbox 2075 1450 2279 1509; x_wconf 84' lang='lat' dir='ltr'><strong>septem</strong></span> <span class='ocrx_word' id='word_1_399' title='bbox 2316 1458 2422 1496; x_wconf 89' lang='lat' dir='ltr'><strong>una</strong></span> <span class='ocrx_word' id='word_1_400' title='bbox 2453 1459 2576 1497; x_wconf 90' lang='lat' dir='ltr'><strong>eum</strong></span> <span class='ocrx_word' id='word_1_401' title='bbox 2621 1445 2709 1505; x_wconf 87' lang='lat' dir='ltr'><strong>iis,</strong></span> <span class='ocrx_word' id='word_1_402' title='bbox 2743 1447 2834 1514; x_wconf 88' lang='lat' dir='ltr'><strong>qui</strong></span> <span class='ocrx_word' id='word_1_403' title='bbox 2865 1445 2917 1498; x_wconf 89' lang='lat' dir='ltr'><strong>in</strong></span> <span class='ocrx_word' id='word_1_404' title='bbox 2950 1448 3184 1500; x_wconf 76' lang='lat' dir='ltr'><strong>substra-</strong></span> 
     </span>
    </p>
   </div>
   <div class='ocr_carea' id='block_1_61' title="bbox 1631 1531 3193 1606">
    <p class='ocr_par' dir='ltr' id='par_1_61' title="bbox 1631 1531 3193 1606">
     <span class='ocr_line' id='line_1_61' title="bbox 1631 1531 3193 1606; baseline 0.005 -23"><span class='ocrx_word' id='word_1_405' title='bbox 1631 1531 1781 1583; x_wconf 85' lang='lat' dir='ltr'><strong>tione</strong></span> <span class='ocrx_word' id='word_1_406' title='bbox 1811 1537 1960 1593; x_wconf 90' lang='lat' dir='ltr'><strong>sunt,</strong></span> <span class='ocrx_word' id='word_1_407' title='bbox 1990 1545 2158 1585; x_wconf 83' lang='lat' dir='ltr'><strong>orans</strong></span> <span class='ocrx_word' id='word_1_408' title='bbox 2189 1532 2519 1602; x_wconf 78' lang='lat' dir='ltr'><strong>egredietur.</strong></span> <span class='ocrx_word' id='word_1_409' title='bbox 2554 1536 2744 1589; x_wconf 85' lang='lat' dir='ltr'><strong>Annos</strong></span> <span class='ocrx_word' id='word_1_410' title='bbox 2773 1545 3008 1606; x_wconf 87' lang='lat' dir='ltr'><strong>quatuor</strong></span> <span class='ocrx_word' id='word_1_411' title='bbox 3034 1541 3193 1593; x_wconf 78' lang='lat' dir='ltr'><strong>stabit</strong></span> 
     </span>
    </p>
   </div>
   <div class='ocr_carea' id='block_1_62' title="bbox 1632 1618 3184 1697">
    <p class='ocr_par' dir='ltr' id='par_1_62' title="bbox 1632 1618 3184 1697">
     <span class='ocr_line' id='line_1_62' title="bbox 1632 1618 3184 1697; baseline 0.006 -25"><span class='ocrx_word' id='word_1_412' title='bbox 1632 1620 1811 1672; x_wconf 88' lang='lat' dir='ltr'><strong>solum</strong></span> <span class='ocrx_word' id='word_1_413' title='bbox 1853 1635 1982 1672; x_wconf 89' lang='lat' dir='ltr'><strong>cum</strong></span> <span class='ocrx_word' id='word_1_414' title='bbox 2021 1618 2304 1685; x_wconf 73' lang='lat' dir='ltr'><strong>fidelibus,</strong></span> <span class='ocrx_word' id='word_1_415' title='bbox 2336 1623 2429 1677; x_wconf 89' lang='lat' dir='ltr'><strong>sed</strong></span> <span class='ocrx_word' id='word_1_416' title='bbox 2461 1624 2753 1679; x_wconf 85' lang='lat' dir='ltr'><strong>oblationis</strong></span> <span class='ocrx_word' id='word_1_417' title='bbox 2791 1642 2896 1680; x_wconf 91' lang='lat' dir='ltr'><strong>non</strong></span> <span class='ocrx_word' id='word_1_418' title='bbox 2930 1630 3034 1681; x_wconf 91' lang='lat' dir='ltr'><strong>erit</strong></span> <span class='ocrx_word' id='word_1_419' title='bbox 3073 1645 3184 1697; x_wconf 87' lang='lat' dir='ltr'><strong>par-</strong></span> 
     </span>
    </p>
   </div>
   <div class='ocr_carea' id='block_1_63' title="bbox 1637 1711 3196 1788">
    <p class='ocr_par' dir='ltr' id='par_1_63' title="bbox 1637 1711 3196 1788">
     <span class='ocr_line' id='line_1_63' title="bbox 1637 1711 3196 1788; baseline 0.007 -24"><span class='ocrx_word' id='word_1_420' title='bbox 1637 1713 1832 1782; x_wconf 83' lang='lat' dir='ltr'><strong>lieeps.</strong></span> <span class='ocrx_word' id='word_1_421' title='bbox 1870 1711 1970 1769; x_wconf 81' lang='lat' dir='ltr'><strong>His</strong></span> <span class='ocrx_word' id='word_1_422' title='bbox 1995 1723 2174 1769; x_wconf 88' lang='lat' dir='ltr'><strong>autem</strong></span> <span class='ocrx_word' id='word_1_423' title='bbox 2205 1716 2436 1786; x_wconf 79' lang='lat' dir='ltr'><strong>expletis</strong></span> <span class='ocrx_word' id='word_1_424' title='bbox 2465 1718 2739 1788; x_wconf 83' lang='lat' dir='ltr'><strong>particeps</strong></span> <span class='ocrx_word' id='word_1_425' title='bbox 2757 1722 2860 1773; x_wconf 88' lang='lat' dir='ltr'><strong>erit</strong></span> <span class='ocrx_word' id='word_1_426' title='bbox 2889 1736 3196 1777; x_wconf 85' lang='lat' dir='ltr'><strong>sacramen-</strong></span> 
     </span>
    </p>
   </div>
   <div class='ocr_carea' id='block_1_64' title="bbox 1632 1813 1836 1860">
    <p class='ocr_par' dir='ltr' id='par_1_64' title="bbox 1632 1813 1836 1860">
     <span class='ocr_line' id='line_1_64' title="bbox 1632 1813 1836 1860; baseline 0.02 -4"><span class='ocrx_word' id='word_1_427' title='bbox 1632 1813 1836 1860; x_wconf 89' lang='lat' dir='ltr'><strong>torum.</strong></span> 
     </span>
    </p>
   </div>
   <div class='ocr_carea' id='block_1_65' title="bbox 1701 1894 3194 1970">
    <p class='ocr_par' dir='ltr' id='par_1_65' title="bbox 1701 1894 3194 1970">
     <span class='ocr_line' id='line_1_65' title="bbox 1701 1894 3194 1970; baseline 0.005 -22"><span class='ocrx_word' id='word_1_428' title='bbox 1701 1894 1860 1951; x_wconf 76' lang='lat' dir='ltr'><strong>LVII.</strong></span> <span class='ocrx_word' id='word_1_429' title='bbox 1905 1895 2009 1962; x_wconf 90' lang='lat' dir='ltr'><strong>Qui</strong></span> <span class='ocrx_word' id='word_1_430' title='bbox 2056 1912 2164 1952; x_wconf 91' lang='lat' dir='ltr'><strong>non</strong></span> <span class='ocrx_word' id='word_1_431' title='bbox 2195 1900 2503 1955; x_wconf 80' lang='lat' dir='ltr'><strong>voluntarie</strong></span> <span class='ocrx_word' id='word_1_432' title='bbox 2543 1899 2853 1964; x_wconf 89' lang='lat' dir='ltr'><strong>interfecit,</strong></span> <span class='ocrx_word' id='word_1_433' title='bbox 2888 1917 2984 1970; x_wconf 89' lang='lat' dir='ltr'><strong>per</strong></span> <span class='ocrx_word' id='word_1_434' title='bbox 3007 1901 3194 1956; x_wconf 81' lang='lat' dir='ltr'><strong>decem</strong></span> 
     </span>
    </p>
   </div>
   <div class='ocr_carea' id='block_1_66' title="bbox 1635 1990 3196 2059">
    <p class='ocr_par' dir='ltr' id='par_1_66' title="bbox 1635 1990 3196 2059">
     <span class='ocr_line' id='line_1_66' title="bbox 1635 1990 3196 2059; baseline 0.003 -20"><span class='ocrx_word' id='word_1_435' title='bbox 1635 2001 1812 2041; x_wconf 89' lang='lat' dir='ltr'><strong>annos</strong></span> <span class='ocrx_word' id='word_1_436' title='bbox 1859 1997 2330 2042; x_wconf 78' lang='lat' dir='ltr'><strong>sacramentorum</strong></span> <span class='ocrx_word' id='word_1_437' title='bbox 2385 2005 2494 2042; x_wconf 88' lang='lat' dir='ltr'><strong>non</strong></span> <span class='ocrx_word' id='word_1_438' title='bbox 2541 1993 2646 2044; x_wconf 87' lang='lat' dir='ltr'><strong>erit</strong></span> <span class='ocrx_word' id='word_1_439' title='bbox 2707 1991 3000 2059; x_wconf 86' lang='lat' dir='ltr'><strong>particeps.</strong></span> <span class='ocrx_word' id='word_1_440' title='bbox 3055 1990 3196 2044; x_wconf 89' lang='lat' dir='ltr'><strong>Anni</strong></span> 
     </span>
    </p>
   </div>
   <div class='ocr_carea' id='block_1_67' title="bbox 1631 2077 3198 2148">
    <p class='ocr_par' dir='ltr' id='par_1_67' title="bbox 1631 2077 3198 2148">
     <span class='ocr_line' id='line_1_67' title="bbox 1631 2077 3198 2148; baseline 0.001 -19"><span class='ocrx_word' id='word_1_441' title='bbox 1631 2085 1812 2130; x_wconf 89' lang='lat' dir='ltr'><strong>autem</strong></span> <span class='ocrx_word' id='word_1_442' title='bbox 1845 2079 2034 2132; x_wconf 90' lang='lat' dir='ltr'><strong>decem</strong></span> <span class='ocrx_word' id='word_1_443' title='bbox 2073 2079 2153 2133; x_wconf 92' lang='lat' dir='ltr'><strong>sic</strong></span> <span class='ocrx_word' id='word_1_444' title='bbox 2179 2079 2233 2132; x_wconf 89' lang='lat' dir='ltr'><strong>in</strong></span> <span class='ocrx_word' id='word_1_445' title='bbox 2268 2093 2334 2132; x_wconf 93' lang='lat' dir='ltr'><strong>eo</strong></span> <span class='ocrx_word' id='word_1_446' title='bbox 2365 2078 2851 2148; x_wconf 85' lang='lat' dir='ltr'><strong>dispensabuntur.</strong></span> <span class='ocrx_word' id='word_1_447' title='bbox 2894 2077 3039 2132; x_wconf 88' lang='lat' dir='ltr'><strong>Duos</strong></span> <span class='ocrx_word' id='word_1_448' title='bbox 3078 2080 3198 2148; x_wconf 60' lang='lat' dir='ltr'><strong>qui.</strong></span> 
     </span>
    </p>
   </div>
   <div class='ocr_carea' id='block_1_68' title="bbox 1632 2168 3198 2234">
    <p class='ocr_par' dir='ltr' id='par_1_68' title="bbox 1632 2168 3198 2234">
     <span class='ocr_line' id='line_1_68' title="bbox 1632 2168 3198 2234; baseline 0.001 -12"><span class='ocrx_word' id='word_1_449' title='bbox 1632 2169 1753 2222; x_wconf 91' lang='lat' dir='ltr'><strong>dem</strong></span> <span class='ocrx_word' id='word_1_450' title='bbox 1784 2183 1963 2223; x_wconf 92' lang='lat' dir='ltr'><strong>annos</strong></span> <span class='ocrx_word' id='word_1_451' title='bbox 2002 2168 2185 2234; x_wconf 83' lang='lat' dir='ltr'><strong>ﬂebit,</strong></span> <span class='ocrx_word' id='word_1_452' title='bbox 2217 2178 2329 2224; x_wconf 88' lang='lat' dir='ltr'><strong>tres</strong></span> <span class='ocrx_word' id='word_1_453' title='bbox 2355 2179 2534 2224; x_wconf 91' lang='lat' dir='ltr'><strong>autem</strong></span> <span class='ocrx_word' id='word_1_454' title='bbox 2571 2184 2747 2225; x_wconf 89' lang='lat' dir='ltr'><strong>annos</strong></span> <span class='ocrx_word' id='word_1_455' title='bbox 2794 2170 2937 2224; x_wconf 91' lang='lat' dir='ltr'><strong>inter</strong></span> <span class='ocrx_word' id='word_1_456' title='bbox 2973 2169 3198 2224; x_wconf 85' lang='lat' dir='ltr'><strong>audien-</strong></span> 
     </span>
    </p>
   </div>
   <div class='ocr_carea' id='block_1_69' title="bbox 1632 2263 3198 2333">
    <p class='ocr_par' dir='ltr' id='par_1_69' title="bbox 1632 2263 3198 2333">
     <span class='ocr_line' id='line_1_69' title="bbox 1632 2263 3198 2333; baseline 0.003 -18"><span class='ocrx_word' id='word_1_457' title='bbox 1632 2269 1715 2316; x_wconf 86' lang='lat' dir='ltr'><strong>tes</strong></span> <span class='ocrx_word' id='word_1_458' title='bbox 1746 2263 2155 2332; x_wconf 85' lang='lat' dir='ltr'><strong>perseverabit,</strong></span> <span class='ocrx_word' id='word_1_459' title='bbox 2185 2273 2421 2333; x_wconf 86' lang='lat' dir='ltr'><strong>quatuor</strong></span> <span class='ocrx_word' id='word_1_460' title='bbox 2455 2264 2788 2327; x_wconf 84' lang='lat' dir='ltr'><strong>substratus,</strong></span> <span class='ocrx_word' id='word_1_461' title='bbox 2816 2273 2870 2318; x_wconf 91' lang='lat' dir='ltr'><strong>et</strong></span> <span class='ocrx_word' id='word_1_462' title='bbox 2905 2279 3048 2318; x_wconf 88' lang='lat' dir='ltr'><strong>anno</strong></span> <span class='ocrx_word' id='word_1_463' title='bbox 3091 2280 3198 2319; x_wconf 88' lang='lat' dir='ltr'><strong>uno</strong></span> 
     </span>
    </p>
   </div>
   <div class='ocr_carea' id='block_1_70' title="bbox 1631 2355 3199 2426">
    <p class='ocr_par' dir='ltr' id='par_1_70' title="bbox 1631 2355 3199 2426">
     <span class='ocr_line' id='line_1_70' title="bbox 1631 2355 3199 2426; baseline 0 -18"><span class='ocrx_word' id='word_1_464' title='bbox 1631 2357 1898 2410; x_wconf 85' lang='lat' dir='ltr'><strong>consistet</strong></span> <span class='ocrx_word' id='word_1_465' title='bbox 1948 2362 2282 2422; x_wconf 87' lang='lat' dir='ltr'><strong>tantum;et</strong></span> <span class='ocrx_word' id='word_1_466' title='bbox 2339 2355 2599 2426; x_wconf 84' lang='lat' dir='ltr'><strong>deinceps</strong></span> <span class='ocrx_word' id='word_1_467' title='bbox 2634 2357 2698 2409; x_wconf 92' lang='lat' dir='ltr'><strong>ad</strong></span> <span class='ocrx_word' id='word_1_468' title='bbox 2756 2363 2946 2411; x_wconf 87' lang='lat' dir='ltr'><strong>sancta</strong></span> <span class='ocrx_word' id='word_1_469' title='bbox 3003 2355 3199 2409; x_wconf 83' lang='lat' dir='ltr'><strong>admit-</strong></span> 
     </span>
    </p>
   </div>
   <div class='ocr_carea' id='block_1_71' title="bbox 1631 2455 1796 2501">
    <p class='ocr_par' dir='ltr' id='par_1_71' title="bbox 1631 2455 1796 2501">
     <span class='ocr_line' id='line_1_71' title="bbox 1631 2455 1796 2501; baseline -0.012 0"><span class='ocrx_word' id='word_1_470' title='bbox 1631 2455 1796 2501; x_wconf 87' lang='lat' dir='ltr'><strong>tetur.</strong></span> 
     </span>
    </p>
   </div>
   <div class='ocr_carea' id='block_1_72' title="bbox 1703 2536 3254 2610">
    <p class='ocr_par' dir='ltr' id='par_1_72' title="bbox 1703 2536 3254 2610">
     <span class='ocr_line' id='line_1_72' title="bbox 1703 2536 3254 2610; baseline 0.003 -18"><span class='ocrx_word' id='word_1_471' title='bbox 1703 2536 1884 2593; x_wconf 85' lang='lat' dir='ltr'><strong>LVIII.</strong></span> <span class='ocrx_word' id='word_1_472' title='bbox 1920 2537 2022 2605; x_wconf 91' lang='lat' dir='ltr'><strong>Qui</strong></span> <span class='ocrx_word' id='word_1_473' title='bbox 2071 2538 2381 2594; x_wconf 69' lang='lat' dir='ltr'><strong>moechatus</strong></span> <span class='ocrx_word' id='word_1_474' title='bbox 2403 2549 2517 2602; x_wconf 89' lang='lat' dir='ltr'><strong>est,</strong></span> <span class='ocrx_word' id='word_1_475' title='bbox 2554 2555 2650 2610; x_wconf 88' lang='lat' dir='ltr'><strong>per</strong></span> <span class='ocrx_word' id='word_1_476' title='bbox 2678 2539 2985 2609; x_wconf 88' lang='lat' dir='ltr'><strong>quindecim</strong></span> <span class='ocrx_word' id='word_1_477' title='bbox 3027 2554 3201 2597; x_wconf 75' lang='lat' dir='ltr'><strong>annos</strong></span> <span class='ocrx_word' id='word_1_478' title='bbox 3249 2541 3254 2548; x_wconf 85' lang='grc'><em>’</em></span> 
     </span>
    </p>
   </div>
   <div class='ocr_carea' id='block_1_73' title="bbox 1632 2630 3200 2701">
    <p class='ocr_par' dir='ltr' id='par_1_73' title="bbox 1632 2630 3200 2701">
     <span class='ocr_line' id='line_1_73' title="bbox 1632 2630 3200 2701; baseline 0.003 -17"><span class='ocrx_word' id='word_1_479' title='bbox 1632 2641 2103 2685; x_wconf 86' lang='lat' dir='ltr'><strong>sacramentorum</strong></span> <span class='ocrx_word' id='word_1_480' title='bbox 2133 2647 2240 2683; x_wconf 92' lang='lat' dir='ltr'><strong>non</strong></span> <span class='ocrx_word' id='word_1_481' title='bbox 2272 2630 2378 2684; x_wconf 86' lang='lat' dir='ltr'><strong>erit</strong></span> <span class='ocrx_word' id='word_1_482' title='bbox 2414 2631 2688 2701; x_wconf 87' lang='lat' dir='ltr'><strong>particeps</strong></span> <span class='ocrx_word' id='word_1_483' title='bbox 2721 2650 2734 2684; x_wconf 85' lang='lat'><strong>:</strong></span> <span class='ocrx_word' id='word_1_484' title='bbox 2763 2639 3000 2701; x_wconf 88' lang='lat' dir='ltr'><strong>quatuor</strong></span> <span class='ocrx_word' id='word_1_485' title='bbox 3041 2634 3200 2688; x_wconf 75' lang='lat' dir='ltr'><strong>annis</strong></span> 
     </span>
    </p>
   </div>
   <div class='ocr_carea' id='block_1_74' title="bbox 1633 2720 3200 2792">
    <p class='ocr_par' dir='ltr' id='par_1_74' title="bbox 1633 2720 3200 2792">
     <span class='ocr_line' id='line_1_74' title="bbox 1633 2720 3200 2792; baseline 0.002 -18"><span class='ocrx_word' id='word_1_486' title='bbox 1633 2720 1800 2784; x_wconf 86' lang='lat' dir='ltr'><strong>flens,</strong></span> <span class='ocrx_word' id='word_1_487' title='bbox 1839 2721 2082 2790; x_wconf 90' lang='lat' dir='ltr'><strong>quinque</strong></span> <span class='ocrx_word' id='word_1_488' title='bbox 2134 2721 2399 2784; x_wconf 87' lang='lat' dir='ltr'><strong>audiens,</strong></span> <span class='ocrx_word' id='word_1_489' title='bbox 2434 2731 2670 2791; x_wconf 85' lang='lat' dir='ltr'><strong>quatuor</strong></span> <span class='ocrx_word' id='word_1_490' title='bbox 2715 2722 3031 2777; x_wconf 87' lang='lat' dir='ltr'><strong>substratus</strong></span> <span class='ocrx_word' id='word_1_491' title='bbox 3056 2761 3070 2786; x_wconf 92' lang='lat'><strong>,</strong></span> <span class='ocrx_word' id='word_1_492' title='bbox 3109 2738 3200 2792; x_wconf 85' lang='lat' dir='ltr'><strong>per</strong></span> 
     </span>
    </p>
   </div>
   <div class='ocr_carea' id='block_1_75' title="bbox 1631 2809 2690 2866">
    <p class='ocr_par' dir='ltr' id='par_1_75' title="bbox 1631 2809 2690 2866">
     <span class='ocr_line' id='line_1_75' title="bbox 1631 2809 2690 2866; baseline 0 -3"><span class='ocrx_word' id='word_1_493' title='bbox 1631 2809 1772 2863; x_wconf 91' lang='lat' dir='ltr'><strong>duos</strong></span> <span class='ocrx_word' id='word_1_494' title='bbox 1805 2821 1943 2862; x_wconf 89' lang='lat' dir='ltr'><strong>cons</strong></span> <span class='ocrx_word' id='word_1_495' title='bbox 1967 2819 2117 2864; x_wconf 82' lang='lat' dir='ltr'><strong>stetis</strong></span> <span class='ocrx_word' id='word_1_496' title='bbox 2142 2813 2259 2864; x_wconf 82' lang='lat' dir='ltr'><strong>sine</strong></span> <span class='ocrx_word' id='word_1_497' title='bbox 2285 2811 2690 2866; x_wconf 86' lang='lat' dir='ltr'><strong>communione.</strong></span> 
     </span>
    </p>
   </div>
   <div class='ocr_carea' id='block_1_76' title="bbox 1706 2899 3200 2974">
    <p class='ocr_par' dir='ltr' id='par_1_76' title="bbox 1706 2899 3200 2974">
     <span class='ocr_line' id='line_1_76' title="bbox 1706 2899 3200 2974; baseline 0.003 -21"><span class='ocrx_word' id='word_1_498' title='bbox 1706 2899 1839 2955; x_wconf 80' lang='lat' dir='ltr'><strong>LIX.</strong></span> <span class='ocrx_word' id='word_1_499' title='bbox 1906 2899 2227 2957; x_wconf 87' lang='lat' dir='ltr'><strong>Fornicalor</strong></span> <span class='ocrx_word' id='word_1_500' title='bbox 2277 2912 2482 2974; x_wconf 88' lang='lat' dir='ltr'><strong>septem</strong></span> <span class='ocrx_word' id='word_1_501' title='bbox 2531 2907 2690 2959; x_wconf 87' lang='lat' dir='ltr'><strong>annis</strong></span> <span class='ocrx_word' id='word_1_502' title='bbox 2736 2915 3200 2960; x_wconf 87' lang='lat' dir='ltr'><strong>sacramentorum</strong></span> 
     </span>
    </p>
   </div>
   <div class='ocr_carea' id='block_1_77' title="bbox 1632 2992 3200 3062">
    <p class='ocr_par' dir='ltr' id='par_1_77' title="bbox 1632 2992 3200 3062">
     <span class='ocr_line' id='line_1_77' title="bbox 1632 2992 3200 3062; baseline 0.003 -18"><span class='ocrx_word' id='word_1_503' title='bbox 1632 3007 1740 3044; x_wconf 75' lang='lat' dir='ltr'><strong>non</strong></span> <span class='ocrx_word' id='word_1_504' title='bbox 1793 2992 1898 3046; x_wconf 90' lang='lat' dir='ltr'><strong>erit</strong></span> <span class='ocrx_word' id='word_1_505' title='bbox 1936 2994 2208 3062; x_wconf 87' lang='lat' dir='ltr'><strong>particeps</strong></span> <span class='ocrx_word' id='word_1_506' title='bbox 2234 3032 2248 3058; x_wconf 91' lang='lat'><strong>,</strong></span> <span class='ocrx_word' id='word_1_507' title='bbox 2285 2993 2502 3050; x_wconf 91' lang='lat' dir='ltr'><strong>duobus</strong></span> <span class='ocrx_word' id='word_1_508' title='bbox 2542 2995 2677 3052; x_wconf 87' lang='lat' dir='ltr'><strong>ﬂens</strong></span> <span class='ocrx_word' id='word_1_509' title='bbox 2701 3035 2716 3060; x_wconf 88' lang='lat'><strong>,</strong></span> <span class='ocrx_word' id='word_1_510' title='bbox 2755 3005 2807 3050; x_wconf 91' lang='lat' dir='ltr'><strong>et</strong></span> <span class='ocrx_word' id='word_1_511' title='bbox 2848 2995 3061 3049; x_wconf 85' lang='lat' dir='ltr'><strong>duobus</strong></span> <span class='ocrx_word' id='word_1_512' title='bbox 3107 3011 3200 3049; x_wconf 56' lang='lat' dir='ltr'><strong>au.</strong></span> 
     </span>
    </p>
   </div>
   <div class='ocr_carea' id='block_1_78' title="bbox 1633 3083 3205 3154">
    <p class='ocr_par' dir='ltr' id='par_1_78' title="bbox 1633 3083 3205 3154">
     <span class='ocr_line' id='line_1_78' title="bbox 1633 3083 3205 3154; baseline 0.003 -18"><span class='ocrx_word' id='word_1_513' title='bbox 1633 3083 1825 3149; x_wconf 85' lang='lat' dir='ltr'><strong>diens,</strong></span> <span class='ocrx_word' id='word_1_514' title='bbox 1860 3091 1915 3138; x_wconf 88' lang='lat' dir='ltr'><strong>et</strong></span> <span class='ocrx_word' id='word_1_515' title='bbox 1969 3084 2184 3142; x_wconf 83' lang='lat' dir='ltr'><strong>duobus</strong></span> <span class='ocrx_word' id='word_1_516' title='bbox 2243 3086 2579 3154; x_wconf 87' lang='lat' dir='ltr'><strong>substratus,</strong></span> <span class='ocrx_word' id='word_1_517' title='bbox 2631 3095 2684 3143; x_wconf 85' lang='lat' dir='ltr'><strong>et</strong></span> <span class='ocrx_word' id='word_1_518' title='bbox 2731 3103 2840 3142; x_wconf 90' lang='lat' dir='ltr'><strong>uno</strong></span> <span class='ocrx_word' id='word_1_519' title='bbox 2894 3087 3205 3142; x_wconf 78' lang='lat' dir='ltr'><strong>consistens</strong></span> 
     </span>
    </p>
   </div>
   <div class='ocr_carea' id='block_1_79' title="bbox 1635 3177 3038 3234">
    <p class='ocr_par' dir='ltr' id='par_1_79' title="bbox 1635 3177 3038 3234">
     <span class='ocr_line' id='line_1_79' title="bbox 1635 3177 3038 3234; baseline 0.004 -7"><span class='ocrx_word' id='word_1_520' title='bbox 1635 3185 1882 3230; x_wconf 89' lang='lat' dir='ltr'><strong>tantum:</strong></span> <span class='ocrx_word' id='word_1_521' title='bbox 1910 3183 2101 3231; x_wconf 86' lang='lat' dir='ltr'><strong>octavo</strong></span> <span class='ocrx_word' id='word_1_522' title='bbox 2135 3177 2203 3231; x_wconf 86' lang='lat' dir='ltr'><strong>ad</strong></span> <span class='ocrx_word' id='word_1_523' title='bbox 2225 3179 2670 3232; x_wconf 88' lang='lat' dir='ltr'><strong>communionem</strong></span> <span class='ocrx_word' id='word_1_524' title='bbox 2703 3179 3038 3234; x_wconf 88' lang='lat' dir='ltr'><strong>admittetur.</strong></span> 
     </span>
    </p>
   </div>
   <div class='ocr_carea' id='block_1_80' title="bbox 1705 3263 3204 3337">
    <p class='ocr_par' dir='ltr' id='par_1_80' title="bbox 1705 3263 3204 3337">
     <span class='ocr_line' id='line_1_80' title="bbox 1705 3263 3204 3337; baseline 0.001 -20"><span class='ocrx_word' id='word_1_525' title='bbox 1705 3263 1814 3318; x_wconf 81' lang='lat' dir='ltr'><strong>LX.</strong></span> <span class='ocrx_word' id='word_1_526' title='bbox 1880 3263 2013 3330; x_wconf 65' lang='lat' dir='ltr'><strong>Quae</strong></span> <span class='ocrx_word' id='word_1_527' title='bbox 2067 3266 2438 3336; x_wconf 78' lang='lat' dir='ltr'><strong>virginitatem</strong></span> <span class='ocrx_word' id='word_1_528' title='bbox 2492 3267 2782 3337; x_wconf 79' lang='lat' dir='ltr'><strong>professa,</strong></span> <span class='ocrx_word' id='word_1_529' title='bbox 2835 3283 2865 3320; x_wconf 88' lang='lat' dir='ltr'><strong>a</strong></span> <span class='ocrx_word' id='word_1_530' title='bbox 2931 3284 3031 3323; x_wconf 90' lang='lat' dir='ltr'><strong>suo</strong></span> <span class='ocrx_word' id='word_1_531' title='bbox 3079 3283 3204 3336; x_wconf 89' lang='lat' dir='ltr'><strong>pro-</strong></span> 
     </span>
    </p>
   </div>
   <div class='ocr_carea' id='block_1_81' title="bbox 1635 3359 3201 3430">
    <p class='ocr_par' dir='ltr' id='par_1_81' title="bbox 1635 3359 3201 3430">
     <span class='ocr_line' id='line_1_81' title="bbox 1635 3359 3201 3430; baseline 0.003 -20"><span class='ocrx_word' id='word_1_532' title='bbox 1635 3359 1805 3412; x_wconf 73' lang='lat' dir='ltr'><strong>misso</strong></span> <span class='ocrx_word' id='word_1_533' title='bbox 1835 3359 1987 3428; x_wconf 73' lang='lat' dir='ltr'><strong>lapsa</strong></span> <span class='ocrx_word' id='word_1_534' title='bbox 2022 3367 2144 3423; x_wconf 89' lang='lat' dir='ltr'><strong>est,</strong></span> <span class='ocrx_word' id='word_1_535' title='bbox 2186 3361 2396 3430; x_wconf 89' lang='lat' dir='ltr'><strong>peccati</strong></span> <span class='ocrx_word' id='word_1_536' title='bbox 2443 3359 2698 3413; x_wconf 86' lang='lat' dir='ltr'><strong>adulterii</strong></span> <span class='ocrx_word' id='word_1_537' title='bbox 2733 3371 2946 3429; x_wconf 83' lang='lat' dir='ltr'><strong>tempus</strong></span> <span class='ocrx_word' id='word_1_538' title='bbox 2983 3361 3035 3414; x_wconf 91' lang='lat' dir='ltr'><strong>in</strong></span> <span class='ocrx_word' id='word_1_539' title='bbox 3067 3376 3201 3415; x_wconf 78' lang='lat' dir='ltr'><strong>COI-</strong></span> 
     </span>
    </p>
   </div>
   <div class='ocr_carea' id='block_1_82' title="bbox 1635 3635 3192 3706">
    <p class='ocr_par' dir='ltr' id='par_1_82' title="bbox 1635 3635 3192 3706">
     <span class='ocr_line' id='line_1_82' title="bbox 1635 3635 3192 3706; baseline 0 -16"><span class='ocrx_word' id='word_1_540' title='bbox 1635 3635 1876 3690; x_wconf 89' lang='lat' dir='ltr'><strong>secundo</strong></span> <span class='ocrx_word' id='word_1_541' title='bbox 1903 3635 2291 3706; x_wconf 74' lang='lat' dir='ltr'><strong>quatuor.anni</strong></span> <span class='ocrx_word' id='word_1_542' title='bbox 2315 3674 2330 3696; x_wconf 89' lang='lat'><strong>.</strong></span> <span class='ocrx_word' id='word_1_543' title='bbox 2357 3644 2558 3704; x_wconf 86' lang='lat' dir='ltr'><strong>septem</strong></span> <span class='ocrx_word' id='word_1_544' title='bbox 2594 3635 2646 3688; x_wconf 93' lang='lat' dir='ltr'><strong>in</strong></span> <span class='ocrx_word' id='word_1_545' title='bbox 2686 3635 3192 3706; x_wconf 9' lang='lat' dir='ltr'><strong>alterordecernan-</strong></span> 
     </span>
    </p>
   </div>
   <div class='ocr_carea' id='block_1_83' title="bbox 1634 3704 3201 3775">
    <p class='ocr_par' dir='ltr' id='par_1_83' title="bbox 1634 3704 3201 3775">
     <span class='ocr_line' id='line_1_83' title="bbox 1634 3704 3201 3775; baseline 0.001 -17"><span class='ocrx_word' id='word_1_546' title='bbox 1634 3715 1744 3766; x_wconf 88' lang='lat' dir='ltr'><strong>tur.</strong></span> <span class='ocrx_word' id='word_1_547' title='bbox 1789 3704 1933 3775; x_wconf 85' lang='lat' dir='ltr'><strong>quod</strong></span> <span class='ocrx_word' id='word_1_548' title='bbox 1978 3704 2214 3760; x_wconf 88' lang='lat' dir='ltr'><strong>Basilius</strong></span> <span class='ocrx_word' id='word_1_549' title='bbox 2270 3705 2323 3759; x_wconf 92' lang='lat' dir='ltr'><strong>in</strong></span> <span class='ocrx_word' id='word_1_550' title='bbox 2375 3705 2632 3760; x_wconf 86' lang='lat' dir='ltr'><strong>vicesimo</strong></span> <span class='ocrx_word' id='word_1_551' title='bbox 2682 3705 2922 3760; x_wconf 87' lang='lat' dir='ltr'><strong>secundo</strong></span> <span class='ocrx_word' id='word_1_552' title='bbox 2976 3706 3201 3774; x_wconf 79' lang='lat' dir='ltr'><strong>antiqua</strong></span> 
     </span>
    </p>
   </div>
   <div class='ocr_carea' id='block_1_84' title="bbox 1635 3775 3198 3845">
    <p class='ocr_par' dir='ltr' id='par_1_84' title="bbox 1635 3775 3198 3845">
     <span class='ocr_line' id='line_1_84' title="bbox 1635 3775 3198 3845; baseline 0.001 -17"><span class='ocrx_word' id='word_1_553' title='bbox 1635 3775 1853 3830; x_wconf 83' lang='lat' dir='ltr'><strong>Patrum</strong></span> <span class='ocrx_word' id='word_1_554' title='bbox 1887 3775 2083 3843; x_wconf 87' lang='lat' dir='ltr'><strong>placita</strong></span> <span class='ocrx_word' id='word_1_555' title='bbox 2119 3784 2404 3844; x_wconf 82' lang='lat' dir='ltr'><strong>sequatur,</strong></span> <span class='ocrx_word' id='word_1_556' title='bbox 2429 3791 2584 3829; x_wconf 89' lang='lat' dir='ltr'><strong>suam</strong></span> <span class='ocrx_word' id='word_1_557' title='bbox 2628 3779 2681 3829; x_wconf 90' lang='lat' dir='ltr'><strong>in</strong></span> <span class='ocrx_word' id='word_1_558' title='bbox 2713 3780 2886 3830; x_wconf 90' lang='lat' dir='ltr'><strong>altero</strong></span> <span class='ocrx_word' id='word_1_559' title='bbox 2925 3777 3198 3845; x_wconf 83' lang='lat' dir='ltr'><strong>prapriam</strong></span> 
     </span>
    </p>
   </div>
   <div class='ocr_carea' id='block_1_85' title="bbox 1635 3845 3200 3915">
    <p class='ocr_par' dir='ltr' id='par_1_85' title="bbox 1635 3845 3200 3915">
     <span class='ocr_line' id='line_1_85' title="bbox 1635 3845 3200 3915; baseline -0.001 -15"><span class='ocrx_word' id='word_1_560' title='bbox 1635 3846 1961 3900; x_wconf 89' lang='lat' dir='ltr'><strong>sententiam</strong></span> <span class='ocrx_word' id='word_1_561' title='bbox 2033 3855 2291 3915; x_wconf 78' lang='lat' dir='ltr'><strong>exponat.</strong></span> <span class='ocrx_word' id='word_1_562' title='bbox 2376 3845 2636 3899; x_wconf 86' lang='lat' dir='ltr'><strong>Eumdem</strong></span> <span class='ocrx_word' id='word_1_563' title='bbox 2721 3846 2866 3900; x_wconf 89' lang='lat' dir='ltr'><strong>hunc</strong></span> <span class='ocrx_word' id='word_1_564' title='bbox 2937 3861 3200 3900; x_wconf 86' lang='lat' dir='ltr'><strong>cainmem</strong></span> 
     </span>
    </p>
   </div>
   <div class='ocr_carea' id='block_1_86' title="bbox 1634 3917 3202 3986">
    <p class='ocr_par' dir='ltr' id='par_1_86' title="bbox 1634 3917 3202 3986">
     <span class='ocr_line' id='line_1_86' title="bbox 1634 3917 3202 3986; baseline 0 -17"><span class='ocrx_word' id='word_1_565' title='bbox 1634 3917 1858 3970; x_wconf 81' lang='lat' dir='ltr'><strong>Alexius</strong></span> <span class='ocrx_word' id='word_1_566' title='bbox 1889 3917 2180 3970; x_wconf 85' lang='lat' dir='ltr'><strong>Aristenus</strong></span> <span class='ocrx_word' id='word_1_567' title='bbox 2202 3957 2217 3979; x_wconf 90' lang='lat'><strong>,</strong></span> <span class='ocrx_word' id='word_1_568' title='bbox 2259 3923 2319 3969; x_wconf 91' lang='lat' dir='ltr'><strong>ut</strong></span> <span class='ocrx_word' id='word_1_569' title='bbox 2358 3917 2566 3986; x_wconf 74' lang='lat' dir='ltr'><strong>clarum</strong></span> <span class='ocrx_word' id='word_1_570' title='bbox 2597 3927 2650 3970; x_wconf 93' lang='lat' dir='ltr'><strong>et</strong></span> <span class='ocrx_word' id='word_1_571' title='bbox 2687 3918 3033 3986; x_wconf 87' lang='lat' dir='ltr'><strong>perspicumn</strong></span> <span class='ocrx_word' id='word_1_572' title='bbox 3060 3956 3074 3978; x_wconf 88' lang='lat'><strong>,</strong></span> <span class='ocrx_word' id='word_1_573' title='bbox 3105 3931 3202 3969; x_wconf 87' lang='lat' dir='ltr'><strong>ne-</strong></span> 
     </span>
    </p>
   </div>
   <div class='ocr_carea' id='block_1_87' title="bbox 1637 3985 3202 4057">
    <p class='ocr_par' dir='ltr' id='par_1_87' title="bbox 1637 3985 3202 4057">
     <span class='ocr_line' id='line_1_87' title="bbox 1637 3985 3202 4057; baseline -0.001 -18"><span class='ocrx_word' id='word_1_574' title='bbox 1637 3998 1724 4056; x_wconf 90' lang='lat' dir='ltr'><strong>gat</strong></span> <span class='ocrx_word' id='word_1_575' title='bbox 1749 3987 2112 4057; x_wconf 80' lang='lat' dir='ltr'><strong>explicatione</strong></span> <span class='ocrx_word' id='word_1_576' title='bbox 2137 3985 2406 4056; x_wconf 74' lang='lat' dir='ltr'><strong>indigere.</strong></span> <span class='ocrx_word' id='word_1_577' title='bbox 2441 3985 2668 4040; x_wconf 83' lang='lat' dir='ltr'><strong>Videbat</strong></span> <span class='ocrx_word' id='word_1_578' title='bbox 2691 3985 2954 4057; x_wconf 86' lang='lat' dir='ltr'><strong>nimirum</strong></span> <span class='ocrx_word' id='word_1_579' title='bbox 2997 3986 3202 4057; x_wconf 85' lang='lat' dir='ltr'><strong>doctis-</strong></span> 
     </span>
    </p>
   </div>
   <div class='ocr_carea' id='block_1_88' title="bbox 1636 4056 3181 4126">
    <p class='ocr_par' dir='ltr' id='par_1_88' title="bbox 1636 4056 3181 4126">
     <span class='ocr_line' id='line_1_88' title="bbox 1636 4056 3181 4126; baseline -0.001 -15"><span class='ocrx_word' id='word_1_580' title='bbox 1636 4056 2078 4126; x_wconf 84' lang='lat' dir='ltr'><strong>simusscriptor</strong></span> <span class='ocrx_word' id='word_1_581' title='bbox 2123 4057 2398 4125; x_wconf 75' lang='lat' dir='ltr'><strong>duplicem</strong></span> <span class='ocrx_word' id='word_1_582' title='bbox 2434 4073 2462 4110; x_wconf 88' lang='lat' dir='ltr'><strong>a</strong></span> <span class='ocrx_word' id='word_1_583' title='bbox 2501 4057 2699 4110; x_wconf 81' lang='lat' dir='ltr'><strong>Basilio</strong></span> <span class='ocrx_word' id='word_1_584' title='bbox 2728 4056 2989 4123; x_wconf 70' lang='lat' dir='ltr'><strong>distingui</strong></span> <span class='ocrx_word' id='word_1_585' title='bbox 3038 4056 3181 4110; x_wconf 82' lang='lat' dir='ltr'><strong>forni</strong></span> 
     </span>
    </p>
   </div>
   <div class='ocr_carea' id='block_1_89' title="bbox 1634 4127 3198 4208">
    <p class='ocr_par' dir='ltr' id='par_1_89' title="bbox 1634 4127 3198 4208">
     <span class='ocr_line' id='line_1_89' title="bbox 1634 4127 3198 4208; baseline -0.001 -29"><span class='ocrx_word' id='word_1_586' title='bbox 1634 4129 1966 4208; x_wconf 27' lang='lat' dir='ltr'><strong>canonico-to,</strong></span> <span class='ocrx_word' id='word_1_587' title='bbox 1995 4127 2514 4208; x_wconf 47' lang='lat' dir='ltr'><strong>lerioremplleram</strong></span> <span class='ocrx_word' id='word_1_588' title='bbox 2543 4169 2557 4190; x_wconf 93' lang='lat'><strong>,</strong></span> <span class='ocrx_word' id='word_1_589' title='bbox 2604 4127 2828 4180; x_wconf 87' lang='lat' dir='ltr'><strong>alteram</strong></span> <span class='ocrx_word' id='word_1_590' title='bbox 2873 4127 3198 4208; x_wconf 77' lang='lat' dir='ltr'><strong>graviorem.</strong></span> 
     </span>
    </p>
   </div>
   <div class='ocr_carea' id='block_1_90' title="bbox 1636 4197 3202 4267">
    <p class='ocr_par' dir='ltr' id='par_1_90' title="bbox 1636 4197 3202 4267">
     <span class='ocr_line' id='line_1_90' title="bbox 1636 4197 3202 4267; baseline -0.001 -16"><span class='ocrx_word' id='word_1_591' title='bbox 1636 4197 1833 4252; x_wconf 82' lang='lat' dir='ltr'><strong>Levior</strong></span> <span class='ocrx_word' id='word_1_592' title='bbox 1867 4198 2088 4258; x_wconf 90' lang='lat' dir='ltr'><strong>dicitur,</strong></span> <span class='ocrx_word' id='word_1_593' title='bbox 2122 4197 2408 4265; x_wconf 69' lang='lat' dir='ltr'><strong>quaeinter</strong></span> <span class='ocrx_word' id='word_1_594' title='bbox 2439 4211 2698 4267; x_wconf 85' lang='lat' dir='ltr'><strong>personas</strong></span> <span class='ocrx_word' id='word_1_595' title='bbox 2732 4197 3083 4251; x_wconf 84' lang='lat' dir='ltr'><strong>matrimonio</strong></span> <span class='ocrx_word' id='word_1_596' title='bbox 3107 4213 3202 4250; x_wconf 82' lang='lat' dir='ltr'><strong>so-</strong></span> 
     </span>
    </p>
   </div>
   <div class='ocr_carea' id='block_1_91' title="bbox 1637 4268 3202 4338">
    <p class='ocr_par' dir='ltr' id='par_1_91' title="bbox 1637 4268 3202 4338">
     <span class='ocr_line' id='line_1_91' title="bbox 1637 4268 3202 4338; baseline 0.001 -17"><span class='ocrx_word' id='word_1_597' title='bbox 1637 4269 1783 4338; x_wconf 88' lang='lat' dir='ltr'><strong>lutas</strong></span> <span class='ocrx_word' id='word_1_598' title='bbox 1816 4270 2215 4321; x_wconf 86' lang='lat' dir='ltr'><strong>committitur:</strong></span> <span class='ocrx_word' id='word_1_599' title='bbox 2247 4268 2483 4336; x_wconf 84' lang='lat' dir='ltr'><strong>gravior,</strong></span> <span class='ocrx_word' id='word_1_600' title='bbox 2515 4282 2639 4321; x_wconf 87' lang='lat' dir='ltr'><strong>eum</strong></span> <span class='ocrx_word' id='word_1_601' title='bbox 2667 4268 2942 4338; x_wconf 82' lang='lat' dir='ltr'><strong>conjugati</strong></span> <span class='ocrx_word' id='word_1_602' title='bbox 2964 4268 3202 4323; x_wconf 88' lang='lat' dir='ltr'><strong>hominis</strong></span> 
     </span>
    </p>
   </div>
   <div class='ocr_carea' id='block_1_92' title="bbox 1637 4337 3200 4408">
    <p class='ocr_par' dir='ltr' id='par_1_92' title="bbox 1637 4337 3200 4408">
     <span class='ocr_line' id='line_1_92' title="bbox 1637 4337 3200 4408; baseline -0.001 -17"><span class='ocrx_word' id='word_1_603' title='bbox 1637 4337 1805 4392; x_wconf 89' lang='lat' dir='ltr'><strong>libido</strong></span> <span class='ocrx_word' id='word_1_604' title='bbox 1851 4338 1906 4390; x_wconf 90' lang='lat' dir='ltr'><strong>in</strong></span> <span class='ocrx_word' id='word_1_605' title='bbox 1955 4338 2240 4392; x_wconf 88' lang='lat' dir='ltr'><strong>mulierem</strong></span> <span class='ocrx_word' id='word_1_606' title='bbox 2288 4337 2522 4391; x_wconf 89' lang='lat' dir='ltr'><strong>solutam</strong></span> <span class='ocrx_word' id='word_1_607' title='bbox 2561 4337 3035 4408; x_wconf 33' lang='lat' dir='ltr'><strong>erumpitfl’riori</strong></span> <span class='ocrx_word' id='word_1_608' title='bbox 3074 4339 3200 4392; x_wconf 91' lang='lat' dir='ltr'><strong>anni</strong></span> 
     </span>
    </p>
   </div>
   <div class='ocr_carea' id='block_1_93' title="bbox 1637 4407 3202 4488">
    <p class='ocr_par' dir='ltr' id='par_1_93' title="bbox 1637 4407 3202 4488">
     <span class='ocr_line' id='line_1_93' title="bbox 1637 4407 3202 4488; baseline 0.002 -30"><span class='ocrx_word' id='word_1_609' title='bbox 1637 4417 1894 4478; x_wconf 88' lang='lat' dir='ltr'><strong>quatuor,</strong></span> <span class='ocrx_word' id='word_1_610' title='bbox 1929 4417 2144 4488; x_wconf 37' lang='lat' dir='ltr'><strong>septem.</strong></span> <span class='ocrx_word' id='word_1_611' title='bbox 2173 4407 2330 4488; x_wconf 71' lang='lat' dir='ltr'><strong>alteri</strong></span> <span class='ocrx_word' id='word_1_612' title='bbox 2373 4407 2752 4488; x_wconf 74' lang='lat' dir='ltr'><strong>imponuntur.</strong></span> <span class='ocrx_word' id='word_1_613' title='bbox 2783 4407 3068 4463; x_wconf 82' lang='lat' dir='ltr'><strong>Manifesta</strong></span> <span class='ocrx_word' id='word_1_614' title='bbox 3113 4424 3202 4461; x_wconf 88' lang='lat' dir='ltr'><strong>res</strong></span> 
     </span>
    </p>
   </div>
   <div class='ocr_carea' id='block_1_94' title="bbox 31 4469 3202 4549">
    <p class='ocr_par' dir='ltr' id='par_1_94' title="bbox 31 4469 3202 4549">
     <span class='ocr_line' id='line_1_94' title="bbox 31 4469 3202 4549; baseline 0.003 -27"><span class='ocrx_word' id='word_1_615' title='bbox 31 4469 174 4527; x_wconf 60' lang='lat' dir='ltr'><strong>Lenior</strong></span> <span class='ocrx_word' id='word_1_616' title='bbox 205 4485 283 4549; x_wconf 87' lang='lat' dir='ltr'><strong>est</strong></span> <span class='ocrx_word' id='word_1_617' title='bbox 314 4469 566 4532; x_wconf 57' lang='lat' dir='ltr'><strong>Basilius&#39;</strong></span> <span class='ocrx_word' id='word_1_618' title='bbox 596 4493 759 4547; x_wconf 89' lang='lat' dir='ltr'><strong>quam</strong></span> <span class='ocrx_word' id='word_1_619' title='bbox 811 4469 1051 4547; x_wconf 82' lang='lat' dir='ltr'><strong>synodus</strong></span> <span class='ocrx_word' id='word_1_620' title='bbox 1091 4469 1376 4549; x_wconf 57' lang='lat' dir='ltr'><strong>Ancyr&#39;ana</strong></span> <span class='ocrx_word' id='word_1_621' title='bbox 1409 4496 1531 4549; x_wconf 74' lang='lat' dir='ltr'><strong>qua:</strong></span> <span class='ocrx_word' id='word_1_622' title='bbox 1566 4479 1608 4534; x_wconf 88' lang='lat' dir='ltr'><strong>D</strong></span> <span class='ocrx_word' id='word_1_623' title='bbox 1636 4469 1718 4532; x_wconf 76' lang='lat' dir='ltr'><strong>est</strong></span> <span class='ocrx_word' id='word_1_624' title='bbox 1747 4494 1812 4533; x_wconf 83' lang='lat' dir='ltr'><strong>ex</strong></span> <span class='ocrx_word' id='word_1_625' title='bbox 1839 4469 2048 4532; x_wconf 78' lang='lat' dir='ltr'><strong>canone</strong></span> <span class='ocrx_word' id='word_1_626' title='bbox 2085 4478 2176 4540; x_wconf 64' lang='lat'><strong>2|,</strong></span> <span class='ocrx_word' id='word_1_627' title='bbox 2207 4478 2299 4531; x_wconf 89' lang='lat' dir='ltr'><strong>ubi</strong></span> <span class='ocrx_word' id='word_1_628' title='bbox 2329 4469 2606 4549; x_wconf 62' lang='lat' dir='ltr'><strong>conj&#39;ugati</strong></span> <span class='ocrx_word' id='word_1_629' title='bbox 2648 4489 2932 4548; x_wconf 79' lang='lat' dir='ltr'><strong>peccaturo</strong></span> <span class='ocrx_word' id='word_1_630' title='bbox 2962 4493 3085 4532; x_wconf 89' lang='lat' dir='ltr'><strong>cum</strong></span> <span class='ocrx_word' id='word_1_631' title='bbox 3113 4494 3202 4532; x_wconf 87' lang='lat' dir='ltr'><strong>so-</strong></span> 
     </span>
    </p>
   </div>
   <div class='ocr_carea' id='block_1_95' title="bbox 29 4548 1534 4605">
    <p class='ocr_par' dir='ltr' id='par_1_95' title="bbox 29 4548 1534 4605">
     <span class='ocr_line' id='line_1_95' title="bbox 29 4548 1534 4605; baseline 0.004 -7"><span class='ocrx_word' id='word_1_632' title='bbox 29 4548 292 4602; x_wconf 71' lang='lat' dir='ltr'><strong>toluntariis</strong></span> <span class='ocrx_word' id='word_1_633' title='bbox 354 4549 600 4604; x_wconf 78' lang='lat' dir='ltr'><strong>caedibus</strong></span> <span class='ocrx_word' id='word_1_634' title='bbox 657 4550 1096 4603; x_wconf 88' lang='lat' dir='ltr'><strong>communionem</strong></span> <span class='ocrx_word' id='word_1_635' title='bbox 1150 4548 1220 4602; x_wconf 37' lang='lat' dir='ltr'><strong>in’</strong></span> <span class='ocrx_word' id='word_1_636' title='bbox 1257 4550 1360 4605; x_wconf 86' lang='lat' dir='ltr'><strong>line</strong></span> <span class='ocrx_word' id='word_1_637' title='bbox 1410 4548 1534 4604; x_wconf 79' lang='lat' dir='ltr'><strong>vitae</strong></span> 
     </span>
    </p>
   </div>
   <div class='ocr_carea' id='block_1_96' title="bbox 30 4620 240 4670">
    <p class='ocr_par' dir='ltr' id='par_1_96' title="bbox 30 4620 240 4670">
     <span class='ocr_line' id='line_1_96' title="bbox 30 4620 240 4670; baseline 0.024 -5"><span class='ocrx_word' id='word_1_638' title='bbox 30 4620 240 4670; x_wconf 62' lang='lat' dir='ltr'><strong>concedit.</strong></span> 
     </span>
    </p>
   </div>
   <div class='ocr_carea' id='block_1_97' title="bbox 75 4686 1534 4760">
    <p class='ocr_par' dir='ltr' id='par_1_97' title="bbox 75 4686 1534 4760">
     <span class='ocr_line' id='line_1_97' title="bbox 75 4686 1534 4760; baseline -0.001 -16"><span class='ocrx_word' id='word_1_639' title='bbox 75 4687 162 4755; x_wconf 78' lang='lat' dir='ltr'><strong>(l5)</strong></span> <span class='ocrx_word' id='word_1_640' title='bbox 182 4689 290 4760; x_wconf 75' lang='grc' dir='ltr'>Ἓν</span> <span class='ocrx_word' id='word_1_641' title='bbox 310 4688 459 4743; x_wconf 79' lang='grc' dir='ltr'>δέκα</span> <span class='ocrx_word' id='word_1_642' title='bbox 481 4690 663 4744; x_wconf 77' lang='grc' dir='ltr'>ἔτεσι.</span> <span class='ocrx_word' id='word_1_643' title='bbox 698 4686 952 4760; x_wconf 80' lang='lat' dir='ltr'><strong>Synodus</strong></span> <span class='ocrx_word' id='word_1_644' title='bbox 976 4688 1265 4760; x_wconf 85' lang='lat' dir='ltr'><strong>Aneyrana</strong></span> <span class='ocrx_word' id='word_1_645' title='bbox 1291 4690 1534 4759; x_wconf 83' lang='lat' dir='ltr'><strong>quinque</strong></span> 
     </span>
    </p>
   </div>
   <div class='ocr_carea' id='block_1_98' title="bbox 27 4759 1534 4832">
    <p class='ocr_par' dir='ltr' id='par_1_98' title="bbox 27 4759 1534 4832">
     <span class='ocr_line' id='line_1_98' title="bbox 27 4759 1534 4832; baseline 0.008 -28"><span class='ocrx_word' id='word_1_646' title='bbox 27 4759 400 4832; x_wconf 65' lang='lat' dir='ltr'><strong>annnsimpomt</strong></span> <span class='ocrx_word' id='word_1_647' title='bbox 453 4759 1158 4832; x_wconf 76' lang='lat' dir='ltr'><strong>liuic_peccat9_:_septem</strong></span> <span class='ocrx_word' id='word_1_648' title='bbox 1201 4775 1228 4812; x_wconf 90' lang='lat' dir='ltr'><strong>a</strong></span> <span class='ocrx_word' id='word_1_649' title='bbox 1288 4762 1534 4828; x_wconf 88' lang='lat' dir='ltr'><strong>patribus</strong></span> 
     </span>
    </p>
   </div>
   <div class='ocr_carea' id='block_1_99' title="bbox 26 4827 1534 4892">
    <p class='ocr_par' dir='ltr' id='par_1_99' title="bbox 26 4827 1534 4892">
     <span class='ocr_line' id='line_1_99' title="bbox 26 4827 1534 4892; baseline 0.004 -15"><span class='ocrx_word' id='word_1_650' title='bbox 26 4827 263 4892; x_wconf 81' lang='lat' dir='ltr'><strong>impositos</strong></span> <span class='ocrx_word' id='word_1_651' title='bbox 292 4839 546 4886; x_wconf 88' lang='lat' dir='ltr'><strong>testatur.</strong></span> <span class='ocrx_word' id='word_1_652' title='bbox 587 4827 843 4883; x_wconf 73' lang='lat' dir='ltr'><strong>severior</strong></span> <span class='ocrx_word' id='word_1_653' title='bbox 871 4830 956 4883; x_wconf 90' lang='lat' dir='ltr'><strong>his</strong></span> <span class='ocrx_word' id='word_1_654' title='bbox 998 4828 1238 4884; x_wconf 83' lang='lat' dir='ltr'><strong>Basilius</strong></span> <span class='ocrx_word' id='word_1_655' title='bbox 1269 4827 1422 4883; x_wconf 59' lang='lat' dir='ltr'><strong>{non</strong></span> <span class='ocrx_word' id='word_1_656' title='bbox 1451 4841 1534 4884; x_wconf 88' lang='lat' dir='ltr'><strong>ta-</strong></span> 
     </span>
    </p>
   </div>
   <div class='ocr_carea' id='block_1_100' title="bbox 26 4899 1566 4969">
    <p class='ocr_par' dir='ltr' id='par_1_100' title="bbox 26 4899 1566 4969">
     <span class='ocr_line' id='line_1_100' title="bbox 26 4899 1566 4969; baseline 0.003 -24"><span class='ocrx_word' id='word_1_657' title='bbox 26 4909 113 4969; x_wconf 68' lang='lat' dir='ltr'><strong>inen</strong></span> <span class='ocrx_word' id='word_1_658' title='bbox 143 4899 337 4955; x_wconf 82' lang='lat' dir='ltr'><strong>videtur</strong></span> <span class='ocrx_word' id='word_1_659' title='bbox 375 4903 568 4956; x_wconf 84' lang='lat' dir='ltr'><strong>eadem</strong></span> <span class='ocrx_word' id='word_1_660' title='bbox 595 4915 757 4969; x_wconf 69' lang='lat' dir='ltr'><strong>pmna</strong></span> <span class='ocrx_word' id='word_1_661' title='bbox 782 4915 977 4954; x_wconf 90' lang='lat' dir='ltr'><strong>omnes</strong></span> <span class='ocrx_word' id='word_1_662' title='bbox 1005 4900 1408 4969; x_wconf 80' lang='lat' dir='ltr'><strong>involantarias</strong></span> <span class='ocrx_word' id='word_1_663' title='bbox 1429 4917 1566 4955; x_wconf 54' lang='grc' dir='ltr'><strong>εαξη</strong></span> 
     </span>
    </p>
   </div>
   <div class='ocr_carea' id='block_1_101' title="bbox 24 4963 1531 5040">
    <p class='ocr_par' dir='ltr' id='par_1_101' title="bbox 24 4963 1531 5040">
     <span class='ocr_line' id='line_1_101' title="bbox 24 4963 1531 5040; baseline 0.009 -28"><span class='ocrx_word' id='word_1_664' title='bbox 24 4963 91 5017; x_wconf 79' lang='lat' dir='ltr'><strong>des</strong></span> <span class='ocrx_word' id='word_1_665' title='bbox 113 4972 547 5040; x_wconf 86' lang='lat' dir='ltr'><strong>comprehendere</strong></span> <span class='ocrx_word' id='word_1_666' title='bbox 566 4963 751 5039; x_wconf 47' lang='lat' dir='ltr'><strong>,‘quas</strong></span> <span class='ocrx_word' id='word_1_667' title='bbox 780 4985 991 5024; x_wconf 90' lang='lat' dir='ltr'><strong>canone</strong></span> <span class='ocrx_word' id='word_1_668' title='bbox 1029 4965 1070 5024; x_wconf 75' lang='grc'><em>8</em></span> <span class='ocrx_word' id='word_1_669' title='bbox 1092 4973 1370 5025; x_wconf 89' lang='lat' dir='ltr'><strong>recensuit</strong></span> <span class='ocrx_word' id='word_1_670' title='bbox 1395 5012 1410 5035; x_wconf 92' lang='lat'><strong>,</strong></span> <span class='ocrx_word' id='word_1_671' title='bbox 1435 4973 1531 5026; x_wconf 88' lang='lat' dir='ltr'><strong>sed</strong></span> 
     </span>
    </p>
   </div>
   <div class='ocr_carea' id='block_1_102' title="bbox 25 5041 1533 5155">
    <p class='ocr_par' dir='ltr' id='par_1_102' title="bbox 25 5041 1533 5155">
     <span class='ocr_line' id='line_1_102' title="bbox 25 5041 1533 5155; baseline 0.006 -67"><span class='ocrx_word' id='word_1_672' title='bbox 25 5045 328 5155; x_wconf 60' lang='lat' dir='ltr'><strong>c‘asltantum,</strong></span> <span class='ocrx_word' id='word_1_673' title='bbox 355 5057 495 5112; x_wconf 85' lang='lat' dir='ltr'><strong>quas</strong></span> <span class='ocrx_word' id='word_1_674' title='bbox 533 5041 732 5096; x_wconf 81' lang='lat' dir='ltr'><strong>ibidem</strong></span> <span class='ocrx_word' id='word_1_675' title='bbox 762 5041 828 5095; x_wconf 87' lang='lat' dir='ltr'><strong>ad</strong></span> <span class='ocrx_word' id='word_1_676' title='bbox 864 5042 1234 5094; x_wconf 87' lang='lat' dir='ltr'><strong>voluntarium</strong></span> <span class='ocrx_word' id='word_1_677' title='bbox 1271 5041 1533 5098; x_wconf 77' lang='lat' dir='ltr'><strong>accedere</strong></span> 
     </span>
     <span class='ocr_line' id='line_1_103' title="bbox 25 5118 231 5155; baseline 0.019 -3"><span class='ocrx_word' id='word_1_678' title='bbox 25 5121 32 5149; x_wconf 85' lang='lat' dir='ltr'><strong>t</strong></span> <span class='ocrx_word' id='word_1_679' title='bbox 50 5120 92 5152; x_wconf 76' lang='lat' dir='ltr'><strong>er</strong></span> <span class='ocrx_word' id='word_1_680' title='bbox 114 5118 231 5155; x_wconf 76' lang='lat' dir='ltr'><strong>arat-</strong></span> 
     </span>
    </p>
   </div>
   <div class='ocr_carea' id='block_1_103' title="bbox 24 5118 232 5163">
    <p class='ocr_par' dir='ltr' id='par_1_103' title="bbox 24 5118 232 5163">
     <span class='ocr_line' id='line_1_104' title="bbox 24 5118 232 5163; baseline 0.043 -12"><span class='ocrx_word' id='word_1_681' title='bbox 24 5118 232 5163; x_wconf 69' lang='lat' dir='ltr'><strong>declarat.</strong></span> 
     </span>
    </p>
   </div>
   <div class='ocr_carea' id='block_1_104' title="bbox 72 5176 1530 5302">
    <p class='ocr_par' dir='ltr' id='par_1_104' title="bbox 72 5176 1530 5302">
     <span class='ocr_line' id='line_1_105' title="bbox 72 5176 1530 5302; baseline 0.004 -72"><span class='ocrx_word' id='word_1_682' title='bbox 72 5176 327 5302; x_wconf 60' lang='grc' dir='ltr'>(ωὲτρία</span> <span class='ocrx_word' id='word_1_683' title='bbox 356 5181 423 5234; x_wconf 77' lang='grc' dir='ltr'><strong>δὲ</strong></span> <span class='ocrx_word' id='word_1_684' title='bbox 460 5183 583 5248; x_wconf 82' lang='grc' dir='ltr'>ἐτη.</span> <span class='ocrx_word' id='word_1_685' title='bbox 624 5182 718 5236; x_wconf 90' lang='lat' dir='ltr'><strong>Sic</strong></span> <span class='ocrx_word' id='word_1_686' title='bbox 768 5197 899 5235; x_wconf 87' lang='lat' dir='ltr'><strong>mss.</strong></span> <span class='ocrx_word' id='word_1_687' title='bbox 945 5181 1140 5236; x_wconf 89' lang='lat' dir='ltr'><strong>melius</strong></span> <span class='ocrx_word' id='word_1_688' title='bbox 1185 5196 1350 5251; x_wconf 88' lang='lat' dir='ltr'><strong>quam</strong></span> <span class='ocrx_word' id='word_1_689' title='bbox 1399 5182 1530 5236; x_wconf 86' lang='lat' dir='ltr'><strong>editi</strong></span> 
     </span>
     <span class='ocr_line' id='line_1_106' title="bbox 73 5264 347 5302; baseline 0 0"><span class='ocrx_word' id='word_1_690' title='bbox 73 5264 110 5296; x_wconf 65' lang='grc' dir='ltr'><strong>ιι</strong></span> <span class='ocrx_word' id='word_1_691' title='bbox 132 5266 162 5302; x_wconf 74' lang='grc' dir='ltr'><strong>μ</strong></span> <span class='ocrx_word' id='word_1_692' title='bbox 187 5270 212 5302; x_wconf 86' lang='grc' dir='ltr'><strong>ν</strong></span> <span class='ocrx_word' id='word_1_693' title='bbox 239 5269 347 5302; x_wconf 76' lang='grc' dir='ltr'>ετη.</span> 
     </span>
    </p>
   </div>
   <div class='ocr_carea' id='block_1_105' title="bbox 24 5254 347 5312">
    <p class='ocr_par' dir='ltr' id='par_1_105' title="bbox 24 5254 347 5312">
     <span class='ocr_line' id='line_1_107' title="bbox 24 5254 347 5312; baseline 0.003 -11"><span class='ocrx_word' id='word_1_694' title='bbox 24 5254 110 5312; x_wconf 71' lang='grc' dir='ltr'>τρία</span> <span class='ocrx_word' id='word_1_695' title='bbox 131 5254 212 5312; x_wconf 79' lang='grc' dir='ltr'>μὲν</span> <span class='ocrx_word' id='word_1_696' title='bbox 239 5254 347 5312; x_wconf 79' lang='grc' dir='ltr'>ἐτη.</span> 
     </span>
    </p>
   </div>
   <div class='ocr_carea' id='block_1_106' title="bbox 72 5266 1532 5404">
    <p class='ocr_par' dir='ltr' id='par_1_106' title="bbox 72 5266 1532 5404">
     <span class='ocr_line' id='line_1_108' title="bbox 73 5266 347 5322; baseline 0 -20"><span class='ocrx_word' id='word_1_697' title='bbox 73 5266 110 5296; x_wconf 76' lang='lat'><strong>:1</strong></span> <span class='ocrx_word' id='word_1_698' title='bbox 131 5266 212 5315; x_wconf 84' lang='grc' dir='ltr'><strong>μεν</strong></span> <span class='ocrx_word' id='word_1_699' title='bbox 239 5266 347 5322; x_wconf 82' lang='grc' dir='ltr'>ετη.</span> 
     </span>
     <span class='ocr_line' id='line_1_109' title="bbox 72 5317 1532 5404; baseline 0.004 -37"><span class='ocrx_word' id='word_1_700' title='bbox 72 5317 158 5404; x_wconf 67' lang='lat' dir='ltr'><strong>illi)</strong></span> <span class='ocrx_word' id='word_1_701' title='bbox 190 5321 304 5404; x_wconf 64' lang='grc' dir='ltr'>ςῙὼις</span> <span class='ocrx_word' id='word_1_702' title='bbox 331 5321 730 5404; x_wconf 56' lang='grc' dir='ltr'>ργιασέιάζωῖ.</span> <span class='ocrx_word' id='word_1_703' title='bbox 762 5319 904 5404; x_wconf 67' lang='grc' dir='ltr'><strong>ἰξιίὶιί</strong></span> <span class='ocrx_word' id='word_1_704' title='bbox 935 5321 1141 5404; x_wconf 76' lang='lat' dir='ltr'><strong>addunt.</strong></span> <span class='ocrx_word' id='word_1_705' title='bbox 1174 5321 1532 5404; x_wconf 59' lang='grc' dir='ltr'>οίκονομῃθή-</span> 
     </span>
    </p>
   </div>
   <div class='ocr_carea' id='block_1_107' title="bbox 24 5390 1531 5463">
    <p class='ocr_par' dir='ltr' id='par_1_107' title="bbox 24 5390 1531 5463">
     <span class='ocr_line' id='line_1_110' title="bbox 24 5390 1531 5463; baseline 0.018 -26"><span class='ocrx_word' id='word_1_706' title='bbox 24 5396 132 5459; x_wconf 54' lang='grc' dir='ltr'>φετιι</span> <span class='ocrx_word' id='word_1_707' title='bbox 155 5393 214 5463; x_wconf 67' lang='grc' dir='ltr'><strong>τα</strong></span> <span class='ocrx_word' id='word_1_708' title='bbox 241 5399 297 5445; x_wconf 59' lang='grc' dir='ltr'>ιε’</span> <span class='ocrx_word' id='word_1_709' title='bbox 329 5390 422 5463; x_wconf 76' lang='grc' dir='ltr'><strong>ἐτη</strong></span> <span class='ocrx_word' id='word_1_710' title='bbox 450 5390 536 5446; x_wconf 64' lang='grc' dir='ltr'>επ*</span> <span class='ocrx_word' id='word_1_711' title='bbox 571 5393 718 5463; x_wconf 63' lang='grc' dir='ltr'>αὐέεῷ</span> <span class='ocrx_word' id='word_1_712' title='bbox 749 5390 920 5463; x_wconf 79' lang='grc' dir='ltr'>οὕτως</span> <span class='ocrx_word' id='word_1_713' title='bbox 935 5432 948 5454; x_wconf 78' lang='grc' dir='ltr'><strong>ν</strong></span> <span class='ocrx_word' id='word_1_714' title='bbox 967 5391 1263 5463; x_wconf 56' lang='lat' dir='ltr'><strong>quindecim</strong></span> <span class='ocrx_word' id='word_1_715' title='bbox 1293 5390 1426 5460; x_wconf 49' lang='lat' dir='ltr'><strong>(mni</strong></span> <span class='ocrx_word' id='word_1_716' title='bbox 1453 5390 1531 5446; x_wconf 63' lang='grc' dir='ltr'><strong>δίε</strong></span> 
     </span>
    </p>
   </div>
   <div class='ocr_carea' id='block_1_108' title="bbox 24 5461 1528 5533">
    <p class='ocr_par' dir='ltr' id='par_1_108' title="bbox 24 5461 1528 5533">
     <span class='ocr_line' id='line_1_111' title="bbox 24 5461 1528 5533; baseline 0.007 -25"><span class='ocrx_word' id='word_1_717' title='bbox 24 5467 59 5503; x_wconf 73' lang='lat' dir='ltr'><strong>tu</strong></span> <span class='ocrx_word' id='word_1_718' title='bbox 75 5473 121 5509; x_wconf 80' lang='lat' dir='ltr'><strong>eo</strong></span> <span class='ocrx_word' id='word_1_719' title='bbox 149 5461 598 5533; x_wconf 22' lang='lat' dir='ltr'><strong>dispensab’untur.</strong></span> <span class='ocrx_word' id='word_1_720' title='bbox 632 5461 737 5517; x_wconf 77' lang='lat' dir='ltr'><strong>Sed</strong></span> <span class='ocrx_word' id='word_1_721' title='bbox 771 5462 884 5533; x_wconf 64' lang='lat' dir='ltr'><strong>haec</strong></span> <span class='ocrx_word' id='word_1_722' title='bbox 917 5477 1024 5515; x_wconf 88' lang='lat' dir='ltr'><strong>non</strong></span> <span class='ocrx_word' id='word_1_723' title='bbox 1058 5462 1314 5533; x_wconf 80' lang='lat' dir='ltr'><strong>leguntur</strong></span> <span class='ocrx_word' id='word_1_724' title='bbox 1341 5463 1446 5517; x_wconf 92' lang='lat' dir='ltr'><strong>nisi</strong></span> <span class='ocrx_word' id='word_1_725' title='bbox 1475 5465 1528 5518; x_wconf 93' lang='lat' dir='ltr'><strong>in</strong></span> 
     </span>
    </p>
   </div>
   <div class='ocr_carea' id='block_1_109' title="bbox 24 5531 1014 5588">
    <p class='ocr_par' dir='ltr' id='par_1_109' title="bbox 24 5531 1014 5588">
     <span class='ocr_line' id='line_1_112' title="bbox 24 5531 1014 5588; baseline 0.005 -6"><span class='ocrx_word' id='word_1_726' title='bbox 24 5531 365 5587; x_wconf 56' lang='lat' dir='ltr'><strong>Fecentioribus</strong></span> <span class='ocrx_word' id='word_1_727' title='bbox 407 5533 685 5588; x_wconf 89' lang='lat' dir='ltr'><strong>nonnullis</strong></span> <span class='ocrx_word' id='word_1_728' title='bbox 711 5532 1014 5587; x_wconf 84' lang='lat' dir='ltr'><strong>codicibus.</strong></span> 
     </span>
    </p>
   </div>
   <div class='ocr_carea' id='block_1_110' title="bbox 74 5598 1528 5678">
    <p class='ocr_par' dir='ltr' id='par_1_110' title="bbox 74 5598 1528 5678">
     <span class='ocr_line' id='line_1_113' title="bbox 74 5598 1528 5678; baseline 0.006 -28"><span class='ocrx_word' id='word_1_729' title='bbox 74 5598 163 5666; x_wconf 74' lang='lat' dir='ltr'><strong>(te)</strong></span> <span class='ocrx_word' id='word_1_730' title='bbox 208 5603 302 5678; x_wconf 60' lang='grc' dir='ltr'><strong>Ἐξν</strong></span> <span class='ocrx_word' id='word_1_731' title='bbox 342 5605 490 5678; x_wconf 72' lang='grc' dir='ltr'>ἑπτὰ</span> <span class='ocrx_word' id='word_1_732' title='bbox 539 5605 741 5678; x_wconf 62' lang='grc' dir='ltr'>ἔτεοςιν</span> <span class='ocrx_word' id='word_1_733' title='bbox 805 5601 1079 5678; x_wconf 74' lang='lat' dir='ltr'><strong>Laborant</strong></span> <span class='ocrx_word' id='word_1_734' title='bbox 1135 5602 1430 5678; x_wconf 82' lang='lat' dir='ltr'><strong>Balsamon</strong></span> <span class='ocrx_word' id='word_1_735' title='bbox 1475 5613 1528 5659; x_wconf 89' lang='lat' dir='ltr'><strong>et</strong></span> 
     </span>
    </p>
   </div>
   <div class='ocr_carea' id='block_1_111' title="bbox 24 5658 1528 5730">
    <p class='ocr_par' dir='ltr' id='par_1_111' title="bbox 24 5658 1528 5730">
     <span class='ocr_line' id='line_1_114' title="bbox 24 5658 1528 5730; baseline 0.011 -17"><span class='ocrx_word' id='word_1_736' title='bbox 24 5658 215 5724; x_wconf 63' lang='lat' dir='ltr'><strong>Zonaras</strong></span> <span class='ocrx_word' id='word_1_737' title='bbox 248 5673 298 5726; x_wconf 92' lang='lat' dir='ltr'><strong>in</strong></span> <span class='ocrx_word' id='word_1_738' title='bbox 341 5677 440 5729; x_wconf 91' lang='lat' dir='ltr'><strong>hoc</strong></span> <span class='ocrx_word' id='word_1_739' title='bbox 473 5658 682 5729; x_wconf 72' lang='lat' dir='ltr'><strong>canone</strong></span> <span class='ocrx_word' id='word_1_740' title='bbox 713 5674 1060 5727; x_wconf 86' lang='lat' dir='ltr'><strong>conciliando</strong></span> <span class='ocrx_word' id='word_1_741' title='bbox 1095 5689 1218 5726; x_wconf 90' lang='lat' dir='ltr'><strong>cum</strong></span> <span class='ocrx_word' id='word_1_742' title='bbox 1264 5658 1528 5730; x_wconf 86' lang='lat' dir='ltr'><strong>vicesimo</strong></span> 
     </span>
    </p>
   </div>
   <div class='ocr_carea' id='block_1_112' title="bbox 23 5742 1526 5814">
    <p class='ocr_par' dir='ltr' id='par_1_112' title="bbox 23 5742 1526 5814">
     <span class='ocr_line' id='line_1_115' title="bbox 23 5742 1526 5814; baseline 0.008 -24"><span class='ocrx_word' id='word_1_743' title='bbox 23 5742 232 5808; x_wconf 55' lang='lat' dir='ltr'><strong>secundo,</strong></span> <span class='ocrx_word' id='word_1_744' title='bbox 266 5755 422 5814; x_wconf 83' lang='lat' dir='ltr'><strong>atque</strong></span> <span class='ocrx_word' id='word_1_745' title='bbox 456 5747 508 5802; x_wconf 90' lang='lat' dir='ltr'><strong>id</strong></span> <span class='ocrx_word' id='word_1_746' title='bbox 545 5760 725 5800; x_wconf 80' lang='lat' dir='ltr'><strong>causa:</strong></span> <span class='ocrx_word' id='word_1_747' title='bbox 757 5743 987 5798; x_wconf 73' lang='lat' dir='ltr'><strong>alterunt</strong></span> <span class='ocrx_word' id='word_1_748' title='bbox 1008 5784 1023 5810; x_wconf 93' lang='lat'><strong>,</strong></span> <span class='ocrx_word' id='word_1_749' title='bbox 1056 5760 1156 5798; x_wconf 90' lang='lat' dir='ltr'><strong>cur</strong></span> <span class='ocrx_word' id='word_1_750' title='bbox 1185 5744 1237 5798; x_wconf 91' lang='lat' dir='ltr'><strong>in</strong></span> <span class='ocrx_word' id='word_1_751' title='bbox 1266 5745 1526 5802; x_wconf 87' lang='lat' dir='ltr'><strong>vicesimo</strong></span> 
     </span>
    </p>
   </div>
   <div class='ocr_carea' id='block_1_113' title="bbox 1641 4547 3202 4618">
    <p class='ocr_par' dir='ltr' id='par_1_113' title="bbox 1641 4547 3202 4618">
     <span class='ocr_line' id='line_1_116' title="bbox 1641 4547 3202 4618; baseline -0.001 -18"><span class='ocrx_word' id='word_1_752' title='bbox 1641 4551 1749 4603; x_wconf 90' lang='lat' dir='ltr'><strong>luta</strong></span> <span class='ocrx_word' id='word_1_753' title='bbox 1784 4550 2202 4602; x_wconf 75' lang='lat' dir='ltr'><strong>fornicationem</strong></span> <span class='ocrx_word' id='word_1_754' title='bbox 2246 4549 2479 4618; x_wconf 87' lang='lat' dir='ltr'><strong>appellat</strong></span> <span class='ocrx_word' id='word_1_755' title='bbox 2524 4547 2792 4610; x_wconf 88' lang='lat' dir='ltr'><strong>Basilius,</strong></span> <span class='ocrx_word' id='word_1_756' title='bbox 2830 4563 2893 4602; x_wconf 90' lang='lat' dir='ltr'><strong>ac</strong></span> <span class='ocrx_word' id='word_1_757' title='bbox 2942 4549 3202 4617; x_wconf 83' lang='lat' dir='ltr'><strong>longiori-</strong></span> 
     </span>
    </p>
   </div>
   <div class='ocr_carea' id='block_1_114' title="bbox 1638 4617 3198 4688">
    <p class='ocr_par' dir='ltr' id='par_1_114' title="bbox 1638 4617 3198 4688">
     <span class='ocr_line' id='line_1_117' title="bbox 1638 4617 3198 4688; baseline -0.001 -16"><span class='ocrx_word' id='word_1_758' title='bbox 1638 4620 1740 4674; x_wconf 83' lang='lat' dir='ltr'><strong>bus</strong></span> <span class='ocrx_word' id='word_1_759' title='bbox 1767 4619 1943 4688; x_wconf 78' lang='lat' dir='ltr'><strong>ptenis</strong></span> <span class='ocrx_word' id='word_1_760' title='bbox 1991 4617 2291 4681; x_wconf 67' lang='lat' dir='ltr'><strong>coerceri,</strong></span> <span class='ocrx_word' id='word_1_761' title='bbox 2324 4634 2431 4672; x_wconf 88' lang='lat' dir='ltr'><strong>non</strong></span> <span class='ocrx_word' id='word_1_762' title='bbox 2481 4626 2662 4688; x_wconf 86' lang='lat' dir='ltr'><strong>tamen</strong></span> <span class='ocrx_word' id='word_1_763' title='bbox 2709 4619 2881 4674; x_wconf 90' lang='lat' dir='ltr'><strong>instar</strong></span> <span class='ocrx_word' id='word_1_764' title='bbox 2911 4617 3198 4679; x_wconf 89' lang='lat' dir='ltr'><strong>adulterii,</strong></span> 
     </span>
    </p>
   </div>
   <div class='ocr_carea' id='block_1_115' title="bbox 1637 4687 3197 4757">
    <p class='ocr_par' dir='ltr' id='par_1_115' title="bbox 1637 4687 3197 4757">
     <span class='ocr_line' id='line_1_118' title="bbox 1637 4687 3197 4757; baseline -0.001 -16"><span class='ocrx_word' id='word_1_765' title='bbox 1637 4687 1889 4743; x_wconf 87' lang='lat' dir='ltr'><strong>testatur.</strong></span> <span class='ocrx_word' id='word_1_766' title='bbox 1929 4688 1984 4742; x_wconf 91' lang='lat' dir='ltr'><strong>In</strong></span> <span class='ocrx_word' id='word_1_767' title='bbox 2035 4703 2244 4742; x_wconf 86' lang='lat' dir='ltr'><strong>canone</strong></span> <span class='ocrx_word' id='word_1_768' title='bbox 2287 4701 2471 4742; x_wconf 89' lang='lat' dir='ltr'><strong>autem</strong></span> <span class='ocrx_word' id='word_1_769' title='bbox 2517 4687 2584 4740; x_wconf 88' lang='grc'><strong>’77</strong></span> <span class='ocrx_word' id='word_1_770' title='bbox 2616 4703 2740 4742; x_wconf 90' lang='lat' dir='ltr'><strong>eum</strong></span> <span class='ocrx_word' id='word_1_771' title='bbox 2771 4689 2864 4757; x_wconf 90' lang='lat' dir='ltr'><strong>qui</strong></span> <span class='ocrx_word' id='word_1_772' title='bbox 2907 4689 3197 4757; x_wconf 79' lang='lat' dir='ltr'><strong>legitimam</strong></span> 
     </span>
    </p>
   </div>
   <div class='ocr_carea' id='block_1_116' title="bbox 1638 4758 3199 4826">
    <p class='ocr_par' dir='ltr' id='par_1_116' title="bbox 1638 4758 3199 4826">
     <span class='ocr_line' id='line_1_119' title="bbox 1638 4758 3199 4826; baseline -0.003 -14"><span class='ocrx_word' id='word_1_773' title='bbox 1638 4775 1862 4813; x_wconf 78' lang='lat' dir='ltr'><strong>uxorem</strong></span> <span class='ocrx_word' id='word_1_774' title='bbox 1907 4760 2174 4822; x_wconf 86' lang='lat' dir='ltr'><strong>dimittit,</strong></span> <span class='ocrx_word' id='word_1_775' title='bbox 2208 4767 2262 4812; x_wconf 88' lang='lat' dir='ltr'><strong>et</strong></span> <span class='ocrx_word' id='word_1_776' title='bbox 2306 4759 2466 4812; x_wconf 88' lang='lat' dir='ltr'><strong>aliam</strong></span> <span class='ocrx_word' id='word_1_777' title='bbox 2509 4758 2696 4820; x_wconf 89' lang='lat' dir='ltr'><strong>ducit,</strong></span> <span class='ocrx_word' id='word_1_778' title='bbox 2727 4759 3030 4812; x_wconf 89' lang='lat' dir='ltr'><strong>adulterum</strong></span> <span class='ocrx_word' id='word_1_779' title='bbox 3079 4759 3199 4826; x_wconf 86' lang='lat' dir='ltr'><strong>qui-</strong></span> 
     </span>
    </p>
   </div>
   <div class='ocr_carea' id='block_1_117' title="bbox 1635 4827 3197 4892">
    <p class='ocr_par' dir='ltr' id='par_1_117' title="bbox 1635 4827 3197 4892">
     <span class='ocr_line' id='line_1_120' title="bbox 1635 4827 3197 4892; baseline 0 -11"><span class='ocrx_word' id='word_1_780' title='bbox 1635 4829 1758 4884; x_wconf 90' lang='lat' dir='ltr'><strong>dem</strong></span> <span class='ocrx_word' id='word_1_781' title='bbox 1787 4844 1910 4884; x_wconf 87' lang='lat' dir='ltr'><strong>esse</strong></span> <span class='ocrx_word' id='word_1_782' title='bbox 1937 4845 2002 4884; x_wconf 79' lang='lat' dir='ltr'><strong>ex</strong></span> <span class='ocrx_word' id='word_1_783' title='bbox 2040 4828 2259 4883; x_wconf 90' lang='lat' dir='ltr'><strong>Domini</strong></span> <span class='ocrx_word' id='word_1_784' title='bbox 2300 4829 2570 4883; x_wconf 89' lang='lat' dir='ltr'><strong>sententia</strong></span> <span class='ocrx_word' id='word_1_785' title='bbox 2600 4835 2857 4892; x_wconf 89' lang='lat' dir='ltr'><strong>testatur,</strong></span> <span class='ocrx_word' id='word_1_786' title='bbox 2883 4827 2976 4883; x_wconf 91' lang='lat' dir='ltr'><strong>sed</strong></span> <span class='ocrx_word' id='word_1_787' title='bbox 3017 4835 3197 4881; x_wconf 88' lang='lat' dir='ltr'><strong>tamen</strong></span> 
     </span>
    </p>
   </div>
   <div class='ocr_carea' id='block_1_118' title="bbox 1634 4899 3198 4968">
    <p class='ocr_par' dir='ltr' id='par_1_118' title="bbox 1634 4899 3198 4968">
     <span class='ocr_line' id='line_1_121' title="bbox 1634 4899 3198 4968; baseline -0.001 -15"><span class='ocrx_word' id='word_1_788' title='bbox 1634 4915 1699 4953; x_wconf 81' lang='lat' dir='ltr'><strong>ex</strong></span> <span class='ocrx_word' id='word_1_789' title='bbox 1727 4899 2030 4953; x_wconf 88' lang='lat' dir='ltr'><strong>canonibus</strong></span> <span class='ocrx_word' id='word_1_790' title='bbox 2065 4899 2289 4953; x_wconf 84' lang='lat' dir='ltr'><strong>Patrum</strong></span> <span class='ocrx_word' id='word_1_791' title='bbox 2334 4913 2508 4952; x_wconf 91' lang='lat' dir='ltr'><strong>annos</strong></span> <span class='ocrx_word' id='word_1_792' title='bbox 2537 4908 2739 4968; x_wconf 89' lang='lat' dir='ltr'><strong>septem</strong></span> <span class='ocrx_word' id='word_1_793' title='bbox 2771 4899 3047 4961; x_wconf 88' lang='lat' dir='ltr'><strong>decernit,</strong></span> <span class='ocrx_word' id='word_1_794' title='bbox 3092 4913 3198 4952; x_wconf 90' lang='lat' dir='ltr'><strong>non</strong></span> 
     </span>
    </p>
   </div>
   <div class='ocr_carea' id='block_1_119' title="bbox 1634 4969 3198 5039">
    <p class='ocr_par' dir='ltr' id='par_1_119' title="bbox 1634 4969 3198 5039">
     <span class='ocr_line' id='line_1_122' title="bbox 1634 4969 3198 5039; baseline -0.001 -17"><span class='ocrx_word' id='word_1_795' title='bbox 1634 4970 1984 5039; x_wconf 88' lang='lat' dir='ltr'><strong>quindecim,</strong></span> <span class='ocrx_word' id='word_1_796' title='bbox 2016 4978 2074 5022; x_wconf 90' lang='lat' dir='ltr'><strong>ut</strong></span> <span class='ocrx_word' id='word_1_797' title='bbox 2099 4971 2152 5022; x_wconf 91' lang='lat' dir='ltr'><strong>in</strong></span> <span class='ocrx_word' id='word_1_798' title='bbox 2196 4969 2468 5023; x_wconf 89' lang='lat' dir='ltr'><strong>adulterio</strong></span> <span class='ocrx_word' id='word_1_799' title='bbox 2498 4983 2620 5021; x_wconf 91' lang='lat' dir='ltr'><strong>cum</strong></span> <span class='ocrx_word' id='word_1_800' title='bbox 2655 4969 2830 5022; x_wconf 89' lang='lat' dir='ltr'><strong>aliena</strong></span> <span class='ocrx_word' id='word_1_801' title='bbox 2863 4983 3032 5039; x_wconf 83' lang='lat' dir='ltr'><strong>uxore</strong></span> <span class='ocrx_word' id='word_1_802' title='bbox 3052 4983 3198 5021; x_wconf 85' lang='lat' dir='ltr'><strong>eom-</strong></span> 
     </span>
    </p>
   </div>
   <div class='ocr_carea' id='block_1_120' title="bbox 1635 5038 3198 5108">
    <p class='ocr_par' dir='ltr' id='par_1_120' title="bbox 1635 5038 3198 5108">
     <span class='ocr_line' id='line_1_123' title="bbox 1635 5038 3198 5108; baseline 0 -16"><span class='ocrx_word' id='word_1_803' title='bbox 1635 5038 1826 5094; x_wconf 89' lang='lat' dir='ltr'><strong>misso.</strong></span> <span class='ocrx_word' id='word_1_804' title='bbox 1865 5039 2063 5093; x_wconf 86' lang='lat' dir='ltr'><strong>Secum</strong></span> <span class='ocrx_word' id='word_1_805' title='bbox 2109 5055 2238 5108; x_wconf 87' lang='lat' dir='ltr'><strong>ergo</strong></span> <span class='ocrx_word' id='word_1_806' title='bbox 2284 5055 2391 5093; x_wconf 92' lang='lat' dir='ltr'><strong>non</strong></span> <span class='ocrx_word' id='word_1_807' title='bbox 2435 5045 2633 5108; x_wconf 83' lang='lat' dir='ltr'><strong>pugnat</strong></span> <span class='ocrx_word' id='word_1_808' title='bbox 2670 5055 2794 5092; x_wconf 91' lang='lat' dir='ltr'><strong>cum</strong></span> <span class='ocrx_word' id='word_1_809' title='bbox 2852 5038 3198 5092; x_wconf 80' lang='lat' dir='ltr'><strong>fornicationi</strong></span> 
     </span>
    </p>
   </div>
   <div class='ocr_carea' id='block_1_121' title="bbox 1633 5109 3198 5179">
    <p class='ocr_par' dir='ltr' id='par_1_121' title="bbox 1633 5109 3198 5179">
     <span class='ocr_line' id='line_1_124' title="bbox 1633 5109 3198 5179; baseline -0.001 -15"><span class='ocrx_word' id='word_1_810' title='bbox 1633 5126 1782 5164; x_wconf 90' lang='lat' dir='ltr'><strong>nunc</strong></span> <span class='ocrx_word' id='word_1_811' title='bbox 1814 5125 1986 5164; x_wconf 91' lang='lat' dir='ltr'><strong>annos</strong></span> <span class='ocrx_word' id='word_1_812' title='bbox 2008 5118 2265 5179; x_wconf 88' lang='lat' dir='ltr'><strong>quatuor,</strong></span> <span class='ocrx_word' id='word_1_813' title='bbox 2300 5126 2446 5162; x_wconf 87' lang='lat' dir='ltr'><strong>nunc</strong></span> <span class='ocrx_word' id='word_1_814' title='bbox 2478 5118 2684 5177; x_wconf 87' lang='lat' dir='ltr'><strong>septem</strong></span> <span class='ocrx_word' id='word_1_815' title='bbox 2712 5147 2727 5179; x_wconf 83' lang='lat'><strong>,</strong></span> <span class='ocrx_word' id='word_1_816' title='bbox 2759 5109 3028 5163; x_wconf 88' lang='lat' dir='ltr'><strong>adulterio</strong></span> <span class='ocrx_word' id='word_1_817' title='bbox 3055 5125 3198 5162; x_wconf 91' lang='lat' dir='ltr'><strong>nunc</strong></span> 
     </span>
    </p>
   </div>
   <div class='ocr_carea' id='block_1_122' title="bbox 1632 5178 3196 5250">
    <p class='ocr_par' dir='ltr' id='par_1_122' title="bbox 1632 5178 3196 5250">
     <span class='ocr_line' id='line_1_125' title="bbox 1632 5178 3196 5250; baseline -0.003 -15"><span class='ocrx_word' id='word_1_818' title='bbox 1632 5189 1876 5250; x_wconf 80' lang='lat' dir='ltr'><strong>septem,</strong></span> <span class='ocrx_word' id='word_1_819' title='bbox 1910 5178 2055 5234; x_wconf 84' lang='lat' dir='ltr'><strong>nunc</strong></span> <span class='ocrx_word' id='word_1_820' title='bbox 2104 5181 2416 5250; x_wconf 88' lang='lat' dir='ltr'><strong>quindecim</strong></span> <span class='ocrx_word' id='word_1_821' title='bbox 2447 5179 2657 5232; x_wconf 77' lang='lat' dir='ltr'><strong>indicit.</strong></span> <span class='ocrx_word' id='word_1_822' title='bbox 2690 5178 2944 5233; x_wconf 86' lang='lat' dir='ltr'><strong>Eamdem</strong></span> <span class='ocrx_word' id='word_1_823' title='bbox 2976 5179 3029 5231; x_wconf 92' lang='lat' dir='ltr'><strong>in</strong></span> <span class='ocrx_word' id='word_1_824' title='bbox 3077 5196 3196 5233; x_wconf 62' lang='lat' dir='ltr'><strong>seno</strong></span> 
     </span>
    </p>
   </div>
   <div class='ocr_carea' id='block_1_123' title="bbox 1633 5250 3200 5319">
    <p class='ocr_par' dir='ltr' id='par_1_123' title="bbox 1633 5250 3200 5319">
     <span class='ocr_line' id='line_1_126' title="bbox 1633 5250 3200 5319; baseline 0 -17"><span class='ocrx_word' id='word_1_825' title='bbox 1633 5252 1859 5305; x_wconf 88' lang='lat' dir='ltr'><strong>tentiam</strong></span> <span class='ocrx_word' id='word_1_826' title='bbox 1889 5251 2101 5304; x_wconf 87' lang='lat' dir='ltr'><strong>videtur</strong></span> <span class='ocrx_word' id='word_1_827' title='bbox 2125 5250 2677 5319; x_wconf 15' lang='lat' dir='ltr'><strong>accipiendusieanon</strong></span> <span class='ocrx_word' id='word_1_828' title='bbox 2701 5259 2930 5318; x_wconf 88' lang='lat' dir='ltr'><strong>quartus</strong></span> <span class='ocrx_word' id='word_1_829' title='bbox 2960 5251 3200 5317; x_wconf 79' lang='lat' dir='ltr'><strong>epistola:</strong></span> 
     </span>
    </p>
   </div>
   <div class='ocr_carea' id='block_1_124' title="bbox 1636 5318 3199 5391">
    <p class='ocr_par' dir='ltr' id='par_1_124' title="bbox 1636 5318 3199 5391">
     <span class='ocr_line' id='line_1_127' title="bbox 1636 5318 3199 5391; baseline -0.002 -17"><span class='ocrx_word' id='word_1_830' title='bbox 1636 5319 1823 5375; x_wconf 90' lang='lat' dir='ltr'><strong>Sancti</strong></span> <span class='ocrx_word' id='word_1_831' title='bbox 1852 5321 2095 5390; x_wconf 85' lang='lat' dir='ltr'><strong>Gregorii</strong></span> <span class='ocrx_word' id='word_1_832' title='bbox 2119 5318 2351 5391; x_wconf 63' lang='lat' dir='ltr'><strong>Ny&#39;sseiii</strong></span> <span class='ocrx_word' id='word_1_833' title='bbox 2384 5319 2450 5372; x_wconf 87' lang='lat' dir='ltr'><strong>ad</strong></span> <span class='ocrx_word' id='word_1_834' title='bbox 2479 5318 2746 5391; x_wconf 80' lang='lat' dir='ltr'><strong>Letoium.</strong></span> <span class='ocrx_word' id='word_1_835' title='bbox 2765 5319 2908 5391; x_wconf 80' lang='lat' dir='ltr'><strong>Nam</strong></span> <span class='ocrx_word' id='word_1_836' title='bbox 2936 5337 3057 5374; x_wconf 89' lang='lat' dir='ltr'><strong>cum</strong></span> <span class='ocrx_word' id='word_1_837' title='bbox 3094 5321 3199 5371; x_wconf 48' lang='lat' dir='ltr'><strong>for:</strong></span> 
     </span>
    </p>
   </div>
   <div class='ocr_carea' id='block_1_125' title="bbox 1634 5389 3198 5452">
    <p class='ocr_par' dir='ltr' id='par_1_125' title="bbox 1634 5389 3198 5452">
     <span class='ocr_line' id='line_1_128' title="bbox 1634 5389 3198 5452; baseline -0.006 -6"><span class='ocrx_word' id='word_1_838' title='bbox 1634 5392 1897 5446; x_wconf 87' lang='lat' dir='ltr'><strong>nicationi</strong></span> <span class='ocrx_word' id='word_1_839' title='bbox 1951 5389 2398 5452; x_wconf 52' lang='lat' dir='ltr'><strong>novem&#39;annos,</strong></span> <span class='ocrx_word' id='word_1_840' title='bbox 2438 5389 2709 5443; x_wconf 88' lang='lat' dir='ltr'><strong>adulterio</strong></span> <span class='ocrx_word' id='word_1_841' title='bbox 2743 5390 2930 5443; x_wconf 71' lang='grc' dir='ltr'>ἀειθιιι</span> <span class='ocrx_word' id='word_1_842' title='bbox 2975 5398 3029 5444; x_wconf 87' lang='lat' dir='ltr'><strong>et</strong></span> <span class='ocrx_word' id='word_1_843' title='bbox 3076 5401 3198 5442; x_wconf 61' lang='grc' dir='ltr'>θυι..</span> 
     </span>
    </p>
   </div>
   <div class='ocr_carea' id='block_1_126' title="bbox 1633 5460 3196 5532">
    <p class='ocr_par' dir='ltr' id='par_1_126' title="bbox 1633 5460 3196 5532">
     <span class='ocr_line' id='line_1_129' title="bbox 1633 5460 3196 5532; baseline -0.004 -16"><span class='ocrx_word' id='word_1_844' title='bbox 1633 5463 1900 5532; x_wconf 90' lang='lat' dir='ltr'><strong>imponit,</strong></span> <span class='ocrx_word' id='word_1_845' title='bbox 1928 5463 2145 5531; x_wconf 82' lang='lat' dir='ltr'><strong>gravior</strong></span> <span class='ocrx_word' id='word_1_846' title='bbox 2186 5461 2275 5532; x_wconf 91' lang='lat' dir='ltr'><strong>illa</strong></span> <span class='ocrx_word' id='word_1_847' title='bbox 2308 5461 2654 5532; x_wconf 84' lang='lat' dir='ltr'><strong>intelligenda</strong></span> <span class='ocrx_word' id='word_1_848' title='bbox 2701 5460 3014 5532; x_wconf 79' lang='lat' dir='ltr'><strong>fornicatio,</strong></span> <span class='ocrx_word' id='word_1_849' title='bbox 3037 5475 3196 5528; x_wconf 87' lang='lat' dir='ltr'><strong>quam</strong></span> 
     </span>
    </p>
   </div>
   <div class='ocr_carea' id='block_1_127' title="bbox 1631 5530 3197 5604">
    <p class='ocr_par' dir='ltr' id='par_1_127' title="bbox 1631 5530 3197 5604">
     <span class='ocr_line' id='line_1_130' title="bbox 1631 5530 3197 5604; baseline -0.001 -20"><span class='ocrx_word' id='word_1_850' title='bbox 1631 5530 1962 5604; x_wconf 81' lang='lat' dir='ltr'><strong>conjngatus</strong></span> <span class='ocrx_word' id='word_1_851' title='bbox 1994 5547 2118 5604; x_wconf 91' lang='lat' dir='ltr'><strong>cum</strong></span> <span class='ocrx_word' id='word_1_852' title='bbox 2153 5531 2338 5604; x_wconf 7' lang='lat' dir='ltr'><strong>soluta,</strong></span> <span class='ocrx_word' id='word_1_853' title='bbox 2354 5530 2665 5604; x_wconf 80' lang='lat' dir='ltr'><strong>committit.</strong></span> <span class='ocrx_word' id='word_1_854' title='bbox 2701 5530 2838 5583; x_wconf 88' lang='lat' dir='ltr'><strong>llinc</strong></span> <span class='ocrx_word' id='word_1_855' title='bbox 2864 5532 3197 5604; x_wconf 79' lang='lat' dir='ltr'><strong>illamadnl-</strong></span> 
     </span>
    </p>
   </div>
   <div class='ocr_carea' id='block_1_128' title="bbox 1631 5601 3198 5670">
    <p class='ocr_par' dir='ltr' id='par_1_128' title="bbox 1631 5601 3198 5670">
     <span class='ocr_line' id='line_1_131' title="bbox 1631 5601 3198 5670; baseline -0.001 -16"><span class='ocrx_word' id='word_1_856' title='bbox 1631 5601 1827 5657; x_wconf 75' lang='lat' dir='ltr'><strong>terinni</strong></span> <span class='ocrx_word' id='word_1_857' title='bbox 1864 5603 2034 5657; x_wconf 87' lang='lat' dir='ltr'><strong>videri</strong></span> <span class='ocrx_word' id='word_1_858' title='bbox 2063 5603 2263 5655; x_wconf 88' lang='lat' dir='ltr'><strong>fatetur</strong></span> <span class='ocrx_word' id='word_1_859' title='bbox 2293 5602 2376 5654; x_wconf 85' lang='lat' dir='ltr'><strong>liis</strong></span> <span class='ocrx_word' id='word_1_860' title='bbox 2400 5601 2491 5670; x_wconf 89' lang='lat' dir='ltr'><strong>qui</strong></span> <span class='ocrx_word' id='word_1_861' title='bbox 2523 5603 2839 5654; x_wconf 70' lang='lat' dir='ltr'><strong>accuratius</strong></span> <span class='ocrx_word' id='word_1_862' title='bbox 2863 5601 3198 5655; x_wconf 77' lang='lat' dir='ltr'><strong>examinant.</strong></span> 
     </span>
    </p>
   </div>
   <div class='ocr_carea' id='block_1_129' title="bbox 1703 5671 3199 5741">
    <p class='ocr_par' dir='ltr' id='par_1_129' title="bbox 1703 5671 3199 5741">
     <span class='ocr_line' id='line_1_132' title="bbox 1703 5671 3199 5741; baseline -0.003 -15"><span class='ocrx_word' id='word_1_863' title='bbox 1703 5675 1814 5741; x_wconf 77' lang='lat'><strong>(17)</strong></span> <span class='ocrx_word' id='word_1_864' title='bbox 1864 5673 1974 5740; x_wconf 80' lang='grc' dir='ltr'><strong>Τῆς</strong></span> <span class='ocrx_word' id='word_1_865' title='bbox 2009 5673 2298 5741; x_wconf 76' lang='grc' dir='ltr'>μοιχείας.</span> <span class='ocrx_word' id='word_1_866' title='bbox 2356 5671 2488 5741; x_wconf 50' lang='lat' dir='ltr'><strong>Hice</strong></span> <span class='ocrx_word' id='word_1_867' title='bbox 2531 5683 2896 5724; x_wconf 80' lang='lat' dir='ltr'><strong>consentanea</strong></span> <span class='ocrx_word' id='word_1_868' title='bbox 2947 5681 3074 5726; x_wconf 79' lang='lat' dir='ltr'><strong>sunt.</strong></span> <span class='ocrx_word' id='word_1_869' title='bbox 3105 5688 3199 5722; x_wconf 71' lang='lat' dir='ltr'><strong>ia-</strong></span> 
     </span>
    </p>
   </div>
   <div class='ocr_carea' id='block_1_130' title="bbox 1631 5740 3201 5812">
    <p class='ocr_par' dir='ltr' id='par_1_130' title="bbox 1631 5740 3201 5812">
     <span class='ocr_line' id='line_1_133' title="bbox 1631 5740 3201 5812; baseline -0.002 -13"><span class='ocrx_word' id='word_1_870' title='bbox 1631 5740 1757 5799; x_wconf 86' lang='lat' dir='ltr'><strong>noni</strong></span> <span class='ocrx_word' id='word_1_871' title='bbox 1815 5747 1898 5807; x_wconf 77' lang='lat' dir='ltr'><strong>I8,</strong></span> <span class='ocrx_word' id='word_1_872' title='bbox 1934 5748 1986 5798; x_wconf 88' lang='lat' dir='ltr'><strong>in</strong></span> <span class='ocrx_word' id='word_1_873' title='bbox 2013 5740 2144 5812; x_wconf 84' lang='lat' dir='ltr'><strong>quo</strong></span> <span class='ocrx_word' id='word_1_874' title='bbox 2191 5744 2434 5799; x_wconf 85' lang='lat' dir='ltr'><strong>decernit</strong></span> <span class='ocrx_word' id='word_1_875' title='bbox 2477 5740 2710 5798; x_wconf 82' lang='lat' dir='ltr'><strong>Basilius</strong></span> <span class='ocrx_word' id='word_1_876' title='bbox 2746 5742 3050 5798; x_wconf 84' lang='lat' dir='ltr'><strong>adulteram</strong></span> <span class='ocrx_word' id='word_1_877' title='bbox 3080 5757 3201 5798; x_wconf 75' lang='lat' dir='ltr'><strong>esse</strong></span> 
     </span>
    </p>
   </div>
  </div>
