3754 6494
82 329 154 382 $05
852 319 1334 378 EPISTOLARUM
1377 321 1661 376 CLASSIS
1699 322 1759 376 Il.
1795 323 2009 378 EPIST.
2054 325 2304 383 CCXVII.

3103 325 3207 380 806

81 435 279 507 κατὰτὴν
311 433 396 489 τοῦ
439 434 638 506 Κυρίου
682 431 982 503 ἀπόφασιν,
1029 435 1109 506 τῷ
1151 438 1250 508 τῆς
1299 438 1542 509 μοιχείας

1689 453 1718 490 a
1771 441 2019 494 adulterii
2059 441 2350 510 subjicitur
2380 443 2608 511 judicio.
2656 441 2760 496 Sed
2821 448 3082 496 statutum
3115 431 3202 493 es‘

82 531 292 584 ὑπόκειται
320 523 550 596 κρίματι.
590 525 975 579 Κεκανόνισται
1019 525 1074 580 δὲ
1104 527 1257 598 παρὰ
1293 530 1403 582 τῶν
1441 530 1543 582 Πα-

82 625 199 690 τέρων
233 615 367 686 ἡμῶν
404 617 522 678 τοὺς
559 615 829 680 τοιούτους
871 617 1118 672 ἐνιαυτὸν
1170 620 1539 692 προσκλαίειν,

77 711 220 764 διετίαν
252 705 634 776 ἐπακροᾶσθαι,
674 708 916 777 τριετίαν
967 701 1322 764 ὑποπίπτειν·
1371 711 1448 781 τῷ
1488 711 1543 764 δὲ

78 801 230 868 ἑϐδόμῳ
275 796 604 850 συνίστασθαι
652 801 764 861 τοῖς
819 803 1060 864 πιστοῖςο
1108 801 1200 854 καὶ
1249 802 1392 855 οὕτω
1447 801 1543 871 τῆς

80 893 314 960 προσφορᾶς
349 889 741 956 καταξιοῦσθαι,
789 894 886 948 ἐὰν
925 893 1062 965 μετὰ
1103 895 1350 968 δακρύων
1383 914 1536 966 μετα-

78 984 297 1052 νοήσωσιν.

123 1077 217 1128 OH'.
253 1075 304 1128 '0
324 1075 375 1127 δὲ
398 1074 554 1139 αὐτὸς
581 1078 753 1142 τύπος
781 1080 1054 1149 κρατείτω
1067 1080 1160 1133 καὶ
1187 1082 1278 1134 ὲπὶ
1310 1080 1418 1134 τῶν
1446 1081 1544 1145 τὰς

77 1169 137 1220 δύο
177 1166 375 1235 ἀδελφὰς
419 1166 795 1237 λαμϐανόντων
845 1171 925 1232 είς
981 1171 1308 1224 συνοικέσιον
1357 1175 1405 1225 εί
1452 1173 1545 1226 καὶ

78 1259 171 1311 κατᾶ
193 1258 448 1328 διαφόρους
475 1259 720 1328 χρόνους.

120 1350 205 1404 ΟΘ.
239 1352 291 1403 υί
316 1350 368 1402 δὲ
404 1352 521 1414 ταῖς
552 1353 840 1422 μητρυιαῖς
865 1355 985 1416 ταῖς
1025 1353 1230 1406 ἑαυτῶν
1269 1357 1547 1424 ἐπιμαινό-

78 1459 177 1512 μενοι
198 1441 264 1510 τῷ
285 1441 422 1512 αὐτῷ
447 1443 759 1496 ὑπόκεινται
783 1444 984 1504 κανόνι,
1015 1438 1058 1512 ᾧ
1087 1445 1181 1499 καὶ
1209 1447 1256 1498 οἱ
1277 1449 1397 1509 ταῖς
1421 1447 1547 1500 ἑαυ-

76 1532 145 1584 τῶν
163 1532 380 1601 ἀδελφαῖς
401 1533 510 1603 (50)
541 1535 972 1605 ὲπιμαινόμενοι.

109 1625 256 1696 Π’.Τὴν
269 1625 319 1677 δὲ
337 1614 665 1696 πολυγαμίαν
676 1627 860 1697 (ὅθ’)οἱ
877 1627 1114 1700 Πατέρες
1134 1628 1554 1700 ἀπεσιώπησανέ,

74 1717 121 1779 ὡς
152 1716 388 1786 πηνιῦδη,
433 1718 526 1771 καὶ
581 1717 859 1781 παντελῶς
903 1718 1185 1790 ἀλλοτρίαν
1223 1718 1317 1772 τοῦ
1361 1719 1546 1788 γένους

1646 527 1866 583 Patrum
1914 541 2224 585 nostrorum
2258 534 2596 599 canonibus,
2627 542 2686 587 ut
2743 534 2781 586 ii
2813 548 2958 586 anno
3005 531 3168 583 ﬂeant
3190 571 3204 593 ν

1643 620 1866 675 biennio
1899 623 2164 689 audiant,
2207 626 2441 680 triennio
2485 627 2927 691 substernan‘....,
2971 625 3206 694 septimo

1643 714 1946 767 consistant
1970 729 2093 768 cum
2131 715 2400 780 ﬁdelibus,
2433 725 2486 771 et
2517 718 2590 770 ita
2618 718 2891 770 oblatione
2923 717 3073 786 digni
3108 716 3204 768 ha-

1643 802 1896 867 beantur,
1935 806 1980 860 si
2005 821 2128 860 cum
2161 807 2415 877 lacrymis
2438 807 2811 875 paenitentiam
2836 809 3064 877 egerint.

1679 1067 1686 1076 ’
1717 1081 1996 1138 LXXVIII.
2033 1083 2228 1140 Eadem
2262 1093 2440 1139 autem
2489 1085 2660 1139 forma
2710 1087 3029 1140 observetur
3069 1095 3123 1138 et
3153 1087 3208 1141 in

1644 1187 1740 1228 eos
1763 1175 1855 1242 qui
1890 1187 2106 1228 sorores
2143 1173 2282 1230 duas
2312 1175 2366 1228 in
2392 1176 2797 1230 matrimonium
2826 1175 3068 1237 ducunt,
3104 1177 3208 1232 etsi

1643 1265 1880 1320 diversis
1911 1265 2266 1333 temporibus.

1718 1352 1952 1407 LXXIX.
2005 1352 2108 1418 Qui
2141 1362 2320 1408 autem
2349 1355 2400 1408 in
2438 1370 2568 1410 suas
2594 1371 2859 1412 novercas
2891 1357 3208 1420 insaniunt,

1647 1456 1774 1496 sunt
1821 1444 1994 1497 eidem
2028 1446 2225 1498 canoui
2270 1446 2534 1510 obnoxii,
2567 1448 2653 1501 cui
2697 1457 2749 1502 et
2815 1447 2886 1510 ii,
2920 1450 3012 1518 qui
3063 1451 3211 1504 iusa-

1645 1533 1806 1586 niunt
1841 1532 1894 1585 in
1929 1548 2060 1588 suas
2093 1548 2332 1590 sorores.

1721 1621 1930 1676 LXXX.
1987 1622 2352 1694 Polygamiam
2405 1625 2595 1682 Patres
2645 1626 2863 1680 silentio
2917 1626 3215 1696 prmtermi-

1649 1730 1771 1770 sere
1792 1755 1808 1781 ,
1839 1727 1896 1769 ut
1938 1716 2233 1770 helluinam
2257 1758 2272 1784 ,
2306 1733 2641 1788 prorsusque
2693 1719 2761 1772 ab
2814 1719 3090 1772 hominum
3123 1735 3211 1788 ge-

72 1806 142 1857 τῶν
162 1785 440 1876 ἀνθρώπων.
479 1807 640 1878 Ἡμῖν
673 1808 729 1860 δὲ
768 1785 1100 1878 παρίσταται
1130 1809 1294 1862 πλέον
1322 1785 1383 1861 τί
1417 1827 1548 1880 πορ-

1687 1823 1779 1861 ere
1831 1807 2082 1861 alienam.
2133 1805 2208 1860 Ea
2251 1811 2621 1864 autemnobis
2661 1809 2878 1862 videtur
2929 1817 3211 1878 peccatum

71 1898 171 1959 νείας
190 1892 305 1950 εἶναι
337 1899 392 1950 τὸ
419 1899 633 1970 ἁμάρτῃ
645 1915 739 1969 μα.
766 1899 856 1952 Διὸ
887 1897 1104 1968 εὔλογον
1131 1901 1256 1962 τοὺς
1277 1899 1559 1960 τοιούτους

72 1989 380 2044 ὑποϐάλλεσθαι
411 1994 522 2054 τοῖς
550 1991 770 2044 κανόσιο
807 1991 1050 2063 δηλονότι
1095 1993 1339 2046 ἐνιαυτὸν
1380 2009 1547 2064 προσ-

71 2081 353 2145 κλαύσαντας,
387 2083 480 2134 καὶ
526 2082 585 2134 ὲν
638 2083 813 2153 τρισὶν
861 2084 1250 2147 ὑποπεσόντας,
1277 2083 1418 2137 οὕτω
1462 2083 1548 2136 δε-

72 2174 182 2234 κτοϋς
205 2167 324 2225 εἶναι
344 2171 472 2241 (5|).

116 2263 190 2314 [Μ’
227 2263 418 2333 Ἐπειδὴ
449 2264 505 2316 δὲ
537 2263 724 2317 πολλοὶ
752 2265 808 2316 ἐν
832 2267 900 2335 τῇ
925 2264 1032 2317 τῶν
1062 2265 1346 2337 βαρϐάρων
1381 2283 1549 2319 κατα-

68 2354 188 2423 δφμῇ
211 2355 505 2425 παρέὁησαν
549 2354 649 2426 τὴν
689 2357 768 2418 είς
802 2354 933 2408 Θεὸν
972 2355 1172 2414 πίστιν,
1202 2355 1396 2425 ὅρκους
1420 2354 1554 2407 ὲθνι-

66 2446 154 2505 xv);
185 2445 596 2508 ἐπιτελέσαντες,
644 2447 736 2498 καὶ
783 2445 1053 2516 ἀθεμίτων
1092 2445 1252 2498 τινῶν
1284 2445 1554 2515 γευσάμε-

65 2551 132 2592 vet,
159 2533 246 2585 τῶν
285 2535 338 2586 ὲν
369 2535 478 2596 τοῖς
517 2531 757 2595 εἰδώλοις
790 2531 902 2600 (52)
945 2535 1055 2595 τοῖς
1094 2533 1347 2601 μαγικοῖς
1389 2546 1553 2600 προσ-

65 2623 314 2700 ενεχθέντων
345 2625 547 2688 αὐτοῖς,
579 2618 725 2676 οὗτοι
774 2622 914 2676 κατὰ
961 2623 1086 2685 τοὺς
1115 2622 1212 2694 ἤδη
1264 2621 1413 2691 παρά
1444 2621 1553 2674 τῶν

65 2716 256 2785 Πατέρων
281 2716 427 2787 ἡμῶν
465 2718 576 2785 (55)
611 2713 985 2785 ἐξενεχθέντας
1020 2714 1245 2776 κανόνας
1278 2712 1386 2782 (54)
1421 2714 1555 2765 οἶκοι

63 2806 378 2874 νομείσθωσαν.
403 2809 464 2862 Οἱ
501 2809 602 2878 μὲν
625 2807 732 2877 γὰρ
762 2807 1006 2875 ἀνάγκην
1036 2804 1273 2875 χαλεπὴν
1297 2807 1359 2856 ἐκ
1387 2803 1551 2874 βασά-

62 2917 133 2949 νων
158 2900 552 2970 ὑπομείναντες,
608 2900 702 2952 καὶ
748 2897 820 2968 μὴ
857 2897 1112 2968 φέροντες
1159 2897 1284 2959 τοὺς
1329 2896 1551 2958 πόνους,

62 2992 124 3040 καὶ
147 2990 460 3054 ἐλκυσθέντες
494 2989 636 3061 πρὸς
664 2990 760 3062 τὴν
795 2989 1040 3059 ἄρνησιν.
1071 2991 1127 3040 ὲν
1165 2989 1357 3058 τρισὶν·
1383 2987 1552 3040 ἔτεσιν

1650 1914 1773 1952 esse
1803 1897 2166 1952 fornicatione
2195 1899 2394 1967 majus.
2419 1898 2760 1970 Quapropter
2789 1908 3211 1953 consentaneum

1649 1997 1732 2044 est
1763 2005 1860 2044 eos
1905 1989 2104 2056 subjici
2169 1991 2507 2052 canonihus,
2555 1997 2612 2044 ut
2666 1991 2873 2044 scilicet
2923 1999 3211 2058 postquam

1650 2095 1794 2135 anno
1827 2081 2093 2145 ﬂeverint,
2112 2089 2166 2136 et
2190 2081 2367 2137 tribus
2392 2083 2655 2138 substrati
2679 2083 2915 2145 fuerint,
2941 2083 3019 2136 sic
3047 2084 3216 2136 susci-

1688 2173 1887 2225 iantur.

1690 2189 1887 2225 Iﬂﬂllll‘.

1649 2189 1684 2243 Ρ
1721 2257 1956 2313 LXXXI.
2017 2259 2282 2326 Quoniam
2336 2269 2515 2315 autem
2567 2262 2719 2314 multi
2769 2263 2822 2316 in
2863 2263 3248 2316 barbarorum.

1651 2348 1968 2404 incursione
2018 2351 2176 2406 ﬁdem
2215 2353 2266 2405 in
2320 2351 2488 2405 Deum
2523 2353 2837 2415 violarunt,
2875 2362 3215 2406 sacramenta

1651 2443 1872 2510 gentilia
1911 2444 2163 2510 jurantes
2187 2483 2201 2504 ,
2235 2451 2289 2497 et
2328 2444 2560 2497 nefanda
2600 2444 2847 2513 qua'dam
2898 2453 3214 2512 gustantes,

1651 2549 1771 2602 quae
1825 2535 1960 2603 ipsis
2009 2535 2060 2587 in
2109 2535 2335 2604 magicis
2385 2535 2654 2588 idolorum
2712 2536 2926 2604 templis
2971 2535 3216 2604 apposita

1653 2626 1838 2692 fuere,
1877 2628 1913 2680 ii
1955 2627 2252 2681 secundum
2275 2643 2516 2681 canones
2536 2628 2644 2695 jam
2671 2642 2701 2680 a
2733 2628 2983 2681 l’atrihus
3015 2628 3217 2681 nostris

1651 2719 1830 2773 editos
1863 2721 2276 2788 dispensentur.
2314 2718 2446 2772 Nam
2477 2720 2566 2788 qui
2599 2720 2702 2772 vim
2734 2735 2952 2788 gravem
2987 2735 3080 2789 per
3105 2728 3218 2772 tor-

1653 2818 1832 2864 menta
1873 2811 2188 2865 sustinuere
2211 2849 2226 2873 ,
2257 2826 2357 2863 nec
2409 2809 2646 2864 terentes
2678 2808 2891 2862 labores
2913 2849 2926 2871 ,
2961 2810 3025 2861 ad
3056 2824 3218 2878 nega~

1653 2901 1856 2954 tionem
1891 2903 2049 2954 tracti
2101 2909 2229 2955 sunt
2254 2943 2268 2966 ,
2302 2900 2480 2954 tribus
2510 2901 2670 2953 annis
2703 2916 2809 2953 non
2858 2901 3216 2968 recipiantur,

1652 3001 1705 3046 et
1726 2993 1956 3065 ‘duobus
2009 2992 2268 3055 audiant,
2303 3000 2357 3046 et
2406 2991 2498 3044 ubi
2530 2992 2690 3046 annis
2736 2993 2912 3045 tribus
2957 2992 3215 3046 substrati

60 3082 254 3145 ἁδέκτους
279 3080 432 3149 εἶναι,
460 3086 560 3140 καὶ⁵
591 3085 650 3136 ὲν
677 3084 826 3136 δυσὶν
864 3080 1165 3152 ἀκροᾶσθαι
1186 3097 1198 3109 °
1232 3081 1324 3133 καὶ
1360 3083 1416 3132 ἐν
1443 3098 1551 3152 τρι-

1686 3084 1890 3149 uerint,
1938 3084 2018 3137 sic
2067 3085 2133 3138 ad
2185 3086 2628 3138 communionem
2682 3085 3056 3141 admittuntur.
3113 3086 3215 3152 Qui

61 3169 117 3219 civ
158 3172 520 3237 ὑποπεσόντας,
575 3172 718 3226 οὕτω
770 3171 990 3234 δεκτοὺς
1031 3169 1283 3239 γενέσθαι
1339 3172 1417 3234 είς
1459 3173 1556 3242 τὴν

60 3264 304 3316 κοινωνίαν·
347 3268 393 3319 oi
439 3267 494 3319 δὲ
540 3265 670 3320 ἄνευ
707 3263 950 3334 ἀνάγκης
997 3262 1234 3333 μεγάλης
1274 3263 1557 3334 προδόντες

59 3351 123 3420 τὴν
143 3355 204 3417 εἰς
227 3356 346 3410 Θεὸν
375 3358 582 3417 πίστιν,
606 3357 700 3408 καὶ
729 3355 994 3424 ἁψάμενοι
1033 3355 1131 3423 τῆς
1156 3355 1431 3424 τραπέζης
1450 3353 1556 3407 τῶν

58 3441 301 3512 δαιμονέων,
340 3450 430 3501 καὶ
475 3449 778 3518 ὀμόσαντες
815 3447 1011 3517 ὅρκους
1051 3444 1411 3516 Ἑλληνικοὺς,
1452 3447 1557 3499 ὲκ-

59 3532 282 3590 omnem
321 3540 416 3609 μὲν
457 3540 516 3592 ὲν
562 3546 610 3606 γ’
641 3538 806 3602 ἔτεσι,
843 3537 939 3589 καὶ
971 3537 1028 3589 ὲν
1057 3535 1100 3606 β’
1134 3535 1464 3607 ἀκροᾶσθαιο
1496 3537 1556 3588 ἐν

107 3669 192 3736 (30)
221 3672 339 3738 Ταῖς
363 3672 596 3728 ἑαυτῶν
637 3671 948 3739 ἀδελφαῖς.
1004 3670 1179 3724 Prima
1221 3673 1398 3741 specie
1447 3688 1552 3726 non

61 3742 228 3792 omnino
256 3746 600 3811 perspicuum
636 3751 718 3795 est
748 3751 925 3795 utrqu
960 3756 1177 3796 sorores
1228 3758 1286 3795 ex
1307 3751 1555 3811 rutroqne

60 3819 226 3882 parente
248 3810 530 3884 intelligat,
549 3828 616 3865 an
642 3820 850 3865 tantum
879 3828 944 3866 ex
967 3812 1244 3884 alterutro.
1276 3810 1405 3864 Nam
1429 3828 1550 3865 cum

61 3891 94 3926 In
116 3894 290 3951 canone
319 3883 382 3938 79
412 3882 510 3938 eos
545 3883 636 3951 qui
669 3897 798 3936 suas
829 3898 998 3936 nurus
1029 3882 1302 3949 accipiunt
1331 3897 1434 3934 non
1469 3898 1553 3934 se-

59 3949 191 4003 verius
218 3955 412 4020 puniat,
457 3949 623 4022 quain
649 3953 736 4004 cui
783 3968 906 4004 cum
935 3967 1123 4006 sorore
1156 3967 1218 4003 ex
1268 3962 1440 4022 matre
1469 3951 1552 4004 vel

58 4030 100 4065 ei
121 4029 243 4082 patre
274 4039 380 4076 rem
414 4021 638 4085 habent,
669 4022 806 4076 forte
835 4022 1006 4075 videri
1048 4029 1231 4090 posset
1252 4021 1403 4090 fidem
1434 4028 1552 4074 sta-

59 4093 166 4160 tuere
186 4090 243 4144 de
275 4093 336 4146 iis
361 4094 452 4160 qui
508 4094 562 4145 in
593 4106 854 4146 novercas
898 4089 1199 4145 insaniunt.
1244 4089 1348 4144 Sed
1375 4103 1552 4144 tamen

60 4158 183 4235 multo
202 4158 526 4235 prohabilius
555 4169 640 4216 est
677 4162 920 4216 eamdem
956 4163 1060 4216 illis
1084 4175 1297 4231 pmnam
1328 4160 1550 4235 imponi.

60 4237 101 4271 at:
125 4231 176 4277 iis
195 4233 421 4300 quicum
456 4247 648 4286 sorore
670 4249 735 4286 ex
768 4240 996 4300 utroque
1041 4240 1260 4300 parente
1290 4231 1556 4298 contami‘

59 4306 222 4350 naulur.
251 4299 361 4356 Non
392 4305 538 4357 enim
568 4299 921 4356 distinctione
948 4299 1116 4355 utitur
1150 4299 1381 4354 Basilius
1412 4308 1467 4353 ut
1500 4301 1551 4354 in

58 4379 212 4445 ratione
235 4370 326 4434 75;
355 4387 457 4427 nec
507 4371 705 4425 tnirum
757 4372 1113 4445 si‘peccatnm
1158 4386 1284 4445 cum
1322 4385 1550 4445 noverca

57 4440 400 4553 priusquam
428 4457 558 4496 cum
581 4457 742 4500 nuru.
769 4440 850 4497 ob'
869 4442 1060 4495 factam
1101 4441 1239 4510 patri
1272 4440 1548 4509 injuriam,

73 4517 104 4551 ltt
127 4520 272 4553 iram-

55 4511 273 4564 judicavit.

105 4574 209 4635 (δυ’)
239 4580 348 4644 Τὴν
378 4579 447 4632 δὲ
505 4580 904 4650 πολυγαμίαν.
965 4579 1287 4650 Polygamize
1339 4580 1556 4634 nomine

58 4637 242 4700 lunaras
269 4637 319 4702 et
354 4650 646 4705 Balsamon
674 4637 794 4704 'non
845 4637 1149 4718 trigainiam
1197 4651 1556 4718 interpri-tan-

57 4721 132 4790 utr.
157 4718 236 4769 sed
275 4721 673 4789 tetragamiam.
707 4719 1032 4790 Trigamiam
1062 4721 1364 4774 canonibus
1395 4730 1447 4773 et
1480 4723 1557 4774 le-

55 4781 170 4859 tibus
199 4781 509 4855 permissam
539 4805 681 4855 esse,
717 4781 934 4844 vetitam
979 4797 1155 4844 autem
1185 4789 1554 4859 tetragamiam

55 4856 286 4927 testantur.
315 4861 467 4915 l'nde
489 4861 625 4914 nihil
661 4862 714 4914 in
734 4861 834 4914 hoc
856 4875 1063 4912 canone
1083 4860 1272 4915 durius
1296 4856 1388 4912 aut
1406 4862 1555 4927 justo

55 4926 244 4981 severius
266 4931 719 4985 animadvertunt.
750 4929 972 4984 Videtur
1004 4929 1142 4983 idem
1193 4926 1555 4985 sentire’Ari-

54 5002 216 5070 stenus,
243 5001 329 5067 qui
351 5000 734 5070 polygamiam,
769 5001 836 5054 de
864 5013 969 5070 qua
998 5000 1051 5052 in
1075 5000 1177 5070 hoc
1207 5014 1414 5054 canone
1440 5001 1554 5069 agi-

53 5066 130 5123 lur.
159 5066 321 5138 scelus
349 5066 606 5138 appellat.
641 5067 806 5124 Valde
841 5066 972 5123 mihi
1006 5069 1207 5124 arridet
1238 5070 1348 5123 hazc
1383 5066 1551 5122 inter-

55 5137 266 5210 putatio;
303 5137 586 5210 demitigat
620 5139 974 5210 enimﬂhujus
1024 5142 1249 5210 canonis
1292 5139 1554 5210 asperitas-

53 5205 146 5254 ιειη.
167 5203 259 5260 Sed
289 5219 468 5278 tamen
496 5203 714 5278 inagnis
752 5209 860 5264 illis
882 5203 1268 5278 interpretibus
1300 5203 1551 5262 assentiri

54 5282 129 5348 “(3"
161 5289 384 5342 possum.
413 5277 548 5349 Nam
576 5280 747 5347 ipsam
776 5277 1080 5349 trigamiain
1109 5279 1549 5349 polygamignu-

52 5352 158 5394 ltlllte
182 5352 342 5403 notari
363 5350 442 5403 ait
461 5347 694 5403 Basilius
717 5349 772 5402 in
791 5347 1002 5416 canone
1025 5348 1079 5411 4,
1108 5347 1332 5416 eamque
1349 5362 1413 5400 ex
1439 5347 1552 5416 lege

53 5416 252 5486 t‘unlrahi
280 5427 440 5486 negat
471 5419 524 5472 in
559 5433 766 5473 canone
796 5419 882 5472 50.
914 5409 1178 5472 Praeterea
1213 5409 1552 5470 animadver-

53 5483 560 5562 tciiauurest'Basilii
610 5492 968 5562 propositum.
1007 5487 1123 5562 cur
1157 5488 1300 5562 enim
1337 5489 1552 5562 polyga-

51 5556 202 5627 posin
233 5556 330 5627 hoc
357 5573 567 5612 canone
611 5556 944 5626 octagesimo
985 5556 1547 5627 suhjicitcauonihus,

49 5615 192 5696 idest
231 5626 364 5682 inter
397 5627 585 5683 ﬂentes
616 5615 990 5698 paenitentiam
1040 5615 1197 5698 agerc
1237 5628 1408 5698 jubet,
1445 5615 1549 5680 nisi

47 5700 145 5754 ‘Iuia
174 5709 259 5751 eos
287 5699 514 5768 publicis
537 5697 1302 5764 condemnationihussubjici
1332 5713 1437 5750 non
1463 5713 1550 5752 so-

1654 3187 1783 3227 vero
1832 3173 1951 3227 sine
2002 3187 2196 3242 magna
2231 3173 2279 3224 vi
2329 3171 2486 3226 ﬁdem
2519 3173 2572 3225 in
2620 3171 2787 3226 Deum
2820 3175 3214 3243 prodiderunt,

1654 3279 2006 3334 mensamque
2054 3265 2352 3334 attigerunt
2385 3263 2774 3318 dmmonioruni
2797 3303 2812 3329 ,
2845 3273 2899 3320 et
2928 3267 3215 3334 gentilium

1653 3361 1991 3407 sacramenta
2017 3353 2274 3422 jurarunt
2295 3392 2308 3414 .
2333 3351 2627 3421 ejiciantur
2656 3353 2874 3420 quidem
2911 3355 3089 3410 tribus
3122 3371 3218 3410 an-

1653 3445 1760 3507 nis,
1795 3444 2010 3498 duobus
2043 3445 2308 3498 audiant:
2345 3445 2434 3498 ubi
2471 3459 2598 3498 vero
2624 3445 2785 3496 annis
2811 3444 2982 3498 tribus
3015 3445 3068 3498 in
3094 3446 3220 3500 sub-

1653 3537 1916 3590 stratione
1970 3537 2284 3598 oraverint,
2319 3543 2372 3591 et
2423 3551 2519 3605 per
2544 3535 2707 3606 330
2747 3536 2885 3590 alios
2941 3545 3052 3592 tres
3081 3552 3210 3591 cum

1652 3672 1762 3726 lere
1788 3671 1994 3726 dixerat
2024 3673 2076 3726 in
2115 3688 2323 3726 canone
2348 3673 2462 3727 50?
2497 3672 2564 3724 At
2587 3687 2762 3726 canon
2790 3672 2878 3726 ille
2906 3672 2974 3726 50
3005 3673 3072 3728 de
3115 3675 3215 3727 tri-

1651 3743 1822 3864 famis
1850 3743 2167 3795 nominatim
2205 3744 2333 3811 agit.
2373 3743 2596 3795 Videtur
2622 3758 2750 3810 ergo
2778 3743 2842 3794 ad
2877 3744 3092 3796 eosdem
3124 3760 3213 3798 re-

1674 3812 1910 3864 erendus
1967 3813 2348 3864 octogesimus.
2409 3811 2568 3864 Justo
2623 3827 2754 3864 sane
2805 3814 3048 3864 severior
3100 3813 3213 3864 haec

1674 3812 1910 3867 'erendus
1967 3813 2348 3881 octogesimus.
2409 3811 2568 3866 Justo
2623 3827 2754 3866 sane
2805 3814 3048 3866 severior
3100 3813 3213 3868 haec

1651 3881 1898 3951 doctrina
1951 3880 2261 3936 videbitur:
2295 3880 2390 3934 sed
2438 3885 2507 3934 ita
2556 3882 2622 3936 de
2655 3882 2899 3951 trigamis
2955 3883 3215 3939 statuisse

1653 3949 1911 4021 Basiliuui
1954 3952 2176 4004 minime
2231 3952 2517 4004 mirabitur
2560 3949 2810 4021 quisquis
2853 3952 3050 4005 similia
3088 3955 3208 4020 plu-

1653 4025 1791 4073 rium
1820 4019 2034 4073 Patrum
2067 4022 2211 4073 (Iicta
2234 4023 2499 4088 pensabat,
2535 4019 2798 4090 imprimis
2833 4019 3214 4088 Gri-gorii’Na-

1653 4092 1892 4162 zianzeni
1927 4091 2065 4159 apud
2092 4107 2249 4160 quem
2277 4092 2328 4143 in
2352 4092 2570 4162 orat.5l
2611 4094 2782 4144 tertiae
2815 4094 3014 4160 nuptia:
3039 4109 3216 4162 παραυ

1652 4160 1830 4230 νομέα,
1873 4161 2120 4228 iniquitas
2154 4163 2429 4230 dicuntur.
2467 4161 2597 4230 Vide
2625 4162 2902 4214 Addenda.

1725 4227 1835 4302 (51)
1872 4227 2032 4283 Οὕτω
2069 4230 2317 4302 δεκτοὺς
2367 4227 2758 4302 sIratLRecipi
2802 4247 2896 4285 eos
2930 4233 2982 4302 in
3034 4233 3215 4286 consi-

1655 4300 1913 4352 stentium
1963 4303 2140 4353 locum
2188 4301 2504 4354 existimant
2539 4300 2823 4353 Balsanion
2858 4310 2911 4353 et
2950 4301 3212 4361 Zonaras,

1655 4370 1708 4422 in
1737 4371 1907 4438 ipsam
1928 4371 2361 4424 communionem
2385 4373 2690 4431 Aristenus,
2717 4372 2805 4439 qui
2831 4381 3064 4440 quatuor
3087 4380 3211 4423 tan-

1657 4449 1768 4492 tum
1799 4455 1970 4494 annos
2006 4447 2271 4500 numerat,
2315 4441 2453 4492 hanc
2497 4449 2675 4494 tamen
2720 4442 3078 4494 conditionem
3121 4442 3216 4494 ad—

1656 4508 1810 4562 dens.
1855 4519 1911 4562 ut
1955 4511 2355 4562 matrimonium
2386 4511 2734 4564 dissolvatur.
2765 4509 3084 4563 Conlirmari
3119 4525 3215 4578 po-

1656 4585 1760 4633 test
1791 4579 2016 4632 Zonara:
2049 4587 2101 4632 et
2132 4579 2466 4633 Balsamonis
2521 4580 2786 4634 sententia
2817 4595 2880 4632 ex
2926 4593 3134 4632 canone
3156 4578 3211 4640 4,

1657 4649 1745 4701 ubi
1775 4649 2015 4718 quinque
2052 4650 2177 4702 anni
2213 4649 2458 4717 trigamis
2484 4649 2867 4703 decernuntur.
2899 4647 2973 4702 De
3004 4649 3101 4700 hac
3127 4664 3212 4702 se-

1653 4721 1882 4773 veritate
1911 4735 2015 4772 non
2042 4720 2252 4771 videtur
2281 4719 2565 4773 detrahere
2615 4719 2700 4771 hic
2728 4733 2902 4771 canon
2949 4719 3214 4787 octogesi-

1656 4804 1798 4850 mus,
1837 4790 1928 4857 qui
1960 4788 2025 4841 ad
2059 4789 2418 4842 intendendas
2449 4790 2628 4857 poins
2662 4803 2824 4856 quam
2862 4789 3214 4842 remittendus

1653 4858 2006 4926 trigamurum
2038 4873 2226 4927 poenas
2252 4859 2536 4912 instittttus
2562 4866 2665 4911 est.

1745 4929 1836 4998 32)
1865 4925 2164 4998 Εἱδώλοις.
2213 4929 2353 4998 Lego
2383 4943 2504 4980 eum
2535 4926 2862 4998 Combeiisio
2903 4925 3211 4998 είδωλείοις.

1745 4941 1836 4998 ὒξ)
1865 4941 2164 4993 uacuare.
2213 4941 2353 4997 Lego
2383 4943 2504 4980 eum
2535 4941 2862 4981 uombettsm
2903 4941 3211 4988 ειοωΑειοις.

1723 4941 1836 5067 I33)
1868 4997 2141 5064 Πατέρων
2166 4996 2349 5066 ἡμῶν.
2385 4999 2709 5067 Ancyraiios
2738 4995 2925 5050 Patres
2947 4997 3213 5066 designat,

1653 5082 1884 5136 quorum
1923 5082 2112 5136 magna
2134 5068 2346 5121 videtur
2374 5066 2542 5136 fuisse
2568 5067 2621 5120 in
2649 5067 2988 5136 Cappadocia
3011 5075 3063 5119 et
3097 5067 3215 5119 lilii-

1653 5135 1801 5191 timis
1828 5135 2124 5205 provinciis
2155 5139 2472 5191 auctoritas.
2505 5135 2826 5206 Quanquam
2858 5137 2912 5188 in
2947 5137 3047 5189 hoc
3091 5143 3216 5188 tan-

1653 5216 1766 5260 tum
1801 5222 1895 5260 eos
1931 5207 2197 5276 sequitur,
2233 5207 2377 5275 quod
2407 5223 2593 5261 eorum
2643 5206 2892 5272 exemplo
2920 5206 3212 5260 discrimen

1727 5285 1818 5329 nat
1845 5279 1985 5330 inter
2005 5292 2121 5341 eos,
2147 5278 2238 5346 qui
2265 5279 2550 5346 tormentis
2579 5282 2883 5346 cesserunt.
2919 5283 2970 5330 et
3001 5290 3096 5329 eos
3122 5277 3213 5343 qui

1669 5347 1867 5400 'acilius
1898 5347 2137 5415 superati
2167 5345 2313 5401 aunt.
2349 5345 2478 5416 [Nam
2511 5345 3006 5416 AncyraniPatres
3047 5350 3218 5400 multo

1653 5424 1781 5497 sunt
1813 5418 2065 5497 leniores,
2097 5431 2160 5470 ac
2183 5415 2368 5497 iisqtd
2400 5417 2532 5496 solis
2561 5415 2924 5497 suppliciiant
2950 5415 3216 5497 honor-mn

1651 5487 1970 5556 direptionis
2010 5495 2114 5556 aut
2171 5485 2318 5541 exilii
2353 5485 2515 5556 minis
2544 5491 2846 5549 cesserunt,
2877 5501 2990 5556 non
3020 5485 3220 5554 longio-

1651 5554 2055 5610 rem—sexennio
2086 5555 2461 5624 pmnitentiam
2496 5556 2776 5625 imponunt
2806 5571 2927 5610 can.
2959 5554 3018 5625 β.

1723 5626 1836 5695 (34)
1866 5623 2157 5688 Κανόνας.
2193 5625 2284 5682 Sic
2322 5627 2497 5681 nostri
2525 5623 2740 5682 codices
2775 5640 2907 5682 mss.
2953 5624 3097 5680 Editi
3127 5623 3215 5676 νό-

1655 5713 1785 5768 μους
1816 5697 1907 5750 καὶ
1935 5695 2177 5760 κανόνας.
