3754 6496
91 319 168 375 815

923 309 1402 397 EPISTOLARUM
1437 308 1724 365 CLASSlS
1760 308 1822 366 ll.
1865 310 2083 368 EPIST.
2112 312 2314 370 CCXX.

3135 321 3238 376 RH

141 436 182 488 2.
208 433 383 486 Ἐκεῖνο
407 429 512 500 γὰρ
537 428 731 482 εἰδέναι
759 427 1017 499 βούλομαι
1044 428 1383 512 τὴν⁴σὺνεσιν
1416 427 1588 497 ὑμῶν,

1761 425 1814 482 2.
1860 427 2010 483 Sciat
2049 430 2192 484 enim
2243 429 2366 492 hoc,
2410 444 2591 493 venm.
2625 430 2914 502 prudentia
2942 442 3146 501 vestra,
3180 437 3248 490 ιι·-

90 531 150 583 ὅτι
168 526 338 585 ἐκεῖνος
364 521 537 593 μέγας
566 519 712 590 παρά
744 518 881 590 Θεῷ,
915 521 946 573 ό
983 519 1420 590 ταπεινοφρόνως
1455 518 1589 571 Cmo-

91 613 369 675 κατακλιθεὶς
413 609 488 681 τῷ
535 607 795 678 πλησίον,
864 609 956 663 καὶ
1015 607 1454 679 ἀνεπαισχύντως
1505 598 1590 676 ἐφ’

90 710 230 766 ἑαυτὸν
269 705 639 775 ἀναδεξάμενος
690 704 757 757 τὰ
805 700 1143 774 ἐγκλήματα,
1175 695 1280 756 κᾶν
1313 701 1388 772 μὴ
1417 699 1589 770 ἀληθῆ

88 803 128 874 ᾖ,
153 802 263 869 ὑπὲρ
295 797 381 851 τοῦ
429 797 488 849 τὸ
536 793 677 866 μέγα
719 793 909 864 ὄφελος
958 794 1058 866 τὴν
1107 796 1329 866 εἰρήνην
1365 793 1590 863 χαρίσαο

90 867 178 948 σθαι
310 887 396 942 τοῦ
442 886 577 941 Θεοῦ
619 887 932 958 Ἐκκλησία.
963 887 1205 940 Γενέσθω
1241 882 1332 940 οὖν
1370 885 1428 938 ἐν
1463 885 1590 955 ὑμῖν

88 986 242 1057 ἆμιλλα
284 981 469 1052 ἀγαθὴ,
532 978 615 1042 τίς
664 977 880 1050 πρῶτος
922 977 1226 1049 καταξιωθῇ
1287 978 1399 1040 υίὸς
1453 975 1586 1030 Θεοῦ

88 1078 328 1148 κληθῆναι,
380 1071 466 1125 διὰ
503 1071 605 1141 τῆς
639 1069 1004 1142 είρηνοποιίας
1038 1068 1213 1140 ἐαυτῷ
1263 1069 1322 1122 τὸ
1375 1066 1588 1138 ἀξίωμα

86 1171 200 1223 τοῦτο
240 1162 735 1236 περιποιησάμενος.
781 1160 1090 1215 Ἐπέστειλε
1123 1159 1179 1214 δέ
1221 1159 1316 1213 καὶ
1351 1161 1380 1212 ὁ
1408 1158 1587 1227 θεοφι-

85 1261 278 1329 λέστατος
305 1255 592 1316 ἐπίσκοπος
635 1253 762 1321 ὑμῖν
799 1251 870 1305 τὰ
911 1250 1209 1323 πρέποντα,
1240 1249 1334 1303 καὶ
1371 1251 1586 1302 ἐπιστε-

86 1354 143 1404 isi
164 1350 252 1418 (49)
275 1346 424 1401 πάλιν
452 1345 522 1400 τὰ
549 1342 904 1398 ἐπιϐάλλοντα
948 1341 1117 1412 αὐτῷ.
1146 1341 1292 1412 Πλὴν
1335 1339 1467 1394 ἀλλά
1496 1339 1590 1393 καὶ

87 1448 218 1514 ἡμεῖς,
268 1439 346 1494 διὰ
398 1439 472 1516 τὸ⁹
511 1438 591 1491 ἔτι
640 1436 753 1507 (50)
809 1433 1251 1506 συγκεχωρῆσθαι
1307 1432 1589 1503 ἐγγύτεροι

88 1533 196 1602 ὑμῶν
235 1526 378 1593 εἶναι,
408 1528 629 1599 ἀμελεῖν
679 1525 787 1579 τῶν
838 1525 959 1579 καθ’
994 1526 1137 1595 ὑμᾶς
1181 1525 1240 1576 οὐ
1294 1522 1582 1594 δυνάμεθα.

88 1624 202 1675 Ὅθεν
241 1622 323 1674 καὶ
377 1617 816 1692 παραγενομένου
851 1617 942 1670 τοῦ
993 1616 1383 1670 εὐλαϐεστάτου
1436 1612 1586 1668 ἀδελ-

88 1715 153 1784 φώ
193 1711 441 1782 Θεοδώρου
495 1710 593 1764 τοῦ
648 1709 1018 1773 ὑποδιακόνου,
1076 1708 1168 1761 καὶ
1219 1706 1460 1768 εἰπόντος
1487 1705 1585 1776 τὴν

93 1805 350 1874 Ἐκκλησίαν
371 1805 426 1856 ἐν
450 1801 598 1876 λύπῃ
626 1797 764 1854 εἴναι
807 1801 899 1856 καὶ
931 1803 1165 1872 ταραχῇ,
1203 1797 1442 1870 σφοδρῶς
1467 1814 1588 1851 συν-

87 1897 298 1964 τριϐέντες
350 1895 441 1948 καὶ
490 1893 683 1965 βαθείᾳ
727 1893 888 1967 ὀδύνῃ
935 1895 1034 1963 τὴν
1088 1892 1311 1963 καρδίαν
1357 1891 1589 1963 πληγέν-

86 2004 160 2048 τες,
183 1985 422 2055 ήσυχάσαι
453 1985 552 2036 οὐκ
585 1983 908 2054 ἠνειχόμεθα
928 2002 940 2014 ·
969 1983 1103 2037 ἀλλά
1141 1983 1587 2055 παρεκαλέσαμεν

85 2079 200 2146 ὑμᾶς,
225 2078 385 2130 πᾶσαν
413 2075 774 2144 δικαιολογίαν
801 2075 900 2147 τὴν
943 2075 1076 2147 πρὸς
1109 2074 1367 2147 ἀλλήλους
1397 2074 1588 2145 ῥίψαν-

84 2184 166 2230 τας,
199 2163 625 2236 καταπράξασθαι
669 2164 769 2236 τὴν
799 2164 1042 2235 είρήνην,
1074 2164 1162 2217 ἵνα
1207 2165 1341 2236 μήτε
1395 2164 1589 2234 ἡδονὴν

83 2263 160 2321 τοῖς
200 2259 435 2322 ἐναντίοις
476 2255 855 2328 παράσχησθε,
895 2258 1030 2327 μήτε
1084 2256 1144 2309 τὸ
1187 2255 1447 2326 καύχημα
1492 2257 1589 2326 ﬁl;

93 2353 352 2421 Ἑκκλησίας
379 2350 644 2423 προδῶτε,
681 2351 710 2403 ὃ
738 2350 831 2404 νῦν
863 2351 941 2413 είς
971 2351 1148 2402 πᾶσαν
1193 2349 1290 2420 τὴν
1335 2349 1588 2420 οἰκουμέ-

83 2461 150 2512 νην
169 2443 498 2514 διαϐεϐόηται,
525 2443 609 2496 ὅτι
627 2444 676 2495 οἱ
693 2441 909 2504 πάντες,
933 2441 1006 2504 ὡς
1026 2440 1130 2494 ὑπὸ
1153 2443 1281 2512 μιᾶς
1302 2440 1479 2511 ψυχῆς
1499 2441 1590 2493 καὶ

84 2537 252 2608 καρδίας
272 2536 722 2606 οἰκονομούμενοι,
755 2536 812 2588 ἐν
841 2535 920 2588 ἐνὶ
945 2534 1154 2605 σώματι
1179 2533 1320 2588 οῦτω
1353 2535 1586 2603 διάγετε.

82 2627 216 2679 Πάντα
232 2627 311 2680 τὸν
323 2627 444 2681 λαὸν
455 2627 550 2680 τοῦ
580 2627 736 2691 Θεοῦ,
752 2627 876 2691 τούς
888 2645 945 2680 τε
969 2628 1025 2680 ἐν
1046 2627 1313 2698 ἀξιώμασι
1329 2628 1422 2681 καὶ
1440 2627 1591 2680 δυνα-

84 2719 234 2782 στείαις
249 2718 535 2783 πολιτικαῖς
554 2719 689 2789 (51),
712 2718 804 2773 καὶ
821 2719 913 2773 τοῦ
928 2718 1126 2782 παντὸς
1150 2718 1350 2792 κλήρου
1372 2719 1434 2773 τὸ
1454 2719 1591 2791 πλήο

83 2825 198 2877 ρωμα
230 2794 306 2861 διὰ
341 2811 436 2880 τῆς
481 2809 756 2880 ὑμετέρας
798 2809 1078 2875 εὐλαϐείας
1107 2809 1586 2882 κατασπαζόμεθα,

82 2899 147 2950 καὶ
170 2901 562 2972 παρακαλοῦμεν
595 2901 809 2972 ὁμοίους
857 2902 1065 2965 ἑαυτοῖς
1105 2902 1394 2972 διαμεῖναι.
1425 2901 1590 2955 Οὐδε-

83 2989 175 3056 μίαν
213 2992 308 3062 γὰρ
351 2991 668 3064 προσθήκην
716 2991 1115 3064 ἐπιζητοῦμεν,
1172 2992 1262 3046 διὰ
1310 2992 1371 3046 τὸ
1410 2994 1590 3046 πᾶσαν

81 3080 323 3154 ὑπερϐολὴν
350 3083 719 3154 προλαϐόντας
746 3084 938 3148 αὐτοὺς
980 3085 1066 3139 διὰ
1097 3084 1197 3156 τῆς
1222 3084 1328 3138 τῶν
1366 3083 1584 3154 ἀγαθῶν
1613 3100 1658 3162 c

82 3172 210 3239 ἔργων
245 3173 544 3241 ἐπιδείξεως
577 3175 895 3230 ἀποκλεῖσαι
924 3175 1056 3248 (52).

1617 1768 1659 1823 Β

551 3333 895 3389 ΕΠΙΣΤΟΛΗ
928 3332 1053 3386 ΣΚ’.

1691 519 1800 572 lum
1848 535 2100 590 magnum
2156 535 2278 578 esse
2323 521 2464 591 apud
2523 521 2716 589 Deum,
2761 527 2852 595 qui
2902 540 2961 581 se
2998 529 3243 596 proximo

1691 609 1972 665 humiliter
2007 611 2302 676 submittit,
2339 628 2403 668 ac
2443 614 2578 669 citra
2603 615 2985 671 verecundiam
3015 617 3241 672 crimina

1691 702 1746 756 in
1781 703 1962 772 seipso
1997 704 2214 774 recipit,
2249 705 2462 760 etiamsi
2493 721 2618 761 vera
2649 722 2755 760 non
2783 707 2912 773 sint,
2947 720 3004 761 ut
3026 723 3242 778 pacem,

1691 807 1946 864 magnum
1980 795 2114 849 illud
2157 797 2605 860 emolumentum,
2645 797 2733 852 Dei
2777 797 3034 854 Ecclesia:
3059 803 3244 854 conci-

1690 882 1804 939 liet.
1837 883 1918 940 Sit
1964 885 2146 956 itaque
2193 886 2336 941 inter
2389 903 2486 942 vos
2534 894 2808 941 certamen
2845 887 3070 953 bonum,
3118 890 3244 959 quis

1687 976 1838 1046 prior
1873 984 2262 1044 consequatur,
2305 987 2363 1031 ut
2394 977 2535 1030 ﬁlius
2565 976 2657 1028 Dei
2689 984 2933 1043 vocetur,
2966 978 3105 1032 hanc
3140 979 3243 1034 sibi

1689 1067 2002 1138 dignitatem
2074 1069 2144 1122 ob
2194 1084 2381 1138 pacem
2459 1069 2817 1138 compositam
2898 1084 3240 1140 comparans.

1691 1153 1922 1226 Scripsit
1965 1165 2143 1211 autem
2188 1166 2242 1212 et
2278 1159 2726 1229 religiosissimus
2761 1159 3047 1228 cpiscopus
3090 1159 3244 1214 vobis

1687 1265 1809 1320 quae
1847 1250 2200 1316 conveniunt,
2237 1266 2300 1305 ac
2339 1267 2531 1308 rursus
2562 1254 2760 1306 scribet
2803 1265 2924 1321 quae
2951 1250 3123 1319 ipsum
3151 1251 3242 1306 de-

1687 1347 1831 1395 cent.
1865 1339 2252 1395 Verumtamen
2296 1349 2350 1395 et
2375 1357 2498 1406 nos,
2534 1357 2600 1396 eo
2631 1341 2775 1412 quod
2803 1340 2982 1394 adhuc
3019 1354 3244 1398 conces-

1688 1447 1808 1487 sum
1845 1432 1937 1499 sit,
1978 1441 2035 1487 ut
2078 1434 2233 1488 vobis
2278 1435 2558 1506 propiores
2605 1435 2796 1498 simus,
2845 1435 3116 1506 negligere
3155 1453 3243 1493 res

1685 1535 1897 1583 vestras
1949 1543 2058 1581 non
2112 1545 2426 1599 possumus.
2479 1527 2632 1582 Unde
2683 1536 2737 1582 et
2785 1543 2906 1583 cum
2939 1530 3246 1586 advenisset

1686 1619 2132 1689 religiosissimus
2210 1619 2379 1674 frater
2457 1617 2778 1674 Theodorus
2853 1621 3241 1685 subdiaconus.

1687 1709 2022 1782 dixissetque
2068 1710 2364 1768 Ecclesiam
2412 1713 2465 1766 in
2499 1715 2756 1769 maestitia
2791 1732 2912 1772 esse
2940 1730 3002 1770 ac
3034 1727 3245 1786 pertur-

1689 1802 1924 1866 batione,
1980 1815 2093 1859 tum
2141 1804 2298 1860 valde
2338 1807 2578 1873 contriti,
2622 1807 2781 1879 333
2828 1821 2882 1865 et
2929 1809 3035 1863 imo
3062 1813 3243 1868 cordis

1688 1895 1876 1949 dolore
1907 1896 2165 1964 perculsi,
2199 1879 2475 1951 conticere
2507 1912 2612 1950 non
2656 1900 2932 1968 potuimus
2975 1923 2989 1959 :
3021 1906 3114 1960 scd
3147 1921 3244 1959 vos

1688 1988 1958 2042 adhortati
2003 2003 2217 2051 sumus,
2277 1998 2332 2042 ut
2377 2004 2590 2044 omnem
2646 1992 2786 2046 inter
2831 2007 2944 2050 vos.
2979 1996 3120 2064 juris
3161 1996 3245 2050 di-

1689 2080 2081 2148 sceptationem
2131 2079 2520 2149 projicientcs,
2562 2095 2746 2154 pacem
2780 2087 3140 2154 comportatis,
3179 2104 3244 2142 ne

1689 2168 1925 2224 all'eratis
1963 2169 2207 2223 laetitiam
2261 2171 2607 2236 adversariis,
2654 2187 2786 2228 neve
2816 2174 2955 2228 hanc
2989 2173 3244 2232 Ecclesiae

1689 2260 2068 2331 gloriationem
2100 2260 2366 2330 prodatis,
2402 2278 2524 2332 qua:
2569 2278 2714 2318 nunc
2748 2280 2844 2334 per
2876 2273 3048 2320 totum
3077 2274 3246 2322 terra-

1687 2369 1807 2408 rum
1859 2353 2044 2407 orbem
2116 2353 2462 2424 praedicatur,
2519 2370 2614 2410 vos
2671 2356 2920 2414 videlicet
2977 2366 3242 2429 tanquam

1688 2445 1870 2500 anima
1911 2461 2016 2501 una
2051 2455 2106 2501 et
2155 2447 2320 2503 corde
2369 2463 2476 2501 uno
2517 2447 2868 2518 gubernalos,
2920 2450 2992 2505 ita
3039 2451 3093 2505 in
3139 2467 3244 2507 uno

1688 2550 1917 2605 corpore
1946 2536 2171 2591 versari.
2225 2537 2452 2591 Omnem
2487 2536 2581 2592 Dei
2623 2539 2900 2606 populum,
2950 2539 3244 2602 honoratos

1688 2634 1742 2680 et
1774 2629 2148 2695 magistratus.
2181 2635 2232 2680 et
2255 2627 2422 2681 totius
2449 2627 2577 2681 cleri
2619 2639 2821 2682 curtum
2864 2645 2957 2698 per
3004 2641 3239 2687 vestram

1691 2718 1942 2787 pietatem
1995 2717 2319 2780 salutamus,
2371 2717 2832 2788 adhortamurque
2872 2727 2930 2774 ut
2965 2721 3048 2775 sui
3098 2723 3246 2792 ipso-

1689 2825 1809 2865 rum
1845 2825 2058 2881 semper
2087 2821 2444 2881 permaneant
2486 2810 2716 2868 similes.
2762 2811 2895 2866 Nam
2936 2813 3244 2870 incremen-

1688 2909 1804 2956 tum
1835 2902 2042 2956 nullum
2069 2903 2434 2972 exposcimus,
2462 2917 2527 2956 eo
2554 2903 2694 2975 quod
2730 2904 3098 2959 accessionem
3126 2920 3240 2958 om.

1690 3010 1811 3048 nem
1843 2995 1953 3063 jam
1985 2993 2086 3064 ipsi
2113 3010 2209 3064 per
2241 2994 2386 3050 edita
2409 2994 2674 3050 bonorum
2697 3009 2919 3065 operum
2947 2995 3242 3065 specimiua

1687 3089 2035 3145 excluserim.

2150 3325 2480 3381 EPISTOLA
2515 3325 2741 3381 CCXX“.

86 3447 254 3514 Testamr
275 3450 476 3503 Basilius
500 3451 694 3504 clericis
725 3452 1070 3511 Bera'ensibus,
1093 3465 1144 3502 se
1164 3451 1228 3501 ad
1255 3463 1419 3514 eorum
1438 3463 1649 3514 amorem
1670 3459 1927 3504 exarsisse.
1954 3445 2086 3498 lectis
2117 3457 2283 3514 eorum
2313 3442 2504 3514 litteris,
2527 3449 2570 3493 et
2591 3437 2804 3512 ipsarum
2835 3441 3059 3514 ac‘tolius
3081 3445 3245 3507 populi

167 3511 313 3565 virtute
333 3515 520 3579 cognita
544 3528 606 3565 ea:
627 3529 842 3566 sermone
866 3514 1029 3564 Acacii
1055 3506 1335 3577 presbutert'.
1365 3516 1540 3563 Pacem
1563 3512 1664 3563 illis
1686 3517 1791 3562 orat
1815 3517 1918 3573 post
1942 3515 2004 3559 tot
2023 3506 2300 3566 certamina,
2319 3512 2363 3557 et
2380 3506 2444 3554 ad
2469 3506 2866 3568 perseverantiam
2888 3506 3118 3554 hortatur.

453 3627 614 3698 Πρός
652 3625 794 3690 τοὺς
815 3625 885 3680 ἐν
916 3625 1124 3694 Βεροίᾳ

129 3735 348 3808 Μεγάλην
391 3740 420 3792 ό
460 3739 666 3811 Κύριος
713 3738 879 3793 ἔδωκε
913 3739 1263 3811 παραμυθίαν
1305 3740 1420 3804 τοῖς
1448 3738 1584 3793 ἀπο·

82 3822 437 3900 ὶιμπανομένοις
487 3833 590 3902 τῆς
638 3833 756 3884 κατ’
795 3829 1102 3902 ὀφθαλμοὺς
1143 3829 1446 3902 συντυχίας’
1487 3828 1584 3902 τὴν

81 3916 143 3968 διὰ
175 3919 252 3972 τοῦ
288 3923 608 3994 γράμματος
647 3923 880 3994 ὁμιλίαν,
922 3923 980 3988 ἐξ
1017 3918 1085 3994 ἧς
1133 3922 1249 3976 ἔστι
1301 3923 1586 3993 μανθάνειν

82 4006 210 4060 ἀὑτὸν
242 4013 540 4082 σωματικὸν
575 4013 913 4085 χαρακτῆρα,
949 4012 1062 4065 ἀλλ’
1089 4011 1256 4082 αὐτῆς
1291 4011 1388 4081 τῆς
1413 4011 1588 4082 ψυχῆς

82 4097 151 4165 τὴν
168 4098 395 4157 διάθεσιν.
428 4104 592 4157 Ὅθεν
621 4104 719 4156 καὶ
739 4103 854 4166 νῦν,
887 4102 1162 4174 δεξάμενοι
1193 4102 1260 4156 τὰ
1285 4101 1588 4174 γράμματα

82 4187 154 4256 τῆς
186 4191 446 4260 εὐλαϐείας
485 4194 640 4266 ὑμῶν
663 4238 676 4254 .
726 4195 860 4265 ὁμοῦ
899 4212 959 4247 τε
1008 4194 1379 4266 ἐγνωρίσαμεν
1424 4194 1588 4264 ὑμᾶς,

83 4279 152 4332 καὶ
175 4282 258 4354 τὴν
285 4287 408 4358 περὶ
440 4287 584 4358 ὑμᾶς
607 4286 716 4357 (53)
739 4287 958 4357 ἀγάπην
1002 4287 1119 4347 ταῖς
1158 4283 1405 4356 καρδίαις
1435 4284 1590 4355 ἡμῶν

83 4369 374 4445 ἀνελάϐομεν,
413 4378 474 4430 οὐ
527 4377 802 4447 δεηθέντες
849 4375 1037 4447 χρόνου
1072 4373 1283 4446 μακροῦ
1309 4375 1590 4447 συνήθειαν

83 4461 373 4533 ἐμποιοῦντος
405 4471 557 4540 ἡμῖν.
597 4468 684 4534 Ἐξ
730 4469 897 4538 αὐτῆς
946 4467 1054 4539 γὰρ
1091 4468 1190 4536 τῆς
1233 4466 1587 4536 ἐναποκειμέ-
1615 4472 1660 4527 D

83 4566 153 4617 νης
186 4557 282 4619 τοῖς
327 4559 616 4629 γράμμασι
683 4557 916 4620 διανοίας
973 4557 1053 4619 εἰς
1111 4555 1173 4608 τὸ
1225 4554 1444 4626 φίλτρον
1497 4554 1589 4609 τοῦ

85 4639 259 4706 κάλλους
279 4649 372 4718 τῆς
392 4647 573 4717 ψυχῆς
599 4645 750 4716 ὑμῶν
776 4644 1037 4716 ἐξεκαύθη
1047 4660 1160 4714 μεν.
1188 4642 1298 4696 Καὶ
1319 4645 1427 4714 γὰρ
1458 4643 1589 4714 πρὸς

83 4732 165 4793 τοῖς
189 4735 612 4808 ἐπεσταλμένοις,
647 4737 906 4800 τοιούτοις
937 4731 1104 4799 οὖσιν,
1143 4735 1222 4787 ἔτι
1264 4733 1358 4786 καὶ
1409 4735 1442 4804 ἡ
1482 4735 1590 4787 τῶν

86 4825 417 4884 μεσιτευόντων
483 4828 728 4898 ἀδελφῶν
791 4827 1155 4898 ἐπιτηδειότης
1206 4824 1590 4896 ἐναργέστερον

85 4910 181 4976 ἡμῖν
205 4915 394 4972 ἐδείκνυ
432 4918 501 4974 τὰ
535 4919 654 4974 καθ’
683 4920 845 4991 ὑμᾶς.
886 4919 942 4972 '0
966 4918 1074 4990 γὰρ
1107 4915 1472 4977 ποθεινότατος
1500 4916 1591 4970 καὶ

85 5001 416 5077 εὐλαϐέστατος
444 5012 919 5084 συμπρεσϐύτερος
943 5010 1099 5082 ήμῶν
1115 5011 1384 5075 Ἀκάκιος,
1409 5008 1590 5062 πλείο-

85 5108 130 5142 να
165 5097 254 5150 τῶν
300 5103 710 5172 ἐπεσταλμένων
754 5103 1127 5174 διηγούμενος,
1181 5105 1275 5158 καὶ
1337 5105 1426 5158 ὑπ’
1471 5103 1591 5173 ὄψιν

137 5252 226 5329 (49)
249 5257 352 5329 Καὶ
379 5259 696 5314 ἐπιστελεῖ.
731 5258 807 5313 lta
844 5270 952 5314 tres
972 5259 1320 5314 vetustissimi
1347 5259 1589 5318 codices.

85 5322 347 5400 ‘l'fﬁlgus_alii
369 5330 592 5400 lavent,
623 5331 677 5384 in
717 5331 918 5400 quibus
945 5331 1139 5399 legitur
1161 5329 1482 5382 ἐπιστέλλει.
1522 5329 1594 5400 At

85 5387 475 5472 “dj‘liadmodnm
523 5387 780 5472 tnendiise
827 5400 922 5453 καὶ
966 5387 1295 5472 ἐπιστέλλειν
1334 5400 1476 5472 ὑμᾶς
1514 5399 1596 5472 δεῖ

272 5483 330 5520 ac
376 5485 462 5524 vos
516 5471 660 5525 decet
702 5472 891 5525 iterum
941 5469 1009 5522 ad
1069 5487 1186 5524 eum
1238 5459 1594 5524 convenientia

128 5545 162 5580 η
191 5547 280 5580 ere-

86 5542 282 5589 scribere.

139 5599 419 5679 (ὅθλβετι.
473 5609 624 5667 lianc
681 5626 869 5667 vocem
928 5611 1234 5666 addidimus
1281 5625 1348 5664 ex
1385 5616 1592 5679 septem

87 5671 390 5753 m§§_l_bidem
416 5679 582 5738 Coisl.
612 5683 820 5753 primus
851 5681 1147 5751 ἐγγυτέρω.

140 5739 233 5808 (⁵1)
267 5739 627 5818 Πολιτικαῑς.’
666 5753 757 5808 Sic
793 5739 938 5808 mss:
973 5739 1196 5822 septem.
1221 5750 1363 5808 Editi
1393 5749 1593 5806 πολιτι·

2337 3613 2601 3669 Βενωανίδ.

1763 3735 2011 3807 Magnum
2043 3731 2186 3788 Deus
2226 3729 2456 3802 praebuit
2501 3728 2754 3784 solatium
2790 3727 2896 3792 his,
2926 3730 3018 3799 qui
3061 3745 3243 3784 coram

1691 3825 1944 3898 congredi
2009 3839 2116 3878 non
2176 3827 2426 3890 possunt,
2479 3819 2810 3889 colloquium
2860 3835 2958 3890 per
2995 3821 3244 3886 litteras;

1689 3933 1751 3971 ex
1769 3932 1877 3986 quo
1898 3915 2108 3970 discere
2125 3922 2208 3966 est
2232 3927 2338 3966 non
2357 3925 2669 3980 corpoream
2691 3909 2940 3980 elligiem,
2960 3912 3053 3966 sed
3077 3913 3244 3966 animi

1692 4009 1864 4080 ipsius
1914 4007 2168 4062 indolem.
2209 4003 2360 4060 Unde
2413 4011 2466 4059 et
2507 4018 2674 4066 nunc,
2710 4011 2996 4073 postquam
3031 4005 3248 4074 pietatis

1688 4110 1884 4156 vestra:
1915 4099 2126 4153 litteras
2169 4097 2500 4168 accepimus,
2543 4094 2706 4150 simul
2752 4102 2808 4148 et
2859 4111 2956 4149 vos
2987 4098 3247 4166 cognovi-

1689 4207 1847 4257 mus,
1893 4200 1948 4246 et
1997 4191 2160 4246 vestri
2203 4205 2443 4245 amorem
2495 4187 2658 4243 corde
2703 4189 3080 4260 concepimus,
3137 4205 3243 4245 non

1687 4299 1824 4354 opus
1872 4283 2135 4348 habentes
2183 4281 2344 4352 longo
2396 4289 2636 4349 tempore
2683 4279 2748 4333 ad
2795 4281 3244 4336 consuetudinem

1691 4373 2106 4431 conciliandam.
2132 4372 2208 4426 Ex
2241 4372 2359 4442 ipsa
2386 4372 2529 4426 enim
2561 4370 2725 4436 insita
2754 4371 2950 4428 litteris
2979 4373 3246 4427 sententia

1690 4466 1756 4520 ad
1807 4479 2044 4520 amorem
2094 4463 2516 4534 pulchritudinis
2565 4462 2758 4517 anima:
2805 4472 2997 4518 vestra:
3040 4465 3247 4518 exarsi-

1692 4569 1838 4610 mus.
1881 4553 2012 4607 Nam
2042 4563 2238 4622 praeter
2265 4553 2494 4615 litteras,
2526 4567 2648 4622 qua:
2675 4552 2889 4621 quidem
2917 4552 3053 4608 tales
3095 4562 3244 4615 sunt,

1691 4648 1868 4704 adhuc
1882 4649 2041 4704 etiam
2066 4648 2294 4702 fratrum
2325 4648 2785 4702 internuntiorum
2813 4645 3010 4700 habilis
3037 4654 3089 4699 et
3123 4657 3245 4716 apta

1692 4739 1902 4794 indoles
1924 4739 2190 4794 illustrius
2213 4748 2395 4792 vestra
2420 4737 2580 4792 nobis
2607 4736 2892 4806 expressit.
2935 4734 3069 4790 Nam
3096 4737 3244 4791 desi-

1691 4829 2074 4884 deratissimus
2119 4835 2281 4896 atque
2340 4825 2791 4896 religiosissimus
2841 4824 3247 4894 compresbyter

1690 4912 1946 4984 Aeacius,
1977 4921 2130 4990 plura
2167 4933 2328 4988 quam
2373 4917 2675 4988 scripsistis
2702 4931 2988 4979 enarrans,
3019 4924 3073 4970 ct
3105 4933 3248 4986 quo-

1692 5015 1956 5068 tidianum
2028 5020 2272 5068 vestrum
2326 5018 2643 5075 certamen,
2698 5018 3090 5078 strenuamque
3148 5025 3246 5080 pro

1691 5108 1891 5178 pietate
1937 5105 2342 5161 dimicationem
2389 5103 2526 5174 ipsis
2569 5103 2740 5158 oculis
2771 5103 3088 5172 subjiciens,
3126 5109 3247 5155 tan-

1693 5282 1866 5403 vis?)
1899 5332 2298 5390 Ἀποκλεῖσαι.
2329 5331 2542 5385 Addunt
2559 5329 2824 5403 clausulae
2849 5329 2968 5403 loco
2983 5327 3248 5400 ἔρρωσθε.

1694 5399 1878 5469 valete,
1921 5413 2031 5457 tres
2061 5403 2298 5463 codices,
2329 5417 2520 5470 nempe
2558 5399 2728 5462 llarl.,
2759 5400 2928 5453 Coisl.
2959 5403 3170 5467 primus
3199 5408 3252 5450 ct

1694 5477 2044 5616 uigiliam
2082 5541 2212 5616 περί
2255 5539 2431 5610 ὑμᾶς.
2472 5537 2563 5616 Ha:
2587 5555 2748 5616 voces
2796 5539 3011 5616 adding
3033 5545 3160 5593 sunt
3185 5550 3256 5594 es.

1658 5664 1672 5680 ,
1693 5609 1894 5692 septem
1924 5609 2410 5692 ItissLj’lati'can‘tts.
2429 5610 2597 5665 codex
2629 5611 2876 5692 τὴνπερὶ
2901 5609 3072 5682 ὑμῶν.

1767 5680 1783 5708 ³
1815 5687 1961 5740 Alias
1989 5680 2260 5738 CCXCIX.
2297 5680 2506 5750 Scripta
2541 5696 2684 5736 anno
2711 5680 2836 5738 375.
