  <div class='ocr_page' id='page_1' title='image "/cluster/home/n/w/nwhite01/storage/ocr_20150623/32/hvd.32044020606729/423.png"; bbox 0 0 3754 6466; ppageno 0'>
   <div class='ocr_carea' id='block_1_1' title="bbox 476 352 654 417">
    <p class='ocr_par' dir='ltr' id='par_1_1' title="bbox 476 352 654 417">
     <span class='ocr_line' id='line_1_1' title="bbox 476 352 654 417; baseline 0 0"><span class='ocrx_word' id='word_1_1' title='bbox 476 352 654 417; x_wconf 62' lang='lat'><strong>~8‘37</strong></span> 
     </span>
    </p>
   </div>
   <div class='ocr_carea' id='block_1_2' title="bbox 1877 361 3665 427">
    <p class='ocr_par' dir='ltr' id='par_1_2' title="bbox 1877 361 3665 427">
     <span class='ocr_line' id='line_1_2' title="bbox 1877 361 3665 427; baseline 0.003 -7"><span class='ocrx_word' id='word_1_2' title='bbox 1877 364 1936 422; x_wconf 71' lang='grc' dir='ltr'><strong>ὃ.</strong></span> <span class='ocrx_word' id='word_1_3' title='bbox 1978 362 2220 419; x_wconf 82' lang='lat' dir='ltr'><strong>BASlLll</strong></span> <span class='ocrx_word' id='word_1_4' title='bbox 2258 361 2473 419; x_wconf 79' lang='lat' dir='ltr'><strong>MAGNI</strong></span> <span class='ocrx_word' id='word_1_5' title='bbox 3597 368 3665 427; x_wconf 66' lang='lat'><strong>858</strong></span> 
     </span>
    </p>
   </div>
   <div class='ocr_carea' id='block_1_3' title="bbox 553 480 2118 557">
    <p class='ocr_par' dir='ltr' id='par_1_3' title="bbox 553 480 2117 557">
     <span class='ocr_line' id='line_1_3' title="bbox 553 480 2117 557; baseline 0.003 -22"><span class='ocrx_word' id='word_1_6' title='bbox 553 480 695 536; x_wconf 85' lang='lat' dir='ltr'><strong>idem</strong></span> <span class='ocrx_word' id='word_1_7' title='bbox 751 488 836 538; x_wconf 89' lang='lat' dir='ltr'><strong>est</strong></span> <span class='ocrx_word' id='word_1_8' title='bbox 891 482 947 536; x_wconf 92' lang='lat' dir='ltr'><strong>in</strong></span> <span class='ocrx_word' id='word_1_9' title='bbox 1015 484 1309 557; x_wconf 88' lang='lat' dir='ltr'><strong>semetipso</strong></span> <span class='ocrx_word' id='word_1_10' title='bbox 1343 524 1357 548; x_wconf 87' lang='lat'><strong>.</strong></span> <span class='ocrx_word' id='word_1_11' title='bbox 1412 498 1514 540; x_wconf 92' lang='lat' dir='ltr'><strong>nec</strong></span> <span class='ocrx_word' id='word_1_12' title='bbox 1583 484 1882 540; x_wconf 87' lang='lat' dir='ltr'><strong>secundum</strong></span> <span class='ocrx_word' id='word_1_13' title='bbox 1945 500 2117 555; x_wconf 85' lang='lat' dir='ltr'><strong>genus</strong></span> 
     </span>
    </p>
   </div>
   <div class='ocr_carea' id='block_1_4' title="bbox 2222 480 3670 557">
    <p class='ocr_par' dir='ltr' id='par_1_4' title="bbox 2222 481 3670 556">
     <span class='ocr_line' id='line_1_4' title="bbox 2222 481 3670 556; baseline 0.002 -20"><span class='ocrx_word' id='word_1_14' title='bbox 2222 484 2366 538; x_wconf 74' lang='grc' dir='ltr'>ἐστιν</span> <span class='ocrx_word' id='word_1_15' title='bbox 2397 486 2453 537; x_wconf 81' lang='grc' dir='ltr'>ἐν</span> <span class='ocrx_word' id='word_1_16' title='bbox 2480 481 2676 556; x_wconf 79' lang='grc' dir='ltr'>ἑαυτῷ,</span> <span class='ocrx_word' id='word_1_17' title='bbox 2705 496 2766 538; x_wconf 81' lang='grc' dir='ltr'><strong>ου</strong></span> <span class='ocrx_word' id='word_1_18' title='bbox 2800 482 2941 538; x_wconf 86' lang='grc' dir='ltr'>κατὰ</span> <span class='ocrx_word' id='word_1_19' title='bbox 2961 482 3116 553; x_wconf 79' lang='grc' dir='ltr'>γένος</span> <span class='ocrx_word' id='word_1_20' title='bbox 3135 481 3560 554; x_wconf 75' lang='grc' dir='ltr'>μεταϐαλλόμενον,</span> <span class='ocrx_word' id='word_1_21' title='bbox 3578 486 3670 538; x_wconf 69' lang='grc' dir='ltr'>ἀλλὰ</span> 
     </span>
    </p>
   </div>
   <div class='ocr_carea' id='block_1_5' title="bbox 551 572 2111 646">
    <p class='ocr_par' dir='ltr' id='par_1_5' title="bbox 551 572 2111 646">
     <span class='ocr_line' id='line_1_5' title="bbox 551 572 2111 646; baseline 0.003 -22"><span class='ocrx_word' id='word_1_22' title='bbox 551 578 792 627; x_wconf 78' lang='lat' dir='ltr'><strong>mutatur</strong></span> <span class='ocrx_word' id='word_1_23' title='bbox 818 612 835 638; x_wconf 91' lang='lat'><strong>,</strong></span> <span class='ocrx_word' id='word_1_24' title='bbox 910 572 1006 629; x_wconf 91' lang='lat' dir='ltr'><strong>sed</strong></span> <span class='ocrx_word' id='word_1_25' title='bbox 1062 575 1414 632; x_wconf 77' lang='lat' dir='ltr'><strong>incrementis</strong></span> <span class='ocrx_word' id='word_1_26' title='bbox 1490 574 1772 646; x_wconf 85' lang='lat' dir='ltr'><strong>perficitur</strong></span> <span class='ocrx_word' id='word_1_27' title='bbox 1834 591 1847 627; x_wconf 90' lang='lat'><strong>:</strong></span> <span class='ocrx_word' id='word_1_28' title='bbox 1916 574 1989 628; x_wconf 93' lang='lat' dir='ltr'><strong>ita</strong></span> <span class='ocrx_word' id='word_1_29' title='bbox 2056 579 2111 630; x_wconf 91' lang='lat' dir='ltr'><strong>et</strong></span> 
     </span>
    </p>
   </div>
   <div class='ocr_carea' id='block_1_6' title="bbox 552 661 2111 738">
    <p class='ocr_par' dir='ltr' id='par_1_6' title="bbox 552 661 2111 738">
     <span class='ocr_line' id='line_1_6' title="bbox 552 661 2111 738; baseline 0.003 -24"><span class='ocrx_word' id='word_1_30' title='bbox 552 661 684 715; x_wconf 88' lang='lat' dir='ltr'><strong>mihi</strong></span> <span class='ocrx_word' id='word_1_31' title='bbox 741 663 978 720; x_wconf 84' lang='lat' dir='ltr'><strong>arbitror</strong></span> <span class='ocrx_word' id='word_1_32' title='bbox 1008 664 1256 721; x_wconf 84' lang='lat' dir='ltr'><strong>eamdem</strong></span> <span class='ocrx_word' id='word_1_33' title='bbox 1292 667 1599 723; x_wconf 82' lang='lat' dir='ltr'><strong>doctrinam</strong></span> <span class='ocrx_word' id='word_1_34' title='bbox 1649 666 1986 738; x_wconf 82' lang='lat' dir='ltr'><strong>proﬁciendo</strong></span> <span class='ocrx_word' id='word_1_35' title='bbox 2022 680 2111 720; x_wconf 87' lang='lat' dir='ltr'><strong>au-</strong></span> 
     </span>
    </p>
   </div>
   <div class='ocr_carea' id='block_1_7' title="bbox 550 751 2112 827">
    <p class='ocr_par' dir='ltr' id='par_1_7' title="bbox 550 751 2112 827">
     <span class='ocr_line' id='line_1_7' title="bbox 550 751 2112 827; baseline 0.004 -23"><span class='ocrx_word' id='word_1_36' title='bbox 550 757 695 806; x_wconf 87' lang='lat' dir='ltr'><strong>ctam</strong></span> <span class='ocrx_word' id='word_1_37' title='bbox 747 751 960 820; x_wconf 89' lang='lat' dir='ltr'><strong>fuisse,</strong></span> <span class='ocrx_word' id='word_1_38' title='bbox 995 771 1338 827; x_wconf 87' lang='lat' dir='ltr'><strong>nequaquam</strong></span> <span class='ocrx_word' id='word_1_39' title='bbox 1398 767 1581 814; x_wconf 88' lang='lat' dir='ltr'><strong>autem</strong></span> <span class='ocrx_word' id='word_1_40' title='bbox 1631 757 1688 812; x_wconf 90' lang='lat' dir='ltr'><strong>in</strong></span> <span class='ocrx_word' id='word_1_41' title='bbox 1740 757 1888 813; x_wconf 90' lang='lat' dir='ltr'><strong>illius</strong></span> <span class='ocrx_word' id='word_1_42' title='bbox 1932 757 2112 811; x_wconf 88' lang='lat' dir='ltr'><strong>locum</strong></span> 
     </span>
    </p>
   </div>
   <div class='ocr_carea' id='block_1_8' title="bbox 549 842 2112 918">
    <p class='ocr_par' dir='ltr' id='par_1_8' title="bbox 549 842 2112 918">
     <span class='ocr_line' id='line_1_8' title="bbox 549 842 2112 918; baseline 0.004 -23"><span class='ocrx_word' id='word_1_43' title='bbox 549 856 672 911; x_wconf 69' lang='lat' dir='ltr'><strong>qua:</strong></span> <span class='ocrx_word' id='word_1_44' title='bbox 701 842 772 899; x_wconf 88' lang='lat' dir='ltr'><strong>ab</strong></span> <span class='ocrx_word' id='word_1_45' title='bbox 826 844 983 900; x_wconf 85' lang='lat' dir='ltr'><strong>initio</strong></span> <span class='ocrx_word' id='word_1_46' title='bbox 1034 844 1255 911; x_wconf 86' lang='lat' dir='ltr'><strong>fuerat,</strong></span> <span class='ocrx_word' id='word_1_47' title='bbox 1311 863 1430 904; x_wconf 90' lang='lat' dir='ltr'><strong>eam</strong></span> <span class='ocrx_word' id='word_1_48' title='bbox 1478 862 1600 918; x_wconf 74' lang='lat' dir='ltr'><strong>qua:</strong></span> <span class='ocrx_word' id='word_1_49' title='bbox 1653 863 1800 903; x_wconf 90' lang='lat' dir='ltr'><strong>nunc</strong></span> <span class='ocrx_word' id='word_1_50' title='bbox 1850 855 1936 904; x_wconf 92' lang='lat' dir='ltr'><strong>est</strong></span> <span class='ocrx_word' id='word_1_51' title='bbox 1982 861 2112 903; x_wconf 89' lang='lat' dir='ltr'><strong>suc-</strong></span> 
     </span>
    </p>
   </div>
   <div class='ocr_carea' id='block_1_9' title="bbox 550 934 2115 1011">
    <p class='ocr_par' dir='ltr' id='par_1_9' title="bbox 550 934 2115 1011">
     <span class='ocr_line' id='line_1_9' title="bbox 550 934 2115 1011; baseline 0.004 -24"><span class='ocrx_word' id='word_1_52' title='bbox 550 934 807 992; x_wconf 83' lang='lat' dir='ltr'><strong>cessisse.</strong></span> <span class='ocrx_word' id='word_1_53' title='bbox 852 937 1018 1008; x_wconf 80' lang='lat'><strong>339</strong></span> <span class='ocrx_word' id='word_1_54' title='bbox 1057 937 1240 1005; x_wconf 85' lang='lat' dir='ltr'><strong>Quare</strong></span> <span class='ocrx_word' id='word_1_55' title='bbox 1276 955 1429 996; x_wconf 91' lang='lat' dir='ltr'><strong>suam</strong></span> <span class='ocrx_word' id='word_1_56' title='bbox 1470 940 1710 1011; x_wconf 90' lang='lat' dir='ltr'><strong>ipsorum</strong></span> <span class='ocrx_word' id='word_1_57' title='bbox 1758 946 2115 1010; x_wconf 86' lang='lat' dir='ltr'><strong>perscruten-</strong></span> 
     </span>
    </p>
   </div>
   <div class='ocr_carea' id='block_1_10' title="bbox 550 1028 2119 1099">
    <p class='ocr_par' dir='ltr' id='par_1_10' title="bbox 550 1028 2119 1099">
     <span class='ocr_line' id='line_1_10' title="bbox 550 1028 2119 1099; baseline 0.004 -20"><span class='ocrx_word' id='word_1_58' title='bbox 550 1034 641 1080; x_wconf 89' lang='lat' dir='ltr'><strong>tur</strong></span> <span class='ocrx_word' id='word_1_59' title='bbox 684 1028 1110 1099; x_wconf 89' lang='lat' dir='ltr'><strong>conscientiam,</strong></span> <span class='ocrx_word' id='word_1_60' title='bbox 1162 1031 1346 1087; x_wconf 92' lang='lat' dir='ltr'><strong>animo</strong></span> <span class='ocrx_word' id='word_1_61' title='bbox 1394 1032 1711 1087; x_wconf 81' lang='lat' dir='ltr'><strong>intueantur</strong></span> <span class='ocrx_word' id='word_1_62' title='bbox 1776 1031 1983 1087; x_wconf 74' lang='lat' dir='ltr'><strong>Christi</strong></span> <span class='ocrx_word' id='word_1_63' title='bbox 2024 1030 2119 1085; x_wconf 87' lang='lat' dir='ltr'><strong>tri-</strong></span> 
     </span>
    </p>
   </div>
   <div class='ocr_carea' id='block_1_11' title="bbox 552 1116 2119 1194">
    <p class='ocr_par' dir='ltr' id='par_1_11' title="bbox 552 1116 2119 1194">
     <span class='ocr_line' id='line_1_11' title="bbox 552 1116 2119 1194; baseline 0.006 -24"><span class='ocrx_word' id='word_1_64' title='bbox 552 1116 717 1172; x_wconf 91' lang='lat' dir='ltr'><strong>bunal</strong></span> <span class='ocrx_word' id='word_1_65' title='bbox 748 1157 765 1185; x_wconf 98' lang='lat'><strong>,</strong></span> <span class='ocrx_word' id='word_1_66' title='bbox 795 1133 865 1173; x_wconf 92' lang='lat' dir='ltr'><strong>an</strong></span> <span class='ocrx_word' id='word_1_67' title='bbox 896 1120 1192 1191; x_wconf 86' lang='lat' dir='ltr'><strong>aliquando</strong></span> <span class='ocrx_word' id='word_1_68' title='bbox 1238 1122 1442 1194; x_wconf 89' lang='lat' dir='ltr'><strong>aliquid</strong></span> <span class='ocrx_word' id='word_1_69' title='bbox 1471 1123 1618 1177; x_wconf 87' lang='lat' dir='ltr'><strong>aliud</strong></span> <span class='ocrx_word' id='word_1_70' title='bbox 1645 1138 1711 1179; x_wconf 81' lang='lat' dir='ltr'><strong>ex</strong></span> <span class='ocrx_word' id='word_1_71' title='bbox 1740 1124 1896 1181; x_wconf 85' lang='lat' dir='ltr'><strong>nobis</strong></span> <span class='ocrx_word' id='word_1_72' title='bbox 1931 1122 2119 1179; x_wconf 90' lang='lat' dir='ltr'><strong>audie-</strong></span> 
     </span>
    </p>
   </div>
   <div class='ocr_carea' id='block_1_12' title="bbox 551 1208 2121 1286">
    <p class='ocr_par' dir='ltr' id='par_1_12' title="bbox 551 1208 2121 1286">
     <span class='ocr_line' id='line_1_12' title="bbox 551 1208 2121 1286; baseline 0.005 -23"><span class='ocrx_word' id='word_1_73' title='bbox 551 1208 701 1276; x_wconf 90' lang='lat' dir='ltr'><strong>rint,</strong></span> <span class='ocrx_word' id='word_1_74' title='bbox 730 1226 891 1282; x_wconf 87' lang='lat' dir='ltr'><strong>quam</strong></span> <span class='ocrx_word' id='word_1_75' title='bbox 914 1213 1062 1285; x_wconf 89' lang='lat' dir='ltr'><strong>quod</strong></span> <span class='ocrx_word' id='word_1_76' title='bbox 1104 1230 1250 1270; x_wconf 91' lang='lat' dir='ltr'><strong>nunc</strong></span> <span class='ocrx_word' id='word_1_77' title='bbox 1278 1215 1511 1271; x_wconf 89' lang='lat' dir='ltr'><strong>dicimus</strong></span> <span class='ocrx_word' id='word_1_78' title='bbox 1538 1232 1553 1283; x_wconf 90' lang='lat'><strong>;</strong></span> <span class='ocrx_word' id='word_1_79' title='bbox 1584 1215 1678 1286; x_wconf 91' lang='lat' dir='ltr'><strong>qui</strong></span> <span class='ocrx_word' id='word_1_80' title='bbox 1723 1231 1869 1271; x_wconf 88' lang='lat' dir='ltr'><strong>nunc</strong></span> <span class='ocrx_word' id='word_1_81' title='bbox 1897 1216 2121 1271; x_wconf 87' lang='lat' dir='ltr'><strong>nomine</strong></span> 
     </span>
    </p>
   </div>
   <div class='ocr_carea' id='block_1_13' title="bbox 553 1301 2120 1375">
    <p class='ocr_par' dir='ltr' id='par_1_13' title="bbox 553 1301 2120 1375">
     <span class='ocr_line' id='line_1_13' title="bbox 553 1301 2120 1375; baseline 0.004 -22"><span class='ocrx_word' id='word_1_82' title='bbox 553 1314 733 1370; x_wconf 55' lang='lat' dir='ltr'><strong>pravae</strong></span> <span class='ocrx_word' id='word_1_83' title='bbox 771 1301 1036 1360; x_wconf 66' lang='lat' dir='ltr'><strong>doctrina:</strong></span> <span class='ocrx_word' id='word_1_84' title='bbox 1072 1321 1174 1361; x_wconf 89' lang='lat' dir='ltr'><strong>nos</strong></span> <span class='ocrx_word' id='word_1_85' title='bbox 1204 1306 1571 1361; x_wconf 78' lang='lat' dir='ltr'><strong>decantaruut</strong></span> <span class='ocrx_word' id='word_1_86' title='bbox 1594 1344 1610 1369; x_wconf 92' lang='lat'><strong>,</strong></span> <span class='ocrx_word' id='word_1_87' title='bbox 1663 1312 1716 1361; x_wconf 91' lang='lat' dir='ltr'><strong>et</strong></span> <span class='ocrx_word' id='word_1_88' title='bbox 1755 1306 1979 1362; x_wconf 81' lang='lat' dir='ltr'><strong>famosis</strong></span> <span class='ocrx_word' id='word_1_89' title='bbox 2006 1305 2120 1375; x_wconf 90' lang='lat' dir='ltr'><strong>epi-</strong></span> 
     </span>
    </p>
   </div>
   <div class='ocr_carea' id='block_1_14' title="bbox 553 1393 2121 1470">
    <p class='ocr_par' dir='ltr' id='par_1_14' title="bbox 553 1393 2121 1470">
     <span class='ocr_line' id='line_1_14' title="bbox 553 1393 2121 1470; baseline 0.006 -24"><span class='ocrx_word' id='word_1_90' title='bbox 553 1393 711 1450; x_wconf 81' lang='lat' dir='ltr'><strong>stolis</strong></span> <span class='ocrx_word' id='word_1_91' title='bbox 736 1436 753 1460; x_wconf 95' lang='lat'><strong>,</strong></span> <span class='ocrx_word' id='word_1_92' title='bbox 785 1414 924 1468; x_wconf 91' lang='lat' dir='ltr'><strong>quas</strong></span> <span class='ocrx_word' id='word_1_93' title='bbox 952 1407 1143 1455; x_wconf 88' lang='lat' dir='ltr'><strong>contra</strong></span> <span class='ocrx_word' id='word_1_94' title='bbox 1172 1415 1274 1455; x_wconf 93' lang='lat' dir='ltr'><strong>nos</strong></span> <span class='ocrx_word' id='word_1_95' title='bbox 1313 1398 1723 1470; x_wconf 85' lang='lat' dir='ltr'><strong>conscripsere.</strong></span> <span class='ocrx_word' id='word_1_96' title='bbox 1754 1402 1995 1453; x_wconf 87' lang='lat' dir='ltr'><strong>omnium</strong></span> <span class='ocrx_word' id='word_1_97' title='bbox 2022 1413 2121 1455; x_wconf 90' lang='lat' dir='ltr'><strong>au-</strong></span> 
     </span>
    </p>
   </div>
   <div class='ocr_carea' id='block_1_15' title="bbox 555 1476 2123 1560">
    <p class='ocr_par' dir='ltr' id='par_1_15' title="bbox 555 1476 2123 1560">
     <span class='ocr_line' id='line_1_15' title="bbox 555 1476 2123 1560; baseline 0.006 -25"><span class='ocrx_word' id='word_1_98' title='bbox 555 1497 644 1538; x_wconf 89' lang='lat' dir='ltr'><strong>res</strong></span> <span class='ocrx_word' id='word_1_99' title='bbox 679 1485 1050 1556; x_wconf 87' lang='lat' dir='ltr'><strong>obtuderunt;</strong></span> <span class='ocrx_word' id='word_1_100' title='bbox 1085 1490 1230 1546; x_wconf 90' lang='lat' dir='ltr'><strong>unde</strong></span> <span class='ocrx_word' id='word_1_101' title='bbox 1261 1498 1315 1546; x_wconf 92' lang='lat' dir='ltr'><strong>et</strong></span> <span class='ocrx_word' id='word_1_102' title='bbox 1348 1476 1508 1546; x_wconf 87' lang='lat' dir='ltr'><strong>nobis</strong></span> <span class='ocrx_word' id='word_1_103' title='bbox 1541 1490 1796 1560; x_wconf 88' lang='lat' dir='ltr'><strong>imposita</strong></span> <span class='ocrx_word' id='word_1_104' title='bbox 1823 1490 2123 1546; x_wconf 84' lang='lat' dir='ltr'><strong>necessitas</strong></span> 
     </span>
    </p>
   </div>
   <div class='ocr_carea' id='block_1_16' title="bbox 555 1573 1098 1644">
    <p class='ocr_par' dir='ltr' id='par_1_16' title="bbox 555 1573 1098 1644">
     <span class='ocr_line' id='line_1_16' title="bbox 555 1573 1098 1644; baseline 0.015 -17"><span class='ocrx_word' id='word_1_105' title='bbox 555 1573 720 1644; x_wconf 81' lang='lat' dir='ltr'><strong>hujus</strong></span> <span class='ocrx_word' id='word_1_106' title='bbox 740 1578 1098 1638; x_wconf 82' lang='lat' dir='ltr'><strong>defensionis.</strong></span> 
     </span>
    </p>
   </div>
   <div class='ocr_carea' id='block_1_17' title="bbox 623 1666 2122 1744">
    <p class='ocr_par' dir='ltr' id='par_1_17' title="bbox 623 1666 2122 1744">
     <span class='ocr_line' id='line_1_17' title="bbox 623 1666 2122 1744; baseline 0.004 -23"><span class='ocrx_word' id='word_1_107' title='bbox 623 1666 679 1723; x_wconf 76' lang='grc'><strong>4.</strong></span> <span class='ocrx_word' id='word_1_108' title='bbox 715 1668 1055 1727; x_wconf 85' lang='lat' dir='ltr'><strong>Accusamur</strong></span> <span class='ocrx_word' id='word_1_109' title='bbox 1084 1672 1227 1728; x_wconf 92' lang='lat' dir='ltr'><strong>enim</strong></span> <span class='ocrx_word' id='word_1_110' title='bbox 1271 1673 1631 1744; x_wconf 65' lang='lat' dir='ltr'><strong>blasphemia:</strong></span> <span class='ocrx_word' id='word_1_111' title='bbox 1679 1673 1735 1728; x_wconf 91' lang='lat' dir='ltr'><strong>in</strong></span> <span class='ocrx_word' id='word_1_112' title='bbox 1769 1672 1956 1736; x_wconf 88' lang='lat' dir='ltr'><strong>Deum,</strong></span> <span class='ocrx_word' id='word_1_113' title='bbox 1999 1687 2122 1727; x_wconf 91' lang='lat' dir='ltr'><strong>cum</strong></span> 
     </span>
    </p>
   </div>
   <div class='ocr_carea' id='block_1_18' title="bbox 555 1743 2118 1831">
    <p class='ocr_par' dir='ltr' id='par_1_18' title="bbox 555 1761 2118 1831">
     <span class='ocr_line' id='line_1_18' title="bbox 555 1761 2118 1831; baseline 0.003 -22"><span class='ocrx_word' id='word_1_114' title='bbox 555 1770 735 1826; x_wconf 89' lang='lat' dir='ltr'><strong>neque</strong></span> <span class='ocrx_word' id='word_1_115' title='bbox 761 1774 827 1814; x_wconf 83' lang='lat' dir='ltr'><strong>ex</strong></span> <span class='ocrx_word' id='word_1_116' title='bbox 860 1761 1069 1831; x_wconf 88' lang='lat' dir='ltr'><strong>scripto</strong></span> <span class='ocrx_word' id='word_1_117' title='bbox 1101 1770 1262 1816; x_wconf 86' lang='lat' dir='ltr'><strong>antea</strong></span> <span class='ocrx_word' id='word_1_118' title='bbox 1294 1762 1362 1817; x_wconf 91' lang='lat' dir='ltr'><strong>de</strong></span> <span class='ocrx_word' id='word_1_119' title='bbox 1395 1763 1498 1819; x_wconf 86' lang='lat' dir='ltr'><strong>fide</strong></span> <span class='ocrx_word' id='word_1_120' title='bbox 1540 1777 1568 1816; x_wconf 92' lang='lat' dir='ltr'><strong>a</strong></span> <span class='ocrx_word' id='word_1_121' title='bbox 1596 1762 1759 1817; x_wconf 88' lang='lat' dir='ltr'><strong>nobis</strong></span> <span class='ocrx_word' id='word_1_122' title='bbox 1785 1762 1935 1817; x_wconf 88' lang='lat' dir='ltr'><strong>edito</strong></span> <span class='ocrx_word' id='word_1_123' title='bbox 1971 1761 2118 1831; x_wconf 88' lang='lat' dir='ltr'><strong>argui</strong></span> 
     </span>
    </p>
   </div>
   <div class='ocr_carea' id='block_1_19' title="bbox 2222 1743 3733 1831">
    <p class='ocr_par' dir='ltr' id='par_1_19' title="bbox 2226 1743 3733 1829">
     <span class='ocr_line' id='line_1_19' title="bbox 2226 1743 3733 1829; baseline 0.005 -19"><span class='ocrx_word' id='word_1_124' title='bbox 2226 1754 2348 1810; x_wconf 78' lang='grc' dir='ltr'>οὔτε</span> <span class='ocrx_word' id='word_1_125' title='bbox 2373 1756 2481 1812; x_wconf 74' lang='grc' dir='ltr'><strong>ἀπὸ</strong></span> <span class='ocrx_word' id='word_1_126' title='bbox 2508 1755 2850 1829; x_wconf 76' lang='grc' dir='ltr'>συγγραφῆς,</span> <span class='ocrx_word' id='word_1_127' title='bbox 2877 1754 2944 1825; x_wconf 74' lang='grc' dir='ltr'><strong>ἣν</strong></span> <span class='ocrx_word' id='word_1_128' title='bbox 2968 1752 3120 1807; x_wconf 64' lang='grc' dir='ltr'><strong>αὐτοὶ</strong></span> <span class='ocrx_word' id='word_1_129' title='bbox 3143 1751 3255 1821; x_wconf 54' lang='grc'><strong>(94)</strong></span> <span class='ocrx_word' id='word_1_130' title='bbox 3279 1743 3680 1821; x_wconf 59' lang='grc' dir='ltr'><strong>προκατεδπλδμεθέι</strong></span> 
     </span>
    </p>
   </div>
   <div class='ocr_carea' id='block_1_20' title="bbox 553 1824 2118 1924">
    <p class='ocr_par' dir='ltr' id='par_1_20' title="bbox 553 1847 2118 1924">
     <span class='ocr_line' id='line_1_20' title="bbox 553 1847 2118 1924; baseline 0.004 -23"><span class='ocrx_word' id='word_1_131' title='bbox 553 1847 858 1916; x_wconf 84' lang='lat' dir='ltr'><strong>possimus,</strong></span> <span class='ocrx_word' id='word_1_132' title='bbox 896 1866 1076 1922; x_wconf 90' lang='lat' dir='ltr'><strong>neque</strong></span> <span class='ocrx_word' id='word_1_133' title='bbox 1107 1853 1265 1908; x_wconf 82' lang='lat' dir='ltr'><strong>exiis</strong></span> <span class='ocrx_word' id='word_1_134' title='bbox 1293 1869 1636 1924; x_wconf 70' lang='lat' dir='ltr'><strong>quaecunque</strong></span> <span class='ocrx_word' id='word_1_135' title='bbox 1672 1855 1792 1909; x_wconf 86' lang='lat' dir='ltr'><strong>sine</strong></span> <span class='ocrx_word' id='word_1_136' title='bbox 1834 1853 2042 1924; x_wconf 91' lang='lat' dir='ltr'><strong>scripto</strong></span> <span class='ocrx_word' id='word_1_137' title='bbox 2069 1849 2118 1908; x_wconf 80' lang='lat' dir='ltr'><strong>ih</strong></span> 
     </span>
    </p>
   </div>
   <div class='ocr_carea' id='block_1_21' title="bbox 2222 1824 3733 1924">
    <p class='ocr_par' dir='ltr' id='par_1_21' title="bbox 2228 1824 3733 1919">
     <span class='ocr_line' id='line_1_21' title="bbox 2228 1824 3733 1919; baseline 0.01 -29"><span class='ocrx_word' id='word_1_138' title='bbox 2228 1847 2357 1919; x_wconf 70' lang='grc' dir='ltr'>περὶ</span> <span class='ocrx_word' id='word_1_139' title='bbox 2391 1824 2663 1911; x_wconf 45' lang='lat' dir='ltr'><strong>“isseme;</strong></span> <span class='ocrx_word' id='word_1_140' title='bbox 2695 1824 3017 1917; x_wconf 71' lang='grc' dir='ltr'>ἐλεγχθῆναι</span> <span class='ocrx_word' id='word_1_141' title='bbox 3049 1842 3356 1913; x_wconf 81' lang='grc' dir='ltr'>δυνάμενοι,</span> <span class='ocrx_word' id='word_1_142' title='bbox 3386 1839 3493 1893; x_wconf 72' lang='grc' dir='ltr'>οὔτε</span> <span class='ocrx_word' id='word_1_143' title='bbox 3528 1837 3607 1892; x_wconf 77' lang='grc' dir='ltr'>ἀπὺ</span> <span class='ocrx_word' id='word_1_144' title='bbox 3627 1838 3681 1904; x_wconf 51' lang='lat' dir='ltr'><strong>Pr</strong></span> 
     </span>
    </p>
   </div>
   <div class='ocr_carea' id='block_1_22' title="bbox 551 1934 2126 2017">
    <p class='ocr_par' dir='ltr' id='par_1_22' title="bbox 551 1934 2126 2017">
     <span class='ocr_line' id='line_1_22' title="bbox 551 1934 2126 2017; baseline 0.005 -25"><span class='ocrx_word' id='word_1_145' title='bbox 551 1934 820 1996; x_wconf 83' lang='lat' dir='ltr'><strong>Ecclesiis</strong></span> <span class='ocrx_word' id='word_1_146' title='bbox 863 1941 960 1997; x_wconf 90' lang='lat' dir='ltr'><strong>Dei</strong></span> <span class='ocrx_word' id='word_1_147' title='bbox 999 1945 1120 1998; x_wconf 83' lang='lat' dir='ltr'><strong>viva</strong></span> <span class='ocrx_word' id='word_1_148' title='bbox 1168 1959 1300 2000; x_wconf 89' lang='lat' dir='ltr'><strong>voce</strong></span> <span class='ocrx_word' id='word_1_149' title='bbox 1351 1945 1530 2015; x_wconf 87' lang='lat' dir='ltr'><strong>palam</strong></span> <span class='ocrx_word' id='word_1_150' title='bbox 1570 1954 1625 2001; x_wconf 88' lang='lat' dir='ltr'><strong>el.</strong></span> <span class='ocrx_word' id='word_1_151' title='bbox 1674 1954 1861 2015; x_wconf 87' lang='lat' dir='ltr'><strong>aperte</strong></span> <span class='ocrx_word' id='word_1_152' title='bbox 1911 1961 2126 2017; x_wconf 85' lang='lat' dir='ltr'><strong>semper</strong></span> 
     </span>
    </p>
   </div>
   <div class='ocr_carea' id='block_1_23' title="bbox 551 2029 2126 2106">
    <p class='ocr_par' dir='ltr' id='par_1_23' title="bbox 551 2029 2126 2106">
     <span class='ocr_line' id='line_1_23' title="bbox 551 2029 2126 2106; baseline 0.006 -23"><span class='ocrx_word' id='word_1_153' title='bbox 551 2029 939 2089; x_wconf 91' lang='lat' dir='ltr'><strong>disseruimus.</strong></span> <span class='ocrx_word' id='word_1_154' title='bbox 987 2032 1093 2090; x_wconf 87' lang='lat' dir='ltr'><strong>Sed</strong></span> <span class='ocrx_word' id='word_1_155' title='bbox 1144 2052 1247 2091; x_wconf 87' lang='lat' dir='ltr'><strong>nec</strong></span> <span class='ocrx_word' id='word_1_156' title='bbox 1298 2037 1456 2092; x_wconf 81' lang='lat' dir='ltr'><strong>testis</strong></span> <span class='ocrx_word' id='word_1_157' title='bbox 1506 2039 1784 2101; x_wconf 88' lang='lat' dir='ltr'><strong>inventus,</strong></span> <span class='ocrx_word' id='word_1_158' title='bbox 1819 2037 1914 2106; x_wconf 91' lang='lat' dir='ltr'><strong>qui</strong></span> <span class='ocrx_word' id='word_1_159' title='bbox 1955 2052 2016 2093; x_wconf 87' lang='lat' dir='ltr'><strong>se</strong></span> <span class='ocrx_word' id='word_1_160' title='bbox 2057 2052 2126 2092; x_wconf 78' lang='lat' dir='ltr'><strong>ex</strong></span> 
     </span>
    </p>
   </div>
   <div class='ocr_carea' id='block_1_24' title="bbox 551 2122 2123 2199">
    <p class='ocr_par' dir='ltr' id='par_1_24' title="bbox 551 2122 2123 2199">
     <span class='ocr_line' id='line_1_24' title="bbox 551 2122 2123 2199; baseline 0.004 -23"><span class='ocrx_word' id='word_1_161' title='bbox 551 2122 714 2178; x_wconf 87' lang='lat' dir='ltr'><strong>nobis</strong></span> <span class='ocrx_word' id='word_1_162' title='bbox 765 2138 972 2180; x_wconf 88' lang='lat' dir='ltr'><strong>arcano</strong></span> <span class='ocrx_word' id='word_1_163' title='bbox 1021 2126 1375 2197; x_wconf 87' lang='lat' dir='ltr'><strong>loquentibus</strong></span> <span class='ocrx_word' id='word_1_164' title='bbox 1428 2128 1577 2197; x_wconf 90' lang='lat' dir='ltr'><strong>impii</strong></span> <span class='ocrx_word' id='word_1_165' title='bbox 1627 2128 1928 2199; x_wconf 91' lang='lat' dir='ltr'><strong>quidquam</strong></span> <span class='ocrx_word' id='word_1_166' title='bbox 1966 2127 2123 2183; x_wconf 86' lang='lat' dir='ltr'><strong>audi-</strong></span> 
     </span>
    </p>
   </div>
   <div class='ocr_carea' id='block_1_25' title="bbox 552 2216 2126 2290">
    <p class='ocr_par' dir='ltr' id='par_1_25' title="bbox 552 2216 2126 2290">
     <span class='ocr_line' id='line_1_25' title="bbox 552 2216 2126 2290; baseline 0.005 -21"><span class='ocrx_word' id='word_1_167' title='bbox 552 2217 701 2271; x_wconf 89' lang='lat' dir='ltr'><strong>visse</strong></span> <span class='ocrx_word' id='word_1_168' title='bbox 733 2217 961 2274; x_wconf 89' lang='lat' dir='ltr'><strong>diceret.</strong></span> <span class='ocrx_word' id='word_1_169' title='bbox 1000 2216 1157 2274; x_wconf 87' lang='lat' dir='ltr'><strong>Unde</strong></span> <span class='ocrx_word' id='word_1_170' title='bbox 1209 2219 1377 2290; x_wconf 77' lang='lat' dir='ltr'><strong>igitur</strong></span> <span class='ocrx_word' id='word_1_171' title='bbox 1425 2221 1880 2284; x_wconf 87' lang='lat' dir='ltr'><strong>condemnamur,</strong></span> <span class='ocrx_word' id='word_1_172' title='bbox 1937 2220 1982 2276; x_wconf 89' lang='lat' dir='ltr'><strong>si</strong></span> <span class='ocrx_word' id='word_1_173' title='bbox 2025 2235 2126 2277; x_wconf 86' lang='lat' dir='ltr'><strong>nec</strong></span> 
     </span>
    </p>
   </div>
   <div class='ocr_carea' id='block_1_26' title="bbox 553 2307 2125 2379">
    <p class='ocr_par' dir='ltr' id='par_1_26' title="bbox 553 2307 2125 2379">
     <span class='ocr_line' id='line_1_26' title="bbox 553 2307 2125 2379; baseline 0.004 -17"><span class='ocrx_word' id='word_1_174' title='bbox 553 2307 850 2363; x_wconf 87' lang='lat' dir='ltr'><strong>scribimus</strong></span> <span class='ocrx_word' id='word_1_175' title='bbox 887 2308 1074 2379; x_wconf 90' lang='lat' dir='ltr'><strong>impie,</strong></span> <span class='ocrx_word' id='word_1_176' title='bbox 1106 2327 1208 2367; x_wconf 92' lang='lat' dir='ltr'><strong>nec</strong></span> <span class='ocrx_word' id='word_1_177' title='bbox 1247 2312 1641 2367; x_wconf 87' lang='lat' dir='ltr'><strong>concionamur</strong></span> <span class='ocrx_word' id='word_1_178' title='bbox 1689 2312 1979 2377; x_wconf 88' lang='lat' dir='ltr'><strong>damnose,</strong></span> <span class='ocrx_word' id='word_1_179' title='bbox 2029 2328 2125 2368; x_wconf 86' lang='lat' dir='ltr'><strong>ne—</strong></span> 
     </span>
    </p>
   </div>
   <div class='ocr_carea' id='block_1_27' title="bbox 553 2398 2125 2473">
    <p class='ocr_par' dir='ltr' id='par_1_27' title="bbox 553 2398 2125 2473">
     <span class='ocr_line' id='line_1_27' title="bbox 553 2398 2125 2473; baseline 0.004 -21"><span class='ocrx_word' id='word_1_180' title='bbox 553 2413 661 2468; x_wconf 89' lang='lat' dir='ltr'><strong>que</strong></span> <span class='ocrx_word' id='word_1_181' title='bbox 706 2398 762 2452; x_wconf 93' lang='lat' dir='ltr'><strong>in</strong></span> <span class='ocrx_word' id='word_1_182' title='bbox 794 2398 1113 2455; x_wconf 89' lang='lat' dir='ltr'><strong>domesticis</strong></span> <span class='ocrx_word' id='word_1_183' title='bbox 1157 2402 1449 2472; x_wconf 90' lang='lat' dir='ltr'><strong>colloquiis</strong></span> <span class='ocrx_word' id='word_1_184' title='bbox 1493 2417 1609 2467; x_wconf 89' lang='lat' dir='ltr'><strong>eos,</strong></span> <span class='ocrx_word' id='word_1_185' title='bbox 1643 2403 1737 2473; x_wconf 92' lang='lat' dir='ltr'><strong>qui</strong></span> <span class='ocrx_word' id='word_1_186' title='bbox 1770 2419 1872 2458; x_wconf 91' lang='lat' dir='ltr'><strong>nos</strong></span> <span class='ocrx_word' id='word_1_187' title='bbox 1925 2418 2125 2458; x_wconf 80' lang='lat' dir='ltr'><strong>conve-</strong></span> 
     </span>
    </p>
   </div>
   <div class='ocr_carea' id='block_1_28' title="bbox 552 2488 2121 2559">
    <p class='ocr_par' dir='ltr' id='par_1_28' title="bbox 552 2488 2121 2559">
     <span class='ocr_line' id='line_1_28' title="bbox 552 2488 2121 2559; baseline 0.004 -18"><span class='ocrx_word' id='word_1_188' title='bbox 552 2488 734 2552; x_wconf 86' lang='lat' dir='ltr'><strong>uiunt,</strong></span> <span class='ocrx_word' id='word_1_189' title='bbox 788 2490 1191 2559; x_wconf 79' lang='lat' dir='ltr'><strong>pervenimus?</strong></span> <span class='ocrx_word' id='word_1_190' title='bbox 1233 2490 1277 2546; x_wconf 91' lang='grc' dir='ltr'><strong>Ο</strong></span> <span class='ocrx_word' id='word_1_191' title='bbox 1328 2505 1533 2546; x_wconf 88' lang='lat' dir='ltr'><strong>novum</strong></span> <span class='ocrx_word' id='word_1_192' title='bbox 1571 2493 1976 2547; x_wconf 81' lang='lat' dir='ltr'><strong>commentum!</strong></span> <span class='ocrx_word' id='word_1_193' title='bbox 2005 2490 2121 2557; x_wconf 90' lang='lat' dir='ltr'><strong>llle,</strong></span> 
     </span>
    </p>
   </div>
   <div class='ocr_carea' id='block_1_29' title="bbox 552 2579 2122 2653">
    <p class='ocr_par' dir='ltr' id='par_1_29' title="bbox 552 2579 2122 2653">
     <span class='ocr_line' id='line_1_29' title="bbox 552 2579 2122 2653; baseline 0.004 -21"><span class='ocrx_word' id='word_1_194' title='bbox 552 2579 752 2649; x_wconf 88' lang='lat' dir='ltr'><strong>inquit,</strong></span> <span class='ocrx_word' id='word_1_195' title='bbox 803 2580 859 2635; x_wconf 93' lang='lat' dir='ltr'><strong>in</strong></span> <span class='ocrx_word' id='word_1_196' title='bbox 904 2580 1062 2652; x_wconf 88' lang='lat' dir='ltr'><strong>Syria</strong></span> <span class='ocrx_word' id='word_1_197' title='bbox 1108 2583 1375 2637; x_wconf 88' lang='lat' dir='ltr'><strong>nonnulla</strong></span> <span class='ocrx_word' id='word_1_198' title='bbox 1425 2582 1653 2652; x_wconf 83' lang='lat' dir='ltr'><strong>scripsit</strong></span> <span class='ocrx_word' id='word_1_199' title='bbox 1702 2582 1851 2637; x_wconf 87' lang='lat' dir='ltr'><strong>haud</strong></span> <span class='ocrx_word' id='word_1_200' title='bbox 1896 2586 1984 2653; x_wconf 91' lang='lat' dir='ltr'><strong>pie</strong></span> <span class='ocrx_word' id='word_1_201' title='bbox 2016 2601 2029 2637; x_wconf 92' lang='lat'>:</span> <span class='ocrx_word' id='word_1_202' title='bbox 2064 2593 2122 2638; x_wconf 94' lang='lat' dir='ltr'><strong>tu</strong></span> 
     </span>
    </p>
   </div>
   <div class='ocr_carea' id='block_1_30' title="bbox 552 2669 2121 2744">
    <p class='ocr_par' dir='ltr' id='par_1_30' title="bbox 552 2669 2121 2744">
     <span class='ocr_line' id='line_1_30' title="bbox 552 2669 2121 2744; baseline 0.001 -20"><span class='ocrx_word' id='word_1_203' title='bbox 552 2685 682 2725; x_wconf 91' lang='lat' dir='ltr'><strong>vero</strong></span> <span class='ocrx_word' id='word_1_204' title='bbox 710 2670 987 2742; x_wconf 88' lang='lat' dir='ltr'><strong>scripsisti</strong></span> <span class='ocrx_word' id='word_1_205' title='bbox 1008 2673 1060 2727; x_wconf 91' lang='lat' dir='ltr'><strong>ei</strong></span> <span class='ocrx_word' id='word_1_206' title='bbox 1083 2681 1211 2727; x_wconf 89' lang='lat' dir='ltr'><strong>ante</strong></span> <span class='ocrx_word' id='word_1_207' title='bbox 1240 2672 1436 2744; x_wconf 79' lang='lat' dir='ltr'><strong>viginti</strong></span> <span class='ocrx_word' id='word_1_208' title='bbox 1459 2686 1636 2727; x_wconf 89' lang='lat' dir='ltr'><strong>annos</strong></span> <span class='ocrx_word' id='word_1_209' title='bbox 1664 2678 1718 2727; x_wconf 87' lang='lat' dir='ltr'><strong>et</strong></span> <span class='ocrx_word' id='word_1_210' title='bbox 1748 2673 2006 2742; x_wconf 88' lang='lat' dir='ltr'><strong>amplius.</strong></span> <span class='ocrx_word' id='word_1_211' title='bbox 2038 2669 2121 2726; x_wconf 90' lang='lat' dir='ltr'><strong>Tu</strong></span> 
     </span>
    </p>
   </div>
   <div class='ocr_carea' id='block_1_31' title="bbox 554 2758 2123 2830">
    <p class='ocr_par' dir='ltr' id='par_1_31' title="bbox 554 2758 2123 2830">
     <span class='ocr_line' id='line_1_31' title="bbox 554 2758 2123 2830; baseline 0.004 -18"><span class='ocrx_word' id='word_1_212' title='bbox 554 2758 721 2830; x_wconf 83' lang='lat' dir='ltr'><strong>igitur</strong></span> <span class='ocrx_word' id='word_1_213' title='bbox 749 2762 1188 2818; x_wconf 89' lang='lat' dir='ltr'><strong>communicator</strong></span> <span class='ocrx_word' id='word_1_214' title='bbox 1210 2777 1271 2819; x_wconf 91' lang='lat' dir='ltr'><strong>es</strong></span> <span class='ocrx_word' id='word_1_215' title='bbox 1302 2762 1567 2829; x_wconf 85' lang='lat' dir='ltr'><strong>hominis,</strong></span> <span class='ocrx_word' id='word_1_216' title='bbox 1599 2770 1657 2817; x_wconf 90' lang='lat' dir='ltr'><strong>et</strong></span> <span class='ocrx_word' id='word_1_217' title='bbox 1692 2761 1844 2817; x_wconf 90' lang='lat' dir='ltr'><strong>illius</strong></span> <span class='ocrx_word' id='word_1_218' title='bbox 1888 2762 2123 2818; x_wconf 88' lang='lat' dir='ltr'><strong>crimina</strong></span> 
     </span>
    </p>
   </div>
   <div class='ocr_carea' id='block_1_32' title="bbox 551 2850 2123 2929">
    <p class='ocr_par' dir='ltr' id='par_1_32' title="bbox 551 2850 2123 2929">
     <span class='ocr_line' id='line_1_32' title="bbox 551 2850 2123 2929; baseline 0.006 -26"><span class='ocrx_word' id='word_1_219' title='bbox 551 2850 719 2904; x_wconf 85' lang='lat' dir='ltr'><strong>etiam</strong></span> <span class='ocrx_word' id='word_1_220' title='bbox 767 2858 861 2905; x_wconf 87' lang='lat' dir='ltr'><strong>tua</strong></span> <span class='ocrx_word' id='word_1_221' title='bbox 893 2853 1027 2908; x_wconf 89' lang='lat' dir='ltr'><strong>sint.</strong></span> <span class='ocrx_word' id='word_1_222' title='bbox 1075 2852 1166 2919; x_wconf 81' lang='lat' dir='ltr'><strong>At,</strong></span> <span class='ocrx_word' id='word_1_223' title='bbox 1217 2869 1251 2908; x_wconf 91' lang='grc' dir='ltr'><strong>ο</strong></span> <span class='ocrx_word' id='word_1_224' title='bbox 1299 2855 1473 2911; x_wconf 89' lang='lat' dir='ltr'><strong>amice</strong></span> <span class='ocrx_word' id='word_1_225' title='bbox 1516 2856 1767 2912; x_wconf 84' lang='lat' dir='ltr'><strong>veritatis</strong></span> <span class='ocrx_word' id='word_1_226' title='bbox 1810 2857 1994 2923; x_wconf 88' lang='lat' dir='ltr'><strong>homo,</strong></span> <span class='ocrx_word' id='word_1_227' title='bbox 2030 2858 2123 2929; x_wconf 92' lang='lat' dir='ltr'><strong>qui</strong></span> 
     </span>
    </p>
   </div>
   <div class='ocr_carea' id='block_1_33' title="bbox 554 2942 2123 3020">
    <p class='ocr_par' dir='ltr' id='par_1_33' title="bbox 554 2942 2123 3020">
     <span class='ocr_line' id='line_1_33' title="bbox 554 2942 2123 3020; baseline 0.006 -25"><span class='ocrx_word' id='word_1_228' title='bbox 554 2942 906 2998; x_wconf 87' lang='lat' dir='ltr'><strong>mendacium</strong></span> <span class='ocrx_word' id='word_1_229' title='bbox 949 2943 1122 2999; x_wconf 91' lang='lat' dir='ltr'><strong>fetum</strong></span> <span class='ocrx_word' id='word_1_230' title='bbox 1170 2959 1297 3001; x_wconf 88' lang='lat' dir='ltr'><strong>esse</strong></span> <span class='ocrx_word' id='word_1_231' title='bbox 1351 2946 1554 3002; x_wconf 86' lang='lat' dir='ltr'><strong>diaboli</strong></span> <span class='ocrx_word' id='word_1_232' title='bbox 1587 2947 1817 3004; x_wconf 89' lang='lat' dir='ltr'><strong>edoctus</strong></span> <span class='ocrx_word' id='word_1_233' title='bbox 1857 2965 1939 3013; x_wconf 81' lang='lat' dir='ltr'><strong>es,</strong></span> <span class='ocrx_word' id='word_1_234' title='bbox 1984 2964 2123 3020; x_wconf 90' lang='lat' dir='ltr'><strong>quo-</strong></span> 
     </span>
    </p>
   </div>
   <div class='ocr_carea' id='block_1_34' title="bbox 553 3035 2121 3109">
    <p class='ocr_par' dir='ltr' id='par_1_34' title="bbox 553 3035 2121 3109">
     <span class='ocr_line' id='line_1_34' title="bbox 553 3035 2121 3109; baseline 0.004 -21"><span class='ocrx_word' id='word_1_235' title='bbox 553 3035 715 3089; x_wconf 89' lang='lat' dir='ltr'><strong>modo</strong></span> <span class='ocrx_word' id='word_1_236' title='bbox 754 3050 1079 3104; x_wconf 88' lang='lat' dir='ltr'><strong>persuasum</strong></span> <span class='ocrx_word' id='word_1_237' title='bbox 1121 3035 1294 3092; x_wconf 87' lang='lat' dir='ltr'><strong>habes</strong></span> <span class='ocrx_word' id='word_1_238' title='bbox 1341 3051 1518 3092; x_wconf 90' lang='lat' dir='ltr'><strong>meam</strong></span> <span class='ocrx_word' id='word_1_239' title='bbox 1566 3051 1690 3093; x_wconf 86' lang='lat' dir='ltr'><strong>esse</strong></span> <span class='ocrx_word' id='word_1_240' title='bbox 1722 3037 1868 3091; x_wconf 89' lang='lat' dir='ltr'><strong>illam</strong></span> <span class='ocrx_word' id='word_1_241' title='bbox 1914 3038 2121 3109; x_wconf 89' lang='lat' dir='ltr'><strong>episto-</strong></span> 
     </span>
    </p>
   </div>
   <div class='ocr_carea' id='block_1_35' title="bbox 553 3125 2189 3216">
    <p class='ocr_par' dir='ltr' id='par_1_35' title="bbox 553 3125 2189 3216">
     <span class='ocr_line' id='line_1_35' title="bbox 553 3125 2189 3216; baseline 0.004 -39"><span class='ocrx_word' id='word_1_242' title='bbox 553 3127 697 3181; x_wconf 84' lang='lat' dir='ltr'><strong>lam?</strong></span> <span class='ocrx_word' id='word_1_243' title='bbox 738 3125 858 3181; x_wconf 86' lang='lat' dir='ltr'><strong>Non</strong></span> <span class='ocrx_word' id='word_1_244' title='bbox 892 3128 1038 3182; x_wconf 90' lang='lat' dir='ltr'><strong>enim</strong></span> <span class='ocrx_word' id='word_1_245' title='bbox 1089 3127 1313 3195; x_wconf 90' lang='lat' dir='ltr'><strong>misisti,</strong></span> <span class='ocrx_word' id='word_1_246' title='bbox 1363 3143 1464 3184; x_wconf 89' lang='lat' dir='ltr'><strong>nec</strong></span> <span class='ocrx_word' id='word_1_247' title='bbox 1515 3128 1891 3199; x_wconf 84' lang='lat' dir='ltr'><strong>interrogasti,</strong></span> <span class='ocrx_word' id='word_1_248' title='bbox 1946 3145 2049 3186; x_wconf 89' lang='lat' dir='ltr'><strong>nec</strong></span> <span class='ocrx_word' id='word_1_249' title='bbox 2086 3146 2115 3184; x_wconf 89' lang='lat' dir='ltr'><strong>a</strong></span> <span class='ocrx_word' id='word_1_250' title='bbox 2146 3157 2189 3216; x_wconf 65' lang='grc' dir='ltr'><strong><em>ε</em></strong></span> 
     </span>
    </p>
   </div>
   <div class='ocr_carea' id='block_1_36' title="bbox 553 3219 2121 3292">
    <p class='ocr_par' dir='ltr' id='par_1_36' title="bbox 553 3219 2121 3292">
     <span class='ocr_line' id='line_1_36' title="bbox 553 3219 2121 3292; baseline 0.002 -19"><span class='ocrx_word' id='word_1_251' title='bbox 553 3234 664 3282; x_wconf 86' lang='lat' dir='ltr'><strong>me,</strong></span> <span class='ocrx_word' id='word_1_252' title='bbox 696 3220 792 3290; x_wconf 91' lang='lat' dir='ltr'><strong>qui</strong></span> <span class='ocrx_word' id='word_1_253' title='bbox 824 3219 924 3275; x_wconf 87' lang='lat' dir='ltr'><strong>tibi</strong></span> <span class='ocrx_word' id='word_1_254' title='bbox 955 3235 1150 3275; x_wconf 88' lang='lat' dir='ltr'><strong>verum</strong></span> <span class='ocrx_word' id='word_1_255' title='bbox 1175 3219 1359 3287; x_wconf 78' lang='lat' dir='ltr'><strong>dicere</strong></span> <span class='ocrx_word' id='word_1_256' title='bbox 1394 3229 1665 3291; x_wconf 87' lang='lat' dir='ltr'><strong>poteram,</strong></span> <span class='ocrx_word' id='word_1_257' title='bbox 1712 3220 1975 3277; x_wconf 89' lang='lat' dir='ltr'><strong>didicisti.</strong></span> <span class='ocrx_word' id='word_1_258' title='bbox 2011 3220 2121 3292; x_wconf 72' lang='lat' dir='ltr'><strong>Sed</strong></span> 
     </span>
    </p>
   </div>
   <div class='ocr_carea' id='block_1_37' title="bbox 551 3312 2124 3384">
    <p class='ocr_par' dir='ltr' id='par_1_37' title="bbox 551 3312 2124 3384">
     <span class='ocr_line' id='line_1_37' title="bbox 551 3312 2124 3384; baseline 0.002 -17"><span class='ocrx_word' id='word_1_259' title='bbox 551 3312 767 3367; x_wconf 90' lang='lat' dir='ltr'><strong>etiamsi</strong></span> <span class='ocrx_word' id='word_1_260' title='bbox 804 3328 941 3368; x_wconf 65' lang='lat' dir='ltr'><strong>mea:</strong></span> <span class='ocrx_word' id='word_1_261' title='bbox 983 3320 1173 3370; x_wconf 90' lang='lat' dir='ltr'><strong>essent</strong></span> <span class='ocrx_word' id='word_1_262' title='bbox 1203 3314 1420 3380; x_wconf 67' lang='lat' dir='ltr'><strong>litterae,</strong></span> <span class='ocrx_word' id='word_1_263' title='bbox 1456 3313 1600 3369; x_wconf 91' lang='lat' dir='ltr'><strong>unde</strong></span> <span class='ocrx_word' id='word_1_264' title='bbox 1646 3322 1984 3384; x_wconf 89' lang='lat' dir='ltr'><strong>compertum</strong></span> <span class='ocrx_word' id='word_1_265' title='bbox 2024 3314 2124 3370; x_wconf 91' lang='lat' dir='ltr'><strong>tibi</strong></span> 
     </span>
    </p>
   </div>
   <div class='ocr_carea' id='block_1_38' title="bbox 551 3403 2124 3475">
    <p class='ocr_par' dir='ltr' id='par_1_38' title="bbox 551 3403 2124 3475">
     <span class='ocr_line' id='line_1_38' title="bbox 551 3403 2124 3475; baseline 0.003 -18"><span class='ocrx_word' id='word_1_266' title='bbox 551 3412 659 3467; x_wconf 91' lang='lat' dir='ltr'><strong>est,</strong></span> <span class='ocrx_word' id='word_1_267' title='bbox 689 3403 943 3459; x_wconf 84' lang='lat' dir='ltr'><strong>volumen</strong></span> <span class='ocrx_word' id='word_1_268' title='bbox 981 3404 1143 3470; x_wconf 93' lang='lat' dir='ltr'><strong>illud,</strong></span> <span class='ocrx_word' id='word_1_269' title='bbox 1174 3405 1321 3475; x_wconf 92' lang='lat' dir='ltr'><strong>quod</strong></span> <span class='ocrx_word' id='word_1_270' title='bbox 1358 3420 1504 3460; x_wconf 90' lang='lat' dir='ltr'><strong>nunc</strong></span> <span class='ocrx_word' id='word_1_271' title='bbox 1554 3404 1610 3459; x_wconf 93' lang='lat' dir='ltr'><strong>in</strong></span> <span class='ocrx_word' id='word_1_272' title='bbox 1652 3419 1850 3460; x_wconf 88' lang='lat' dir='ltr'><strong>manus</strong></span> <span class='ocrx_word' id='word_1_273' title='bbox 1880 3413 2003 3461; x_wconf 90' lang='lat' dir='ltr'><strong>tuas</strong></span> <span class='ocrx_word' id='word_1_274' title='bbox 2037 3405 2124 3461; x_wconf 88' lang='lat' dir='ltr'><strong>in-</strong></span> 
     </span>
    </p>
   </div>
   <div class='ocr_carea' id='block_1_39' title="bbox 552 3494 2123 3567">
    <p class='ocr_par' dir='ltr' id='par_1_39' title="bbox 552 3494 2123 3567">
     <span class='ocr_line' id='line_1_39' title="bbox 552 3494 2123 3567; baseline 0.002 -18"><span class='ocrx_word' id='word_1_275' title='bbox 552 3494 710 3560; x_wconf 86' lang='lat' dir='ltr'><strong>cidit,</strong></span> <span class='ocrx_word' id='word_1_276' title='bbox 740 3496 950 3567; x_wconf 82' lang='lat' dir='ltr'><strong>aequale</strong></span> <span class='ocrx_word' id='word_1_277' title='bbox 978 3512 1102 3553; x_wconf 86' lang='lat' dir='ltr'><strong>esse</strong></span> <span class='ocrx_word' id='word_1_278' title='bbox 1132 3497 1340 3552; x_wconf 88' lang='lat' dir='ltr'><strong>litteris</strong></span> <span class='ocrx_word' id='word_1_279' title='bbox 1370 3496 1548 3553; x_wconf 89' lang='lat' dir='ltr'><strong>meis?</strong></span> <span class='ocrx_word' id='word_1_280' title='bbox 1576 3496 1701 3567; x_wconf 86' lang='lat' dir='ltr'><strong>quis</strong></span> <span class='ocrx_word' id='word_1_281' title='bbox 1742 3495 1844 3552; x_wconf 86' lang='lat' dir='ltr'><strong>tibi</strong></span> <span class='ocrx_word' id='word_1_282' title='bbox 1870 3496 2009 3552; x_wconf 79' lang='lat' dir='ltr'><strong>dixit</strong></span> <span class='ocrx_word' id='word_1_283' title='bbox 2036 3497 2123 3552; x_wconf 85' lang='lat' dir='ltr'><strong>vi-</strong></span> 
     </span>
    </p>
   </div>
   <div class='ocr_carea' id='block_1_40' title="bbox 551 3587 2125 3660">
    <p class='ocr_par' dir='ltr' id='par_1_40' title="bbox 551 3587 2125 3660">
     <span class='ocr_line' id='line_1_40' title="bbox 551 3587 2125 3660; baseline 0.002 -19"><span class='ocrx_word' id='word_1_284' title='bbox 551 3588 688 3658; x_wconf 88' lang='lat' dir='ltr'><strong>ginti</strong></span> <span class='ocrx_word' id='word_1_285' title='bbox 722 3603 845 3644; x_wconf 88' lang='lat' dir='ltr'><strong>esse</strong></span> <span class='ocrx_word' id='word_1_286' title='bbox 873 3588 1147 3642; x_wconf 88' lang='lat' dir='ltr'><strong>annorum</strong></span> <span class='ocrx_word' id='word_1_287' title='bbox 1181 3588 1236 3642; x_wconf 88' lang='lat' dir='ltr'><strong>id</strong></span> <span class='ocrx_word' id='word_1_288' title='bbox 1257 3587 1547 3644; x_wconf 86' lang='lat' dir='ltr'><strong>volumen?</strong></span> <span class='ocrx_word' id='word_1_289' title='bbox 1566 3587 1712 3642; x_wconf 90' lang='lat' dir='ltr'><strong>unde</strong></span> <span class='ocrx_word' id='word_1_290' title='bbox 1741 3588 1906 3642; x_wconf 89' lang='lat' dir='ltr'><strong>etiam</strong></span> <span class='ocrx_word' id='word_1_291' title='bbox 1938 3588 2125 3660; x_wconf 78' lang='lat' dir='ltr'><strong>explo-</strong></span> 
     </span>
    </p>
   </div>
   <div class='ocr_carea' id='block_1_41' title="bbox 552 3677 2121 3747">
    <p class='ocr_par' dir='ltr' id='par_1_41' title="bbox 552 3677 2121 3747">
     <span class='ocr_line' id='line_1_41' title="bbox 552 3677 2121 3747; baseline -0.001 -14"><span class='ocrx_word' id='word_1_292' title='bbox 552 3685 736 3733; x_wconf 84' lang='lat' dir='ltr'><strong>ratum</strong></span> <span class='ocrx_word' id='word_1_293' title='bbox 779 3685 887 3741; x_wconf 88' lang='lat' dir='ltr'><strong>est,</strong></span> <span class='ocrx_word' id='word_1_294' title='bbox 927 3677 1078 3734; x_wconf 87' lang='lat' dir='ltr'><strong>illius</strong></span> <span class='ocrx_word' id='word_1_295' title='bbox 1109 3678 1285 3747; x_wconf 90' lang='lat' dir='ltr'><strong>ipsius</strong></span> <span class='ocrx_word' id='word_1_296' title='bbox 1316 3678 1557 3733; x_wconf 87' lang='lat' dir='ltr'><strong>hominis</strong></span> <span class='ocrx_word' id='word_1_297' title='bbox 1586 3692 1712 3733; x_wconf 90' lang='lat' dir='ltr'><strong>esse</strong></span> <span class='ocrx_word' id='word_1_298' title='bbox 1742 3678 2121 3747; x_wconf 85' lang='lat' dir='ltr'><strong>scriptionem,</strong></span> 
     </span>
    </p>
   </div>
   <div class='ocr_carea' id='block_1_42' title="bbox 553 3767 2125 3839">
    <p class='ocr_par' dir='ltr' id='par_1_42' title="bbox 553 3767 2125 3839">
     <span class='ocr_line' id='line_1_42' title="bbox 553 3767 2125 3839; baseline 0.001 -17"><span class='ocrx_word' id='word_1_299' title='bbox 553 3768 622 3823; x_wconf 88' lang='lat' dir='ltr'><strong>ad</strong></span> <span class='ocrx_word' id='word_1_300' title='bbox 665 3784 828 3839; x_wconf 91' lang='lat' dir='ltr'><strong>quem</strong></span> <span class='ocrx_word' id='word_1_301' title='bbox 861 3776 916 3823; x_wconf 90' lang='lat' dir='ltr'><strong>et</strong></span> <span class='ocrx_word' id='word_1_302' title='bbox 963 3783 992 3822; x_wconf 95' lang='lat' dir='ltr'><strong>a</strong></span> <span class='ocrx_word' id='word_1_303' title='bbox 1025 3783 1113 3824; x_wconf 89' lang='lat' dir='ltr'><strong>me</strong></span> <span class='ocrx_word' id='word_1_304' title='bbox 1144 3769 1317 3825; x_wconf 87' lang='lat' dir='ltr'><strong>missa</strong></span> <span class='ocrx_word' id='word_1_305' title='bbox 1350 3769 1624 3839; x_wconf 90' lang='lat' dir='ltr'><strong>epistola?</strong></span> <span class='ocrx_word' id='word_1_306' title='bbox 1659 3767 1818 3835; x_wconf 83' lang='lat' dir='ltr'><strong>Quod</strong></span> <span class='ocrx_word' id='word_1_307' title='bbox 1858 3769 1907 3823; x_wconf 93' lang='lat' dir='ltr'><strong>si</strong></span> <span class='ocrx_word' id='word_1_308' title='bbox 1953 3777 2008 3824; x_wconf 92' lang='lat' dir='ltr'><strong>et</strong></span> <span class='ocrx_word' id='word_1_309' title='bbox 2035 3769 2125 3825; x_wconf 88' lang='lat' dir='ltr'><strong>ille</strong></span> 
     </span>
    </p>
   </div>
   <div class='ocr_carea' id='block_1_43' title="bbox 553 3859 2123 3932">
    <p class='ocr_par' dir='ltr' id='par_1_43' title="bbox 553 3859 2123 3932">
     <span class='ocr_line' id='line_1_43' title="bbox 553 3859 2123 3932; baseline 0.001 -17"><span class='ocrx_word' id='word_1_310' title='bbox 553 3862 791 3932; x_wconf 75' lang='lat' dir='ltr'><strong>scriptor</strong></span> <span class='ocrx_word' id='word_1_311' title='bbox 825 3869 932 3923; x_wconf 90' lang='lat' dir='ltr'><strong>est,</strong></span> <span class='ocrx_word' id='word_1_312' title='bbox 963 3869 1020 3916; x_wconf 87' lang='lat' dir='ltr'><strong>et</strong></span> <span class='ocrx_word' id='word_1_313' title='bbox 1059 3876 1159 3932; x_wconf 84' lang='lat' dir='ltr'><strong>ego</strong></span> <span class='ocrx_word' id='word_1_314' title='bbox 1203 3859 1273 3915; x_wconf 91' lang='lat' dir='ltr'><strong>ad</strong></span> <span class='ocrx_word' id='word_1_315' title='bbox 1312 3861 1466 3915; x_wconf 88' lang='lat' dir='ltr'><strong>illum</strong></span> <span class='ocrx_word' id='word_1_316' title='bbox 1507 3861 1725 3931; x_wconf 91' lang='lat' dir='ltr'><strong>scripsi,</strong></span> <span class='ocrx_word' id='word_1_317' title='bbox 1766 3868 1821 3916; x_wconf 91' lang='lat' dir='ltr'><strong>et</strong></span> <span class='ocrx_word' id='word_1_318' title='bbox 1856 3876 2022 3915; x_wconf 89' lang='lat' dir='ltr'><strong>unum</strong></span> <span class='ocrx_word' id='word_1_319' title='bbox 2058 3876 2123 3916; x_wconf 90' lang='lat' dir='ltr'><strong>ac</strong></span> 
     </span>
    </p>
   </div>
   <div class='ocr_carea' id='block_1_44' title="bbox 552 3950 2121 4024">
    <p class='ocr_par' dir='ltr' id='par_1_44' title="bbox 552 3950 2121 4024">
     <span class='ocr_line' id='line_1_44' title="bbox 552 3950 2121 4024; baseline 0.003 -21"><span class='ocrx_word' id='word_1_320' title='bbox 552 3950 699 4005; x_wconf 90' lang='lat' dir='ltr'><strong>idem</strong></span> <span class='ocrx_word' id='word_1_321' title='bbox 737 3958 952 4020; x_wconf 84' lang='lat' dir='ltr'><strong>tempus</strong></span> <span class='ocrx_word' id='word_1_322' title='bbox 984 3966 1227 4006; x_wconf 86' lang='lat' dir='ltr'><strong>mearum</strong></span> <span class='ocrx_word' id='word_1_323' title='bbox 1259 3951 1572 4007; x_wconf 89' lang='lat' dir='ltr'><strong>litterarum</strong></span> <span class='ocrx_word' id='word_1_324' title='bbox 1609 3962 1665 4007; x_wconf 87' lang='lat' dir='ltr'><strong>et</strong></span> <span class='ocrx_word' id='word_1_325' title='bbox 1707 3952 1874 4024; x_wconf 86' lang='lat' dir='ltr'><strong>hujus</strong></span> <span class='ocrx_word' id='word_1_326' title='bbox 1906 3953 2121 4024; x_wconf 84' lang='lat' dir='ltr'><strong>scripti,</strong></span> 
     </span>
    </p>
   </div>
   <div class='ocr_carea' id='block_1_45' title="bbox 551 4042 2124 4116">
    <p class='ocr_par' dir='ltr' id='par_1_45' title="bbox 551 4042 2124 4116">
     <span class='ocr_line' id='line_1_45' title="bbox 551 4042 2124 4116; baseline 0.004 -20"><span class='ocrx_word' id='word_1_327' title='bbox 551 4043 863 4111; x_wconf 84' lang='lat' dir='ltr'><strong>suscepisse</strong></span> <span class='ocrx_word' id='word_1_328' title='bbox 896 4058 984 4098; x_wconf 88' lang='lat' dir='ltr'><strong>me</strong></span> <span class='ocrx_word' id='word_1_329' title='bbox 1023 4042 1161 4097; x_wconf 91' lang='lat' dir='ltr'><strong>illud</strong></span> <span class='ocrx_word' id='word_1_330' title='bbox 1190 4044 1396 4107; x_wconf 87' lang='lat' dir='ltr'><strong>animo,</strong></span> <span class='ocrx_word' id='word_1_331' title='bbox 1428 4045 1661 4116; x_wconf 90' lang='lat' dir='ltr'><strong>ejusque</strong></span> <span class='ocrx_word' id='word_1_332' title='bbox 1695 4046 2024 4102; x_wconf 87' lang='lat' dir='ltr'><strong>sententiam</strong></span> <span class='ocrx_word' id='word_1_333' title='bbox 2066 4046 2124 4102; x_wconf 87' lang='lat' dir='ltr'><strong>in</strong></span> 
     </span>
    </p>
   </div>
   <div class='ocr_carea' id='block_1_46' title="bbox 551 4132 1740 4207">
    <p class='ocr_par' dir='ltr' id='par_1_46' title="bbox 551 4132 1740 4207">
     <span class='ocr_line' id='line_1_46' title="bbox 551 4132 1740 4207; baseline 0 -18"><span class='ocrx_word' id='word_1_334' title='bbox 551 4132 763 4202; x_wconf 86' lang='lat' dir='ltr'><strong>meipso</strong></span> <span class='ocrx_word' id='word_1_335' title='bbox 788 4141 996 4202; x_wconf 88' lang='lat' dir='ltr'><strong>tenere,</strong></span> <span class='ocrx_word' id='word_1_336' title='bbox 1027 4149 1136 4204; x_wconf 91' lang='lat' dir='ltr'><strong>quo</strong></span> <span class='ocrx_word' id='word_1_337' title='bbox 1170 4134 1344 4205; x_wconf 90' lang='lat' dir='ltr'><strong>liquet</strong></span> <span class='ocrx_word' id='word_1_338' title='bbox 1377 4136 1740 4207; x_wconf 87' lang='lat' dir='ltr'><strong>argumento?</strong></span> 
     </span>
    </p>
   </div>
   <div class='ocr_carea' id='block_1_47' title="bbox 618 4398 2119 4473">
    <p class='ocr_par' dir='ltr' id='par_1_47' title="bbox 618 4398 2119 4473">
     <span class='ocr_line' id='line_1_47' title="bbox 618 4398 2119 4473; baseline 0.003 -15"><span class='ocrx_word' id='word_1_339' title='bbox 618 4402 677 4459; x_wconf 84' lang='lat'><strong>5.</strong></span> <span class='ocrx_word' id='word_1_340' title='bbox 716 4398 1050 4456; x_wconf 88' lang='lat' dir='ltr'><strong>Percontare</strong></span> <span class='ocrx_word' id='word_1_341' title='bbox 1098 4407 1153 4457; x_wconf 89' lang='lat' dir='ltr'><strong>te</strong></span> <span class='ocrx_word' id='word_1_342' title='bbox 1195 4400 1314 4472; x_wconf 90' lang='lat' dir='ltr'><strong>ipse</strong></span> <span class='ocrx_word' id='word_1_343' title='bbox 1345 4420 1359 4457; x_wconf 90' lang='lat'><strong>:</strong></span> <span class='ocrx_word' id='word_1_344' title='bbox 1394 4401 1612 4473; x_wconf 89' lang='lat' dir='ltr'><strong>quoties</strong></span> <span class='ocrx_word' id='word_1_345' title='bbox 1652 4418 1738 4460; x_wconf 90' lang='lat' dir='ltr'><strong>me</strong></span> <span class='ocrx_word' id='word_1_346' title='bbox 1792 4403 2026 4460; x_wconf 88' lang='lat' dir='ltr'><strong>invisisti</strong></span> <span class='ocrx_word' id='word_1_347' title='bbox 2062 4405 2119 4462; x_wconf 92' lang='lat' dir='ltr'><strong>in</strong></span> 
     </span>
    </p>
   </div>
   <div class='ocr_carea' id='block_1_48' title="bbox 550 4488 2118 4580">
    <p class='ocr_par' dir='ltr' id='par_1_48' title="bbox 550 4491 2115 4563">
     <span class='ocr_line' id='line_1_48' title="bbox 550 4491 2115 4563; baseline 0.002 -15"><span class='ocrx_word' id='word_1_348' title='bbox 550 4492 888 4549; x_wconf 87' lang='lat' dir='ltr'><strong>monasterio</strong></span> <span class='ocrx_word' id='word_1_349' title='bbox 933 4492 1001 4547; x_wconf 90' lang='lat' dir='ltr'><strong>ad</strong></span> <span class='ocrx_word' id='word_1_350' title='bbox 1045 4491 1247 4548; x_wconf 86' lang='lat' dir='ltr'><strong>Iridem</strong></span> <span class='ocrx_word' id='word_1_351' title='bbox 1277 4492 1520 4561; x_wconf 85' lang='lat' dir='ltr'><strong>fluvium,</strong></span> <span class='ocrx_word' id='word_1_352' title='bbox 1578 4509 1705 4563; x_wconf 86' lang='lat' dir='ltr'><strong>cum</strong></span> <span class='ocrx_word' id='word_1_353' title='bbox 1754 4510 1966 4550; x_wconf 91' lang='lat' dir='ltr'><strong>mecum</strong></span> <span class='ocrx_word' id='word_1_354' title='bbox 2007 4512 2115 4552; x_wconf 89' lang='lat' dir='ltr'><strong>una</strong></span> 
     </span>
    </p>
   </div>
   <div class='ocr_carea' id='block_1_49' title="bbox 2222 4488 3733 4580">
    <p class='ocr_par' dir='ltr' id='par_1_49' title="bbox 2222 4488 3733 4580">
     <span class='ocr_line' id='line_1_49' title="bbox 2222 4488 3733 4580; baseline 0.001 -2"><span class='ocrx_word' id='word_1_355' title='bbox 2222 4509 2313 4563; x_wconf 61' lang='grc' dir='ltr'><strong>ἐπὶ</strong></span> <span class='ocrx_word' id='word_1_356' title='bbox 2356 4488 2471 4580; x_wconf 41' lang='grc' dir='ltr'>τῆςί</span> <span class='ocrx_word' id='word_1_357' title='bbox 2512 4506 2681 4579; x_wconf 77' lang='grc' dir='ltr'>μονῆς</span> <span class='ocrx_word' id='word_1_358' title='bbox 2728 4507 2829 4577; x_wconf 76' lang='grc' dir='ltr'><strong>τῆς</strong></span> <span class='ocrx_word' id='word_1_359' title='bbox 2871 4503 2964 4559; x_wconf 54' lang='lat' dir='ltr'><strong>an!</strong></span> <span class='ocrx_word' id='word_1_360' title='bbox 3006 4502 3085 4576; x_wconf 75' lang='grc' dir='ltr'><strong>τῷ</strong></span> <span class='ocrx_word' id='word_1_361' title='bbox 3138 4503 3296 4576; x_wconf 72' lang='grc' dir='ltr'>Ἴριδι</span> <span class='ocrx_word' id='word_1_362' title='bbox 3332 4488 3733 4580; x_wconf 64' lang='grc' dir='ltr'>ποταμῷνδτεεέὶ</span> 
     </span>
    </p>
   </div>
   <div class='ocr_carea' id='block_1_50' title="bbox 444 4582 2120 4667">
    <p class='ocr_par' dir='ltr' id='par_1_50' title="bbox 444 4582 2120 4667">
     <span class='ocr_line' id='line_1_50' title="bbox 444 4582 2120 4667; baseline 0.004 -29"><span class='ocrx_word' id='word_1_363' title='bbox 444 4654 455 4667; x_wconf 24' lang='grc' dir='ltr'>χ</span> <span class='ocrx_word' id='word_1_364' title='bbox 550 4582 769 4640; x_wconf 84' lang='lat' dir='ltr'><strong>adesset</strong></span> <span class='ocrx_word' id='word_1_365' title='bbox 810 4584 1265 4659; x_wconf 73' lang='lat' dir='ltr'><strong>religiosissimus</strong></span> <span class='ocrx_word' id='word_1_366' title='bbox 1308 4583 1481 4640; x_wconf 82' lang='lat' dir='ltr'><strong>frater</strong></span> <span class='ocrx_word' id='word_1_367' title='bbox 1506 4583 1827 4656; x_wconf 81' lang='lat' dir='ltr'><strong>Gregorius,</strong></span> <span class='ocrx_word' id='word_1_368' title='bbox 1870 4587 2013 4644; x_wconf 90' lang='lat' dir='ltr'><strong>idem</strong></span> <span class='ocrx_word' id='word_1_369' title='bbox 2054 4603 2120 4644; x_wconf 89' lang='lat' dir='ltr'><strong>ac</strong></span> 
     </span>
    </p>
   </div>
   <div class='ocr_carea' id='block_1_51' title="bbox 548 4674 2119 4750">
    <p class='ocr_par' dir='ltr' id='par_1_51' title="bbox 548 4674 2119 4750">
     <span class='ocr_line' id='line_1_51' title="bbox 548 4674 2119 4750; baseline 0.004 -20"><span class='ocrx_word' id='word_1_370' title='bbox 548 4690 649 4745; x_wconf 82' lang='lat' dir='ltr'><strong>ego</strong></span> <span class='ocrx_word' id='word_1_371' title='bbox 690 4674 817 4730; x_wconf 74' lang='lat' dir='ltr'><strong>vitae</strong></span> <span class='ocrx_word' id='word_1_372' title='bbox 850 4676 1164 4731; x_wconf 87' lang='lat' dir='ltr'><strong>institutum</strong></span> <span class='ocrx_word' id='word_1_373' title='bbox 1211 4677 1481 4747; x_wconf 83' lang='lat' dir='ltr'><strong>sequens?</strong></span> <span class='ocrx_word' id='word_1_374' title='bbox 1515 4675 1653 4732; x_wconf 83' lang='lat' dir='ltr'><strong>Num</strong></span> <span class='ocrx_word' id='word_1_375' title='bbox 1692 4679 1822 4748; x_wconf 86' lang='lat' dir='ltr'><strong>quid</strong></span> <span class='ocrx_word' id='word_1_376' title='bbox 1852 4679 2119 4750; x_wconf 83' lang='lat' dir='ltr'><strong>ejusmodi</strong></span> 
     </span>
    </p>
   </div>
   <div class='ocr_carea' id='block_1_52' title="bbox 549 4766 2116 4842">
    <p class='ocr_par' dir='ltr' id='par_1_52' title="bbox 549 4766 2116 4842">
     <span class='ocr_line' id='line_1_52' title="bbox 549 4766 2116 4842; baseline 0.006 -23"><span class='ocrx_word' id='word_1_377' title='bbox 549 4766 849 4822; x_wconf 74' lang='lat' dir='ltr'><strong>audivisti?</strong></span> <span class='ocrx_word' id='word_1_378' title='bbox 896 4783 1028 4823; x_wconf 92' lang='lat' dir='ltr'><strong>num</strong></span> <span class='ocrx_word' id='word_1_379' title='bbox 1080 4769 1537 4840; x_wconf 83' lang='lat' dir='ltr'><strong>significationem</strong></span> <span class='ocrx_word' id='word_1_380' title='bbox 1592 4770 1849 4841; x_wconf 88' lang='lat' dir='ltr'><strong>accepisti</strong></span> <span class='ocrx_word' id='word_1_381' title='bbox 1897 4786 2116 4842; x_wconf 83' lang='lat' dir='ltr'><strong>parvam</strong></span> 
     </span>
    </p>
   </div>
   <div class='ocr_carea' id='block_1_53' title="bbox 548 4860 2118 4933">
    <p class='ocr_par' dir='ltr' id='par_1_53' title="bbox 548 4860 2118 4933">
     <span class='ocr_line' id='line_1_53' title="bbox 548 4860 2118 4933; baseline 0.004 -19"><span class='ocrx_word' id='word_1_382' title='bbox 548 4869 644 4914; x_wconf 92' lang='lat' dir='ltr'><strong>aut</strong></span> <span class='ocrx_word' id='word_1_383' title='bbox 676 4861 971 4931; x_wconf 89' lang='lat' dir='ltr'><strong>magnam?</strong></span> <span class='ocrx_word' id='word_1_384' title='bbox 1002 4860 1149 4927; x_wconf 84' lang='lat' dir='ltr'><strong>Quot</strong></span> <span class='ocrx_word' id='word_1_385' title='bbox 1178 4869 1360 4917; x_wconf 91' lang='lat' dir='ltr'><strong>autem</strong></span> <span class='ocrx_word' id='word_1_386' title='bbox 1389 4861 1508 4919; x_wconf 88' lang='lat' dir='ltr'><strong>dies</strong></span> <span class='ocrx_word' id='word_1_387' title='bbox 1553 4862 1606 4917; x_wconf 91' lang='lat' dir='ltr'><strong>in</strong></span> <span class='ocrx_word' id='word_1_388' title='bbox 1647 4862 1792 4927; x_wconf 88' lang='lat' dir='ltr'><strong>vico,</strong></span> <span class='ocrx_word' id='word_1_389' title='bbox 1826 4863 1918 4933; x_wconf 93' lang='lat' dir='ltr'><strong>qui</strong></span> <span class='ocrx_word' id='word_1_390' title='bbox 1939 4875 2024 4920; x_wconf 93' lang='lat' dir='ltr'><strong>est</strong></span> <span class='ocrx_word' id='word_1_391' title='bbox 2050 4864 2118 4919; x_wconf 90' lang='lat' dir='ltr'><strong>ad</strong></span> 
     </span>
    </p>
   </div>
   <div class='ocr_carea' id='block_1_54' title="bbox 548 4952 2119 5025">
    <p class='ocr_par' dir='ltr' id='par_1_54' title="bbox 548 4952 2119 5025">
     <span class='ocr_line' id='line_1_54' title="bbox 548 4952 2119 5025; baseline 0.004 -21"><span class='ocrx_word' id='word_1_392' title='bbox 548 4952 710 5005; x_wconf 90' lang='lat' dir='ltr'><strong>aliam</strong></span> <span class='ocrx_word' id='word_1_393' title='bbox 743 4952 891 5006; x_wconf 83' lang='lat' dir='ltr'><strong>ﬂuvii</strong></span> <span class='ocrx_word' id='word_1_394' title='bbox 940 4954 1143 5023; x_wconf 84' lang='lat' dir='ltr'><strong>ripam,</strong></span> <span class='ocrx_word' id='word_1_395' title='bbox 1184 4954 1556 5025; x_wconf 86' lang='lat' dir='ltr'><strong>transegimus</strong></span> <span class='ocrx_word' id='word_1_396' title='bbox 1602 4953 1748 5024; x_wconf 90' lang='lat' dir='ltr'><strong>apud</strong></span> <span class='ocrx_word' id='word_1_397' title='bbox 1784 4970 1957 5010; x_wconf 85' lang='lat' dir='ltr'><strong>meam</strong></span> <span class='ocrx_word' id='word_1_398' title='bbox 2003 4971 2119 5011; x_wconf 89' lang='lat' dir='ltr'><strong>ma-</strong></span> 
     </span>
    </p>
   </div>
   <div class='ocr_carea' id='block_1_55' title="bbox 546 5045 2118 5118">
    <p class='ocr_par' dir='ltr' id='par_1_55' title="bbox 546 5045 2118 5118">
     <span class='ocr_line' id='line_1_55' title="bbox 546 5045 2118 5118; baseline 0.006 -22"><span class='ocrx_word' id='word_1_399' title='bbox 546 5051 709 5107; x_wconf 88' lang='lat' dir='ltr'><strong>trem,</strong></span> <span class='ocrx_word' id='word_1_400' title='bbox 762 5045 856 5099; x_wconf 91' lang='lat' dir='ltr'><strong>ubi</strong></span> <span class='ocrx_word' id='word_1_401' title='bbox 897 5046 1046 5101; x_wconf 87' lang='lat' dir='ltr'><strong>velut</strong></span> <span class='ocrx_word' id='word_1_402' title='bbox 1090 5046 1253 5100; x_wconf 90' lang='lat' dir='ltr'><strong>amici</strong></span> <span class='ocrx_word' id='word_1_403' title='bbox 1289 5047 1433 5102; x_wconf 87' lang='lat' dir='ltr'><strong>inter</strong></span> <span class='ocrx_word' id='word_1_404' title='bbox 1484 5061 1584 5101; x_wconf 89' lang='lat' dir='ltr'><strong>nos</strong></span> <span class='ocrx_word' id='word_1_405' title='bbox 1630 5045 1981 5118; x_wconf 81' lang='lat' dir='ltr'><strong>(legebamus,</strong></span> <span class='ocrx_word' id='word_1_406' title='bbox 2018 5064 2118 5105; x_wconf 87' lang='lat' dir='ltr'><strong>no-</strong></span> 
     </span>
    </p>
   </div>
   <div class='ocr_carea' id='block_1_56' title="bbox 619 5201 2117 5278">
    <p class='ocr_par' dir='ltr' id='par_1_56' title="bbox 619 5201 2117 5278">
     <span class='ocr_line' id='line_1_56' title="bbox 619 5201 2117 5278; baseline 0.009 -24"><span class='ocrx_word' id='word_1_407' title='bbox 619 5201 729 5278; x_wconf 68' lang='lat'><strong>(95)</strong></span> <span class='ocrx_word' id='word_1_408' title='bbox 762 5202 873 5255; x_wconf 80' lang='grc' dir='ltr'><strong>Τὸν</strong></span> <span class='ocrx_word' id='word_1_409' title='bbox 895 5203 1020 5278; x_wconf 66' lang='grc' dir='ltr'><strong>νῦν</strong></span> <span class='ocrx_word' id='word_1_410' title='bbox 1047 5204 1412 5275; x_wconf 83' lang='grc' dir='ltr'>ὑπάρχοντα.</span> <span class='ocrx_word' id='word_1_411' title='bbox 1446 5206 1537 5262; x_wconf 89' lang='lat' dir='ltr'><strong>Sic</strong></span> <span class='ocrx_word' id='word_1_412' title='bbox 1575 5223 1677 5278; x_wconf 84' lang='lat' dir='ltr'><strong>ope</strong></span> <span class='ocrx_word' id='word_1_413' title='bbox 1726 5209 1990 5266; x_wconf 72' lang='lat' dir='ltr'><strong>llarlzeani</strong></span> <span class='ocrx_word' id='word_1_414' title='bbox 2022 5227 2117 5267; x_wconf 88' lang='lat' dir='ltr'><strong>co-</strong></span> 
     </span>
    </p>
   </div>
   <div class='ocr_carea' id='block_1_57' title="bbox 546 5272 2116 5354">
    <p class='ocr_par' dir='ltr' id='par_1_57' title="bbox 546 5272 2116 5354">
     <span class='ocr_line' id='line_1_57' title="bbox 546 5272 2116 5354; baseline 0.008 -29"><span class='ocrx_word' id='word_1_415' title='bbox 546 5272 686 5326; x_wconf 86' lang='lat' dir='ltr'><strong>dicis</strong></span> <span class='ocrx_word' id='word_1_416' title='bbox 712 5272 1124 5330; x_wconf 79' lang='lat' dir='ltr'><strong>eiuendavimus</strong></span> <span class='ocrx_word' id='word_1_417' title='bbox 1145 5272 1289 5346; x_wconf 83' lang='lat' dir='ltr'><strong>quod</strong></span> <span class='ocrx_word' id='word_1_418' title='bbox 1310 5285 1427 5332; x_wconf 84' lang='lat' dir='ltr'><strong>erat</strong></span> <span class='ocrx_word' id='word_1_419' title='bbox 1450 5279 1504 5332; x_wconf 88' lang='lat' dir='ltr'><strong>in</strong></span> <span class='ocrx_word' id='word_1_420' title='bbox 1533 5272 1696 5336; x_wconf 76' lang='lat' dir='ltr'><strong>editis</strong></span> <span class='ocrx_word' id='word_1_421' title='bbox 1716 5281 1776 5334; x_wconf 83' lang='grc' dir='ltr'>τὸ</span> <span class='ocrx_word' id='word_1_422' title='bbox 1799 5281 1894 5336; x_wconf 87' lang='grc' dir='ltr'><strong>νῦν</strong></span> <span class='ocrx_word' id='word_1_423' title='bbox 1925 5281 2116 5354; x_wconf 80' lang='grc' dir='ltr'>ὑπάρ-</span> 
     </span>
    </p>
   </div>
   <div class='ocr_carea' id='block_1_58' title="bbox 584 5360 661 5396">
    <p class='ocr_par' dir='ltr' id='par_1_58' title="bbox 584 5360 661 5396">
     <span class='ocr_line' id='line_1_58' title="bbox 584 5360 661 5396; baseline 0.013 -2"><span class='ocrx_word' id='word_1_424' title='bbox 584 5360 661 5396; x_wconf 84' lang='grc' dir='ltr'>ον.</span> 
     </span>
    </p>
   </div>
   <div class='ocr_carea' id='block_1_59' title="bbox 546 5360 2116 5487">
    <p class='ocr_par' dir='ltr' id='par_1_59' title="bbox 546 5360 2116 5487">
     <span class='ocr_line' id='line_1_59' title="bbox 546 5360 2116 5487; baseline 0.001 -10"><span class='ocrx_word' id='word_1_425' title='bbox 546 5360 730 5487; x_wconf 30' lang='grc' dir='ltr'><strong>ἕωίέδρ)</strong></span> <span class='ocrx_word' id='word_1_426' title='bbox 783 5414 888 5487; x_wconf 75' lang='grc' dir='ltr'><strong>Ἦν</strong></span> <span class='ocrx_word' id='word_1_427' title='bbox 926 5415 1186 5472; x_wconf 60' lang='lat' dir='ltr'><strong>minim.</strong></span> <span class='ocrx_word' id='word_1_428' title='bbox 1229 5415 1529 5487; x_wconf 75' lang='grc' dir='ltr'><strong>ῥημάτων.</strong></span> <span class='ocrx_word' id='word_1_429' title='bbox 1581 5418 1736 5485; x_wconf 86' lang='lat' dir='ltr'><strong>Quod</strong></span> <span class='ocrx_word' id='word_1_430' title='bbox 1809 5420 2116 5479; x_wconf 87' lang='lat' dir='ltr'><strong>addidimus</strong></span> 
     </span>
    </p>
   </div>
   <div class='ocr_carea' id='block_1_60' title="bbox 547 5482 2115 5549">
    <p class='ocr_par' dir='ltr' id='par_1_60' title="bbox 547 5482 2115 5549">
     <span class='ocr_line' id='line_1_60' title="bbox 547 5482 2115 5549; baseline 0.01 -15"><span class='ocrx_word' id='word_1_431' title='bbox 547 5482 650 5549; x_wconf 77' lang='lat' dir='ltr'><strong>hoc</strong></span> <span class='ocrx_word' id='word_1_432' title='bbox 678 5483 815 5544; x_wconf 90' lang='lat' dir='ltr'><strong>loco,</strong></span> <span class='ocrx_word' id='word_1_433' title='bbox 833 5486 1179 5549; x_wconf 85' lang='lat' dir='ltr'><strong>desumptum</strong></span> <span class='ocrx_word' id='word_1_434' title='bbox 1214 5482 1391 5543; x_wconf 29' lang='lat' dir='ltr'><strong>estwex</strong></span> <span class='ocrx_word' id='word_1_435' title='bbox 1419 5482 1624 5546; x_wconf 48' lang='lat' dir='ltr'><strong>codice&#39;</strong></span> <span class='ocrx_word' id='word_1_436' title='bbox 1640 5489 1941 5547; x_wconf 60' lang='lat' dir='ltr'><strong>Harlazano.</strong></span> <span class='ocrx_word' id='word_1_437' title='bbox 1973 5491 2115 5549; x_wconf 80' lang='lat' dir='ltr'><strong>Editi</strong></span> 
     </span>
    </p>
   </div>
   <div class='ocr_carea' id='block_1_61' title="bbox 545 5548 1607 5635">
    <p class='ocr_par' dir='ltr' id='par_1_61' title="bbox 545 5548 1607 5635">
     <span class='ocr_line' id='line_1_61' title="bbox 545 5548 1607 5635; baseline -0.001 0"><span class='ocrx_word' id='word_1_438' title='bbox 545 5548 1091 5635; x_wconf 39' lang='lat' dir='ltr'><strong>“ﬁrmemus?</strong></span> <span class='ocrx_word' id='word_1_439' title='bbox 1129 5557 1161 5628; x_wconf 75' lang='grc' dir='ltr'>ἢ</span> <span class='ocrx_word' id='word_1_440' title='bbox 1192 5559 1291 5635; x_wconf 58' lang='grc' dir='ltr'><strong>δία</strong></span> <span class='ocrx_word' id='word_1_441' title='bbox 1312 5558 1607 5635; x_wconf 54' lang='lat' dir='ltr'><strong>ﬁliaiam;-</strong></span> 
     </span>
    </p>
   </div>
   <div class='ocr_carea' id='block_1_62' title="bbox 620 5622 2117 5698">
    <p class='ocr_par' dir='ltr' id='par_1_62' title="bbox 620 5622 2117 5698">
     <span class='ocr_line' id='line_1_62' title="bbox 620 5622 2117 5698; baseline 0.01 -23"><span class='ocrx_word' id='word_1_442' title='bbox 620 5622 732 5693; x_wconf 79' lang='grc'><strong>(95)</strong></span> <span class='ocrx_word' id='word_1_443' title='bbox 792 5622 1171 5698; x_wconf 65' lang='grc' dir='ltr'>Κατ”οϊκονζ</span> <span class='ocrx_word' id='word_1_444' title='bbox 1230 5622 1640 5698; x_wconf 58' lang='grc' dir='ltr'>Εοῇςῐξβέἰιιιυε</span> <span class='ocrx_word' id='word_1_445' title='bbox 1684 5630 1958 5697; x_wconf 85' lang='grc' dir='ltr'>κατοίκοις</span> <span class='ocrx_word' id='word_1_446' title='bbox 2003 5636 2117 5698; x_wconf 86' lang='grc' dir='ltr'>ὁμι-</span> 
     </span>
    </p>
   </div>
   <div class='ocr_carea' id='block_1_63' title="bbox 546 5691 2116 5817">
    <p class='ocr_par' dir='ltr' id='par_1_63' title="bbox 546 5691 2116 5817">
     <span class='ocr_line' id='line_1_63' title="bbox 546 5691 2116 5817; baseline 0.013 -74"><span class='ocrx_word' id='word_1_447' title='bbox 546 5691 754 5817; x_wconf 53' lang='grc' dir='ltr'>ἒίαιςὸ..</span> <span class='ocrx_word' id='word_1_448' title='bbox 786 5694 1263 5769; x_wconf 73' lang='grc' dir='ltr'>ὲνδιαστρὲφοαεν.</span> <span class='ocrx_word' id='word_1_449' title='bbox 1304 5691 1526 5772; x_wconf 71' lang='lat' dir='ltr'><strong>Legitur</strong></span> <span class='ocrx_word' id='word_1_450' title='bbox 1553 5702 1673 5756; x_wconf 83' lang='grc' dir='ltr'>κατ’</span> <span class='ocrx_word' id='word_1_451' title='bbox 1705 5704 1873 5768; x_wconf 84' lang='grc' dir='ltr'>οίκοις</span> <span class='ocrx_word' id='word_1_452' title='bbox 1911 5691 1970 5761; x_wconf 78' lang='lat' dir='ltr'><strong>in</strong></span> <span class='ocrx_word' id='word_1_453' title='bbox 2006 5691 2116 5763; x_wconf 66' lang='lat' dir='ltr'><strong>Me-</strong></span> 
     </span>
     <span class='ocr_line' id='line_1_64' title="bbox 588 5778 738 5817; baseline 0.007 -1"><span class='ocrx_word' id='word_1_454' title='bbox 588 5778 682 5817; x_wconf 76' lang='lat' dir='ltr'><strong>lca:</strong></span> <span class='ocrx_word' id='word_1_455' title='bbox 723 5803 738 5817; x_wconf 92' lang='lat'><strong>.</strong></span> 
     </span>
    </p>
   </div>
   <div class='ocr_carea' id='block_1_64' title="bbox 588 5778 738 5820">
    <p class='ocr_par' dir='ltr' id='par_1_64' title="bbox 588 5778 738 5820">
     <span class='ocr_line' id='line_1_65' title="bbox 588 5778 738 5820; baseline 0.027 -4"><span class='ocrx_word' id='word_1_456' title='bbox 588 5778 738 5820; x_wconf 60' lang='grc' dir='ltr'>ηκεο.</span> 
     </span>
    </p>
   </div>
   <div class='ocr_carea' id='block_1_65' title="bbox 2211 572 3733 646">
    <p class='ocr_par' dir='ltr' id='par_1_65' title="bbox 2211 572 3733 646">
     <span class='ocr_line' id='line_1_66' title="bbox 2211 572 3733 646; baseline -0.001 -19"><span class='ocrx_word' id='word_1_457' title='bbox 2211 576 2329 628; x_wconf 86' lang='grc' dir='ltr'>κατ’</span> <span class='ocrx_word' id='word_1_458' title='bbox 2357 574 2583 646; x_wconf 81' lang='grc' dir='ltr'>αῦξησιν</span> <span class='ocrx_word' id='word_1_459' title='bbox 2612 574 3002 646; x_wconf 80' lang='grc' dir='ltr'>τελειούμενον·</span> <span class='ocrx_word' id='word_1_460' title='bbox 3036 573 3175 626; x_wconf 76' lang='grc' dir='ltr'>οὕτω</span> <span class='ocrx_word' id='word_1_461' title='bbox 3206 572 3467 643; x_wconf 76' lang='grc' dir='ltr'><strong>λογίζομαι</strong></span> <span class='ocrx_word' id='word_1_462' title='bbox 3492 575 3562 627; x_wconf 70' lang='grc' dir='ltr'>καὶ</span> <span class='ocrx_word' id='word_1_463' title='bbox 3589 576 3669 644; x_wconf 76' lang='grc' dir='ltr'>ἐμοὶ</span> <span class='ocrx_word' id='word_1_464' title='bbox 3732 578 3733 599; x_wconf 84' lang='lat'>‘</span> 
     </span>
    </p>
   </div>
   <div class='ocr_carea' id='block_1_66' title="bbox 2211 661 3669 735">
    <p class='ocr_par' dir='ltr' id='par_1_66' title="bbox 2211 661 3669 735">
     <span class='ocr_line' id='line_1_67' title="bbox 2211 661 3669 735; baseline -0.002 -17"><span class='ocrx_word' id='word_1_465' title='bbox 2211 664 2301 718; x_wconf 82' lang='grc' dir='ltr'>τὸν</span> <span class='ocrx_word' id='word_1_466' title='bbox 2324 665 2486 720; x_wconf 75' lang='grc' dir='ltr'>αὑτὸν</span> <span class='ocrx_word' id='word_1_467' title='bbox 2516 665 2671 734; x_wconf 84' lang='grc' dir='ltr'>λόγον</span> <span class='ocrx_word' id='word_1_468' title='bbox 2701 665 2789 719; x_wconf 81' lang='grc' dir='ltr'>διὰ</span> <span class='ocrx_word' id='word_1_469' title='bbox 2815 664 2914 735; x_wconf 82' lang='grc' dir='ltr'>τῆς</span> <span class='ocrx_word' id='word_1_470' title='bbox 2948 663 3224 734; x_wconf 82' lang='grc' dir='ltr'>προκοπῆς</span> <span class='ocrx_word' id='word_1_471' title='bbox 3252 661 3504 733; x_wconf 74' lang='grc' dir='ltr'><strong>ηὐξῆσθαι,</strong></span> <span class='ocrx_word' id='word_1_472' title='bbox 3529 663 3614 731; x_wconf 51' lang='lat' dir='ltr'><strong>olli</strong></span> <span class='ocrx_word' id='word_1_473' title='bbox 3633 664 3669 715; x_wconf 71' lang='grc' dir='ltr'>δὲ</span> 
     </span>
    </p>
   </div>
   <div class='ocr_carea' id='block_1_67' title="bbox 2212 748 3671 826">
    <p class='ocr_par' dir='ltr' id='par_1_67' title="bbox 2212 748 3671 826">
     <span class='ocr_line' id='line_1_68' title="bbox 2212 748 3671 826; baseline -0.006 -18"><span class='ocrx_word' id='word_1_474' title='bbox 2212 754 2331 808; x_wconf 77' lang='grc' dir='ltr'>ἀντὶ</span> <span class='ocrx_word' id='word_1_475' title='bbox 2351 752 2445 807; x_wconf 91' lang='grc' dir='ltr'><strong>τοῦ</strong></span> <span class='ocrx_word' id='word_1_476' title='bbox 2467 753 2527 818; x_wconf 80' lang='grc' dir='ltr'>ἐξ</span> <span class='ocrx_word' id='word_1_477' title='bbox 2547 753 2719 826; x_wconf 82' lang='grc' dir='ltr'>ἀρχῆς</span> <span class='ocrx_word' id='word_1_478' title='bbox 2739 753 2891 814; x_wconf 77' lang='grc' dir='ltr'>ὄντος</span> <span class='ocrx_word' id='word_1_479' title='bbox 2916 750 3005 804; x_wconf 80' lang='grc' dir='ltr'>τὸν</span> <span class='ocrx_word' id='word_1_480' title='bbox 3032 749 3127 805; x_wconf 90' lang='grc' dir='ltr'><strong>νῦν</strong></span> <span class='ocrx_word' id='word_1_481' title='bbox 3154 749 3445 820; x_wconf 79' lang='grc' dir='ltr'>ὑπάρχοντα</span> <span class='ocrx_word' id='word_1_482' title='bbox 3468 748 3551 819; x_wconf 79' lang='lat'><strong>(95)</strong></span> <span class='ocrx_word' id='word_1_483' title='bbox 3567 765 3671 815; x_wconf 78' lang='grc' dir='ltr'>γεγε-</span> 
     </span>
    </p>
   </div>
   <div class='ocr_carea' id='block_1_68' title="bbox 2212 839 3669 918">
    <p class='ocr_par' dir='ltr' id='par_1_68' title="bbox 2212 839 3669 918">
     <span class='ocr_line' id='line_1_69' title="bbox 2212 839 3669 918; baseline -0.006 -19"><span class='ocrx_word' id='word_1_484' title='bbox 2212 844 2427 915; x_wconf 83' lang='grc' dir='ltr'>νῆσθαι.</span> <span class='ocrx_word' id='word_1_485' title='bbox 2459 846 2621 899; x_wconf 84' lang='grc' dir='ltr'><strong>Ὥστε</strong></span> <span class='ocrx_word' id='word_1_486' title='bbox 2666 844 3039 918; x_wconf 83' lang='grc' dir='ltr'>ὲρευνάτωσαν</span> <span class='ocrx_word' id='word_1_487' title='bbox 3073 842 3168 911; x_wconf 81' lang='grc' dir='ltr'>μὲν</span> <span class='ocrx_word' id='word_1_488' title='bbox 3197 840 3261 893; x_wconf 85' lang='grc' dir='ltr'><strong>τδ</strong></span> <span class='ocrx_word' id='word_1_489' title='bbox 3283 839 3467 894; x_wconf 80' lang='grc' dir='ltr'>ἑαυτῶν</span> <span class='ocrx_word' id='word_1_490' title='bbox 3495 839 3669 901; x_wconf 58' lang='grc' dir='ltr'>συνειδὸς,</span> 
     </span>
    </p>
   </div>
   <div class='ocr_carea' id='block_1_69' title="bbox 2214 930 3676 1008">
    <p class='ocr_par' dir='ltr' id='par_1_69' title="bbox 2214 930 3676 1008">
     <span class='ocr_line' id='line_1_70' title="bbox 2214 930 3676 1008; baseline -0.005 -18"><span class='ocrx_word' id='word_1_491' title='bbox 2214 934 2649 1008; x_wconf 84' lang='grc' dir='ltr'>ὲνθυμείσθωσαν</span> <span class='ocrx_word' id='word_1_492' title='bbox 2695 936 2751 989; x_wconf 85' lang='grc' dir='ltr'>δὲ</span> <span class='ocrx_word' id='word_1_493' title='bbox 2801 936 2863 989; x_wconf 87' lang='grc' dir='ltr'>τὸ</span> <span class='ocrx_word' id='word_1_494' title='bbox 2902 934 2997 989; x_wconf 85' lang='grc' dir='ltr'><strong>τοῦ</strong></span> <span class='ocrx_word' id='word_1_495' title='bbox 3043 931 3276 1004; x_wconf 76' lang='grc' dir='ltr'><strong>Χριστοῦ</strong></span> <span class='ocrx_word' id='word_1_496' title='bbox 3316 930 3613 999; x_wconf 76' lang='grc' dir='ltr'>δικαστήριον,</span> <span class='ocrx_word' id='word_1_497' title='bbox 3642 930 3676 982; x_wconf 83' lang='grc' dir='ltr'><strong>εί</strong></span> 
     </span>
    </p>
   </div>
   <div class='ocr_carea' id='block_1_70' title="bbox 2217 1019 3733 1100">
    <p class='ocr_par' dir='ltr' id='par_1_70' title="bbox 2217 1019 3733 1100">
     <span class='ocr_line' id='line_1_71' title="bbox 2217 1019 3733 1100; baseline 0.009 -17"><span class='ocrx_word' id='word_1_498' title='bbox 2217 1045 2346 1083; x_wconf 87' lang='grc' dir='ltr'>ποτε</span> <span class='ocrx_word' id='word_1_499' title='bbox 2386 1027 2513 1084; x_wconf 75' lang='grc' dir='ltr'>ἄλλο</span> <span class='ocrx_word' id='word_1_500' title='bbox 2553 1046 2606 1082; x_wconf 89' lang='grc' dir='ltr'><strong>τι</strong></span> <span class='ocrx_word' id='word_1_501' title='bbox 2654 1029 2890 1100; x_wconf 68' lang='grc' dir='ltr'>ἥκουσαν</span> <span class='ocrx_word' id='word_1_502' title='bbox 2930 1025 3057 1097; x_wconf 89' lang='grc' dir='ltr'>παρ’</span> <span class='ocrx_word' id='word_1_503' title='bbox 3098 1022 3275 1095; x_wconf 71' lang='grc' dir='ltr'>ἡμῶν,</span> <span class='ocrx_word' id='word_1_504' title='bbox 3322 1022 3438 1092; x_wconf 78' lang='grc' dir='ltr'>παρ’</span> <span class='ocrx_word' id='word_1_505' title='bbox 3471 1020 3496 1072; x_wconf 73' lang='grc' dir='ltr'>δ</span> <span class='ocrx_word' id='word_1_506' title='bbox 3527 1019 3596 1071; x_wconf 57' lang='grc' dir='ltr'><strong>νῦν</strong></span> <span class='ocrx_word' id='word_1_507' title='bbox 3621 1020 3674 1071; x_wconf 61' lang='grc' dir='ltr'><strong>³έ·</strong></span> 
     </span>
    </p>
   </div>
   <div class='ocr_carea' id='block_1_71' title="bbox 2216 1110 3671 1190">
    <p class='ocr_par' dir='ltr' id='par_1_71' title="bbox 2216 1110 3671 1190">
     <span class='ocr_line' id='line_1_72' title="bbox 2216 1110 3671 1190; baseline -0.006 -19"><span class='ocrx_word' id='word_1_508' title='bbox 2216 1134 2404 1190; x_wconf 86' lang='grc' dir='ltr'>γομεν,</span> <span class='ocrx_word' id='word_1_509' title='bbox 2440 1121 2489 1172; x_wconf 85' lang='grc' dir='ltr'>οἱ</span> <span class='ocrx_word' id='word_1_510' title='bbox 2521 1117 2615 1172; x_wconf 92' lang='grc' dir='ltr'><strong>νῦν</strong></span> <span class='ocrx_word' id='word_1_511' title='bbox 2653 1119 2799 1189; x_wconf 76' lang='grc' dir='ltr'>ἡμᾶς</span> <span class='ocrx_word' id='word_1_512' title='bbox 2833 1115 3314 1188; x_wconf 77' lang='grc' dir='ltr'>διαθρυλλησαντες</span> <span class='ocrx_word' id='word_1_513' title='bbox 3339 1111 3422 1164; x_wconf 67' lang='grc' dir='ltr'><strong>ἐπὶ</strong></span> <span class='ocrx_word' id='word_1_514' title='bbox 3449 1110 3671 1180; x_wconf 58' lang='lat' dir='ltr'><strong>ueneﬁcii}.</strong></span> 
     </span>
    </p>
   </div>
   <div class='ocr_carea' id='block_1_72' title="bbox 2217 1200 3733 1282">
    <p class='ocr_par' dir='ltr' id='par_1_72' title="bbox 2217 1200 3733 1282">
     <span class='ocr_line' id='line_1_73' title="bbox 2217 1200 3733 1282; baseline -0.009 -17"><span class='ocrx_word' id='word_1_515' title='bbox 2217 1211 2313 1265; x_wconf 74' lang='grc' dir='ltr'>καὶ</span> <span class='ocrx_word' id='word_1_516' title='bbox 2349 1214 2469 1274; x_wconf 84' lang='grc' dir='ltr'>ταῖς</span> <span class='ocrx_word' id='word_1_517' title='bbox 2505 1209 2930 1282; x_wconf 83' lang='grc' dir='ltr'>στηλιτευτικαῖς</span> <span class='ocrx_word' id='word_1_518' title='bbox 2970 1206 3298 1271; x_wconf 76' lang='grc' dir='ltr'><strong>ἐπιστολαῖς,</strong></span> <span class='ocrx_word' id='word_1_519' title='bbox 3335 1202 3395 1267; x_wconf 71' lang='grc' dir='ltr'>ἃς</span> <span class='ocrx_word' id='word_1_520' title='bbox 3432 1200 3673 1273; x_wconf 57' lang='grc' dir='ltr'>συνέγραψαν</span> 
     </span>
    </p>
   </div>
   <div class='ocr_carea' id='block_1_73' title="bbox 2217 1291 3733 1373">
    <p class='ocr_par' dir='ltr' id='par_1_73' title="bbox 2217 1291 3733 1373">
     <span class='ocr_line' id='line_1_74' title="bbox 2217 1291 3733 1373; baseline -0.006 -18"><span class='ocrx_word' id='word_1_521' title='bbox 2217 1301 2340 1355; x_wconf 84' lang='grc' dir='ltr'>καθ’</span> <span class='ocrx_word' id='word_1_522' title='bbox 2389 1301 2568 1373; x_wconf 80' lang='grc' dir='ltr'>ἡμῶν,</span> <span class='ocrx_word' id='word_1_523' title='bbox 2624 1303 2804 1356; x_wconf 81' lang='grc' dir='ltr'>πᾶσαν</span> <span class='ocrx_word' id='word_1_524' title='bbox 2864 1298 3364 1372; x_wconf 80' lang='grc' dir='ltr'>περικτυπήσαντες</span> <span class='ocrx_word' id='word_1_525' title='bbox 3405 1294 3545 1363; x_wconf 78' lang='grc' dir='ltr'>ἀκοήν</span> <span class='ocrx_word' id='word_1_526' title='bbox 3567 1310 3577 1322; x_wconf 81' lang='grc'><em>’</em></span> <span class='ocrx_word' id='word_1_527' title='bbox 3732 1291 3733 1359; x_wconf 59' lang='grc' dir='ltr'>ᾖ</span> 
     </span>
    </p>
   </div>
   <div class='ocr_carea' id='block_1_74' title="bbox 2221 1376 3733 1471">
    <p class='ocr_par' dir='ltr' id='par_1_74' title="bbox 2221 1376 3733 1471">
     <span class='ocr_line' id='line_1_75' title="bbox 2221 1376 3733 1471; baseline 0 -25"><span class='ocrx_word' id='word_1_528' title='bbox 2221 1394 2316 1446; x_wconf 79' lang='grc' dir='ltr'>καὶ</span> <span class='ocrx_word' id='word_1_529' title='bbox 2342 1394 2501 1464; x_wconf 78' lang='grc' dir='ltr'>ἡμεῖς</span> <span class='ocrx_word' id='word_1_530' title='bbox 2527 1392 2664 1467; x_wconf 80' lang='grc' dir='ltr'>πρὸς</span> <span class='ocrx_word' id='word_1_531' title='bbox 2693 1392 2794 1466; x_wconf 79' lang='grc' dir='ltr'><strong>τὴν</strong></span> <span class='ocrx_word' id='word_1_532' title='bbox 2832 1391 3076 1463; x_wconf 79' lang='grc' dir='ltr'>ἀνάγκην</span> <span class='ocrx_word' id='word_1_533' title='bbox 3103 1389 3333 1461; x_wconf 75' lang='grc' dir='ltr'>ἡλθομεν</span> <span class='ocrx_word' id='word_1_534' title='bbox 3359 1385 3450 1457; x_wconf 82' lang='grc' dir='ltr'>τῆς</span> <span class='ocrx_word' id='word_1_535' title='bbox 3476 1384 3678 1451; x_wconf 63' lang='grc' dir='ltr'>ἀπλογᾶς</span> 
     </span>
    </p>
   </div>
   <div class='ocr_carea' id='block_1_75' title="bbox 2222 1501 2443 1559">
    <p class='ocr_par' dir='ltr' id='par_1_75' title="bbox 2222 1501 2443 1559">
     <span class='ocr_line' id='line_1_76' title="bbox 2222 1501 2443 1559; baseline 0.014 -21"><span class='ocrx_word' id='word_1_536' title='bbox 2222 1501 2443 1559; x_wconf 81' lang='grc' dir='ltr'>ταυτης.</span> 
     </span>
    </p>
   </div>
   <div class='ocr_carea' id='block_1_76' title="bbox 2295 1653 3733 1736">
    <p class='ocr_par' dir='ltr' id='par_1_76' title="bbox 2295 1653 3733 1736">
     <span class='ocr_line' id='line_1_77' title="bbox 2295 1653 3733 1736; baseline -0.008 -17"><span class='ocrx_word' id='word_1_537' title='bbox 2295 1664 2348 1719; x_wconf 75' lang='grc'><strong>4.</strong></span> <span class='ocrx_word' id='word_1_538' title='bbox 2401 1663 2806 1736; x_wconf 78' lang='grc' dir='ltr'>Ἐγκαλούμεθα</span> <span class='ocrx_word' id='word_1_539' title='bbox 2855 1661 2965 1734; x_wconf 85' lang='grc' dir='ltr'><strong>γὰρ</strong></span> <span class='ocrx_word' id='word_1_540' title='bbox 2992 1660 3091 1733; x_wconf 79' lang='grc' dir='ltr'>τὴν</span> <span class='ocrx_word' id='word_1_541' title='bbox 3125 1661 3206 1724; x_wconf 84' lang='grc' dir='ltr'><strong>είς</strong></span> <span class='ocrx_word' id='word_1_542' title='bbox 3242 1658 3374 1712; x_wconf 80' lang='grc' dir='ltr'>Θεὸν</span> <span class='ocrx_word' id='word_1_543' title='bbox 3415 1653 3678 1726; x_wconf 72' lang='grc' dir='ltr'><strong>βλασφημίαν,</strong></span> 
     </span>
    </p>
   </div>
   <div class='ocr_carea' id='block_1_77' title="bbox 2229 1927 3733 2011">
    <p class='ocr_par' dir='ltr' id='par_1_77' title="bbox 2229 1927 3733 2011">
     <span class='ocr_line' id='line_1_78' title="bbox 2229 1927 3733 2011; baseline 0.006 -19"><span class='ocrx_word' id='word_1_544' title='bbox 2229 1938 2432 2011; x_wconf 82' lang='grc' dir='ltr'><strong>μάτων,</strong></span> <span class='ocrx_word' id='word_1_545' title='bbox 2460 1940 2560 1993; x_wconf 81' lang='grc' dir='ltr'><strong>ὅσα</strong></span> <span class='ocrx_word' id='word_1_546' title='bbox 2605 1938 2871 2010; x_wconf 62' lang='grc' dir='ltr'><strong>ἀγράφως</strong></span> <span class='ocrx_word' id='word_1_547' title='bbox 2914 1936 3022 1989; x_wconf 73' lang='grc' dir='ltr'><strong>ἀπὸ</strong></span> <span class='ocrx_word' id='word_1_548' title='bbox 3058 1933 3324 2005; x_wconf 80' lang='grc' dir='ltr'>στόματος</span> <span class='ocrx_word' id='word_1_549' title='bbox 3365 1932 3445 1986; x_wconf 65' lang='grc' dir='ltr'><strong>ἀεὶ</strong></span> <span class='ocrx_word' id='word_1_550' title='bbox 3472 1932 3519 1984; x_wconf 65' lang='grc' dir='ltr'><strong>ἐν</strong></span> <span class='ocrx_word' id='word_1_551' title='bbox 3540 1927 3597 1999; x_wconf 69' lang='grc' dir='ltr'><strong>τῷ</strong></span> <span class='ocrx_word' id='word_1_552' title='bbox 3620 1943 3680 1995; x_wconf 64' lang='grc'><strong>9³⁸</strong></span> 
     </span>
    </p>
   </div>
   <div class='ocr_carea' id='block_1_78' title="bbox 2223 2018 3733 2102">
    <p class='ocr_par' dir='ltr' id='par_1_78' title="bbox 2223 2018 3733 2102">
     <span class='ocr_line' id='line_1_79' title="bbox 2223 2018 3733 2102; baseline -0.009 -18"><span class='ocrx_word' id='word_1_553' title='bbox 2223 2029 2365 2102; x_wconf 82' lang='grc' dir='ltr'>νερῷ</span> <span class='ocrx_word' id='word_1_554' title='bbox 2398 2032 2518 2094; x_wconf 80' lang='grc' dir='ltr'>ταῖς</span> <span class='ocrx_word' id='word_1_555' title='bbox 2533 2028 2879 2100; x_wconf 87' lang='grc' dir='ltr'>Ἐκκλησίαις</span> <span class='ocrx_word' id='word_1_556' title='bbox 2927 2024 3020 2080; x_wconf 89' lang='grc' dir='ltr'><strong>τοῦ</strong></span> <span class='ocrx_word' id='word_1_557' title='bbox 3061 2025 3197 2079; x_wconf 87' lang='grc' dir='ltr'>Θεοῦ</span> <span class='ocrx_word' id='word_1_558' title='bbox 3239 2022 3570 2094; x_wconf 76' lang='grc' dir='ltr'>διελέχθημεν.</span> <span class='ocrx_word' id='word_1_559' title='bbox 3600 2018 3680 2071; x_wconf 64' lang='grc' dir='ltr'>Ἀλλ’</span> 
     </span>
    </p>
   </div>
   <div class='ocr_carea' id='block_1_79' title="bbox 2224 2110 3733 2192">
    <p class='ocr_par' dir='ltr' id='par_1_79' title="bbox 2224 2110 3733 2192">
     <span class='ocr_line' id='line_1_80' title="bbox 2224 2110 3733 2192; baseline -0.003 -20"><span class='ocrx_word' id='word_1_560' title='bbox 2224 2120 2343 2173; x_wconf 80' lang='grc' dir='ltr'>οὐδὲ</span> <span class='ocrx_word' id='word_1_561' title='bbox 2370 2119 2577 2192; x_wconf 81' lang='grc' dir='ltr'>μάρτυς</span> <span class='ocrx_word' id='word_1_562' title='bbox 2605 2117 2801 2191; x_wconf 84' lang='grc' dir='ltr'>εὑρέθη</span> <span class='ocrx_word' id='word_1_563' title='bbox 2832 2120 2861 2171; x_wconf 84' lang='grc' dir='ltr'>ὁ</span> <span class='ocrx_word' id='word_1_564' title='bbox 2894 2116 3066 2186; x_wconf 80' lang='grc' dir='ltr'>λέγων</span> <span class='ocrx_word' id='word_1_565' title='bbox 3115 2115 3246 2188; x_wconf 80' lang='grc' dir='ltr'>παρ’</span> <span class='ocrx_word' id='word_1_566' title='bbox 3295 2113 3455 2187; x_wconf 76' lang='grc' dir='ltr'>ἡμῶν</span> <span class='ocrx_word' id='word_1_567' title='bbox 3485 2110 3681 2181; x_wconf 61' lang='lat' dir='ltr'><strong>datqu</strong></span> 
     </span>
    </p>
   </div>
   <div class='ocr_carea' id='block_1_80' title="bbox 2221 2200 3733 2280">
    <p class='ocr_par' dir='ltr' id='par_1_80' title="bbox 2221 2200 3733 2280">
     <span class='ocr_line' id='line_1_81' title="bbox 2221 2200 3733 2280; baseline -0.006 -16"><span class='ocrx_word' id='word_1_568' title='bbox 2221 2228 2276 2265; x_wconf 90' lang='grc' dir='ltr'><strong>τι</strong></span> <span class='ocrx_word' id='word_1_569' title='bbox 2301 2210 2410 2264; x_wconf 84' lang='grc' dir='ltr'>τῶν</span> <span class='ocrx_word' id='word_1_570' title='bbox 2451 2208 2660 2264; x_wconf 74' lang='grc' dir='ltr'>ἀσεϐῶν</span> <span class='ocrx_word' id='word_1_571' title='bbox 2692 2210 2751 2262; x_wconf 87' lang='grc' dir='ltr'>ὲν</span> <span class='ocrx_word' id='word_1_572' title='bbox 2797 2206 3131 2280; x_wconf 72' lang='grc' dir='ltr'>παραϐύστῳ</span> <span class='ocrx_word' id='word_1_573' title='bbox 3167 2203 3549 2276; x_wconf 79' lang='grc' dir='ltr'>φθεγξαμένων.</span> <span class='ocrx_word' id='word_1_574' title='bbox 3578 2200 3683 2254; x_wconf 69' lang='grc' dir='ltr'>Πόθεν</span> 
     </span>
    </p>
   </div>
   <div class='ocr_carea' id='block_1_81' title="bbox 2221 2294 3683 2373">
    <p class='ocr_par' dir='ltr' id='par_1_81' title="bbox 2221 2294 3683 2373">
     <span class='ocr_line' id='line_1_82' title="bbox 2221 2294 3683 2373; baseline -0.008 -18"><span class='ocrx_word' id='word_1_575' title='bbox 2221 2297 2315 2356; x_wconf 79' lang='grc' dir='ltr'><strong>οῦν</strong></span> <span class='ocrx_word' id='word_1_576' title='bbox 2347 2300 2663 2373; x_wconf 88' lang='grc' dir='ltr'>κρινόμεθα,</span> <span class='ocrx_word' id='word_1_577' title='bbox 2707 2301 2757 2353; x_wconf 86' lang='grc' dir='ltr'><strong>εί</strong></span> <span class='ocrx_word' id='word_1_578' title='bbox 2800 2302 2937 2372; x_wconf 84' lang='grc' dir='ltr'>μήτε</span> <span class='ocrx_word' id='word_1_579' title='bbox 2965 2300 3355 2372; x_wconf 76' lang='grc' dir='ltr'>συγγράφομεν</span> <span class='ocrx_word' id='word_1_580' title='bbox 3385 2294 3580 2357; x_wconf 75' lang='grc' dir='ltr'>ἀσεὸῶς,</span> <span class='ocrx_word' id='word_1_581' title='bbox 3601 2294 3683 2363; x_wconf 75' lang='grc' dir='ltr'>μήτε</span> 
     </span>
    </p>
   </div>
   <div class='ocr_carea' id='block_1_82' title="bbox 2221 2381 3733 2468">
    <p class='ocr_par' dir='ltr' id='par_1_82' title="bbox 2221 2381 3733 2468">
     <span class='ocr_line' id='line_1_83' title="bbox 2221 2381 3733 2468; baseline -0.008 -19"><span class='ocrx_word' id='word_1_582' title='bbox 2221 2394 2638 2468; x_wconf 88' lang='grc' dir='ltr'>δημηγοροῦμεν</span> <span class='ocrx_word' id='word_1_583' title='bbox 2693 2393 3024 2458; x_wconf 77' lang='grc' dir='ltr'>ὲπιὸλαόὦς,</span> <span class='ocrx_word' id='word_1_584' title='bbox 3083 2394 3222 2464; x_wconf 83' lang='grc' dir='ltr'>μήτε</span> <span class='ocrx_word' id='word_1_585' title='bbox 3270 2394 3329 2445; x_wconf 81' lang='grc' dir='ltr'>ὲν</span> <span class='ocrx_word' id='word_1_586' title='bbox 3373 2391 3481 2453; x_wconf 84' lang='grc' dir='ltr'>ταῖς</span> <span class='ocrx_word' id='word_1_587' title='bbox 3520 2388 3608 2441; x_wconf 80' lang='grc' dir='ltr'>κατ’</span> <span class='ocrx_word' id='word_1_588' title='bbox 3637 2381 3683 2437; x_wconf 68' lang='grc' dir='ltr'><strong>οἵ·</strong></span> 
     </span>
    </p>
   </div>
   <div class='ocr_carea' id='block_1_83' title="bbox 2220 2474 3733 2557">
    <p class='ocr_par' dir='ltr' id='par_1_83' title="bbox 2220 2474 3733 2557">
     <span class='ocr_line' id='line_1_84' title="bbox 2220 2474 3733 2557; baseline -0.01 -16"><span class='ocrx_word' id='word_1_589' title='bbox 2220 2504 2316 2541; x_wconf 88' lang='grc' dir='ltr'><strong>κον</strong></span> <span class='ocrx_word' id='word_1_590' title='bbox 2351 2485 2460 2557; x_wconf 82' lang='lat'><strong>(95)</strong></span> <span class='ocrx_word' id='word_1_591' title='bbox 2485 2486 2723 2557; x_wconf 80' lang='grc' dir='ltr'>ὁμιλίαις</span> <span class='ocrx_word' id='word_1_592' title='bbox 2748 2486 2873 2549; x_wconf 84' lang='grc' dir='ltr'>τοὺς</span> <span class='ocrx_word' id='word_1_593' title='bbox 2905 2485 3331 2556; x_wconf 73' lang='grc' dir='ltr'>ἐντυγχάνοντας</span> <span class='ocrx_word' id='word_1_594' title='bbox 3363 2478 3682 2552; x_wconf 51' lang='lat' dir='ltr'><strong>summa;</strong></span> 
     </span>
    </p>
   </div>
   <div class='ocr_carea' id='block_1_84' title="bbox 2223 2571 3687 2650">
    <p class='ocr_par' dir='ltr' id='par_1_84' title="bbox 2223 2571 3687 2650">
     <span class='ocr_line' id='line_1_85' title="bbox 2223 2571 3687 2650; baseline -0.003 -18"><span class='ocrx_word' id='word_1_595' title='bbox 2223 2580 2287 2632; x_wconf 81' lang='grc' dir='ltr'>Ὢ</span> <span class='ocrx_word' id='word_1_596' title='bbox 2312 2577 2406 2631; x_wconf 90' lang='grc' dir='ltr'><strong>τοῦ</strong></span> <span class='ocrx_word' id='word_1_597' title='bbox 2440 2578 2626 2632; x_wconf 78' lang='grc' dir='ltr'>καινοῦ</span> <span class='ocrx_word' id='word_1_598' title='bbox 2672 2576 2985 2650; x_wconf 72' lang='grc' dir='ltr'>δράματοςί</span> <span class='ocrx_word' id='word_1_599' title='bbox 3036 2577 3097 2630; x_wconf 81' lang='grc' dir='ltr'><strong>ὐ</strong></span> <span class='ocrx_word' id='word_1_600' title='bbox 3127 2575 3300 2641; x_wconf 87' lang='grc' dir='ltr'>δεῖνα,</span> <span class='ocrx_word' id='word_1_601' title='bbox 3345 2574 3510 2645; x_wconf 70' lang='grc' dir='ltr'>φησὶν,</span> <span class='ocrx_word' id='word_1_602' title='bbox 3544 2571 3611 2623; x_wconf 76' lang='grc' dir='ltr'><strong>ἐπὶ</strong></span> <span class='ocrx_word' id='word_1_603' title='bbox 3629 2571 3687 2637; x_wconf 74' lang='grc' dir='ltr'><strong>τῆς</strong></span> 
     </span>
    </p>
   </div>
   <div class='ocr_carea' id='block_1_85' title="bbox 2221 2661 3688 2741">
    <p class='ocr_par' dir='ltr' id='par_1_85' title="bbox 2221 2661 3688 2741">
     <span class='ocr_line' id='line_1_86' title="bbox 2221 2661 3688 2741; baseline -0.01 -16"><span class='ocrx_word' id='word_1_604' title='bbox 2221 2669 2417 2741; x_wconf 77' lang='grc' dir='ltr'>Συρίας</span> <span class='ocrx_word' id='word_1_605' title='bbox 2454 2669 2656 2740; x_wconf 75' lang='grc' dir='ltr'>ἔγραψέ</span> <span class='ocrx_word' id='word_1_606' title='bbox 2679 2686 2799 2723; x_wconf 89' lang='grc' dir='ltr'>τινα</span> <span class='ocrx_word' id='word_1_607' title='bbox 2832 2669 2907 2733; x_wconf 84' lang='grc' dir='ltr'>ὡς</span> <span class='ocrx_word' id='word_1_608' title='bbox 2935 2668 3036 2722; x_wconf 77' lang='grc' dir='ltr'>οὐκ</span> <span class='ocrx_word' id='word_1_609' title='bbox 3063 2667 3337 2730; x_wconf 74' lang='grc' dir='ltr'>εὐσεϐὦςο</span> <span class='ocrx_word' id='word_1_610' title='bbox 3367 2668 3429 2719; x_wconf 76' lang='grc' dir='ltr'>σὺ</span> <span class='ocrx_word' id='word_1_611' title='bbox 3453 2664 3503 2718; x_wconf 76' lang='grc' dir='ltr'>δὲ</span> <span class='ocrx_word' id='word_1_612' title='bbox 3528 2661 3688 2715; x_wconf 71' lang='grc' dir='ltr'>ἐπέστει-</span> 
     </span>
    </p>
   </div>
   <div class='ocr_carea' id='block_1_86' title="bbox 2219 2751 3733 2841">
    <p class='ocr_par' dir='ltr' id='par_1_86' title="bbox 2219 2751 3733 2841">
     <span class='ocr_line' id='line_1_87' title="bbox 2219 2751 3733 2841; baseline 0.001 -31"><span class='ocrx_word' id='word_1_613' title='bbox 2219 2760 2316 2823; x_wconf 85' lang='grc' dir='ltr'><strong>λας</strong></span> <span class='ocrx_word' id='word_1_614' title='bbox 2358 2758 2503 2830; x_wconf 80' lang='grc' dir='ltr'>αὐτῷ</span> <span class='ocrx_word' id='word_1_615' title='bbox 2535 2759 2641 2831; x_wconf 86' lang='grc' dir='ltr'>πρὸ</span> <span class='ocrx_word' id='word_1_616' title='bbox 2669 2759 2870 2812; x_wconf 73' lang='grc' dir='ltr'>εἴκοσιν</span> <span class='ocrx_word' id='word_1_617' title='bbox 2901 2754 3038 2813; x_wconf 78' lang='grc' dir='ltr'>ἐτῶν</span> <span class='ocrx_word' id='word_1_618' title='bbox 3065 2758 3157 2812; x_wconf 78' lang='grc' dir='ltr'><strong>καὶ</strong></span> <span class='ocrx_word' id='word_1_619' title='bbox 3198 2756 3472 2813; x_wconf 80' lang='grc' dir='ltr'>πλειόνων.</span> <span class='ocrx_word' id='word_1_620' title='bbox 3501 2751 3689 2811; x_wconf 66' lang='grc' dir='ltr'>Κοινωονὸς</span> 
     </span>
    </p>
   </div>
   <div class='ocr_carea' id='block_1_87' title="bbox 2219 2844 3733 2925">
    <p class='ocr_par' dir='ltr' id='par_1_87' title="bbox 2219 2844 3733 2925">
     <span class='ocr_line' id='line_1_88' title="bbox 2219 2844 3733 2925; baseline -0.009 -16"><span class='ocrx_word' id='word_1_621' title='bbox 2219 2851 2326 2925; x_wconf 78' lang='grc' dir='ltr'>ἄρα</span> <span class='ocrx_word' id='word_1_622' title='bbox 2377 2853 2442 2907; x_wconf 77' lang='grc' dir='ltr'>σὺ</span> <span class='ocrx_word' id='word_1_623' title='bbox 2474 2851 2567 2905; x_wconf 86' lang='grc' dir='ltr'><strong>τοῦ</strong></span> <span class='ocrx_word' id='word_1_624' title='bbox 2612 2850 2920 2923; x_wconf 84' lang='grc' dir='ltr'>ἀνθρώπου,</span> <span class='ocrx_word' id='word_1_625' title='bbox 2963 2852 3059 2907; x_wconf 74' lang='grc' dir='ltr'>καὶ</span> <span class='ocrx_word' id='word_1_626' title='bbox 3101 2851 3172 2905; x_wconf 74' lang='grc' dir='ltr'>τὰ</span> <span class='ocrx_word' id='word_1_627' title='bbox 3219 2851 3426 2905; x_wconf 75' lang='grc' dir='ltr'>ἐκείνου</span> <span class='ocrx_word' id='word_1_628' title='bbox 3470 2844 3689 2917; x_wconf 55' lang='lat' dir='ltr'><strong>rumpi;</strong></span> 
     </span>
    </p>
   </div>
   <div class='ocr_carea' id='block_1_88' title="bbox 2223 2930 3733 3015">
    <p class='ocr_par' dir='ltr' id='par_1_88' title="bbox 2223 2930 3733 3015">
     <span class='ocr_line' id='line_1_89' title="bbox 2223 2930 3733 3015; baseline -0.009 -16"><span class='ocrx_word' id='word_1_629' title='bbox 2223 2960 2367 3015; x_wconf 83' lang='grc' dir='ltr'>ματα</span> <span class='ocrx_word' id='word_1_630' title='bbox 2418 2944 2512 2998; x_wconf 75' lang='grc' dir='ltr'><strong>καὶ</strong></span> <span class='ocrx_word' id='word_1_631' title='bbox 2553 2942 2623 2996; x_wconf 83' lang='grc' dir='ltr'><strong>σὰ</strong></span> <span class='ocrx_word' id='word_1_632' title='bbox 2661 2941 2912 3013; x_wconf 81' lang='grc' dir='ltr'><strong>γινέσθω.</strong></span> <span class='ocrx_word' id='word_1_633' title='bbox 2958 2942 3117 3009; x_wconf 81' lang='grc' dir='ltr'>Ἀλλ’,</span> <span class='ocrx_word' id='word_1_634' title='bbox 3150 2937 3199 2996; x_wconf 80' lang='grc' dir='ltr'><strong>ὦ</strong></span> <span class='ocrx_word' id='word_1_635' title='bbox 3246 2942 3367 3012; x_wconf 81' lang='grc' dir='ltr'>φίλε</span> <span class='ocrx_word' id='word_1_636' title='bbox 3398 2940 3488 3012; x_wconf 81' lang='grc' dir='ltr'>τῆς</span> <span class='ocrx_word' id='word_1_637' title='bbox 3518 2930 3690 3006; x_wconf 73' lang='grc' dir='ltr'><strong>ἀληθείας</strong></span> 
     </span>
    </p>
   </div>
   <div class='ocr_carea' id='block_1_89' title="bbox 2218 3023 3733 3106">
    <p class='ocr_par' dir='ltr' id='par_1_89' title="bbox 2218 3023 3733 3106">
     <span class='ocr_line' id='line_1_90' title="bbox 2218 3023 3733 3106; baseline -0.007 -17"><span class='ocrx_word' id='word_1_638' title='bbox 2218 3033 2492 3106; x_wconf 76' lang='grc' dir='ltr'><strong>ἄνθρωπε,</strong></span> <span class='ocrx_word' id='word_1_639' title='bbox 2536 3035 2565 3088; x_wconf 83' lang='grc' dir='ltr'><strong>ὁ</strong></span> <span class='ocrx_word' id='word_1_640' title='bbox 2610 3033 2672 3086; x_wconf 83' lang='grc' dir='ltr'>τὸ</span> <span class='ocrx_word' id='word_1_641' title='bbox 2714 3031 2910 3103; x_wconf 76' lang='grc' dir='ltr'>ψεῦδος</span> <span class='ocrx_word' id='word_1_642' title='bbox 2946 3032 3197 3103; x_wconf 83' lang='grc' dir='ltr'>γέννημα</span> <span class='ocrx_word' id='word_1_643' title='bbox 3225 3028 3384 3086; x_wconf 57' lang='grc' dir='ltr'>μεῖναι</span> <span class='ocrx_word' id='word_1_644' title='bbox 3413 3029 3497 3084; x_wconf 88' lang='grc' dir='ltr'><strong>τοῦ</strong></span> <span class='ocrx_word' id='word_1_645' title='bbox 3523 3023 3690 3082; x_wconf 67' lang='grc' dir='ltr'>διαϐὰλσδ</span> <span class='ocrx_word' id='word_1_646' title='bbox 3732 3023 3733 3097; x_wconf 57' lang='lat'>1</span> 
     </span>
    </p>
   </div>
   <div class='ocr_carea' id='block_1_90' title="bbox 2220 3119 3733 3197">
    <p class='ocr_par' dir='ltr' id='par_1_90' title="bbox 2220 3119 3733 3197">
     <span class='ocr_line' id='line_1_91' title="bbox 2220 3119 3733 3197; baseline -0.008 -17"><span class='ocrx_word' id='word_1_647' title='bbox 2220 3125 2617 3197; x_wconf 81' lang='grc' dir='ltr'>δεδιδαγμένος.</span> <span class='ocrx_word' id='word_1_648' title='bbox 2653 3124 2771 3189; x_wconf 84' lang='grc' dir='ltr'>πῶς</span> <span class='ocrx_word' id='word_1_649' title='bbox 2803 3124 3061 3196; x_wconf 77' lang='grc' dir='ltr'><strong>ἐπείσθης</strong></span> <span class='ocrx_word' id='word_1_650' title='bbox 3107 3124 3251 3196; x_wconf 70' lang='grc' dir='ltr'>ἐμὴν</span> <span class='ocrx_word' id='word_1_651' title='bbox 3281 3119 3417 3177; x_wconf 80' lang='grc' dir='ltr'>εἶναι</span> <span class='ocrx_word' id='word_1_652' title='bbox 3440 3121 3524 3192; x_wconf 83' lang='grc' dir='ltr'>τὴν</span> <span class='ocrx_word' id='word_1_653' title='bbox 3547 3120 3692 3172; x_wconf 63' lang='lat' dir='ltr'><strong>imm-</strong></span> 
     </span>
    </p>
   </div>
   <div class='ocr_carea' id='block_1_91' title="bbox 2220 3212 3691 3290">
    <p class='ocr_par' dir='ltr' id='par_1_91' title="bbox 2220 3212 3691 3290">
     <span class='ocr_line' id='line_1_92' title="bbox 2220 3212 3691 3290; baseline -0.002 -19"><span class='ocrx_word' id='word_1_654' title='bbox 2220 3216 2318 3290; x_wconf 80' lang='grc' dir='ltr'>λὴν</span> <span class='ocrx_word' id='word_1_655' title='bbox 2361 3217 2611 3289; x_wconf 79' lang='grc' dir='ltr'>εκείνην;</span> <span class='ocrx_word' id='word_1_656' title='bbox 2652 3218 2725 3271; x_wconf 80' lang='grc' dir='ltr'><strong>Οὐ</strong></span> <span class='ocrx_word' id='word_1_657' title='bbox 2776 3215 2886 3289; x_wconf 77' lang='grc' dir='ltr'><strong>γὰρ</strong></span> <span class='ocrx_word' id='word_1_658' title='bbox 2937 3216 3286 3283; x_wconf 83' lang='grc' dir='ltr'>ἀπέστειλας,</span> <span class='ocrx_word' id='word_1_659' title='bbox 3335 3215 3440 3270; x_wconf 78' lang='grc' dir='ltr'>οὐδ’</span> <span class='ocrx_word' id='word_1_660' title='bbox 3470 3212 3691 3285; x_wconf 54' lang='lat' dir='ltr'><strong>imbrum.</strong></span> 
     </span>
    </p>
   </div>
   <div class='ocr_carea' id='block_1_92' title="bbox 2217 3300 3693 3381">
    <p class='ocr_par' dir='ltr' id='par_1_92' title="bbox 2217 3300 3693 3381">
     <span class='ocr_line' id='line_1_93' title="bbox 2217 3300 3693 3381; baseline -0.003 -18"><span class='ocrx_word' id='word_1_661' title='bbox 2217 3309 2360 3375; x_wconf 81' lang='grc' dir='ltr'>οὐδὲ,</span> <span class='ocrx_word' id='word_1_662' title='bbox 2403 3310 2535 3381; x_wconf 85' lang='grc' dir='ltr'>παρ’</span> <span class='ocrx_word' id='word_1_663' title='bbox 2578 3308 2737 3381; x_wconf 66' lang='grc' dir='ltr'>ἐμοῦ,</span> <span class='ocrx_word' id='word_1_664' title='bbox 2791 3308 2888 3362; x_wconf 86' lang='grc' dir='ltr'><strong>τοῦ</strong></span> <span class='ocrx_word' id='word_1_665' title='bbox 2946 3308 3248 3380; x_wconf 79' lang='grc' dir='ltr'>δυναμένου</span> <span class='ocrx_word' id='word_1_666' title='bbox 3307 3324 3388 3362; x_wconf 84' lang='grc' dir='ltr'><strong>σοι</strong></span> <span class='ocrx_word' id='word_1_667' title='bbox 3434 3302 3620 3375; x_wconf 63' lang='grc' dir='ltr'>τάληθὲς</span> <span class='ocrx_word' id='word_1_668' title='bbox 3653 3300 3693 3351; x_wconf 73' lang='grc' dir='ltr'><strong>εἶ·</strong></span> 
     </span>
    </p>
   </div>
   <div class='ocr_carea' id='block_1_93' title="bbox 2220 3395 3733 3477">
    <p class='ocr_par' dir='ltr' id='par_1_93' title="bbox 2220 3395 3733 3477">
     <span class='ocr_line' id='line_1_94' title="bbox 2220 3395 3733 3477; baseline 0.005 -23"><span class='ocrx_word' id='word_1_669' title='bbox 2220 3404 2341 3455; x_wconf 82' lang='grc' dir='ltr'>πεῖν</span> <span class='ocrx_word' id='word_1_670' title='bbox 2384 3400 2520 3473; x_wconf 87' lang='grc'>(96),</span> <span class='ocrx_word' id='word_1_671' title='bbox 2566 3400 2868 3473; x_wconf 74' lang='grc' dir='ltr'>ἐδιδάχθης.</span> <span class='ocrx_word' id='word_1_672' title='bbox 2920 3401 2985 3455; x_wconf 64' lang='lat' dir='ltr'><strong>Et</strong></span> <span class='ocrx_word' id='word_1_673' title='bbox 3016 3399 3074 3454; x_wconf 69' lang='grc' dir='ltr'>δι</span> <span class='ocrx_word' id='word_1_674' title='bbox 3124 3400 3396 3471; x_wconf 54' lang='lat' dir='ltr'><strong>autem</strong></span> <span class='ocrx_word' id='word_1_675' title='bbox 3432 3398 3489 3451; x_wconf 68' lang='grc' dir='ltr'><strong>τὸ</strong></span> <span class='ocrx_word' id='word_1_676' title='bbox 3518 3395 3691 3467; x_wconf 52' lang='grc' dir='ltr'><strong>γράμμα</strong></span> <span class='ocrx_word' id='word_1_677' title='bbox 3732 3395 3733 3477; x_wconf 50' lang='grc' dir='ltr'>ᾖ</span> 
     </span>
    </p>
   </div>
   <div class='ocr_carea' id='block_1_94' title="bbox 2220 3486 3696 3566">
    <p class='ocr_par' dir='ltr' id='par_1_94' title="bbox 2220 3486 3696 3566">
     <span class='ocr_line' id='line_1_95' title="bbox 2220 3486 3696 3566; baseline -0.007 -17"><span class='ocrx_word' id='word_1_678' title='bbox 2220 3492 2383 3549; x_wconf 83' lang='grc' dir='ltr'>πόθεν</span> <span class='ocrx_word' id='word_1_679' title='bbox 2407 3493 2587 3566; x_wconf 82' lang='grc' dir='ltr'>δῆλον,</span> <span class='ocrx_word' id='word_1_680' title='bbox 2615 3495 2697 3548; x_wconf 83' lang='grc' dir='ltr'>ὅτι</span> <span class='ocrx_word' id='word_1_681' title='bbox 2739 3493 2900 3547; x_wconf 85' lang='grc' dir='ltr'>τοῦτο</span> <span class='ocrx_word' id='word_1_682' title='bbox 2929 3491 2992 3547; x_wconf 79' lang='grc' dir='ltr'>τὸ</span> <span class='ocrx_word' id='word_1_683' title='bbox 3034 3492 3130 3547; x_wconf 91' lang='grc' dir='ltr'><strong>νῦν</strong></span> <span class='ocrx_word' id='word_1_684' title='bbox 3175 3509 3261 3547; x_wconf 78' lang='grc' dir='ltr'><strong>σοι</strong></span> <span class='ocrx_word' id='word_1_685' title='bbox 3312 3489 3531 3564; x_wconf 78' lang='grc' dir='ltr'>ἐμπεσὸν</span> <span class='ocrx_word' id='word_1_686' title='bbox 3569 3486 3696 3539; x_wconf 69' lang='grc' dir='ltr'>σύντει-</span> 
     </span>
    </p>
   </div>
   <div class='ocr_carea' id='block_1_95' title="bbox 2220 3574 3696 3659">
    <p class='ocr_par' dir='ltr' id='par_1_95' title="bbox 2220 3574 3696 3659">
     <span class='ocr_line' id='line_1_96' title="bbox 2220 3574 3696 3659; baseline -0.009 -17"><span class='ocrx_word' id='word_1_687' title='bbox 2220 3603 2338 3659; x_wconf 90' lang='grc' dir='ltr'><strong>γμα</strong></span> <span class='ocrx_word' id='word_1_688' title='bbox 2372 3586 2482 3658; x_wconf 89' lang='grc'><strong>(97)</strong></span> <span class='ocrx_word' id='word_1_689' title='bbox 2514 3587 2808 3659; x_wconf 84' lang='grc' dir='ltr'>σύγχρονον</span> <span class='ocrx_word' id='word_1_690' title='bbox 2833 3587 2948 3650; x_wconf 83' lang='grc' dir='ltr'>τοῖς</span> <span class='ocrx_word' id='word_1_691' title='bbox 2984 3586 3137 3657; x_wconf 69' lang='grc' dir='ltr'>ἐμοῖς</span> <span class='ocrx_word' id='word_1_692' title='bbox 3172 3585 3487 3658; x_wconf 82' lang='grc' dir='ltr'>γράμμασι;</span> <span class='ocrx_word' id='word_1_693' title='bbox 3517 3580 3582 3642; x_wconf 84' lang='grc' dir='ltr'><strong>τίς</strong></span> <span class='ocrx_word' id='word_1_694' title='bbox 3603 3574 3696 3630; x_wconf 76' lang='grc' dir='ltr'><strong>σοιό</strong></span> 
     </span>
    </p>
   </div>
   <div class='ocr_carea' id='block_1_96' title="bbox 2221 3670 3693 3748">
    <p class='ocr_par' dir='ltr' id='par_1_96' title="bbox 2221 3670 3693 3748">
     <span class='ocr_line' id='line_1_97' title="bbox 2221 3670 3693 3748; baseline -0.005 -14"><span class='ocrx_word' id='word_1_695' title='bbox 2221 3679 2410 3745; x_wconf 84' lang='grc' dir='ltr'>είπὼν,</span> <span class='ocrx_word' id='word_1_696' title='bbox 2438 3681 2521 3734; x_wconf 83' lang='grc' dir='ltr'>ὅτι</span> <span class='ocrx_word' id='word_1_697' title='bbox 2569 3679 2771 3734; x_wconf 73' lang='grc' dir='ltr'>εἴκοσίν</span> <span class='ocrx_word' id='word_1_698' title='bbox 2820 3681 2965 3734; x_wconf 66' lang='grc' dir='ltr'>ἔστιν</span> <span class='ocrx_word' id='word_1_699' title='bbox 2995 3678 3129 3732; x_wconf 73' lang='grc' dir='ltr'>ἑτῶν</span> <span class='ocrx_word' id='word_1_700' title='bbox 3179 3681 3213 3748; x_wconf 80' lang='grc' dir='ltr'><strong>ἡ</strong></span> <span class='ocrx_word' id='word_1_701' title='bbox 3267 3674 3536 3748; x_wconf 72' lang='grc' dir='ltr'>συγγραφὴ</span> <span class='ocrx_word' id='word_1_702' title='bbox 3580 3670 3693 3736; x_wconf 61' lang='lat' dir='ltr'><strong>sim;</strong></span> 
     </span>
    </p>
   </div>
   <div class='ocr_carea' id='block_1_97' title="bbox 2223 3757 3696 3844">
    <p class='ocr_par' dir='ltr' id='par_1_97' title="bbox 2223 3757 3696 3844">
     <span class='ocr_line' id='line_1_98' title="bbox 2223 3757 3696 3844; baseline -0.007 -18"><span class='ocrx_word' id='word_1_703' title='bbox 2223 3771 2386 3827; x_wconf 84' lang='grc' dir='ltr'>πόθεν</span> <span class='ocrx_word' id='word_1_704' title='bbox 2427 3772 2483 3826; x_wconf 85' lang='grc' dir='ltr'>δὲ</span> <span class='ocrx_word' id='word_1_705' title='bbox 2533 3772 2710 3844; x_wconf 80' lang='grc' dir='ltr'>δῆλον,</span> <span class='ocrx_word' id='word_1_706' title='bbox 2752 3771 2833 3825; x_wconf 82' lang='grc' dir='ltr'>ὅτι</span> <span class='ocrx_word' id='word_1_707' title='bbox 2868 3770 3079 3825; x_wconf 78' lang='grc' dir='ltr'>ἐκείνου</span> <span class='ocrx_word' id='word_1_708' title='bbox 3122 3770 3245 3823; x_wconf 71' lang='grc' dir='ltr'>ἐστὶ</span> <span class='ocrx_word' id='word_1_709' title='bbox 3288 3768 3385 3822; x_wconf 87' lang='grc' dir='ltr'><strong>τοῦ</strong></span> <span class='ocrx_word' id='word_1_710' title='bbox 3416 3757 3696 3837; x_wconf 70' lang='grc' dir='ltr'>ἀνθρώπουτδ</span> 
     </span>
    </p>
   </div>
   <div class='ocr_carea' id='block_1_98' title="bbox 2225 3851 3733 3936">
    <p class='ocr_par' dir='ltr' id='par_1_98' title="bbox 2225 3851 3733 3936">
     <span class='ocr_line' id='line_1_99' title="bbox 2225 3851 3733 3936; baseline -0.023 2"><span class='ocrx_word' id='word_1_711' title='bbox 2225 3865 2529 3936; x_wconf 76' lang='grc' dir='ltr'>σύνταγμα.</span> <span class='ocrx_word' id='word_1_712' title='bbox 2565 3864 2700 3936; x_wconf 80' lang='grc' dir='ltr'>πρὸς</span> <span class='ocrx_word' id='word_1_713' title='bbox 2739 3862 2799 3916; x_wconf 76' lang='grc' dir='ltr'><strong>δν</strong></span> <span class='ocrx_word' id='word_1_714' title='bbox 2847 3863 2942 3916; x_wconf 65' lang='grc' dir='ltr'>καὶ</span> <span class='ocrx_word' id='word_1_715' title='bbox 2973 3864 3008 3933; x_wconf 81' lang='grc' dir='ltr'><strong>ἡ</strong></span> <span class='ocrx_word' id='word_1_716' title='bbox 3060 3862 3190 3933; x_wconf 81' lang='grc' dir='ltr'>παρ’</span> <span class='ocrx_word' id='word_1_717' title='bbox 3218 3860 3354 3932; x_wconf 79' lang='grc' dir='ltr'>ἐμοῦ</span> <span class='ocrx_word' id='word_1_718' title='bbox 3386 3854 3601 3924; x_wconf 74' lang='grc' dir='ltr'>ἐπιστολὴ</span> <span class='ocrx_word' id='word_1_719' title='bbox 3732 3851 3733 3933; x_wconf 42' lang='grc' dir='ltr'><strong>ἰ</strong></span> 
     </span>
    </p>
   </div>
   <div class='ocr_carea' id='block_1_99' title="bbox 2220 3944 3696 4029">
    <p class='ocr_par' dir='ltr' id='par_1_99' title="bbox 2220 3944 3696 4029">
     <span class='ocr_line' id='line_1_100' title="bbox 2220 3944 3696 4029; baseline -0.006 -17"><span class='ocrx_word' id='word_1_720' title='bbox 2220 3956 2479 4029; x_wconf 74' lang='grc' dir='ltr'>πέμφθης</span> <span class='ocrx_word' id='word_1_721' title='bbox 2508 3958 2571 4011; x_wconf 70' lang='lat' dir='ltr'><strong>Et</strong></span> <span class='ocrx_word' id='word_1_722' title='bbox 2607 3956 2666 4011; x_wconf 80' lang='grc' dir='ltr'>δὲ</span> <span class='ocrx_word' id='word_1_723' title='bbox 2695 3957 2947 4018; x_wconf 80' lang='grc' dir='ltr'>κάκεῖνος</span> <span class='ocrx_word' id='word_1_724' title='bbox 2974 3956 3003 4009; x_wconf 82' lang='grc' dir='ltr'><strong>ὁ</strong></span> <span class='ocrx_word' id='word_1_725' title='bbox 3029 3954 3402 4025; x_wconf 80' lang='grc' dir='ltr'>συγγραφεὺς,</span> <span class='ocrx_word' id='word_1_726' title='bbox 3424 3949 3557 4019; x_wconf 78' lang='grc' dir='ltr'><strong>κάγὼ</strong></span> <span class='ocrx_word' id='word_1_727' title='bbox 3573 3944 3696 4009; x_wconf 56' lang='lat' dir='ltr'><strong>hi5?</strong></span> 
     </span>
    </p>
   </div>
   <div class='ocr_carea' id='block_1_100' title="bbox 2223 4037 3695 4120">
    <p class='ocr_par' dir='ltr' id='par_1_100' title="bbox 2223 4037 3695 4120">
     <span class='ocr_line' id='line_1_101' title="bbox 2223 4037 3695 4120; baseline -0.007 -16"><span class='ocrx_word' id='word_1_728' title='bbox 2223 4049 2527 4115; x_wconf 71' lang='grc' dir='ltr'>ἐπέστειλα,</span> <span class='ocrx_word' id='word_1_729' title='bbox 2556 4049 2649 4104; x_wconf 79' lang='grc' dir='ltr'>καὶ</span> <span class='ocrx_word' id='word_1_730' title='bbox 2696 4047 2888 4120; x_wconf 81' lang='grc' dir='ltr'>χρόνος</span> <span class='ocrx_word' id='word_1_731' title='bbox 2929 4040 3011 4110; x_wconf 77' lang='grc' dir='ltr'><strong>εἷς</strong></span> <span class='ocrx_word' id='word_1_732' title='bbox 3047 4045 3157 4099; x_wconf 84' lang='grc' dir='ltr'><strong>τῶν</strong></span> <span class='ocrx_word' id='word_1_733' title='bbox 3185 4045 3236 4098; x_wconf 75' lang='grc' dir='ltr'>τ’</span> <span class='ocrx_word' id='word_1_734' title='bbox 3270 4044 3418 4116; x_wconf 73' lang='grc' dir='ltr'>ἐμῶν</span> <span class='ocrx_word' id='word_1_735' title='bbox 3446 4037 3695 4114; x_wconf 69' lang='grc' dir='ltr'>γραμμάτων</span> 
     </span>
    </p>
   </div>
   <div class='ocr_carea' id='block_1_101' title="bbox 2223 4124 3733 4219">
    <p class='ocr_par' dir='ltr' id='par_1_101' title="bbox 2223 4124 3733 4219">
     <span class='ocr_line' id='line_1_102' title="bbox 2223 4124 3733 4219; baseline -0.005 -26"><span class='ocrx_word' id='word_1_736' title='bbox 2223 4139 2319 4193; x_wconf 76' lang='grc' dir='ltr'>καὶ</span> <span class='ocrx_word' id='word_1_737' title='bbox 2367 4140 2461 4193; x_wconf 87' lang='grc' dir='ltr'><strong>τοῦ</strong></span> <span class='ocrx_word' id='word_1_738' title='bbox 2510 4140 2959 4212; x_wconf 77' lang='grc' dir='ltr'>συγγράμματος,</span> <span class='ocrx_word' id='word_1_739' title='bbox 2987 4136 3069 4190; x_wconf 84' lang='grc' dir='ltr'>ὅτι</span> <span class='ocrx_word' id='word_1_740' title='bbox 3113 4134 3491 4208; x_wconf 82' lang='grc' dir='ltr'>παρεδεξάμην</span> <span class='ocrx_word' id='word_1_741' title='bbox 3526 4129 3625 4184; x_wconf 70' lang='grc' dir='ltr'>αὐτὸ</span> 
     </span>
    </p>
   </div>
   <div class='ocr_carea' id='block_1_102' title="bbox 2223 4214 3697 4304">
    <p class='ocr_par' dir='ltr' id='par_1_102' title="bbox 2223 4214 3697 4304">
     <span class='ocr_line' id='line_1_103' title="bbox 2223 4214 3697 4304; baseline -0.008 -19"><span class='ocrx_word' id='word_1_742' title='bbox 2223 4230 2450 4304; x_wconf 77' lang='grc' dir='ltr'>διανοίᾳ,</span> <span class='ocrx_word' id='word_1_743' title='bbox 2484 4231 2579 4285; x_wconf 77' lang='grc' dir='ltr'>καὶ</span> <span class='ocrx_word' id='word_1_744' title='bbox 2620 4230 2728 4302; x_wconf 73' lang='grc' dir='ltr'><strong>ἔχω</strong></span> <span class='ocrx_word' id='word_1_745' title='bbox 2757 4231 2814 4283; x_wconf 81' lang='grc' dir='ltr'>ὲν</span> <span class='ocrx_word' id='word_1_746' title='bbox 2840 4226 3061 4301; x_wconf 74' lang='grc' dir='ltr'>ἐμαυτῷ</span> <span class='ocrx_word' id='word_1_747' title='bbox 3090 4227 3269 4285; x_wconf 71' lang='grc' dir='ltr'>ἐκεῖνο</span> <span class='ocrx_word' id='word_1_748' title='bbox 3311 4226 3374 4280; x_wconf 77' lang='grc' dir='ltr'>τὸ</span> <span class='ocrx_word' id='word_1_749' title='bbox 3404 4223 3631 4297; x_wconf 77' lang='grc' dir='ltr'>φρόνημα,</span> <span class='ocrx_word' id='word_1_750' title='bbox 3647 4214 3697 4273; x_wconf 75' lang='grc' dir='ltr'><strong>τίς</strong></span> 
     </span>
    </p>
   </div>
   <div class='ocr_carea' id='block_1_103' title="bbox 2223 4323 2745 4395">
    <p class='ocr_par' dir='ltr' id='par_1_103' title="bbox 2223 4323 2745 4395">
     <span class='ocr_line' id='line_1_104' title="bbox 2223 4323 2745 4395; baseline -0.01 -17"><span class='ocrx_word' id='word_1_751' title='bbox 2223 4325 2259 4395; x_wconf 76' lang='grc' dir='ltr'><strong>ἠ</strong></span> <span class='ocrx_word' id='word_1_752' title='bbox 2292 4323 2563 4391; x_wconf 79' lang='grc' dir='ltr'>ἀπόδειξις</span> <span class='ocrx_word' id='word_1_753' title='bbox 2584 4340 2601 4390; x_wconf 90' lang='lat'><strong>;</strong></span> <span class='ocrx_word' id='word_1_754' title='bbox 2741 4369 2745 4373; x_wconf 90' lang='lat'><strong>.</strong></span> 
     </span>
    </p>
   </div>
   <div class='ocr_carea' id='block_1_104' title="bbox 2296 4396 3696 4489">
    <p class='ocr_par' dir='ltr' id='par_1_104' title="bbox 2296 4396 3696 4489">
     <span class='ocr_line' id='line_1_105' title="bbox 2296 4396 3696 4489; baseline -0.011 -18"><span class='ocrx_word' id='word_1_755' title='bbox 2296 4418 2347 4473; x_wconf 84' lang='lat'><strong>5.</strong></span> <span class='ocrx_word' id='word_1_756' title='bbox 2400 4417 2703 4489; x_wconf 85' lang='grc' dir='ltr'>Ἐρώτησον</span> <span class='ocrx_word' id='word_1_757' title='bbox 2735 4412 2993 4468; x_wconf 76' lang='grc' dir='ltr'>σεαυτόνο</span> <span class='ocrx_word' id='word_1_758' title='bbox 3032 4412 3265 4476; x_wconf 82' lang='grc' dir='ltr'>ποσάκις</span> <span class='ocrx_word' id='word_1_759' title='bbox 3310 4410 3455 4483; x_wconf 77' lang='grc' dir='ltr'>ἡμᾶς</span> <span class='ocrx_word' id='word_1_760' title='bbox 3495 4396 3696 4489; x_wconf 41' lang='lat' dir='ltr'><strong>smmis</strong></span> 
     </span>
    </p>
   </div>
   <div class='ocr_carea' id='block_1_105' title="bbox 2223 4587 3733 4673">
    <p class='ocr_par' dir='ltr' id='par_1_105' title="bbox 2223 4587 3733 4673">
     <span class='ocr_line' id='line_1_106' title="bbox 2223 4587 3733 4673; baseline -0.019 -11"><span class='ocrx_word' id='word_1_761' title='bbox 2223 4601 2517 4673; x_wconf 80' lang='grc' dir='ltr'>συμπαρῆν</span> <span class='ocrx_word' id='word_1_762' title='bbox 2553 4616 2643 4670; x_wconf 90' lang='grc' dir='ltr'><strong>μοι</strong></span> <span class='ocrx_word' id='word_1_763' title='bbox 2681 4599 2712 4651; x_wconf 81' lang='grc' dir='ltr'>ὁ</span> <span class='ocrx_word' id='word_1_764' title='bbox 2758 4595 3166 4666; x_wconf 82' lang='grc' dir='ltr'>θεοφιλέστατος</span> <span class='ocrx_word' id='word_1_765' title='bbox 3197 4594 3424 4665; x_wconf 75' lang='grc' dir='ltr'>ἁδελφὸς</span> <span class='ocrx_word' id='word_1_766' title='bbox 3462 4587 3693 4662; x_wconf 68' lang='grc' dir='ltr'>Γρηγόριος,</span> 
     </span>
    </p>
   </div>
   <div class='ocr_carea' id='block_1_106' title="bbox 2219 4679 3733 4761">
    <p class='ocr_par' dir='ltr' id='par_1_106' title="bbox 2219 4679 3733 4761">
     <span class='ocr_line' id='line_1_107' title="bbox 2219 4679 3733 4761; baseline -0.007 -16"><span class='ocrx_word' id='word_1_767' title='bbox 2219 4690 2309 4745; x_wconf 85' lang='grc' dir='ltr'>τὸν</span> <span class='ocrx_word' id='word_1_768' title='bbox 2338 4689 2499 4745; x_wconf 74' lang='grc' dir='ltr'>αὐτόν</span> <span class='ocrx_word' id='word_1_769' title='bbox 2546 4706 2634 4761; x_wconf 88' lang='grc' dir='ltr'><strong>μοι</strong></span> <span class='ocrx_word' id='word_1_770' title='bbox 2671 4688 2765 4742; x_wconf 87' lang='grc' dir='ltr'><strong>τοῦ</strong></span> <span class='ocrx_word' id='word_1_771' title='bbox 2805 4686 2922 4758; x_wconf 86' lang='grc' dir='ltr'>βίου</span> <span class='ocrx_word' id='word_1_772' title='bbox 2965 4685 3163 4740; x_wconf 81' lang='grc' dir='ltr'>σκοπὸν</span> <span class='ocrx_word' id='word_1_773' title='bbox 3201 4685 3465 4751; x_wconf 82' lang='grc' dir='ltr'>διανύων;</span> <span class='ocrx_word' id='word_1_774' title='bbox 3504 4681 3558 4735; x_wconf 76' lang='grc' dir='ltr'><strong>Εἰ</strong></span> <span class='ocrx_word' id='word_1_775' title='bbox 3594 4679 3694 4761; x_wconf 42' lang='lat' dir='ltr'><strong>huc</strong></span> 
     </span>
    </p>
   </div>
   <div class='ocr_carea' id='block_1_107' title="bbox 2221 4760 3693 4854">
    <p class='ocr_par' dir='ltr' id='par_1_107' title="bbox 2221 4760 3693 4854">
     <span class='ocr_line' id='line_1_108' title="bbox 2221 4760 3693 4854; baseline -0.007 -17"><span class='ocrx_word' id='word_1_776' title='bbox 2221 4783 2320 4846; x_wconf 85' lang='grc' dir='ltr'><strong>σάς</strong></span> <span class='ocrx_word' id='word_1_777' title='bbox 2346 4782 2455 4854; x_wconf 89' lang='lat'><strong>(98)</strong></span> <span class='ocrx_word' id='word_1_778' title='bbox 2492 4760 2555 4834; x_wconf 86' lang='grc' dir='ltr'><strong>τι</strong></span> <span class='ocrx_word' id='word_1_779' title='bbox 2588 4780 2859 4844; x_wconf 86' lang='grc' dir='ltr'>τοιοῦτον;</span> <span class='ocrx_word' id='word_1_780' title='bbox 2902 4778 2937 4849; x_wconf 83' lang='grc' dir='ltr'>ἢ</span> <span class='ocrx_word' id='word_1_781' title='bbox 2987 4777 3178 4842; x_wconf 72' lang='grc' dir='ltr'>ἔλαϐες</span> <span class='ocrx_word' id='word_1_782' title='bbox 3224 4777 3457 4849; x_wconf 73' lang='grc' dir='ltr'>ἔμφασιν</span> <span class='ocrx_word' id='word_1_783' title='bbox 3493 4767 3648 4845; x_wconf 68' lang='grc' dir='ltr'>μικρὰν</span> <span class='ocrx_word' id='word_1_784' title='bbox 3670 4760 3693 4854; x_wconf 57' lang='grc' dir='ltr'><strong>ἦ</strong></span> 
     </span>
    </p>
   </div>
   <div class='ocr_carea' id='block_1_108' title="bbox 2222 4853 3733 4959">
    <p class='ocr_par' dir='ltr' id='par_1_108' title="bbox 2222 4853 3733 4959">
     <span class='ocr_line' id='line_1_109' title="bbox 2222 4853 3733 4959; baseline -0.006 -31"><span class='ocrx_word' id='word_1_785' title='bbox 2222 4871 2479 4947; x_wconf 77' lang='grc' dir='ltr'>μείξονα;</span> <span class='ocrx_word' id='word_1_786' title='bbox 2522 4874 2701 4935; x_wconf 88' lang='grc' dir='ltr'>Πόσας</span> <span class='ocrx_word' id='word_1_787' title='bbox 2731 4871 2788 4924; x_wconf 85' lang='grc' dir='ltr'>δὲ</span> <span class='ocrx_word' id='word_1_788' title='bbox 2825 4870 3038 4943; x_wconf 82' lang='grc' dir='ltr'>ἡμέρας</span> <span class='ocrx_word' id='word_1_789' title='bbox 3072 4872 3163 4924; x_wconf 75' lang='grc' dir='ltr'><strong>ἐπὶ</strong></span> <span class='ocrx_word' id='word_1_790' title='bbox 3189 4870 3290 4942; x_wconf 85' lang='grc' dir='ltr'>τῆς</span> <span class='ocrx_word' id='word_1_791' title='bbox 3330 4866 3595 4959; x_wconf 54' lang='grc' dir='ltr'>ἀντιπέραν</span> <span class='ocrx_word' id='word_1_792' title='bbox 3732 4886 3733 4955; x_wconf 45' lang='grc' dir='ltr'>ς</span> 
     </span>
    </p>
   </div>
   <div class='ocr_carea' id='block_1_109' title="bbox 2220 4954 3733 5034">
    <p class='ocr_par' dir='ltr' id='par_1_109' title="bbox 2220 4954 3733 5034">
     <span class='ocr_line' id='line_1_110' title="bbox 2220 4954 3733 5034; baseline -0.007 -16"><span class='ocrx_word' id='word_1_793' title='bbox 2220 4964 2430 5034; x_wconf 83' lang='grc' dir='ltr'>κώμης,</span> <span class='ocrx_word' id='word_1_794' title='bbox 2463 4961 2616 5034; x_wconf 83' lang='grc' dir='ltr'>παρὰ</span> <span class='ocrx_word' id='word_1_795' title='bbox 2640 4964 2706 5034; x_wconf 73' lang='grc' dir='ltr'>τῇ</span> <span class='ocrx_word' id='word_1_796' title='bbox 2743 4962 2908 5033; x_wconf 86' lang='grc' dir='ltr'>μητρί</span> <span class='ocrx_word' id='word_1_797' title='bbox 2941 4979 3063 5033; x_wconf 88' lang='grc' dir='ltr'>μου,</span> <span class='ocrx_word' id='word_1_798' title='bbox 3106 4960 3232 5014; x_wconf 76' lang='grc' dir='ltr'>ἔνθα</span> <span class='ocrx_word' id='word_1_799' title='bbox 3268 4960 3345 5025; x_wconf 83' lang='grc' dir='ltr'>ὡς</span> <span class='ocrx_word' id='word_1_800' title='bbox 3376 4959 3511 5029; x_wconf 81' lang='grc' dir='ltr'>φίλοι</span> <span class='ocrx_word' id='word_1_801' title='bbox 3537 4954 3595 5027; x_wconf 84' lang='lat' dir='ltr'><strong>(l)</strong></span> <span class='ocrx_word' id='word_1_802' title='bbox 3620 4954 3693 5019; x_wconf 77' lang='grc' dir='ltr'>μετ’</span> <span class='ocrx_word' id='word_1_803' title='bbox 3732 4990 3733 5034; x_wconf 36' lang='grc' dir='ltr'><strong>γ</strong></span> 
     </span>
    </p>
   </div>
   <div class='ocr_carea' id='block_1_110' title="bbox 2218 5042 3733 5131">
    <p class='ocr_par' dir='ltr' id='par_1_110' title="bbox 2218 5042 3733 5131">
     <span class='ocr_line' id='line_1_111' title="bbox 2218 5042 3733 5131; baseline -0.011 -21"><span class='ocrx_word' id='word_1_804' title='bbox 2218 5055 2459 5129; x_wconf 83' lang='grc' dir='ltr'>ἀλλήλων</span> <span class='ocrx_word' id='word_1_805' title='bbox 2484 5055 2780 5124; x_wconf 83' lang='grc' dir='ltr'>διάγοντες,</span> <span class='ocrx_word' id='word_1_806' title='bbox 2811 5055 2905 5109; x_wconf 71' lang='grc' dir='ltr'>καὶ</span> <span class='ocrx_word' id='word_1_807' title='bbox 2934 5055 2992 5109; x_wconf 83' lang='grc' dir='ltr'>ὲν</span> <span class='ocrx_word' id='word_1_808' title='bbox 3020 5053 3175 5108; x_wconf 76' lang='grc' dir='ltr'>νυκτὶ</span> <span class='ocrx_word' id='word_1_809' title='bbox 3198 5054 3291 5106; x_wconf 79' lang='grc' dir='ltr'>καὶ</span> <span class='ocrx_word' id='word_1_810' title='bbox 3313 5054 3373 5109; x_wconf 74' lang='grc' dir='ltr'>ἐν</span> <span class='ocrx_word' id='word_1_811' title='bbox 3396 5050 3561 5124; x_wconf 64' lang='grc' dir='ltr'>ἡμέρᾳ</span> <span class='ocrx_word' id='word_1_812' title='bbox 3581 5042 3694 5109; x_wconf 67' lang='grc' dir='ltr'>λόγων</span> 
     </span>
    </p>
   </div>
   <div class='ocr_carea' id='block_1_111' title="bbox 2309 5198 3733 5289">
    <p class='ocr_par' dir='ltr' id='par_1_111' title="bbox 2309 5198 3733 5289">
     <span class='ocr_line' id='line_1_112' title="bbox 2309 5198 3733 5289; baseline -0.008 -20"><span class='ocrx_word' id='word_1_813' title='bbox 2309 5211 2398 5289; x_wconf 61' lang='lat' dir='ltr'><strong>9Q)</strong></span> <span class='ocrx_word' id='word_1_814' title='bbox 2436 5208 2715 5289; x_wconf 63' lang='grc' dir='ltr'><strong>[ᾀληθές.</strong></span> <span class='ocrx_word' id='word_1_815' title='bbox 2750 5208 2890 5289; x_wconf 63' lang='lat' dir='ltr'><strong>Med.</strong></span> <span class='ocrx_word' id='word_1_816' title='bbox 2923 5218 2977 5289; x_wconf 81' lang='lat' dir='ltr'><strong>et</strong></span> <span class='ocrx_word' id='word_1_817' title='bbox 3003 5208 3171 5289; x_wconf 74' lang='lat' dir='ltr'><strong>Cois].</strong></span> <span class='ocrx_word' id='word_1_818' title='bbox 3212 5207 3419 5289; x_wconf 77' lang='lat' dir='ltr'><strong>primus</strong></span> <span class='ocrx_word' id='word_1_819' title='bbox 3444 5198 3615 5272; x_wconf 78' lang='grc' dir='ltr'>τάληθῆ</span> <span class='ocrx_word' id='word_1_820' title='bbox 3732 5238 3733 5289; x_wconf 23' lang='grc' dir='ltr'>ᾗ</span> 
     </span>
    </p>
   </div>
   <div class='ocr_carea' id='block_1_112' title="bbox 2309 5278 3632 5353">
    <p class='ocr_par' dir='ltr' id='par_1_112' title="bbox 2309 5278 3632 5353">
     <span class='ocr_line' id='line_1_113' title="bbox 2309 5278 3632 5353; baseline -0.002 -18"><span class='ocrx_word' id='word_1_821' title='bbox 2309 5278 2399 5353; x_wconf 70' lang='lat'><strong>97)</strong></span> <span class='ocrx_word' id='word_1_822' title='bbox 2432 5283 2765 5353; x_wconf 66' lang='grc' dir='ltr'>Σύνταγμα.</span> <span class='ocrx_word' id='word_1_823' title='bbox 2797 5280 2965 5353; x_wconf 76' lang='lat' dir='ltr'><strong>Coisl.</strong></span> <span class='ocrx_word' id='word_1_824' title='bbox 3007 5278 3632 5353; x_wconf 42' lang='grc' dir='ltr'>ρι’ἰιηιιςξσύγγραμμειη,</span> 
     </span>
    </p>
   </div>
   <div class='ocr_carea' id='block_1_113' title="bbox 2289 5331 3692 5421">
    <p class='ocr_par' dir='ltr' id='par_1_113' title="bbox 2289 5331 3692 5421">
     <span class='ocr_line' id='line_1_114' title="bbox 2289 5331 3692 5421; baseline -0.011 -15"><span class='ocrx_word' id='word_1_825' title='bbox 2289 5331 2401 5421; x_wconf 62' lang='grc' dir='ltr'><strong>ἒξ]ὲῇ</strong></span> <span class='ocrx_word' id='word_1_826' title='bbox 2432 5331 2505 5405; x_wconf 64' lang='grc' dir='ltr'><strong>ἓξ</strong></span> <span class='ocrx_word' id='word_1_827' title='bbox 2521 5331 2530 5335; x_wconf 67' lang='grc'>⁷</span> <span class='ocrx_word' id='word_1_828' title='bbox 2549 5331 2961 5421; x_wconf 42' lang='lat' dir='ltr'><strong>agisagis.</strong></span> <span class='ocrx_word' id='word_1_829' title='bbox 3007 5331 3365 5406; x_wconf 61' lang='grc' dir='ltr'><strong>Ξὲῖἷόάίοὲἐ</strong></span> <span class='ocrx_word' id='word_1_830' title='bbox 3380 5331 3505 5405; x_wconf 58' lang='lat' dir='ltr'><strong>ags:</strong></span> <span class='ocrx_word' id='word_1_831' title='bbox 3523 5337 3632 5397; x_wconf 77' lang='lat' dir='ltr'><strong>Editi</strong></span> <span class='ocrx_word' id='word_1_832' title='bbox 3651 5331 3692 5384; x_wconf 74' lang='grc' dir='ltr'>Ἦ</span> 
     </span>
    </p>
   </div>
   <div class='ocr_carea' id='block_1_114' title="bbox 2255 5439 2471 5477">
    <p class='ocr_par' dir='ltr' id='par_1_114' title="bbox 2255 5439 2471 5477">
     <span class='ocr_line' id='line_1_115' title="bbox 2255 5439 2471 5477; baseline -0.014 0"><span class='ocrx_word' id='word_1_833' title='bbox 2255 5439 2471 5477; x_wconf 79' lang='grc' dir='ltr'>κουσας.</span> 
     </span>
    </p>
   </div>
   <div class='ocr_carea' id='block_1_115' title="bbox 2216 5424 3690 5564">
    <p class='ocr_par' dir='ltr' id='par_1_115' title="bbox 2216 5424 3690 5564">
     <span class='ocr_line' id='line_1_116' title="bbox 2216 5424 2471 5495; baseline -0.016 -17"><span class='ocrx_word' id='word_1_834' title='bbox 2216 5424 2471 5495; x_wconf 71' lang='grc' dir='ltr'>ἤκουσας.</span> 
     </span>
     <span class='ocr_line' id='line_1_117' title="bbox 2289 5480 3690 5564; baseline -0.002 -17"><span class='ocrx_word' id='word_1_835' title='bbox 2289 5492 2399 5562; x_wconf 82' lang='lat'><strong>(99)</strong></span> <span class='ocrx_word' id='word_1_836' title='bbox 2451 5492 2807 5564; x_wconf 73' lang='lat' dir='ltr'><strong>’Arturépar.</strong></span> <span class='ocrx_word' id='word_1_837' title='bbox 2861 5491 3037 5559; x_wconf 84' lang='lat' dir='ltr'><strong>llarl.,</strong></span> <span class='ocrx_word' id='word_1_838' title='bbox 3092 5490 3260 5548; x_wconf 87' lang='lat' dir='ltr'><strong>Coisl.</strong></span> <span class='ocrx_word' id='word_1_839' title='bbox 3294 5491 3498 5564; x_wconf 89' lang='lat' dir='ltr'><strong>primus</strong></span> <span class='ocrx_word' id='word_1_840' title='bbox 3527 5493 3572 5541; x_wconf 79' lang='lat' dir='ltr'><strong>et</strong></span> <span class='ocrx_word' id='word_1_841' title='bbox 3607 5480 3690 5544; x_wconf 66' lang='grc' dir='ltr'>Ησί-</span> 
     </span>
    </p>
   </div>
   <div class='ocr_carea' id='block_1_116' title="bbox 2215 5562 3663 5635">
    <p class='ocr_par' dir='ltr' id='par_1_116' title="bbox 2215 5562 3663 5635">
     <span class='ocr_line' id='line_1_118' title="bbox 2215 5562 3663 5635; baseline 0 -18"><span class='ocrx_word' id='word_1_842' title='bbox 2215 5564 2424 5635; x_wconf 81' lang='lat' dir='ltr'><strong>primus</strong></span> <span class='ocrx_word' id='word_1_843' title='bbox 2450 5562 2732 5635; x_wconf 74' lang='grc' dir='ltr'>ἀντιπέρα.</span> <span class='ocrx_word' id='word_1_844' title='bbox 2788 5634 2793 5635; x_wconf 14' lang='grc' dir='ltr'><strong>γ</strong></span> <span class='ocrx_word' id='word_1_845' title='bbox 2961 5632 2987 5635; x_wconf 95' lang='lat'><em>_</em></span> <span class='ocrx_word' id='word_1_846' title='bbox 3473 5629 3486 5635; x_wconf 93' lang='lat'>_</span> <span class='ocrx_word' id='word_1_847' title='bbox 3550 5625 3559 5635; x_wconf 39' lang='lat'><em>.</em></span> <span class='ocrx_word' id='word_1_848' title='bbox 3624 5615 3663 5635; x_wconf 18' lang='grc' dir='ltr'>ν,</span> 
     </span>
    </p>
   </div>
   <div class='ocr_carea' id='block_1_117' title="bbox 2287 5628 3687 5704">
    <p class='ocr_par' dir='ltr' id='par_1_117' title="bbox 2287 5628 3687 5704">
     <span class='ocr_line' id='line_1_119' title="bbox 2287 5628 3687 5704; baseline -0.026 -1"><span class='ocrx_word' id='word_1_849' title='bbox 2287 5634 2361 5704; x_wconf 75' lang='grc' dir='ltr'><strong>(ί)</strong></span> <span class='ocrx_word' id='word_1_850' title='bbox 2394 5633 2585 5704; x_wconf 76' lang='grc' dir='ltr'>Ἔνθα,</span> <span class='ocrx_word' id='word_1_851' title='bbox 2625 5628 2704 5700; x_wconf 77' lang='grc' dir='ltr'>ὡς</span> <span class='ocrx_word' id='word_1_852' title='bbox 2726 5634 2911 5702; x_wconf 70' lang='grc' dir='ltr'>φίλοι.</span> <span class='ocrx_word' id='word_1_853' title='bbox 2959 5632 3065 5688; x_wconf 86' lang='lat' dir='ltr'><strong>Pro</strong></span> <span class='ocrx_word' id='word_1_854' title='bbox 3110 5632 3199 5704; x_wconf 82' lang='lat' dir='ltr'><strong>his</strong></span> <span class='ocrx_word' id='word_1_855' title='bbox 3223 5628 3687 5704; x_wconf 58' lang='lat' dir='ltr'><strong>vocibusjegiturni</strong></span> 
     </span>
    </p>
   </div>
   <div class='ocr_carea' id='block_1_118' title="bbox 2218 5692 3691 5777">
    <p class='ocr_par' dir='ltr' id='par_1_118' title="bbox 2218 5692 3691 5777">
     <span class='ocr_line' id='line_1_120' title="bbox 2218 5692 3691 5777; baseline -0.007 -19"><span class='ocrx_word' id='word_1_856' title='bbox 2218 5692 2368 5759; x_wconf 56' lang='grc' dir='ltr'><strong>Βάκ-1⁷.</strong></span> <span class='ocrx_word' id='word_1_857' title='bbox 2395 5701 2597 5777; x_wconf 59' lang='lat' dir='ltr'><strong>ave-:6;</strong></span> <span class='ocrx_word' id='word_1_858' title='bbox 2626 5692 2978 5777; x_wconf 29' lang='grc' dir='ltr'>φίλῇηειιανιε</span> <span class='ocrx_word' id='word_1_859' title='bbox 3017 5704 3080 5777; x_wconf 69' lang='grc' dir='ltr'><strong>ἱηΔ</strong></span> <span class='ocrx_word' id='word_1_860' title='bbox 3111 5703 3217 5758; x_wconf 84' lang='lat' dir='ltr'><strong>Deo</strong></span> <span class='ocrx_word' id='word_1_861' title='bbox 3238 5705 3411 5777; x_wconf 72' lang='lat' dir='ltr'><strong>matri.</strong></span> <span class='ocrx_word' id='word_1_862' title='bbox 3452 5692 3592 5753; x_wconf 77' lang='lat' dir='ltr'><strong>Paulo</strong></span> <span class='ocrx_word' id='word_1_863' title='bbox 3615 5692 3691 5760; x_wconf 73' lang='grc' dir='ltr'><strong>ρῡδι</strong></span> 
     </span>
    </p>
   </div>
   <div class='ocr_carea' id='block_1_119' title="bbox 2219 5773 3733 5845">
    <p class='ocr_par' dir='ltr' id='par_1_119' title="bbox 2219 5773 3733 5845">
     <span class='ocr_line' id='line_1_121' title="bbox 2219 5773 3733 5845; baseline -0.007 -12"><span class='ocrx_word' id='word_1_864' title='bbox 2219 5776 2357 5833; x_wconf 88' lang='lat' dir='ltr'><strong>idem</strong></span> <span class='ocrx_word' id='word_1_865' title='bbox 2381 5774 2549 5832; x_wconf 83' lang='lat' dir='ltr'><strong>codex</strong></span> <span class='ocrx_word' id='word_1_866' title='bbox 2572 5773 2697 5831; x_wconf 78' lang='lat' dir='ltr'><strong>Cum</strong></span> <span class='ocrx_word' id='word_1_867' title='bbox 2728 5773 2845 5830; x_wconf 74' lang='lat' dir='ltr'><strong>alio</strong></span> <span class='ocrx_word' id='word_1_868' title='bbox 2868 5773 3125 5845; x_wconf 77' lang='grc' dir='ltr'>συγγενὲς</span> <span class='ocrx_word' id='word_1_869' title='bbox 3160 5774 3374 5828; x_wconf 77' lang='grc' dir='ltr'>τούτων.</span> <span class='ocrx_word' id='word_1_870' title='bbox 3732 5776 3733 5817; x_wconf 74' lang='lat'><strong>1</strong></span> 
     </span>
    </p>
   </div>
  </div>
