3868 6492
56 390 61 393 ’
100 406 180 461 829
927 399 1417 459 EPISTULARUM
1453 398 1737 456 CLASSIS
1778 398 1839 456 ll.
1876 398 2093 456 EPIST.
2132 398 2406 461 CCXXIII.

67 508 389 593 ξκινουμένων
420 521 592 591 ήμῖνς
618 518 683 573 El
710 518 1011 591 εὑρέθημεν
1037 537 1091 573 τι
1130 519 1385 589 συγγενὲς
1414 517 1630 589 ἔχοντες

1738 522 1933 586 ctuque
1959 524 2014 572 et
2044 515 2284 571 interdiu
2312 515 2587 588 colloquia
2622 516 2960 576 habebamus
2991 516 3134 575 inter
3164 522 3304 578 nos?

80 621 146 685 iév
170 617 225 685 τῇ
254 610 454 683 διανοίᾳ
478 629 493 676 ;
529 612 658 666 Ὅτε
689 610 747 664 δὲ
774 610 864 663 τὸν
895 610 1162 683 μακάριον
1188 609 1469 664 Σιλουανὸν
1490 607 1634 662 κατὰ

51 680 259 775 ,Ϊταντδν
291 680 761 774 ἐπεσκεπτόμεθα,
810 680 908 773 οὐχ
955 704 990 773 ή
1030 680 1148 767 δὸδς
1180 705 1313 775 ἡμῖν
1342 703 1469 767 τοὺς
1506 701 1634 774 περὶ

52 771 267 881 ἴτοίθτων
292 791 401 867 εἶχε
428 771 652 863 λόγουῄ
698 794 822 848 Ἐπὶ
939 771 1041 864 τῆς
1072 771 1355 867 Εὑσινόης,
1384 795 1469 848 ὅτε
1496 771 1633 865 μετὰ

76 889 319 945 -πλειόνων
368 887 682 941 ἐπισκόπων
730 884 1031 957 μέλλοντες
1057 886 1356 959 ὁρμᾷνκὲπὶ
1396 883 1632 956 Λάμψα-

62 956 188 1049 ἷκον,
223 974 689 1050 προσεκαλέσασθὲ
724 993 814 1047 με,
853 976 914 1029 οὐ
949 956 1101 1049 περὶ*
1124 976 1359 1040 πίστεως
1404 971 1544 1047 ἦσαν
1583 975 1631 1028 οἱ

95 1074 242 1141 λόγοι;
264 1048 406 1140 ήυὺχὶ
433 1068 491 1123 δὲ
524 1048 702 1122 π’ἀντα
742 1068 834 1122 τὸν
859 1048 1047 1140 χρόνον
1079 1069 1128 1121 οἱ
1171 1067 1253 1120 σοὶ
1291 1065 1632 1139 ταχυγράφοι

96 1164 311 1236 παρῆσαν
362 1159 488 1232 ἐμοὶ
518 1161 909 1241 ὑπαγορεύοντι
946 1157 1015 1213 τὰ
1057 1158 1193 1230 πρὸς
1235 1158 1337 1229 τὴν
1383 1157 1629 1228 αἴρεσιν.;

95 1256 143 1309 οὐ
174 1253 269 1306 τῶν
309 1250 418 1305 σῶν
454 1250 712 1323 μαθητῶν
742 1253 791 1304 οἱ
829 1248 1184 1321 γνησιώτατοι
1215 1248 1390 1303 πάντα
1424 1266 1513 1320 μοι
1541 1248 1632 1303 τὸν

98 1349 251 1421 χρόνον
273 1344 523 1416 παρῆσαν
547 1344 658 1417 (2);
689 1345 763 1398 Οὐ
788 1344 885 1409 τὰς
913 1343 1276 1415 ἁδελφότητας
1307 1341 1631 1397 ἐπισκεπτό-

100 1457 245 1513 μενος,
270 1436 363 1490 καὶ
398 1435 924 1509 συνδιανυκτερεύων
951 1436 1142 1499 αὑταῖς
1171 1434 1229 1488 ὲν
1253 1436 1373 1499 ταῖς
1402 1450 1633 1506 προσευ-

98 1535 209 1604 χαξ,
230 1531 398 1599 λέγων
421 1530 517 1583 καὶ
548 1528 761 1583 ἀκούων
795 1529 882 1582 ἀεὶ
922 1527 990 1582 τὰ
1034 1529 1163 1600 περὶ
1197 1527 1331 1581 Θεοῦ
1360 1526 1631 1598 ἀφιλονεί-

98 1643 203 1689 κως,
244 1624 341 1677 οὐκ
388 1621 635 1695 ἀκριϐεῖς
682 1622 940 1693 παρεῖχον
987 1620 1089 1691 τῆς
1135 1621 1343 1685 ἐννοίας
1389 1617 1629 1693 ἐμαυτοῦ

96 1750 171 1779 η,
194 1750 516 1781 “manv...”
548 1750 670 1776 μιν,
704 1750 794 1767 ν...
841 1750 868 1784 .,
900 1750 956 1766 ε,
999 1750 1225 1783 ..νυν-..Ψ
1255 1750 1430 1785 μων-,ι
1473 1750 1631 1783 ηυγ...

96 1809 297 1863 ἐλάττων
327 1806 501 1878 ἐφάνη
531 1805 629 1877 τῆς
665 1803 806 1858 οὕτω
836 1803 1041 1875 σαθρᾶς
1074 1805 1168 1857 καὶ
1199 1803 1462 1877 ἀδρανοῦς
1501 1805 1631 1858 ὑπο-

1731 601 1873 659 Num
1903 604 2182 675 quidpiam
2224 603 2381 662 aliine
2411 606 2467 660 in
2520 608 2703 663 animo
2745 608 2948 666 habere
2975 608 3302 681 deprehensi

1732 696 1964 752 sumus?
1997 695 2227 765 Quando
2257 712 2388 755 vero
2415 697 2636 755 beatum
2667 698 2949 756 Silvanum
2979 703 3141 758 simul
3173 706 3304 761 visi-

1732 788 2004 853 tabamus,
2036 804 2220 846 nonne
2261 790 2369 846 iter
2413 791 2575 846 nobis
2599 791 2666 846 de
2691 791 2778 847 his
2808 792 2974 849 rebus
3020 810 3303 852 sermones

1731 879 1966 935 habuit?
1993 879 2234 938 Eusinoe
2259 882 2473 945 itidem,
2503 883 2728 953 quando
2751 892 2861 939 una
2893 900 3017 939 cum
3053 888 3302 957 pluribus

1732 970 2009 1041 episc0pis
2038 969 2404 1042 Lampsacum
2438 972 2765 1043 profecturi,
2791 989 2877 1029 me
2908 978 3300 1046 accersivistis,

1732 1073 1914 1115 nonne
1948 1061 2017 1117 de
2050 1061 2153 1117 llde
2185 1070 2343 1117 erant
2383 1064 2711 1119 sermones?
2748 1062 2941 1120 Nonne
2983 1069 3130 1123 omni
3164 1076 3305 1124 tem-

1730 1167 1865 1222 pore
1914 1153 2116 1209 notarii
2171 1154 2250 1209 lui
2292 1155 2426 1211 mihi
2475 1156 2704 1213 aderant
2739 1157 3007 1216 adversus
3051 1160 3303 1217 haeresim

1730 1242 2001 1297 dictanli?
2052 1260 2237 1300 nonne
2273 1243 2583 1301 cbarissimi
2632 1246 2711 1301 tui
2762 1247 3019 1319 discipuli
3090 1265 3302 1306 mecum

1730 1336 1880 1390 omni
1928 1343 2173 1408 tempore.
2220 1336 2481 1394 fuerunt?
2530 1337 2703 1407 Quid,
2742 1355 2869 1395 cum
2924 1341 3303 1399 l'raternitates

1731 1428 2061 1496 inviserem,
2097 1428 2264 1503 35.0
2288 1446 2505 1501 unaque
2541 1446 2665 1487 cum
2708 1434 2821 1489 illis
2870 1434 2926 1489 in
2978 1436 3305 1507 precationi-

1729 1521 1835 1578 bus
1864 1531 2275 1594 pernoctarem,
2310 1523 2593 1581 disserens
2640 1532 2695 1581 et
2726 1526 2958 1582 audiens
2992 1543 3206 1597 semper
3237 1528 3304 1583 de

1730 1613 1842 1671 Deo
1885 1617 2006 1672 sine
2053 1616 2441 1682 contentione,
2500 1630 2569 1670 an
2614 1632 2724 1673 non
2779 1630 3038 1674 accurata
3082 1619 3304 1679 exhibui

1730 1709 2016 1764 sententiae
2064 1724 2199 1765 mea:
2247 1710 2606 1781 argumenta?
2653 1712 2935 1778 Quomodo
2980 1728 3110 1784 ergo
3167 1714 3303 1768 tanti

1732 1801 1997 1871 temporis
2040 1803 2376 1873 experientia
2411 1803 2592 1859 minor
2638 1819 2760 1861 esse
2800 1804 2919 1860 visa
2960 1813 3044 1861 est
3088 1806 3304 1876 putrida

94 1899 243 1963 νοίαςς
266 1896 397 1951 Τίνα
420 1897 478 1951 δὲ
511 1896 618 1950 ἔδει
650 1897 757 1967 πρὸ
784 1895 878 1950 σοῦ
920 1896 1170 1969 μάρτυρα
1200 1891 1337 1951 εἶναι
1364 1885 1630 1969 τῆςὲμῆς

1738 1892 1866 1949 adeo
1896 1908 1962 1949 ac
1992 1894 2209 1950 infirma
2241 1895 2596 1966 suspicione?
2625 1895 2797 1962 Quem
2832 1905 3013 1953 autem
3058 1907 3109 1953 te
3152 1900 3305 1969 prio-

93 1989 380 2055 διαθέσεωςς
423 1987 503 2042 Τὰ
554 1988 645 2040 ἐπὶ
683 1987 1022 2058 Χαλκηδόνος
1055 1989 1128 2059 ('5)
1159 1987 1457 2065 λαληθέντα
1500 1989 1629 2059 ἡμῖν

94 2083 197 2153 περὶ
226 2080 475 2146 πίστεως,
509 2079 576 2133 τὰ
602 2081 660 2133 ὲν
700 2079 995 2151 Ἡρακλείᾳ
1027 2079 1307 2145 πολλάκις,
1340 2078 1410 2133 τὰ
1438 2080 1631 2152 πρότε-

96 2192 169 2246 ρον
207 2174 293 2227 ἐπὶ
327 2174 425 2246 τῆς
472 2170 808 2242 Καισαρείας
859 2171 917 2224 ὲν
962 2170 1041 2243 τῷ
1093 2171 1422 2245 προαστείῳ,
1455 2173 1503 2226 εἰ
1555 2171 1630 2246 μὴ

95 2266 240 2321 πάντα
266 2264 531 2336 σύμφωνα
559 2265 689 2335 παρ’
724 2260 919 2333 ήμῶν;
968 2263 1017 2316 εἰ
1050 2264 1125 2335 μὴ
1162 2262 1339 2317 πάντα
1361 2261 1631 2334 ’ἀλλήλοις

94 2358 459 2430 συμϐαίνοντα;
507 2356 663 2419 ἐκτὸς
706 2352 822 2419 τοῦ,
855 2354 992 2426 ὅπερ
1037 2350 1212 2420 εἷπον,
1255 2356 1318 2408 ὲκ
1351 2353 1634 2426 προκοπῆς

90 2467 188 2503 τινα
227 2447 451 2518 αὔξησιν
500 2436 914 2517 ὲτιιθεωρεῖσθαι
963 2446 1075 2508 τοῖς
1107 2444 1451 2516 λεγομένοις,
1496 2444 1633 2517 ὅπερ

91 2542 187 2611 οὐχὶ
214 2537 478 2610 μεταϐολή
531 2538 678 2589 ἐστιν
725 2536 790 2588 ὲκ
822 2532 916 2587 τοῦ
950 2534 1192 2607 χείρονος
1236 2533 1371 2606 πρὸς
1407 2533 1470 2586 τὸ
1516 2532 1635 2604 βελ-

90 2651 200 2697 τιον,
245 2631 379 2685 ἀλλὰ
435 2629 823 2702 συμπλήρωσις
873 2627 971 2682 τοῦ
1016 2626 1292 2690 λείποντος
1349 2624 1492 2680 κατὰ
1535 2623 1633 2697 τὴν

92 2723 376 2796 προσθήκην
404 2721 506 2793 τῆς
550 2719 851 2790 γνώσεως..
877 2718 1001 2784 Πῶς
1045 2719 1102 2772 δὲ
1128 2708 1368 2772 ’κάκεῖνο
1399 2719 1499 2771 οὐκ
1544 2717 1633 2772 ὲν-

91 2818 233 2889 lupi},
256 2816 343 2870 ὅτι
390 2813 572 2886 πατὴρ
605 2813 666 2866 οὐ
695 2812 920 2884 λήψεται
967 2810 1241 2882 ἁμαρτίαν
1280 2809 1489 2874 παιδὸς,
1515 2808 1635 2864 οὐδὲ

90 2911 183 2974 sib;
208 2909 432 2980 λήψεται
464 2905 738 2978 ἁμαρτίαν
764 2903 992 2975 πατρὸς,
1027 2903 1256 2964 ἕκαστος
1269 2901 1327 2955 δὲ
1353 2902 1411 2955 ὲν
1437 2904 1504 2972 τῇ
1531 2900 1636 2972 ἰδίᾳ

90 3000 308 3073 ἁμαρτίᾳ
334 2997 717 3062 ἀποθανεῖται;
758 2995 913 3067 Ἐμοὶ
942 2994 1000 3048 δὲ
1036 2992 1159 3048 οὔτε
1189 2993 1372 3064 πατὴρ
1415 2993 1445 3046 ὁ
1481 2990 1634 3062 παρὰ

92 3092 158 3143 sui.
184 3087 612 3159 διαϐαλλόμενος,
652 3085 763 3140 οὔθ’
794 3086 930 3150 υἱός.
963 3083 1103 3140 Οὔτε
1151 3084 1259 3156 γὰρ
1310 3079 1633 3144 διδάσκαλός

92 3199 174 3253 μου
201 3181 438 3250 γέγονεν,
470 3179 592 3233 οὔτε
640 3177 909 3251 μαθητής.
948 3179 1011 3231 El
1038 3177 1094 3231 δὲ
1141 3178 1222 3230 δεῖ
1248 3175 1347 3239 τὰς
1373 3173 1481 3228 τῶν
1516 3191 1633 3243 γεν-

90 3274 340 3344 νησάντων
364 3270 634 3344 ἁμαρτίας
655 3270 977 3342 ἐγκλήματα
999 3271 1113 3333 τοῖς
1134 3268 1346 3331 τέκνοις
1366 3265 1632 3336 γίνεσθαι,
1660 3254 1703 3312 C

88 3364 202 3427 πολὺ
234 3362 562 3434 δικαιότερον
590 3360 659 3415 τὰ
699 3361 909 3433 Ἀρείου
944 3359 1086 3414 κατὰ
1125 3359 1233 3414 τῶν
1270 3358 1347 3430 (4)
1379 3356 1635 3431 μαθητῶν

91 3455 233 3510 αὐτοῦ
259 3454 533 3525 γίνεσθαι·
563 3454 657 3507 καὶ
688 3451 741 3506 εῐ
765 3470 850 3516 τις
888 3452 1092 3506 Ἀέτιον
1128 3452 1384 3521 ἐγέννησε
1422 3449 1512 3505 τὸν
1546 3451 1635 3504 αί-

91 3546 298 3619 ρετικδν,
351 3547 445 3601 ἐπὶ
479 3546 578 3618 τὴν
637 3544 876 3617 κεφαλὴν
919 3544 1013 3598 τοῦ
1064 3543 1272 3616 πατρὸς
1324 3541 1636 3598 ἀναϐαίνειν

91 3637 167 3707 τοῦ
192 3638 377 3711 παιδὸς
408 3635 478 3690 τὰ
505 3634 841 3707 ἐγκλήματα.
872 3632 937 3688 El
966 3633 1010 3687 δ’
1038 3634 1099 3687 οὐ
1135 3634 1339 3689 δίκαιον
1371 3634 1460 3686 ἐπ’
1492 3632 1636 3687 ἐκεί-

89 3746 180 3793 νοις
200 3726 542 3797 ἐγκαλεῖσθαι
566 3743 708 3792 τινα,
732 3724 910 3796 πολλῷ
933 3724 1102 3797 δήπου
1129 3724 1462 3797 δικαιότερον
1485 3726 1634 3797 ἡμᾶς

88 3822 163 3873 ἐπὶ
205 3823 313 3885 τοῖς
364 3820 529 3901 μηδὲν
560 3820 692 3891 ἡμῖν
725 3819 1061 3890 προσήκουσι
1100 3817 1174 3889 μὴ
1218 3817 1439 3889 ὑπέχειν
1477 3816 1636 3871 εὐθύ-

88 3931 167 3977 νας
208 3914 304 3985 (5),
361 3913 415 3967 εἴ
459 3929 522 3981 γε
563 3913 657 3965 καὶ
709 3910 955 3982 ἥμαρτον
998 3909 1155 3975 ὅλως,
1187 3910 1242 3963 εἴ
1293 3928 1346 3963 τι
1391 3910 1486 3963 καὶ
1537 3908 1633 3979 γέ-

40 4026 44 4032 λ
88 4020 305 4074 γραπται
336 4003 518 4065 αὐτοῖς
550 4000 697 4065 ἄξιον
740 3997 1132 4070 κατακρίσεως,
1180 3997 1482 4070 Συγγνώμη
1527 3998 1635 4070 γάρ

90 4113 164 4165 μοι
191 4093 508 4149 ἀπιστοῦντι
547 4095 661 4157 τοῖς
689 4095 810 4146 κατ’
858 4090 1037 4146 αὐτῶν
1070 4091 1403 4163 λεγομένοις,
1448 4091 1632 4164 ἐπειδὴ

85 4187 114 4254 ἡ
139 4187 247 4238 κατ’
269 4184 405 4254 ἐμοῦ
439 4186 603 4255 πεῖρα
629 4182 691 4235 τὸ
723 4182 859 4253 πρὸς
891 4181 1251 4252 συκοφαντίαν
1277 4181 1495 4237 εὔκολον
1526 4182 1634 4238 τῶν

88 4268 514 4347 ῃτηγὸρούντων
549 4272 851 4343 συνίστησι.
1322 4292 1337 4297 '

141 4450 190 4507 6.
224 4452 340 4506 Kal.
374 4451 483 4522 γὰρ
511 4452 561 4504 εἰ
600 4450 698 4522 μὲν
743 4449 1134 4521 ἀπατηθέντες,
1167 4451 1260 4504 καὶ
1312 4451 1635 4523 νομίσαντες

84 4542 169 4614 ἐμὲ
199 4542 454 4597 κοινωνὸν
485 4538 624 4597 εἶναι
656 4541 759 4612 τῆς
798 4540 1024 4613 γνώμης
1065 4541 1174 4595 τῶν
1206 4543 1634 4614 συγγραψάντων

84 4636 247 4688 ἐκεῖνα
272 4634 345 4695 τὰ
377 4632 668 4703 Σαϐελλίω
698 4634 936 4704 ῥήματα,
966 4631 1110 4704 ἅπερ
1136 4633 1289 4686 αὐτοὶ
1312 4634 1635 4706 περιφέρου-

85 4742 173 4793 σιν,
202 4728 294 4780 ὲπὶ
340 4725 440 4797 τὴν
476 4727 598 4778 κατ’
641 4725 773 4796 ἐμοῦ
818 4723 1069 4796 διαϐολὴν
1118 4721 1301 4798 ἦλθον,
1343 4727 1451 4780 οὐδ’
1491 4727 1634 4781 οὕτω

86 4820 168 4887 μὲν
183 4815 324 4889 ἦσαν
360 4817 688 4890 συγγνώμης
720 4816 878 4884 ἄξιοι,
912 4818 1019 4891 πρὸ
1042 4818 1286 4891 ἐναργῶν
1311 4819 1633 4884 ἀποδείξεων

82 4910 222 4973 εὐθὺς
252 4913 379 4973 ταῖς
408 4909 775 4982 βλασφημίαις
807 4909 1092 4981 βᾴλλοντες
1121 4913 1214 4966 καὶ
1244 4911 1635 4984 τιτρώσκοντες

138 5002 179 5033 ⁸³
203 5002 405 5058 Ezech.
440 5017 594 5065 xvm,
637 5000 729 5056 20.

138 5092 208 5165 (Ξ)
248 5092 568 5165 Παρῆσᾳγτ
618 5090 695 5146 lla
738 5093 1129 5165 trescodiees.
1176 5092 1319 5148 Editi
1374 5095 1631 5165 συνῆσαν.

81 5159 262 5219 Itidem
276 5159 465 5236 codex
480 5159 798 5236 Ha'rlazanus
817 5163 915 5227 τὰς
940 5163 1300 5236 ἀδελφότητας
1325 5159 1636 5236 ἐπιπορευό-

84 5249 243 5301 μενος,
271 5251 394 5288 cum
436 5232 798 5303 fraternitates
823 5232 1198 5303 percurrerem.
1226 5232 1504 5289 Interdum
1530 5236 1632 5291 hac

81 5319 195 5376 10cc
243 5304 567 5376 designatur
614 5302 892 5376 Ecclesia},
933 5304 1164 5376 velut_in
1184 5304 1351 5376 epist.
1384 5304 1514 5369 226,
1542 5307 1635 5362 ubi

80 5370 395 5430 EuSIathins'
409 5374 762 5429 dicitursuas
798 5373 1054 5430 adversus
1082 5370 1383 5429 Eudoxium
1428 5377 1634 5432 litteras

82 5444 137 5495 ad
193 5460 384 5500 omnes
434 5444 803 5500 l'raternitates
849 5445 1087 5513 misisse.
1143 5443 1418 5500 Interdum
1468 5447 1632 5502 etiam

82 5516 459 5585 monasterium
506 5523 734 5570 vocatur
765 5514 1102 5585 fraternitas,
1142 5525 1198 5569 ut
1239 5516 1293 5569 in
1315 5517 1477 5585 epist.
1504 5516 1631 5572 257.

80 5582 418 5655 Monasteria,
454 5585 656 5655 quibus
687 5592 915 5655 praerat
949 5581 1289 5653 Eustathius,
1320 5581 1403 5641 vel
1440 5588 1632 5642 saltem

79 5654 389 5722 quibuscum
418 5654 661 5725 amicitia
690 5654 1019 5725 coniunctus
1050 5665 1187 5721 erat,
1221 5657 1322 5711 hoc
1346 5657 1463 5712 loco
1493 5657 1635 5712 indi-

80 5726 178 5797 cari
210 5725 560 5797 crediderim.
580 5724 663 5780 -ld
705 5724 849 5781 enim
880 5727 1177 5795 probantet
1208 5735 1400 5782 noctes
1430 5728 1482 5781 in
1511 5743 1636 5797 pre-

82 5794 222 5872 cibus
246 5796 599 5872 traductaeuet
622 5803 809 5851 mutua
834 5794 902 5851 de
928 5796 1311 5872 rebusdivinis
1340 5794 1631 5872 colloquia.

84 5863 189 5922 Non
229 5865 367 5923 dicit
407 5865 644 5927 Basilius
666 5881 728 5925 sc
761 5880 868 5924 una
912 5883 1036 5923 cum
1066 5866 1347 5926 Eustatbio
1369 5863 1634 5943 hzecjnc-

1731 2000 1846 2041 rem
1878 2002 1942 2042 ac
1985 1988 2248 2058 potiorem
2285 1988 2451 2042 animi
2478 1988 2583 2043 mei
2609 1996 2801 2044 testem
2834 2004 2956 2044 esse
2980 1981 3306 2059 oportebat?

1730 2076 1865 2144 Quae
1905 2076 2251 2137 Chalcedone
2303 2080 2371 2135 de
2411 2080 2516 2136 lide
2557 2096 2587 2134 a
2631 2082 2789 2136 nobis
2820 2081 2963 2136 dicta
3006 2091 3156 2148 sunt,
3185 2098 3306 2154 qua:

1729 2185 2102 2243 saepenumero
2130 2169 2423 2236 Heraclea},
2455 2188 2575 2243 quae
2610 2174 2763 2243 prius
2785 2172 2841 2229 in
2869 2174 3128 2230 Caesareae
3170 2175 3307 2246 ενι)-

1732 2262 1910 2327 urbio,
1968 2277 2038 2317 an
2086 2279 2194 2319 non
2225 2279 2292 2319 ex
2320 2274 2512 2318 nostra
2547 2276 2702 2335 parte
2741 2278 2980 2319 consona
3014 2274 3142 2321 sunt
3184 2280 3304 2320 om-

1732 2354 1867 2409 nia?
1891 2370 1960 2409 an
1996 2371 2107 2411 non
2132 2356 2317 2412 omnia
2346 2356 2492 2411 inter
2520 2372 2581 2411 se
2611 2358 2999 2411 consentiunt?
3023 2358 3128 2413 nisi
3154 2358 3301 2427 quod

1732 2445 2078 2513 incrementi,
2115 2455 2174 2502 ut
2200 2448 2338 2513 dixi,
2360 2447 2566 2518 aliquid
2595 2462 2663 2502 ex
2688 2447 2938 2518 profectu
2966 2450 3309 2520 conspicitur

1732 2535 1788 2591 in
1820 2538 2171 2594 sermonibus
2198 2556 2213 2593 :
2239 2538 2389 2610 quod
2430 2537 2742 2593 immutatio
2764 2555 2874 2593 non
2926 2529 3012 2595 est
3053 2556 3122 2596 ex
3156 2536 3309 2597 dete-

1731 2628 1878 2685 riore
1915 2630 1970 2684 in
2002 2630 2218 2694 melius,
2267 2630 2363 2686 sed
2404 2645 2596 2686 eorum
2628 2645 2750 2701 qua:
2782 2630 3013 2686 deerant
3058 2633 3305 2703 comple-

1732 2730 1974 2777 mentum
2018 2737 2085 2777 ex
2129 2720 2376 2777 scientia:
2425 2721 2745 2777 accessione
2771 2722 2838 2777 ".
2892 2720 3176 2788 Quomodo
3210 2738 3311 2777 au-

1732 2818 1841 2866 tem
1881 2811 2015 2867 illud
2045 2811 2208 2867 etiam
2242 2827 2349 2866 non
2395 2812 2625 2882 cogitas,
2659 2820 2870 2882 patrem
2903 2827 3013 2867 non
3052 2821 3311 2883 acceptu-

1731 2919 1854 2959 rum
1890 2914 2175 2975 peccatum
2224 2903 2343 2968 lilii,
2386 2917 2564 2974 neque
2606 2903 2778 2960 lilium
2820 2911 3103 2975 peccatum
3137 2906 3309 2975 patris

1733 3003 2125 3066 accepturum;
2160 2995 2255 3051 sed
2282 2995 2336 3049 in
2370 3010 2472 3050 suo
2502 3010 2775 3066 quemque
2804 3004 3029 3065 peccato
3071 2997 3309 3051 moritu-

1733 3083 1895 3138 rum?
1936 3082 2065 3138 Mihi
2098 3093 2281 3139 autem
2324 3099 2504 3155 neque
2540 3092 2696 3155 pater
2736 3093 2822 3141 est
2861 3087 2909 3141 is
2956 3085 3052 3159 qui
3082 3085 3227 3158 apud
3257 3096 3311 3143 te

1733 3177 1873 3231 male
1920 3176 2109 3239 audit,
2158 3189 2334 3246 neque
2382 3176 2547 3232 ﬁlius.
2606 3175 2794 3247 Neque
2843 3177 2991 3233 enim
3049 3179 3311 3250 magister

1736 3283 1888 3323 meus
1924 3267 2045 3334 l'uit,
2084 3283 2263 3338 neque
2305 3266 2631 3339 discipulus.
2684 3267 2839 3335 Quod
2884 3269 2929 3323 si
2971 3276 3185 3340 oportet
3214 3284 3311 3340 pa-

1736 3368 1951 3414 rentum
1993 3366 2217 3430 peccata
2245 3359 2373 3415 liliis
2420 3359 2652 3414 crimina
2685 3359 2833 3425 ﬁeri,
2884 3361 3057 3417 multo
3098 3361 3309 3434 aequius

1736 3460 1795 3507 ut
1824 3465 1943 3521 quae
1975 3457 2105 3505 sunt
2136 3449 2274 3514 Arii,
2321 3450 2378 3504 in
2417 3450 2537 3519 ejus
2568 3450 2871 3521 discipulos
2915 3460 3222 3517 vertantur,
3255 3459 3311 3509 et

1736 3542 1782 3597 si
1817 3541 1940 3612 quis
1969 3540 2181 3595 Aetium
2221 3541 2407 3611 genuit
2441 3540 2780 3609 haereticum,
2812 3543 2868 3596 in
2908 3553 3076 3614 caput
3106 3559 3311 3615 paren-

1736 3636 1808 3689 tis
1859 3633 2112 3689 resiliant
2152 3632 2251 3702 ﬁlii
2302 3632 2736 3688 criminationes.
2787 3630 2883 3689 Sin
2931 3643 3113 3690 autem
3158 3636 3307 3706 inju-

1732 3734 1880 3781 stum
1912 3733 1994 3781 est
2016 3733 2237 3796 propter
2259 3723 2354 3779 illa
2379 3724 2691 3795 quempiam
2724 3726 2955 3797 culpari,
2983 3728 3157 3783 multo
3176 3742 3304 3798 pro-

1735 3816 2107 3888 fectojustius
2132 3825 2238 3882 est,
2284 3824 2347 3871 ut
2373 3816 2444 3871 ob
2491 3830 2589 3871 eos
2625 3818 2721 3887 qui
2755 3818 2821 3872 ad
2854 3833 2956 3874 nos
2996 3834 3108 3873 non
3138 3820 3312 3890 perti-

1735 3919 1888 3976 nent,
1924 3910 1979 3963 in
2004 3907 2274 3979 judicium
2306 3924 2416 3964 non
2457 3924 2736 3978 vocemur,
2760 3911 2805 3965 si
2836 3918 3019 3967 tamen
3051 3926 3310 3982 peccave-

1734 4009 1866 4057 runt
1922 4001 2178 4067 omnino,
2244 4000 2293 4056 si
2365 4000 2496 4071 quid
2565 4000 2637 4055 ab
2700 4002 2834 4072 ipsis
2895 4003 3171 4073 scriptum»
3226 4012 3312 4059 est

1735 4094 2193 4151 condemnatione
2239 4094 2488 4164 dignum.
2538 4092 2714 4149 Venia
2756 4094 2901 4150 enim
2949 4095 3084 4150 mihi
3131 4094 3313 4151 danda

1734 4203 1847 4245 non
1888 4187 2133 4243 credenti
2164 4202 2286 4258 quae
2319 4186 2583 4243 adv’ersus
2628 4188 2752 4243 illos
2797 4187 3099 4254 dicuntur;
3137 4187 3314 4259 siqui-

1735 4279 1861 4335 dem
1900 4294 2022 4334 mea
2069 4277 2250 4349 ipsius
2277 4276 2617 4348 experientia
2657 4288 2863 4348 quanta
2896 4277 2969 4333 sit
2997 4280 3064 4333 ad
3099 4279 3312 4334 calum~

1735 4373 1883 4427 niam
1916 4370 2238 4441 proclivitas
2269 4378 2654 4426 accusatorum
2678 4371 2938 4441 declarat.

1806 4464 1860 4519 6.
1901 4462 2034 4516 Nam
2101 4462 2319 4516 etiamsi
2380 4462 2629 4533 decepti,
2683 4477 2878 4532 meque
2935 4463 3312 4520 existimantes

1737 4562 2047 4613 consortem
2090 4569 2214 4610 esse
2254 4553 2542 4609 sententiae
2589 4569 2804 4619 eorum,
2849 4557 2943 4625 qui
2977 4555 3313 4626 conscripse-

1739 4656 1868 4703 runt
1912 4647 2004 4702 illa
2055 4645 2279 4701 Sabellii
2328 4646 2514 4710 verba,
2559 4661 2681 4716 qua:
2722 4646 2791 4699 ab
2834 4646 2972 4717 ipsis
3011 4646 3309 4701 circumfe-

1737 4749 1958 4806 runtur,
2001 4740 2069 4794 ad
2101 4739 2474 4796 accusandum
2512 4755 2598 4795 me
2634 4740 2948 4805 venissent;
2978 4754 3047 4794 ne
3074 4740 3156 4795 sic
3187 4737 3311 4808 qui-

1736 4838 1857 4894 dem
1886 4838 2044 4893 venia
2066 4836 2215 4908 digni
2246 4845 2459 4903 essent,
2491 4835 2639 4906 quod
2676 4844 2803 4888 ante
2847 4830 3138 4887 manifesta
3166 4831 3311 4886 indi-

1733 4932 1840 4996 cia,
1866 4929 2119 5000 protinus
2149 4927 2453 4983 maledictis
2495 4926 2665 4998 ﬁgant
2704 4938 2770 4979 ac
2799 4924 3085 4979 vulnerent
3134 4921 3312 4977 homi-

1732 5103 1975 5159 nasteria
2003 5102 2291 5169 invisisse;
2328 5100 2423 5157 sed
2459 5099 2617 5153 iidem
2648 5111 2802 5169 suam
2823 5112 2893 5151 ex
2928 5095 3036 5169 his,
3057 5108 3177 5169 qua;
3201 5092 3314 5147 illic

1732 5173 2029 5238 disseruit,
2087 5166 2424 5243 exploratam
2493 5168 2782 5243 Eustathio
2825 5181 2949 5243 es_se
3007 5166 3309 5243 Ileliuisse:

1734 5245 1879 5317 quod
1910 5235 2233 5317 argumento
2258 5238 2679 5317 _est_InoIIaclIos
2702 5238 2826 5292 illos
2856 5235 3150 5317 Eustathio
3177 5235 3313 5290 sub-

1730 5307 1906 5387 j'ectios
1943 5307 2151 5387 fuisse;
2186 5313 2274 5387 vel
2308 5312 2497 5387 saitem
2537 5310 2824 5387 amicos‘et
2852 5307 3169 5387 l'aIniliaI'es.

1807 5385 1884 5456 (5)
1914 5370 2330 5456 Χαλκηδόνοςἶ
2353 5380 2520 5456 Cois].
2561 5380 2838 5456 secundus
2860 5370 3085 5456 _et_Reg.
3113 5391 3314 5456 secun—

1734 5446 2403 5528 dus_:Ka)Im8630;._'Mox
2446 5447 2886 5528 Harlmangsﬂﬁz
2922 5446 3313 5528 FthtpCSEEpPV.
3370 5488 3375 5491 .

1809 5525 1885 5597 (4)
1918 5516 2082 5579 Καὶᾶ
2098 5516 2234 5597 τῶν,
2257 5523 2330 5597 Ita
2367 5537 2463 5577 sex
2514 5536 2651 5576 mss.
2696 5518 2852 5589 Editi
2878 5519 2947 5572 τὰ
2973 5516 3102 5571 τῶν.
3131 5516 3316 5573 Codex

1735 5593 2058 5650 Harlaaanus
2086 5595 2226 5647 κατὰ
2256 5593 2386 5647 τῶν.

1829 5667 1883 5740 5)
1931 5663 2207 5740 ’Υπέχξιν
2262 5664 2541 5740 εὐθύνας.
2604 5660 2919 5740 llarlaeanus
2962 5658 3132 5740 codex
3176 5657 3316 5740 hanc

1736 5728 1895 5804 nobis
1931 5728 2302 5807 suppeditavit
2334 5728 2644 5807 lectionem.
2679 5728 3079 5807 begiturenim
3107 5729 3164 5784 in
3191 5728 3317 5784 aliis

1736 5800 2020 5876 cedicibus
2040 5800 2186 5865 'Inss.
2214 5812 2268 5864 et
2286 5806 2448 5864 editis
2476 5805 2651 5875 λόγων
2683 5802 2827 5875 ἔχειν
2853 5800 3098 5864 εὐθύνας.

3197 406 3303 463 8:50
3388 390 3393 393 ’
