3754 6466
449 294 556 348 843
581 335 584 338 ι

1754 290 1808 347 S.
1847 289 2028 347 BASII

2133 291 2347 350 MAGNI
2839 323 2848 332 ι
3565 302 3644 357 ιιι

445 410 693 466 narrabit
719 409 1076 474 desiderium,
1107 422 1217 480 quo
1246 422 1341 464 vos
1377 407 1787 479 prosequimur,
1817 425 1881 464 ac
1908 411 2019 465 sul-

2133 414 2211 468 τὺν
2242 414 2724 487 συμπρεσϐύτερον
2744 455 2759 481 ,
2801 413 2861 480 δς
2893 416 3211 489 διηγήσεται
3263 416 3394 488 ὑμῖν
3435 416 3515 470 τὸν
3544 420 3648 488 iuui-

448 505 786 560 licitudinem
828 503 1024 557 animae
1070 510 1304 558 nostrze:
1340 501 1541 573 quippe
1573 517 1698 556 cum
1745 512 1912 556 noctu
1954 517 2017 556 ac

449 596 685 651 interdiu
714 594 1003 648 Dominum
1029 608 1283 663 rogemus
1309 593 1374 660 ⁸⁸,
1392 602 1460 646 ut
1479 593 1691 663 probati
1715 601 1768 648 et
1789 595 2017 664 spectati

450 689 594 752 sitis,
630 696 766 742 utet
806 701 904 741 nos
951 685 1249 739 habeamus
1283 685 1539 740 ﬁduciam
1583 686 1640 740 in
1674 686 1762 740 die
1804 685 2020 741 Domini

417 841 421 847 Α
451 779 624 833 nostri
651 777 780 832 Jesu
803 776 1007 830 Christi
1031 776 1103 829 ob
1124 783 1357 829 vestram
1389 776 1644 842 salutem,
1671 785 1725 832 et
1748 791 1846 832 vos
1868 777 2021 832 eﬁ'ul-

451 868 624 938 geatis
652 867 705 920 in
747 867 1038 936 splendore
1067 873 1410 929 sanctorum,
1441 881 1566 921 cum
1596 883 1734 936 opus
1775 876 2018 924 vestrum

452 961 556 1016 sub
603 959 754 1030 justo
803 958 897 1015 Dei
941 958 1148 1028 judicio
1199 958 1558 1028 expendetur.
1610 959 1784 1014 Simul
1840 970 2018 1014 autem

452 1053 685 1108 multum
720 1051 880 1106 nobis
919 1049 1303 1105 sollicitudinis
1343 1050 1518 1120 injicit
1561 1052 1845 1121 prazsentis
1884 1060 2021 1106 tem-

450 1142 604 1212 poris
640 1140 960 1214 difﬁcultas,
993 1139 1047 1192 in
1087 1155 1197 1208 quo
1229 1138 1487 1195 Ecclesiae
1516 1156 1708 1196 omnes
1736 1149 2022 1195 commotae

455 1239 605 1294 sunt,
639 1239 691 1285 ct
718 1245 909 1285 omnes
935 1230 1128 1282 anima:
1155 1229 1490 1284 cribrantur.
1514 1231 1862 1301 Aperuerunt
1875 1231 2018 1285 enim

454 1324 703 1378 nonnulli
750 1323 1043 1377 immodice
1093 1337 1192 1375 ora
1241 1337 1340 1376 sua
1390 1322 1653 1377 adversus
1701 1337 2018 1378 conservos.

455 1415 795 1470 Praedicatur
854 1414 1027 1468 libere
1101 1412 1488 1476 mendacium,
1539 1414 1740 1468 veritas
1801 1413 2024 1469 abscon-

455 1508 627 1563 ditur.
679 1504 741 1558 Et
800 1503 1043 1560 accusati
1116 1502 1338 1572 quidem
1399 1502 1838 1558 condcmnantur
1905 1506 2023 1561 sine

452 1598 684 1668 judicio,
744 1594 1160 1650 accusatoribus
1236 1609 1368 1648 vero
1420 1593 1666 1649 creditur
1724 1595 1844 1650 sine
1895 1609 2026 1651 exa-

457 1675 624 1743 mine.
674 1684 825 1740 Unde
868 1692 922 1740 et
969 1699 1071 1754 ego
1113 1698 1239 1737 cum
1280 1683 1556 1738 audissem
1601 1684 1800 1738 multas
1838 1683 1893 1736 in
1937 1698 2024 1736 me

455 1779 801 1834 circumferri
840 1777 1131 1848 epistolas,
1177 1790 1300 1846 qua:
1341 1783 1589 1845 pungunt
1635 1783 1690 1830 et
1733 1773 2025 1829 deeantant

458 1881 512 1926 et
552 1870 618 1924 de
663 1869 826 1924 rebus
879 1867 1215 1932 insimulant,
1257 1882 1356 1938 pro
1398 1867 1599 1937 quibus
1635 1875 1822 1937 parata
1865 1867 2024 1922 nobis

458 1961 602 2038 apud
649 1961 898 2018 veritatis
945 1960 1183 2015 tribunal
1233 1959 1514 2022 defensio,
1555 1967 1735 2014 tacere
1771 1958 2023 2029 equidem

457 2054 674 2121 statui;
721 2055 870 2124 quod
918 2063 970 2108 et
1015 2051 1268 2124 praestiti.
1321 2049 1541 2106 Tertius
1596 2051 1739 2104 enim
1777 2051 1888 2120 jam
1937 2049 2024 2136 hic

457 2163 636 2204 annus
677 2156 780 2213 est,
821 2161 888 2201 ex
937 2161 1046 2215 quo
1109 2145 1428 2199 verberatus
1473 2143 1766 2199 calumniis
1813 2141 2024 2213 ﬂagella

458 2238 829 2295 accusationis
865 2236 1133 2308 perfero;
1177 2243 1470 2291 contentus
1518 2235 1665 2305 quod
1709 2233 2022 2302 Dominum,

457 2334 552 2406 qui
594 2347 796 2386 arcana
833 2330 1018 2396 novit,
1059 2329 1350 2383 calumniae
1389 2335 1585 2383 testem
1631 2327 1882 2381 habeam.
1919 2324 2026 2381 Sed

459 2427 586 2496 quia
633 2421 793 2477 video
854 2421 1057 2475 multos
1110 2420 1223 2489 jam
1292 2419 1570 2474 silentium
1634 2425 1882 2472 nostrum
1957 2416 2025 2471 ad

459 2514 859 2571 calumniarum
907 2511 1373 2567 conﬁrmationem
1419 2509 1720 2579 accepisse,
1765 2524 1864 2562 nec
1923 2524 2025 2564 nos

457 2606 726 2678 patientia
767 2604 1116 2660 existimasse
1169 2601 1436 2656 adductos
1493 2601 1675 2662 silere.
1725 2598 1822 2654 sed
1879 2599 2026 2670 quod

460 2707 653 2753 contra
700 2694 982 2752 veritatem
1036 2693 1246 2748 hiscere
1296 2707 1407 2747 non
1459 2692 1774 2762 possimus;
1822 2690 2027 2746 idcirco

409 2848 418 2856 ,
459 2791 701 2848 scribere
733 2790 890 2844 vobis
926 2801 1218 2858 aggressus
1260 2800 1414 2850 sum,
1452 2783 1752 2840 obsecrans
1787 2793 2026 2840 vestram

463 2885 519 2938 in
579 2882 802 2939 Christo
861 2878 1231 2941 dilectionem,
1281 2884 1340 2931 ut
1391 2877 1749 2932 concinnatas
1797 2876 1865 2930 ab
1918 2890 2028 2930 una

460 2984 617 3046 parte
673 2973 976 3028 calumnias
1026 2986 1137 3024 non
1199 2969 1423 3024 omnino
1474 2968 1776 3024 admittatis
1826 2976 1888 3023 ut
1936 2984 2030 3023 ve-

460 3084 553 3124 ras
597 3085 611 3122 :
657 3063 1139 3138 quandoquidem,
1186 3071 1247 3116 ut
1293 3062 1560 3132 scriptum
1605 3075 1708 3127 est,
1755 3061 2024 3116 neminem
2052 3088 2096 3147 ρ

460 3161 546 3214 lex
585 3159 819 3229 iudicat.
862 3157 971 3211 nisi
1013 3156 1166 3226 prius
1213 3153 1422 3223 audiat,
1459 3163 1513 3210 et
1555 3161 1848 3226 cognoscat
1875 3155 2028 3226 {quid

461 3251 669 3309 fecerit.

531 3537 586 3592 2.
619 3535 945 3606 Quanquam
994 3549 1151 3605 aequo
1181 3533 1399 3604 quidem
1426 3533 1596 3604 judici
1629 3549 1718 3590 res
1749 3534 1880 3605 ipsa:
1909 3535 2027 3590 sul“-

465 3628 654 3683 ﬁciunt
694 3626 762 3681 ad
800 3625 1188 3682 declarandam
1234 3625 1537 3680 veritatem.
1590 3624 1771 3692 Quare
1810 3627 2046 3683 etiamsi

461 3734 564 3775 nos
613 3726 913 3784 taceamus,
975 3717 1100 3772 licet
1159 3717 1314 3772 vobis
1359 3717 1631 3786 respicere
1683 3716 1752 3771 ad
1809 3732 1872 3773 ea
1909 3733 2029 3788 qua:

463 3811 619 3866 ﬁunt.
659 3808 765 3876 Qui
812 3810 958 3863 enim
1007 3825 1110 3863 nos
1149 3807 1414 3863 doctrinae
1459 3823 1639 3878 prava:
1689 3809 2027 3874 insimulant.

465 3902 518 3956 hi
569 3915 716 3954 nunc
779 3907 964 3968 aperte
1007 3899 1110 3954 visi
1157 3907 1286 3954 sunt
1340 3897 1726 3954 haereticorum
1779 3901 2028 3970 partibus

463 3987 709 4056 adjuncti
744 4005 757 4040 :
790 3987 882 4056 qui
917 4001 1021 4042 nos
1064 3987 1138 4042 ob
1179 3987 1357 4042 aliena
1395 3989 1597 4058 scripta
1633 3989 2026 4055 condemnant,

460 4079 903 4134 confessionibus
932 4078 1069 4141 suis,
1103 4094 1242 4148 quas
1273 4080 1432 4136 nobis
1465 4082 1698 4151 scriptas
1732 4083 2027 4149 tradidere,

457 4169 741 4226 adversari
778 4163 1211 4240 cemperiuntur.
1269 4171 1628 4228 Considerate
1676 4177 2031 4232 consuetudi-

461 4276 586 4317 nem
621 4275 835 4326 eorum,
881 4263 975 4332 qui
1013 4261 1128 4316 haec
1171 4263 1410 4330 audent;
1443 4280 1562 4321 mos
1607 4266 1750 4321 enim
1791 4267 1914 4322 illis
1945 4277 2030 4324 est

460 4365 678 4419 semper
730 4350 797 4404 ad
853 4351 1215 4420 potentiorem
1269 4364 1478 4422 partem
1532 4356 1918 4428 transfugere,
1973 4366 2028 4414 et

2117 518 2275 568 τερον
2305 503 2467 556 πόθον
2504 503 2562 556 ὃν
2604 503 2800 574 ἔχομεν
2845 506 2927 574 ἐφ’
2961 506 3121 576 ὑμῖν,
3164 507 3259 560 καὶ
3285 506 3384 576 τὴν
3425 507 3646 576 μέριμναν

2118 593 2226 646 τῶν
2255 592 2445 664 ψυχῶν
2476 593 2634 665 ἡμῶν
2659 594 2801 666 (45),
2827 595 2906 648 ὅτι
2946 598 3137 660 νυκτὸς
3183 599 3279 650 καὶ
3327 598 3525 668 ἡμέρας
3562 597 3648 649 δεό-

2123 683 2260 754 μεθα
2296 683 2390 737 τοῦ
2417 683 2616 756 Κυρίου
2668 686 2798 757 περὶ
2826 687 2926 758 τῆς
2962 687 3116 758 ὑμῶν
3145 688 3553 758 εύδοκιμήσεως,
3583 689 3649 740 ἵνα

2120 776 2213 828 καὶ
2241 776 2403 846 ἡμεῖς
2433 776 2646 847 ἔχωμεν
2689 779 2999 849 παρρησίαν
3045 779 3103 830 ἐν
3139 782 3204 850 τῇ
3249 780 3430 850 ἡμέρα
3452 777 3536 830 τοῦ
3563 781 3648 831 Κυ-

2122 867 2238 939 ρίου
2269 867 2424 938 ήμῶν
2469 867 2645 938 Ἰησοῦ
2674 867 2912 939 Χριστοῦ
2946 869 3036 922 διά
3066 869 3166 940 τῆς
3191 869 3345 939 ὑμῶν
3378 871 3485 939 (46)
3516 886 3650 935 eum.

2122 958 2276 1028 ρίας,
2311 957 2404 1012 καὶ
2445 959 2604 1030 ὑμεῖς
2641 959 2956 1032 ἐκλάμψητε
2990 962 3048 1014 ἐν
3080 964 3145 1032 τῇ
3190 960 3527 1032 λαμπρότητι
3567 962 3650 1013 τῶν

2122 1047 2291 1115 ἁγίων
2314 1089 2328 1115 ,
2367 1049 2794 1122 δοκιμαζομένου
2832 1051 2985 1122 ὑμῶν
3015 1051 3110 1104 τοῦ
3145 1052 3307 1123 ἔργου
3341 1051 3444 1104 ὑπὸ
3471 1052 3558 1122 τῆς
3592 1053 3650 1104 δι-

2121 1140 2462 1210 καιοκρισίας
2506 1140 2601 1194 τοῦ
2638 1141 2794 1195 Θεοῦ.
2829 1142 2981 1213 Ἀμα
3029 1143 3086 1196 δέ
3127 1144 3260 1214 ἡμῖν
3294 1141 3488 1212 πολλὴν
3531 1143 3651 1213 μέρι-

2125 1247 2258 1300 μναν
2288 1233 2507 1302 ἐμποιεῖ
2537 1233 2632 1286 τοῦ
2677 1237 3040 1305 κατασχόντος
3076 1235 3268 1306 καιροῦ
3301 1234 3488 1286 τούτου
3525 1237 3654 1304 1:11-

2121 1323 2352 1395 λεπότης
2378 1363 2393 1386 ,
2436 1325 2492 1376 ἐν
2520 1317 2565 1391 ᾧ
2609 1326 2779 1378 πᾶσαι
2813 1327 2914 1395 μὲν
2955 1325 3271 1396 Ἐκκλησίαι
3305 1325 3653 1396 ἐσαλεύθηοαν,

2123 1417 2292 1469 πᾶσαι
2347 1416 2402 1470 δὲ
2453 1416 2622 1487 ψυχαὶ
2675 1402 3023 1480 σινιάζονται.
3081 1414 3334 1480 Ἢνοιξαν
3386 1417 3490 1486 γάρ
3543 1435 3655 1479 τινες

2123 1507 2355 1576 ἀφειδῶς
2391 1508 2637 1578 στόματα
2671 1507 2812 1561 κατά
2839 1507 2945 1561 τῶν
2979 1507 3304 1578 ὁμοδούλων.
3339 1509 3578 1561 Λαλεῖται
3609 1509 3655 1559 τὸ

2121 1597 2313 1667 ψεῦδος
2345 1599 2560 1668 ἀφόϐως
2583 1615 2597 1630 ο
2633 1601 2668 1671 ή
2700 1599 2926 1670 ἀλήθεια
2981 1601 3443 1668 συγκεκάλυπται.
3486 1600 3584 1652 Καὶ
3618 1602 3656 1651 οἱ

2131 1686 2228 1757 μὲν
2262 1687 2724 1759 κατηγορούμενοι
2765 1687 3218 1748 καταδικάζονται
3247 1690 3483 1759 ἀκρίτως
3507 1706 3518 1716 ·
3547 1691 3587 1740 οἱ
3613 1688 3655 1739 δὲ

2128 1777 2557 1850 κατηγοροῦντες
2583 1776 2926 1832 πιστεύονται
2950 1778 3335 1844 ἀνεξετάστως.
3357 1778 3515 1831 Ὅθεν
3534 1777 3658 1846 κάγὼ

2124 1869 2397 1934 ἀκούσας,
2441 1869 2522 1922 ὅτι
2568 1869 2758 1924 πολλαὶ
2804 1871 2924 1923 κατ’
2974 1869 3109 1939 ἐμοῦ
3153 1873 3528 1943 περιφέρονται
3568 1871 3658 1920 ἐπι-

2125 1957 2326 2020 στολαὶ,
2371 1957 2646 2022 στίζουσαι
2679 1958 2828 2028 ἡμᾶς
2861 1957 2955 2010 κα)⁸
2993 1957 3402 2026 στηλιτεύουσαι
3434 1956 3523 2009 καὶ
3548 1970 3656 2006 κατ-

2123 2049 2417 2122 ηγοροῦσαι
2466 2051 2556 2106 ἐπὶ
2593 2052 2908 2123 πράγμασιν
2959 2050 3070 2121 (47)
3095 2089 3110 2114 ,
3150 2043 3223 2103 ὧν
3266 2049 3364 2119 τὴν
3403 2047 3658 2114 ἀπολογίαν

2125 2143 2349 2214 ἑτοίμην
2378 2141 2574 2214 ἔχομεν
2617 2143 2711 2196 ἐπὶ
2741 2143 2836 2196 τοῦ
2881 2142 3232 2214 δικαστηρίου
3279 2142 3379 2212 τῆς
3417 2141 3658 2211 ἀληθείας,

2124 2232 2360 2304 ὥρμησα
2391 2233 2490 2304 μὲν
2522 2234 2835 2304 σιωπῆσαι,
2885 2233 2914 2286 ὃ
2947 2235 3040 2287 καὶ
3074 2233 3306 2303 ἐποίησα
3329 2248 3342 2261 ·
3373 2231 3546 2301 τρίτον
3576 2232 3660 2301 γὰρ

2123 2325 2226 2396 ήδη
2260 2324 2418 2378 τοῦτο
2447 2323 2565 2389 ἔτος
2594 2327 2771 2388 ἐστὶν,
2807 2327 2863 2378 ἐν
2893 2320 2936 2393 ᾧ
2961 2323 3294 2394 τυπτόμενος
3319 2323 3428 2392 (48)
3459 2322 3556 2374 ὑπὸ
3579 2322 3662 2374 τῶν

2124 2415 2384 2470 διαϐολῶν
2415 2410 2565 2488 φέρω
2593 2415 2691 2480 τὰς
2737 2414 2836 2486 τῆς
2871 2417 3203 2488 κατηγορίας
3240 2416 3539 2486 μάστιγας,
3581 2417 3662 2483 ἀρ·

2125 2505 2422 2577 κούμενος,
2469 2507 2554 2559 ὅτι
2591 2504 2697 2575 ἔχω
2725 2505 2962 2578 Κύριον,
3001 2507 3089 2558 τὸν
3125 2505 3232 2558 τῶν
3268 2505 3524 2576 κρυπτῶν
3547 2503 3664 2571 γνώο

2127 2615 2287 2668 στην,
2340 2598 2594 2669 μάρτυρα
2637 2598 2736 2668 τῆς
2794 2599 3158 2667 συκοφαντίας
3183 2616 3196 2629 ·
3233 2599 3424 2669 ἐπειδὴ
3459 2598 3513 2650 δέ
3558 2597 3664 2667 ὁρῶ.

2125 2692 2206 2744 ὅτι
2241 2691 2424 2744 πολλοὶ
2453 2692 2552 2762 ἤδη
2595 2692 2692 2762 τὴν
2732 2691 2940 2762 σιωπὴν
2973 2692 3129 2762 ἡμῶν
3161 2693 3240 2754 εἰς
3272 2690 3553 2762 βεϐαίωσιν
3578 2689 3667 2742 τῶν

2125 2786 2382 2841 διαϐολῶν
2413 2787 2776 2860 παρεδέξαντο
2795 2826 2808 2850 ,
2838 2789 2932 2841 καὶ
2959 2789 3018 2842 ού
3048 2787 3135 2841 διὰ
3169 2787 3546 2861 μακροθυμίαν
3572 2784 3668 2838 ἐνὸ-

2129 2896 2292 2949 μισαν
2332 2879 2480 2950 ἡμᾶς
2512 2881 2759 2950 σιωπᾷν,
2803 2878 2941 2932 ἀλλά
2985 2879 3074 2934 διὰ
3121 2880 3181 2932 τὸ
3222 2879 3296 2950 μὴ
3329 2879 3474 2949 ἔχειν
3515 2879 3672 2948 διᾶραι

2130 2971 2304 3042 στόμα
2330 2970 2464 3042 πρὸς
2497 2970 2595 3041 τὴν
2628 2969 2885 3040 ἀλήθειαν
2909 2986 2923 3000 ·
2951 2969 3141 3023 τούτου
3173 2970 3358 3024 ἕνεκεν
3407 2970 3670 3040 ἐπειράθην

2127 3062 2424 3115 ἐπιστεῖλαι
2455 3063 2605 3134 ὑμῖν,
2637 3062 2969 3133 παρακαλῶν
3004 3063 3103 3133 τὴν
3144 3065 3202 3116 ἐν
3230 3063 3452 3134 Χριστῷ
3478 3063 3672 3131 ἀγάπην

2130 3153 2282 3224 ὑμῶν
2311 3152 2450 3206 ὥστε
2494 3152 2593 3216 τὰς
2645 3152 2704 3220 ἐξ
2750 3153 2868 3217 ἐνὸς
2903 3153 3101 3224 μέρους
3132 3153 3424 3224 γινομένας
3453 3153 3671 3215 διαϐολὰς

2132 3246 2206 3316 μὴ
2257 3245 2432 3316 πάντη
2480 3245 2880 3316 παραδέχεσθαι
2929 3247 3004 3310 ὼς
3047 3245 3297 3316 ἀληθεῖς·
3329 3246 3482 3312 διότι,
3521 3246 3671 3306 καθὼς

2128 3336 2472 3408 γέγραπται,
2506 3336 2695 3390 οὐδένα
2735 3336 2910 3408 κρίνει
2958 3338 2988 3390 ὁ
3013 3339 3205 3408 νόμος,
3239 3337 3334 3390 ἐὰν
3381 3339 3458 3409 μὴ
3489 3337 3672 3408 πρῶτον

2124 3427 2338 3501 ἀκούσῃ
2373 3428 2466 3482 καὶ
2497 3428 2610 3500 γνῷ
2642 3427 2695 3481 τί
2724 3432 2887 3481 ποιεῖ.

2198 3540 2256 3597 2.
2286 3539 2476 3594 Καίτοι
2504 3539 2807 3612 εὐγνώμονι
2849 3544 3009 3612 κριτῇ
3053 3542 3214 3612 ἀρκεῖ
3252 3541 3394 3595 αὐτὰ
3445 3541 3513 3594 τὰ
3555 3543 3674 3613 ττρά-

2129 3650 2315 3704 γματα
2341 3634 2477 3706 πρὸς
2509 3633 2607 3702 τὴν
2627 3634 2724 3703 τῆς
2756 3632 3014 3704 ἀληθείας
3036 3633 3361 3704 φανέρωσιν.
3388 3633 3564 3695 Ὥστε,
3594 3632 3676 3684 κᾶν

2127 3726 2290 3795 ἡμεῖς
2349 3724 2713 3795 σιωπήσωμεν
2757 3724 2873 3794 (49)
2900 3763 2916 3788 ,
2971 3724 3178 3789 ἔξεστιν
3234 3724 3362 3795 ὑμῖν
3420 3723 3675 3793 διαϐλέψαι

2131 3815 2266 3887 πρὸς
2310 3815 2378 3869 τὰ
2415 3816 2694 3886 γινόμενα.
2731 3818 2794 3869 Οί
2847 3817 2954 3889 γὰρ
3007 3819 3139 3888 ἡμῖν
3183 3816 3501 3884 κακοδοξίαν
3536 3819 3677 3884 im-

2128 3906 2345 3972 λοῦντες
2375 3909 2649 3979 ἐφάνησαν
2682 3907 2776 3962 νῦν
2810 3911 2874 3962 ἐκ
2919 3909 3012 3963 τοῦ
3063 3908 3372 3981 προφανοῦς
3425 3913 3490 3981 τῇ
3528 3907 3678 3979 μερξᾱ

2127 3998 2238 4052 τῶν
2273 3997 2566 4070 αἱρετικῶν
2617 3998 3030 4069 προστιθέμενοι
3055 4015 3069 4029 ο
3106 3999 3157 4051 οἱ
3206 3998 3346 4068 ὑπὲρ
3407 3996 3677 4067 ἀλλοτρίαν

2131 4089 2524 4161 συνταγμάτων
2571 4089 2682 4160 (50)
2723 4090 2873 4160 ἡμᾶς
2919 4089 3335 4159 κατακρίνοντες
3386 4091 3508 4152 ταῖς
3547 4086 3679 4145 ἰδίαις

2129 4181 2437 4253 ὁμολογίαις
2455 4219 2470 4246 ,
2504 4180 2571 4245 ἃς
2593 4181 2884 4253 ἐγγράφως
2913 4180 3025 4250 (Si)
3052 4181 3182 4252 ἡμῖν
3207 4179 3496 4233 κατέθεντο
3512 4221 3528 4245 ,
3552 4182 3680 4233 ἔναιε

2129 4275 2400 4346 τιούμενοι
2458 4275 2757 4344 φαίνονται.
2813 4274 3063 4344 Νοὴσατε
3115 4273 3211 4344 τὴν
3258 4272 3549 4343 συνήθειαν
3591 4271 3680 4322 τῶν

2129 4363 2300 4418 ταῦτα
2340 4361 2660 4434 τολμώντων
2685 4404 2700 4429 ,
2731 4363 2814 4416 ὅτι
2860 4361 2979 4426 ἔθος
3011 4363 3193 4426 αὐτοῖς
3224 4363 3312 4416 ἀεὶ
3342 4362 3480 4434 πρὸς
3513 4361 3574 4414 τὸ
3606 4360 3680 4412 δυο

463 4442 791 4497 iulirmiores
855 4442 1074 4512 quidem
1135 4443 1342 4498 amicos
1417 4447 1783 4514 conculcare,
1845 4448 2025 4505 colere

2136 4454 2293 4508 νατὸν
2335 4433 2716 4526 μετατίθεσθαι
2758 4455 2922 4525 μέρος
2943 4495 2958 4518 ,
2995 4455 3087 4509 καὶ
3117 4455 3242 4518 τοὺς
3276 4433 3396 4526 μὲν
3417 4452 3680 4508 ἀσθενοῦν-

462 4541 642 4594 autem
684 4531 1132 4604 potentes-Nam
1168 4535 1262 4606 qui
1313 4535 1701 4594 celeberrimas
1751 4539 1874 4596 illas
1913 4539 2030 4612 epi-

535 4732 584 4764 ³⁶
611 4731 824 4788 Coloss.
859 4746 900 4798 ι,
930 4733 984 4789 9.

537 4872 901 4962 (ιδγἮιέῶν.
956 4889 1117 4962 Deest
1167 4891 1222 4945 in
1272 4889 1706 4962 editis;_legitur
1758 4894 1812 4948 in
1855 4893 2024 4951 Coisl.

463 4966 718 5037 utroque,
749 4959 888 5037 Med.
925 4969 984 5037 et
1017 4959 1149 5030 Reg.
1174 4961 1434 5017 secundo.
1469 4959 1618 5017 Harl.
1651 4971 1707 5018 et
1753 4963 1886 5036 Reg.
1918 4967 2032 5037 pri-

467 5043 588 5084 mus
611 5029 807 5086 habent
836 5029 991 5101 ὑμῶν

538 5119 651 5192 (46)
684 5122 790 5176 Διά
815 5124 926 5190 τῆς
953 5121 1139 5192 ὑμῶν.
1167 5122 1245 5177 lta
1275 5130 1405 5192 tres
1421 5123 1782 5192 vetustissimi
1815 5128 2032 5184 codices

464 5200 520 5245 et
547 5191 638 5262 alii
680 5193 927 5246 nonnulli
958 5191 1081 5246 cum
1110 5193 1346 5248 editione
1392 5191 1598 5262 Hagan.
1631 5206 1684 5250 et
1715 5194 1888 5253 Paris.
1943 5214 2032 5254 se-

465 5261 664 5343 cunda.
713 5261 1174 5343 _Aliae_editiones
1221 5263 1308 5343 διὰ
1347 5263 1446 5343 τῇς
1475 5261 1650 5334 ἡμῶν.
1693 5265 1864 5322 Paulo
1910 5279 2033 5339 post

465 5330 778 5456 Πηιρὲῶν
799 5330 894 5384 τοῦ
918 5331 1100 5403 ἔργου,
1129 5335 1270 5403 quod
1300 5330 1542 5404 quinque
1563 5351 1698 5391 mss.
1727 5353 1829 5406 ope
1850 5330 2035 5394 emen-

539 5489 651 5560 (47)
701 5492 868 5570 ἘπὶΑ
888 5492 1250 5570 πράγμασιν..
1283 5494 1359 5550 Ita
1384 5494 1578 5570 _H_arl.,
1617 5496 1772 5570 _Vat.,
1829 5498 2033 5570 Regius

468 5568 700 5628 uterque
731 5569 786 5616 et
829 5561 1333 5621 Coisl.'secundus.
1381 5565 1522 5622 Editi
1555 5561 2034 5627 minus'accu‘rate

467 5629 561 5684 hri.
583 5629 931 5713 γράμμασιν.
946 5632 1060 5689 Etsi
1083 5636 1231 5713 enim
1260 5651 1326 5713 es
1347 5638 1566 5713 scriptis
1591 5639 1910 5713 Apollinarii
1943 5658 2030 5695 an-

467 5713 587 5754 sam
617 5702 848 5772 arripuit
891 5702 1227 5773 Eustathius,
1262 5705 1329 5760 ad
1364 5702 1619 5764 invidiam
1639 5702 1870 5766 'Basilio
1899 5726 2024 5767 con-

2137 4565 2234 4611 τας
2283 4547 2389 4603 τῶν
2445 4547 2613 4618 φίλων
2641 4550 2994 4611 Δκαταπατεῖν
3031 4589 3047 4614 ,
3105 4548 3428 4620 θεραπεύειν
3479 4549 3537 4603 δὲ
3575 4547 3682 4606 70'};

2138 4880 2394 5006 Hggstrm;
2443 4889 2768 4938 nontamen
2811 4881 2917 4936 hoc
2949 4895 3174 4936 unicum
3219 4881 3480 4952 nequitiae
3535 4882 3680 4937 telum

2139 4966 2170 5005 a
2250 4968 2262 5005 ι
2309 4967 2358 5004 υι
2390 4991 2406 5006 .

2139 4966 2406 5007 30111ου11..

2209 5044 2322 5114 (48)
2360 5044 2750 5113 Τυπτόμενος.
2784 5053 2860 5098 Ita
2889 5055 3022 5100 tn'ss.
3056 5043 3315 5115 quinque.
3355 5043 3503 5100 Editi
3533 5044 3678 5098 τυπόο

2183 5131 2320 5167 ενος.

2183 5131 2271 5167 ενο
2305 5152 2320 5167 .

2141 5131 2772 5276 μ(ΜΞ)Σιωσιςήσωμςςν.
2797 5203 2874 5259 Ita
2914 5212 3026 5260 tres
3071 5207 3426 5262 vetustissimi
3457 5206 3675 5262 codices.

2140 5274 2648 5348 Εόὶιίσιωπῷμεν.
2683 5274 2853 5329 Paulo
2899 5285 3022 5348 post
3073 5277 3204 5331 editi
3252 5278 3670 5348 ἀνεγκαλοῦντες,

2139 5346 2414 5416 ἐφάνησαν
2441 5340 2552 5398 οὖν’.
2583 5343 2685 5399 Sex
2720 5361 2850 5424 mss.
2878 5340 2935 5399 tit
2957 5346 3010 5398 in
3039 5354 3210 5402 textu.

2211 5436 2322 5506 (50)
2352 5434 2806 5509 Συνταγμάτων.
2840 5435 2992 5492 Harl.
3021 5445 3076 5492 et
3117 5436 3285 5493 Coisl.
3327 5438 3526 5509 primus
3557 5448 3668 5498 συγ-

2139 5505 2498 5576 γραμμάτων.

2210 5523 2723 5657 ῖέξῗαὶᾚέράφως.
2763 5575 2840 5631 Ita
2891 5587 3004 5634 tres
3053 5577 3406 5634 vetustissimi
3451 5572 3660 5631 codices.

2141 5643 2286 5700 Editi
2313 5643 2644 5714 ἐγνοάςρους.
