3754 6494
83 383 162 442 sis
941 383 1430 448 Episrouuuu
1466 351 1750 446 CLASSIS
1779 389 1845 445 ιι.
1887 390 2108 446 EPIST.
2160 391 2434 448 ccxxvr.
3173 391 3284 448 sse

91 507 166 568 γὰρ
186 494 532 568 ὁμολογοῦμεν
563 494 590 548 ὃ
641 496 736 550 καὶ
774 499 1183 573 παρελάϐομεν,
1217 505 1356 576 μετά
1398 505 1573 578 Πατρῆ

1795 518 1923 566 trem
1962 516 2016 564 et
2053 507 2249 564 Filium
2287 515 2342 564 et
2381 506 2644 578 Spiritum
2691 513 2944 562 sanctum
2978 505 3277 570 credimus,

89 593 155 644 ui
200 587 332 644 Υίοῦ·
360 587 612 658 τετάχθαι
662 587 754 644 τὸν
810 590 1192 664 Παράκλητον,
1230 597 1290 648 ού
1339 596 1476 667 μετά
1504 597 1571 668 τῆ

1796 620 1869 673 que
1900 604 1960 658 in
1992 605 2214 658 nomine
2258 601 2439 659 Patris
2482 609 2537 656 et
2582 600 2708 656 Filii
2731 608 2785 657 et
2826 599 3065 670 Spiritus
3105 600 3278 655 sancti

88 683 270 745 κτίσεως
299 679 661 752 ἀριθμεῖσθαι.
704 681 798 744 Ei;
832 681 941 755 γὰρ
988 685 1209 756 Πατέρα
1239 688 1334 741 καὶ
1365 687 1488 742 Υίὺν
1513 706 1570 741 κο

1805 697 2066 751 itizamur.
2123 693 2469 765 Quapropter
2516 708 2795 764 nunquam
2833 691 3180 748 Paracletum
3212 691 3287 746 ab

87 775 206 842 Ξγιον
234 772 442 842 Πνεῦμα
469 771 945 844 πεπιστεύκαμενο
1002 778 1094 830 καὶ
1125 777 1500 851 βαπιζόμεθα
1527 783 1569 834 el

1796 801 1858 843 us
1889 801 2014 842 cum
2057 785 2220 842 Patre
2251 792 2306 840 et
2357 784 2494 840 Filio
2539 784 2927 854 conjunctione
2971 783 3278 840 avellimus.

88 865 129 917 τὸ
140 865 283 935 ὄνομα
303 863 392 916 τοῦ
415 864 626 936 Πατρὸς
647 865 742 919 καὶ
764 863 859 919 τοῦ
883 865 1012 921 Υἱοῦ
1029 869 1123 921 καὶ
1145 870 1238 923 τοῦ
1262 870 1416 940 ἀγίου
1435 869 1570 924 Πνεύ

1798 895 1863 935 us
1900 878 2046 934 enim
2089 885 2273 934 nostra
2309 892 2340 932 a
2375 877 2584 949 Spiritu
2638 875 2914 932 illustrata
2964 876 3032 931 ad
3081 874 3279 930 Filium

87 973 235 1028 ματος.
259 956 350 1011 Διά
373 956 532 1010 τοῦτο
555 957 807 1012 οὐδέποτε
840 957 942 1029 τῆς
981 960 1120 1030 πρὸς
1144 961 1234 1014 τὸν
1266 963 1486 1034 Πατέρα
1515 981 1569 1017 κο

1796 970 1955 1041 ιρίεἰι,
1989 978 2044 1025 et
2069 970 2123 1026 iu
2175 970 2270 1026 illo
2311 969 2461 1025 velut
2511 969 2566 1023 in
2599 966 2837 1038 imagine
2864 965 3079 1023 Patrem
3107 966 3278 1022 videt.

89 1050 184 1102 Υἱὸν
232 1050 508 1118 συναφείας
559 1049 649 1104 τὸν
711 1050 1067 1122 Παράκλητον
1115 1053 1474 1124 ἀποσπῶμεν.
1552 1055 1571 1098 ’ί

1799 1078 1900 1132 que
1918 1062 2083 1134 igitur
2112 1063 2332 1117 nomina
2349 1077 2417 1116 ex
2449 1060 2608 1116 nobis
2640 1059 2775 1130 ipsis
2791 1058 3281 1120 comminiscimur,

87 1141 169 1210 γὰρ
190 1138 297 1202 νοῦς
316 1137 471 1209 ἡμῶν
494 1137 860 1208 φωτιζόμενος
881 1139 984 1194 ύπδ
1003 1141 1096 1195 τοῦ
1125 1141 1264 1195 Πνεύ
1273 1160 1442 1212 ματος
1475 1144 1569 1216 πρῖ

1802 1153 1812 1208 ι
1865 1151 2131 1223 Spiritum
2187 1163 2439 1208 sanctum
2495 1149 2843 1206 Paracletum
2897 1149 3284 1213 nominamus,

88 1230 186 1282 Υἱὸν
226 1228 526 1290 ἀναϐλέπει,
576 1230 671 1282 καὶ
714 1231 772 1283 ἐν
806 1231 954 1300 αύτῷ
991 1231 1067 1295 ὡς
1110 1233 1167 1285 ἐν
1195 1234 1364 1286 εἰκόνι
1419 1234 1570 1306 θεωρι

1807 1259 1892 1315 [ue
1917 1243 2154 1300 debitam
2181 1243 2230 1299 ei
2263 1243 2491 1314 gloriam
2514 1241 2804 1298 destruere
2834 1242 3112 1297 volumus.
3146 1238 3289 1295 Vere

87 1320 153 1373 τὸν
177 1321 389 1390 Πατέρα.
423 1317 563 1372 υῦτε
591 1316 685 1374 οὖν
712 1320 951 1392 ὀνόματα
974 1325 1103 1394 παρ’
1135 1324 1341 1378 ἑαυτῶν
1362 1325 1569 1378 ἐπινοοῐ

1811 1335 1939 1390 nino
1984 1335 2098 1390 haec
2141 1344 2330 1390 nostra
2361 1344 2512 1390 sunt.
2555 1332 2764 1388 Horum
2794 1333 2972 1404 gratia
2999 1331 3094 1404 qui
3129 1346 3293 1386 accu.

89 1429 179 1481 μεν,
213 1411 338 1464 ἀλλὰ
383 1411 606 1482 Πνεῦμα
635 1412 789 1480 ἅγιον
827 1414 922 1466 καὶ
955 1413 1312 1486 Παράκλητον
1354 1413 1571 1486 ὀνομάζι

1819 1470 1835 1490 ,
1881 1435 2103 1482 accuset
2136 1446 2148 1482 :
2186 1427 2279 1498 qui
2329 1441 2430 1482 nos
2469 1425 2842 1496 persequitur,
2872 1431 3235 1496 persequatur
3273 1443 3286 1477 :

89 1521 177 1575 μεν,
197 1504 306 1558 οὕτε
341 1506 440 1576 τὴν
463 1506 820 1579 ὀφειλομένην
851 1508 998 1578 αὑτῷ
1013 1508 1170 1574 δόξαν
1197 1509 1406 1563 ἀθετεῖν
1440 1527 1571 1563 κατα

1837 1515 1996 1571 [idem
2029 1515 2188 1570 habet
2217 1514 2507 1572 calumniis
2537 1516 2742 1585 quibus
2766 1514 3099 1584 impetimur,
3135 1525 3293 1582 para-

87 1596 320 1666 δεχόμεθα.
359 1598 546 1653 Ταῦτά
579 1601 696 1654 ἐστι
733 1601 800 1653 τὰ
830 1601 1074 1678 ἡμέτερα
1107 1601 1248 1671 μετά
1273 1603 1453 1673 πάσης
1482 1602 1569 1656 ἁλι

1835 1603 1910 1657 sit
1935 1603 2000 1657 ad
2030 1603 2321 1672 judicium.
2355 1602 2621 1660 Dominus
2653 1619 2821 1676 prope
2849 1612 2954 1669 est,
2985 1602 3122 1658 nihil
3147 1600 3295 1657 solli-

89 1687 220 1749 θείας.
261 1689 375 1742 Ἐπὶ
427 1690 638 1754 τούτοις
698 1693 727 1745 ὁ
770 1691 1092 1762 κατηγορῶν
1133 1692 1539 1764 κατηγορείτω·
1591 1694 1620 1746 ὁ
1723 1693 1817 1747 citi
1851 1709 2046 1750 sumus
2075 1693 2142 1749 ⁸⁸.
2675 1758 2681 1765 _

89 1780 252 1834 διώκων
273 1783 414 1852 ἡμᾶς
460 1783 740 1838 διωκέτωο
778 1785 807 1837 ό
839 1784 1108 1839 πιστεύων
1138 1787 1257 1849 ταῖς
1305 1785 1428 1839 καθ’
1456 1785 1614 1857 ἡμῶν
1649 1785 1923 1850 διαϐολαῖς
1953 1785 2326 1858 ἐτοιμαζέσθω
2357 1788 2492 1858 πρὸς
2519 1789 2619 1858 τὴν
2667 1784 3026 1840 διαδικασίαν.
3089 1783 3148 1837 Ὀ
3190 1781 3298 1835 Κύ-

91 1887 175 1940 ριος
189 1870 339 1938 ἐγγύς
362 1888 376 1901 ’
419 1873 600 1944 μηδὲν,
623 1890 690 1944 με
700 1871 998 1944 ριμνῶμεν.

141 1963 258 2016 εει
302 1981 380 2028 τις
425 1965 482 2016 ἐν
525 1965 694 2036 Συρίᾳ
746 1965 1074 2035 συγγράφει,
1103 1965 1262 2019 τοῦτο
1300 1966 1453 2020 οὐδὲν
1485 1965 1619 2038 πρὸς

1815 1992 1841 2017 ρ.
1874 1961 1932 2016 Si
1961 1961 2084 2034 quis
2113 1962 2167 2016 in
2204 1959 2361 2033 Syria
2403 1961 2618 2026 scribit,
2644 1962 2750 2016 hoc
2784 1961 2922 2016 nihil
2950 1960 3018 2016 ad
3049 1977 3171 2018 nos.
3215 1964 3297 2017 Ex

88 2054 219 2122 ἡμᾶς.
262 2055 348 2107 Ἐκ
371 2054 481 2124 τὰρ
508 2054 628 2108 τῶν
656 2058 855 2126 λόγων
887 2072 1002 2109 σου
1032 2055 1422 2128 δικαιωθήσῃ,
1464 2076 1570 2130 φησ

1814 2069 1824 2106 ι
1859 2052 2028 2117 enim,
2062 2050 2277 2121 inquit,
2315 2050 2482 2105 verbis
2515 2051 2933 2121 justiﬁcaberis,
2961 2062 3009 2106 et
3045 2068 3110 2106 ex
3131 2053 3296 2109 verbis

89 2145 161 2197 ml
205 2145 265 2200 ἐκ
309 2145 425 2201 τῶν
477 2149 679 2217 λόγων
741 2164 858 2201 σου
926 2146 1416 2218 καταδικασθήσῃ
1485 2149 1571 2220 (68

1817 2161 1826 2195 ς
1855 2140 2286 2196 condemnaberis
2313 2141 2378 2194 “.
2408 2139 2524 2196 Mea
2559 2157 2646 2198 me
2677 2141 2841 2196 verba
2862 2140 3147 2211 judicent;
3172 2157 3299 2213 pro-

90 2236 136 2286 Οί
182 2237 288 2307 ἐμοὶ
327 2237 472 2306 λόγοι
507 2241 609 2310 ἐμὲ
665 2238 997 2309 κρινέτωσαν
1019 2257 1032 2270 υ
1068 2239 1208 2311 ὑπὲρ
1242 2239 1299 2294 δὲ
1328 2241 1572 2312 ἀλλοτρία

1815 2249 1842 2288 ι·
1886 2235 2096 2298 alienos
2142 2249 2274 2288 vero
2321 2248 2541 2289 errores
2599 2247 2760 2288 nemo
2807 2247 2913 2289 nos
2949 2231 3297 2296 condemnet,

90 2327 203 2396 ἡμᾶς
235 2328 559 2400 σφαλμάτων
611 2330 801 2402 μηδεὶς
851 2329 1280 2396 καταδικαζέτω,
1343 2333 1477 2405 μηδὲ
1524 2333 1572 2386 τὲ

1817 2339 1899 2395 [ue
1924 2332 2052 2380 ante
2080 2323 2275 2395 viginti
2302 2340 2487 2382 annos
2511 2325 2752 2398 scriptas
2786 2341 2816 2380 a
2845 2326 3004 2381 nobis
3037 2325 3299 2398 epistolas

90 2416 170 2486 πρὸ
211 2417 398 2471 εἴκοσιν
446 2417 587 2472 ἐτῶν
634 2419 941 2487 γραφείσας
980 2421 1108 2490 παρ’
1148 2420 1306 2492 ἡμῶν
1336 2421 1572 2474 ἐπιστολέ

1819 2413 1964 2469 ierat
1982 2453 2000 2481 ,
2037 2422 2098 2468 ut
2127 2413 2468 2471 demonstret
2499 2429 2648 2471 nunc
2676 2416 3173 2472 communicatores
3198 2429 3301 2472 nos

89 2510 149 2570 είς
172 2509 420 2577 ἀπόδειξιν
447 2510 838 2582 προϐαλλέσθω
863 2510 958 2564 τοῦ
983 2511 1078 2566 νῦν
1101 2515 1448 2578 κοινωνικούς
1475 2516 1571 2585 ὴμὲ

1819 2522 1846 2562 e
1879 2522 2069 2562 eorum
2101 2506 2196 2576 qui
2240 2507 2347 2563 ista
2393 2507 2757 2578 scripserunt.
2786 2506 2900 2564 Nos
2928 2507 3073 2563 enim
3095 2547 3110 2573 ,
3142 2516 3301 2566 ante-

93 2596 197 2652 εἷναι
223 2604 326 2664 τοῖς
353 2603 540 2656 ἐκεῖνα
583 2601 980 2672 συγγράψασιν.
1028 2603 1217 2674 Ἡμεῖς
1249 2605 1356 2677 γὰρ
1385 2606 1491 2678 πρὸ
1518 2606 1575 2658 τᾶ

1818 2614 1886 2652 ιω
1929 2599 2044 2653 haec
2078 2598 2423 2660 scriberent,
2472 2599 2596 2654 laici
2633 2599 2702 2654 ad
2749 2600 2922 2656 laicos
2954 2600 3300 2670 scripsimus,

92 2693 512 2763 σδγγραμμάτων,
541 2692 719 2746 λαῖκολ⁵
757 2693 908 2756 ὄντες
936 2693 1072 2765 πρὸς
1100 2694 1322 2758 λαῖκοῦς
1373 2694 1574 2748 ἐπεστέῖ

1819 2705 2020 2760 equam
2059 2692 2140 2745 vel
2172 2689 2542 2760 suspicionem
2586 2692 2859 2762 ejusmodi
2903 2691 3197 2762 quisquam
3247 2691 3301 2747 iu

91 2781 220 2849 λομεν
243 2783 367 2854 (69),
401 2785 509 2856 πρὸ
551 2783 795 2838 τοῦ“τινὰ
828 2785 922 2838 καὶ
943 2785 1200 2839 ὑπόνοιαν
1225 2784 1476 2856 τοιαύτην
1504 2803 1573 2839 κα

1823 2798 1850 2836 s
1897 2789 2169 2848 moveret;
2205 2797 2306 2837 nec
2361 2781 2429 2838 de
2473 2780 2578 2838 (Ide
2627 2782 2928 2854 quidquam
2979 2783 3303 2852 scripsimus

92 2874 234 2927 αὐτῶν
277 2875 543 2929 κινεῖσθαι
568 2893 582 2907 ο
633 2875 730 2930 καὶ
777 2876 1169 2948 ἐπεστέλλομεν
1203 2878 1352 2933 οὐδὲν
1385 2879 1513 2952 περὶ
1535 2896 1574 2930 π

1819 2888 1828 2926 :
1863 2872 2048 2944 qualia
2092 2873 2169 2926 illi
2206 2888 2354 2927 nunc
2393 2872 2460 2927 ad
2497 2873 2754 2928 invidiam
2797 2873 2960 2930 nobis
3002 2874 3301 2929 creandum

96 2979 245 3030 στεως,
275 2966 378 3019 οὐδ’
410 2962 502 3021 οἶα
522 2965 618 3019 νῦν
650 2967 742 3019 ἐπὶ
771 2969 837 3037 τῇ
867 2967 989 3020 καθ’
1017 2969 1050 3039 ἡ
1061 2967 1176 3039 μῶν
1224 2968 1440 3041 διαϐολῇ
1472 2987 1576 3038 περ

1824 2963 2144 3032 :uml‘erunt,
2175 2964 2271 3020 sed
2305 2964 2662 3021 salutationes
2692 2965 2892 3028 nudas,
2919 2981 3040 3036 quae
3065 2967 3306 3021 amicam

93 3053 306 3126 τέρουσιν
343 3053 519 3124 οὗτοι,
567 3058 703 3112 ἀλλά
730 3059 892 3129 ψιλὰς
935 3062 1326 3132 προσηγορίας,
1361 3063 1575 3134 ἀγαπητ

1825 3057 2204 3128 npellatiouem
2235 3057 2641 3127 persolvebaut.
2671 3056 2836 3129 359
2868 3056 2980 3114 Nos
3025 3058 3170 3113 enim
3211 3072 3307 3128 pa.

97 3149 172 3219 κὴν
192 3151 563 3223 προσφώνησιν
606 3151 1048 3223 ἀποπληρούσας.
1084 3153 1278 3222 Ἡμεῖς
1305 3152 1414 3225 γὰρ
1429 3151 1579 3224 όμοίιι

1825 3163 1864 3202 :r
1885 3155 1939 3204 et
1967 3164 2063 3205 eos
2087 3149 2180 3218 qui
2216 3148 2439 3205 Sabellii
2473 3149 2664 3206 morbo
2693 3150 2965 3214 laborant,
2993 3158 3048 3205 et
3079 3164 3178 3206 eos
3211 3149 3307 3219 qui

96 3241 166 3292 xui
187 3244 297 3306 τοὺς
310 3243 375 3296 τὰ
401 3242 696 3296 Σαϐελλίου
725 3243 1034 3309 νοσοῦντας,
1054 3244 1148 3298 καὶ
1171 3245 1298 3312 τοὺς
1327 3244 1395 3298 τά
1424 3245 1578 3318 Ἀρείι

1817 3241 1846 3295 ii
1877 3240 2130 3312 dogmata
2165 3248 2408 3306 tuentur,
2441 3247 2502 3296 ut
2540 3240 2739 3312 impios
2769 3239 3035 3312 fugimus,
3071 3247 3126 3296 et
3169 3254 3294 3294 ana-

95 3329 298 3402 δόγματα
333 3333 706 3402 ἐκδικοῦντας,
747 3335 824 3400 ὡς
857 3335 1097 3400 ἀσεϐεῖς,
1131 3336 1514 3406 ἀποφεύγομεν
1537 3355 1577 3391 κε

1829 3332 2175 3391 matizamus.
2207 3331 2266 3387 Si
2300 3332 2426 3402 quis
2474 3331 2730 3390 eumdem
2781 3331 2995 3388 Patrem
3054 3331 3188 3388 dicit
3245 3348 3309 3386 ac

95 3422 540 3497 ἀναθεματίζομεν.
594 3426 663 3479 Εἴ
685 3442 768 3486 τις
797 3424 888 3479 τὸν
921 3426 1084 3480 αὑτὸν
1123 3426 1344 3499 Πατέρα
1365 3427 1510 3496 λέγει
1536 3444 1577 3478 κε

1827 3426 1931 3480 lum
1960 3433 2014 3480 et
2048 3423 2310 3496 Spiritum
2343 3433 2595 3484 sanctum
2616 3466 2632 3489 ,
2676 3439 2741 3480 ac
2787 3440 2901 3480 rem
2927 3440 3090 3480 uuam
3124 3416 3309 3481 multis

98 3510 194 3565 Υίὺν
215 3514 300 3566 καὶ
323 3514 476 3585 ἅγιον
511 3515 757 3585 Πνεῦμα,
784 3515 879 3568 καὶ
912 3514 970 3567 ἓν
1007 3517 1239 3588 πρᾶγμα
1279 3513 1580 3588 πολυώνυμε

1827 3517 2050 3572 niuibus
2077 3516 2418 3588 designatam
2439 3531 2563 3574 esse
2586 3516 2805 3581 statuit,
2838 3531 3115 3586 unamque
3138 3517 3309 3587 hypo-

99 3603 384 3674 ὑποτίθεται,
430 3607 528 3661 καὶ
588 3606 718 3678 μίαν
757 3607 1056 3659 ὑπόστασιν
1098 3607 1201 3660 ὑπὸ
1236 3606 1404 3679 τριῶν
1457 3623 1581 3678 προς

1826 3610 1929 3664 sim
1976 3610 2158 3666 tribus
2211 3608 2675 3680 appellationibus
2729 3623 3081 3678 expressam;
3145 3609 3308 3664 talem

97 3697 294 3768 ηγοριῶν
350 3697 794 3770 ἐκφωνουμένην,
828 3699 918 3752 τὸν
955 3698 1196 3752 τοιοῦτον
1255 3701 1419 3770 ἡμεῖς
1457 3701 1515 3752 ἐν
1562 3717 1579 3750 σι

1826 3701 1915 3757 sin
1957 3699 2271 3757 Iudaeorum
2323 3711 2477 3772 parte
2508 3715 2884 3756 numeramus.
2918 3699 3009 3755 Sic
3035 3701 3224 3764 etiam,
3262 3701 3308 3756 si

102 3790 242 3858 μερίδι
267 3791 370 3844 τῶν
441 3791 712 3845 Ἰουδαίων
740 3791 1032 3862 τάσσομεν.
1081 3791 1311 3861 Ὁμοίως
1357 3791 1451 3845 καὶ
1473 3792 1524 3845 εί
1551 3808 1581 3844 τ

1826 3809 1860 3849 ιε
1895 3793 2094 3848 Filium
2123 3791 2269 3847 Patri
2312 3791 2614 3849 secundum
2648 3793 2945 3847 essentiam
2981 3791 3308 3847 dissimilem

99 3877 304 3949 ἀνόμοιον
339 3881 487 3950 λέγει
532 3883 674 3955 κατᾲ
705 3881 804 3952 τὴν
835 3879 1026 3934 οὐσίαν
1053 3881 1146 3934 τὸν
1177 3881 1301 3934 Υίὸν
1332 3880 1410 3953 τῷ
1434 3883 1581 3954 Πατρ

1831 3886 1892 3954 it,
1920 3894 2015 3940 aut
2038 3885 2108 3948 ad
2138 3892 2450 3942 creaturam
2477 3882 2715 3939 detrahit
2748 3881 3013 3953 Spiritum
3036 3890 3312 3948 sanctum,

100 3967 208 4037 ἢείς
230 3973 424 4044 κτίσμα
456 3973 688 4041 κατάγει
715 3973 774 4026 τὸ
805 3971 1029 4041 Πνεῦμα
1055 3973 1116 4026 τὸ
1149 3973 1324 4042 ἅγιον,
1357 3972 1582 4043 ἀναθεμι

1831 3977 2288 4042 itbematizamus,
2318 3983 2373 4030 et
2399 3989 2428 4032 a
2458 3974 2744 4044 gentilium
2787 3991 2974 4032 errore
3003 3990 3113 4031 non
3153 3976 3313 4046 longe

99 4057 295 4130 τίζομεν,
353 4063 450 4116 καὶ
503 4064 672 4132 ἐγγὺς
716 4058 854 4116 εἶναι
873 4062 972 4133 τῆς
1017 4062 1334 4134 Ἑλληνικῆς
1377 4063 1581 4135 τιθέμε(

1827 4081 1935 4122 asse
1962 4065 2236 4122 ducimus.
2276 4064 2383 4120 Sed
2421 4079 2520 4118 ora
2571 4075 2954 4122 accusatorum
2994 4074 3309 4122 nostrorum

101 4149 286 4224 πλάνης.
341 4156 502 4209 Ἀλλὰ
540 4154 609 4208 τὰ
641 4154 740 4226 μὲν
776 4155 1020 4226 στόματα
1043 4155 1150 4208 τῶν
1181 4155 1583 4228 κακηγορούντιι

1882 4159 2026 4226 primi
2056 4158 2253 4214 litteris
2287 4157 2496 4214 nostris
2522 4172 2630 4212 non
2676 4165 2943 4228 possunt;
2974 4158 3088 4213 imo
3115 4157 3310 4214 verisi-

102 4239 217 4308 ήμᾶς
258 4245 608 4316 ἐπισχεθῆναι
673 4245 763 4298 διὰ
819 4244 928 4298 τῶν
969 4245 1251 4318 ἡμετέρων
1296 4247 1584 4317 γραμμάτο

1826 4251 1868 4305 le
1893 4257 2000 4316 est,
2026 4250 2151 4306 illos
2179 4250 2343 4305 etiam
2379 4249 2798 4307 defensionibus
2839 4251 3050 4307 nostris
3079 4251 3308 4316 irrita‘ri;

103 4331 366 4402 ἀμήχανον·
429 4336 631 4408 μᾶλλον
693 4338 789 4408 μὲν
834 4332 926 4391 οὖν
970 4337 1117 4402 εἰκὸς
1164 4339 1257 4392 καὶ
1301 4338 1585 4412 ἐρεθίζεσθε

1831 4341 2034 4412 majora
2057 4357 2124 4396 ac
2166 4342 2420 4412 graviora
2455 4342 2510 4398 in
2547 4357 2647 4399 nos
2682 4343 3008 4398 machinari.
3041 4343 3313 4399 Caeterum

103 4423 261 4490 αὖτοὺς
284 4427 373 4480 ἐπὶ
426 4431 548 4492 ταῖς
596 4428 916 4498 ἀπολογίαις
966 4429 1141 4500 ἡμῶν,
1166 4432 1259 4484 καὶ
1287 4431 1507 4502 μείζονα
1546 4449 1585 4485 κι

1834 4449 1906 4489 'es
1949 4442 2162 4490 vestras
2194 4434 2462 4491 custodiri
2512 4451 2623 4490 non
2657 4433 2893 4490 diﬂicile.
2943 4435 3125 4501 Quare
3165 4437 3316 4506 quod

104 4513 410 4591 χαλεπώτερα
442 4519 563 4572 καθ’
609 4517 768 4592 ἡμῶν
807 4521 1238 4586 κατασκευάζειν
1263 4540 1276 4554 ·
1322 4525 1420 4588 τὰς
1456 4525 1586 4595 μέντ

1844 4525 2004 4581 vobis
2050 4525 2218 4580 situm
2261 4535 2380 4590 est,
2429 4533 2704 4597 praastate.
2739 4523 3028 4580 Sincerum
3071 4525 3232 4582 nobis
3264 4536 3319 4580 et

105 4604 332 4678 ὑμετέρας
383 4609 554 4674 ἀκοὰς
609 4610 948 4682 φυλαχθῆναι
988 4613 1048 4666 ού
1103 4614 1358 4684 χαλεπόν.
1386 4617 1572 4678 Ὥστε,

1837 4621 1967 4676 nime
1999 4629 2440 4691 praeoccupatum
2476 4620 2770 4676 calumniis
2798 4633 2894 4673 cor
2924 4628 3166 4674 vestrum
3202 4635 3319 4676 ser-

107 4695 221 4750 ὲστιν
247 4701 326 4768 ἐφ’
358 4702 510 4772 ὑμῖν,
542 4701 702 4756 τοῦτο
730 4705 1011 4774 ποιήσατε.
1059 4706 1347 4777 ’Λκεραίαν
1379 4709 1512 4778 ἡμῖν
1545 4725 1589 4761 κε

1834 4727 1861 4764 e
1891 4731 1903 4766 :
1930 4720 2094 4782 atque
2141 4713 2480 4784 objectorum
2530 4711 2686 4768 nobis
2719 4711 3014 4766 criminum
3046 4711 3316 4766 rationem

105 4785 406 4862 ἁπρόληπτον
432 4795 554 4856 ταῖς
597 4792 869 4857 διαϐολαῖς
905 4795 1004 4866 τὴν
1041 4796 1264 4867 καρδίαν
1287 4796 1440 4868 ὑμῶν
1471 4798 1587 4867 φυλι

1839 4805 1960 4860 obis
1983 4806 2278 4874 postulate.
2307 4805 2386 4860 Ae
2410 4806 2691 4860 veritatem
2715 4805 2936 4875 quidem
2968 4803 3014 4860 si
3043 4801 3190 4872 apud
3219 4819 3320 4856 nos

105 4876 204 4941 ξατε
222 4897 234 4911 ο
259 4885 348 4937 καὶ
375 4885 512 4956 πρὸς
565 4886 635 4940 τὰ
682 4885 1094 4958 προϐαλλόμενα
1121 4889 1444 4960 ἐγκλήματα
1473 4892 1587 4944 ἀπα

1835 4894 2096 4960 'eneritis,
2136 4908 2204 4949 ne
2251 4893 2394 4949 detis
2441 4895 2622 4950 locum
2659 4893 2966 4949 mendacio.
3006 4892 3102 4948 Sin
3137 4905 3317 4947 autem

106 4973 216 5025 τεῖτε
243 4977 379 5044 ἡμᾶς
400 4977 500 5040 τὰς
523 4977 771 5042 εὐθύνας.
801 4979 911 5032 Καὶ
936 4981 985 5032 εί
1015 4981 1112 5047 μὲν
1135 4979 1332 5052 εὕρητε
1349 4982 1478 5051 παρ’
1503 4983 1588 5052 ἠμί

1830 5003 1846 5041 5
1873 4986 1940 5040 ad
1982 4985 2361 5043 defensionem
2412 4987 2662 5044 inlirmos
2694 4987 3002 5052 senseritis,
3033 4996 3166 5042 tunc
3199 5002 3312 5041 crc-

106 5063 181 5133 τὴν
218 5068 485 5140 ἀλήθειαν,
542 5070 800 5145 μὴ’δῶτε
847 5073 1030 5146 χώραν
1075 5074 1154 5146 τῷ
1197 5074 1414 5145 ψεύδειο
1452 5075 1546 5131 ἐὰν
1583 5080 1588 5123 ά

1831 5093 1857 5133 e
1911 5081 2331 5136 accusatoribus
2386 5081 2628 5143 nostris,
2683 5085 2750 5134 ut-
2801 5093 2930 5134 vera
2984 5079 3313 5134 dicentibus.

106 5153 392 5216 ἁτονούντων
414 5165 570 5236 ἡμῶν
599 5166 736 5236 πρὸς
761 5165 858 5238 τὴν
888 5167 1183 5236 ἀπολογίαν
1212 5168 1491 5240 αἴσθησθε,
1521 5169 1588 5222 τά

1834 5169 1990 5238 gilant
2028 5169 2130 5231 illi,
2179 5169 2337 5224 nobis
2381 5177 2442 5224 ut
2480 5178 2753 5226 noceant:
2793 5168 2898 5225 hoc
2934 5183 2964 5222 a
3003 5168 3160 5222 vobis
3209 5182 3316 5222 non

109 5251 391 5310 πιστεύσατε
443 5261 556 5322 τοῖς
597 5260 924 5331 κατηγόροις
957 5259 1116 5332 ἡμῶν
1155 5260 1229 5324 ὡς
1262 5260 1591 5332 ἀληθεύουσι⁴

1833 5263 2118 5331 poscimus.
2141 5260 2536 5317 Nuudiuariam
2576 5262 2745 5316 vitam
2776 5268 3019 5334 agentes,
3051 5268 3315 5316 structam

119 5337 470 5410 Ἀγρνπνοῦσιν
524 5352 721 5403 ἐκεῖνοι
774 5352 909 5422 πρὸς
953 5353 1015 5406 τὸ
1043 5353 1188 5423 ἡμᾶς
1241 5353 1601 5424 κακοποιῆσαι

1835 5353 1912 5408 bis
1936 5354 2265 5408 calumniam
2290 5353 2359 5407 ad
2389 5355 2527 5408 lucri
2551 5353 2928 5410 accessionem
2949 5359 3317 5408 convertunt:

110 5428 233 5485 τοῦτο
262 5441 386 5516 παρ’
419 5441 574 5508 ὑμῶν
607 5443 706 5494 οὐκ
741 5443 1125 5505 ἐπιζητοῦμεν.
1173 5444 1502 5516 Ἐμπορικὸν
1527 5444 1592 5514 βίι

1837 5462 1846 5501 ι
1899 5455 2083 5501 autem
2133 5446 2515 5509 adhortantur,
2569 5453 2628 5499 ut
2679 5445 2949 5500 maneatis
3005 5445 3187 5509 domi,
3256 5459 3319 5498 ac

165 5586 202 5616 “
238 5588 458 5652 Dhiliuu.
495 5611 570 5652 tv.
623 5597 681 5662 ὕ,
714 5598 767 5655 6.
842 5597 886 5630 ⁸¹
933 5595 1124 5656 Matth.
1153 5617 1252 5670 xu,
1303 5599 1390 5654 '57.

114 5705 802 5852 upiggafaatxaUOﬁdn.
843 5719 921 5775 ita
953 5734 1086 5775 mss.
1139 5735 1254 5775 sex.
1287 5718 1426 5774 Edit.
1467 5735 1596 5773 κατα

1839 5715 1929 5838 ῗξὶ)
1983 5711 2482 5782 Ἐπεστέλλομεν.
2514 5710 2682 5767 Coisl.
2722 5711 2932 5780 primus
2956 5721 3006 5767 ot
3031 5707 3170 5766 Med.
3193 5707 3321 5762 tm-

1883 5800 2056 5855 .αμεν.
