3754 6496
147 343 225 401 853
948 297 1433 392 EPISTOLARUM
1471 335 1758 395 CLASSIS
1795 333 1858 390 11.
1904 330 2119 387 EPIST.
2163 330 2465 392 CCXXV".

3200 333 3306 393 854

145 455 243 510 Θεοῦ
271 451 326 504 si
349 453 456 514 ταῖς
498 449 838 522 Ἑκκλησίαις
858 451 1258 523 διατυπούμενα
1294 457 1359 525 τῇ
1393 454 1482 507 τοῦ
1510 454 1627 507 Θεοὶ

1769 467 1844 506 »νο
1890 457 2064 514 certo,
2101 464 2195 520 eos
2233 451 2326 519 qui
2378 465 2469 504 res
2506 450 2561 504 in
2593 448 2862 505 Ecclesiis
2903 465 2932 502 a
2980 449 3072 505 Dei
3119 451 3305 506 electis

143 543 314 610 διαταγῇ
355 539 705 596 ἀνθίστανται.
758 541 848 612 Μὴ
899 541 1316 610 δικαιολογεῖσθε
1370 543 1504 614 πρὸς
1543 544 1639 614 τὴν

143 636 304 707 μητέρα
332 633 470 702 ὑμῶν
496 632 593 703 τὴν
612 634 667 687 ὲν
684 634 972 688 Νικοπόλει
1013 636 1356 707 Ἐκκλησίαν.
1388 636 1479 709 Μὴ
1509 654 1640 708 τρα-

138 725 310 797 χύνεσθε
340 724 466 794 πρὸς
515 726 640 788 τοὺς
686 725 794 777 τῶν
845 725 1029 796 ψυχῶν
1083 726 1236 797 ὑμῶν
1281 728 1637 798 ἀναδεδεγμέ-

137 835 227 879 vos;
249 816 340 886 (79)
367 817 458 885 τὴν
493 815 777 886 μέριμναν.
817 817 904 869 Ἐν
932 821 1042 888 γὰρ
1079 815 1156 886 τῷ
1184 817 1251 870 τὰ
1278 818 1376 888 τῆς
1399 818 1638 870 Νικοπόο

135 908 233 969 λεως
257 905 547 958 συνεστάναι
582 905 880 976 πράγματα
918 906 1012 958 καὶ
1039 906 1100 959 τὸ
1139 905 1258 959 καθ’
1299 908 1444 978 ὑμᾶς
1474 908 1638 979 μέρος

134 997 558 1067 συνδιασωθήσεται
593 996 738 1067 (80)·
791 997 886 1050 ἐὰν
935 997 994 1050 δὲ
1045 998 1263 1068 ἐκείνης
1312 997 1515 1070 ἆψηταί
1556 1014 1640 1062 τις

133 1089 268 1151 σάλος,
304 1088 398 1141 κᾶν
437 1087 658 1158 μυρίους
698 1087 858 1160 ἔχητε
906 1091 1032 1153 τοὺς
1065 1089 1437 1159 φυλάσσοντας
1469 1091 1631 1161 ὑμᾶς,

133 1179 694 1250 σνμπαραναλωθήσεται
752 1180 830 1252 τῷ
883 1181 1159 1252 κεφαλαίῳ
1201 1182 1294 1235 καὶ
1345 1181 1407 1234 τὸ
1451 1183 1635 1254 μέρος.

137 1277 200 1337 Ὡς
236 1269 314 1326 οὖν
359 1273 404 1325 οί
454 1274 565 1335 τοῖς
617 1275 879 1342 ποταμοῖς
934 1272 1358 1346 παροικοῦντες,
1419 1275 1637 1327 ἐπειδὰν

127 1362 236 1414 ἴδωσί
289 1379 426 1424 τινας
490 1360 773 1432 πόρρωθεν
837 1361 1167 1435 ὀχυρώματα
1234 1362 1638 1433 καταϐαλλομέ-

125 1467 214 1513 νους
234 1450 328 1518 (81)
362 1451 468 1512 τοῖς
507 1448 791 1520 ῥεύμασιν,
824 1447 1022 1514 ἴσασιν,
1069 1449 1152 1501 δτι
1183 1449 1363 1512 αὐτοῖς
1403 1449 1639 1520 προδιοι-

125 1541 293 1594 χοῦνται
330 1541 421 1610 τὴν
446 1539 761 1608 ἀσφάλειαν,
792 1539 888 1604 τὰς
908 1538 1204 1612 ἐπιδρομάς
1221 1539 1330 1592 τῶν
1355 1539 1637 1610 ῥευμάτων

123 1632 514 1704 ἀποκρουόμενον
551 1631 693 1684 οὕτω
720 1632 816 1684 καὶ
843 1632 892 1684 οί
921 1630 1016 1687 νῦν
1040 1631 1101 1684 τὸ
1127 1631 1290 1703 βάρος
1328 1631 1430 1700 τῆς
1474 1647 1637 1701 φρον-

122 1723 225 1786 τίδος
249 1723 344 1776 τῶν
379 1721 709 1791 Ἐκκλησιῶν
740 1723 852 1794 (82)
890 1721 1274 1794 ἀναδεξάμενοι
1311 1724 1369 1775 ὲν
1416 1725 1482 1794 τῇ
1528 1721 1638 1776 τῶν

1745 543 2079 600 constitutas
2127 557 2236 597 non
2280 541 2593 606 admittunt,
2636 540 2731 596 Dei
2791 541 3123 596 ordinationi
3170 542 3307 596 resi-

1741 643 1907 692 stere.
1954 635 2154 690 Cavete
2191 634 2415 706 litigctis
2460 648 2585 687 cum
2619 641 2801 687 vestra
2839 641 3016 688 matre
3060 630 3305 687 Ecclesia

1738 726 2154 796 Nicopolitana;
2188 740 2290 780 nec
2323 725 2566 779 animum
2618 723 2671 778 in
2705 738 2821 789 eos,
2863 725 2954 794 qui
2995 733 3304 779 vestrarum

1739 821 2045 875 animarum
2123 833 2313 874 curam
2381 831 2711 887 suscepere,
2769 827 3109 887 exasperate.
3166 817 3302 870 Dum

1739 912 1884 968 enim
1939 927 2029 966 res
2085 909 2477 980 Nicopolitanae
2518 909 2855 973 consistent,
2905 916 3088 962 vestra
3139 912 3299 963 etiam

1738 1019 1868 1074 pars
1897 1003 2063 1058 simul
2109 1000 2419 1057 servabitur
2447 1017 2462 1066 ;
2501 999 2596 1056 sed
2629 1000 2676 1055 si
2705 999 2849 1052 illam
2885 999 3063 1069 aliqua
3094 1008 3300 1069 tempe-

1739 1101 1854 1148 stas
1891 1091 2151 1162 attigerit,
2185 1090 2399 1146 etiamsi
2435 1090 2618 1146 adsint
2657 1089 2814 1145 vobis
2847 1088 3104 1143 custodes
3149 1089 3304 1142 innu-

1737 1181 1898 1243 meri,
1952 1195 2082 1250 pars
2125 1195 2345 1250 quoque
2392 1195 2498 1233 una
2553 1194 2676 1234 cum
2728 1178 2908 1247 capite
2962 1178 3300 1232 absumetur.

1737 1269 2204 1338 Quemadmodum
2256 1270 2419 1338 igitur
2464 1267 2556 1338 qui
2608 1268 2675 1322 ad
2722 1267 2917 1321 ﬂuvios
2947 1266 3214 1330 habitant,
3255 1266 3302 1320 si

1737 1374 1877 1430 quos
1929 1357 2117 1428 procul
2168 1356 2392 1410 videant
2450 1355 2625 1410 valida
2665 1355 2916 1424 praesidia
2955 1355 3114 1424 aquis
3161 1355 3306 1422 obji-

1737 1464 1881 1512 cere,
1933 1448 2249 1518 intelligunt
2315 1447 2601 1502 securitati
2659 1461 2774 1500 suae
2821 1445 3120 1514 provideri,
3173 1444 3302 1498 dum

1740 1540 1996 1594 incursus
2027 1553 2294 1608 aquarum
2334 1539 2674 1608 repelluntur
2699 1553 2715 1604 ;
2741 1537 2814 1590 ita
2845 1538 3007 1591 etiam
3031 1537 3125 1606 qui
3155 1551 3304 1590 nunc

1737 1629 1950 1699 pondus
2015 1627 2404 1684 sollicitudinis
2463 1627 2831 1684 Ecclesiarum
2886 1629 3184 1694 sustinent,
3247 1629 3302 1681 in

1737 1722 1970 1775 aliorum
1995 1720 2248 1776 custodia
2280 1721 2560 1776 securitati
2608 1729 2804 1776 vestra:
2835 1722 3140 1790 provident,
3173 1722 3303 1776 tuti-

121 1814 250 1866 ᾰλλων
278 1813 474 1885 φυλακῇ
519 1814 620 1885 τὴν
664 1814 786 1867 καθ’
841 1815 985 1884 ὑμᾶς
1041 1813 1224 1868 ἄδειαν
1272 1813 1627 1867 διοικοῦνται·

1773 1828 1843 1866 ue
1883 1812 2038 1868 eritis
2083 1813 2152 1866 ab
2181 1811 2338 1864 'omni
2382 1813 2639 1878 tumultu,
2697 1812 2821 1866 aliis
2866 1812 2992 1866 belli
3041 1811 3302 1882 impetum

120 1904 186 1957 καὶ
225 1904 274 1956 ἐν
316 1902 483 1974 σκέπῃ
522 1903 817 1975 γενήσεσθε
874 1905 1052 1974 πάσης
1110 1904 1372 1975 ταραχῆς,
1431 1887 1631 1975 ἑτέρων

119 1995 462 2065 ὑποδεχομένων
497 1993 593 2048 τοῦ
639 1995 875 2066 πολέμου
906 1995 1005 2058 τὰς
1034 1995 1356 2066 προσϐολάς.
1392 1995 1534 2066 Πρὸς
1575 1994 1634 2048 δὲ

116 2090 286 2141 κάκεῖνο
323 2086 427 2157 (85)
471 2087 820 2157 ἐνθυμεῖσθαι
865 2087 1008 2157 ὑμᾶς
1053 2086 1360 2157 προσῆκεν.
1409 2086 1490 2138 ὃτι
1534 2085 1632 2154 οὐχ

115 2177 221 2245 ὑμᾶς
244 2174 516 2240 ἀπέϐαλεν,
550 2175 665 2228 ἀλλ’
702 2175 920 2246 ἐτέρους
959 2173 1311 2246 προσέλαϐεν.
1351 2175 1424 2227 υύ
1458 2173 1630 2244 δήπου

113 2267 191 2336 γὰρ
212 2266 448 2336 βάσκανοί
485 2265 632 2329 τινές
675 2269 840 2336 ἐσμεν
866 2267 1045 2336 ἡμεῖς,
1088 2264 1227 2318 ὥστε
1264 2266 1356 2319 τὸν
1403 2265 1632 2336 δυνάμε-

111 2376 176 2410 νον
210 2360 291 2410 καὶ
330 2358 504 2422 ἄλλοις
541 2357 648 2410 τῶν
691 2356 880 2409 ἑαυτοῦ
913 2356 1267 2428 χαρισμάτων
1299 2355 1632 2427 μεταδιδόναι

110 2448 384 2518 ἀναγκάζειν
413 2451 540 2520 ὑμῖν
577 2448 684 2520 (84)
712 2448 1079 2501 ὲναποκλείειν
1110 2447 1208 2519 τὴν
1239 2449 1416 2519 χάριν,
1452 2447 1546 2500 καὶ
1572 2445 1632 2498 τὸ

109 2539 198 2593 καθ’
223 2542 353 2612 ὑμᾶς
401 2541 550 2612 μόνῳ
593 2541 776 2612 χωρίῳ
833 2544 1200 2612 στενοχωρεῖν.
1256 2539 1392 2593 Ούτε
1443 2539 1551 2610 γὰρ
1603 2540 1632 2591 ό

107 2633 249 2703 πηγὴν
281 2633 681 2703 περιφράσσων,
714 2633 808 2686 καὶ
851 2631 1042 2695 ὕδατος
1083 2632 1257 2698 ἔξοδον
1300 2631 1630 2702 λυμαινόμε-

106 2741 188 2786 νος,
220 2723 328 2777 οὔτε
367 2726 395 2777 ὁ
445 2723 796 2776 διδασκαλίαν
836 2723 1033 2794 διαρκῆ
1071 2722 1292 2776 κωλύων
1331 2722 1422 2774 ἐπὶ
1449 2720 1630 2775 πλεῖον

103 2817 258 2885 χωρεῖν
287 2815 385 2880 ἔξω
408 2813 501 2867 τοῦ
537 2814 742 2878 πάθους
773 2815 872 2886 τῆς
912 2813 1205 2883 βασκανίας
1235 2813 1401 2866 ἐστίν.
1431 2812 1632 2882 Ἐχέτω

100 2907 241 2961 τοίνυν
264 2909 350 2960 καὶ
385 2907 481 2978 τὴν
521 2905 867 2968 Νικοπόλεως
903 2905 1190 2976 μέριμναν,
1222 2904 1317 2957 καὶ
1353 2904 1412 2956 τὸ
1437 2903 1631 2974 ὑμέτε-

97 3015 170 3064 ρον
201 2998 464 3070 προσθήκη
489 2998 632 3051 ἔστω
655 2997 762 3052 τῶν
793 3000 909 3051 ἐκεῖ
939 2995 1373 3068 φροντισμάτων.
1402 2995 1493 3066 Τῷ
1533 2995 1631 3066 μὲν

99 3089 180 3159 γὰρ
204 3090 342 3162 ἀνδρὶ
375 3090 576 3143 πλείων
604 3089 905 3160 προσῆλθεν
947 3088 1058 3160 (85)
1083 3089 1112 3140 ό
1147 3089 1333 3153 κόπος,
1377 3087 1529 3159 ὑμῶν
1576 3088 1632 3140 δὲ

1735 1903 2152 1959 sustinentibus.
2202 1903 2280 1958 Ad
2323 1904 2437 1957 haec
2482 1901 2614 1956 illud
2652 1903 2816 1957 etiam
2862 1903 3018 1958 vobis
3049 1903 3302 1958 conside-

1733 1995 1967 2050 randum
1999 2001 2106 2054 est.
2149 2011 2256 2050 non
2294 2010 2394 2050 vos
2437 1994 2506 2048 ab
2548 2009 2616 2049 eo
2655 1993 2994 2064 repudiatos,
3035 1994 3131 2050 sed
3163 1995 3304 2050 alios

1733 2095 2062 2159 assumptos.
2115 2085 2232 2142 Non
2281 2086 2426 2141 enim
2486 2085 2655 2140 invidi
2703 2086 2926 2156 quidam
2975 2101 3186 2148 sumus,
3242 2094 3302 2140 ut

1732 2180 1826 2250 qui
1871 2193 1970 2235 sua
2011 2178 2154 2233 dona
2197 2178 2361 2233 etiam
2405 2192 2531 2231 cum
2574 2178 2698 2232 aliis
2729 2177 3136 2231 communicare
3171 2191 3301 2246 pos-

1733 2270 1826 2335 sit,
1870 2286 1996 2326 eum
2036 2283 2298 2342 cogamus
2348 2269 2579 2338 gratiam
2629 2269 2771 2322 inter
2817 2283 2914 2323 vos
2950 2269 3297 2326 concludere.

1731 2367 1785 2414 et
1827 2359 1959 2414 solis
2003 2359 2110 2414 loci
2158 2359 2329 2413 vestri
2376 2358 2576 2413 ﬁnibus
2615 2374 2986 2415 coerceamus.
3031 2359 3164 2414 Nam
3201 2376 3302 2415 nec

1731 2448 1824 2516 qui
1867 2447 2070 2504 fontem
2105 2448 2480 2517 circumsepit,
2528 2455 2582 2502 et
2624 2464 2891 2519 aquarum
2921 2451 3126 2504 exitum
3154 2452 3301 2506 labe-

1732 2537 1920 2602 lactat,
1973 2555 2075 2594 nec
2109 2541 2200 2609 qui
2243 2539 2548 2594 doctrinam
2579 2539 2798 2595 uberem
2839 2541 3094 2610 prohibet
3135 2543 3301 2598 latius

1731 2629 1919 2694 ﬂuere,
1976 2637 2130 2685 extra
2169 2629 2386 2684 invidia:
2425 2631 2634 2684 crimen
2665 2641 2769 2685 est.
2808 2628 3088 2702 Suscipiat
3115 2632 3301 2702 itaque

1731 2730 1784 2777 et
1838 2721 2114 2791 Nicopolis
2161 2737 2371 2790 curam,
2425 2733 2479 2778 et
2523 2724 2590 2778 ad
2633 2724 2842 2780 futuras
2884 2725 2998 2779 illic
3037 2725 3300 2780 sollicitu-

1731 2813 1888 2869 dines
1930 2815 2096 2869 vestri
2137 2829 2266 2868 cura
2304 2815 2552 2871 accedat.
2587 2815 2664 2871 llli
2711 2817 2857 2871 enim
2900 2816 3022 2887 plus
3067 2816 3302 2870 accessit

1731 2901 1889 2974 351
1937 2903 2162 2967 laboris,
2210 2904 2306 2960 sed
2355 2903 2422 2960 de
2478 2906 2652 2961 vestri
2685 2921 2815 2959 cura
2849 2905 2987 2960 nihil
3041 2904 3297 2960 decessit.

1733 2994 1847 3050 Hoc
1880 3004 2059 3050 autem
2089 2995 2222 3050 mihi
2261 3005 2316 3051 et
2345 2998 2582 3052 maxime
2609 2998 2806 3064 doluit,
2835 3006 2889 3053 et
2917 2997 3134 3053 modum
3165 2995 3300 3051 mihi

1733 3088 1910 3143 visum
1940 3099 2024 3144 est
2051 3089 2338 3154 excedere,
2368 3089 2513 3161 quod
2547 3089 2800 3146 videlicet
2831 3089 3051 3145 dixistis
3089 3108 3102 3144 :
3145 3097 3303 3144 voto-

97 3183 214 3235 οὖδὲν
257 3182 566 3237 ἐλαττοῦται
613 3184 646 3252 ἡ
687 3181 994 3252 ἐπιμέλεια.
1043 3182 1246 3234 Ἐκεῖνο
1293 3180 1348 3233 δέ
1386 3197 1452 3252 με
1487 3179 1627 3232 πάνυ

1769 3195 1852 3234 um
1887 3188 2169 3250 compotes
2202 3181 2250 3236 si
2288 3197 2398 3235 non
2431 3197 2645 3246 sumus,
2678 3182 2746 3236 ad
2771 3180 3021 3251 judicum
3053 3180 3300 3236 tribuna-

95 3272 309 3342 ἐλύπησε,
358 3274 450 3327 κα).
493 3273 602 3338 ἔξω
648 3271 819 3341 ἐφάνη
865 3270 959 3323 τοῦ
1001 3270 1222 3341 μέτρου,
1257 3269 1318 3321 τὸ
1357 3267 1626 3340 εἰρῆσθαι,

93 3363 172 3427 ὅτι,
201 3365 550 3434 ἀποτυχόντες
599 3363 708 3416 τῶν
767 3361 1229 3432 ἐπιζητουμένων,
1265 3361 1332 3415 τὰ
1377 3361 1631 3431 δικαστή-

93 3472 163 3524 ρια
190 3456 622 3528 καταληψόμεθα,
655 3457 749 3509 καὶ
778 3455 1143 3526 ἐπιστήσομεν
1170 3454 1282 3522 (86)
1312 3453 1628 3528 ἀνθρώπους

91 3549 177 3609 toi;
203 3550 534 3619 πράγμασιν,
576 3541 657 3610 οἷς
699 3549 731 3618 ἡ
773 3547 1121 3619 καταστροφὴ
1148 3547 1256 3599 τῶν
1298 3543 1629 3616 Ἐκκλησιῶν

87 3635 220 3708 εὐχῆς
243 3640 352 3691 ἐστι
383 3639 445 3691 τὺ
485 3637 799 3706 κεφάλαιον.
841 3637 931 3708 Μή
991 3653 1120 3690 ποτε
1167 3631 1260 3690 οὖν
1292 3637 1483 3708 ἄφρονι
1539 3635 1629 3689 θυ-

90 3726 156 3798 μῷ
178 3730 446 3802 φερόμενοί
474 3729 587 3800 (87)
613 3745 758 3792 τινες
786 3727 1198 3800 παραπείσωσιν
1225 3728 1371 3798 ὑμᾶς
1401 3726 1633 3797 φθέγξα-

141 3881 236 3955 (79)
285 3884 827 3954 Ὰναδεδεγμένους.
871 3884 1041 3940 Coisl.
1106 3888 1315 3955 primus
1361 3885 1631 3940 ὰναδεδει-

88 3951 301 4052 lignus.
333 3955 508 4012 Paulo
546 3951 672 4024 post
711 3955 998 4011 Medicaeus
1038 3951 1210 4012 codex
1242 3955 1461 4010 ἑστάναι
1491 3957 1631 4028 πρά-

87 4035 854 4164 Συνδιασωθήσεται.
887 4095 1056 4151 Coisl.
1093 4096 1303 4164 primus
1335 4095 1629 4150 συνδιασώ-

86 4158 226 4230 gerat.
251 4165 389 4219 Infra
421 4165 574 4226 Vat.,
615 4165 745 4230 Reg.
789 4158 1289 4228 secumlustoisl.
1333 4169 1624 4230 secundus,

84 4228 228 4287 Paris.
260 4244 313 4289 et
351 4236 420 4289 ad
469 4228 771 4303 marginem
812 4235 1052 4291 Clarom.
1092 4235 1170 4305 τῷ
1213 4237 1492 4307 κεφαλαίῳ
1535 4228 1628 4291 καὶ

82 4301 129 4352 τὸ
152 4302 420 4368 ὑμέτερον.
455 4307 546 4368 Ὠς
579 4302 692 4360 οὖν.
860 4337 865 4344 -

134 4339 872 4449 (ii‘f'irZZeZii’ouﬁérovq.
923 4375 1063 4432 Med.
1115 4377 1287 4432 codex
1347 4394 1624 4449 προκατα-

85 4439 436 4514 ὗαλλομένους.

1732 3271 1804 3325 lia
1854 3271 2164 3334 abibimus,
2212 3285 2278 3325 ac
2331 3287 2420 3327 res
2471 3273 2786 3328 hominibus
2848 3272 3296 3331 committemus.

1729 3361 1928 3432 quibus
1964 3361 2330 3417 Ecclesiarum
2389 3364 2603 3419 eversio
2655 3371 2821 3433 caput
2887 3372 2974 3418 est
3023 3371 3295 3418 votorum.

1729 3453 1928 3510 Cavete
1977 3455 2144 3526 igitur
2195 3471 2263 3510 ne
2305 3456 2399 3525 qui
2441 3470 2678 3523 unquam
2724 3455 2919 3509 insano
2959 3453 3142 3509 furore
3191 3454 3297 3507 acti

1729 3546 1885 3600 vobis
1911 3546 2300 3616 persuadeant,
2329 3555 2389 3601 ut
2417 3546 2712 3617 quidquam
2743 3547 2885 3616 apud
2918 3545 3132 3616 publica
3165 3544 3297 3598 sub-

1731 3639 1882 3694 sellia
1915 3639 2222 3709 proferatis,
2255 3650 2417 3710 atque
2446 3640 2573 3698 inde
2612 3639 2792 3707 aliqua
2826 3639 3037 3693 accidat
3063 3636 3296 3698 eversio,

1729 3730 1889 3802 cujus
1915 3731 2127 3802 pondus
2153 3730 2206 3784 in
2235 3745 2424 3786 eorum
2454 3731 2652 3801 capita,
2677 3730 2770 3800 qui
2801 3743 3022 3783 causam
3053 3725 3296 3796 praebue-

1729 3889 2014 3945 niensibus
2039 3890 2255 3960 proprie
2278 3895 2608 3960 servaretur,
2630 3886 2882 3960 indicant
2900 3897 3296 3960 quaslsequun-

1731 3969 1820 4014 tur
1856 3961 1974 4015 :Ad
2011 3951 2304 4014 lites-illud
2335 3959 2492 4012 etiam
2530 3957 2669 4012 vobis
2704 3951 3145 4016 considerandum
3193 3963 3294 4018 est,

1731 4048 1831 4084 non
1876 4048 1962 4084 vos
2003 4031 2066 4082 ab
2116 4048 2175 4084 eo
2229 4027 2686 4100 repudiatos,_sed
2739 4026 2871 4079 alios
2928 4032 3291 4100 assu_m_ptos...

1731 4100 2000 4170 Suscipiat
2041 4102 2217 4168 itaque
2264 4094 2313 4154 et
2362 4098 2632 4167 Nicopolis
2667 4112 2870 4170 curam.
2903 4106 2950 4149 et
2981 4094 3049 4148 ad
3085 4095 3294 4170 iuturus

1729 4172 1842 4224 illic
1886 4165 2266 4225 sollicitudines
2305 4172 2461 4224 uestri
2495 4165 2620 4222 cura
2659 4166 2891 4226 accedat,
2933 4173 3038 4220 etc.
3084 4165 3296 4219 Similia

1732 4242 1985 4312 leguntur
2012 4242 2070 4296 in
2097 4241 2327 4312 epistola
2350 4237 2709 4312 sequenti,_iu
2739 4253 2848 4312 qua
2873 4235 3106 4312 Basilius
3135 4233 3296 4290 C010.-

1729 4306 1949 4366 niénses
1974 4306 2328 4380 magistratus
2350 4306 2525 4378 rogat,
2551 4317 2608 4361 ut
2632 4306 2770 4362 boni
2789 4306 2937 4361 vasis
2967 4320 3125 4360 usum
3147 4321 3298 4380 com-

1729 4396 1947 4436 munem
1983 4377 2183 4435 habere
2209 4396 2333 4435 cum
2372 4377 2564 4433 vicinis
2597 4394 2703 4432 non
2752 4385 3036 4439 recusent;
3079 4389 3142 4427 ac
3186 4377 3296 4430 Eu-

1729 4451 2020 4518 phronium
2052 4451 2290 4505 Colonia:
2319 4458 2374 4505 et
2414 4449 2690 4520 Nicopolis
2717 4460 3059 4520 communem
3080 4456 3294 4520 patrem

135 4511 235 4583 (82)
276 4516 410 4591 Τῶν-
438 4515 1143 4591 ἐκώησιῴνζιιαϐίῄει.
1182 4525 1434 4591 uterque,
1461 4516 1622 4591 Me_d.,

1769 4529 1972 4575 iturum
2000 4522 2308 4591 pollicetur.
2341 4511 2591 4574 Ridicul'a
2624 4533 2756 4574 sane
2793 4524 2847 4571 et
2891 4511 3131 4591 absurda
3166 4532 3296 4591 pro-

81 4575 504 4657 Regl'sccundus
524 4597 578 4640 et
608 4575 782 4657 Paris.
810 4586 946 4642 Editi
983 4587 1090 4657 τῶν
1131 4575 1612 4657 ἐκκλησίαστικῶν.

109 4654 234 4730 ,(85)
275 4655 567 4730 Πρὸς-δὲ-
599 4655 859 4730 κάκεῖνο,
906 4666 1012 4730 etc.
1067 4654 1394 4730 Dttbitar’unt
1418 4657 1615 4730 eruditi

79 4722 180 4796 Viri,
214 4722 802 4796 utrum’Euphronius,
855 4727 1044 4781 relicta
1086 4725 1398 4781 Coloniensi
1431 4726 1618 4781 Eccle-

79 4792 164 4852 sia,
188 4795 251 4848 ad
287 4792 724 4867 Nlaopolitanam
752 4799 1053 4852 translatus
1083 4795 1266 4867 fuerit,
1312 4811 1381 4850 an
1413 4808 1618 4867 utram-

77 4867 357 4942 que.simul
403 4865 696 4942 regendam
727 4869 1050 4942 susc_epe_rit_.
1085 4865 1366 4942 Utr‘umvis
1412 4866 1616 4921 factum

79 4933 234 4996 luerit,
264 4951 388 4990 cum
431 4933 498 4991 ad
527 4952 794 4991 summam
840 4933 1096 4992 Ecclesia:
1122 4937 1408 4991 utilitatem
1439 4953 1618 4992 neces-

77 5002 505 5079 sariotemppre
541 5006 740 5059 factum
787 5009 886 5072 sit,
925 5008 1160 5079 maxima
1205 5007 1370 5079 laude
1395 5007 1614 5079 dignum

76 5070 243 5149 videri,
278 5070 591 5149 etiSpiritui
648 5085 840 5149 sancto
874 5070 1108 5149 attribui
1131 5076 1309 5130 debet.
1333 5070 1482 5149 _Sed'
1497 5093 1616 5146 per.

76 5145 258 5218 spicere
287 5145 422 5218 mihi
454 5147 661 5206 videor,
693 5145 908 5218 itairem
940 5147 1293 5218 constitutam
1326 5145 1509 5203 fuisse,
1560 5157 1618 5200 ut

77 5211 196 5288 alius
216 5213 480 5288 Coloniae,
524 5225 722 5288 praeter
765 5217 1476 5288 Euphronium,episcopus
1506 5234 1613 5271 non

76 5279 292 5340 daretur.
355 5279 633 5340 Promittit
683 5288 826 5341 enim
847 5279 1289 5341 'Coloniensibus
1336 5279 1612 5349 Basilius.

76 5364 175 5429 ωε.
193 5361 244 5406 et
280 5370 624 5410 communem
678 5372 802 5410 cum
849 5357 978 5429 aliis
1017 5357 1310 5429 provinciae
1352 5356 1614 5429 Ecclesiis

77 5418 341 5501 utilitatem
365 5433 740 5501 percepturos,
766 5435 820 5481 et
853 5418 1321 5501 Eupltfo'niumuab
1350 5427 1458 5483 illis
1488 5443 1614 5497 pro-

77 5495 458 5570 pnat-egelidis
493 5495 601 5570 non
646 5495 1039 5570 discessurum.
1084 5495 1150 5570 lu
1176 5497 1404 5550 aliorum
1441 5495 1615 5551 custo-

75 5558 170 5639 dia,
193 5558 402 5639 inquit,
428 5568 699 5620 securitati
742 5569 1247 5639 vestrteurouident,
1277 5570 1472 5636 tutique
1507 5570 1614 5621 eri-

80 5635 134 5705 tis
169 5635 401 5705 ah_omni
440 5639 687 5696 tumultu,
720 5637 841 5690 aliis
873 5637 990 5690 belli
1041 5639 1287 5705 impetum
1317 5635 1615 5691 sustinenti-

79 5701 178 5757 bus.
220 5703 338 5758 Haec
389 5707 697 5760 communia
765 5701 1183 5762 Coloniensibus
1230 5715 1387 5762 erant
1430 5707 1613 5763 futura

75 5784 181 5824 cum
213 5775 333 5831 aliis
377 5778 669 5832 orovinciu
714 5775 987 5834 Ecclesiis.
1038 5778 1177 5836 Ouid
1225 5786 1403 5835 autem
1454 5777 1614 5834 Colo~

1726 4591 1919 4655 missa,
1951 4583 2016 4645 si'
2039 4590 2415 4660 Euphronium
2463 4591 2687 4644 Colonia
2719 4603 2832 4660 non
2864 4601 2986 4660 c_u_t_n
3025 4583 3294 4660 Nicopoli.

1721 4660 1816 4715 sed
1849 4677 1973 4715 cum
2009 4655 2140 4716 aliis
2163 4661 2426 4716 Ecclesiis
2459 4658 2861 4730 cpiSCOpalibus
2893 4655 3141 4725 Nicopoli
3167 4657 3299 4708 θυι)-

1715 4730 1876 4800 jectis
1902 4746 2244 4786 communem
2275 4727 2624 4800 patrem—erat
2652 4727 2924 4781 habitura.

1791 4801 1902 4870 (84)
1955 4800 2144 4870 Ὑμῖν.
2191 4793 2447 4870 lta'mss.
2481 4813 2696 4853 summo
2723 4811 3019 4870 consensu,
3042 4803 3104 4870 et
3134 4793 3298 4870 paulo

1755 4865 1843 4924 oét
1884 4865 1965 4942 τῷ
1997 4865 2118 4924 καθ’
2167 4872 2331 4942 ὑμᾶς.
2378 4869 2520 4923 Editi
2569 4871 2701 4939 ἡμῖν
2743 4875 2795 4920 et
2834 4865 2911 4988 τὲ
2964 4865 3083 4918 καθ’
3123 4865 3291 4933 ἡμᾶς.

1755 4942 1887 4988 'aulo
1933 4951 2054 4988 nnst
2097 4940 2488 4988 λυμαινόμενος
2531 4937 2831 4988 ἐπαινετὸς.
2909 4935 2975 4988 ed
3016 4944 3291 4988 postrema

1763 4942 1887 4994 aulo
1933 4935 2054 5010 post
2097 4935 2488 5012 λυμαινόμενος
2531 4935 2831 5012 ἐπαινετὸς..
2862 4935 2975 5012 §ed
3016 4944 3297 5012 postrema

1718 5026 1823 5065 vox
1882 5004 2054 5064 multo
2116 5004 2524 5066 melius'deest
2586 5010 2640 5061 in
2701 5005 2985 5062 codicibus
3037 5004 3175 5059 Med.
3240 5011 3296 5055 et

1716 5081 1883 5166 Cpisl.
1919 5082 2114 5150 primo.
2146 5081 2349 5136 Ibidem
2387 5080 2555 5136 Coisl.
2586 5079 2795 5150 primus
2828 5075 3052 5130 κωλύων
3091 5073 3167 5144 μὴ
3200 5073 3294 5125 ἐπὶ

1717 5150 2149 5292 ῗλῗὲἓῖᾟλείων
2172 5220 2539 5292 προσῆλθεν.
2555 5218 2722 5274 Coisl.
2755 5217 2964 5292 primus
2991 5213 3290 5292 προῆλθεν.

1717 5289 1856 5344 Med.
1885 5285 2080 5343 ’πλεῖον
2113 5285 2401 5364 προῆλθεν.
2434 5291 2602 5345 Paulo
2630 5285 2933 5364 post'deest
2955 5287 3016 5340 τὸ
3124 5285 3292 5364 quin-

1715 5376 1823 5442 que
1852 5355 2170 5442 mss._ante'
2189 5355 2462 5433 εἰρῆσθαι,
2488 5377 2598 5416 non
2633 5355 2822 5414 'tatuen
2849 5357 3001 5413 deest
3042 5357 3098 5411 in
3118 5355 3290 5412 Coisl.

1717 5431 1890 5500 primo
1914 5441 1967 5487 et
1999 5431 2137 5485 Med.
2247 5431 2257 5433 ἡ
2303 5431 2308 5432 ⁷

1718 5569 1759 5572 __
1788 5500 1920 5572 (86)Δ
1950 5499 2412 5572 Ἐπισςήσομεν.
2443 5500 2609 5556 Coisl.
2646 5500 2855 5572 primus
2891 5496 3290 5572 ἐπεισείσομεν.

1718 5569 1866 5635 Vat.,
1886 5568 2290 5640 'Paris.,Coisl.
2317 5573 2592 5629 secundus
2620 5568 2675 5628 et
2702 5570 2836 5641 Reg.
2866 5568 3139 5624 secundus
3169 5569 3294 5620 ὲπι-

1719 5642 2289 5785 ῗεὶἒέἵῗεᾍερόμενοι.
2352 5712 2522 5785 Coisl.
2583 5715 2793 5785 primus
2849 5712 3290 5785 περιφερόμενοι.

1718 5779 1890 5838 Paulo
1934 5779 2056 5840 post
2099 5779 2249 5842 deest
2284 5785 2340 5840 in
2389 5779 2599 5841 eodem
2619 5784 2810 5842 codice
2855 5779 3005 5842 et'in'
3038 5779 3294 5839 Medicam
