3868 6492
104 348 179 404 85⁵1

949 349 1438 410 EPISTOLARUM
1477 353 1762 412 CLASSIS
1798 355 1862 414 ΙΙ.
1903 359 2127 415 EPIST.
2169 359 2450 416 CCXXIX.

3197 368 3299 424 8‘38

100 463 242 534 κοινὴν
289 461 430 534 ἔχειν
478 464 617 537 πρὸς
664 467 791 532 τοὺς
838 468 1086 537 γείτονας
1135 471 1288 542 ὑμῶν
1335 471 1634 537 καταδεξά-

1750 474 2004 533 Dominus
2045 477 2254 534 dederit
2293 487 2352 533 ut
2397 477 2466 533 ad
2502 495 2600 536 vos
2647 483 2881 551 veniam,
2917 485 3092 556 majus
3134 486 3296 539 etiam

99 569 239 624 μενοιο
274 553 466 624 μικρὸν
501 554 557 608 δέ
590 554 833 628 ὕστερον,
876 556 941 611 ἂν
971 560 1044 632 δῷ
1078 561 1106 614 ὁ
1152 561 1353 633 Κύριος
1379 561 1478 632 τὴν
1506 563 1628 614 ἐπι-

1750 583 1923 623 ξοτυιιι
1977 585 2098 639 qua:
2148 568 2290 624 facta
2362 577 2490 624 sunt
2564 572 2816 628 solatium
2889 553 3196 648 accipietis,
3251 576 3295 631 si

95 647 255 717 δημίαν
310 645 464 716 ἡμῶν
487 685 504 710 ,
557 649 650 702 καὶ
706 648 1038 723 τελεωτέραν
1102 653 1455 724 παραμυθίαν
1518 653 1626 708 τῶν

1750 660 1891 717 nodo
1919 661 1973 716 id
1999 661 2160 718 vobis
2193 662 2565 718 necessarium
2590 663 2880 721 videbitur.

96 737 358 807 γενομένων
389 737 670 805 ἐκδέξεσθε
701 738 833 812 (94),
864 740 958 796 ἐὰν
990 743 1146 796 τοῦτο
1174 745 1303 814 ὑμῖν
1333 746 1625 815 ἀναγκαῖον

97 830 364 896 καταφανῇ.

577 921 926 977 ΕΠΙΣΤΟΛΗ
958 924 1130 981 ΣΚΘ’.

2159 920 2501 976 EPISTOLA
2536 919 2838 979 CCXXIX.‘.

101 1031 276 1099 Spiritus
295 1040 442 1083 sancti
463 1033 664 1103 consilio
686 1035 862 1103 factum
884 1051 1106 1103 essenon
1128 1036 1331 1103 dubitat,
1353 1038 1482 1103 quod
1507 1038 1638 1103 apud
1662 1049 1742 1103 eos
1767 1033 1954 1102 factum.
1971 1033 2144 1103 fuerat.
2180 1033 2362 1103 Laudqt
2385 1031 2624 1103 Rmmertii
2653 1033 2959 1095 prudentiam
2981 1043 3024 1086 et
3048 1052 3096 1088 ιη
3125 1049 3301 1101 rezsta-

379 1105 465 1144 ttm
490 1092 784 1159 perficienda
806 1096 1136 1162 fortitudinem
1183 1092 1414 1151 Hortatur
1437 1115 1495 1153 ne
1521 1092 1824 1152 Catonianae:
1867 1092 2056 1146 irriient
2082 1108 2100 1146 :
2131 1107 2266 1158 spem
2283 1094 2417 1158 eﬂ’ert
2443 1108 2494 1145 se
2515 1094 2580 1142 ad
2603 1092 2683 1144 eos
2707 1103 2970 1146 venturum.

393 1202 523 1270 Τοῖς
554 1206 866 1275 κληρικοῖς
901 1209 1298 1277 Νικοπόλεως.

157 1338 197 1392 Ι.
223 1338 322 1392 Καὶ
357 1341 486 1409 παρ’
528 1338 646 1402 ἐνὸς
696 1339 1088 1410 εὐλαϐοῦςκαὶ
1122 1341 1374 1414 δευτέρου
1407 1342 1633 1414 γενόμε-

100 1447 167 1484 νον
184 1429 324 1501 ἔργον
363 1429 695 1501 πληροφορεί
721 1432 867 1502 ἡμᾶς
894 1435 961 1503 τῇ
998 1433 1300 1505 συμϐουλίᾳ
1339 1433 1434 1488 τοῦ
1461 1434 1633 1488 Πνεῦ-

101 1538 234 1592 ματος
273 1521 572 1590 γίγνεσθαι.
616 1522 786 1576 Ὅταν
835 1523 945 1596 γὰρ
997 1525 1166 1596 μηδὲν
1294 1523 1632 1597 ἀνθρώπινον

100 1617 181 1687 πρὸ
215 1616 496 1686 ὀφθαλμῶν
531 1616 800 1684 κείμενον,
849 1619 984 1690 μηδὲ
1027 1619 1218 1691 σκοπῷ
1257 1621 1463 1684 οἰκείας
1496 1621 1632 1674 ἀπο-

97 1704 298 1767 λαύσεως
345 1705 480 1776 πρὸς
524 1709 622 1770 τὰς
668 1708 946 1780 ἐνεργείας
977 1710 1219 1781 ὁρμῶσιν
1244 1712 1293 1764 oi
1325 1711 1460 1764 ὅσιοι
1493 1710 1628 1782 (95).

217 1797 242 1850 ὅ
270 1813 321 1850 τι
345 1797 634 1870 εὐάρεστον
669 1799 747 1871 τῷ
787 1799 908 1871 Θεῷ
951 1800 1295 1872 προθέμενοι,
1329 1801 1507 1873 δῆλον,
1547 1801 1631 1855 ὅτι

95 1890 262 1960 Κύριός
303 1891 450 1945 ἐστιν
507 1892 536 1943 ό
589 1893 688 1956 τὰς
736 1893 964 1964 καρδίας
1024 1894 1202 1947 αὐτῶν
1262 1893 1629 1948 κατευθύνων.

95 1983 239 2035 Ὅπου
293 1981 348 2035 δὲ
399 1982 590 2054 ἄνδρες
643 1985 1004 2057 πνευματικοὶ
1079 1984 1187 2039 τῶν
1253 1984 1633 2056 βουλευμάτων

93 2074 420 2143 κατάρχουσιν
441 2113 456 2137 ,
487 2073 679 2128 ἕπεται
708 2074 766 2128 δὲ
790 2075 998 2140 τούτοις
1021 2075 1148 2140 λαὸς
1175 2078 1380 2148 Κυρίου
1416 2079 1473 2132 ἐν
1499 2095 1636 2149 συμ-

93 2163 236 2232 φωνία
272 2163 369 2234 τῆς
409 2162 655 2235 γνώμης,
694 2166 777 2230 τίς
839 2165 1136 2236 άμφιϐαλεῖ
1169 2167 1244 2239 μὴ
1270 2168 1390 2238 οὐχὶ
1418 2170 1483 2239 τῇ
1518 2185 1634 2222 κοι-

91 2253 226 2326 νωνίᾳ
246 2253 336 2308 τοῦ
361 2256 566 2326 Κυρίου
595 2255 752 2327 ἡμῶν
780 2257 953 2328 Ἰησοῦ
983 2258 1242 2330 Χριστοῦ,
1273 2258 1368 2313 τοῦ
1399 2259 1460 2312 τὸ
1485 2254 1628 2331 αἷμα

93 2347 227 2403 αὐτοῦ
275 2348 410 2420 ὑπὲρ
437 2348 546 2402 τῶν
605 2349 938 2420 Ἐκκλησιῶν
997 2351 1287 2421 ἐκχέαντος
1342 2353 1481 2422 (96),
1535 2353 1633 2422 τὴν

1662 1857 1704 1912 Β

92 2438 255 2508 βουλὴν
276 2437 599 2509 γεγενῆσθαι
622 2455 636 2504 ;
670 2439 832 2494 Ὅθεν
859 2439 953 2493 καὶ
981 2441 1135 2494 αὐτοὶ
1174 2440 1354 2504 καλῶς
1382 2441 1634 2496 εἰκάσατε

89 2527 162 2579 τὸν
200 2527 596 2596 θεοφιλέστατον
632 2528 860 2598 ἀδελφὸν
889 2530 1048 2600 ἡμῶν
1093 2531 1188 2584 καὶ
1231 2531 1636 2604 συλλειτουργόν

90 2621 343 2691 Ποιμένιον
373 2620 484 2690 (97)
509 2621 646 2674 κατὰ
673 2621 804 2676 Θεὸν
840 2620 1186 2691 κεκινῆσθαι,
1213 2622 1272 2686 ὃς
1307 2623 1399 2676 καὶ
1434 2622 1636 2694 ἐπέστη

91 2713 196 2782 ὑμῖν
215 2715 268 2765 ἐν
291 2711 488 2783 καιρῷ,
533 2714 627 2768 καὶ
663 2709 826 2783 ἦλθεν
868 2713 963 2766 ἐπὶ
997 2713 1087 2766 τὸν
1107 2713 1308 2786 τρόπον
1328 2713 1516 2768 τοῦτον
1537 2715 1638 2783 τῆς

88 2804 430 2875 παραμυθίας.
471 2797 546 2857 Ui)
599 2803 710 2872 ἐγὼ
748 2804 868 2874 οὐχὶ
913 2805 1016 2876 τὴν
1068 2804 1284 2876 εὕρεσιν
1333 2805 1492 2876 μόνον
1541 2803 1636 2858 τοῦ

90 2897 428 2966 συμφέρον-,ος
459 2895 688 2960 ἐπαινῶ,
721 2895 856 2950 ἀλλὰ
900 2896 996 2950 καὶ
1029 2895 1093 2949 τὸ
1124 2896 1225 2966 τῆς
1257 2895 1482 2968 γνώμης
1511 2913 1632 2965 γεν-

87 2991 213 3042 ναῖον
251 2987 536 3059 θαυμάζω,
563 2989 668 3051 δτι,
725 2987 800 3059 μὴ
849 2990 928 3051 είς
976 2988 1296 3060 ὑπερθέσεις
1332 2987 1552 3059 ἀγαγὼν
1577 2987 1640 3042 τὸ

87 3082 315 3150 πρᾶγμα,
346 3080 562 3146 ἐξέλυσε
609 3081 706 3151 μὲν
748 3079 848 3151 τὴν
902 3080 1136 3152 σπουδὴν
1167 3080 1276 3134 τῶν
1324 3080 1642 3152 ἐπιζητούν-

2189 1203 2411 1258 Clericis
2449 1202 2857 1262 Nicouolitanis.

1809 1365 1859 1398 ι.
1895 1354 2053 1407 quon
2097 1356 2184 1397 ve.
2232 1355 2302 1395 ao
2350 1355 2460 1395 uno
2483 1349 2578 1394 aut
2609 1343 2784 1396 altero
2826 1343 3046 1399 homine
3090 1347 3181 1415 pio
3222 1346 3304 1402 fa-

1733 1439 1884 1488 ctum
1913 1438 2025 1494 est,
2069 1429 2124 1485 id
2171 1428 2330 1485 nobis
2373 1437 2524 1484 certo
2557 1431 2873 1500 persuadet,
2919 1447 3034 1488 rem
3073 1436 3313 1490 consilio

1737 1521 1977 1594 Spiritus
2008 1521 2144 1577 fieri.
2175 1519 2391 1576 Etenim
2427 1520 2523 1576 ubi
2572 1521 2708 1575 nihil
2752 1522 2974 1576 humani
3002 1525 3071 1579 ob
3113 1526 3309 1581 oculos

1735 1613 2002 1684 positum,
2033 1627 2212 1682 neque
2241 1612 2426 1668 studio
2479 1613 2685 1682 proprii
2729 1615 3001 1670 commodi
3039 1616 3106 1671 ad
3136 1632 3306 1689 agen-

1733 1704 1863 1760 dum
1915 1703 2093 1758 sancti
2137 1703 2426 1767 feruntur,
2482 1704 2578 1760 sed
2617 1705 2764 1775 quod
2808 1704 2919 1761 Deo
2947 1716 3159 1778 gratum
3195 1719 3302 1772 est,

1731 1794 1835 1850 sibi
1872 1801 2222 1865 proponunt;
2259 1794 2430 1865 liquet
2462 1793 2751 1850 Dominum
2788 1813 2934 1862 esse,
2977 1799 3068 1868 qui
3111 1816 3304 1857 eorum

1733 1889 1901 1944 corda
1947 1887 2153 1958 dirigit.
2199 1887 2335 1942 Cum
2387 1896 2570 1944 autem
2616 1889 2932 1958 spirituales
2974 1892 3077 1945 viri
3119 1896 3305 1948 consi-

1733 1978 1929 2033 liorum
1972 1987 2227 2035 auctores
2262 1987 2414 2042 sunt,
2450 1995 2654 2048 eosque
2715 1982 2963 2050 sequitur
3000 1984 3152 2052 plebs
3193 1983 3304 2039 Do-

1734 2068 1868 2126 mini
1897 2069 2158 2125 concordi
2185 2071 2477 2135 sententia,
2509 2071 2634 2140 quis
2669 2071 2960 2137 dubitabit,
2989 2075 3121 2144 quin
3154 2091 3304 2132 com-

1737 2160 2114 2220 munjcatione
2151 2159 2366 2216 Domini
2397 2163 2574 2217 nostri
2602 2160 2730 2217 Jesu
2758 2163 2985 2228 Christi,
3017 2165 3107 2234 qui
3144 2183 3304 2221 suum

1735 2255 2056 2325 sanguinem
2090 2271 2188 2326 pro
2217 2255 2482 2312 Ecclesiis
2511 2257 2724 2322 eﬂ'udit,
2753 2261 3048 2315 consilium
3081 2272 3304 2333 captum

1735 2347 1840 2404 sit?
1862 2345 2017 2404 Unde
2044 2355 2100 2404 et
2120 2347 2226 2418 ipsi
2260 2357 2409 2404 recte
2445 2349 2806 2407 existimastis
2833 2353 3304 2423 religiosissimum

1736 2439 1959 2495 fratrem
2023 2450 2276 2496 nostrum
2347 2449 2403 2496 et
2459 2443 2902 2498 comministrum
2968 2443 3306 2501 Ptemenium

1736 2534 2004 2590 divinitus
2052 2531 2228 2589 fuisse
2269 2540 2576 2603 permotum
2632 2552 2646 2588 :
2698 2535 2792 2604 qui
2837 2545 2893 2591 et
2928 2535 3103 2591 adfuit
3154 2539 3310 2594 vobis

1740 2635 2066 2696 Opportune,
2101 2633 2155 2680 et
2203 2624 2344 2679 hanc
2398 2626 2719 2681 consolandi
2768 2627 3034 2683 rationem
3078 2629 3304 2684 invenit.

1737 2718 1910 2784 Quem
1937 2717 2159 2788 quidem
2191 2732 2290 2789 ego
2317 2733 2426 2774 non
2452 2719 2628 2774 solum
2658 2719 2731 2774 ob
2762 2735 2876 2773 rem
2918 2722 3110 2774 utilem
3142 2736 3311 2776 exco-

1737 2810 1964 2880 gitatam
2007 2809 2193 2874 laudo,
2242 2811 2340 2866 sed
2387 2813 2555 2865 animi
2585 2811 2750 2866 etiam
2796 2811 3174 2867 fortitudinem
3213 2813 3310 2868 ad-

1738 2901 1908 2955 miror
1935 2918 1951 2968 ;
1983 2901 2130 2971 quod
2161 2917 2533 2972 nequaquam,
2555 2902 2914 2958 dilationibus
2947 2889 3061 2958 rem
3094 2914 3311 2975 protra-

1739 2990 1898 3054 hens,
1945 2990 2313 3048 debilitaverit
2368 2992 2780 3063 eﬂlagitantium
2836 2994 3099 3056 studium,
3149 2995 3315 3051 dede-

1741 3082 1922 3154 ritque
1992 3093 2208 3155 tempus
2259 3085 2590 3140 adversariis
2650 3085 2755 3140 sibi
2836 3086 3190 3156 providendi,
3248 3103 3317 3143 ac

85 3187 194 3235 των,
222 3172 381 3225 ἔδωκε
417 3172 475 3226 δὲ
503 3172 693 3243 καιρὸν
723 3172 970 3244 φυλακῆς
1007 3175 1124 3237 τοῖς
1149 3175 1636 3246 ἀντιποιουμένοις.

1750 3175 2134 3231 insidiatorum
2170 3177 2398 3233 insidias
2421 3178 2862 3246 exsuscitaverit,
2895 3178 2990 3234 sed
3020 3179 3314 3235 confestim

85 3264 320 3335 ἐπήγειρε
358 3263 416 3316 δὲ
457 3263 560 3327 τὰς
612 3264 903 3327 ἐπιϐουλὰς
935 3265 1044 3318 τῶν
1075 3265 1492 3336 ἐφεδρευόντων,
1523 3267 1636 3321 ἀλλ’

84 3353 227 3418 sibi»;
275 3353 350 3425 τῷ
414 3355 564 3426 καλῷ
621 3355 948 3426 βουλεύματι
1015 3357 1080 3410 τὺ
1131 3356 1284 3421 τέλος
1341 3359 1636 3429 ἐπήγαγεν.

89 3448 172 3499 ὐν
221 3449 498 3502 Μνέπιον
522 3448 632 3520 (98)
673 3449 955 3518 φυλάξειεν
1010 3451 1040 3503 δ
1087 3450 1292 3522 Κύριος
1332 3453 1398 3522 τῆ
1446 3451 1639 3505 ἑαυτοῦ

83 3540 250 3609 χάριτι
275 3541 402 3612 (99),
426 3541 568 3594 ὥστε
608 3539 707 3612 τὴν
746 3541 1072 3612 Ἐκκλησίαν
1103 3541 1296 3613 όμοίαν
1324 3543 1492 3613 ἑαυτῇ
1522 3543 1642 3595 δια-

87 3635 252 3700 μεῖναι
277 3634 332 3686 ἐν
363 3635 431 3703 τῇ
470 3632 718 3702 ὁμοτίμῳ
754 3631 849 3684 τοῦ
884 3632 1248 3702 προλαϐόντος
1270 3632 1511 3704 διαδοχῇ,
1547 3633 1643 3686 καὶ

87 3725 150 3792 μὴ
178 3723 351 3777 δοῦναι
379 3723 564 3794 χώραν
607 3723 685 3794 τῷ
720 3723 960 3794 πονηρῷ,
1003 3725 1064 3787 ὃς
1108 3724 1226 3788 νῦν,
1279 3725 1436 3798 εἴπερ
1489 3726 1640 3792 ποτέ,

84 3815 140 3882 τῇ
168 3814 494 3868 καταστάσει
523 3813 630 3866 τῶν
668 3813 1002 3885 ῖΕκκλησιῶν
1029 3814 1390 3886 δυσχεραίνει.

143 3905 194 3957 9..
239 3904 370 3968 Τοὺς
400 3905 458 3959 δὲ
499 3908 556 3958 ἐν
597 3905 878 3978 Κολωνείερ⁵
921 3906 1186 3976 ἀδελφοὺς
1219 3907 1394 3960 πολλὰ
1425 3907 1525 3978 μὲν
1549 3908 1644 3962 καὶ
1701 3922 1710 3935 ‘

83 3996 232 4062 ἡμεῖς
277 3997 740 4069 παρεκαλέσαμεν
792 3997 880 4052 διὰ
928 3999 1306 4069 γραμμάτων·
1347 4000 1440 4052 καὶ
1488 3999 1644 4069 ὑμεῖς

85 4085 131 4138 δὲ
175 4088 521 4158 ἀποδέχεσθαι
543 4089 723 4145 αὐτῶν
763 4090 1005 4159 ὀφείλετε
1038 4091 1136 4162 τὴν
1179 4090 1418 4146 διάθεσιν
1448 4091 1644 4162 μᾶλλον

84 4180 113 4249 ἦ
148 4182 464 4254 παροξύνειν
500 4184 722 4248 αὐτοὺς,
747 4186 824 4247 ὼς
856 4183 943 4237 διά
976 4185 1312 4255 σμικρότητα
1343 4183 1647 4256 παροφθέν-

82 4287 189 4336 τας,
223 4274 353 4343 μηδὲ
378 4277 442 4345 τῇ
485 4275 878 4345 κοταφρονήσει
909 4274 1166 4344 προάγειν
1207 4274 1404 4338 αὐτοὺς
1439 4275 1518 4336 εἰς
1559 4290 1647 4343 φι-

84 4358 353 4416 λονεικίαν.
401 4365 546 4416 Διότι
596 4363 868 4432 πεφύκασί
932 4381 1050 4427 πως
1112 4363 1163 4416 οἱ
1221 4362 1644 4432 φιλονεικοῦντες

82 4451 412 4525 ἀδουλότεροι
433 4456 702 4524 γίνεσθαι,
727 4455 820 4508 καὶ
853 4454 1022 4508 πολλὰ
1046 4453 1154 4507 τῶν
1178 4453 1321 4508 ἰδίων
1340 4456 1522 4517 κακῶς
1541 4453 1649 4506 δια-

1745 3268 2070 3338 przecla‘rum
2097 3268 2390 3326 consilium
2421 3269 2489 3324 ad
2517 3270 2724 3324 exitum
2772 3271 3108 3342 perduxerit.
3139 3273 3314 3338 Quem

1739 3357 1958 3427 quidem
2021 3372 2147 3412 cum
2215 3360 2365 3414 omni
2437 3359 2644 3414 familia
2711 3362 2988 3416 custodiat
3049 3361 3315 3418 Dominus

1739 3448 1915 3517 gratia
1961 3463 2082 3511 sua,
2136 3455 2197 3502 ut
2246 3447 2492 3503 Ecclesia
2537 3450 2625 3504 sui
2667 3450 2862 3505 similis
2900 3459 3217 3520 permaneat
3255 3453 3313 3506 in

1741 3538 2094 3592 successione
2165 3552 2275 3591 non
2331 3537 2602 3608 degenere
2657 3539 2726 3592 ab
2780 3541 3152 3596 antecessoris
3209 3542 3316 3593 vir-

1742 3632 1889 3690 tute,
1955 3642 2058 3682 ncc
2113 3625 2274 3681 detur
2329 3626 2482 3682 locus
2533 3627 2813 3696 maligno,
2869 3629 2961 3698 qui
3027 3645 3208 3694 nunc,
3265 3627 3317 3686 si.

1743 3729 1984 3785 unquam
2024 3715 2184 3782 alias,
2230 3729 2374 3786 aegre
2420 3713 2525 3770 fer't
2573 3717 2895 3786 praeclarum
2940 3717 3314 3778 Ecclesiarum

1743 3817 1970 3865 statum.

1811 3901 1866 3957 2.
1899 3899 2119 3956 Fratres
2155 3909 2340 3956 autem
2377 3900 2470 3971 qui
2512 3901 2567 3956 in
2609 3900 2835 3958 Colonia
2883 3912 3033 3966 sunt.
3063 3905 3314 3974 pluribus

1743 3991 1961 4063 quidem
2001 4003 2057 4047 et
2103 4007 2204 4048 nos
2247 3992 2526 4048 adhortati
2566 4008 2758 4056 sumus
2802 4010 2898 4066 per
2929 3996 3183 4054 litteras:
3218 3998 3315 4053 sed

1743 4093 1798 4140 et
1845 4099 1944 4139 vos
1991 4083 2199 4139 debetis
2258 4099 2448 4138 eorum
2501 4084 2744 4139 studium
2813 4087 3045 4156 probare
3115 4090 3311 4159 magis,

1745 4191 1906 4245 quam
1933 4173 2090 4244 quasi
2123 4174 2194 4229 ob
2225 4175 2544 4230 tenuitatem
2580 4184 2924 4246 contemptos
2959 4178 3196 4252 irritare,
3222 4189 3322 4234 aut

1745 4271 2061 4333 contemptu
2125 4263 2193 4318 ad
2265 4263 2672 4319 contentionem
2738 4280 3058 4334 provocare.
3128 4265 3316 4321 Solent

1745 4356 1891 4411 enim
1934 4355 2025 4426 qui
2069 4354 2431 4418 contendunt,
2485 4355 2852 4410 inconsultius
2906 4371 2967 4409 se
3003 4371 3211 4425 gerere,
3263 4363 3319 4410 ct

1750 4446 1933 4501 multis
1967 4447 2131 4501 rebus
2184 4450 2300 4500 suis
2350 4445 2490 4500 male
2539 4446 2850 4509 consulere,
2903 4454 2962 4499 ut
3011 4446 3317 4500 molestiam

81 4537 308 4598 τίθεσθαι
338 4545 478 4616 ὑπὲρ
503 4543 598 4598 τοῦ
636 4544 873 4615 λυπῆσαι
903 4545 1026 4607 τοὺς
1057 4545 1515 4614 ἐναντιουμένους.
1540 4544 1644 4596 Οὑ-

1750 4537 2038 4593 exhibeant
2081 4535 2434 4591 adversariis.
2481 4534 2651 4590 Nemo
2691 4543 2871 4590 autem
2929 4535 3064 4590 adeo
3115 4549 3318 4604 parvus

82 4632 181 4695 Esi;
207 4635 265 4687 δὲ
284 4634 426 4688 οὕτω
448 4634 645 4706 μικρὸς
663 4633 738 4697 ὡς
762 4633 836 4704 μὴ
857 4633 1113 4686 δύνασθαι
1145 4633 1242 4686 νῦν
1275 4633 1460 4687 κακῶν
1489 4633 1652 4702 μεγά-

81 4723 175 4778 λων
203 4727 456 4797 ἀφορμὴν
479 4728 781 4797 παρασχεῖν
812 4727 926 4788 τοῖς
959 4725 1227 4777 ἐθέλουσιν
1249 4725 1519 4795 ἀφορμήν.
1548 4722 1652 4777 Καὶ

78 4818 225 4870 τοῦτο
266 4819 327 4871 οὐ
361 4816 742 4888 στοχαζόμενοι
774 4817 1042 4886 λέγομεν,
1075 4813 1209 4868 άλλὰ
1248 4813 1414 4886 πείρᾳ
1466 4814 1649 4867 κακῶν

77 4912 282 4964 οξκείων
305 4909 692 4980 δεδιδαγμένοι,
711 4907 747 4962 ἃ
777 4907 1085 4978 παραγάγοι
1113 4910 1141 4961 ό
1161 4907 1293 4971 Θεὸς
1318 4909 1438 4970 ταῖς
1463 4907 1492 4960 ὑ
1501 4906 1654 4977 μετέ-

77 5013 189 5064 ραις
223 4999 557 5067 προσευχαῖς
587 4995 682 5067 (1).
713 4993 1046 5060 Συνεύξασθε
1074 4996 1131 5048 δὲ
1153 4997 1247 5050 καὶ
1280 4997 1410 5067 ἡμῖν
1429 4995 1528 5068 τὴν
1563 4996 1654 5048 εὑ-

138 5149 253 5220 (94)
298 5149 422 5204 Τῶν
470 5147 825 5218 γενομένων.
881 5147 1004 5220 llaec
1051 5148 1363 5220 addidimus
1391 5165 1456 5220 ex
1509 5164 1644 5205 mss.

73 5218 337 5300 quinque.
393 5220 564 5274 Coisl.
610 5219 819 5300 primus
871 5219 1068 5273 ibidem
1119 5218 1650 5301 8é52¢02.uQuatuor

73 5294 156 5344 ain
199 5291 523 5344 ἐκδέξασθε.
564 5289 855 5344 Medtcteus
906 5289 1150 5344 δέξασθε.
1209 5291 1402 5344 Solatn
1463 5300 1647 5344 autem

73 5305 156 5344 am
199 5305 523 5356 εκοεζασυε.
564 5305 855 5344 medicatus
906 5305 1150 5355 οεςασυε.
1209 5305 1402 5344 δοιοιιι
1463 5305 1647 5344 autem

71 5363 290 5416 nomine
325 5362 412 5414 his
437 5361 502 5413 in
531 5361 670 5414 locis
696 5359 1346 5438 iltteitigiturmremedium
1373 5360 1648 5438 quoddam

70 5440 119 5483 et
150 5440 705 5500 temperamentum,
737 5439 797 5482 ut
841 5431 897 5483 in
942 5429 1265 5500 diiiicilibus
1309 5439 1364 5485 et
1395 5429 1650 5485 molestis

71 5499 246 5556 rebus.
268 5499 422 5554 ’Vide
452 5499 710 5570 Notasiad
733 5500 896 5570 epist.
931 5499 1053 5556 126.

134 5571 248 5640 (95)
287 5574 361 5624 Οἱ
408 5571 590 5641 ὅσιοι.
626 5569 704 5624 Ita
761 5569 895 5641 mss.
940 5586 1154 5641 omnes,
1207 5585 1320 5625 uno
1366 5569 1650 5641 Bigotiano

67 5649 322 5710 excepto,
386 5641 478 5710 qui
526 5640 594 5696 ad
642 5640 1162 5710 marginemihahct
1205 5643 1253 5693 οί
1300 5640 1459 5704 ὅσιοι,
1505 5651 1559 5695 et
1595 5642 1651 5694 in

68 5708 241 5780 textu,
304 5718 370 5762 ut
404 5708 534 5780 editi
572 5711 622 5762 οί
662 5708 1070 5780 ἆγιοινιδὶάρω
1131 5709 1332 5770 Paris..
1383 5710 1553 5780 Bigot.
1598 5722 1648 5764 et

69 5778 185 5834 Vat.
219 5779 399 5852 ἀλλ’ἢ
427 5779 521 5834 τοῦ
558 5779 952 5851 εὐαρεστεύειν.
990 5779 1106 5836 Duo
1129 5781 1222 5837 alii
1251 5780 1365 5835 ἀλλ’
1398 5778 1520 5849 nea.
1561 5781 1645 5834 εῦ-

1752 4639 1856 4692 est,
1914 4629 2009 4698 qui
2065 4644 2212 4682 nunc
2270 4643 2378 4682 non
2445 4627 2618 4696 possit
2683 4642 3000 4697 magnorum
3052 4627 3318 4681 malorum

1753 4722 2102 4776 occasionem
2179 4719 2600 4775 subministrare
2656 4720 2758 4783 iis,
2817 4718 2910 4788 qui
2973 4718 3317 4772 occasionem

1755 4821 2026 4883 quaerunt.
2078 4810 2264 4881 Neque
2318 4811 2372 4864 id
2414 4827 2480 4866 ex
2531 4810 2862 4879 conjecturis
2907 4809 3171 4870 dicimus,
3223 4806 3321 4862 sed

1756 4903 2094 4972 experientia
2173 4903 2518 4973 propriorum
2596 4902 2862 4956 malorum
2933 4901 3142 4964 edocti,
3202 4915 3325 4969 quae

1759 4994 1920 5065 353
1961 4995 2106 5051 Deus
2139 4996 2396 5065 precibus
2433 4994 2634 5049 vestris
2675 5001 2901 5048 avertat.
2940 4991 3114 5047 Simul
3141 5000 3322 5048 autem

1750 5149 2093 5222 αρεστεύειν.
2128 5149 2414 5222 Consentit
2444 5165 2570 5204 cum
2599 5149 2760 5204 editis
2789 5149 2971 5222 Coisl:
2988 5151 3218 5222 primus.

1821 5221 1935 5292 (96)
1978 5221 2345 5290 Ὲκχέαντος.
2383 5219 2458 5273 lta
2491 5236 2626 5275 mss.
2672 5227 2900 5290 septem.
2942 5217 3086 5274 Edit.
3117 5217 3329 5290 ἐκχέον-

1747 5307 1936 5429 τοῖθῖ)
1977 5358 2313 5430 Homer-tor.
2346 5359 2673 5416 Addidimus
2713 5359 2816 5414 hoc
2860 5373 3057 5414 nomen
3090 5375 3157 5414 ex
3201 5331 3367 5414 octo,

1754 5445 1940 5570 ms($9.8)
1974 5501 2328 5556 Πανέστιον.
2363 5501 2500 5555 Male
2535 5496 3164 5570 interpres_Panestinm.

1829 5501 1918 5570 (98
1974 5501 2328 5556 Πανέστιον.
2363 5501 2500 5555 Male
2535 5500 2804 5569 interpres
2837 5499 3164 5554 Panaetium.

1829 5499 1940 5641 (99;
1979 5570 2199 5638 Χόριτι.
2246 5571 2414 5627 Coisl.
2468 5569 2767 5636 secundus,
2798 5567 2933 5638 Reg.
2972 5571 3248 5626 secundus
3276 5578 3334 5625 et

1758 5640 1933 5710 Bigot.
1962 5642 2310 5710 χρηστότητι.
2398 5709 2405 5710 ί
2643 5678 2646 5680 ~

1829 5709 1907 5782 (Ι),
1938 5709 2350 5782 Ιιροσξυχᾲῖςι
2379 5709 2546 5765 Coisl.
2588 5709 2897 5782 primusiet
2948 5709 3084 5767 Med.
3121 5710 3331 5782 εὐχαῖς.

1829 5786 1848 5803 ·
1887 5781 2036 5840 Aiias
2054 5779 2280 5838 CXCIII.
2319 5779 2534 5853 Scripta
2565 5779 2711 5837 anno
2739 5781 2862 5837 575.
