3754 6496
43 423 102 477 εει
806 402 1291 460 EPISTOLARUM
1332 401 1616 460 CLASSIS
1648 400 1713 459 ll.
1757 401 1974 458 EPIST.
2016 399 2296 458 CCXXXI.

446 519 786 574 ΕΠΙΣΤυΛΗ
812 521 981 576 ΣΛᾹθ.

3072 396 3183 456 8ϋῖ

1960 517 2124 589 354.
2164 514 2499 570 EPISTOLA
2539 515 2836 570 CCXXXI'.

40 642 185 694 Badius
199 634 810 706 [.mpltilodtiogcmnmendat
831 635 1097 706 Elpidium,
1135 636 1323 706 nuntiat
1341 638 1403 689 de
1425 637 1605 706 ilratris
1637 638 1772 706 fuga,
1810 635 2087 706 de_insgdiis
2131 634 2436 706 inimicorum
2478 647 2693 706 suorum,
2733 641 2777 685 et
2817 633 2878 706 de
2912 635 3181 706 Donrormn

90 693 644 774 Et't'ft:53:¢3'pﬂlurbmi0fle.
687 693 924 748 Hortatur
962 705 1018 774 ut?
1052 693 1104 750 se
1148 698 1349 760 invisat,
1389 693 1716 762 promittit'sé'
1745 693 1878 750 brevi
1919 698 2184 750 missurum
2223 710 2343 760 opus
2379 696 2440 747 de
2474 693 2664 758 Spiritu
2695 703 2878 757 sancto,
2911 696 3038 758 quod
3075 702 3182 746 erat

89 764 309 812 absolutum.

238 873 590 942 Ἀμφιλοχᾶρ,
621 873 928 942 ἐπισκόπῳ
969 876 1233 930 Ἰκονίου.

88 991 248 1056 Ὁλίγας
274 987 494 1058 εὑρίσκω
524 986 616 1039 τοῦ
641 987 873 1058 γράφειν
905 989 1040 1060 πρὸς
1071 990 1170 1060 τὴν
1197 988 1506 1043 θεοσέϐειάν

41 1102 97 1136 που
114 1084 185 1144 τὰς
209 1080 452 1148 ἀφορμὰς,
486 1079 580 1132 καὶ
633 1079 792 1132 λυπεῖ
827 1097 895 1150 με
941 1079 1101 1134 τοῦτο
1129 1081 1188 1134 οὐ
1235 1080 1502 1152 σμικρῶς.

41 1181 189 1242 Ὅμοιον
209 1171 316 1241 γὰρ,
361 1169 545 1241 ὥσπερ
593 1169 659 1223 ἂν
697 1171 746 1222 εί
789 1170 885 1223 καὶ
930 1170 1048 1236 ἐξὸν
1092 1171 1351 1234 πολλάκις
1373 1171 1507 1242 ὁρᾷν

39 1283 73 1317 σε
93 1265 156 1315 καὶ
179 1261 435 1314 ἀπολαύειν
467 1277 583 1322 σου,
614 1260 860 1330 ὀλιγάκις
896 1262 1110 1316 ἐποίουν
1141 1263 1322 1318 τοῦτο.
1367 1263 1506 1316 Ἀλλ’

38 1357 98 1407 clx
126 1352 262 1418 ἔξεστί
308 1368 390 1423 μοι
431 1351 665 1422 γράφειν
711 1352 776 1405 δι’
827 1354 1058 1426 ἀπορίαν
1103 1354 1212 1408 τῶν
1259 1352 1508 1407 ἐντεῦθεν

40 1449 122 1516 προς
169 1447 288 1515 ὑμᾶς
344 1444 786 1514 ἀφικνουμένων
834 1447 958 1499 ἐπεὶ
1025 1446 1176 1500 οὐδὲν
1243 1445 1499 1513 ἐκώλυεν,

37 1538 139 1590 cavat
159 1535 421 1607 ἐφημερίδα
451 1534 542 1588 τοῦ
580 1533 715 1606 ἐμοῦ
755 1534 870 1605 βίου
908 1534 976 1588 τὰ
1005 1535 1307 1606 γράμματα
1339 1531 1501 1600 εἶναι,

38 1630 76 1680 τὰ
118 1628 208 1680 καθ’
247 1627 465 1698 ἑκάστην
526 1626 742 1698 ἡμέραν
810 1627 1188 1698 συμπίπτοντα
1253 1627 1507 1696 διαγγέλ-

37 1717 208 1787 imm)
235 1734 315 1770 σου
364 1720 428 1788 τῇ
480 1716 688 1790 ἀγάπῃ.
736 1717 888 1786 Ἐμοί
936 1734 995 1770 τε
1053 1718 1162 1788 γὰρ
1208 1716 1508 1787 κουφισμὸν

36 1811 195 1880 esse
213 1809 604 1864 ἀνακοινοῦσθαί
635 1827 718 1863 σοι
749 1811 816 1864 τὰ
841 1809 962 1863 καθ’
995 1812 1163 1881 ἡμᾶς,
1199 1810 1259 1862 σέ
1297 1806 1507 1872 τε,οίδα

35 1901 258 1954 samem
293 1900 654 1972 μεριμνῶντα,
701 1902 776 1965 ὡς
804 1901 875 1954 τά
906 1902 1172 1971 ἡμέτερα.
1214 1899 1374 1953 Ἀλλὰ
1412 1899 1508 1954 νῦν

42 1995 242 2058 Ἐλπίδπ,
266 1994 390 2066 πρὸς
437 1994 529 2047 τὸν
577 1992 770 2047 ἐαυτοῦ
815 1993 1080 2064 δεσπότην
1133 1992 1505 2063 ἐπειγόμενος.

34 2087 90 2138 πῦ
122 2085 440 2139 ἀποδύσασθαι
484 2086 585 2151 τάς
639 2085 890 2150 διαϐολὰς
939 2085 1040 2149 τὰς
1091 2085 1303 2155 ψευδῶς
1358 2085 1508 2155 αὐτῷ

36 2177 129 2245 τιρά
148 2194 278 2230 τινων
299 2176 503 2248 ἐχθρῶν
531 2175 1094 2241 κατασκευασθείσας,
1129 2175 1330 2247 ᾔτησεν
1361 2177 1508 2247 ἡμᾶς

33 2267 364 2339 ιίςνὲπιστολήν.
395 2271 470 2321 Δι’
496 2262 557 2322 οὗ
588 2270 684 2322 καὶ
731 2267 1228 2340 προσφθεγγόμεθά
1270 2284 1363 2320 σου
1408 2267 1508 2338 τὴν

34 2359 248 2425 εὐὶάὸειαν,
283 2361 369 2412 καὶ
417 2359 758 2431 συνιστῶμέν
799 2376 880 2412 σοι
908 2360 999 2415 τὸν
1033 2359 1202 2431 ἄνδρα
1245 2359 1334 2412 διά
1362 2377 1422 2413 τε
1448 2360 1509 2413 τὸ

32 2449 165 2502 δίκαιον
187 2451 313 2514 ἄξιον
333 2450 458 2504 ὄντα
486 2450 586 2520 τῆς
611 2451 762 2522 παρὰ
790 2449 883 2504 σοῦ
933 2451 1286 2521 προστασίας,
1319 2451 1412 2504 καὶ
1439 2450 1508 2504 δι’

32 2542 122 2608 ἡμᾶς
137 2541 193 2592 ⁸θῖ
205 2543 246 2593 εἰ
268 2542 354 2595 καὶ
371 2542 480 2610 (15)
497 2540 664 2613 μηδὲν
677 2540 805 2595 ἄλλο
816 2541 1009 2612 ἔχομεν
1029 2541 1176 2612 αὑτῴ
1190 2543 1508 2612 μαρτυρεῖν,

31 2631 180 2684 ὅτι
215 2634 327 2704 περὶ
365 2633 561 2686 πολλοῦ
605 2634 897 2704 ἐποιήσατο
923 2633 1266 2704 γραμμάτων
1306 2632 1508 2703 ἡμετέ-

31 2742 98 2794 pm
117 2725 325 2793 γενέσθαι
349 2727 617 2790 διάκονος,
639 2725 826 2778 τοῦτόν
847 2742 906 2778 τε
929 2725 1018 2795 ἔχε
1048 2728 1104 2778 ἐν
1126 2729 1238 2788 τοῖς
1266 2725 1509 2794 οἰκείοις,

30 2816 87 2866 xz".
107 2816 499 2887 ἡμῶνμέμνησο,
537 2818 632 2870 καὶ
661 2817 799 2888 ὑπὲρ
830 2816 928 2886 τῆς
968 2816 1293 2888 Ἑκκλησίας
1321 2815 1506 2886 εὖχου.

31 2907 192 2962 ibam
229 2909 296 2974 δὲ,
326 2911 404 2964 δτι
439 2911 468 2962 ὁ
497 2910 601 2980 μὲν
629 2909 1040 2978 θεοφιλέστατος
1079 2907 1306 2977 ἀδελφὸς
1351 2907 1510 2978 ἡμῶν

31 3000 234 3072 ὑπερόριος
263 3005 391 3069 ἐστι,
424 3003 524 3066 τὰς
570 3001 821 3073 ὀχλήσεις
869 3000 943 3072 μὴ
983 2999 1164 3071 φέρων
1208 2999 1318 3052 τῶν
1357 2999 1511 3052 ἀναι-

32 3090 210 3159 σχύντων.
241 3094 406 3167 Δόαρα
450 3094 506 3147 δέ
549 3091 887 3164 χειμάζεται,
921 3091 1015 3145 τοῦ
1050 3093 1246 3163 κήτους
1277 3091 1374 3144 τοῦ
1406 3108 1505 3144 πο-

31 3180 216 3250 λυσάρκου
234 3185 293 3238 τά
319 3189 432 3239 ἐκεῖ
456 3185 941 3256 συνταράσσοντος.
977 3185 1140 3255 Ἡμῖν
1161 3183 1217 3236 δὲ
1241 3184 1292 3236 οἱ
1321 3181 1510 3254 ἐχθροὶ

1529 887 1579 942 Α

1955 872 2344 945 Amphilochia,
2378 871 2548 926 ἔσθηίὶ
2578 873 2839 942 episcopo.

1678 989 1891 1044 Paucas
1930 987 2150 1042 invenio
2201 985 2478 1041 scribendi
2545 983 2734 1054 pietati
2790 992 2894 1036 tua:
2940 983 3182 1037 occasio-

1609 1097 1728 1146 nes,
1770 1081 1934 1151 idque
1978 1095 2066 1134 me
2115 1080 2268 1150 angit
2315 1094 2424 1132 non
2475 1077 2689 1131 leviter.
2750 1075 2986 1130 Perinde
3026 1076 3173 1128 enim

1607 1182 1714 1238 est,
1755 1187 1820 1228 ac
1856 1173 1904 1228 si
1945 1172 2131 1227 videre
2169 1180 2222 1227 te
2257 1186 2400 1241 saepe
2427 1186 2550 1224 cum
2591 1184 2828 1239 possem,
2864 1179 3022 1238 teque
3051 1167 3181 1227 frui,

1607 1281 1735 1320 raro
1779 1265 1885 1320 hoc
1941 1264 2200 1319 facerem.
2250 1261 2355 1317 Sed
2398 1261 2643 1317 scribere
2695 1260 2826 1314 mihi
2873 1275 2982 1312 non
3023 1258 3182 1322 licet,

1607 1374 1674 1414 eo
1723 1357 1871 1427 quod
1914 1356 2116 1419 desint,
2168 1355 2259 1425 qui
2313 1355 2439 1409 hinc
2473 1352 2540 1407 ad
2587 1367 2688 1407 vos
2727 1351 3182 1423 proficiscantur;

1609 1450 1876 1521 siquidem
1901 1448 2068 1502 Inihil
2119 1445 2425 1516 impediret,
2479 1445 2777 1515 quominus
2827 1441 2992 1497 veluti
3043 1456 3185 1510 qua:-

1611 1541 1737 1597 dam
1788 1541 1911 1595 vitae
1965 1553 2099 1592 mea;
2158 1535 2470 1606 ephemeris
2528 1542 2714 1589 essent
2770 1532 3002 1598 litterae,
3064 1543 3188 1601 qua:

1611 1631 1855 1701 quotidie
1917 1628 2242 1698 contingunt
2303 1627 2622 1681 nuntiantes
2700 1624 2979 1679 dilectioni
3056 1631 3183 1676 tute.

1610 1723 1745 1778 Nam
1780 1730 1835 1778 et
1877 1722 2009 1776 mihi
2058 1721 2312 1776 solatium
2347 1719 2503 1774 affert
2538 1719 2606 1773 de
2635 1719 2800 1773 rebus
2832 1719 2968 1770 meis
3003 1723 3186 1770 tecum

1609 1811 2018 1869 communicare
2053 1830 2066 1867 :
2102 1820 2264 1880 teque
2299 1809 2423 1863 novi
2469 1809 2606 1862 nihil
2656 1807 2828 1878 magis
2875 1814 3184 1869 curantem,

1608 1921 1770 1976 quam
1826 1921 1914 1960 res
1963 1918 2134 1958 meas.
2183 1900 2341 1955 Nunc
2384 1911 2566 1955 autem
2617 1898 2866 1970 Elpidius
2907 1899 2973 1953 ad
3019 1913 3183 1953 suum

1609 1998 1798 2052 lterum
1831 1995 2130 2058 festinans,
2176 2002 2234 2047 ut
2283 1993 2562 2064 prOpulset
2609 1993 2914 2048 calumnias
2959 1993 3063 2046 sibi
3119 1995 3191 2047 ab

1612 2088 1853 2144 inimicis
1886 2085 2167 2140 nonnullis
2204 2091 2468 2149 structas,
2499 2082 2655 2152 petiit
2684 2098 2714 2136 a
2745 2098 2831 2137 me
2874 2083 3187 2152 epistolam.

1614 2181 1718 2236 Per
1733 2196 1893 2251 quem
1927 2187 1980 2234 et
2013 2187 2162 2232 tuam
2193 2177 2372 2231 saluto
2405 2175 2660 2246 pietatem
2691 2189 2756 2229 ac
2782 2175 2880 2230 tibi
2911 2175 3188 2229 hominem

1609 2272 1952 2338 commendo,
1999 2285 2124 2324 cunt
2166 2285 2267 2325 suo
2307 2270 2432 2338 jure
2483 2268 2790 2339 patrocinio
2823 2276 2918 2322 tuo
2939 2269 3188 2339 dignum,

1609 2373 1724 2419 tum
1760 2371 1947 2418 nostra
1979 2377 2146 2418 causa
2181 2381 2194 2416 :
2233 2362 2321 2415 cui
2349 2360 2563 2415 etiamsi
2601 2361 2810 2414 nullum
2849 2359 2997 2414 aliud
3038 2360 3190 2414 testi-

1609 2457 1850 2513 monium
1876 2455 2007 2510 dare
2034 2469 2349 2524 possemus,
2380 2460 2434 2505 at
2462 2451 2708 2521 profecto
2733 2451 2862 2521 quia
2907 2449 3192 2522 permagni

1610 2550 1755 2611 fecit,
1782 2556 1840 2602 ut
1875 2563 2024 2603 meas
2057 2547 2123 2600 ad
2175 2557 2226 2600 te
2277 2545 2494 2599 litteras
2541 2544 2841 2615 perferret,
2878 2546 3022 2598 hunc
3051 2545 3194 2598 inter

1608 2640 1908 2695 familiares
1934 2653 2178 2700 recense,
2207 2637 2424 2706 meique
2449 2636 2526 2692 sis
2556 2650 2786 2698 memor,
2812 2643 2866 2688 et
2889 2651 2988 2705 pro
3011 2633 3196 2689 Eccle-

1611 2735 1692 2790 sia
1727 2747 1976 2803 precare.
2010 2730 2209 2784 Notum
2251 2739 2432 2783 autem
2463 2729 2562 2782 tibi
2598 2728 2670 2782 sit
2708 2727 3188 2796 religiosissimum

1610 2824 1839 2879 fratrem
1885 2837 2065 2877 meum
2115 2821 2407 2885 exsulare,
2453 2835 2577 2874 cum
2635 2818 2917 2873 molestias
2969 2817 3075 2874 sibi
3124 2817 3194 2872 ab

1616 2915 1934 2972 hominibus
1995 2912 2406 2983 impudentibus
2465 2910 2742 2965 exhibitas
2803 2909 2946 2963 haud
3005 2909 3194 2964 ferret.

1611 3003 1790 3060 Doara
1825 3013 2004 3058 autem
2034 3001 2192 3056 valde
2223 3001 2590 3070 exagitantur,
2632 3010 2752 3054 ceto
2773 2999 2941 3054 obeso
2965 3014 3055 3054 res
3093 2997 3197 3053 hu-

1606 3101 1700 3171 jus
1733 3099 1838 3154 loci
1883 3096 2260 3168 perturbante.
2313 3093 2483 3151 Nobis
2514 3104 2694 3148 autem
2731 3094 2936 3148 inimici
2966 3093 3198 3149 insidias

1614 3197 1670 3247 in
1707 3191 1832 3246 aula
1880 3199 2123 3254 struunt,
2155 3196 2216 3243 ut
2258 3204 2442 3244 rerum
2479 3187 2638 3259 gnari
2668 3185 2915 3242 referunt
2953 3206 2966 3242 :
3003 3201 3199 3242 manus

29 3273 348 3342 τὲςὲπιὸουλὰς
379 3279 470 3331 ἐπὶ
505 3277 604 3330 τοῦ
641 3275 1003 3348 στρατοπέδου
1049 3275 1389 3347 τυρεύουσιν,
1437 3275 1512 3338 ῶς

1693 3295 1795 3341 tem
1827 3283 2045 3339 Domini
2077 3283 2346 3336 hactenus
2373 3281 2660 3336 nobiscum
2688 3286 2794 3334 est.
2815 3277 3049 3332 Tantum
3073 3294 3195 3349 prea-

31 3365 140 3417 ὁτῶν
174 3369 365 3422 εἰδότων
409 3369 604 3440 λόγος’
653 3371 686 3439 ὴ
729 3368 786 3421 δὲ
840 3368 962 3440 χεὶρ
1007 3366 1100 3421 τοῦ
1139 3367 1344 3439 Κυρίου
1377 3366 1512 3431 τέως

1693 3393 1777 3442 re,
1811 3386 1869 3430 ut
1915 3390 1985 3457 ne
2033 3383 2294 3446 perpetuo
2344 3372 2685 3428 deserantur.
2739 3369 2874 3425 Nam
2921 3379 2975 3426 et
3027 3372 3196 3426 frater

31 3456 102 3510 ἐπὶ
137 3460 238 3529 μεθ’·
277 3462 445 3533 ημῶν.
499 3461 677 3516 Μόνον
711 3458 871 3530 εὔχου
905 3459 979 3530 μὴ
1022 3457 1512 3528 ἐγκαταλειφθῆναι

1693 3471 1918 3543 mquillo
1947 3454 2034 3525 est
2071 3470 2286 3535 animo;
2332 3475 2384 3523 et
2431 3465 2610 3522 Doara
2644 3467 2930 3537 antiquum
2977 3481 3198 3536 recepe-

31 3551 123 3618 ἠμᾶς
145 3556 207 3616 εἰς
231 3555 392 3618 τέλος.
430 3554 544 3607 Καὶ
570 3553 679 3624 γὰρ
707 3553 802 3606 καὶ
827 3553 857 3604 ὁ
901 3550 1129 3621 ἀδελφὸς
1175 3551 1351 3619 διάγει
1393 3550 1512 3604 ἄνε-

1693 3573 1744 3619 nt
1775 3564 2113 3628 mulionem;
2145 3561 2283 3621 nihil
2331 3569 2514 3614 autem
2565 3560 2770 3614 habent
2816 3558 3055 3628 amplius
3087 3575 3100 3612 :
3133 3572 3199 3612 ac

30 3655 106 3705 τος·
147 3647 223 3698 καὶ
261 3647 428 3718 Δόαρα
474 3646 570 3700 τὸν
621 3644 851 3698 παλαιὸν
898 3643 1138 3697 ἀπέλαϐε
1195 3642 1466 3712 μουλίωνα
1490 3659 1505 3673 ·

1693 3655 1845 3712 nsilia
1868 3655 2218 3709 inimicorum
2249 3662 2565 3708 nostrorum
2587 3650 2880 3720 dissipabit
2904 3647 3194 3703 Dominus.

31 3735 134 3787 πλέον
161 3739 213 3792 δὲ
252 3739 356 3810 ἔχει
385 3739 539 3792 οὐδέν
559 3753 575 3768 ⁶
624 3739 720 3793 καὶ
767 3737 868 3800 τὰς
907 3735 1101 3806 βουλὰς
1145 3734 1254 3788 τῶν
1302 3733 1510 3806 ἐχθρῶν

1693 3749 1782 3803 rr'o
1839 3745 2081 3801 omnium
2131 3754 2184 3800 et
2233 3743 2585 3815 prmsentium
2640 3751 2697 3799 et
2755 3741 3189 3812 impendentium

32 3827 130 3895 ἡμῶν
144 3829 446 3886 διασκεδάσει
469 3831 581 3901 (16)
597 3829 824 3901 Κύριος.
839 3829 1060 3882 Πάντων
1089 3827 1272 3899 μέντοι
1290 3827 1384 3881 καὶ⁸
1403 3826 1512 3880 τῶν

1693 3837 1983 3894 »ἰοειίειιιυηι
2040 3834 2242 3890 solutio
2289 3836 2344 3888 in
2393 3849 2460 3888 eo
2507 3834 2720 3902 posita,
2769 3838 2829 3884 ut
2873 3840 2925 3885 te
2961 3829 3194 3885 videam.

31 3921 231 3987 παρόντων
264 3925 351 3977 καὶ
394 3923 506 3976 τῶν
550 3919 1015 3993 προσδοκωμένων
1064 3918 1319 3989 λυπηρῶν
1361 3919 1512 3981 λύσις

1693 3944 1800 3983 tare
1828 3927 2100 3997 siquando
2133 3925 2227 3980 tibi
2262 3925 2499 3989 licuerit,
2530 3925 2661 3978 dum
2711 3923 2888 3976 adhuc
2945 3923 2998 3975 in
3050 3928 3198 3997 terra

31 4010 179 4077 ἡμῖντὸ
200 4014 252 4066 σέ
277 4012 595 4068 θεάσασθαι.
632 4013 816 4077 Ὥστε,
857 4011 954 4064 ἐὰν
992 4010 1216 4082 γένηταί
1255 4011 1336 4063 σοί
1385 4026 1512 4062 ποτε

1693 4036 1917 4086 rsamur,
1975 4035 2045 4075 ne
2100 4017 2345 4089 graveris
2396 4033 2498 4072 nos
2551 4017 2812 4072 invisere.
2866 4013 2940 4069 De
2991 3995 3197 4084 Spiritu

32 4100 200 4168 δυνατὸν,
223 4107 316 4172 ἕως
344 4107 423 4162 ἔτι
451 4107 622 4177 ἐσμὲν
667 4105 808 4176 ὑπὲρ
835 4107 959 4175 γῆς,
1002 4103 1334 4168 καταξίωσον
1366 4103 1516 4173 ἡμᾶς

145 4197 203 4250 Τὸ
226 4199 340 4270 περὶ
364 4197 460 4252 τοῦ
504 4195 644 4250 Πνεύ
653 4213 821 4267 ματος
851 4199 866 4254 ί
875 4194 964 4261 17)
995 4193 1193 4264 βιϐλίον
1213 4193 1520 4263 γέγραπται

34 4283 95 4350 μὲν
111 4286 212 4355 ἡμῖν
228 4290 314 4342 καὶ
333 4289 704 4362 ἐξείργασται,
731 4287 808 4352 ὼς
831 4286 994 4350 αὐτὸς
1011 4281 1156 4349 οἶδας
1177 4302 1188 4315 ·
1203 4285 1516 4339 ἀποστεῖλαι

32 4372 66 4424 δὲ
89 4379 127 4430 ὲν
145 4381 290 4454 χάρτῃ
318 4381 704 4454 γεγραμμένον
736 4379 1016 4435 ἐκώλυσάν
1047 4396 1115 4451 με
1152 4380 1201 4432 οἱ
1237 4379 1353 4450 μετ’
1382 4377 1518 4450 ἐμοῦ

33 4466 199 4539 ἀδελφοί,
221 4476 462 4539 ἐἰπόντες
505 4474 658 4544 παρὰ
697 4474 798 4545 τῆς
844 4472 1121 4542 εὐγενείας
1162 4488 1256 4524 σου
1303 4471 1521 4535 ἐντολάς

34 4557 124 4627 ἒχειν
149 4566 195 4618 ἐν
233 4567 482 4639 σωματίῳ
522 4565 752 4638 γράψαι.
786 4565 882 4619 ’Ὶν’
930 4560 1023 4618 οὖν
1057 4567 1129 4635 μή
1180 4581 1232 4617 τι
1283 4563 1521 4634 δόξωμεν

33 4648 265 4712 ὖπενακηίον
296 4661 466 4712 ποιεῖν
514 4657 591 4728 τῷ
635 4656 1015 4728 προστάγματι
1060 4671 1174 4722 σου,
1221 4654 1523 4724 ἐπέσχομεν

32 4743 105 4807 νῖν,
141 4751 513 4825 ἀποστελοΰμεν
558 4751 614 4805 δὲ
665 4751 856 4822 μικρὸν
913 4748 1172 4827 ὕστερον,
1225 4748 1382 4819 μόνον
1429 4747 1524 4801 ἐάν

31 4851 125 4902 τινος
143 4843 412 4916 ἐπιτηδείου
437 4845 533 4899 τοῦ
561 4844 965 4914 διακομίζοντος
995 4842 1363 4912 ἐπιτύχωμεν.
1405 4841 1526 4912 Ἐρ-

1616 4110 1750 4166 liber
1779 4111 2020 4180 scriptus
2052 4107 2276 4180 quidem
2311 4121 2340 4162 a
2380 4110 2543 4164 nobis
2572 4116 2655 4162 est
2701 4115 2757 4162 et
2804 4106 3109 4168 absolutus,
3141 4113 3199 4163 ut

1619 4204 1735 4273 ipse
1780 4203 1950 4257 nosti.
2000 4201 2308 4267 Quominus
2355 4206 2538 4253 autem
2577 4198 2851 4253 mitterem
2903 4197 2957 4251 in
3009 4196 3198 4251 charta

1621 4294 1984 4364 descriptum,
2019 4291 2350 4362 prohibuere
2377 4289 2474 4360 qui
2521 4304 2736 4344 mecum
2790 4298 2917 4342 sunt
2963 4285 3197 4351 fratres,

1627 4401 1752 4442 cum
1792 4400 1853 4440 se
1885 4399 1916 4437 a
1950 4392 2002 4438 te
2029 4382 2284 4437 mandata
2312 4382 2516 4437 habere
2557 4382 2825 4444 dicerent,
2854 4386 2913 4433 ut
2946 4378 3002 4432 in
3031 4392 3201 4452 mem-

1621 4478 1810 4533 branis
1859 4474 2195 4531 describant.
2248 4472 2325 4528 Ne
2373 4473 2507 4544 quid
2561 4472 2726 4544 igitur
2766 4477 2958 4527 contra
2999 4482 3202 4538 praece-

1621 4581 1775 4642 ptum
1819 4579 1971 4625 tuum
2022 4567 2200 4623 facere
2249 4567 2568 4632 videantur,
2631 4579 2780 4620 nunc
2829 4561 3203 4633 procrastina-

1626 4665 1832 4728 vimus,
1868 4660 1964 4717 sed
1993 4661 2156 4731 paulo
2186 4669 2310 4731 post
2337 4657 2723 4720 mittemus,tsi
2754 4671 2915 4726 quem
2945 4653 3200 4707 idoneum

1626 4755 1694 4810 ad
1740 4752 2126 4824 perferendum
2171 4756 2576 4806 nanciscamur.
2615 4747 2815 4802 Valens
2857 4731 3122 4815 laetusque
3148 4752 3203 4798 et

1627 4862 1728 4916 pro
1762 4862 1847 4901 me
1874 4843 2016 4915 apud
2047 4843 2340 4899 Dominum
2377 4844 2704 4912 deprecator
2729 4840 2948 4894 doneris
2972 4838 3104 4892 mihi
3147 4844 3203 4891 et

33 4930 204 4998 βωμένος
229 4938 315 4990 καὶ
345 4936 579 5008 εὔθυμος
614 4935 904 5006 εὐχόμενος
940 4934 1050 5004 (l8)
1075 4933 1153 5004 τῷ
1177 4931 1366 5004 Κυρίῳ
1388 4931 1512 5004 ὑπέε

1693 4939 1723 4993 :i
1751 4937 2028 5006 Ecclesiae,
2057 4953 2153 5007 per
2184 4935 2360 4992 sancti
2398 4933 2793 5005 benignitatem

29 5017 134 5083 ίμῶν
155 5029 446 5100 χαρισθείης
477 5043 570 5098 μοι
601 5027 695 5080 καὶ
728 5029 794 5098 τῇ
829 5025 924 5080 τοῦ
951 5023 1086 5079 Θεοῦ
1130 5023 1426 5095 Ἐκκλησία
1452 5025 1518 5096 τῇ

29 5111 88 5161 τοῦ
110 5116 236 5183 ἁγίου
265 5119 661 5192 φιλανθρωπίᾳ.

77 5269 155 5338 (Η)
174 5276 554 5346 dmi-ralem.
586 5274 681 5331 Vel
723 5274 1006 5346 legendum
1037 5273 1440 5346 διαγγέλλοντα,
1463 5281 1524 5328 ut

32 5348 206 5427 gluma
257 5343 412 5427 litanti
451 5343 1041 5427 scriptum'i'nvenitur
1095 5343 1146 5427 in
1199 5343 1389 5427 cod'ice
1440 5346 1525 5427 ἱει-

31 5414 148 5474 Slgnis
175 5416 408 5474 Ecclesia:
453 5411 822 5482 Parisiensis;
869 5416 952 5471 vel
1001 5419 1227 5470 verbum
1267 5411 1404 5467 εἶναι
1437 5415 1524 5470 de-

33 5472 207 5530 lendum-
237 5487 367 5530 IIII-HI]
414 5487 582 5530 nndpl
627 5487 814 5530 lmhnit
867 5487 1040 5530 nrima
1079 5500 1240 5530 manu
1282 5485 1524 5530 διαγγέλ.

33 5485 208 5561 tendum.
236 5487 367 5542 ldem
414 5487 586 5545 codex
627 5487 814 5542 habuit
866 5487 1042 5555 prima
1078 5500 1242 5539 manu
1282 5485 1527 5554 διαγγέλ-

30 5540 291 5626 λινέδλιιὶὠιιιι
326 5569 382 5613 ut
418 5560 654 5616 Clarom.
699 5567 752 5612 et
780 5557 955 5626 Bigot.
979 5555 1148 5626 alter.
1428 5625 1439 5626 ί

77 5619 158 5698 (ίῇ)
186 5626 243 5678 ΟΖ
269 5630 317 5680 εὶ
343 5631 462 5689 καί,
497 5629 575 5688 Ita
604 5635 808 5698 septem
842 5619 974 5698 mss.
1013 5623 1154 5698 Editi
1189 5627 1239 5698 εί
1266 5625 1523 5698 καίηδρά

33 5694 317 5775 Plen_a_sit_
347 5700 506 5768 hujus
545 5694 1012 5775 loci_'emendatio,
1056 5696 1339 5775 legendum
1379 5696 1522 5775 ἔχοιοο

34 5769 131 5840 ξεν..
151 5773 199 5816 ut
225 5765 709 5840 inginterpretando
728 5838 735 5840 _
748 5765 1159 5840 expressimus.
1183 5765 1338 5840 llum;
1370 5765 1515 5821 enim

32 5824 241 5890 hmninem
279 5824 908 5908 Basilius'Ampltiloc'bii
957 5837 1259 5907 patrocinio
1299 5835 1519 5909 dignum

1625 5287 1750 5328 esse
1778 5276 2094 5335 asseverat;
2131 5266 2332 5323 nedum
2369 5281 2419 5321 et
2458 5264 2664 5318 nullum
2693 5261 3067 5335 testimonium
3105 5261 3204 5335 tri-

1628 5343 1796 5398 buere
1833 5341 2050 5410 possit;
2080 5330 2155 5410 ut
2181 5338 2443 5410 omittam
2460 5334 2731 5410 ejusmodi
2772 5330 3202 5387 commendatio-

1628 5429 1752 5469 nem
1789 5404 1947 5481 lo'nge
1976 5425 2005 5463 a
2038 5408 2222 5481 Basilii
2254 5404 2812 5481 ttrbanitate‘distare.

1699 5483 1744 5552 (l
1762 5483 1814 5549 6)
1846 5473 2422 5552 AiaaxsédastLliuo’
2436 5490 2536 5552 nis.
2564 5473 2927 5552 διασκεδάσαι.

1702 5541 1747 5623 ξι
1763 5541 1812 5623 7)
1849 5552 2212 5619 Πνεύματος.
2245 5547 2386 5601 Editi
2419 5545 2628 5600 addunt
2662 5544 2840 5612 ἁγίου.
2877 5541 2981 5596 Sed
3007 5557 3070 5597 ea
3100 5557 3202 5604 vos

1629 5625 1781 5678 nullo
1814 5625 1867 5677 in
1904 5623 2095 5676 codice
2123 5635 2276 5687 mss:
2294 5625 2529 5687 reperta.

1701 5695 1815 5759 (l8)
1844 5693 2208 5759 Εὺχόμενος.
2251 5683 2454 5759 Regius
2492 5697 2740 5754 uterque,
2774 5683 2944 5754 Bigot.
2977 5684 3114 5738 alter
3149 5691 3202 5740 et

1628 5758 1796 5820 Coisl.
1828 5758 2105 5819 secundus
2139 5758 2589 5829 ὑπερευχόμενος.

1704 5841 1717 5856 ⁹
1757 5835 1904 5890 Alias
1952 5827 2259 5887 CCCXCV.
2295 5827 2504 5900 scripta
2551 5843 2691 5882 anno
2723 5827 2844 5880 575.
