3754 6498
3 337 60 392 ss
794 333 1287 394 EPISTOLARUM
1327 330 1614 389 CLASSIS
1651 330 1714 384 II.
1758 331 1978 388 EI’IST.
2019 331 2353 387 CCXXXIII.

3097 331 3202 389 868

5 471 44 516 ις
75 452 170 521 μὲν
207 450 606 519 φαντασιοῦται
634 449 759 522 περὶ
787 448 895 502 τῶν
919 449 1019 501 οὐκ
1044 447 1213 522 ὄντων
1243 447 1319 510 ὼς
1342 445 1532 507 ὄντων,

1697 459 1761 498 un
1791 445 1843 498 in
1873 451 2138 515 perpetuo
2160 452 2310 498 motu
2334 452 2603 513 versetur,
2625 452 2769 516 sape
2797 454 2966 501 vanas
2992 447 3206 516 species

0 544 206 605 πολλάκις
253 543 317 596 δὲ
369 543 675 605 εύθυϐόλως
715 541 808 594 ἐπὶ
846 541 943 611 τὴν
976 539 1235 610 ἀλήθειαν
1287 539 1528 610 φέρεται.

0 635 97 687 AUC
139 633 347 704 ἐπειδὴ
397 631 573 702 τούτῳ
610 631 784 684 διτταὶ
821 630 1080 700 δυνάμεις
1127 628 1535 700 παραπεφύκα-

0 747 12 779 ι
42 725 169 796 (24),
206 726 359 779 κατὰ
387 725 485 796 τὴν
513 723 787 795 ἡμετέραν
825 721 935 775 τῶν
973 722 1054 783 εἰς
1081 719 1213 772 Θεὸν
1245 732 1537 772 πεπιστευο

0 823 122 871 ότων
169 816 475 886 ὑπόληψιν,
509 817 543 887 ἡ
582 814 680 885 μὲν
731 812 964 883 πονηρὰ,
1009 811 1044 882 ἡ
1092 809 1200 863 τῶν
1245 808 1535 879 δαιμόνων,

111 907 214 978 τὴν
268 907 432 960 ίδίαν.
456 904 791 960 ἀποστασίαν
818 903 966 973 ἡμᾶς
1015 899 1470 971 συνεφελκομένη,
1499 901 1532 969 ἡ

0 1005 17 1055 ὲ
51 999 300 1070 θειοτέρα
351 998 448 1052 καὶ
482 997 661 1068 ἀγαθὴ
692 996 827 1066 πρὸς
868 997 968 1067 τὴν
989 994 1084 1050 τοῦ
1117 985 1250 1047 Θεοῦ
1279 992 1538 1062 ὁμοίωσιν

6 1096 97 1165 pri;
123 1091 446 1160 ἀνάγουσα·
485 1090 615 1143 ὃταν
657 1089 755 1160 μὲν
783 1088 868 1157 ἐφ’
899 1085 1091 1141 ἑαυτοῦ
1141 1085 1275 1156 μένῃ
1318 1085 1346 1136 ὁ
1391 1081 1534 1146 νοῦς,

0 1182 123 1252 Lupa
152 1179 376 1251 καθορᾷ
414 1179 510 1233 καὶ
549 1177 619 1231 τὰ
657 1175 834 1247 ἑαυτῷ
887 1176 999 1247 (‘35)
1054 1176 1370 1246 σύμμετρα·
1410 1173 1537 1226 ὅταν

0 1277 18 1327 ὲ
44 1277 144 1336 τῶς
179 1271 479 1326 ἀπατῶσιν
508 1270 702 1324 ἑαυτὸν
732 1268 920 1340 ἐπιδῷ,
951 1268 1220 1337 ἀφανίσας
1247 1268 1308 1321 τὸ
1339 1267 1536 1320 οἰκεῖον

0 1367 254 1436 ξριτήριον,
289 1361 623 1432 φαντασίαις
657 1361 902 1415 σύνεστιν
924 1359 1248 1422 ἀλλοκότοις.
1283 1357 1416 1411 Τότε
1442 1357 1538 1410 καὶ

0 1459 26 1509 ii
53 1456 194 1519 ξύλον
223 1454 356 1525 οὐχὶ
407 1452 563 1518 ξύλον
609 1450 747 1508 εἶναι
783 1452 1013 1524 νομίζει,
1053 1450 1190 1505 ἀλλά
1233 1449 1398 1503 Θεόν·
1441 1450 1536 1502 καὶ

0 1548 150 1620 eum
177 1547 309 1617 οὐχὶ
333 1550 441 1618 χρή
451 1563 599 1618 ματα
629 1541 768 1600 εἶναι
794 1544 994 1616 κρίνει,
1021 1541 1157 1597 ἀλλὰ
1197 1540 1534 1611 σεϐάσματα.

0 1640 92 1692 Ἐὰν
116 1637 172 1690 δὲ
221 1637 370 1709 πρὸς
394 1635 493 1707 τὴν
543 1634 818 1706 Θειοτέραν
869 1630 1140 1704 ἀπονεύσῃ
1188 1630 1398 1702 μερίδα,
1442 1631 1537 1684 καὶ

0 1733 57 1794 ri;
78 1725 165 1784 τοῦ
194 1728 525 1800 Πνεύματος
551 1728 874 1800 ὑποδέξηται
911 1728 1158 1798 χάριτας,
1180 1713 1302 1779 τοτε
1327 1725 1536 1793 γίνεται

1636 533 1741 587 sibi
1766 533 1969 604 ellingit
2013 533 2082 587 de
2126 535 2195 589 iis
2220 547 2341 604 qua:
2371 551 2480 589 non
2510 544 2660 600 sunt,
2691 537 2848 603 quasi
2878 539 3024 602 sint;
3061 553 3207 608 saepe

1637 625 1799 679 etiam
1846 636 1994 680 recta
2037 625 2107 679 ad
2131 627 2416 682 veritatem
2460 626 2654 681 l'ertur.
2687 627 2792 682 Sed
2817 631 2942 698 quia
2976 631 3098 684 dua:
3125 631 3208 685 illi

1637 715 1838 770 adsunt
1867 719 2133 779 virtutes,
2181 718 2482 772 secundum
2514 725 2781 781 nostram,
2810 719 2903 788 qui
2941 719 3106 792 356
3149 721 3206 775 in

1637 806 1805 862 Deum
1834 809 2130 875 credimus,
2153 811 2500 871 sententiam,
2526 823 2691 877 prava
2718 825 2846 876 una,
2869 827 2988 881 quae
3005 812 3206 868 daemo-

1636 914 1765 952 num
1801 907 1906 965 est,
1933 901 2000 954 ad
2034 903 2312 972 propriam
2335 901 2696 956 defectionem
2732 918 2834 958 nos
2879 907 3206 972 attraliens;

1636 988 1876 1044 divinior
1917 992 2088 1047 altera
2129 1000 2184 1048 et
2226 993 2390 1053 bona,
2421 1008 2544 1063 quae
2580 1009 2681 1049 nos
2721 994 2790 1048 ad
2828 993 2922 1049 Dei
2953 997 3209 1051 similitu-

1636 1081 1818 1136 dinem
1860 1082 2113 1148 deducit;
2144 1099 2298 1139 mens
2323 1084 2467 1138 intra
2491 1100 2550 1140 se
2571 1100 2700 1140 cum
2733 1087 3021 1148 manserit.
3041 1102 3211 1156 parva

1636 1174 1882 1229 intuetur
1928 1191 1993 1230 ac
2038 1191 2137 1232 suo
2170 1175 2394 1231 modulo
2427 1179 2654 1247 aequalia
2685 1195 2698 1232 :
2729 1193 2856 1232 cum
2896 1194 3026 1234 vero
3057 1179 3209 1234 deci-

1641 1266 1920 1335 pientibus
1961 1282 2020 1322 se
2045 1267 2354 1333 tradiderit,
2388 1268 2954 1338 propriumjudicium
2987 1271 3207 1326 oblitte-

1637 1372 1792 1419 rans,
1833 1356 1889 1411 in
1917 1357 2050 1412 visis
2083 1366 2336 1412 versatur
2367 1359 2642 1414 absurdis.
2681 1358 2834 1414 Tun'c
2863 1359 3070 1429 lignum
3098 1376 3214 1415 non

1636 1446 1846 1518 lignum
1888 1462 2012 1503 esse
2055 1449 2354 1514 existimat,
2387 1449 2481 1504 sed
2534 1449 2704 1505 Deum
2733 1468 2747 1506 :
2773 1458 2828 1506 et
2877 1466 3071 1505 aurum
3099 1467 3213 1506 non

1637 1537 1925 1605 pecuniam
1980 1553 2105 1593 esse
2149 1539 2385 1609 judicat,
2441 1540 2536 1594 sed
2585 1557 2807 1597 numen.
2860 1539 2918 1594 Si
2965 1557 3092 1596 vero
3143 1541 3214 1596 ad

1638 1625 1961 1681 diviniorem
2004 1643 2126 1684 sese
2166 1635 2504 1684 converterit
2563 1638 2810 1701 partem,
2861 1645 2928 1685 ac
2971 1629 3218 1702 Spiritus

1641 1719 1949 1788 susceperit
1981 1720 2189 1791 gratias
2209 1762 2224 1786 ,
2261 1729 2394 1776 tunc
2443 1724 2672 1793 percipit
2701 1723 3008 1787 diviniora,
3036 1741 3214 1795 quan-

0 1825 66 1877 17w
96 1821 393 1892 θειοτέρων
441 1819 864 1890 καταληπτικὸς,
907 1818 1030 1871 ὅσον
1076 1816 1240 1870 αὑτοῦ
1275 1819 1340 1888 τῇ
1379 1814 1537 1885 φύσει

1703 1823 1752 1860 m
1785 1809 1959 1880 ipsius
1980 1819 2178 1865 natura
2201 1821 2382 1882 potest
2405 1816 2693 1886 attingere.
2727 1815 2862 1873 Tres
2887 1817 3053 1888 igitur
3082 1825 3216 1874 sunt

0 1915 296 1985 ξύμμετρον.
331 1913 498 1984 Τρεῖς
525 1908 616 1966 οὖν
640 1913 774 1964 εἰσιν
803 1910 964 1964 οἱονεὶ
993 1909 1121 1979 βίων
1148 1906 1506 1968 καταστάσεις
1524 1921 1538 1936 ⁶

0 2008 60 2056 ut
100 2001 389 2074 ἰσάριθμοι
426 2000 638 2064 τούτοις
683 2001 739 2054 αἱ
784 1997 880 2053 τοῦ
931 1997 1022 2051 νοῦ
1053 1996 1214 2068 ἡμῶν
1253 1995 1541 2066 ἐνέργειαι.

0 2097 44 2149 Ἡ
69 2095 166 2167 γὰρ
195 2093 419 2166 πονηρά
457 2092 615 2163 ἡμῶν
640 2090 709 2146 τὰ
736 2089 1164 2162 ἐπιτηδεύματα,
1198 2088 1293 2142 καὶ¹
1332 2085 1545 2158 πονηρά

0 2187 118 2256 ἡμῶν
154 2185 407 2259 δηλονότι
436 2184 505 2238 τά
537 2183 632 2238 τοῦ
669 2180 766 2236 ννοῦ
797 2183 1070 2253 κινήματα
1090 2198 1104 2211 ’
1147 2175 1257 2234 οἷον
1290 2181 1542 2250 μοιχεῖαι,

0 2279 177 2344 domi,
206 2275 669 2348 είδωλολατρείαι,
705 2274 1078 2342 συκοφαντίαι,
1119 2273 1312 2346 ἔριδες,
1360 2271 1541 2342 Θυμοὶ,

0 2369 206 2439 ἐριϐεἰαι,
262 2366 592 2436 φυσιώσεις,
643 2365 739 2420 καὶ
787 2366 888 2420 ὅσα
942 2367 1000 2418 ὲν
1053 2368 1166 2429 τοῖς
1213 2364 1395 2436 ἔργοις
1444 2363 1545 2435 τῆς

0 2460 162 2529 ταρκὸς
185 2459 216 2510 ὀ
243 2457 547 2521 ἀπόστολος
575 2455 787 2521 Παῦλος
813 2457 1236 2530 ἀπηριθμήσατο
1255 2473 1269 2488 '
1312 2457 1346 2528 ἢ
1402 2457 1542 2527 μέση

0 2545 54 2607 ri;
93 2548 202 2599 ἐστι
228 2544 338 2614 τῆς
363 2543 542 2616 ψυχῆς
568 2546 602 2616 ἡ
638 2544 905 2616 ἐνέργεια,
933 2544 1055 2598 οὔτε
1096 2546 1542 2616 κατεγνωσμένον

0 2653 30 2688 τι
55 2638 266 2706 ἔχουσα,
297 2637 420 2691 οὔτε
461 2636 772 2692 ἐπαινετόν·
803 2639 878 2701 ὡς
912 2638 944 2708 ἡ
974 2636 1084 2691 τῶν
1111 2637 1391 2708 βαναύσων
1416 2636 1544 2690 τού-

0 2745 76 2782 των
103 2729 208 2799 (26)
239 2729 450 2800 τεχνῶν
480 2728 766 2798 ἀνάληψις,
811 2728 874 2793 ἀς
904 2729 967 2801 δὴ
1012 2720 1104 2783 καὶ
1138 2730 1309 2801 μέσας
1367 2747 1540 2802 προσ-

0 2823 327 2892 ιγορεύομεν,
359 2822 512 2874 οὐδὲν
554 2819 633 2889 τῷ
660 2819 864 2873 ἑαυτῶν
905 2820 1049 2892 λόγῳ
1099 2821 1235 2892 πρὸς
1275 2821 1474 2893 ἀρετὴν
1508 2822 1539 2893 ἢ

0 2915 163 2967 κακίαν
199 2914 620 2978 ἀποκλινούσας.
652 2913 789 2968 Ποία
818 2912 928 2984 γάρ
954 2915 1118 2968 κακία
1147 2913 1543 2986 κυϐερνητικῆς

0 3002 327 3076 ῆὶατρικῆς;
381 3003 454 3057 Οὐ
508 3003 758 3074 μέντοιγε
805 3001 926 3055 οὐδὲ
975 3004 1166 3072 ἀρεταὶ
1212 3003 1371 3058 αὐταὶ
1419 3005 1540 3059 καθ’

0 3093 184 3157 ἑαυτὰς,
220 3093 338 3147 ἀλλ’
385 3094 450 3146 ὲκ
491 3093 592 3163 τῆς
619 3094 728 3146 τῶν
761 3093 1115 3166 κεχρημένων
1143 3094 1254 3164 127)
1286 3095 1542 3166 προαιρέ-

3 3200 113 3246 σεως
147 3185 284 3256 πρὸς
314 3185 415 3256 τὴν
460 3183 556 3237 τοῦ
603 3185 790 3255 ἑτέρου
820 3185 928 3240 τῶν
975 3187 1362 3256 ἀντικειμένων
1405 3188 1543 3242 ἀπο-

2 3273 208 3327 κλίνουσι
238 3276 454 3344 μοῖραν.
491 3274 548 3327 Ὀ
579 3274 762 3344 μέντοι
785 3279 851 3347 τῇ
881 3275 1095 3347 Θεότητι
1115 3276 1208 3329 τοῦ
1232 3275 1545 3348 Πνεύματος

6 3363 302 3434 ἁνακραθεὶς
330 3363 476 3428 νοῦς,
505 3356 661 3428 οὗτος
689 3365 786 3437 ἤδη
817 3365 927 3418 τῶν
971 3367 1221 3438 μεγάλων
1248 3367 1367 3420 ἐστὶ
1415 3367 1548 3421 θεω-

9 3455 234 3523 ρημάτων
266 3455 582 3521 έποπτικδς,
617 3457 712 3510 καὶ
754 3456 966 3530 καθορᾷ
991 3457 1062 3511 τὰ
1093 3457 1212 3514 θεῖα
1242 3459 1432 3530 κάλλη,
1459 3477 1549 3514 το-

9 3542 164 3598 ιοῦτον
216 3545 424 3617 μέντοι,
459 3546 582 3600 ὅσον
630 3549 663 3618 ἡ
717 3546 878 3620 χάρις
927 3549 1166 3604 ἐνδίδωσι
1201 3549 1338 3622 (28),
1362 3553 1458 3605 καὶ
1510 3552 1544 3623 ἡ

9 3639 285 3710 κατασκευὴ
315 3637 482 3692 αὐτοῦ
512 3638 850 3711 ὑποδέχεται.

63 3727 108 3783 9..
145 3728 328 3794 Ὥστε,
364 3729 593 3799 ἀφέντες
638 3733 852 3796 ὲκείνας
879 3731 980 3796 τάς
1023 3732 1362 3800 διαλεκτικὰς
1411 3737 1550 3809 ὲρω-

10 3817 180 3886 τήσεις,
207 3821 283 3893 μὴ
309 3822 710 3894 κακεντρεχῶς,
743 3822 856 3876 ἀλλ’
883 3822 1126 3888 εὐλαϐῶς
1151 3824 1550 3891 ὲξεταζέτωσαν

13 3909 87 3978 τὴν
113 3911 382 3984 ἀλήθειαν.
415 3913 632 3968 Δέδοται
661 3915 793 3986 ἡμῖν
825 3914 885 3968 τὸ
911 3915 1004 3970 τοῦ
1035 3916 1126 3970 νοῦ
1159 3918 1437 3990 κριτήριον
1470 3919 1551 3981 είς

15 4002 88 4071 τὴν
114 4005 207 4075 τῆς
235 4005 494 4076 ἀληθείας
524 4005 760 4060 σύνεσιν.
796 4008 954 4061 Ἔστι
983 4008 1039 4062 δὲ
1066 4011 1101 4080 ἡ
1135 4008 1494 4080 αύτοαλήθεια
1521 4010 1550 4062 ὁ

15 4094 119 4158 Θεδς
161 4097 336 4168 ἡμῶν.
375 4099 538 4151 Ὥστε
574 4098 981 4171 προηγούμενὸν
1027 4101 1172 4154 ἐστιν
1215 4101 1296 4173 τῷ
1340 4099 1416 4172 νῷ
1458 4099 1549 4153 τὸν

18 4182 118 4238 Θεὸν
139 4189 167 4255 ἡ
176 4187 292 4256 μῶν
324 4187 706 4258 ἐπιγινώσκειν
725 4207 740 4220 ο
768 4189 1147 4261 ἐπιγινώσκειν
1179 4192 1238 4246 δὲ
1273 4184 1446 4259 οὕτως
1473 4193 1550 4259 ὡς

73 4342 110 4374 ⁸⁸
148 4345 318 4401 Galat.
345 4361 402 4412 ν,
453 4342 537 4402 I9.

1642 1900 1808 1954 veluti
1848 1900 1975 1956 vitae
2014 1903 2379 1970 conditiones,
2419 1907 2754 1978 totidemque
2782 1910 2980 1964 mentis
3008 1919 3214 1967 nostra:

1642 1990 2017 2059 Operationes.
2044 1991 2142 2048 Vel
2172 1996 2318 2049 enim
2345 2011 2512 2066 prava
2546 2006 2676 2052 sunt
2702 1999 2884 2054 studia
2911 2009 3124 2065 nostra,
3147 2015 3213 2055 ac

1642 2071 1800 2153 pravi
1833 2093 2042 2140 nostra:
2068 2086 2323 2143 videlicet
2353 2090 2553 2146 mentis
2583 2101 2798 2157 motus;
2830 2100 2892 2146 ut
2921 2093 3217 2158 adulteria,

1645 2176 1822 2245 l‘urta,
1858 2178 2169 2235 idololatria
2189 2221 2205 2245 ,
2229 2182 2536 2248 calumnias.
2572 2183 2737 2247 rixas,
2767 2185 2881 2250 irre,
2908 2187 3216 2242 contentio-

1641 2285 1763 2332 nes,
1788 2271 1957 2325 animi
1983 2279 2186 2339 tumor,
2221 2281 2276 2328 et
2304 2290 2645 2346 quaecunque
2669 2277 2813 2332 inter
2839 2293 3002 2348 opera
3029 2280 3221 2334 carnis-

1641 2360 1926 2430 apostolus
1959 2360 2162 2420 Paulus
2207 2365 2484 2419 recensuit
2515 2365 2581 2419 “.
2611 2363 2709 2420 Vel
2756 2367 2934 2421 media
2965 2368 3221 2438 quaedam

1641 2458 1726 2505 est
1775 2452 1977 2508 mentis
2026 2455 2310 2524 operatio,
2352 2471 2455 2510 nec
2496 2456 2873 2512 damnandum
2913 2459 3215 2528 quidquam

1639 2541 1853 2598 habens
1884 2560 1986 2600 nec
2011 2546 2310 2611 laudabile,
2337 2549 2485 2602 velut
2517 2549 2717 2602 artium
2749 2550 2993 2619 cognitio
3016 2558 3069 2606 et
3100 2567 3224 2622 per-

1641 2635 1845 2706 ceptio,
1888 2651 2028 2707 quas
2071 2638 2329 2694 videlicet
2355 2640 2566 2694 medias
2616 2651 2670 2694 et
2716 2639 3088 2697 indill'erentes
3125 2657 3218 2697 vo-

1639 2740 1865 2788 camus.
1895 2743 1997 2783 nec
2037 2728 2105 2783 ad
2138 2729 2395 2783 virtutem
2427 2745 2531 2785 nec
2559 2730 2630 2784 ad
2669 2731 2863 2786 vitium
2905 2747 2971 2787 ex
3017 2734 3221 2805 seipsis

1643 2819 2327 2891 propendentes.’Ecquid
2368 2824 2512 2876 enim
2548 2823 2675 2876 mali
2711 2823 2872 2878 habet
2900 2840 2990 2881 ars
3017 2827 3220 2895 guber-

1640 2910 1809 2965 nandi
1860 2921 1956 2966 aut
2012 2911 2316 2968 medendi?
2363 2912 2552 2983 Neque
2610 2915 2772 2968 etiam
2829 2914 2960 2985 ipsae
3001 2931 3098 2986 per
3155 2931 3218 2972 se

1641 3011 1773 3060 sunt
1806 3003 2058 3068 virtutes,
2093 3004 2187 3059 sed
2218 3020 2285 3059 ex
2314 3005 2582 3059 utentium
2615 3007 2898 3076 proposito
2920 3007 2986 3059 ad
3017 3016 3226 3061 utram-

1646 3094 1726 3149 vis
1783 3088 2162 3164 oppositorum
2218 3103 2428 3164 partem
2483 3095 2798 3152 deﬂectunt.
2853 3096 2988 3162 Quae
3035 3108 3221 3154 autem

1650 3183 1890 3252 Spiritus
1919 3183 2190 3238 divinitati
2224 3199 2383 3240 mens
2405 3185 2770 3254 immiscctur,
2802 3202 2865 3242 ea
2888 3187 3000 3257 jam
3025 3203 3242 3259 specu-~

1647 3275 1794 3326 latur
1837 3288 2065 3345 magna,
2107 3274 2436 3346 divinasqne
2479 3277 2726 3333 intuetur
2763 3279 3225 3348 pulchritudines,

1646 3375 1910 3435 quantum
1955 3367 2176 3437 quidem
2227 3369 2404 3439 gratia
2453 3370 2717 3441 impertit,
2757 3371 3038 3442 ipsiusque
3074 3373 3223 3444 capit

1647 3457 1993 3514 constitutio.

1719 3721 1775 3776 2.
1815 3721 2018 3788 Quare,
2039 3722 2266 3777 omissis
2308 3722 2417 3778 illis
2457 3721 2758 3778 dialecticis
2802 3723 3222 3793 quaestionibus,

1650 3829 1760 3869 non
1805 3815 2065 3879 subdole,
2111 3815 2204 3870 sed
2237 3814 2323 3886 pie
2351 3816 2660 3884 expemlant
2689 3819 2994 3882 veritatem.
3024 3815 3218 3872 Datum

1648 3905 1813 3961 nobis
1844 3913 1929 3960 est
1974 3903 2472 3974 mentisjudicium
2519 3904 2586 3958 ad
2617 3905 2864 3986 veritatis
2915 3906 3219 3978 intelligen-

1648 3996 1807 4052 tiam.
1859 3998 1958 4052 Est
2005 4003 2190 4050 autem
2227 3997 2347 4067 ipsa
2381 3996 2591 4052 veritas
2623 3995 2766 4052 Deus
2796 4007 3004 4052 noster.
3055 3997 3221 4054 Menti

1648 4091 1835 4162 itaque
1864 4090 2202 4163 praecipuum
2225 4091 2640 4163 acgprimarium
2664 4098 2749 4146 est
2771 4088 2942 4145 Deum
2969 4099 3221 4148 nostrum

1650 4197 2021 4254 cognoscere;
2053 4197 2392 4254 cognoscere
2425 4188 2609 4238 autem
2650 4190 2915 4254 quantum
2959 4183 3222 4255 cognosci

72 4501 164 4569 (ει)
192 4503 685 4573 Παραπεφύκασι.
709 4500 785 4556 Ita
807 4509 931 4557 octo
958 4516 1093 4573 mss.
1125 4500 1266 4556 Editi
1300 4502 1541 4572 πεφύκα-

1697 4502 1866 4555 larum
1899 4503 2114 4554 artium.
2153 4499 2208 4554 Si
2248 4501 2372 4572 quis
2404 4500 2605 4555 faveret
2632 4515 2738 4556 ms.
2769 4501 2965 4564 codex,
2991 4501 3223 4557 libenter

24 4587 100 4624 σιν.
129 4573 253 4628 Illud
279 4572 471 4629 autem
514 4573 941 4644 παραπεφύκασι
979 4572 1123 4644 idem
1138 4579 1322 4644 _sonat
1354 4587 1418 4627 ac
1445 4573 1545 4626 ad-

23 4653 132 4704 sunt,
165 4646 274 4698 sive
296 4641 662 4700 assectantur.
704 4642 796 4697 Sic
824 4645 877 4696 in
909 4642 1066 4712 epist.
1097 4641 1203 4694 272
1227 4643 1304 4694 ait
1333 4644 1545 4713 magnis

26 4715 344 4783 potestatibus
383 4714 686 4781 illiberales.
715 4713 1122 4783 assentationes
1143 4713 1316 4783 solere
1364 4729 1540 4783 παρα-

27 4780 232 4854 φύεσθαι.
270 4784 422 4838 Multi
447 4791 628 4854 autem
641 4799 722 4854 ex
751 4783 989 4854 antiquis
1021 4781 1381 4854 scriptoribus
1409 4780 1546 4854 duos

25 4853 175 4922 genios
204 4855 358 4909 nobis
396 4853 588 4908 adesse
623 4851 899 4916 dixerunt,
931 4862 990 4907 ut
1026 4852 1272 4922 pluribus
1301 4852 1546 4922 testimo—

28 4921 106 4992 niis
128 4935 306 4992 probat
337 4924 640 4979 Cotelerius
671 4924 725 4976 in
749 4922 901 4978 Notis
930 4923 995 4976 ad
1026 4920 1221 4976 librum
1251 4936 1288 4975 ιι
1314 4920 1542 4978 Πενιηίιν.

27 4987 100 5045 llic
120 4987 285 5050 autem
311 4993 548 5051 Basilius
577 4993 733 5047 bona:
763 4994 1044 5062 potestatis
1070 4992 1288 5046 nomine
1313 5008 1422 5046 non
1455 5009 1546 5047 an-

26 5063 163 5135 gelum
185 5065 449 5135 intelligit,
485 5063 580 5120 scd
615 5063 922 5135 diviniorem
954 5071 1280 5135 potestatem,
1311 5078 1428 5132 qua:
1450 5080 1543 5117 nos

28 5129 77 5200 qd
117 5133 201 5188 Dei
237 5129 644 5191 similitudinem
685 5133 914 5195 deducit,
961 5133 1266 5186 diviniorem
1317 5129 1542 5200 partem,

28 5197 211 5263 Spiritus
253 5208 426 5260 sancti
463 5209 684 5276 gratias.
735 5202 1257 5276 Similiaghabemus
1290 5197 1342 5256 in
1383 5203 1546 5276 gom-

29 5277 248 5346 tnentario
276 5279 330 5330 in
353 5271 559 5330 Isaiam
593 5294 646 5330 ιι.
676 5277 766 5340 ΞΙ,
814 5288 889 5346 p.
919 5273 1045 5346 594,
1079 5271 1170 5346 ubi
1201 5272 1356 5327 docet
1388 5272 1544 5328 Basi-

30 5339 106 5414 lius
134 5345 381 5414 Spiritum
411 5355 660 5403 sanctum
694 5339 764 5403 ab
804 5339 988 5402 anima
1025 5344 1362 5396 infructuosa
1389 5359 1544 5398 recc-

29 5408 143 5475 dere,
169 5408 387 5486 iumque
413 5418 608 5488 cadere
635 5433 810 5488 sepes,
849 5415 1166 5488 angelorum
1201 5414 1542 5478 custodiam;

30 5489 69 5557 et
90 5489 377 5556 peregrinos
411 5487 639 5547 irruerc,
674 5487 868 5557 nempe
899 5492 1182 5556 potestates
1213 5493 1543 5557 ρεςεαιοτηηι

33 5550 420 5626 cumscientiam
453 5558 758 5626 eﬂ‘ectrices.
795 5550 994 5613 Ibidem
1027 5570 1172 5612 unus
1191 5553 1365 5608 codex
1404 5555 1542 5608 κατά
1588 5609 1596 5620 ,

33 5633 96 5684 γε.
123 5623 239 5682 'I‘res
261 5629 370 5692 alii,
406 5627 462 5681 in
486 5623 574 5682 his
602 5627 909 5689 Medicams,
935 5629 1076 5682 κατά
1095 5641 1180 5681 τε.

86 5691 177 5768 (2-?)
208 5697 278 5768 ῖᾲ
305 5691 513 5763 ἐαυτῷ.
540 5699 708 5753 Coisl.
738 5701 948 5768 primus
978 5699 1043 5751 τὰ
1074 5701 1130 5751 ὲν
1155 5692 1356 5768 εαυτῷ.

86 5762 178 5824 liii)
205 5765 326 5822 Τῶν
348 5762 947 5849 βαναύσωνέτὸύτων.
978 5768 1034 5824 ld
1055 5777 1161 5834 est,
1194 5762 1543 5824 illiberalium

1650 4573 2019 4628 eliminassem
2055 4573 2167 4626 haec
2198 4573 2383 4642 verba,
2414 4587 2536 4642 qua:
2566 4573 2751 4641 Spuria
2777 4587 2901 4642 esse
2924 4573 3106 4628 nullus
3125 4573 3222 4642 du-

1652 4644 1786 4706 bito,
1819 4650 1873 4697 et
1906 4642 2110 4695 idcirco
2138 4643 2190 4696 in
2223 4640 2416 4695 Latina
2435 4640 2898 4710 interpretatione
2919 4641 3219 4696 omittenda

1650 4727 1773 4768 esse
1813 4711 1965 4766 duxi.
2007 4710 2200 4766 Totam
2242 4713 2386 4766 enim
2422 4710 2606 4765 Basilii
2646 4712 2968 4766 sententiam
3000 4713 3221 4780 penitus

1650 4782 1978 4846 deformant,
2011 4798 2132 4850 quae
2161 4797 2286 4835 cum
2322 4789 2468 4837 artes
2493 4781 2788 4851 generatim
2815 4780 3218 4847 complectitur,

1651 4853 1926 4905 immerito
1959 4852 2302 4906 illiberalinm
2334 4854 2530 4904 artium
2563 4851 2830 4918 angustiis
2852 4859 3197 4905 coerceretur

1651 4921 1919 4976 Praeterea
1964 4923 2171 4991 profert
2216 4921 2450 4976 Basilius
2497 4921 2736 4989 exetnpli'
2765 4921 2884 4974 loco
2913 4927 3084 4973 artem
3119 4937 3222 4990 gu-

1653 4992 1917 5046 bernandi
1967 5001 2020 5045 et
2069 4992 2414 5052 tncdicinam,
2448 5007 2585 5061 quas
2619 4991 2915 5044 absurdum
2964 4993 3034 5044 sit
3080 4991 3223 5045 inter

1651 5070 1798 5117 artes
1843 5062 2134 5116 illiberales
2187 5076 2493 5125 numerare,
2534 5062 2834 5129 praesertim
2868 5061 3214 5114 medicinam.

1653 5129 1805 5186 Hanc
1837 5142 2008 5185 artem
2055 5132 2172 5197 ipse
2208 5131 2443 5185 Basilius
2493 5131 2735 5199 apprime
2783 5129 3038 5194 callebat,
3082 5139 3219 5184 teste

1650 5201 1913 5271 Gregorio
1949 5199 2260 5262 Naz.,orat.
2301 5217 2392 5264 xx,
2427 5216 2547 5270 pag.
2581 5200 2938 5271 555._Qttanti
2981 5199 3221 5271 medicos

1654 5269 1878 5334 faceret,
1903 5273 2136 5340 perspici
2169 5278 2343 5340 potest
2362 5269 2439 5325 ex’
2455 5271 2616 5340 epist.
2646 5269 2753 5325 189
2774 5270 2841 5322 ad
2873 5269 3220 5340 Easton/tium

1652 5342 2007 5402 archiatrum,
2035 5342 2122 5394 ubi
2147 5339 2477 5396 a’ssentirisc
2496 5339 2777 5410 proﬁtetur
2797 5342 2885 5403 iis,
2916 5339 3010 5410 qui
3041 5341 3222 5393 omni-

1653 5415 1754 5467 bus
1786 5413 1968 5477 rebus,
2016 5426 2138 5480 qnaa
2183 5409 2509 5480 quidcmjn’
2544 5412 2652 5464 vita
2695 5411 2879 5464 studio
2922 5409 3218 5480 habentur,

1650 5484 1986 5537 medicorum
2021 5479 2303 5536 Scienttam
2344 5488 2700 5546 anteponunt.
2749 5480 2881 5536 Vide
2921 5481 3082 5549 epist.
3125 5479 3220 5542 84,

1651 5569 1803 5608 num.
1835 5554 1881 5606 1.

1721 5623 1834 5690 (27)
1867 5619 2282 5690 Κεχρημένων.
2317 5620 2394 5675 Ita
2440 5620 2629 5677 decem
2672 5637 2804 5677 mss.
2843 5619 2988 5676 Editi
3019 5636 3222 5694 κεκτη-

1697 5693 1717 5732 ἐ

1655 5711 1848 5834 ³εέἒῖ
1885 5759 2216 5838 Ἐνδίδωσι.
2260 5760 2546 5820 Mediqu
2574 5761 2742 5819 codex
2775 5759 2976 5818 δίδωσι.
