3868 6492
97 395 183 449 877
940 390 1427 448 EPiSTOLABUM
1462 389 1743 448 CLASSIS
1781 391 1846 447 ii.
1889 391 2103 448 EPlS'P.
2137 392 2465 449 CCXXXVI.

3193 392 3295 454 8'78

97 524 202 572 τος,
246 501 493 575 εἰρῆσθαι
533 501 854 573 πιστεύομεν
883 518 899 533 ο
952 504 1046 556 καλ⁸
1100 502 1193 568 τὸ,
1241 501 1451 569 Οὐδείς
1502 498 1625 556 οἶδε

1735 503 1963 564 Drimtts.
2019 504 2226 558 dictum
2276 518 2399 558 esse
2451 503 2726 563 credimus
2757 522 2773 573 ;
2804 513 2858 562 et
2893 506 3024 564 illud
3064 527 3077 564 :
3126 506 3295 565 Nemo

95 599 181 653 τὸν
220 594 352 649 Υίὸν
380 598 436 650 εὶ
465 594 551 666 μὴ
600 599 633 649 ὁ
674 595 894 664 Πατήρ.
940 595 1076 649 Οὐδὲ
1103 596 1212 666 γὰρ
1249 598 1366 649 ἐκεῖ
1408 595 1629 664 ἄγνοιαν

97 686 169 742 τοῦ
206 684 518 756 Πνεύματος
574 688 900 757 κατηγορεῖ,
955 685 1091 760 ἀλλὰ
1145 683 1346 757 πρώτῳ
1387 684 1500 755 (56)
1552 685 1629 756 τῷ

97 779 241 851 Πατρί
268 779 535 849 ὑπάρχειν
561 777 660 846 τὴν
687 777 885 845 γνῶσιν
911 778 1012 848 τῆς
1037 777 1227 831 ἐαυτοῦ
1254 778 1465 847 φύσεως
1492 794 1633 850 μαρ-

93 873 239 942 τυρεῖ.
271 868 426 924 Οῦτω
459 870 553 923 καί
587 870 680 934 τὸ,
729 870 940 936 Οὐδείς
973 866 1118 935 οἵδε,
1151 871 1253 943 τὴν
1292 870 1514 943 πρώτην
1551 872 1630 924 εἴ·

94 967 219 1038 δησιν
246 965 351 1019 τῶν
385 983 445 1018 τε
475 965 644 1020 ὄντων
671 966 766 1020 καὶ
802 968 911 1020 τῶν
950 969 1221 1041 ἐσομένων
1261 969 1352 1023 ἐπὶ
1395 970 1486 1023 τὸν
1519 970 1631 1023 ῐῐα-

94 1059 202 1129 τέρα
228 1057 517 1125 ἀνάγοντος
537 1098 552 1124 ,
576 1059 670 1111 καὶ
700 1058 790 1113 διὰ
822 1060 1039 1114 πάντων
1064 1061 1165 1131 τὴν
1191 1060 1414 1133 πρώτην
1453 1062 1631 1115 αἰτίαν

93 1154 187 1213 τοῖς
224 1147 527 1219 ἀνθρώποις
565 1150 975 1216 ὑποδεικνύντος
1030 1153 1281 1224 εἰρῆσθαι
1317 1152 1630 1225 νομίζομεν.

106 1241 233 1293 Ἑπεί
262 1239 375 1303 πῶς
416 1240 450 1312 ἢ
488 1243 611 1305 ταῖς
655 1241 870 1307 λοιπαῖς
904 1245 1231 1316 μαρτυρίαις
1273 1244 1370 1313 τῆς
1408 1245 1632 1317 Γραφῆς

94 1330 345 1387 ἀκολουθεῖ
373 1333 436 1385 τὸ
471 1333 667 1404 ῥητὸν,
715 1335 748 1406 ἢ
800 1338 920 1399 ταῖς
968 1338 1173 1400 κοιναῖς
1210 1335 1364 1408 ἡμῶν
1404 1336 1634 1400 ἐννοίαις

97 1424 380 1495 συμϐαίνειν
404 1424 650 1488 δύναται,
681 1426 787 1481 τῶν
813 1429 1253 1482 πεπιστευκότων
1279 1429 1461 1483 εἰκόνα
1491 1424 1633 1482 εἶναι

93 1515 172 1569 τοῦ
197 1515 319 1569 Θεοῦ
367 1516 461 1569 τοῦ
508 1517 739 1589 ἀοράτου
772 1519 862 1573 τὸν
895 1520 1170 1591 Μονογενῆ
1192 1562 1206 1586 ,
1242 1522 1424 1575 εἰκόνα
1462 1520 1519 1574 δὲ
1568 1521 1630 1574 οὐ

93 1610 406 1682 χαρακτῆρος
447 1610 793 1682 σωματικοῦ,
830 1611 945 1665 ἀλλ’
991 1611 1163 1682 αὐτῆς
1205 1612 1306 1683 τῆς
1354 1612 1630 1684 θεότητος,

92 1704 173 1756 καὶ
191 1702 286 1754 τῶν
316 1703 715 1773 ἐπινοουμένων
738 1705 804 1775 τῇ
838 1703 993 1775 οὐσίᾳ
1020 1702 1112 1757 τοῦ
1139 1703 1274 1757 Θεοῦ
1305 1702 1629 1775 μεγαλείων,

90 1793 247 1845 εἰκόνα
297 1792 579 1862 δυνάμεως
608 1833 625 1858 ,
678 1793 861 1848 εἰκόνα
921 1794 1111 1863 σοφίας
1144 1835 1158 1859 ,
1223 1794 1359 1848 καθὸ
1420 1794 1633 1867 εἴρηται

1731 595 1869 646 novit
1903 592 2101 653 Filium
2135 596 2238 650 nisi
2268 595 2433 649 Pater
2455 596 2521 650 θ’.
2567 596 2752 669 Neque
2806 600 2950 654 enim
2988 601 3076 655 hic
3139 604 3297 673 igno-

1730 685 1918 757 rantiae
1952 686 2217 753 Spiritum
2251 693 2515 751 accusat;
2570 687 2664 742 sed
2698 698 2907 744 naturae
2958 706 3072 746 suae
3104 694 3297 764 cogni-

1729 776 1931 831 tionem
1975 776 2121 831 Patri
2161 778 2339 848 primo
2378 779 2562 835 inesse
2614 788 2868 835 testatur.
2912 781 3004 838 Sic
3026 792 3081 840 et
3120 786 3249 841 illud
3273 827 3291 851 ,

1733 866 1900 922 Nemo
1928 870 2027 922 scit
2050 869 2117 935 δ’,
2170 869 2240 924 ab
2291 885 2360 925 eo
2416 871 2650 941 primam
2681 887 2872 928 eorum
2898 890 3019 944 quae
3059 884 3210 942 sunt,
3240 886 3296 933 et

1729 977 1851 1032 quae
1883 962 2066 1017 futura
2094 972 2226 1018 sunt
2250 965 2619 1035 cognitionem
2659 965 2725 1020 ad
2753 965 2969 1022 Patrem
3007 969 3293 1037 referente,

1730 1060 1783 1107 et
1813 1055 1869 1108 in
1911 1056 2164 1111 omnibus
2204 1056 2433 1127 primam
2468 1072 2692 1111 causam
2731 1058 3043 1115 hominibus
3081 1061 3298 1116 demon-

1730 1149 1937 1198 strante
1997 1145 2201 1198 dictum
2254 1145 2549 1201 credimus.
2607 1148 2823 1217 AliOqui
2872 1151 3148 1219 quomodo
3204 1161 3298 1206 aut

1731 1250 1854 1289 cum
1900 1237 2127 1306 reliquis
2172 1236 2471 1307 Scriptura:
2511 1238 2838 1295 testimoniis
2874 1244 3179 1297 consentiat
3223 1245 3299 1297 di-

1729 1337 1874 1383 ctum
1905 1329 2070 1395 illud,
2116 1337 2209 1384 aut
2257 1345 2383 1385 cum
2428 1332 2810 1388 communibus
2855 1334 3063 1389 nostris
3120 1338 3300 1390 notio-

1730 1419 1891 1474 nibus
1938 1420 2212 1489 quadrare
2271 1420 2484 1490 possit,
2550 1422 2644 1491 qui
2698 1423 2974 1481 credimus
3006 1426 3300 1496 imaginem

1730 1526 1852 1567 esse
1896 1509 1990 1566 Dei
2032 1512 2327 1569 invisibilis
2369 1513 2756 1584 Unigenitum:
2787 1517 3076 1588 imaginem
3117 1529 3299 1574 autem

1731 1616 1839 1656 non
1897 1602 2080 1673 figura:
2134 1618 2456 1675 corporeae,
2491 1605 2585 1659 sed
2627 1606 2801 1676 ipsius
2850 1607 3193 1671 divinitatis,
3246 1618 3303 1665 et

1731 1693 2142 1763 magnificorum
2182 1695 2589 1759 attributorum,
2650 1713 2772 1767 qua:
2805 1698 2860 1753 in
2915 1698 3011 1755 Dei
3061 1702 3300 1756 essentia

1732 1782 2113 1855 intelliguntur
2152 1801 2169 1838 :
2234 1787 2524 1857 imaginem
2564 1790 2824 1857 virtutis,
2867 1793 3155 1863 imaginem
3210 1810 3302 1851 sa-

89 1882 296 1953 Χριστὸς
328 1882 462 1936 Θεοῦ
498 1883 758 1955 δύναμις,
806 1886 900 1939 καὶ
941 1884 1076 1938 Θεοῦ
1114 1885 1312 1955 σοφίας
1353 1886 1532 1953 Μέρος
1571 1886 1628 1939 δὲ

1735 1874 1972 1943 ρὶεηιίιε,
2005 1884 2278 1946 quatenus
2309 1879 2567 1937 Christus
2602 1883 2784 1940 dictus
2818 1893 2902 1940 est
2940 1885 3035 1941 Dei
3082 1888 3256 1943 virtus
3278 1927 3296 1952 .

86 1975 301 2045 δηλονότι
330 1977 429 2046 τῆς
465 1974 656 2047 σοφίας
709 1976 741 2046 ἡ
775 1974 1001 2045 γνῶσις*
1042 1975 1109 2047 ἢν
1160 1976 1260 2029 οὐκ
1312 1973 1626 2039 ἐξεικονίζει

88 2044 277 2130 πάσαν,
309 2044 467 2138 εἴπερ
494 2044 652 2120 τινῶν
676 2044 1075 2120 ἀπολείπεται.-
1091 2066 1217 2130 Πῶς
1254 2065 1310 2119 δὲ
1337 2065 1429 2119 καὶ
1462 2068 1491 2118 6
1519 2066 1629 2119 Πα-

86 2155 293 2227 τὴρ,δι’
324 2150 384 2210 οὐ
417 2157 547 2220 τοὺς
585 2155 788 2221 αἰῶνας
825 2156 1083 2229 ἐποίησε,
1127 2154 1302 2226 τούτῳ
1335 2154 1397 2208 τὸ
1445 2153 1628 2225 ἐλάχι-

87 2264 193 2301 στον
242 2248 403 2320 μέρος
452 2247 564 2301 τῶν
618 2247 860 2313 αἰώνων,
906 2247 1004 2320 τὴν
1039 2247 1252 2320 ἡμέραν
1286 2246 1502 2318 ἐκείνην
1535 2247 1629 2299 καὶ

83 2340 169 2411 τὴν
194 2339 335 2411 ὥραν
354 2379 368 2400 .
399 2342 502 2394 οὐκ
537 2340 772 2407 έδειξεν;
802 2342 872 2394 Ἤ
904 2341 1021 2404 πῶς
1046 2342 1076 2394 6
1098 2338 1206 2393 τῶν
1236 2339 1371 2393 ὅλων
1401 2337 1629 2409 ποιητὴς

83 2432 163 2485 τοῦ
190 2433 465 2513 ἐλαχίστου
496 2432 698 2504 μέρους
720 2433 829 2486 τῶν
862 2433 954 2486 ὑπ’
984 2431 1149 2487 αὐτοῦ
1178 2430 1500 2485 κτισθέντων
1529 2430 1630 2499 τῆς

83 2522 310 2591 γνώσεως
351 2524 747 2592 άπολείπεται;
803 2526 863 2578 Ὀ
919 2525 976 2578 δὲ
1015 2525 1189 2595 λέγων
1208 2566 1223 2590 ,
1275 2524 1501 2596 πλησίον
1533 2522 1628 2576 τοῦ

82 2614 245 2680 τέλους
268 2657 283 2680 ,
319 2617 452 2691 τάδε
481 2618 575 2672 καὶ
605 2619 733 2672 τάδε
770 2621 830 2673 ἐν
873 2618 952 2690 τῷ
982 2619 1195 2691 οὐρανῷ
1224 2622 1423 2691 σημεῖα
1454 2619 1547 2672 καὶ
1572 2620 1629 2671 ὲν

82 2711 176 2771 τοῖς
198 2709 335 2763 κατὰ
366 2689 474 2781 γῆν
504 2710 721 2781 χωρίοις
748 2689 1082 2783 φανήσεσθαι
1106 2750 1121 2775 ,
1159 2689 1435 2775 πῶς-αὐτὸ
1464 2709 1525 2762 τὸ
1546 2709 1634 2763 τέ-

81 2798 157 2861 λος
202 2800 417 2868 ἁγνοεῖ;
463 2802 553 2855 Ἐν
606 2796 688 2865 οἷς
734 2801 840 2874 γάρ
882 2802 1066 2872 λέγει,
1105 2803 1279 2857 Οὔπω
1321 2801 1389 2855 τὸ
1431 2802 1630 2866 τέλος,

80 2896 164 2964 οὐχ
216 2895 291 2959 ὡς
346 2897 705 2967 ἀμφιϐάλλων
738 2938 753 2961 ,
813 2898 928 2952 ἀλλ’
973 2899 1049 2963 ὼς
1111 2898 1266 2967 εἰδὼς
1319 2898 1629 2971 διορίζεται.

83 2989 294 3042 Ἔπειτα
336 2989 520 3057 μέντοι
568 2991 927 3061 εὐγνωμόνως
963 2990 1288 3059 σκοποῦντι,
1335 2991 1509 3045 πολλὰ
1537 2993 1633 3047 καί¹

77 3083 172 3135 ἀπὸ
194 3083 282 3136 τοῦ
310 3082 647 3156 ἀνθρωπίνου
681 3084 880 3155 μέρους
904 3085 933 3137 6
963 3084 1166 3156 Κύριος
1192 3084 1495 3154 διαλέγεται
1521 3086 1633 3149 τοῖς

75 3175 396 3248 ἀνθρὼποις’
447 3171 561 3231 οἷον
602 3176 736 3247 (57),
771 3178 883 3242 Δός
923 3196 1024 3261 μοι
1068 3178 1261 3243 πιεῖν,
1319 3179 1468 3250 φωνή
1513 3179 1629 3230 ἐστι
1655 3218 1697 3276 C

75 3267 156 3321 τοῦ
208 3269 414 3340 Κυρίου
481 3270 581 3342 τὴν
638 3270 955 3341 σωματικὴν
1010 3271 1200 3341 χρείαν
1256 3271 1626 3343 ἐκπληροῦσα.

74 3362 255 3415 Καίτοι
302 3363 331 3415 ό
379 3362 547 3417 αἰτῶν
584 3363 706 3434 οὐχὶ
740 3361 877 3435 σάρξ
907 3357 975 3435 ἦν
1008 3361 1211 3434 ἄψυχος
1232 3404 1245 3422 ,
1276 3362 1412 3416 ἀλλὰ
1440 3362 1630 3431 θεότης

77 3454 226 3523 σαρκὶ
277 3452 505 3525 ἐμψύχῳ
564 3455 900 3526 κεχρημένη.
973 3453 1131 3508 Οῦτω
1178 3456 1272 3509 καὶ
1299 3455 1395 3509 νῦν
1436 3456 1499 3508 τὸ
1529 3456 1629 3526 τῆς

72 3543 280 3611 ἀγνοίας
308 3546 401 3599 ἐπὶ
432 3546 525 3599 τὸν
568 3546 926 3617 οἰκονομικῶς
960 3547 1139 3601 πάντα
1171 3546 1627 3619 καταδεξάμενον,

72 3635 154 3687 καὶ
199 3637 575 3708 προκόπτοντα
607 3638 757 3711 παρὰ
800 3637 920 3709 Θεῷ
967 3638 1065 3692 καὶ
1105 3638 1414 3711 ἀνθρώποις
1468 3639 1631 3711 σοφίᾳ

69 3730 154 3782 καὶ
195 3730 416 3802 χάριτι,
470 3731 763 3804 λαμϐάνων
801 3750 920 3800 τις,
952 3734 1054 3788 οὐκ
1080 3732 1185 3801 ἕξω
1233 3733 1330 3805 τῆς
1374 3732 1631 3797 εὐσεϐοῦς

68 3822 407 3893 ὲνεχθήσεται
437 3824 696 3888 διανοίας.

125 3912 177 3965 2.
224 3914 341 3984 Τῆς
369 3915 469 3986 σῆς
506 3916 550 3968 δ’
579 3915 645 3970 ἂν
666 3915 751 3987 εἴη
782 3915 1093 3986 φιλοπονίας
1116 3916 1224 3987 (58)
1248 3913 1502 3969 ἐκθέσθαι
1531 3915 1631 3980 τὰς

64 4003 420 4072 εὐαγγελικάς
453 4009 640 4079 ῥήσεις
664 4050 679 4071 ,
717 4011 810 4063 καὶ
846 4012 1131 4080 συγκρῖναι
1161 4008 1417 4079 ἀλλήλαις
1442 4010 1540 4081 τήν
1571 4024 1648 4062 τε·

65 4091 341 4147 Ματθαίου
397 4096 495 4149 καὶ
535 4095 634 4169 τὴν
669 4098 917 4168 Μάρκου.
957 4090 1116 4151 Οῦτοι
1153 4098 1262 4170 γὰρ
1306 4098 1457 4170 μόνοι
1506 4114 1633 4151 συν-

62 4184 370 4253 ενεχθέντες
409 4187 541 4259 περὶ
589 4187 680 4241 τὸν
712 4188 874 4243 τόπον
910 4189 1098 4243 τοῦτον
1130 4188 1377 4260 ἀλλήλοις
1413 4188 1630 4253 φαίνον-

60 4290 155 4329 ται.
200 4276 268 4329 Ἥ
318 4278 421 4348 μὲν
461 4273 554 4333 οῦν
607 4278 702 4333 τοῦ
752 4279 1030 4335 Ματθαίου
1078 4279 1223 4345 λέξις
1260 4278 1434 4343 οὕτως
1477 4279 1589 4350 ἔχει
1613 4296 1627 4309 ·

58 4365 183 4433 Περί
207 4368 284 4422 δὲ
332 4367 448 4437 τῆς
480 4369 703 4440 ἡμέρας
743 4370 987 4439 ἐκείνης
1031 4371 1132 4426 καί
1174 4370 1285 4441 τῆς
1329 4370 1485 4440 ὄφεις
1518 4370 1629 4442 (59)

56 4458 244 4525 οὐδεὶς
286 4456 490 4525 οἶδεν,
525 4461 667 4515 οὐδὲ
702 4465 756 4518 οἱ
803 4461 1043 4533 ἄγγελοι
1077 4461 1195 4517 τῶν
1231 4462 1502 4530 οὐρανῶν
1526 4502 1540 4527 ,
1578 4464 1633 4516 εἰ

1728 1976 1781 2020 et
1821 1963 1916 2020 Dei
1945 1968 2210 2036 sapientia
2233 1969 2319 2024 “?
2342 1971 2594 2028 Profecto
2624 1981 2803 2029 autem
2825 1990 2954 2045 pars
2979 1984 3063 2030 est
3089 1979 3303 2048 sapien-

1725 2056 1816 2111 tia:
1881 2058 2121 2130 cognitio
2153 2099 2168 2125 ,
2225 2075 2389 2131 quam
2438 2077 2546 2118 non
2598 2070 2771 2119 totam
2827 2070 3299 2137 repraesentat,si

1727 2148 1857 2219 quid
1886 2150 1934 2206 ei
1959 2150 2137 2206 adesit.
2174 2152 2461 2219 Quomodo
2503 2163 2682 2211 autem
2726 2155 2890 2214 Pater
2916 2159 2988 2226 ei,
3012 2176 3108 2230 per
3133 2177 3295 2232 quem

1727 2242 2251 2316 sreculacondidit,
2319 2246 2596 2302 minimam
2654 2258 2862 2320 partem
2924 2253 3245 2308 saeculorum
3280 2296 3295 2315 .

1727 2333 1870 2388 diem
1918 2333 2072 2387 illum
2128 2344 2182 2391 et
2228 2336 2461 2406 horam,
2510 2353 2620 2393 non
2686 2341 2972 2396 ostendit?
3012 2343 3122 2398 Aut
3158 2360 3299 2415 quo-

1728 2424 1890 2479 modo
1931 2426 2310 2483 universorum
2358 2427 2643 2497 Conditor,
2700 2432 2941 2489 minima;
2978 2436 3151 2505 partis
3200 2452 3297 2492 eo-

1727 2533 1849 2573 rum
1874 2560 1887 2581 ,
1921 2534 2043 2588 quae
2076 2534 2106 2573 a
2152 2535 2211 2576 se
2249 2521 2469 2577 condita
2512 2532 2661 2589 sunt,
2692 2526 3001 2596 cognitione
3028 2528 3295 2584 destitue-

1732 2610 1993 2677 tur?.Qui
2038 2619 2219 2667 autem
2265 2615 2446 2680 dicit,
2496 2618 2971 2689 appropinquante
3012 2619 3139 2685 fine,
3180 2621 3297 2676 haec

1728 2710 1783 2758 et
1831 2702 1922 2757 illa
1967 2703 2022 2757 in
2062 2706 2204 2759 cmlo
2252 2707 2406 2777 signa
2444 2714 2498 2762 et
2543 2708 2597 2761 in
2624 2709 2784 2764 terris
2808 2710 2981 2765 visum
3005 2710 3110 2775 iri,
3157 2728 3297 2783 quo-

1729 2794 1890 2849 modo
1943 2796 2121 2866 ipsum
2176 2795 2337 2852 finem
2387 2798 2644 2868 ignorat?
2713 2799 2851 2853 Dum
2916 2802 3060 2857 enim
3121 2803 3292 2858 dicit:

1731 2885 1983 2942 Nondum
2012 2889 2135 2958 ﬁnis
2163 2890 2228 2957 “,
2259 2905 2368 2945 non
2400 2892 2557 2962 quasi
2590 2892 2868 2957 dubitans,
2897 2896 2990 2950 sed
3029 2902 3088 2949 ut
3115 2896 3295 2954 sciens

1730 2978 1979 3034 afﬁrmat.
2022 2979 2246 3048 Deinde,
2291 2983 2337 3038 si
2380 2984 2506 3054 quis
2535 2999 2692 3056 aequo
2731 2986 2915 3041 animo
2937 2988 3244 3045 consideret
3275 3029 3293 3053 ,

1731 3072 1902 3125 multa
1944 3080 1997 3128 et
2035 3088 2101 3128 ex
2157 3073 2394 3129 humana
2440 3085 2594 3146 parte
2628 3076 2887 3134 Dominus
2936 3078 3156 3135 disserit
3197 3082 3297 3135 lzo-
3352 3118 3357 3127 .

1730 3165 1976 3221 minibus
2010 3181 2025 3220 :
2081 3181 2205 3220 nam
2239 3166 2396 3234 illud,
2447 3167 2533 3222 Da
2573 3169 2700 3223 mihi
2750 3169 2923 3225 bibere
2947 3171 3014 3237 “,
3057 3187 3163 3228 vox
3211 3181 3297 3228 est

1731 3252 1989 3321 Domini,
2038 3271 2354 3327 corpoream
2412 3247 2765 3329 indigentiam
2822 3261 3068 3332 explens.
3116 3262 3297 3334 Atque

1728 3348 1777 3403 is
1802 3348 2020 3419 quidem
2055 3350 2148 3419 qui
2193 3351 2449 3420 petebat,
2504 3367 2614 3407 non
2663 3367 2794 3408 caro
2826 3362 2945 3409 erat
2969 3355 3294 3423 inanimata,

1730 3441 1824 3497 sed
1884 3442 2145 3498 divinitas
2200 3458 2364 3499 carne
2414 3445 2654 3500 animata
2700 3453 2881 3503 utens.
2938 3448 3014 3501 lta
3041 3456 3097 3503 et
3150 3466 3296 3504 nunc

1729 3518 1936 3604 siquis
1981 3535 2346 3606 ignorantiam
2407 3536 2555 3591 illam
2620 3538 2687 3592 ad
2744 3554 2867 3594 eum
2913 3539 3153 3605 referat,
3201 3543 3296 3611 qui

1728 3627 1911 3682 omnia
1945 3642 2042 3697 per
2071 3627 2535 3697 dispensationem
2566 3630 2844 3700 suscepit,
2879 3638 2933 3685 et
2966 3646 3151 3687 coram
3185 3631 3296 3689 Deo

1729 3726 1783 3772 et
1815 3718 2128 3775 hominibus
2173 3721 2440 3791 sapientia
2465 3730 2520 3777 et
2546 3722 2722 3792 gratia
2751 3722 3018 3793 profecit;
3063 3724 3111 3780 is
3142 3733 3295 3781 extra

1728 3812 1873 3881 piam
1898 3826 2006 3866 non
2026 3811 2232 3867 feretur
2255 3812 2606 3868 sententiam.
3182 3870 3186 3877 ,

1798 3898 1854 3953 2.
1893 3898 2013 3954 1am
2044 3907 2152 3956 tuae
2198 3901 2515 3972 diligentiae
2542 3901 2706 3958 fuerit
2751 3903 3097 3974 evangelicas
3134 3921 3297 3964 voces

1729 4007 2022 4063 exponere,
2053 4002 2108 4049 et
2137 3993 2371 4049 Matthrei
2412 4009 2476 4049 ac
2510 3995 2676 4049 Marci
2715 3995 2858 4051 dicta
2892 3996 3039 4053 inter
3077 4014 3139 4054 se
3161 4015 3296 4055 con~

1731 4084 1893 4141 ferre.
1951 4084 2017 4140 Hi
2066 4087 2212 4142 enim
2257 4087 2359 4142 soli
2406 4088 2553 4141 circa
2610 4088 2754 4143 hunc
2819 4089 3000 4144 locum
3053 4090 3196 4147 inter
3237 4107 3327 4147 se-

1729 4160 2078 4233 concurrisse
2133 4179 2563 4249 comperiuntur.
2648 4179 2711 4234 Et
2777 4179 3014 4236 Mattbaai
3079 4183 3297 4252 quidem

1729 4266 1897 4323 dictio
1952 4268 2035 4343 sic
2086 4283 2147 4325 se
2191 4269 2355 4325 habet
2406 4285 2421 4323 :
2467 4269 2539 4325 De
2582 4270 2668 4326 die
2716 4281 2892 4327 autem
2945 4273 3045 4329 illa
3085 4283 3138 4328 et
3164 4273 3300 4331 liora

1729 4375 1880 4414 nemo
1940 4362 2078 4428 scit,
2126 4379 2190 4417 ne
2218 4362 2465 4419 calorum
2500 4364 2713 4435 quidem
2763 4366 2966 4438 angeli,
3030 4367 3140 4422 nisi
3197 4366 3328 4422 Ραρ-

1732 4460 1808 4505 ter
1837 4452 1984 4509 solus
2007 4454 2075 4510 “.
2114 4453 2280 4510 Marci
2305 4463 2488 4512 autem
2523 4456 2600 4512 ita
2639 4472 2654 4510 :
2686 4456 2766 4513 De
2786 4459 2871 4514 die
2901 4464 3095 4515 ’autem
3122 4459 3219 4514 illo
3249 4471 3301 4512 et

54 4552 127 4619 μὴ
148 4557 182 4607 ὁ
205 4554 424 4623 Πατὴρ
448 4554 669 4623 μόνοςο
702 4555 735 4625 ἡ
764 4554 822 4609 δὲ
840 4554 932 4609 τοῦ
961 4554 1213 4626 Μάρκου·
1244 4554 1384 4623 Περί
1418 4552 1486 4608 δὲ
1517 4552 1628 4622 τῆς

1735 4546 1862 4600 hora
1926 4564 2075 4602 nemo
2141 4548 2283 4613 scit,
2353 4564 2516 4619 neque
2568 4549 2740 4621 angeli
2797 4552 2851 4605 in
2914 4551 3067 4618 calo,
3138 4566 3301 4622 neque

54 4643 270 4714 ἡμέρας
304 4646 553 4714 ἐκείνης
584 4645 682 4700 καὶ
725 4645 880 4715 ὥρας
926 4646 1123 4714 οὐδεὶς
1159 4642 1323 4702 οἶδεν
1344 4686 1361 4712 ,
1397 4643 1540 4700 οὐδὲ
1573 4646 1632 4699 οἰ

50 4734 286 4804 ἄγγελοι
334 4741 393 4793 οἳ
439 4737 511 4791 ἐν
550 4737 783 4807 οὐρανῷ
810 4737 957 4809 (60),
993 4738 1136 4793 οὐδὲ
1175 4741 1210 4794 ό
1250 4737 1419 4805 Υἰὸς,
1454 4739 1508 4791 εἰ
1538 4736 1627 4807 μὴ

50 4829 81 4879 ό
107 4829 338 4899 Πατήρ.
374 4829 446 4882 Τί
471 4829 651 4883 τοίνυν
675 4830 822 4883 ἐστὶν
853 4831 909 4883 ὲν
942 4830 1153 4894 τούτοις
1183 4829 1627 4902 ἐπισημήνασθαι

47 4916 216 4986 ἇξιον;
262 4922 399 4973 Ὅτι
426 4922 457 4973 6
490 4921 586 4991 μὲν
620 4919 897 4984 Ματθαῖος
920 4919 1070 4975 οὐδὲν
1094 4912 1216 4973 εἰπε
1243 4919 1372 4991 περὶ
1401 4919 1499 4990 τῆς
1532 4918 1628 4973 τοῦ

50 5008 165 5062 Υἱοῦ
208 5010 542 5080 ἀγνωσίας·
591 5011 739 5065 δοκεῖ
767 5010 824 5065 δὲ
869 5009 948 5082 τῷ
1001 5011 1213 5083 Μάρκῳ
1253 5009 1628 5084 συμφέρεσθαι

108 5134 150 5164 ⁶⁶
185 5134 400 5201 Matth.
446 5148 534 5197 xl,
574 5132 665 5186 27.
771 5134 812 5165 ⁶¹
856 5131 1044 5188 Matth.
1084 5145 1253 5198 xxrv,
1287 5129 1378 5187 56.

48 5203 87 5232 ⁸³
116 5204 308 5259 Matth.
346 5220 510 5269 xxw,
540 5204 632 5261 36.
707 5204 753 5235 “
770 5202 939 5257 Marc.
971 5218 1093 5269 xm,
1133 5201 1223 5258 52.

107 5324 218 5395 ($6)
270 5320 479 5395 Ἀμὰ
521 5318 752 5395 πρώξῳ.
800 5318 925 5395 Duo
979 5318 1149 5395 Regii
1176 5316 1418 5395 codices,
1475 5314 1621 5395 Ἶρι..

45 5386 299 5454 Claroni.,
337 5393 522 5460 Bigot.
555 5400 609 5444 et
632 5388 807 5444 Paris.
842 5389 1041 5444 habent
1067 5386 1202 5442 ἀλλὰ
1226 5387 1458 5460 πρῶτον.
1488 5386 1623 5442 Cum

44 5466 194 5519 editis
223 5464 322 5518 alii
358 5462 590 5515 codices
620 5460 991 5515 consentiunt.

105 5538 215 5603 (57)
252 5533 396 5597 Τοῖς
427 5529 760 5603 ανθρώπρις
779 5547 808 5603 -_
834 5525 982 5603 οἷον.
1019 5529 1141 5584 litec
1166 5528 1349 5583 addita
1381 5543 1451 5603 εἷς
1477 5525 1627 5603 codi-

42 5596 413 5667 cibns'MedL,
453 5596 832 5670 Harl..,Coisl.
874 5598 1049 5670 primo
1081 5611 1134 5656 et
1168 5614 1277 5653 uno
1309 5614 1376 5653 ex
1416 5596 1622 5670 Regiis.

44 5675 173 5732 Editi
204 5674 559 5741 διαλέγεται.
609 5669 844 5743 Τδῇίάρ.
876 5667 1005 5743 110x
1044 5671 1125 5743 hae
1160 5684 1344 5743 voces,
1380 5667 1623 5743 τοῦ-Κυ-

49 5751 173 5818 ρίου.
214 5738 532 5818 «suntin
562 5738 870 5818 judicib'us
898 5740 1045 5806 Vat.,
1083 5738 1538 5818 Coisl.__secundq
1570 5743 1626 5791 et

46 5805 247 5875 duobus
286 5813 516 5886 Regiis.
562 5805 732 5867 Paulo
765 5819 888 5883 post
917 5821 1125 5883 septem
1169 5810 1428 5867 codices:
1469 5805 1624 5862 Οὐτω

1733 4638 1911 4694 Filius
1944 4679 1959 4703 ,
1983 4640 2087 4694 nisi
2116 4639 2281 4694 Pater
2302 4640 2366 4695 '°.
2399 4640 2539 4708 Quid
2574 4649 2753 4699 autem
2783 4643 2840 4698 in
2893 4643 2982 4700 his
3004 4644 3323 4699 observatu-

1732 4733 1956 4804 dignum
2002 4733 2135 4789 est?
2188 4731 2325 4788 illud
2383 4750 2621 4806 nempe,
2705 4734 3016 4790 Mattheum
3077 4736 3296 4806 quidem

1732 4825 1869 4882 nihil
1923 4824 2127 4894 dixisse
2156 4824 2224 4879 de
2251 4824 2371 4881 Filii
2400 4823 2562 4898 332
2604 4826 2932 4898 ignorantia,
2981 4826 3155 4882 videri
3214 4833 3300 4880 ta-

1733 4931 1858 4971 men
1907 4930 2033 4971 cum
2073 4914 2256 4971 Marco
2295 4917 2606 4972 consentire
2641 4915 2822 4986 quoad
2857 4930 3112 4979 sensum,
3163 4913 3295 4969 dum

1734 5007 1843 5072 ait,
1892 5003 2017 5061 Nisi
2046 5007 2190 5062 solus
2242 5006 2425 5063 Pater.
2465 5005 2578 5064 Nos
2619 5022 2783 5078 porro
2813 5008 3190 5064 existimamus
3231 5006 3298 5061 il-

1480 5131 1526 5163 “
1562 5129 1583 5184 Ι
1621 5129 1746 5185 Cor.
1792 5145 1843 5193 l,
1909 5127 1999 5181 24.
2102 5128 2148 5160 ⁸³
2187 5125 2376 5182 Matth.
2447 5143 2598 5193 xxrv,
2645 5125 2699 5182 6.
2773 5124 2821 5157 “
2855 5123 3012 5182 Joan.
3086 5141 3172 5190 iv,
3239 5124 3292 5181 7.

1728 5314 1904 5368 τοίνυν
1932 5313 1992 5367 τὸ
2018 5316 2118 5385 τῆς
2155 5313 2374 5382 ἀγνοίας
2418 5312 2510 5366 ἐπὶ
2541 5312 2631 5366 τὸν
2664 5312 3058 5383 προκόπτοντα.
3089 5311 3295 5368 Caetera

1729 5387 1944 5439 desunt.

1798 5454 1909 5525 (58;
1942 5454 2322 5525 Φιλοπονίας.
2348 5452 2516 5508 Coisi.
2540 5452 2750 5523 primus
2779 5451 3111 5522 φιλοσοφίας,
3139 5459 3193 5507 et
3224 5453 3293 5509 ad

1729 5524 2025 5592 marginem
2058 5532 2117 5578 ut
2154 5524 2208 5578 in
2239 5524 2418 5579 editis.

1799 5596 1910 5666 (59)
1937 5591 2041 5649 Kal
2070 5593 2179 5661 τῆς
2212 5593 2386 5664 ὥρας.
2416 5591 2538 5666 ﬂare
2558 5592 2756 5666 desunt
2785 5592 2847 5655 in,
2881 5591 3130 5662 pluribus
3153 5608 3290 5650 mss.

1726 5663 1901 5719 Paulo
1927 5673 2048 5737 post
2077 5663 2618 5737 quinquegcodicesﬂ
2653 5663 2820 5736 ὥρας.
2950 5734 2959 5737 _
3032 5734 3041 5737 _
3129 5703 3167 5737 _,

1799 5731 2003 5860 (6D)d'ot
2026 5731 2379 5804 ἐνόὐράνῷ.
2408 5733 2570 5791 Deest
2604 5731 2777 5806 prima
2805 5734 2996 5790 vocula
3029 5734 3084 5790 in
3118 5731 3292 5790 Coisi.

1799 5822 1895 5860 cun
1940 5820 1992 5860 ο.
2990 5830 2995 5835 ι

1727 5820 1992 5863 secundo.
2990 5830 2995 5835 ‘
