3754 6496
554 373 658 428 879

1855 366 1912 423 S.
1956 366 2125 422 BASil

2241 364 2450 421 MAGNI
3609 373 3677 428 880

557 483 684 545 iud,
739 480 913 542 solus,
963 485 1021 532 ut
1065 477 1272 548 angelis
1310 487 1635 548 opponatur,
1687 476 1886 532 dictum
1936 477 2124 544 fuisse,

2235 481 2372 533 κατὰ
2406 480 2503 549 τὴν
2543 478 2782 542 ἔννοιαν,
2819 478 2882 530 ἐκ
2913 476 3006 531 τοῦ
3047 477 3207 548 φάναι
3231 518 3245 543 ,
3283 483 3344 535 ει
3375 481 3449 551 μὴ
3486 486 3512 537 ὀ
3548 489 3682 559 Πατὴρ

555 578 780 630 minime
807 587 934 628 vero
966 570 1162 626 Filium
1202 588 1308 627 una
1361 585 1484 625 cum
1511 571 1627 625 suis
1665 570 1838 625 servis
1879 585 2126 640 compre-

562 663 746 728 hendi,
794 669 1058 734 quantum
1107 661 1301 714 attinet
1331 659 1396 713 ad
1441 659 1826 731 ignorantiam.
1859 659 1955 715 Est
1981 661 2125 714 enim

562 769 721 809 verax
766 753 860 822 qui
916 749 1289 821 pronuntiavit
1327 767 1339 802 :
1388 746 1582 803 Omnia
1625 763 1944 817 qua’cunque
1975 744 2128 800 habet

566 842 757 922 Pater,
808 857 924 894 mea
993 849 1114 893 sunt
1139 839 1204 892 ⁸⁷.
1253 836 1428 892 Unum
1480 847 1660 892 autem
1718 853 1907 892 eorum
1941 877 1956 901 ,
2009 854 2130 907 qua:

563 934 755 997 habet,
787 941 871 988 est
913 939 967 985 et
1000 930 1117 1000 ipsa
1157 930 1386 998 hujusce
1430 929 1537 985 diei
1582 940 1638 986 et
1690 931 1836 984 hora:
1867 931 2126 1000 cognitio.

565 1023 792 1078 Silentio
843 1021 1007 1092 igitur
1047 1019 1498 1090 prmtermittens,
1541 1030 1600 1074 ut
1645 1021 1868 1075 minime
1912 1029 2130 1074 contro-

562 1130 798 1178 versam,
850 1130 1003 1170 suam
1047 1113 1218 1182 ipsius
1266 1128 1556 1182 personant
1594 1113 1647 1166 in
1704 1111 1939 1167 Matthaei
1981 1113 2130 1167 dicto

565 1208 844 1269 Dominus,
877 1205 1097 1276 angelos
1128 1204 1265 1258 dixit
1300 1203 1587 1273 ignorare,
1622 1205 1764 1260 scire
1810 1216 1988 1258 autem
2036 1203 2134 1257 Pa-

563 1309 698 1354 trem
728 1298 925 1361 solum,
968 1293 1148 1350 Patris
1179 1295 1548 1366 cognitionem
1575 1297 1742 1349 tacite
1771 1311 1927 1350 suam
1954 1295 2130 1365 ipsius

561 1408 682 1447 esse
721 1392 944 1454 docens,
993 1404 1060 1443 eo
1095 1387 1238 1458 quod
1270 1399 1324 1443 et
1367 1387 1492 1441 alibi
1525 1389 1897 1457 pronuntiarit.
1934 1403 1946 1438 :
1982 1386 2130 1443 Sicut

561 1485 822 1554 cognoscit
876 1498 955 1535 me
1009 1480 1210 1544 Pater,
1258 1489 1308 1533 ct
1356 1496 1449 1550 ego
1500 1496 1754 1549 cognosco
1815 1479 2029 1533 Patrem
2063 1481 2128 1534 "'.

560 1576 714 1643 Quod
771 1575 818 1629 si
851 1572 1013 1628 Pater
1061 1572 1256 1626 Filium
1294 1579 1465 1626 totum
1521 1571 1759 1626 totaliter
1807 1572 2128 1642 cognoscit,

563 1671 637 1724 ita
687 1677 744 1723 ut
793 1676 848 1724 et
888 1665 1224 1722 reconditam
1279 1665 1333 1718 in
1383 1663 1500 1733 ipso
1545 1664 1871 1736 sapientiam
1912 1679 2130 1718 onmem

561 1763 849 1834 perspiciat
887 1779 900 1815 :
938 1758 1054 1828 pari
1089 1771 1344 1811 mensura
1375 1763 1430 1812 et
1473 1771 1504 1810 a
1550 1754 1690 1809 Filio
1727 1768 2128 1826 cognoscetur,

559 1833 682 1906 cum
719 1847 869 1904 omni
919 1846 1082 1901 insita
1130 1845 1204 1899 illi
1241 1844 1508 1914 sapientia
1559 1852 1613 1898 et
1670 1845 2006 1913 praenotione
2047 1845 2130 1898 l'u-
2164 1833 2204 1886 Β

562 1953 826 1997 turorum.
867 1938 957 1992 Sic
986 1938 1150 2008 igitur
1190 1936 1324 1992 illud
1357 1934 1590 1990 Matthaai
1618 1973 1634 1999 ,
1669 1932 1791 1987 Nisi
1819 1937 1966 1988 solus
2017 1935 2130 1988 Pa-

562 2046 670 2100 ter,
747 2029 1158 2103 interpretando
1229 2027 1542 2082 leniendum
1613 2025 1891 2082 ducimus.
1963 2026 2130 2082 Marci

559 2136 736 2183 autem
781 2125 966 2191 verba,
1013 2123 1139 2194 quia
1188 2128 1374 2192 aperte
1429 2119 1683 2174 videntur
1711 2119 1888 2188 ipsum
1935 2118 2131 2173 Filium

559 2237 588 2274 a
642 2218 951 2290 cognitione
987 2213 1279 2271 excludere
1308 2256 1323 2280 ,
1369 2214 1445 2267 ita
1494 2211 1855 2284 intelligimus
1909 2231 1922 2266 :
1962 2211 2132 2267 Nemo

559 2313 733 2380 novit,
790 2324 971 2381 neque
1025 2306 1201 2378 angeli
1244 2304 1374 2372 Dei,
1427 2304 1522 2360 sed
1556 2319 1656 2359 nec
1686 2303 1858 2360 Filius
1899 2310 2129 2369 nosset,

559 2403 670 2460 nisi
727 2411 915 2457 nosset
967 2399 1170 2466 Pater;
1221 2398 1323 2453 hoc
1360 2404 1465 2461 est,
1512 2411 1680 2452 causa
1719 2403 1774 2451 et
1805 2394 2134 2467 principium

535 2487 892 2572 cognitionis
937 2495 1061 2551 Filii
1113 2510 1144 2548 a
1179 2493 1342 2548 Patre
1387 2500 1490 2548 est.
1538 2489 1616 2545 Ac
1646 2488 2132 2560 violentaquidem

559 2610 668 2648 non
706 2601 812 2661 est,
841 2591 886 2646 si
941 2590 1068 2660 quis
1096 2601 1252 2657 sequo
1290 2585 1472 2638 animo
1504 2583 1692 2638 audiat
1717 2624 1734 2650 ,
1769 2583 1882 2637 haec
1918 2581 2128 2652 exposi-

559 2686 677 2753 tio;
733 2680 1177 2755 quandoquidem
1228 2693 1336 2732 non
1386 2675 1648 2746 adjicitur
1692 2675 1858 2737 solus,
1898 2682 1960 2728 ut
1991 2673 2135 2744 apud

561 2778 896 2833 Matthzeum.
947 2772 1096 2828 Mens
1133 2771 1299 2842 igitur
1329 2767 1498 2822 Marci
1547 2776 1632 2822 est
1670 2766 1941 2838 ejusmodi
1984 2781 1997 2818 :
2061 2765 2138 2822 De

561 2873 649 2926 die
707 2879 886 2924 autem
940 2867 1032 2920 illa
1062 2876 1155 2918 aut
1202 2864 1334 2918 hora
1385 2875 1546 2916 nemo
1577 2861 1703 2926 scit,
1747 2875 1926 2929 neque
1957 2858 2136 2928 angeli

563 2963 696 3026 Dei,
727 2938 850 3015 'sed
901 2973 1002 3011 nec
1048 2953 1218 3008 Filius
1265 2950 1484 3022 quidem
1544 2958 1758 3015 nosset,
1795 2949 1900 3004 nisi
1949 2956 2138 3004 nosset

561 3055 769 3117 Pater;
823 3047 1092 3119 siquidem
1133 3047 1180 3101 ei
1221 3059 1251 3098 a
1305 3043 1464 3097 Patre
1515 3040 1640 3094 data
1701 3039 1962 3110 cognitio.
2021 3038 2137 3094 Hoc

2220 574 2424 640 μόνος.
2468 571 2657 640 ⁹Ιίμεῖς
2701 569 2756 622 δὲ
2811 569 3092 639 ἡγούμεθα
3133 571 3221 634 τὸ,
3252 573 3455 640 μόνος,
3493 577 3594 648 πρλις
3622 584 3683 651 τὴν

2225 663 2332 716 τῶν
2378 663 2621 730 ἀγγέλων
2655 660 3059 732 ἀντιδιαστολὴν
3107 661 3215 733 (61)
3270 665 3521 735 εξρῆσθαι·
3556 671 3619 722 τῂν
3648 674 3685 725 δε

2226 755 2354 809 Υἱδν
2394 755 2470 827 μὴ
2506 753 3140 825 συμπαραλαμϐάνεσθαι
3175 760 3287 821 τοῖς
3337 759 3505 813 ἐαυτοῦ
3531 762 3684 829 δοῦλοις,

2227 846 2366 900 κατὰ
2406 847 2503 914 τὴν
2546 847 2787 914 ἄγνοιαν.
2832 844 3092 916 Ἀψευδὴς
3119 846 3228 917 γὰρ
3256 848 3287 900 ὁ
3310 849 3479 912 strain,
3505 851 3686 905 ὃτιΠὰν-

2226 956 2299 994 τα
2327 938 2443 992 ὅσα
2471 938 2594 1007 ἔχει
2635 940 2666 990 ό
2703 935 2906 1004 Πατὴρ
2935 936 3047 1005 ἐμά
3073 938 3262 991 ἐστιν.
3304 940 3394 992 Ἕν
3418 940 3495 1002 δέ,
3517 935 3574 995 ὧν
3601 946 3684 1014 ἔχει,

2228 1032 2320 1084 καὶ
2346 1033 2378 1101 ἡ
2410 1030 2608 1099 γνῶσίς
2632 1032 2746 1083 ἐστι
2776 1029 2874 1100 τῆς
2900 1029 3110 1100 ἡμέρας
3143 1031 3354 1099 ἐκείνης
3377 1033 3459 1084 καὶ
3482 1033 3683 1106 τῆς

2227 1123 2674 1195 Παρασιωπήσας
2703 1121 2911 1182 τοίνυν,
2945 1122 3020 1185 ὡς
3059 1121 3501 1193 ὁμολογούμενον,
3540 1123 3584 1176 τὺ
3612 1126 3685 1177 ἐι)-

2227 1214 2320 1268 τοῦ
2355 1213 2644 1286 πρόσωπον
2683 1215 2742 1266 ἐν
2771 1216 2837 1285 τῇ
2881 1213 3024 1278 λέξει
3065 1211 3158 1266 τοῦ
3191 1212 3458 1266 Ματθαίου
3489 1215 3513 1266 6
3539 1215 3682 1284 Kﬁptrg,

2227 1307 2353 1370 τοὺς
2384 1305 2650 1375 ἀγγέλους
2683 1302 2831 1357 εἶπεν
2861 1306 3072 1374 ἀγνοεῖν
3093 1346 3108 1368 ,
3147 1305 3341 1359 είδέναι
3371 1304 3422 1358 δέ
3451 1305 3527 1357 τὸν
3546 1306 3686 1377 Πατέρα

2232 1396 2420 1466 μόνον·
2451 1395 2550 1467 τὴν
2577 1394 2671 1447 τοῦ
2713 1393 2923 1466 Πατρδς
2956 1395 3157 1463 γνῶσιν
3192 1394 3335 1447 κατὰ
3355 1394 3411 1446 τὸ
3440 1395 3686 1464 σιωπῶμεν»

2230 1489 2324 1541 καὶ
2353 1485 2545 1540 ἐαυτοῦ
2593 1482 2733 1540 εἶναι
2762 1486 2964 1554 λέγων,
3015 1486 3104 1540 διὰ
3133 1485 3194 1538 τὸ
3224 1486 3320 1538 καὶ
3353 1487 3406 1538 ἐν
3430 1485 3573 1547 ἄλλοις
3596 1490 3687 1554 εἰρη-

2230 1579 2417 1634 κέναι·
2458 1577 2663 1644 Καθὼς
2701 1576 2977 1648 γινώσκει
3025 1595 3102 1648 με
3153 1581 3186 1632 ό
3224 1575 3453 1645 Πατήρ,
3494 1578 3612 1646 κάγὼ
3641 1597 3688 1645 π-

2230 1669 2440 1724 νώσκω
2489 1669 2597 1723 τὸν
2630 1668 2880 1739 Πατέρα.
2919 1669 2983 1722 Ei
3029 1669 3086 1722 δέ
3113 1667 3371 1737 γινώσκει
3407 1670 3433 1721 6
3475 1669 3614 1737 Πατὴρ

2233 1761 2360 1814 Υἱὺν
2410 1761 2526 1815 ὅλον
2581 1760 2647 1813 δι’
2702 1760 2860 1825 ὅλου,
2894 1759 3034 1814 ὥστε
3088 1761 3181 1812 καὶ
3231 1759 3331 1830 τὴν
3378 1761 3688 1829 ἐναπολιειμὲην

2233 1849 2381 1921 αὑτῴ
2408 1849 2519 1921 (62)
2554 1849 2746 1919 σοφίαν
2778 1851 2959 1904 πᾶσαν
3008 1850 3334 1904 ἐπίστασθαι
3354 1867 3366 1879 ·
3409 1851 3530 1902 κατὰ
3553 1851 3597 1901 τὸ
3625 1853 3688 1901 ira

2235 1943 2431 2015 μέτρον
2465 1945 2558 1996 καὶ
2606 1942 3073 2014 ἐπιγνωσθήσεται
3100 1943 3252 2013 παρὰ
3280 1942 3372 1996 τοῦ
3411 1940 3686 2011 “05,61,251-

2232 2037 2333 2101 ότι,
2396 2037 2534 2108 μετὰ
2577 2036 2758 2106 πάσης
2807 2038 2906 2107 τῆς
2953 2033 3367 2106 ἐνυπαρχούσης
3418 2033 3541 2102 αὺτῴ

2233 2129 2325 2182 καὶ
2377 2129 2476 2199 τῆς
2531 2126 2892 2199 προγνώσεως
2932 2126 3040 2180 τῶν
3073 2126 3394 2197 μελλόντων.
3434 2125 3604 2195 Ταύτης
3635 2123 3689 2193 μὲν

2232 2217 2325 2276 οὖν
2371 2220 2627 2292 ἁξιοῦμεν
2679 2221 2780 2291 τῆς
2834 2219 3187 2293 παραμυθίας
3233 2219 3297 2271 τὸ
3337 2218 3474 2289 παρὰ
3517 2216 3576 2286 τῷ
3602 2217 3691 2268 Μιτ-

2234 2315 2370 2384 θαίῳ
2399 2314 2678 2384 κείμενονο
2731 2315 2802 2368 El
2823 2312 2908 2383 μὴ
2937 2316 2969 2366 ὀ
3005 2311 3209 2379 Πατὴρ
3232 2311 3435 2380 μόνος.
3462 2310 3523 2362 T6
3547 2309 3588 2362 δὲ
3607 2309 3694 2376 Μάρ-

2235 2423 2363 2471 κου,
2415 2404 2601 2476 ὲπειδὴ
2632 2403 2879 2476 φανερῶς
2919 2403 3064 2456 δοκεῖ
3103 2402 3198 2455 καὶ
3236 2401 3328 2454 τὸν
3376 2402 3490 2454 Υἱὸν
3523 2398 3693 2467 ἀπομερί-

2234 2499 2348 2564 ζειν
2380 2497 2480 2568 τῆς
2522 2495 2803 2566 γνώσεως,
2847 2494 2990 2548 οὕτω
3023 2494 3282 2565 νοοῦμεν·
3319 2495 3397 2547 ὅτι
3435 2492 3578 2553 0665i;
3598 2486 3692 2548 οἶδεν,

2235 2590 2359 2644 οὔτε
2415 2589 2468 2642 οἱ
2508 2587 2726 2656 ἄγγελοι
2775 2586 2868 2640 τοῦ
2925 2585 3096 2650 Θεοῦ,
3135 2585 3254 2638 ἀλλ’
3287 2585 3404 2639 οὺδέ
3455 2586 3480 2636 6
3515 2580 3693 2644 muta;

2236 2684 2378 2752 ἔγνω
2403 2722 2418 2744 ,
2452 2683 2499 2734 εί
2537 2679 2612 2751 μὴ
2651 2682 2679 2732 ὁ
2719 2679 2938 2749 Πατήρ·
2980 2677 3295 2741 τουτέστιν,
3345 2679 3379 2747 ἡ
3430 2674 3553 2727 αἰτία
3574 2671 3696 2723 mlti-

2233 2775 2382 2828 δέναι
2410 2772 2500 2825 τὸν
2534 2771 2664 2824 Υίὸν
2689 2769 2840 2840 παρὰ
2877 2767 2970 2821 τοῦ
3007 2768 3240 2838 Πατρός.
3268 2767 3378 2820 Καὶ
3411 2763 3696 2823 Miseri;

2234 2867 2312 2938 τῷ
2347 2862 2708 2934 εὐγνωμόνως
2758 2860 3016 2914 ἀκούοντι
3043 2862 3076 2931 ὴ
3116 2857 3377 2930 ἐξήγησις
3406 2857 3547 2925 αὕτη·
3581 2849 3698 2917 ἐπειδὴ

2235 2959 2294 3012 οὐ
2323 2957 2642 3029 πρόσκειται
2677 2953 2737 3007 τὺ
2769 2953 2957 3021 μόνος
2977 2992 2992 3016 ,
3016 2951 3091 3014 ὡς
3115 2950 3213 3004 καὶ
3240 2948 3390 3019 παρὰ
3419 2947 3485 3016 τῷ
3511 2943 3695 3008 Mariae.

2239 3049 2426 3102 Ἔστιν
2461 3042 2552 3099 οὖν
2588 3045 2616 3097 ὁ
2646 3041 2769 3107 νοῦς
2790 3044 2818 3108 6
2843 3041 2992 3112 παρὰ
3016 3038 3094 3110 τῷ
3122 3039 3338 3110 Μάριῳ
3369 3037 3596 3097 τοιοῦτος’
3619 3031 3698 3098 Περὶ

564 3156 746 3198 autem
782 3140 851 3196 de
894 3118 1037 3193 iFilio
1090 3146 1142 3192 et
1169 3135 1406 3190 maxime
1454 3133 1604 3203 pium
1635 3141 1690 3188 et
1725 3132 1995 3187 divinitati
2026 3147 2125 3186 non

2237 3139 2294 3192 δὲ
2343 3137 2439 3206 τῆς
2488 3134 2700 3206 ἡμέρας
2743 3133 2960 3202 ἐκείνης
2999 3130 3110 3200 (64)
3150 3131 3184 3199 ἢ
3223 3129 3372 3200 ὧρας
3420 3126 3562 3188 οὐδεὶς
3599 3118 3696 3180 οἶδεν.

563 3237 881 3293 indecorum
914 3234 1065 3289 dictu
1095 3241 1208 3298 est,
1239 3246 1362 3286 eum
1401 3230 1470 3285 ab
1498 3245 1594 3294 eo,
1643 3230 1734 3285 cui
1769 3228 2134 3284 consubstan-

562 3333 707 3387 tialis
730 3339 835 3396 est,
871 3329 1070 3384 habere
1099 3333 1157 3381 ut
1201 3332 1520 3395 cognoscat,
1575 3334 1736 3394 atque
1765 3322 1821 3377 in
1861 3321 2010 3376 omni
2055 3337 2138 3377 sa-

562 3423 762 3496 pientia
790 3427 845 3478 et
862 3419 1144 3490 majestate
1169 3414 1442 3472 divinitati
1485 3430 1598 3470 suae
1617 3420 1988 3469 consentanea
2009 3426 2138 3467 con-

562 3515 848 3588 spiciatur.

2241 3228 2364 3283 οὖτε
2391 3228 2440 3280 οί
2472 3225 2694 3295 ἄγγελοι
2738 3222 2832 3276 τοῦ
2863 3221 2995 3275 Θεοῦ
3018 3261 3032 3285 ,
3066 3221 3180 3274 ἀλλ’
3212 3221 3322 3274 οὐδ’
3353 3220 3414 3274 ἂν
3440 3221 3465 3272 ὁ
3486 3214 3695 3280 Υἱκέγνω,

2243 3323 2290 3374 εί
2335 3319 2408 3390 μὴ
2440 3319 2468 3373 6
2509 3317 2730 3387 Πατήρο
2763 3317 2828 3367 ἐκ
2874 3313 2983 3385 γὰρ
3020 3313 3113 3367 τοῦ
3155 3311 3370 3378 Πατρος
3409 3308 3533 3379 αὐτῷ
3567 3305 3696 3373 iam:

2241 3410 2494 3482 δεδομένη
2529 3412 2560 3481 ή
2606 3407 2828 3478 γνῶσις.
2867 3405 3039 3460 Τοῦτο
3066 3405 3122 3459 δὲ
3158 3401 3513 3476 εὐφημότατόν
3542 3401 3623 3451 ἐστι
3644 3393 3698 3445 11".

2243 3501 2546 3575 θεοπρεπὲς
2598 3501 2728 3572 περὶ
2760 3499 2854 3554 τοῦ
2890 3497 3022 3552 Υἱοῦ
3054 3497 3271 3567 λέγειν,
3323 3499 3402 3550 ὅτι
3443 3490 3578 3562 οὗπέρ
3613 3492 3698 3540 ἐπι

560 3579 842 3684 ὁμοούσιος
863 3649 879 3674 ,
913 3607 970 3674 ἐξ
1000 3603 1165 3660 αὐτοῦ
1205 3605 1297 3658 καὶ
1324 3601 1386 3656 τὸ
1417 3601 1708 3672 γινώσκειν
1741 3600 1856 3672 ἔχει
1882 3639 1897 3663 ,
1929 3597 2025 3652 καὶ
2073 3598 2134 3652 τὸ
2174 3600 2232 3653 ἐν
2261 3599 2408 3670 πάσῃ
2443 3597 2604 3670 σοφίᾳ
2638 3597 2733 3650 καὶ
2758 3594 2885 3670 δόξῃ
2916 3593 3029 3665 (65)
3077 3595 3143 3664 τῇ
3190 3590 3465 3664 πρεπούσῃ
3509 3581 3626 3639 αὑτοῦ
3659 3579 3694 3642 τί

562 3707 775 3776 θεότητι
805 3700 1147 3774 θεωρεῖσθαι.
1434 3735 1456 3766 ι

631 3802 684 3854 3.
727 3798 881 3866 Quod
911 3804 1121 3866 spectat
1149 3795 1216 3850 ad
1274 3792 1593 3851 Jecboniam
1620 3832 1637 3857 ,
1679 3804 1842 3860 quem
1893 3787 2135 3859 proscri—

563 3905 714 3964 ptum
767 3907 835 3946 ex
887 3887 1071 3943 Judtea
1126 3895 1274 3941 terra
1323 3885 1494 3939 fuisse
1521 3883 1655 3937 dicit
1686 3882 1947 3952 propheta
1979 3878 2134 3936 Jere-

564 3987 702 4039 mias
740 3984 826 4038 his
851 3982 1035 4036 verbis
1079 3995 1094 4031 :
1154 3977 1511 4032 Inhonoratus
1557 3983 1635 4031 cst
1689 3973 1970 4028 Jechonias
2017 3981 2136 4026 tau-

563 4091 719 4147 quam
750 4090 863 4137 vas,
911 4071 1062 4139 cujus
1101 4085 1206 4123 non
1254 4077 1330 4122 est
1385 4067 1626 4131 utilitas;
1669 4074 1718 4120 et
1748 4065 1872 4135 quia
1913 4061 2136 4131 rejectus

564 4175 641 4221 est
671 4166 778 4234 ipse
809 4173 859 4216 et
887 4178 1059 4218 semen
1082 4159 1219 4230 ejus,
1254 4174 1414 4228 neque
1447 4172 1511 4211 ea:
1535 4156 1729 4210 semine
1754 4154 1868 4223 ejus
1895 4158 2139 4220 exsurget

564 4259 654 4330 qui
684 4255 860 4312 sedeat
889 4268 1044 4323 super
1071 4251 1264 4305 solium
1294 4247 1486 4310 David,
1514 4248 1755 4317 princeps
1795 4246 1851 4299 in
1879 4242 2022 4297 Juda
2046 4241 2091 4274 "
2119 4259 2133 4296 :

565 4351 798 4420 simplex
824 4355 879 4403 et
910 4346 1063 4401 clara
1087 4351 1172 4400 est
1200 4341 1398 4398 oratio.
1428 4339 1562 4397 Nam
1593 4339 1800 4396 eversis
1825 4334 2141 4406 Hierosoly-

567 4444 672 4499 mis
694 4458 723 4498 a
749 4437 1272 4499 Nabuchodonosor,
1303 4433 1637 4490 dissolutum
1663 4431 1840 4486 fuerat
1870 4442 2096 4498 regnum
2121 4444 2135 4480 :

2311 3781 2363 3834 5.
2395 3779 2532 3849 Περὶ
2557 3777 2610 3830 δὲ
2646 3776 2740 3830 τοῦ
2774 3775 3022 3846 Ἰεχονίου
3049 3815 3065 3842 ,
3115 3773 3174 3827 ὃν
3219 3773 3530 3843 ἐκκήρυκτον
3549 3766 3624 3820 ἀπὸ
3640 3763 3693 3829 τῆς

2252 3869 2510 3932 ,ἰουδαίας
2538 3868 2642 3939 γῆς
2681 3865 3008 3938 γεγενῆσθαί
3051 3881 3216 3936 φησιν
3249 3865 3279 3917 6
3319 3864 3566 3935 προφήτης
3599 3857 3693 3939 Ἱερες

2245 3963 2372 4034 μίας
2422 3935 2626 4014 εἰπών·
2670 3935 2949 4028 Ἠτιμώθη
3001 3935 3283 4025 Ἰεχονίας
3325 3955 3400 4020 ὡς
3435 3948 3626 4012 σκεῦος,
3653 3935 3692 3994 οὗ

2238 4057 2348 4110 οὐκ
2376 4053 2547 4107 ἐστιν
2577 4050 2762 4106 αὑτοῦ
2802 4049 2975 4120 χρεία
2996 4065 3010 4078 ο
3052 4046 3149 4100 καί
3181 4045 3273 4100 ὅτι
3301 4043 3560 4113 ἁπερῤίφη
3587 4037 3694 4097 αὖτίς

2237 4145 2337 4200 καὶ
2368 4143 2435 4198 τὸ
2471 4143 2709 4212 σπέρμα
2751 4139 2963 4203 αὑτοῦ,
2995 4137 3093 4192 καί
3119 4138 3190 4192 οὐ
3221 4135 3309 4207 μὴ
3351 4129 3556 4199 ἀναστῇ
3575 4122 3693 4181 iuri!

2238 4238 2578 4306 σπέρματος
2631 4232 2817 4288 αὑτοῦ
2873 4229 3208 4299 καθήμενος
3265 4229 3362 4284 ἐπὶ
3418 4225 3510 4279 τοῦ
3561 4220 3695 4289 dedit?

2239 4329 2435 4393 Δαϐὶδ,
2462 4327 2662 4397 ἅρχων
2703 4326 2773 4379 ὲν
2819 4321 2900 4389 τῷ
2956 4321 3174 4390 Ἰούδςν
3231 4320 3434 4384 ἁπλοῦς
3475 4315 3550 4371 καὶ
3589 4308 3693 4376 assit

2239 4427 2386 4479 ἐστιν
2425 4422 2455 4474 6
2496 4420 2672 4490 λόγος.
2705 4416 3142 4489 Καθαιρεθείσης
3173 4415 3284 4487 γὰρ
3319 4415 3414 4484 τῆς
3453 4401 3693 4480 Ἱερουσῑλῆμ

565 4551 665 4591 rec
689 4534 800 4604 jam
831 4542 1022 4604 patria:
1051 4526 1432 4586 successiones
1463 4523 1894 4595 principatuum,
1939 4528 2001 4574 ut
2040 4532 2125 4572 an-

2243 4514 2351 4568 ὑπὸ
2375 4489 2870 4582 Ναϐουχοδονόσορ,
2907 4506 3094 4560 λέλυτο
3119 4506 3215 4576 μὲν
3251 4504 3319 4557 τὰ
3346 4489 3691 4604 βασίλεια,

567 4639 672 4691 tea,
702 4627 991 4697 vigebant:
1017 4622 1112 4680 sed
1141 4630 1294 4684 tunc,
1320 4617 1550 4688 imperio
1581 4611 1802 4684 delecti,
1831 4612 1887 4666 in
1905 4610 2138 4680 captivi-

567 4721 679 4776 tate
709 4717 970 4772 vivebant
997 4711 1220 4768 Davidis
1260 4709 1488 4780 posteri.
1515 4704 1741 4762 Reversi
1770 4711 1951 4757 autem
1985 4698 2142 4754 Sala-

569 4814 699 4869 tbiel
732 4819 786 4868 et
819 4806 1120 4863 Zorobabel
1153 4802 1316 4858 modo
1361 4801 1534 4870 magis
1581 4796 1830 4869 populari
1871 4799 2141 4864 praeerant

567 4904 771 4976 populo
788 4901 857 4966 τ’,
886 4898 1158 4955 translato
1187 4895 1448 4963 deinceps
1493 4889 1558 4944 ad
1614 4887 1986 4944 sacerdotium
2032 4885 2140 4940 im-

568 4975 744 5068 perio,
776 4999 1065 5064 propterea
1093 4986 1239 5058 quod
1278 4981 1636 5041 sacerdotalis
1682 4987 1738 5035 et
1771 4977 1923 5049 regia
1954 4975 2134 5031 tribus
2165 5040 2171 5048 _

570 5089 713 5144 inter
735 5102 795 5142 se
816 5083 1328 5140 commiscerentur.
1364 5073 1520 5130 Unde
1553 5072 1820 5128 Dominus
1847 5077 1904 5125 et
1932 5085 2030 5125 rex
2052 5077 2137 5124 est

2243 4608 2300 4661 δὲ
2347 4605 2610 4677 πατρικαὶ
2661 4601 2906 4672 διαδοχαὶ
2962 4597 3070 4651 τῶν
3126 4595 3428 4668 ἡγεμονιῶν
3472 4589 3560 4662 (66)
3589 4582 3690 4677 iisti

2245 4699 2434 4769 ῶσπερ
2462 4666 2559 4751 uel
2605 4666 2868 4768 πρότερῶ
2894 4709 2908 4722 ⁸
2959 4689 3094 4744 ἀλλά
3127 4666 3247 4742 “ut;
3280 4689 3377 4760 μὲν
3412 4685 3462 4751 ἐξ
3490 4666 3690 4769 ἀρχῆς

2243 4791 2346 4863 τῆς
2401 4762 2788 4861 (lupam-“£3;-
2833 4784 3019 4854 διῆγον
3075 4783 3123 4835 οἱ
3168 4781 3416 4848 ἀπόγονοι
3466 4773 3542 4828 τοῦ

2245 4854 2634 4946 causam,
2660 4879 2717 4932 δὲ
2759 4880 2810 4931 οἱ
2848 4877 2980 4946 περὶ
3015 4875 3109 4928 τὸν
3147 4872 3408 4943 Σαλαθιὴλ
3438 4869 3515 4923 καὶ
3545 4854 3690 4946 locst-

2242 4975 2355 5042 δελ,
2395 4975 2457 5045 δη
2468 4943 2832 5045 μοτιδιώτερον
2860 4943 3198 5036 κα-θηγοῦντο
3222 4965 3316 5018 τοῦ
3339 4959 3476 5022 λαοῦ,
3496 4943 3690 5045 τῆς

2241 5027 2567 5118 ᾀᾷιξεδῖὶπι
2611 5061 2710 5132 τὴν
2741 5027 3058 5129 ’ἱερωσύνην
3115 5050 3536 5126 μεταπεσούσης,
3578 5037 3632 5091 διὰ
3658 5027 3690 5079 τὸ

637 5246 681 5278 ⁸⁷
719 5243 878 5299 Joan.
919 5256 1036 5303 xvr,
1081 5238 1165 5292 15.
1243 5235 1287 5267 “'
1323 5231 1482 5288 Joan.
1523 5244 1580 5293 x,
1621 5227 1710 5283 i5.
1750 5227 1794 5261 ⁶⁹
1832 5223 1945 5280 Jcr.
1981 5227 2125 5289 χιιι,

2235 5219 2391 5272 ε-ῗιθ.
2467 5219 2514 5249 ὀ
2555 5215 2576 5269 ι
2614 5213 2776 5270 Esdr.
2817 5229 2914 5277 ιιι,
2953 5211 3009 5266 2.

643 5359 764 5432 (61)Δ
800 5351 1300 5432 Ἀντιδιαστολήν.
1335 5339 1485 5403 Harl.
1524 5359 1649 5400 cum
1683 5357 1793 5397 uno
1837 5357 1902 5397 ex
1953 5337 2141 5410 Regiis

570 5430 870 5488 διαστολὴν.

645 5431 979 5571 ἱῗῖἒῖλίλνῦτῷ.
1012 5493 1149 5549 Editi
1181 5493 1240 5571 ἐν
1276 5483 1616 5571 ,αὐτῷκβειί
1642 5479 2142 5571 deestprazpositio

573 5575 630 5628 ii.
648 5554 911 5639 ‘pldribus
925 5554 1082 5639 :mss.
1092 5637 1100 5639 _
1116 5554 1416 5639 codicibus,
1452 5557 1628 5639 iisque
1640 5554 1896 5639 Δοριίεῐέξιξ.⁸
1909 5559 2067 5639 ιιηιτιξὶτ

646 5619 1020 5712 @516an
1038 5619 1195 5712 τιάςε
1217 5619 1441 5712 basis"?
1464 5619 1846 5712 ίηζςφίιίέβξδέἱ
1869 5619 2144 5712 ἂϊέἕῖΨὶ

575 5690 875 5782 ιγνωῗὸοᾶ
901 5709 1054 5766 deest
1085 5690 1163 5759 ἄν’
1184 5703 1238 5759 in
1271 5690 1437 5756 Coisl.
1465 5697 1667 5770 primo,
1713 5692 1890 5758 Harl.,
1915 5690 2053 5746 Med.
2089 5697 2144 5746 et

577 5800 688 5836 uno
723 5779 912 5836 Restio.

577 5800 688 5840 uno
723 5795 912 5851 ttegio.

2315 5335 2425 5406 (64)
2462 5333 2752 5406 Ἐκείνηςς
2780 5328 2942 5384 Deest
2969 5341 3032 5384 ca
3057 5341 3160 5382 vox
3184 5327 3239 5381 in
3263 5322 3491 5395 pluribus
3507 5306 3686 5371 codicilli!

2243 5402 2352 5461 non
2383 5402 2803 5472 antiquissimis.

2945 5469 3030 5543 his
3063 5466 3293 5543 vocibus
3325 5462 3471 5518 habet
3495 5449 3615 5512 Coisl.
3636 5454 3685 5497 ετ·

2245 5539 2462 5601 cundus
2499 5542 2592 5596 ua!
2621 5540 2840 5610 γνώσει,
2870 5547 2919 5610 ct
2945 5539 3184 5592 scientia.
3355 5603 3365 5610 _
3464 5597 3490 5610 μ
3533 5608 3564 5610 λ
3603 5577 3683 5610 ωε

2318 5583 2843 5694 ξξξςῆῆὶεμιρῃιξῖἶέῖ
3203 5603 3367 5694 nostri
3387 5583 3686 5694 cgdicﬁﬂl:

2247 5659 2636 5759 ὴτέᾘένιςῶᾄΐ
2644 5659 2846 5759 i
3119 5670 3392 5759 ⁶ξιξρόαὲετιον.
3417 5669 3547 5724 Deest
3565 5659 3702 5744 τοίω.

2246 5747 2309 5812 iii
2333 5747 2506 5812 tribus
2540 5750 2931 5810 vetustissimis
2967 5747 3269 5805 codicibus.
