3754 6496
71 339 135 397 εει
856 325 1344 384 EPISTOLABUM
1383 327 1668 386 CLASSIS
1705 329 1769 386 ll.
1813 328 2030 385 EPlST.
2072 329 2398 387 CCXXXVI.
3101 332 3208 389 882

68 453 324 526 ἀναμιγῆναι
346 448 436 520 τὴν
465 443 740 518 ἱερατικὴν
768 446 862 498 καὶ
898 444 996 516 τὴν
1031 445 1311 518 βασιλικὴν
1341 447 1532 518 φυλήν.

1729 447 1971 520 pontifex
2011 448 2068 502 in
2099 447 2168 502 iis
2211 462 2332 516 qua:
2360 455 2488 502 sunt
2518 447 2585 500 ad
2633 445 2802 504 Deum
2823 449 2891 503 '“.
2927 450 3005 503 Ac
3032 450 3207 505 tribus

69 545 226 603 Ὀθενό
255 541 437 612 Κύριος
458 540 553 592 καὶ
591 535 839 608 βασιλεύς
868 537 985 590 ἐστι
1023 537 1117 590 καὶ
1155 537 1449 609 ἀρχιερεὺς
1471 537 1539 592 τὰ

1725 540 1860 595 idem
1897 541 2044 612 regia
2076 539 2144 594 ad
2183 553 2358 608 usque
2403 535 2607 593 Christi
2651 538 2942 594 adventum
2989 541 3207 606 minime

67 641 162 712 πρὸς
178 636 250 691 τὸν
272 633 409 688 Θεόν.
437 630 546 684 Καὶ
573 630 670 683 οὑκ
691 629 907 696 ἐξέλιπε
943 629 1042 701 μὲν
1065 630 1100 700 ἡ
1123 629 1374 702 βασιλικὴ
1399 629 1540 701 φυλὴ

1725 627 1876 696 fecit;
1908 643 2008 684 nec
2038 637 2218 682 tamen
2254 626 2488 696 amplius
2533 625 2675 682 sedit
2716 628 2772 682 in
2817 630 2960 684 solio
2990 629 3207 685 Davidis

66 733 179 802 μέχρι
196 728 277 797 τῆς
305 723 390 777 τοῦ
417 721 651 793 Χριστοῦ
681 721 983 792 παρουσίας
1002 739 1014 752 ·
1047 722 1110 774 οὐ
1149 721 1255 794 μὴν
1291 721 1373 775 ἔτι
1410 721 1542 776 εκά-

1723 735 1828 776 nen
1861 719 2160 776 Jechoniaa.
2207 717 2342 772 Nam
2381 718 2580 773 solium
2631 717 2880 790 profecto
2924 721 3072 792 regia
3119 721 3205 775 di-

63 823 166 874 οισεν
183 819 260 874 ἐπὶ
282 816 367 870 τοῦ
397 815 584 886 θρόνου
610 813 776 867 Δαϐὶδ
805 812 865 866 τὺ
894 813 1114 884 σπέρμα
1143 812 1239 866 τοῦ
1269 813 1538 884 Ἰεχονίου.

1726 813 1822 866 itas
1867 816 2240 880 nuncupatur.
2271 807 2433 878 363
2458 805 2692 862 Omnino
2735 815 2917 863 autem
2965 809 3208 864 historia:

62 912 205 982 Θρόνος
235 908 328 979 γὰρ
355 906 589 978 δηλονότι
636 905 852 973 λέγεται
890 904 952 957 τὸ
987 903 1263 974 βασιλικὸν
1304 905 1537 976 ἀξίωμα.

1723 901 1962 965 :ministi,
1995 900 2254 955 videlicet
2283 897 2528 954 Judaaam
2571 909 2788 954 omnem
2824 898 3010 955 Davidi
3048 903 3205 958 vecti-

63 1002 288 1066 Πὰντωςδὲ
321 1001 412 1070 τῆς
434 997 673 1070 ἱστορίας
699 997 995 1068 μέμνησαι,
1028 997 1110 1051 ὅτι
1146 997 1416 1068 ὑπόφορος
1444 997 1542 1068 μὲν

1723 996 1816 1050 lem
1847 993 2039 1056 fuisse,
2078 999 2132 1046 et
2177 989 2488 1054 ldumaaam,
2534 999 2587 1046 et
2630 989 2984 1045 Matibitarum
3032 993 3205 1062 regio-

59 1092 104 1165 ἦν
124 1093 182 1164 τῷ
201 1091 342 1144 sane
367 1091 515 1144 πᾶσα
536 1090 569 1159 ἡ
603 1088 852 1152 Ἰουδαία,
888 1089 980 1142 καὶ
1008 1089 1042 1159 ἡ
1074 1087 1341 1160 Ἰδουμαία
1365 1086 1538 1160 χώρα,

1727 1100 1788 1152 n,
1818 1093 1874 1141 et
1914 1080 2085 1154 Syria:
2114 1091 2296 1153 partes
2320 1089 2434 1136 tum
2469 1082 2761 1137 viciniores
2798 1090 2910 1136 tum
2961 1086 3209 1138 remotio-

62 1188 124 1240 καὶ
147 1186 170 1254 ἡ
196 1180 464 1245 Μωαϐῖτις,
497 1179 593 1234 καὶ
621 1179 724 1250 τῆς
764 1180 964 1251 Συρίας
1008 1181 1108 1234 ὅσα
1146 1197 1204 1234 τε
1245 1181 1541 1251 πρόσχωρα

1725 1194 1732 1232 ι
1781 1176 1850 1231 ad
1899 1191 2074 1246 usque
2132 1173 2598 1246 Mesopotamiam,
2649 1184 2702 1230 et
2741 1189 2806 1230 ex
2843 1175 3011 1230 altera
3057 1184 3207 1245 parte

62 1279 123 1329 ul
145 1275 196 1328 τὰ
222 1273 528 1346 πορρωτέρω
564 1271 726 1344 μέχρι
746 1272 846 1343 τῆς
883 1272 1072 1342 Μέσης
1102 1271 1211 1326 τῶν
1241 1271 1536 1342 ποταμῶνο

1727 1285 1818 1340 lue
1845 1269 1913 1324 ad
1941 1269 2138 1325 ﬂumen
2169 1267 2410 1339 Egypti.
2437 1267 2628 1340 Itaque
2669 1268 2718 1323 si
2750 1267 2932 1322 nullus
2969 1284 3000 1322 e
3031 1275 3209 1338 postc-

61 1370 121 1421 ul
151 1365 247 1419 καθ’
272 1366 444 1434 ἕτερον
471 1365 585 1435 (67)
617 1366 782 1436 μέρος
818 1365 922 1429 ἕως
961 1365 1202 1436 ποταμοῦ
1240 1366 1536 1436 Αἰγύπτου.

1751 1361 1819 1416 ad
1862 1368 2072 1416 tantam
2119 1367 2444 1430 potestatem
2485 1361 2749 1430 pervenit,
2798 1359 3073 1430 quomodo
3113 1373 3207 1414 vc-

60 1459 100 1509 El
128 1453 199 1509 οὖν
236 1455 393 1518 οὐδεὶς
445 1455 618 1527 ἐφάνη
649 1455 740 1509 ὲπί
786 1453 1041 1509 τοσούτου
1085 1455 1394 1527 ἀξιώματος
1433 1457 1540 1510 τῶν

1727 1468 1762 1507 n
1801 1452 2043 1508 nonfuit
2083 1451 2231 1522 quod
2273 1450 2480 1506 dictum
2521 1457 2604 1506 est
2637 1465 2666 1504 a
2705 1452 2985 1522 propheta,
3039 1450 3209 1504 nemi-

64 1547 154 1616 μετὰ
173 1544 336 1608 ταῦτα,
364 1544 480 1608 πῶς
508 1546 610 1599 ούκ
637 1545 845 1616 ἀληθὴς
873 1547 902 1598 ό
934 1546 1027 1598 τοῦ
1054 1548 1336 1619 προφήτου
1362 1546 1538 1614 λόγος,

1727 1560 1764 1598 n
1797 1559 2082 1601 sessurum
2124 1544 2179 1598 in
2222 1543 2363 1598 solio
2396 1541 2616 1598 Davidis
2663 1559 2729 1598 ex
2777 1544 2982 1598 semine
3013 1539 3209 1597 Jecho-

60 1641 111 1691 ὖτι
138 1639 311 1692 οὐκέτι
358 1637 625 1692 καθιεῖται
657 1639 750 1691 ἐπὶ
793 1637 886 1690 τοῦ
927 1637 1116 1710 Θρόνου
1151 1638 1316 1692 Δασιδ
1352 1641 1415 1692 ὲκ
1445 1638 1538 1692 τοῦ

1725 1635 1786 1690 e?
1812 1635 1979 1690 Nemo
2009 1635 2154 1690 enim
2187 1650 2254 1690 ex
2288 1635 2410 1704 ipso
2437 1644 2618 1699 ortus,
2649 1633 2791 1687 hanc
2824 1635 3050 1703 gloriam
3076 1648 3207 1688 con-

62 1731 292 1800 σπέρματος
323 1729 575 1800 Ἰεχονίου
598 1747 613 1796 ;
641 1729 829 1793 Οὐδεὶς
851 1730 961 1802 γὰρ
989 1731 1236 1798 φαίνεται
1260 1730 1360 1800 τῆς
1385 1730 1540 1796 ἀξίας

1721 1734 1868 1782 :utus
1899 1727 2255 1798 comperitur.
2283 1725 2400 1781 Non
2426 1735 2607 1781 tamen
2629 1726 2826 1780 defecit
2850 1726 3020 1780 tribus
3041 1725 3203 1790 Jutla,

59 1819 199 1888 ταύτης
229 1818 611 1890 ἐπειλημμένος
643 1818 703 1884 ἐξ
742 1818 932 1873 αὑτοῦ.
970 1821 1045 1873 υύ
1077 1820 1258 1890 μέντοι
1299 1819 1541 1885 ἐξέλιπεν

1725 1833 1817 1874 nec
1843 1818 1992 1873 venit
2020 1819 2108 1873 cui
2139 1819 2440 1888 repositum
2465 1826 2583 1873 erat
2605 1819 2652 1850 "
2683 1837 2695 1872 :
2725 1820 2814 1886 qui
2852 1833 2918 1872 ne
2949 1819 3064 1887 ipse
3087 1819 3207 1888 qui-

57 1909 164 1980 ἡτιιῦ
189 1911 332 1963 Ἰούδα
361 1889 520 1982 φυλὴ,
543 1912 650 1975 εως
677 1907 738 1966 οὗ
764 1908 926 1982 ἦλθεν
957 1905 1003 1980 ᾧ
1024 1889 1300 1979 ἀπέκειτο,
1331 1913 1389 1976 ὃς
1422 1913 1539 1966 οὐδὲ

1721 1925 1764 1963 m
1827 1911 1883 1964 in
1941 1911 2212 1980 corporali
2269 1910 2467 1964 throno
2510 1910 2790 1975 consedit;
2845 1889 3044 1980 quippe
3082 1925 3203 1962 cum

57 2001 165 2061 αὐτὸς
199 1999 447 2070 ἐκαθέσθη
490 2001 587 2053 ἐπὶ
623 1999 715 2054 τοῦ
755 2000 1070 2072 σωματικοῦ
1121 2001 1340 2073 Θρόνου,
1385 2017 1539 2072 μετα-

1721 2002 1970 2058 mslatum
2001 2001 2114 2070 jam
2155 2009 2302 2056 esset
2325 1999 2617 2055 Iudaicum
2672 2017 2896 2072 regnum
2936 2001 2988 2054 in
3036 1999 3203 2054 (illum

56 2090 257 2160 πεσούσης
301 2090 480 2145 λοιπὸν
512 2092 616 2162 τῆς
667 2092 964 2163 Ἰουδαϊκῆς
999 2091 1276 2162 βασιλείας
1325 2093 1416 2146 ἐπὶ
1453 2093 1538 2145 τὸν

1722 2092 1974 2148 calonita:
2001 2092 2267 2161 Antipatri
2296 2090 2584 2156 Herodem,
2613 2091 2841 2162 ejusque
2863 2091 3086 2156 liberos,
3113 2091 3204 2161 qui

57 2178 218 2231 υἱὸντοῦ
267 2179 655 2234 Ἀσκαλωνίτου
708 2182 1062 2252 Ἀντιπάτρου
1117 2181 1360 2254 Ἡρώδην
1383 2223 1397 2246 ,
1454 2183 1539 2236 καὶ

1726 2184 1887 2239 imam
1914 2187 1968 2239 in
1997 2195 2236 2256 quatuor
2265 2185 2604 2256 principatus
2632 2184 2955 2248 diviserunt,
2981 2185 3208 2254 praeside

56 2271 137 2331 toi;
157 2269 330 2323 ἐκείνου
366 2272 585 2337 παῖδας,
620 2272 674 2325 οἳ
700 2273 780 2335 είς
798 2273 1074 2345 τέσσαρας
1096 2275 1270 2345 ἀρχὰς
1294 2277 1538 2328 κατενεί-

1724 2277 1864 2331 idem
1913 2276 2121 2344 Pilato,
2166 2291 2438 2330 summam
2494 2285 2673 2332 autem
2717 2277 2930 2346 imperii
2982 2278 3205 2330 Βοωοηί

59 2375 174 2425 gum
199 2359 281 2430 τὴν
315 2359 600 2426 Ἰουδαίαν,
624 2361 1046 2432 ἡγεμονεύοντος
1077 2363 1176 2433 μὲν
1204 2364 1458 2429 Πιλάτου,
1486 2366 1541 2419 τὸ

1729 2377 1972 2426 lestatem
2005 2376 2226 2424 tenente
2257 2367 2496 2424 Tiberio.
2534 2367 2639 2424 Sed
2664 2369 2922 2422 thronum
2948 2368 3079 2424 dicit
3113 2369 3211 2421 lla-

55 2447 90 2498 δὲ
127 2446 303 2518 σύμπαν
351 2450 450 2520 τῆς
501 2451 822 2524 Ῥωμαῖκῆς
869 2454 1044 2525 ἀρχῆς
1089 2455 1288 2524 κράτος
1333 2455 1537 2526 ἔχοντος

1725 2461 1808 2528 Iis,
1868 2460 1924 2515 in
1973 2476 2084 2532 quo
2128 2459 2395 2516 Dominus
2451 2461 2610 2524 sedit,
2662 2474 2886 2531 regnum
2940 2460 3207 2516 eversloni

56 2536 240 2608 Τιϐερίου
271 2539 394 2612 (68).
443 2542 611 2595 Ἀλλὰ
657 2541 845 2614 Θρόνον
878 2543 1026 2613 λέγει
1058 2545 1252 2609 Δαϐὶδ,
1289 2548 1373 2616 ἐφ’
1420 2548 1480 2601 ὃν
1519 2551 1538 2602 ἐ

1727 2553 1783 2605 Ili
1841 2551 2159 2606 obnoxium.
2221 2552 2342 2621 Ipse
2391 2551 2530 2605 enim
2585 2560 2662 2606 est
2716 2552 3035 2619 exspectatio
3083 2567 3209 2621 gen-

56 2628 198 2699 Κὺριος
219 2631 441 2700 ἐκάθισε,
479 2632 582 2705 τὴν
623 2634 986 2706 άκαθαίρετον
1020 2635 1315 2705 βασιλείαν.
1356 2639 1538 2706 Αὐτὸς

1729 2659 1777 2696 m
1797 2643 1864 2710 ",
1899 2657 2008 2698 non
2031 2651 2209 2699 autem
2256 2643 2494 2698 minimae
2522 2643 2694 2713 partis
2732 2633 2882 2698 orbis
2907 2651 3207 2706 terrarum;

56 2719 127 2788 γάρ
160 2724 268 2778 ἐστι
305 2727 631 2794 προσδοκία
676 2728 868 2783 ἐθνῶν
889 2771 904 2791 ,
950 2729 1072 2799 ούχὶ
1125 2729 1220 2783 τοῦ
1264 2731 1538 2801 ἐλαχίστου

1730 2736 1767 2788 it
1808 2735 1970 2800 enim,
2003 2735 2201 2804 inquit,
2236 2733 2395 2788 radix
2424 2733 2599 2798 Iesse,
2639 2743 2687 2788 et
2731 2735 2820 2804 qui
2859 2737 3125 2805 consurgit
3156 2742 3212 2786 ut

57 2813 198 2882 μέρους
216 2817 302 2887 τῆς
322 2819 650 2891 οίκουμένης
670 2837 683 2850 ·
716 2821 924 2874 Ἔσται
963 2822 1093 2889 γὰρ,
1131 2823 1316 2891 φησὶν,
1346 2822 1384 2889 ὴ
1417 2821 1539 2890 ῥίζα

1725 2827 1883 2896 Enceps
1929 2827 1998 2880 sit
2055 2827 2285 2897 gentium
2315 2840 2332 2879 :
2361 2825 2415 2878 in
2464 2826 2577 2894 ipso
2619 2833 2792 2895 gentes
2845 2824 3123 2894 sperabunt
3145 2825 3207 2878 ".

55 2902 123 2955 τοῦ
154 2904 358 2971 Ἰεσσαὶ,
406 2910 508 2964 καὶ
547 2913 579 2965 ό
626 2909 1026 2979 ἀνιστάμενος
1064 2909 1272 2980 ἄρχειν
1317 2911 1537 2966 ἐθνῶν⁴⁴

1732 2921 1815 2974 sui
1839 2919 1977 2975 enim
2013 2929 2060 2974 te
2092 2920 2146 2973 in
2175 2918 2345 2988 [trdus
2372 2916 2572 2986 populi,
2606 2919 2662 2971 in
2694 2917 2858 2971 (ucem
2891 2919 3119 2987 gentium
3145 2918 3208 2971 ⁷⁸.

54 2993 257 3063 ἐειάὑτῴ
282 2999 419 3070 ἔθνη
459 3002 766 3056 ὲλπιοῦσι.
802 3000 1038 3055 Τέθεικα
1064 3000 1174 3072 γάρ
1211 3017 1284 3056 σε
1315 3004 1403 3068 εις
1425 3000 1536 3056 δια-

1741 3027 1954 3080 ponam,
1986 3012 2184 3082 inquit,
2209 3011 2279 3078 ~in
2304 3009 2555 3064 sceculum
2587 3010 2769 3064 satculi
2795 3027 2967 3064 semen
2995 3009 3129 3077 ejus,
3163 3018 3211 3062 et

55 3083 190 3152 θήκην
207 3087 418 3158 γένους,
437 3095 531 3158 εις
552 3091 678 3173 φῶς
706 3089 915 3146 ἐθνῶν.
930 3092 1040 3144 Καὶ
1067 3091 1346 3161 θήσομαι,
1363 3093 1537 3165 φησὶν1

1732 3119 1894 3156 onum
1927 3103 2044 3172 ejus
2085 3104 2220 3156 sicut
2253 3103 2364 3158 dies
2395 3105 2511 3157 caeli
2533 3104 2599 3156 ".
2645 3103 2735 3157 Sic
2765 3103 2930 3173 igitur
2957 3113 3008 3157 et
3030 3117 3214 3157 sacer-

55 3180 110 3241 εις
131 3180 213 3232 τὸν
232 3183 404 3239 αἰῶνα
434 3158 567 3240 τοῦ-
589 3162 806 3250 αἰῶνος
845 3185 913 3239 τὸ
945 3185 1181 3256 σπέρμα
1213 3158 1537 3251 αὐτοῧξκαί

1735 3211 1748 3251 ι
1781 3195 2106 3266 permansit,
2137 3211 2452 3267 quanquam
2483 3193 2682 3250 Iudaea:
2727 3202 2942 3264 sceptra
2975 3209 3083 3248 non
3125 3208 3217 3246 ac-

55 3269 124 3320 τὸν
151 3274 334 3340 θρόνον
359 3276 549 3331 αὑτοῦ
590 3278 672 3342 ὡς
710 3277 819 3344 τὰς
855 3275 1080 3347 ἡμέρας
1125 3277 1232 3331 τοῦ
1265 3279 1537 3346 οὐρανοῦ.

1733 3286 1815 3348 )it,
1854 3293 1908 3340 et
1954 3302 2048 3340 rex
2084 3287 2354 3342 universa:
2396 3294 2557 3341 terra;
2603 3285 2768 3340 Deus.
2813 3286 2987 3356 Atque
3016 3285 3215 3339 conﬁr-

56 3358 186 3425 ὓῦτως
221 3360 305 3418 οὖν
332 3370 422 3421 καὶ
467 3369 651 3440 ἱερεὺς
675 3370 787 3442 (69)
828 3370 1117 3441 διέμεινεν,
1156 3373 1205 3424 εί
1233 3373 1326 3425 κα)⁸
1370 3372 1445 3445 μὴ
1480 3373 1538 3426 τὰ

1735 3386 1797 3430 ita
1826 3386 1910 3431 est
1951 3377 2261 3432 benedictio
2287 3377 2479 3444 Iacob,
2530 3376 2598 3431 Et
2644 3377 3006 3432 benedicentur
3038 3379 3092 3433 in
3135 3393 3217 3433 se-

57 3450 241 3550 σξῆπτρα
263 3461 354 3530 τῆς
377 3462 639 3527 Ἰουδαίας
661 3461 956 3534 παρέλαϐε,
983 3465 1077 3517 καὶ
1096 3462 1345 3534 βασιλεὺς
1371 3467 1539 3538 πάσης

1736 3485 1787 3522 ne
1828 3469 1993 3537 ipsius
2037 3485 2214 3524 omnes
2252 3470 2418 3524 tribus
2456 3481 2609 3525 terra:
2629 3473 2696 3536 ⁷⁷,
2722 3479 2774 3526 et
2805 3486 2996 3527 omnes
3033 3482 3218 3540 gentes

53 3546 118 3635 ξῆς
137 3546 216 3616 γῆς
236 3549 261 3601 ό
279 3551 424 3617 Θεὸς,
447 3554 546 3607 καὶ
569 3555 602 3625 ἡ
627 3553 845 3622 εὐλογία
869 3555 963 3607 τοῦ
998 3554 1190 3608 Ἰακὼϐ
1213 3555 1535 3630 ἐϐεϐαιώθη

1137 3555 1190 3608 ›6
1213 3555 1544 3630 ἐϐεϐαιώθηο
1650 3565 1929 3620 Christum
1973 3565 2190 3619 beatum
2228 3563 2619 3635 praedicabunt.

55 3633 126 3685 Καὶ
161 3638 715 3714 ένευλοτηθήσονται
744 3644 825 3711 τῷ
869 3645 982 3716 (70)
1021 3645 1311 3716 σπέρματι
1355 3651 1542 3706 αὑτοῦ
1579 3655 1767 3713 πᾶσαι
1799 3660 1859 3711 al
1892 3657 2079 3726 φυλαὶ
2119 3633 2394 3728 τῆς-γῆς,
2428 3657 2520 3709 καὶ
2561 3657 2736 3710 πάντα
2796 3654 2865 3708 τὰ
2933 3655 3059 3724 ἔθνη
3111 3671 3217 3725 μα-

55 3731 237 3799 καριούσι
266 3736 350 3789 τὸν
378 3739 633 3808 Χριστόν.
1596 3804 1600 3809 _

99 3822 136 3875 4.
164 3826 267 3891 Τοῖς
300 3829 353 3881 δὲ
385 3829 617 3901 κομψοῖς
655 3830 1030 3901 Ἐγκρατίταις
1066 3832 1202 3903 πρὸς
1245 3832 1305 3886 τὸ
1347 3834 1545 3905 σεμνὸν

1737 3835 1778 3889 ι.
1827 3832 2050 3903 Lepidis
2092 3840 2274 3888 autem
2314 3831 2606 3887 Encratitis
2653 3832 2718 3887 ad
2763 3833 3076 3902 praeclaram
3121 3851 3219 3892 eo-

56 3913 180 3969 αύτῶν
228 3921 541 3994 πρόϐλημα,
602 3921 690 3974 διὰ
731 3922 786 3975 τί
846 3924 939 3976 καὶ
983 3925 1146 3994 ἡμεῖς
1199 3925 1322 3996 οὐχὶ
1374 3925 1538 3980 πάντα

1731 3941 1775 3979 m
1808 3925 2189 3995 quaestionem,
2233 3940 2334 3979 cur
2366 3939 2466 3979 nos
2499 3925 2662 3980 etiam
2693 3939 2800 3978 non
2841 3926 3094 3982 omnibus
3122 3943 3213 3981 ve-

57 4007 273 4081 ἰςθίομεν,
306 4017 478 4070 έκεῖνο
517 4015 780 4085 λεγέσθω,
810 4016 890 4068 ὅτι
930 4017 1024 4069 καὶ
1059 4015 1128 4069 τὰ
1167 4016 1539 4089 περιττώματα

1733 4033 1894 4081 mur,
1922 4016 2026 4071 hoc
2059 4016 2216 4072 detur
2244 4016 2514 4086 responsi,
2543 4030 2644 4070 nos
2673 4015 2834 4069 etiam
2869 4027 3215 4086 excrementa

57 4100 165 4168 ἡμῶν
203 4104 608 4180 βδελυσσόμεθα.
652 4109 810 4162 Κατὰ
841 4111 938 4180 μὲν
980 4107 1089 4181 γὰρ
1115 4108 1214 4178 τὴν
1256 4109 1432 4176 ἀξίαν,
1458 4108 1539 4163 λά-

1734 4118 1844 4165 st‘ra
1887 4109 2151 4164 aversari.
2193 4106 2269 4163 Ac
2307 4117 2568 4178 quantum
2615 4107 2832 4177 quidem
2881 4107 2946 4161 ad
2988 4107 3216 4179 dignita-

57 4207 152 4258 κανα
186 4198 360 4269 χόρτου
391 4203 525 4272 ἡμῖν
555 4204 672 4255 ἐστι
713 4201 784 4254 τά
813 4201 982 4272 κρέα·
1016 4200 1160 4254 κατὰ
1205 4200 1262 4254 δὲ
1299 4202 1399 4271 τὴν
1447 4201 1539 4254 τῶι

1739 4217 1794 4264 n,
1825 4201 1973 4256 olera
2006 4199 2187 4255 herba:
2215 4199 2374 4254 nobis
2407 4208 2534 4254 sunt
2554 4214 2746 4255 carnes
2771 4219 2784 4254 :
2809 4208 3071 4270 quantum
3094 4217 3221 4258 vero

59 4291 377 4361 συμφερόντων
407 4292 704 4365 διάκρισιν,
743 4293 818 4358 ὡς
844 4295 939 4347 καὶ
972 4295 1030 4346 ἐν
1067 4294 1321 4365 λαχάνοις
1346 4296 1407 4349 τὸ
1433 4295 1541 4366 βλα·

1767 4293 1980 4347 utilium
2011 4291 2423 4356 discretionem,
2453 4291 2908 4362 quemadmodum
2942 4299 2996 4347 et
3025 4292 3076 4347 in
3111 4294 3221 4348 ole-

59 4373 170 4446 ὕεςὸν
192 4382 273 4436 τοῦ
300 4386 636 4458 καταλλήλου
671 4386 1000 4460 χωρίζομεν,
1037 4389 1179 4443 οὕτω
1205 4388 1300 4442 καὶ
1343 4391 1402 4442 ὲν
1446 4392 1541 4444 τοῖς

1739 4400 1817 4440 ius
1855 4384 2078 4440 noxium
2129 4397 2160 4436 a
2193 4383 2399 4438 salubri
2431 4397 2773 4453 separamus,
2808 4383 2884 4437 ita
2929 4391 2984 4438 et
3018 4384 3070 4438 in
3101 4400 3221 4439 car-

59 4469 199 4536 κρέασι
222 4475 306 4529 τοῦ
325 4478 612 4549 ,χρησίμου
639 4477 700 4531 τὸ
723 4477 982 4550 βλαϐερὸν
1006 4479 1370 4554 διακρίνομεν.
1409 4479 1535 4534 Ἐπε

1741 4492 1827 4533 ωε
1875 4476 1945 4531 ab
1976 4475 2094 4530 utili
2137 4475 2364 4529 noxium
2415 4475 2773 4530 secernimus.
2805 4472 2940 4529 Nam
2985 4483 3132 4532 certe
3171 4487 3223 4530 et

57 4571 112 4607 τοι
127 4560 321 4633 λάχανόν
339 4569 455 4620 ἐστι
479 4567 653 4621 καὶτὸ
668 4567 914 4632 κώνειον,
929 4569 1115 4640 ὥσπερ
1143 4570 1310 4641 κρέας
1332 4571 1444 4623 ἐστὶ
1467 4575 1539 4625 κα

1737 4579 1844 4623 :uta
1867 4569 1992 4624 olus
2011 4574 2118 4632 est,
2149 4567 2292 4623 sicut
2314 4567 2476 4622 etiam
2506 4581 2636 4622 caro
2657 4575 2741 4622 est
2768 4567 3040 4621 vulturina
3063 4582 3219 4622 caro:

57 4650 98 4699 τὸ
119 4653 307 4717 γύπειον
325 4677 337 4691 ’
372 4661 488 4714 ἀλλ’
515 4661 664 4731 ὅμως
702 4659 826 4714 οὔτε
855 4663 1164 4733 ὑοσκύαμον
1191 4663 1356 4731 φάγοι
1383 4665 1448 4718 άν
1473 4681 1539 4727 τις

1741 4659 1760 4714 i
1801 4668 1982 4714 tamen
2029 4675 2131 4715 nec
2164 4659 2552 4731 hyoscyamum
2596 4674 2764 4714 sanus
2800 4659 3089 4729 quisquam
3130 4674 3223 4714 co-

62 4739 144 4795 οὖν
175 4747 318 4818 ἔχων,
343 4752 468 4807 οὔτε
510 4752 673 4818 κυνὸς
701 4753 900 4823 ἅψαιτο
933 4756 1007 4826 μὴ
1041 4755 1282 4825 μεγάλης
1313 4757 1544 4829 ἀνάγκης

1743 4753 1865 4819 edet,
1895 4768 1998 4808 nec
2027 4768 2165 4808 cane
2183 4761 2456 4818 vescetur,
2485 4753 2591 4808 nisi
2623 4761 2850 4822 urgente
2884 4766 3095 4808 summa
3133 4768 3225 4807 ne-

57 4842 454 4914 κατεπειγούσης·
497 4844 572 4908 ὡς
598 4845 626 4897 ὅ
656 4860 720 4912 γε
751 4842 941 4913 φαγὼν
968 4846 1069 4898 ούκ
1099 4845 1391 4916 ὴνόμησεν.

1666 4845 1922 4901 cessitate
1950 4865 1963 4898 :
1995 4845 2090 4916 qui
2116 4853 2295 4901 tamen
2325 4845 2580 4908 comedit,
2612 4859 2720 4898 non
2746 4852 2955 4915 peccat.

109 4925 145 4980 5.
168 4930 294 5000 Πρὸς
319 4935 376 4989 δὲ
403 4936 532 5002 τοὺς
559 4937 815 5006 λέγοντας
838 4937 960 4990 καθ’
988 4938 1326 5010 εἱμαρμένην
1348 4939 1565 4992 διοικεῖ-

1743 4937 1790 4992 5.
1825 4937 1943 4992 Jam
1987 4937 2133 5008 quod
2175 4939 2368 4993 attinet
2400 4936 2468 4991 ad
2500 4951 2596 4993 eos
2633 4938 2729 5007 qui
2760 4936 2953 4992 dicunt
2983 4936 3095 4992 fato
3125 4953 3225 5008 gu-

59 5013 145 5069 σθαι
170 5023 229 5075 τὰ
267 5027 615 5098 ἀνθρώπινα,
655 5029 729 5100 μὴ
777 5029 906 5101 παρ’
941 5028 1097 5099 ἡμῶν
1135 5029 1288 5099 ζήτει
1335 5029 1526 5098 λόγους

1745 5028 1884 5082 rnari
1919 5044 2007 5084 res
2046 5030 2332 5093 humanas,
2376 5046 2446 5086 ne
2481 5046 2567 5085 me
2599 5027 2921 5100 interroges,
2971 5029 3062 5084 sed
3103 5047 3227 5100 pro-

57 5106 156 5163 ἀλλᾶ
173 5119 276 5182 ταῖς
305 5121 530 5186 οἰκείαις
555 5121 654 5192 τῆς
693 5121 987 5193 ῥητορικῆς
1017 5120 1196 5174 ὰκίσιν
1223 5120 1422 5184 αὐτοὺς
1452 5137 1539 5174 κα·

1744 5121 1800 5176 iis
1826 5120 2112 5177 rhetorica:
2153 5121 2275 5177 telis
2318 5136 2416 5177 eos
2445 5121 2674 5194 conﬁge,
2707 5119 2973 5182 siquidem
3016 5122 3226 5190 longior

109 5265 443 5343 "Hebr.x,i.
517 5278 563 5310 "
598 5277 1010 5344 Gen.xux,10.
1085 5277 1281 5333 "ibid.
1323 5276 1691 5343 "lsa.xs,i0.
1735 5275 2131 5348 "ﬂsa.xr.n,6.
2181 5273 2549 5347 "llReg.vn,
2595 5277 2679 5332 13.
2741 5276 2789 5309 ⁷⁷
2816 5275 2948 5333 Gen.
2977 5291 3112 5340 un,
3139 5276 3224 5330 18.

110 5404 362 5492 (δη-Καθξ
385 5419 606 5488 ἕτερον.
639 5419 715 5475 Ita
743 5419 895 5492 Regii
925 5423 1034 5492 duo
1059 5419 1277 5492 codices
1309 5419 1560 5492 et_Coisl.
1668 5420 1780 5475 ullo
1811 5427 2006 5474 nititur
2031 5419 2219 5475 codice
2257 5433 2360 5473 ms.
2403 5417 2577 5492 Supra
2606 5418 2766 5474 docet
2798 5418 3031 5475 Basilius
3070 5417 3228 5474 Chri-

63 5481 508 5563 s“fgf‘ldustsieque
522 5481 958 5563 legitinterp'res.
979 5490 1120 5547 Editi
1143 5490 1260 5545 καθ’
1283 5490 1560 5563 ἑκάτερον.
1668 5500 1818 5563 stut_n_
1835 5499 2105 5563 _et_regem
2130 5502 2257 5563 esse
2274 5497 2328 5563 et
2351 5481 2680 5563 pontiﬁcem.

65 5548 200 5634 :_(l581
232 5548 496 5627 Τιϐερίὁυ.
520 5548 664 5617 Editi
684 5548 890 5618 addunt
913 5563 1209 5634 Καίσαρος,
1244 5561 1388 5632 quod
1414 5548 1542 5616 dces

1741 5561 1850 5629 (70)
1902 5548 2518 5634 Ἐἔευλογηθήσονται
2566 5557 2800 5634 natuita
2854 5557 3043 5634 decem
3092 5574 3223 5634 ms_s.

65 5626 469 5702 '“Eﬁs-jQVem.
1099 5626 1112 5634 ⁷
1261 5626 1279 5632 ⁷
1669 5626 2120 5702 exceptotamen
2160 5626 2327 5702 quod
2358 5629 2411 5682 in
2441 5629 2738 5702 _nonnullis
2786 5629 2983 5702 legitur
3026 5630 3086 5683 tv
3128 5630 3226 5702 τῷ.

231 5698 333 5777 βαι
371 5702 740 5777 ιερεύΑςηΡιοῌ
765 5704 871 5777 hac
906 5717 1039 5777 voce
1085 5701 1369 5777 legendum
1415 5709 1570 5774 putat

1012 5717 1039 5777 _e
1085 5701 1369 5777 legendum
1415 5709 1570 5774 putat
1672 5687 1822 5757 Editi
1845 5687 2289 5773 εὐλογηθήσονται
2311 5698 2370 5753 ἑν
2397 5698 2494 5771 τῷ.

65 5750 1056 5842 ρυιιιιίειιεῐιιιρἳιέἶῑὲύξξὲοῖῑῖηιιῖιῖῐε
1088 5750 1570 5840 ἷῧῖἐὶίὶιῖἇοῖᾘὲἐ
