3754 6494
518 293 625 352 895

1825 298 1884 356 ε.
1929 298 2175 354 nasun
2217 297 2432 352 MAGNI
3579 311 3645 368 39,

512 409 681 464 etiam
707 406 772 462 ad
800 415 1037 462 vestram
1069 409 1328 481 pietatem
1370 409 1597 466 scribo:
1636 411 1826 467 multis
1856 412 1968 480 jam
2003 427 2092 466 ea-

2198 412 2290 464 νυν
2335 412 2549 475 ἑαυτοῖς
2607 410 3042 483 συμϐουλεύομεν
3086 390 3217 480 (15),
3263 413 3417 468 ταῦτα
3454 417 3526 470 καὶ
3562 426 3649 492 apt;

514 499 641 555 dem
675 514 740 554 ac
773 499 929 554 vobis
957 501 1256 572 contigisse
1283 519 1298 566 ;
1332 515 1396 554 ac
1436 517 1544 556 non
1570 502 1746 556 solum
1781 504 1883 556 hac
1907 511 2085 568 aetate,

515 589 613 646 sed
649 591 929 661 praeterito
969 591 1136 646 etiam
1187 601 1436 661 tempore
1480 594 1770 649 innumera
1818 594 2086 663 ejusmodi

512 682 786 751 exempla,
842 682 1040 751 partim
1102 682 1457 737 historiarum
1500 686 1874 741 monumentis
1905 685 2090 740 consi-

514 783 709 842 gnata,
758 775 961 842 partim
1010 774 1172 828 nobis
1218 789 1327 828 non
1376 775 1583 844 scripta
1629 777 2014 832 recordatione
2056 793 2087 832 a

514 863 707 934 peritis
759 848 962 918 tradita
1009 865 1206 928 fuisse.
1257 866 1724 936 quemadmodum
1772 869 1980 923 viritim
2033 878 2087 924 et

513 955 816 1026 Oppidatim
866 957 1200 1012 tentationes
1250 974 1348 1028 pro
1392 960 1616 1014 nomine
1647 959 1860 1015 Domini
1911 962 2089 1016 corri-

514 1045 860 1114 puerinteos,
887 1046 980 1114 qui
1027 1046 1081 1098 in
1099 1048 1272 1115 ipsum
1293 1047 1606 1116 sperabant.
1629 1045 1734 1102 Sed
1755 1055 1933 1102 tamen
1950 1063 2089 1118 prae-

512 1137 780 1192 terierunt
811 1138 1020 1199 omnia,
1055 1153 1156 1192 nec
1202 1153 1448 1192 mrumna
1491 1154 1720 1208 prorsus
1755 1140 1863 1193 ulla
1894 1156 2089 1210 perpe-

512 1236 663 1282 tuam
689 1228 853 1283 habet
889 1231 1220 1285 molestiam.
1256 1231 1729 1296 Quemadmodum
1756 1233 1903 1287 enim
1927 1248 2086 1304 gran-

513 1319 694 1384 dines,
727 1328 1116 1392 torrentesque
1147 1331 1202 1378 et
1234 1305 1579 1395 quaecunque
1608 1325 1748 1379 mala
1779 1341 1910 1382 Casu
1941 1327 2088 1380 acci-

512 1410 672 1474 dunt,
697 1412 957 1467 mollibus
986 1412 1205 1482 quidem
1242 1414 1401 1468 facile
1433 1424 1712 1470 nocentac
1737 1432 1800 1471 ea
1831 1424 2084 1483 vastant;

511 1502 611 1557 sed
637 1503 683 1557 si
717 1503 774 1557 in
803 1503 1027 1559 duriora
1065 1504 1332 1572 incidant,
1360 1508 1640 1577 patiuntur
1673 1507 1878 1578 aliquid
1904 1510 2086 1579 potius

509 1607 677 1661 quam
728 1591 965 1646 laedunt:
1022 1594 1097 1647 ita
1148 1601 1203 1648 ct
1249 1595 1599 1650 vehementes
1651 1595 1982 1649 tentationes
2031 1596 2085 1648 in

516 1680 819 1737 Ecclesiam
853 1683 1178 1746 comitatae,
1228 1682 1616 1738 imbecilliores
1649 1683 1771 1739 ﬁdei
1820 1684 1876 1737 in
1925 1685 2086 1739 tlhri-

2194 502 2292 573 τὴν
2317 502 2592 574 ὑμετέραν
2625 503 2910 557 εὐλάϐειαν
2932 505 3240 575 γράφομεν·
3267 505 3344 558 ὅτι
3381 507 3552 574 πολλοῖς
3572 529 3652 564 συν.

2194 593 2293 664 έϐη
2335 593 2526 658 ταῦτα,
2568 592 2604 646 ἃ.
2643 594 2738 647 κα).
2785 594 2945 665 ὑμῖνο
2980 596 3073 648 καὶ
3108 595 3165 647 οὐ
3195 595 3329 648 κατὰ
3370 596 3446 651 τὸν
3488 603 3652 672 παρόντι

2194 685 2386 756 καιρὸν
2447 687 2630 757 μόνον,
2677 686 2813 740 ἀλλά
2859 687 2955 740 καὶ
2992 689 3051 739 ὲν
3093 688 3168 759 τῷ
3219 688 3501 760 παρελθόντι
3539 697 3654 767 χρόνῳ

2198 778 2367 850 μυρία
2409 778 2517 833 τῶν
2558 778 2815 832 τοιούτων
2859 779 2927 832 τὰ
2975 780 3365 852 ὑποδείγματα·
3408 784 3467 836 τὰ
3504 788 3572 854 μὲν
3597 792 3655 855 ἐγ.

2193 868 2419 940 γράφως
2461 870 2516 922 αἱ
2561 869 2793 939 ἱστορίαι
2846 869 3284 937 καταλελοίπασι,
3312 871 3375 926 τὰ
3402 873 3451 926 δὲ
3475 877 3526 946 τῇ
3551 879 3656 950 ἀγρά.

2194 977 2278 1031 φῳ
2311 963 2498 1033 μνήμῃ
2536 959 2684 1030 παρὰ
2722 959 2840 1019 ,τῶν
2883 960 3097 1014 εἰδότων
3141 961 3490 1034 διεδεξάμεθα·
3520 969 3656 1022 iuni

2193 1052 2333 1106 κατὰ
2383 1052 2552 1124 ἄνδρα
2605 1052 2855 1115 ἕκαστον,
2905 1053 2997 1106 καὶ
3049 1053 3187 1108 κατὰ
3241 1055 3411 1119 πόλεις
3451 1065 3655 1130 magism!

2194 1144 2481 1214 περιέσχον
2521 1144 2662 1216 ὑπὲρ
2701 1143 2793 1197 τοῦ
2833 1145 3095 1213 ὀνόματος
3129 1146 3222 1199 τοῦ
3272 1148 3457 1219 Κυρίου
3491 1154 3582 1215 τοὺς
3611 1155 3656 1215 εἰς

2192 1232 2353 1285 αὐτὸν
2403 1234 2719 1301 ὴλπικότας.
2769 1234 2908 1287 Ἀλλ’
2964 1235 3112 1306 ὅμως
3160 1236 3395 1307 παρῆλθε
3429 1238 3579 1300 πάντα,
3602 1245 3656 1292 ul

2191 1323 2341 1376 οὐδὲν
2372 1323 2480 1376 τῶν
2528 1324 2866 1397 σκυθρωπῶν
2914 1325 3179 1379 ἀθάνατον
3225 1327 3344 1398 ἔσχε
3382 1329 3436 1382 τὸ
3479 1329 3655 1401 ληρῶ.

2204 1415 2293 1477 Ὠς
2335 1416 2444 1486 γὰρ
2502 1415 2612 1487 (16)
2645 1419 2702 1470 αί
2758 1415 3018 1488 χάλαζαι,
3074 1419 3170 1472 καὶ
3217 1421 3266 1473 οἱ
3311 1422 3568 1494 χείμαρροι,
3605 1427 3659 1474 καὶ

2192 1504 2292 1558 ὅσα
2322 1505 2429 1558 τῶν
2463 1506 2647 1559 κακῶν
2681 1507 3021 1578 αὐτοσχέδια,
3062 1509 3131 1560 τὰ
3171 1510 3270 1578 μὲν
3313 1510 3504 1580 μαλακὰ
3535 1513 3661 1583 ῥᾳδίως

2192 1596 2389 1666 ἔϐλαψε
2431 1598 2527 1650 καὶ
2573 1598 2953 1670 διελυμήνατο,
2997 1603 3110 1664 τοῖς
3159 1601 3215 1654 δὲ
3254 1603 3532 1668 ἀντιτύποις
3565 1621 3661 1676 πρε-

2191 1688 2420 1758 τυχόντα
2461 1689 2631 1742 ἔπαθέ
2683 1707 2736 1742 τι
2784 1690 2983 1761 μᾶλλον
3030 1691 3064 1762 ἣ
3122 1692 3372 1764 ἔδρασεν·
3401 1697 3520 1749 οὕτω
3549 1698 3659 1750 κείιί

513 1779 662 1825 stum
711 1771 970 1825 ﬁrmitate
995 1772 1349 1840 deprehensa:
1399 1780 1549 1828 sunt.
1616 1771 2083 1838 Quemadmodum

2194 1779 2375 1852 λάϐροι
2422 1781 2564 1835 κατὰ
2604 1783 2704 1854 τῆς
2748 1783 3073 1855 Ἐκκλησίας
3114 1790 3406 1858 πειρασμοὶ
3447 1790 3660 1858 κινηθέντες

517 1878 649 1935 ergo
677 1863 967 1934 grandinis
1013 1865 1189 1918 nubes
1221 1865 1504 1933 praeteriit,
1539 1872 1592 1920 et
1628 1873 1846 1920 torrens
1872 1866 2083 1920 alveum

513 1953 870 2025 praeterﬂuxit
907 1956 1023 2024 (illa
1075 1956 1220 2010 enim
1273 1957 1326 2010 in
1375 1957 1726 2012 serenitatem
1773 1958 2084 2025 dissoluta;

514 2047 600 2101 hic
631 2064 760 2102 vero
788 2049 1012 2103 evanuit
1037 2049 1092 2102 in
1129 2049 1485 2120 profundum,
1515 2053 1680 2116 viam,
1711 2067 1816 2123 qua
1839 2051 2048 2106 eilluxit
2069 2091 2084 2114 ,

513 2140 718 2194 siccam
764 2150 818 2195 et
871 2141 1087 2196 aridam
1137 2142 1516 2214 relinquens);
1569 2143 1646 2196 ita
1691 2153 1744 2198 et
1798 2160 1945 2198 nunc
2001 2146 2088 2198 in-

514 2243 776 2302 gruentes
800 2234 958 2290 nobis
987 2236 1239 2304 procellae
1265 2237 1427 2306 paulo
1450 2245 1580 2307 post
1611 2253 1717 2292 non
1736 2248 1918 2293 erunt.
1946 2238 2092 2292 Tan-

513 2325 798 2378 tummodo
835 2326 888 2380 in
934 2326 1178 2380 animum
1220 2327 1549 2384 inducamus
1591 2346 1699 2383 non
1717 2329 1783 2383 ad
1802 2333 2087 2400 praesentia

513 2417 809 2486 respicere,
845 2417 938 2472 sed
980 2419 1144 2488 paulo
1177 2421 1469 2476 remotiora
1501 2437 1598 2491 spe
1634 2421 1860 2477 intueri.

1283 2598 1303 2634 θ

583 2673 637 2729 2.
681 2675 808 2730 Sive
840 2676 1041 2747 igitur,
1083 2676 1306 2740 fratres,
1341 2679 1524 2748 gravis
1558 2680 1823 2747 tentatio;
1870 2681 2090 2738 labores

514 2778 580 2818 ac
611 2766 960 2823 dillicultates
995 2768 1374 2838 perferamus;
1418 2785 1582 2825 nemo
1638 2773 1783 2827 enim
1826 2789 1934 2828 non
1969 2789 2092 2844 per-

514 2870 713 2912 cussus
741 2858 795 2910 in
851 2864 1174 2922 certamine,
1224 2874 1326 2914 nec
1353 2862 1580 2929 pulvere
1609 2877 1867 2932 aspersus
1887 2903 1902 2929 ,
1936 2879 2093 2918 coro-

515 2959 718 3013 natur;
771 2949 888 3004 sive
923 2950 1065 3004 levia
1110 2951 1225 3006 haee
1259 2952 1460 3006 diaboli
1511 2953 1744 3009 ludibria
1766 2996 1780 3019 ,
1814 2964 1868 3011 et
1897 2957 1992 3027 qui
2037 2957 2090 3011 in

2187 1872 2564 1945 ἀσθενέστεροι
2626 1875 2720 1928 τοῦ
2791 1876 3170 1948 στερεώματος
3234 1879 3336 1948 τῆς
3389 1882 3460 1942 είς
3510 1881 3662 1951 Χριστὸν

2187 1962 2420 2026 πίστεως
2451 1963 2846 2036 διεδείχθησαν.
2893 1968 2980 2031 Ὧς
3019 1964 3112 2022 οὖν
3166 1969 3406 2041 παρῆλθε
3443 1971 3526 2040 τῆς

2187 2051 2288 2125 ζης
2329 2054 2389 2108 τὸ
2430 2056 2615 2124 νέφος,
2658 2057 2752 2110 καὶ
2795 2061 3080 2132 παρερρύη
3126 2062 3227 2132 τὴν
3275 2062 3523 2134 χαράδραν
3551 2064 3657 2132 ὀχεί-

2192 2150 2398 2220 μοιρῤος
2449 2148 2530 2219 (τὸ
2571 2149 2668 2219 μὲν
2711 2151 2820 2222 γὰρ
2863 2153 2944 2214 είς
2995 2152 3210 2223 αἰθρίαν
3253 2154 3475 2225 διελύθη,
3505 2156 3659 2208 όδὲέν-

2188 2238 2462 2310 ηφανίσθη
2501 2238 2580 2309 τῷ
2611 2239 2778 2312 βυθῷ,
2812 2241 2981 2313 ξηρὰν
3014 2245 3108 2297 καὶ
3154 2245 3381 2316 ἆνικμον
3419 2247 3501 2317 τὴν
3529 2247 3610 2298 ὁδὸν
3625 2247 3665 2298 ι’

2188 2322 2256 2399 ἧς
2289 2328 2457 2402 ἐρρύη
2500 2331 2870 2403 καταλιπών)’
2904 2334 3048 2389 οὕτω
3099 2338 3192 2390 καὶ
3241 2338 3311 2390 τὰ
3346 2337 3438 2390 νῦν
3471 2339 3583 2408 ἡμᾶς

2192 2418 2430 2490 μάζοντα
2461 2422 2656 2493 μικρὸν
2692 2423 2917 2496 ὕστερον
2958 2428 3059 2480 οὐκ
3094 2427 3270 2483 ἕσται.
3319 2429 3480 2482 Μόνον
3517 2429 3586 2481 ἐὰν
3607 2446 3666 2481 u-

2188 2509 2540 2582 ταδεξώμεθα
2579 2512 2654 2584 μὴ
2706 2515 2764 2567 τὸ
2817 2517 2990 2588 παρὸν
3039 2520 3192 2589 ὁρᾷν,
3240 2518 3376 2572 ἀλλὰ
3410 2522 3506 2583 τοῖς
3541 2519 3669 2590 μικςλν

2189 2604 2524 2675 πορρωτέρῳ
2557 2607 2676 2669 ταῖς
2709 2605 2922 2662 ἐλπίσιν
2957 2611 3306 2675 ὲνατενίξειν.

2259 2692 2314 2744 2.
2351 2693 2474 2746 Εἴτε
2508 2689 2601 2747 οὖν
2635 2695 2806 2766 βαρὺς
2836 2700 2866 2751 ό
2894 2705 3223 2772 πειρασμὸς,
3266 2703 3487 2773 ἀδελφοὶ,
3519 2702 3672 2772 ὑπομεί-

2189 2800 2370 2856 νωμεν
2395 2786 2461 2840 τά
2497 2787 2758 2843 ἐπίπονα·
2794 2792 2968 2858 οὐδεὶς
2998 2793 3108 2864 γὰρ
3149 2794 3224 2866 μὴ
3267 2795 3479 2867 πληγεὶς
3514 2800 3557 2849 ὲν
3581 2797 3672 2860 ἀγῶ-

2193 2892 2284 2941 σι,
2339 2878 2473 2948 μηδὲ
2537 2882 2923 2954 κονισάμενος,
2983 2886 3368 2954 στεφανοῦται·
3418 2891 3510 2941 εἴτε
3558 2887 3673 2954 ποῦσα

2191 2967 2363 3022 ταῦτα
2393 2969 2483 3022 τοῦ
2515 2971 2760 3027 διαϐόλου
2792 2974 2861 3028 τὰ
2899 2977 3142 3046 παίγνια,
3180 2982 3279 3033 καὶ
3311 2983 3359 3033 οἱ
3391 2980 3671 3050 ἐπιπεμφθέν-

515 3057 618 3096 nos
652 3051 778 3094 sunt
825 3041 1079 3106 immissi,
1114 3045 1329 3099 molesti
1372 3046 1594 3116 quidem
1644 3056 1793 3112 sunt,
1834 3064 1900 3104 eo
1946 3050 2091 3119 quod

2194 3077 2283 3123 τες
2312 3062 2466 3132 ἡμῖν,
2494 3062 2716 3136 όχληροὶ
2759 3066 2881 3136 μὲν,
2919 3041 3052 3123 διότι
3088 3041 3282 3126 τούτου
3319 3075 3427 3144 (17)
3459 3041 3584 3126 είσίν
3605 3073 3669 3124 ὐπ-

515 3131 636 3194 ejns
676 3131 786 3186 sint
818 3133 1079 3197 ministri,
1117 3136 1502 3191 contemnendi
1536 3145 1751 3203 tamen,
1784 3140 1910 3209 quia
1949 3139 2091 3196 Deus
2118 3127 2162 3182 (δ

517 3221 738 3276 illorum
788 3225 1044 3293 nequitiae
1069 3225 1408 3282 debilitatem
1439 3229 1658 3298 junxit;
1695 3247 1990 3288 caveamus
2025 3249 2092 3288 ne

516 3313 588 3366 ob
636 3329 864 3383 magnos
921 3315 974 3369 in
1021 3316 1212 3386 parvis
1265 3318 1627 3377 incommodis
1673 3322 1910 3390 ejulatus
1961 3340 2092 3379 con-

515 3403 861 3462 demnemur.
920 3407 1096 3463 Unum
1151 3411 1296 3464 enim
1364 3411 1555 3469 dolore
1609 3414 1884 3485 dignum,
1943 3415 2092 3472 illius

519 3496 698 3565 ipsius
752 3500 1058 3568 pernicies,
1108 3503 1199 3571 qui
1241 3517 1300 3561 sc
1337 3504 1406 3558 ob
1445 3507 1829 3575 temporariam
1862 3508 2090 3579 gloriam

517 3586 605 3658 (si
647 3603 827 3643 tamen
881 3592 1052 3661 gloria
1097 3593 1364 3661 dicenda,
1407 3596 1584 3664 palam
1633 3613 1692 3653 se
1724 3599 2091 3672 dedecorare)

517 3688 723 3735 aeterno
763 3683 1046 3749 justorum
1082 3685 1289 3740 honore
1321 3687 1597 3756 spoliavit.
1640 3687 1764 3744 Filii
1807 3691 2092 3749 confesso-

518 3786 664 3830 rum.
693 3774 789 3826 lilii
825 3776 961 3829 estis
988 3784 1312 3846 martyrum,
1340 3779 1435 3848 qui
1465 3778 1533 3832 ad
1566 3782 1885 3852 sanguinem
1919 3800 2094 3855 usque

519 3873 744 3933 peccato
803 3867 1146 3922 restiterunt.
1221 3867 1547 3946 Domesucis
1620 3881 1810 3928 utatur
1859 3877 2095 3948 quisque

519 3957 787 4028 exemplis
813 3958 879 4010 ad
907 3960 1074 4014 robur
1107 3975 1205 4029 pro
1236 3959 1434 4029 pietate
1463 3964 1885 4020 ostendendum.
1924 3967 2095 4024 Nemo

521 4055 772 4102 nostrum
805 4051 979 4120 plagis
1003 4047 1301 4107 dilaniatus
1333 4060 1461 4109 est:
1497 4054 1661 4125 370
1703 4058 1908 4114 nullius
1949 4059 2094 4117 aedes

449 4174 452 4176 -
522 4137 814 4207 publicatae
864 4148 1032 4206 sunt;
1105 4143 1324 4198 exsules
1374 4159 1484 4198 non
1540 4144 1794 4215 fuimus;
1843 4164 2096 4209 carceres

519 4230 731 4298 experti
768 4247 870 4282 non
909 4246 1120 4287 sumus.
1156 4235 1426 4300 Quidnam
1465 4237 1595 4290 mali
1647 4238 1810 4294 nobis
1857 4241 2096 4297 accidit?

524 4321 633 4376 nisi
685 4321 825 4378 forte
876 4323 980 4378 hoc
1023 4326 1095 4380 sit
1129 4328 1444 4393 molestum,
1481 4331 1626 4400 quod
1671 4332 1808 4386 nihil
1847 4336 2092 4404 perpessi

522 4429 719 4468 sumus
741 4455 756 4478 ,
800 4431 981 4483 neque
1009 4415 1158 4486 digni
1196 4418 1388 4483 habiti,
1420 4421 1513 4490 qui
1550 4436 1651 4492 pro
1685 4422 1905 4479 Christo
1943 4433 2094 4494 pate-

523 4522 711 4560 remur
758 4506 824 4559 ⁸ο.
879 4507 973 4560 Sin
1023 4520 1201 4562 autem
1253 4511 1398 4580 quod
1458 4513 1548 4567 ille
1595 4513 1816 4567 domum
1862 4527 2094 4586 occupat

523 4597 891 4666 precationis,
936 4614 1033 4653 vos
1081 4609 1261 4655 autem
1308 4603 1410 4656 sub
1453 4602 1544 4657 dio
1587 4604 1834 4660 adoratis
1879 4608 1998 4661 εωΙί
2041 4603 2132 4663 ρι’

526 4696 685 4742 terra:
716 4687 1029 4746 Dominum.
1081 4691 1134 4745 id
1164 4709 1262 4747 vos
1306 4694 1489 4763 angit,
1533 4695 1788 4764 cogitate,
1841 4698 2094 4753 undecim

524 4779 826 4849 discipulos
858 4781 912 4833 in
936 4783 1228 4837 caenaculo
1260 4783 1559 4840 conclusos
1586 4785 1788 4849 fuisse,
1818 4797 1931 4841 uim
1969 4805 2092 4845 enm

525 4870 585 4936 ii,
614 4871 705 4942 qui
738 4869 1021 4926 Dominum
1053 4875 1461 4944 crucitixerant,
1491 4876 1542 4931 in
1571 4877 1931 4935 celeberrimo
1955 4889 2095 4936 tem-

529 5071 532 5076 .
596 5028 642 5060 '°
678 5027 885 5093 Act.v,
932 5029 1020 5083 et.

739 5149 1252 5226 {olitiovﬁedgpen
1281 5151 1460 5226 Codex
1497 5151 1632 5226 Med.
1671 5153 2014 5226 βουλεύομεν.

633 5217 733 5294 16)-
771 5217 866 5282 Ὠς
1097 5219 1377 5276 Posterior
1409 5224 1601 5294 vocula
1639 5217 1818 5278 addita
1848 5217 1909 5278 ex
1958 5225 2090 5294 Reg.

531 5287 772 5344 secundo
809 5297 863 5341 et
914 5288 1080 5342 Coisl.
1136 5294 1396 5349 secundo.
1450 5293 1583 5347 Illud
1627 5304 1806 5348 autem
1843 5295 1944 5349 ὅσα
1987 5287 2095 5348 τῶν

531 5357 719 5434 κακῶν
769 5358 1083 5427 αὐτοσχέδια
1131 5361 1596 5434 interpretandum
1643 5372 1796 5434 putat
1826 5363 2096 5419 Combeli-

534 5430 672 5490 sius,
700 5443 1016 5497 quwcunque
1056 5433 1200 5484 mala
1235 5430 1405 5487 subito
1430 5430 1695 5498 accidunt,
1723 5435 1819 5488 sed
1853 5435 1983 5488 mihi
2014 5436 2094 5488 vi-

533 5499 696 5574 detur
724 5498 959 5574 Basilius
986 5515 1049 5552 ea
1075 5502 1390 5574 αὐτοσχέδια
1423 5519 1638 5566 vocare,
1667 5513 1726 5558 ut
1750 5513 2098 5574 opponantur

539 5570 627 5625 iis.
659 5583 779 5634 qua:
816 5569 1096 5623 hominum
1129 5569 1334 5626 malitia
1363 5575 1686 5629 inferuntur.

608 5638 719 5706 (l7)
757 5639 909 5690 Διότι
943 5641 1176 5695 τούτου.
1221 5641 1360 5700 Med.
1393 5644 1528 5698 διότι
1562 5645 1809 5700 τοιοῦτοι.
1845 5645 1980 5703 Tres
2009 5647 2098 5702 alii

541 5709 754 5765 radices
786 5707 914 5760 διότι
945 5711 1204 5764 τοιούτου.

2199 3153 2414 3223 ηρέται,
2451 3157 2915 3230 εὐκαταφρόνητοι
2943 3162 3020 3228 δὲ,
3049 3165 3131 3219 ὅτι
3168 3169 3233 3237 τῇ
3262 3169 3484 3240 πονηρίᾳ
3511 3166 3675 3220 αὑτὼὸ

2191 3243 2322 3309 Θεὸς
2349 3246 2651 3317 ἀδυναμίαν
2686 3251 2888 3321 συνῆψε
2907 3271 2920 3284 ο
2953 3257 3322 3328 φυλαξὼμεθα
3355 3259 3447 3329 τὴν
3475 3259 3675 3324 κατάγνω-

2195 3354 2298 3399 σιν,
2333 3337 2408 3402 ὡς
2452 3339 2546 3392 ἐπὶ
2596 3347 2808 3415 μικροῖς
2843 3345 3127 3418 παθήμασι
3175 3352 3390 3420 μεγάλα
3426 3353 3673 3424 ὀδυρόμενα.

2198 3431 2292 3483 Ἐν
2311 3432 2418 3502 γάρ
2443 3433 2589 3487 ἐστιν
2614 3433 2805 3507 ὀδύνης
2831 3438 3002 3503 ἄξιον,
3023 3442 3055 3509 ἡ
3087 3441 3255 3495 αὐτοῦ
3282 3445 3478 3496 ἐκείνου
3495 3441 3674 3500 ἀπώλειαι

2191 3519 2286 3572 τοῦ
2336 3522 2436 3592 τῆς
2481 3525 2814 3597 προσκαίρου
2859 3528 3044 3582 ἕνεκεν
3077 3529 3234 3600 δόξης
3287 3521 3458 3603 (εἴπερ
3483 3528 3558 3585 οὖν
3577 3530 3676 3592 δόξαν

2193 3611 2296 3682 χρὴ
2325 3611 2503 3680 λέγειν
2539 3614 2599 3667 τὺ
2636 3614 2871 3689 δημοσίᾳ
2898 3621 3253 3690 ἀσχημονεῖν)
3290 3623 3388 3694 τῆς
3412 3623 3593 3682 αἰωνξας
3611 3619 3675 3670 τῶν

2191 3699 2413 3754 δικαίων
2462 3705 2630 3776 τιμῆς
2677 3707 2870 3760 ἑαυτὸν
2911 3711 3402 3784 ἁποστερήσαντος.
3437 3712 3580 3765 Τέκνα
3598 3713 3676 3778 ὀμο-

2193 3791 2469 3864 λογητῶν,
2525 3796 2619 3849 καὶ
2668 3797 2834 3851 τέκνα
2879 3801 3172 3874 μαρτύρων
3220 3805 3370 3869 ἐστὲ,
3420 3804 3512 3858 τῶν
3553 3803 3675 3874 arm;

2194 3882 2424 3952 αἵματος
2467 3885 2973 3944 ἀντικαταστάντων
3019 3893 3155 3962 πρὸς
3186 3893 3289 3962 τὴν
3319 3893 3577 3966 ἁμαρτίαν,
3601 3889 3676 3949 τάς

2195 3973 2413 4038 οἰκείοις
2427 3975 2657 4040 ἕκαστος
2672 3979 2964 4052 χρησάσθω
2982 3981 3343 4054 ὑποδείγμασι
3362 3986 3486 4056 πρὸς
3502 3985 3578 4054 τὴν
3591 3983 3677 4048 Orig

2194 4063 2293 4135 τῆς
2307 4066 2586 4131 εὐσεϐείας
2606 4067 2852 4123 ἔνστασιν
2875 4071 3005 4143 (18).
3023 4073 3209 4138 Οὐδεὶς
3229 4077 3390 4146 ἡμῶν
3403 4075 3500 4145 (19)
3513 4072 3676 4143 πληγαῖς

2196 4156 2515 4230 κατεξάνθη,
2564 4160 2778 4226 οὐδενὸς
2825 4159 2972 4228 οἶκος
3016 4165 3326 4240 ἐδημεύθη·
3360 4170 3419 4222 οὐ
3461 4170 3545 4238 τὴν
3572 4165 3677 4231 ὑπερ-

2194 4248 2345 4321 ορίαν
2381 4251 2696 4323 ᾠκήσαμεν,
2737 4255 2801 4308 οὐ
2835 4255 3209 4328 δεσμωτήριον,
3255 4261 3610 4331 ἐγνωρίσαμεν.
3639 4252 3679 4307 τί

2197 4341 2541 4413 πεπόνθαμεν
2571 4343 2772 4411 δεινόν;
2816 4348 2864 4400 εί
2907 4348 2981 4419 μὴ
3021 4350 3162 4420 τάχα
3195 4351 3359 4406 τοῦτο
3395 4348 3678 4422 λυπηρὸν,ὄτι

2127 4466 2170 4520 1)
2198 4432 2362 4504 μηδὲν
2417 4436 2798 4510 πεπόνθαμεν,
2856 4440 2992 4510 μηδὲ
3046 4442 3412 4515 ὲνομίσθημεν
3467 4443 3581 4509 ἄξιοι
3613 4435 3680 4489 τῶν

2199 4521 2338 4593 ὑπὲρ
2385 4523 2621 4594 Χριστοῦ
2670 4526 3030 4598 παθημάτων.
3079 4531 3142 4583 Εἰ
3179 4531 3235 4584 δὲ
3277 4535 3361 4586 ὃτι
3404 4537 3432 4586 ό
3477 4533 3594 4584 δεῖνα
3627 4526 3678 4576 τὸυ

2200 4606 2346 4665 οἶκον
2376 4615 2596 4685 κατέχει
2628 4617 2728 4686 τῆς
2761 4621 3089 4690 προσευχῆς,
3137 4623 3294 4693 ὑμεῖς
3325 4625 3380 4677 δὲ
3411 4627 3462 4677 ὲν
3488 4622 3550 4692 τῷ
3574 4616 3678 4671 ὑπαί·

2201 4701 2313 4772 θρῳ
2358 4709 2712 4775 προσκυνεῖτε
2763 4709 2852 4762 τὸν
2899 4711 3127 4782 οὐρανοῦ
3182 4714 3274 4766 καὶ
3321 4714 3421 4782 γῆς
3464 4710 3678 4772 Δεσπότην.

2196 4791 2354 4846 τοῦτο
2382 4795 2527 4864 ὑμᾶς
2557 4798 2704 4870 ἀνιᾷ,
2728 4799 3068 4873 ἐνθυμήθητε
3094 4802 3225 4874 (20),
3248 4804 3330 4857 ὅτι
3369 4807 3414 4856 οί
3444 4804 3530 4872 μὲν
3555 4799 3680 4852 ἒνδεκπ

2203 4885 2441 4958 μαθηταὶ
2484 4893 2542 4944 ἐν
2584 4891 2663 4962 τῷ
2706 4891 2941 4966 ὑπερῴῳ
2984 4890 3126 4966 ἦσαν
3169 4893 3622 4964 ἀποκεκλεισμένοι,
3651 4886 3682 4936 ιιι

2273 5156 2385 5226 (18)
2407 5158 2760 5210 Ἕνστασιν.
2784 5155 2920 5211 Male
2943 5158 3298 5215 Comheﬁsins
3315 5159 3594 5215 vertendum
3605 5168 3679 5223 pro!

2203 5225 2440 5298 nuntiat,
2475 5225 2725 5298 aduersus
2753 5229 2877 5288 vim,
2907 5243 3028 5298 quae
3055 5230 3237 5297 pietati
3265 5231 3502 5285 infertur.

2275 5297 2388 5374 (19)
2433 5295 2645 5365 Ἡμῶν.
2681 5297 2736 5351 In
2779 5305 2892 5352 tota
2925 5295 3031 5374 hac
3056 5295 3350 5374 Verborum
3383 5296 3679 5374 complexione

2204 5368 2435 5449 primam
2463 5382 2760 5452 personam
2773 5370 3159 5452 appospirnus,
3190 5371 3316 5452 quia
3349 5373 3432 5451 sic
3459 5368 3679 5452 repetiti-Ill?

2205 5439 2261 5510 i_n
2289 5454 2384 5510 sex
2424 5437 2893 5510 mss.icodiei_bus.
2935 5439 3078 5494 Editi
3107 5437 3280 5510 ὑμῶν,
3310 5453 3362 5495 et
3390 5441 3464 5496 sic
3489 5437 3677 5501 deinaps

2205 5507 2525 5580 ᾠκήσατε...
2560 5508 2962 5580 ὲνομίσθητεζλ
3145 5507 3154 5510 ⁷
3518 5577 3553 5580 ν,
3583 5574 3594 5580 ,
3657 5568 3663 5580 .

2277 5574 2388 5651 (:20)
2435 5574 2857 5651 Ἐνθυμήθητὲ.
2890 5577 3348 5651 Ειίὶιίηερροιιυιιῑ
3382 5581 3463 5635 hic
3505 5574 3676 5639 ἀᾱλὲάδ

2207 5645 2312 5705 Sed
2341 5645 2406 5705 ea
2433 5661 2535 5702 vox
2563 5645 2714 5705 deest
2740 5651 2793 5706 in
2821 5664 2914 5708 sex
2939 5645 3219 5707 codicibus
3247 5666 3371 5707 mss.
