3754 6506
40 379 114 434 397
846 361 1336 421 EPISTOLARUM
1369 360 1658 418 CLASSIS
1693 361 1756 416 ll.
1795 359 2014 416 EPIST.
2040 359 2262 416 CCXLI.

3111 363 3220 420 898

40 491 77 541 δὲ
100 479 466 551 σταυρώσαντες
500 477 588 529 τὸν
616 475 818 546 Κύριον
855 475 912 527 ὲν
952 473 1030 545 τῷ
1079 474 1388 543 περιϐοήτῳ
1417 471 1542 542 ’ναῷ

1718 487 1741 524 o
1767 472 1976 524 cultum
2007 469 2297 524 Julaicum
2330 469 2710 539 adimplercnt.
2747 469 2918 526 Iudas
2955 471 3100 526 enim
3123 476 3223 544 qui

39 582 108 647 τὴν
143 570 407 640 Ἰουδαῖκὴν
435 567 688 638 λατρείαν
728 567 1014 637 ἐπλήρουν.
1055 565 1254 628 Ἰούδας
1296 565 1424 634 γὰρ,
1452 565 1542 616 τὸν

35 669 82 721 ἑι⁹
104 665 306 733 ἀγχόνης
333 661 558 714 θάνατον
582 657 676 710 τοῦ
705 659 821 727 μετ’
845 656 1106 727 αἰσχύνης
1136 659 1234 728 ζῇν
1268 657 1542 727 προτιμή-

38 778 122 822 σας,
143 756 287 821 ἔδειξε
309 754 446 824 τάχα
469 752 578 804 τῶν
604 750 698 805 νῦν
720 751 1236 822 άπερυθριασάντων
1260 749 1372 820 (21)
1407 749 1544 820 πρὸς

35 855 168 903 πᾶσαν
195 845 482 916 ἀνθρώπων
511 843 872 911 κατάγνωσιν,
904 842 995 896 καὶ
1022 842 1108 895 διὰ
1134 841 1290 894 τοῦτο
1315 839 1543 904 ἀναιδῶς

36 943 132 1015 πρὶς
159 939 214 993 τὰ
240 936 431 1008 αἰσχρὰ
466 934 843 1006 διακειμένων,
871 933 1060 986 ἑαυτὸν
1090 932 1467 1006 αἱρετώτερον.
1494 925 1500 930 ’

82 1056 122 1108 3.
150 1051 304 1105 Μόνον
353 1049 427 1120 μὴ
459 1046 836 1117 ἐξαπατηθῆτε
875 1051 992 1110 ταῖς
1031 1046 1399 1116 ψευδολογίαις
1449 1046 1546 1100 αύ-

34 1149 110 1200 τῶν
148 1142 243 1213 (22)
283 1139 763 1210 ἐπαγγελλομένων
808 1137 1074 1210 ὀρθότητα
1124 1138 1374 1203 πίστεως.
1411 1139 1543 1210 Χρι-

36 1236 270 1304 στέμποροι
292 1229 396 1301 γὰρ
421 1231 472 1282 οἱ
505 1228 760 1292 τοιοῦτοι,
789 1229 884 1282 καὶ
915 1229 976 1280 οὐ
1007 1227 1341 1300 Χριστιανοὶ,
1371 1228 1432 1280 τὸ
1460 1228 1543 1280 ἀεὶ

35 1325 165 1386 αὐτοῖς
211 1320 342 1374 κατὰ
393 1321 488 1372 τὸν
535 1319 648 1389 βίον
695 1319 882 1372 τοῦτον
927 1317 1233 1372 λυσιτελοῦν
1273 1318 1368 1371 τοῦ
1426 1318 1542 1372 κατ’

39 1415 235 1486 ἀλήθειαν
275 1413 370 1485 ζῇν
410 1413 806 1485 προτιμῶντες.
861 1413 990 1466 Ὅτε
1034 1413 1290 1484 ἐνόμισαν
1315 1412 1544 1466 κτᾶσθαι

34 1510 100 1576 τὴν
135 1507 274 1576 κενὴν
316 1504 521 1575 ταύτην
570 1505 764 1576 ἀρχὴν,
822 1504 1147 1575 προσέθεντο
1194 1507 1306 1568 τοῖς
1333 1503 1544 1576 ἐχθροῖς

36 1599 96 1652 τοῦ
137 1596 383 1665 Χριστοῦο
437 1595 530 1650 ὅτέ
573 1593 713 1650 εἶδον
756 1597 880 1660 τοὺς
938 1595 1099 1660 λαοὺς
1143 1595 1541 1668 ἁγριαίνοντας,

38 1687 388 1758 σχηματίζονται
438 1685 602 1739 πάλιν
644 1684 742 1756 τὴν
795 1685 1081 1757 ὀρθότητα.
1135 1686 1248 1738 Ούκ
1282 1681 1399 1739 οἶδα
1429 1686 1545 1738 ὲπί-

36 1795 196 1840 σκοπον,
224 1776 348 1847 μηδὲ
405 1775 778 1847 ἀριθμήσαιμι
823 1777 880 1829 ὲν
930 1776 1131 1847 ἱερεῦσι
1180 1776 1413 1848 Χριστοῦ
1451 1777 1543 1830 τὸν

1647 561 1944 630 suspendio
2000 561 2225 614 interire
2279 559 2512 623 maluit,
2567 576 2731 629 quam
2783 577 2906 616 cum
2955 563 3222 620 dedecore

1645 652 1844 715 vivere,
1883 653 2110 706 forsitan
2149 652 2215 705 iis
2254 651 2348 719 qui
2394 665 2539 704 nunc
2583 652 2648 704 ad
2679 668 2896 707 onmem
2934 655 3217 708 hominum

1645 743 2158 796 condemnationem
2213 742 2333 796 sine
2384 743 2585 795 rubore
2617 757 2738 796 sese
2782 745 3113 808 oblirmant,
3163 753 3223 800 et

1645 832 1852 886 idcirco
1883 832 2278 902 impudentiam
2331 831 2398 885 ad
2439 833 2617 902 turpia
2652 849 2760 902 prae
2791 850 2848 888 se
2886 835 3066 890 ferunt
3105 853 3222 892 tue-

1645 923 1835 978 liorem
1863 939 1922 980 se
1951 925 2225 978 exhibuit.

1713 1036 1765 1090 5.
1809 1028 2044 1090 Tantum
2101 1053 2171 1092 ne
2205 1036 2558 1108 decipiamini
2618 1038 2832 1092 illorum
2879 1040 3220 1109 mendaciis,

1644 1127 1770 1180 dum
1826 1139 2030 1182 rectam
2075 1128 2235 1182 ﬁdem
2281 1145 2392 1199 pra:
2441 1146 2500 1184 se
2568 1129 2769 1185 ferunt.
2821 1129 3024 1186 Christi
3073 1136 3220 1190 enim

1646 1229 1984 1276 mercatores
2035 1220 2307 1291 ejusmodi
2365 1222 2651 1285 homines,
2705 1237 2814 1276 non
2865 1223 3219 1290 Christiani;

1646 1329 1861 1384 semper
1896 1314 1949 1368 id
1980 1355 1994 1377 ,
2031 1316 2177 1384 quod
2224 1316 2358 1385 ipsis
2403 1316 2456 1368 in
2507 1317 2606 1371 hac
2643 1317 2752 1370 vita
2791 1317 2924 1371 utile
2949 1325 3068 1384 est,
3098 1319 3225 1374 vita:

1645 1407 1713 1459 ad
1763 1406 2048 1462 veritatem
2116 1407 2538 1462 accommodatae
2603 1417 3021 1478 anteponentes.
3082 1408 3218 1464 Cum

1646 1501 2005 1569 speraverant
2050 1500 2348 1570 adepturos
2393 1516 2452 1554 se
2490 1502 2706 1554 inanem
2741 1502 2894 1555 illum
2941 1503 3222 1574 principa-

1647 1599 1797 1655 tum,
1831 1592 2202 1662 adjunxerunt
2236 1607 2295 1646 se
2332 1591 2571 1646 inimicis
2603 1592 2828 1646 Christi:
2863 1593 2951 1648 ubi
2989 1595 3223 1664 populos

1646 1683 1726 1736 ira
1757 1683 2013 1738 efferatos
2039 1683 2245 1747 vident,
2278 1699 2473 1738 rursus
2505 1691 2710 1736 rectam
2738 1683 2893 1738 ﬁdem
2927 1684 3217 1740 simulant.

1643 1771 1760 1828 Non
1820 1789 2059 1845 agnosco
2120 1774 2475 1844 episcopum,
2527 1788 2627 1830 nec
2686 1774 3020 1828 numerarim
3077 1774 3222 1828 inter

36 1868 140 1939 παρὰ
162 1867 257 1920 τῶν
293 1866 538 1937 βεϐήλων
586 1867 782 1938 χειρῶν
833 1866 925 1920 ἐπὶ
969 1865 1262 1921 καταλύσει
1313 1867 1409 1938 τῆς
1457 1867 1542 1920 πί-

1718 1866 1854 1922 ιτὶειί
1889 1865 2207 1922 sacerdotes
2241 1883 2364 1921 eum
2393 1869 2487 1938 qui
2519 1881 2548 1919 a
2590 1866 2836 1936 profanis
2870 1866 3124 1921 manibus
3149 1865 3221 1919 ad

38 1977 156 2022 πεως
179 1961 246 2022 είς
281 1960 616 2029 προστασίαν
651 1957 1112 2029 προϐεϐλημένον.
1144 1956 1291 2029 Αὕτη
1329 1959 1477 2012 ἐστὶν
1507 1959 1542 2029 ὴ

35 2049 106 2117 ἐμὴ
129 2047 300 2118 κρίσις.
339 2047 534 2118 Ὑμεῖς
579 2046 638 2101 δὲ
677 2045 733 2100 εί
766 2064 885 2102 τινα
912 2046 1062 2118 ἔχετε
1105 2045 1224 2118 μεθ’
1252 2046 1409 2118 ήμῶν
1445 2065 1543 2118 με-

36 2139 133 2208 ρίδα,
153 2138 305 2193 ταύτὰ
337 2141 470 2210 ήμῖν
505 2139 800 2211 φρονήσετε
831 2138 1098 2208 δηλονὸτν
1131 2140 1180 2192 εί
1213 2138 1270 2192 δὲ
1301 2140 1385 2206 ἐφ’
1413 2140 1542 2192 ἐαυ-

35 2232 107 2281 τών
128 2231 221 2301 (25)
256 2231 597 2302 βουλεύεσθε,
629 2231 728 2302 τῆς
771 2230 903 2294 ίδίας
933 2228 1158 2302 γνώμης
1189 2231 1417 2294 ἕκαστος
1442 2229 1543 2284 κύ-

37 2322 112 2391 ριός
150 2323 298 2386 ἐστιν,
344 2326 514 2394 ἡμεῖς
555 2323 723 2377 άθῶοι
763 2321 872 2376 ἀπὸ
912 2321 1005 2376 τοῦ
1053 2323 1284 2394 αἵματος
1331 2323 1540 2378 τούτου.

34 2413 168 2474 Ταῦτα
190 2415 239 2466 δὲ
268 2415 507 2485 ἔγραψα.
538 2415 636 2485 οὐχ
665 2415 794 2487 ὑμῖν
823 2413 1088 2479 ἀπιστῶν,
1117 2414 1252 2469 ἀλλά
1295 2414 1356 2468 τό
1383 2431 1544 2468 τινων

34 2505 265 2574 ἀμφίϐολον
301 2507 577 2579 στηρίζων
619 2509 683 2562 ἐκ
734 2507 827 2561 τοῦ
860 2508 1124 2579 γνωρίσαι
1170 2509 1269 2580 τὴν
1307 2507 1543 2580 ἐμαυτοῦ

34 2596 219 2668 γιώμην,
264 2598 335 2663 ὡς
386 2600 461 2673 μὴ
518 2598 894 2670 προληφθῆναί
924 2599 1032 2670 (24)
1063 2617 1180 2653 τινα
1232 2602 1311 2664 είς
1356 2617 1546 2654 κοινω-

34 2690 130 2752 νίιν,
157 2689 274 2760 μηδὲ
310 2690 407 2762 τῆς
440 2691 627 2764 χειρὸς
675 2691 852 2746 αὐτῶν
899 2691 1154 2762 επιϐολὴν
1197 2691 1542 2762 δεξαμένους,

37 2782 132 2849 μετὰ
163 2781 310 2834 ταῦτα
353 2783 582 2853 εἰρήνης
624 2782 940 2852 γενομένης,
989 2782 1271 2852 βιάζεσθαι
1317 2784 1544 2849 ἑαυτοὺς

33 2869 280 2939 ὲναριθμείν
338 2871 414 2940 τῷ
471 2869 728 2941 ἱερατικῴ
799 2869 1145 2941 πληρώματι.
1209 2870 1393 2924 Πάντα
1454 2871 1545 2925 τὸν

35 2961 197 3031 κλῆρον,
211 2963 293 3015 τόν
322 2979 379 3015 τε
415 2961 561 3016 κατὰ
587 2961 684 3032 τὴν
711 2961 884 3027 πόλιν,
909 2963 1002 3016 καὶ
1034 2963 1125 3016 τὸν
1155 2963 1247 3016 ἐπὶ
1275 2962 1548 3036 τῆςπαρ-

33 3054 175 3116 οικῐας,
219 3056 345 3124 μετὰ
383 3055 590 3118 παντὸς
644 3055 737 3108 τοῦ
775 3055 905 3109 λαοῦ
956 3056 1050 3109 τοῦ
1091 3055 1423 3127 φοϐουμένου
1455 3057 1546 3110 τὸν

36 3144 204 3214 Κύριον,
236 3145 592 3217 ἀσπαζόμεθα
622 3145 689 3199 δι’
723 3146 876 3218 ὑμῶν
902 3146 1034 3217 (25).

477 3305 823 3359 ΕΠῘΣΤΟΛΗ
863 3307 1041 3360 ΣΜΑ’.

1643 1959 1983 2014 eversionem
2028 1960 2151 2014 ﬁdei
2197 1960 2566 2030 principatum
2615 1960 2847 2030 accepit.
2887 1957 3001 2013 lloc
3036 1975 3216 2014 meum

1643 2061 1728 2108 est
1755 2052 2045 2120 judicium.
2079 2051 2190 2108 Vos
2223 2062 2404 2108 autem
2452 2053 2497 2107 si
2546 2067 2709 2120 quam
2759 2058 2968 2122 partem
3005 2066 3216 2106 mecum

1643 2143 1881 2206 habetis,
1911 2142 2101 2198 eadem
2127 2143 2317 2213 utique
2348 2158 2412 2196 ac
2441 2157 2564 2212 ego,
2598 2142 2848 2197 sentietis
2875 2161 2888 2196 :
2920 2143 3004 2195 sin
3031 2148 3216 2194 autem

1644 2235 1802 2290 vobis
1837 2235 1940 2305 ipsi
1977 2250 2227 2290 seorsum
2270 2235 2562 2290 consilium
2595 2235 2813 2304 capitis,
2848 2250 2962 2287 sua:
2986 2235 3221 2304 quisque

1645 2328 1936 2382 sententia:
1964 2328 2222 2382 dominus
2245 2335 2350 2390 est,
2385 2343 2486 2382 nos
2516 2327 2586 2381 ab
2610 2328 2713 2382 hoc
2733 2328 3002 2396 sanguine
3027 2327 3217 2380 insono

1643 2426 1728 2474 tes
1777 2435 1989 2474 sumus.
2047 2417 2176 2475 Haec
2223 2427 2405 2473 autem
2453 2418 2689 2488 scripsi,
2744 2433 2856 2473 non
2888 2417 3034 2488 quod
3066 2417 3220 2472 vobis

1643 2507 1903 2572 diﬁidam,
1930 2507 2024 2564 sed
2061 2519 2117 2563 ut
2143 2509 2532 2562 nonnullorum
2559 2509 2960 2562 dubitationem
2998 2505 3217 2576 signiti-

1643 2601 1861 2655 catione
1885 2616 2022 2656 meae
2058 2595 2342 2656 sententia”:
2374 2601 2720 2664 conﬁrmem,
2751 2615 2818 2654 ne
2843 2600 2936 2666 qui
2972 2613 3220 2652 conunu-

1645 2691 1810 2745 nione
1841 2700 2326 2760 praeoccupentur,
2360 2708 2526 2755 neve,
2561 2700 2786 2763 accepta
2819 2693 2889 2748 ab
2914 2693 2994 2747 eis
3022 2705 3223 2744 manus

1645 2779 2017 2850 impcsitione,
2057 2791 2245 2851 postea
2295 2799 2430 2852 pace
2461 2783 2709 2846 reddita,
2741 2784 2848 2836 vim
2888 2781 3111 2846 faciant,
3158 2789 3224 2834 ut

1645 2872 1702 2926 in
1734 2882 1950 2928 sacrato
1981 2883 2128 2929 cmtu
2156 2884 2571 2930 recenseantur.
2607 2877 2824 2930 Clerum
2860 2890 3074 2930 omnem
3103 2881 3218 2927 tum

1646 2966 1738 3034 qui
1772 2966 1825 3019 in
1853 2966 2009 3029 urbe,
2037 2974 2150 3020 tum
2179 2967 2271 3036 qui
2305 2968 2357 3021 in
2391 2969 2629 3036 paroecia
2656 2982 2762 3021 una
2787 2982 2912 3021 cum
2944 2967 3091 3022 omni
3119 2981 3218 3037 po-

1647 3059 1776 3128 pulo
1803 3055 2089 3114 Dominum
2123 3059 2350 3115 timente
2382 3075 2478 3130 per
2504 3074 2600 3116 vos
2636 3061 2943 3116 salutamus

2117 3304 2450 3361 EPISTOIA
2490 3307 2693 3364 CCXLI
2723 3309 2761 3362 ‘.

34 3441 222 3504 Baliarici»
240 3443 396 3495 reddit
420 3442 662 3506 Basilius,
687 3458 776 3495 cur
799 3458 927 3509 sirpe
943 3444 999 3509 in
1023 3443 1195 3509 litteris
1225 3459 1304 3496 res
1323 3443 1550 3509 molestas
1573 3443 1785 3509 Eusebio
1799 3442 1998 3501 nuntiet,
2025 3457 2194 3509 nempe
2216 3451 2266 3493 ut
2287 3458 2338 3495 se
2364 3443 2468 3507 ipse
2491 3447 2701 3496 sublevet
2733 3447 2983 3509 gemenda,
3004 3453 3047 3497 et
3068 3450 3195 3500 Ense

936 3505 1067 3556 bium
1083 3508 1148 3555 ad
1169 3505 1470 3558 intentiorem
1491 3521 1582 3570 pro
1605 3505 1820 3557 Ecclesia
1845 3519 2038 3569 precem
2060 3504 2252 3556 excitet.

235 3635 520 3699 Εὐσεϐίῳ,
547 3634 858 3699 ἐπισκόπῳ
891 3635 1274 3705 Σαμοσάτων.

78 3765 166 3835 Οὐχ
191 3766 317 3820 ὥστε
350 3768 573 3832 πλείους
609 3770 832 3840 ποιῆσαι
864 3772 961 3835 τὰς
1001 3770 1257 3842 ἀθυμίας,
1281 3771 1391 3825 τῶν
1421 3772 1547 3826 δυσ-

33 3858 160 3926 χερῶν
208 3861 461 3927 πολλάκις
511 3865 567 3915 ὲν
617 3866 730 3928 τοῖς
779 3864 914 3935 πρὸς
961 3864 1058 3934 τὴν
1101 3862 1391 3934 τιμιότητά
1453 3880 1545 3916 σου

33 3950 292 4021 γράμμασιν
339 3955 399 4008 οὐ
455 3955 750 4026 φειδόμεθα
774 3996 789 4020 ,
846 3955 961 4008 ἀλλ’
1023 3954 1163 4008 ὥστε
1223 3955 1432 4017 ἑαυτοῖς
1485 3953 1545 4007 τέ

33 4057 118 4094 τινα
138 4047 230 4113 (26)
251 4047 601 4121 παραμυθίαν
646 4047 826 4100 δοῦναι
863 4047 951 4102 διὰ
984 4047 1092 4102 τῶν
1129 4047 1465 4118 στεναγμῶν,
1496 4045 1544 4099 οἳ

36 4133 250 4200 πεφύκασί
280 4157 392 4204 πως
425 4138 489 4192 τὸ
556 4141 612 4192 ἐν
672 4137 752 4208 τῷ
794 4137 946 4209 βάθει
977 4137 1222 4207 ἀλγεινὸν
1246 4138 1540 4210 διαφορεῖν,

34 4221 124 4276 ὅταν
146 4225 407 4292 γίνωνταιο
439 4230 536 4282 καὶ
563 4228 658 4300 τὴν
699 4229 798 4301 σὴν
834 4229 1185 4300 μεγαλόνοιαν
1222 4229 1357 4300 πρὸς
1388 4229 1543 4281 ἐκτε-

35 4317 235 4388 νεςτέραν
273 4321 369 4392 τὴν
406 4322 549 4392 ὑπὲρ
596 4321 703 4375 τῶν
749 4319 1081 4392 Ἐκκλησιῶν
1125 4321 1288 4393 εὐχὴν
1335 4338 1543 4394 παρθρ’

37 4403 179 4472 pint.
223 4411 364 4463 Ἐπεὶ
395 4413 492 4465 καὶ
524 4412 762 4483 Μωῦσῆς
790 4409 989 4482 ηὔχετο
1019 4411 1117 4482 μὲν
1158 4411 1246 4464 ἀεὶ
1279 4411 1418 4475 ὑπὲρ
1448 4409 1542 4464 τοῦ

36 4491 128 4548 λαοῦ
161 4499 413 4568 δηλονότιο
467 4503 556 4557 ὅτε
602 4502 785 4572 μέντοι
819 4503 956 4575 πρὸς
995 4502 1087 4556 τὸν
1123 4502 1367 4574 Ἀμαλὴκ
1396 4500 1544 4568 ἀγὼν

36 4586 143 4658 αὖτῴ
180 4597 527 4666 συνειστήκει,
558 4596 620 4649 οὐ
661 4595 869 4666 καθῆκε
909 4595 1007 4660 τὰς
1037 4597 1222 4666 χεῖρας
1253 4593 1312 4659 ἐξ
1340 4594 1415 4646 ἕω
1447 4593 1543 4664 μέ“

37 4693 121 4744 κρις
147 4682 391 4757 ἑσπέρας·
434 4685 548 4738 ἀλλ’
577 4688 610 4757 ἡ
643 4685 860 4749 ἔκτασις
898 4685 1007 4738 τῶν
1043 4683 1241 4755 χειρῶν
1265 4682 1360 4736 τοῦ
1391 4682 1545 4752 ἁγίου

35 4767 88 4836 τῷ
110 4771 230 4828 τέλει
255 4777 353 4848 τῆς
386 4778 569 4850 μάχης
601 4777 1044 4850 συναπηρτίζετο.

84 4934 118 4965 ⁸⁸
150 4937 303 5000 Exod.
346 4961 495 5009 xvu,
533 4945 620 4999 12.

1938 3635 2186 3700 Eusebio,
2217 3651 2456 3706 episcopo
2487 3637 2910 3691 Samosatorum.

1720 3769 1836 3824 Non
1879 3778 1939 3825 ut
1983 3785 2272 3825 mmrorem
2316 3784 2564 3839 augeam,
2599 3785 2741 3840 saepe
2764 3786 2942 3824 rerum
2970 3770 3221 3826 molesta-

1651 3878 1772 3917 rum
1802 3863 1856 3917 in
1883 3863 2028 3918 datis
2059 3863 2127 3916 ad
2159 3870 2308 3916 tuam
2333 3861 2658 3933 dignitatem
2691 3862 2892 3918 litteris
2920 3878 3027 3916 non
3057 3873 3221 3932 parca

1652 3955 1898 4021 memini,
1935 3954 2031 4011 sed
2065 3963 2124 4008 ut
2154 3961 2209 4009 et
2255 3953 2388 4007 mihi
2446 3953 2562 4022 ipse
2605 3953 2860 4008 solatium
2911 3953 3078 4009 feram
3124 3970 3222 4025 per

1651 4047 1906 4117 gemitus.
1930 4046 2025 4118 qui
2051 4046 2230 4102 solent
2258 4044 2668 4116 quodammodo
2693 4046 2945 4099 intimum
2971 4045 3219 4102 dolorem

1650 4139 1970 4205 dissolvere,
2017 4139 2148 4194 dum
2192 4149 2520 4210 erumpunt;
2567 4148 2622 4194 et
2668 4154 2924 4207 magnum
2974 4139 3219 4194 animum

1649 4239 1804 4287 tuum
1835 4231 1902 4286 ad
1923 4232 2271 4287 intentiorem
2298 4247 2396 4302 pro
2421 4232 2689 4287 Ecclesiis
2717 4247 2934 4301 precem
2960 4232 3217 4286 excitent.

1648 4323 1783 4378 Nam
1813 4331 1866 4379 et
1896 4322 2075 4380 Moses
2117 4338 2334 4392 semper
2359 4323 2577 4394 quidem
2603 4339 2702 4393 pro
2741 4323 2942 4392 populo
2976 4323 3178 4377 orabat“
3200 4343 3225 4378 ς,

1651 4425 1706 4470 at
1737 4432 1860 4470 cum
1886 4431 2121 4487 pugnam
2151 4431 2274 4471 cum
2306 4414 2524 4470 Amalec
2555 4417 2920 4470 committeret
2940 4456 2954 4475 .
2986 4429 3096 4468 non
3126 4429 3218 4466 re-

1651 4511 1800 4567 misit
1832 4525 2027 4564 manus
2056 4509 2125 4564 ab
2153 4490 2350 4564 aurora
2384 4509 2450 4562 ad
2495 4508 2875 4578 vesperam";
2921 4507 3015 4562 sed
3043 4507 3216 4562 sancti

1653 4617 1914 4657 manuum
1935 4601 2189 4657 extensio
2214 4616 2326 4656 non
2355 4603 2486 4666 alio,
2505 4615 2669 4672 quam
2688 4613 2891 4670 pugna,
2925 4598 3224 4652 terminata

1651 4702 1736 4749 est
1772 4693 1896 4747 ﬁne.

101 5113 806 5191 21)-Ἀπερυθριασάντων.
837 5118 912 5174 Ita
933 5135 1068 5179 mss.
1103 5121 1364 5191 quinque.
1399 5119 1542 5175 Editi

1718 5121 1761 5176 ῦ.
1797 5120 1965 5177 Coisl.
1998 5125 2311 5191 uterqueet
2352 5113 2554 5191 Regius
2599 5117 2825 5191 uterque
2866 5114 2923 5191 ut
3039 5113 3216 5160 textu.

37 5180 502 5261 ἀπερύθριαςόντυῖν.

93 5257 412 5333 ρῇᾉὺτῶν.
449 5260 524 5316 Ita
563 5260 726 5333 iidem
762 5279 854 5317 sex
886 5277 1019 5317 mss.
1046 5261 1188 5316 Editi
1223 5261 1541 5333 ἀνθρώπων.

79 5326 332 5403 ,(ϋιῖεφ
359 5333 604 5388 ἑαυτῶν.
643 5332 721 5386 lta
749 5333 920 5388 Coisl.
951 5334 1163 5403 primus
1199 5326 1338 5386 cum'
1367 5333 1547 5386 tribus

39 5391 296 5471 aliisZEdlt'i
326 5404 416 5471 ἀφ’
441 5403 669 5458 ἑαυτῶν.

92 5465 290 5544 ‘7“qu
309 5465 723 5544 xeolnyOﬁr-ai
742 5489 892 5526 τινα.
921 5472 1093 5544 Paris.
1120 5481 1174 5528 et
1196 5472 1324 5544 Reg.
1354 5487 1550 5544 secun-

41 5528 119 5590 dus
144 5528 208 5610 μὴ
236 5528 804 5616 προληφθῆναίτινας.
848 5528 1204 5600 ιὺίᾱθωτεᾱὶιὶ
1240 5528 1420 5617 χὲιρὺς
1449 5545 1549 5597 αύ-

1719 5176 1832 5263 (25)
1860 5176 2156 5263 Δι’λῠμῷνῖ
2195 5186 2360 5251 Mem,
2390 5176 2557 5240 Coisl.
2600 5176 2830 5254 uterque
2859 5186 2913 5233 et
2955 5176 3088 5246 Reg.
3122 5192 3217 5230 se-

1647 5260 1859 5319 cundus
1887 5261 1974 5316 διὰ
2000 5260 2112 5314 σοῦ.
2954 5303 2956 5306 ,

1720 5333 1832 5400 (96)
1897 5329 2164 5394 Ἐαυτοῖς
2203 5325 2267 5380 τέ
2290 5341 2439 5400 τινίᾳ.
2471 5322 2641 5400 Cois].
2677 5319 2951 5400 secundus
2979 5325 3032 5373 et
3078 5317 3214 5386 Reg.

1649 5394 1924 5461 scCuudus
1953 5401 2073 5455 τινὰ
2113 5400 2340 5460 ἑαυτοῖς.
2374 5394 2520 5448 Harl.
2553 5395 2757 5454 αὐτοῖς.

1726 5480 1743 5498 ⁶
1779 5475 1927 5528 Alias
1955 5468 2155 5527 CCXL.
2194 5468 2410 5537 Scripta
2442 5480 2586 5518 anno
2613 5463 2739 5519 376.
