3810 6500
114 344 197 403 957
1007 339 1495 397 EPISTOLARUM
1531 341 1814 398 CLASSIS
1851 342 1914 398 ll.
1958 344 2173 399 EPIST.
2214 346 2390 402 CCLI.
3210 348 3314 403 958

111 459 281 523 λαίετν,
296 453 523 509 τοιοῦτοί
552 455 709 518 εἰσιν,
738 454 882 518 οἴους
905 455 1053 510 ῐσασι
1077 457 1173 527 μὲν
1190 457 1282 510 καὶ
1309 459 1359 511 οἱ
1376 456 1487 528 (55)
1515 457 1615 527 πρὸ

1811 475 1838 513 s
1869 460 2272 529 possessionem
2309 461 2646 530 reciperent,
2676 461 2732 516 hi
2761 462 2898 518 tales
2926 468 3093 527 sunt,
3127 463 3314 532 quales

111 550 261 618 ὀλίγον
284 548 666 616 συγγεγονότες
690 546 892 610 αὐτοῖς.
942 544 1098 617 Ἐμοὶ
1128 547 1186 601 δὲ
1209 546 1284 618 μὴ
1316 548 1587 620 παράσχοι

1811 548 1929 602 iunt
1978 548 2072 618 qui
2130 548 2215 603 vel
2258 550 2552 627 paululum
2604 567 2730 606 cum
2764 552 2873 608 illis
2919 552 3121 607 versati
3158 561 3315 608 sunt.

111 641 282 711 Κύριος
322 636 586 710 τοσαύτην
634 637 830 708 σχολήν
882 654 1035 702 ποτε,
1085 637 1225 693 ὥστε
1274 638 1372 703 τὰς
1422 640 1615 693 ἐκείνω

1859 638 1875 692 i
1905 654 2033 694 vero
2054 655 2336 709 nunquam
2362 640 2628 711 largiatur
2651 641 2917 697 Dominus
2954 650 3166 698 tantum
3189 645 3312 706 otii,
3358 670 3362 675 α

111 729 302 802 πράξεις
317 725 743 800 ἀπαριθμεῖσθαι
757 725 891 797 (56).
907 726 1053 798 Πλὴν
1076 727 1190 781 ἀλλ’
1208 729 1313 783 ὑπὸ
1329 728 1612 800 δορυφόροι

1836 723 2051 779 illorum
2084 726 2327 784 actiones
2362 742 2700 784 enumerem.
2738 731 2845 785 Sed
2898 740 3081 787 tamen
3121 748 3313 787 eorum

110 825 201 884 τοῖς
234 816 574 888 τιμιωτάτοις
605 815 785 869 αὐτῶν
829 817 924 871 καὶ
979 815 1323 888 συμμύσταις
1355 834 1614 888 παραπεμ

1800 816 1943 871 tibus
1974 817 2053 871 illi
2082 819 2376 889 plurimum
2412 820 2638 876 honoris
2674 828 2729 875 et
2772 822 2899 878 ﬁdei
2931 824 3174 890 habent,
3210 841 3304 880 sa-

110 913 315 985 φθέντες,
340 909 614 980 διεξῆλθον
651 910 751 980 μὲν
797 909 885 963 διὰ
922 910 1102 980 πάσης
1134 910 1314 963 αὐτῶν
1338 911 1438 981 τῆς
1465 910 1614 982 χώρα

1811 907 1942 962 llitio
1969 909 2192 979 stipati,
2239 920 2604 983 peragrarunt
2644 927 2859 968 omnem
2894 915 3113 970 illorum
3141 917 3315 987 regio-

111 1006 187 1066 τὰς
210 1001 306 1054 τῶν
352 999 667 1053 ἐπισκόπων
702 1000 867 1071 τιμάς
915 1002 1010 1054 καὶ
1060 1001 1352 1073 θεραπείας
1399 1001 1609 1071 ἔχοντες

1806 1014 1905 1065 :m,
1960 1002 2344 1071 episcoporum
2399 1003 2704 1059 honoribus
2759 1010 2813 1058 et
2869 1004 3061 1062 oﬁiciis
3109 1007 3310 1063 ornati.

114 1091 407 1164 εἰσήχθησαν
439 1090 497 1144 δὲ
530 1091 843 1161 περιφανῶς
877 1092 958 1154 είς
1005 1090 1104 1163 τὴν
1153 1092 1305 1145 πόλιν
1352 1093 1616 1162 ὲκκλησιά

1809 1088 2047 1144 troducti
2095 1100 2278 1145 autem
2329 1100 2459 1147 sunt
2510 1094 2912 1164 perhonoriﬁce
2973 1096 3027 1150 in
3080 1097 3310 1162 urbem,

113 1199 266 1245 σαντες
291 1181 426 1253 μετὰ
455 1180 763 1244 αύθεντίας.
788 1180 1064 1253 Παρεδόθη
1094 1181 1202 1252 γάρ
1230 1184 1412 1247 αὐτοῖς
1441 1184 1470 1234 ὁ
1497 1182 1617 1246 λαὸς

1807 1181 2066 1236 dicionem
2117 1182 2386 1241 habentes
2417 1201 2631 1240 summa
2651 1202 2777 1240 cum
2802 1194 3088 1255 potestate.
3117 1189 3311 1244 Tradi-

110 1273 340 1346 παρεδόθη
357 1272 418 1325 τὸ
444 1272 845 1344 θυσιαστήριον.
865 1274 949 1338 υἶ,
972 1273 1157 1345 ἐπειδὴ
1175 1273 1285 1344 (57)
1308 1274 1468 1345 μέχρι
1483 1275 1614 1329 Νικο

1808 1289 1834 1328 s
1861 1273 2008 1328 enim
2037 1283 2120 1330 est
2152 1276 2262 1330 illis
2286 1278 2555 1348 populus,
2588 1279 2848 1334 traditum
2879 1280 3072 1336 altare.
3121 1282 3187 1336 Hi
3220 1283 3312 1338 Ni-

110 1368 280 1431 πόλεως
307 1364 666 1438 προελθόντες
696 1365 850 1418 οὐδὲν
884 1364 1246 1436 ἠδυνήθησαν,
1281 1360 1356 1419 ὧν
1388 1366 1614 1436 ἐπηγγεί

1811 1367 1980 1435 polim
2009 1383 2184 1438 usque
2207 1372 2488 1441 progressi
2513 1411 2528 1436 ,
2561 1387 2685 1425 cum
2717 1372 2857 1427 nihil
2884 1375 3195 1444 potuissent
3220 1392 3315 1432 eo-

110 1462 235 1513 λαντο
257 1456 674 1528 διαπράξασθαι,
700 1457 817 1521 πῶς
843 1458 1161 1528 ἐπανῆλθον,
1191 1461 1283 1513 καὶ
1325 1459 1442 1523 πῶς
1467 1459 1614 1530 ὤφθη

1814 1472 1865 1510 m
1895 1473 2017 1527 quae
2059 1461 2429 1529 promiserant
2472 1463 2770 1532 perlicere.
2818 1464 3095 1533 quomodo
3138 1464 3315 1519 redie-

113 1567 190 1604 σαν
216 1548 346 1602 κατὰ
377 1547 475 1619 τὴν
520 1547 801 1612 ἐπάνοδον,
845 1548 1022 1601 ἴσασιν
1062 1551 1110 1602 οἱ
1144 1551 1426 1622 παρόντες.
1459 1551 1617 1604 Οὖτωη

1809 1553 1855 1598 it
1879 1584 1894 1605 .
1930 1547 2230 1616 qualesque
2261 1548 2317 1602 in
2362 1549 2646 1615 redeundo
2686 1550 2787 1605 visi
2819 1550 2965 1612 sint,
2988 1559 3191 1604 norunt
3218 1550 3313 1621 qui

110 1642 174 1693 ἀεὶ
201 1641 320 1711 πρὸς
350 1639 410 1692 τὸ
448 1639 661 1693 ἑαυτῶν
691 1640 969 1712 συμφέρον
997 1640 1177 1696 πάντα
1207 1641 1486 1707 ποιοῦντες
1512 1643 1609 1712 φαί

1806 1633 2060 1690 fuerunt.
2120 1635 2199 1690 Ita
2250 1654 2466 1709 semper
2520 1639 2731 1709 proprii
2771 1640 3081 1708 compendii
3145 1654 3310 1695 causa

111 1748 271 1785 νονται.
301 1732 361 1783 Εἰ
392 1731 449 1784 δὲ
494 1730 769 1798 λέγουσιν,
799 1733 881 1786 ὃτι
915 1733 1269 1805 μετενόησαν,
1311 1732 1615 1799 δειξάτωσαη

1808 1726 1930 1780 unia
1956 1724 2141 1783 facere
2171 1729 2680 1800 deprehenduntur.
2719 1730 2875 1796 Quod
2902 1732 2947 1786 si
2988 1731 3172 1787 dicant
3214 1748 3312 1788 eos

111 1821 253 1874 αὐτῶν
284 1821 557 1890 ἔγγραφον
588 1822 688 1892 τὴν
730 1824 1039 1893 μετάνοιαν,
1089 1825 1183 1879 κοιλ⁵
1209 1826 1612 1897 άναθεματισμὸ

1809 1815 2075 1887 sipuisse,
2106 1818 2486 1876 demonstrent
2540 1821 2749 1891 scripto
2792 1822 3171 1893 consignatam
3215 1840 3313 1880 eo-

110 1917 182 1985 τῆς
212 1918 262 1968 ἐν
304 1915 864 1968 Κωνσταντινουπόλει
909 1915 1169 1979 πίστεως,
1220 1918 1314 1971 καὶ
1361 1919 1614 1989 χωρισμὸε

1808 1924 1859 1961 m
1892 1911 2270 1978 pmnitentiam
2294 1951 2309 1976 ,
2339 1912 2508 1983 388
2552 1920 2605 1967 et
2638 1915 3153 1970 anathematismum
3187 1915 3310 1971 ﬁdei

111 2007 191 2060 τῶν
211 2006 506 2079 αἱρετικῶν,
542 2008 637 2060 καὶ
676 2006 751 2079 μὴ
790 2006 1214 2072 ἐξαπατάτωσαν
1240 2009 1365 2072 τοὺς
1392 2009 1615 2080 άκεραιο

1802 2004 2353 2070 mstantinopolitana:
2380 2012 2435 2060 et
2481 2006 2857 2061 secessionem
2903 2008 2973 2062 ab
3012 2007 3306 2073 haereticis,

110 2098 276 2169 τέρους.
307 2098 412 2151 Καὶ
446 2099 517 2151 τὰ
553 2099 650 2169 μὲν
682 2099 905 2152 ἐκείνων
931 2098 1175 2152 τοιαῦτα.

1807 2106 1837 2146 c
1875 2090 2155 2160 decipiant
2183 2094 2574 2163 simpliciores.
2610 2094 2787 2166 Atque
2818 2095 3038 2149 illorum
3087 2096 3308 2165 quidem

1736 2197 1826 2239 res
1848 2182 1929 2237 sic
1952 2198 2011 2239 se
2044 2182 2270 2239 habent.

163 2278 207 2331 4.
238 2278 413 2349 Ἡμεῖς
432 2279 512 2342 δὲ,
539 2277 812 2349 ἀγαπητοὶ
840 2277 1081 2346 ἀδελφοὶ,
1103 2279 1288 2348 μικροὶ
1317 2277 1412 2348 μὲν
1437 2278 1530 2332 καὶ
1549 2295 1637 2331 τα-

1806 2274 1861 2328 4.
1906 2273 2018 2330 Nos
2049 2283 2232 2330 autem
2258 2318 2273 2344 ,
2309 2275 2493 2332 dilecti
2538 2277 2739 2333 fratres
2760 2316 2776 2341 ,
2811 2278 2965 2346 parvi
2995 2278 3215 2347 quidem
3248 2287 3304 2333 et

112 2369 265 2433 πεινοὶ,
291 2370 338 2421 οἱ
363 2370 517 2423 αὐτοὶ
547 2369 603 2422 δὲ
640 2370 727 2422 del.
755 2372 821 2439 τῇ
850 2367 945 2423 τοῦ
974 2368 1108 2422 Θεοῦ
1141 2369 1343 2441 χάριτι,
1378 2370 1616 2422 οὐδέποτε

1901 2367 1969 2423 les
1999 2381 2229 2430 sumus,
2263 2382 2478 2436 semper
2505 2375 2688 2423 tamen
2743 2368 2906 2424 iidem
2953 2368 3049 2424 Dei
3093 2370 3305 2438 gratia,
3399 2357 3405 2365 ’

108 2460 199 2519 ταῖς
227 2457 533 2528 μεταῦολαῖς
563 2457 672 2510 τῶν
699 2457 1037 2528 πραγμάτων
1069 2458 1505 2527 συνδιετέθημεν.
1548 2457 1612 2510 Πί

1808 2471 1839 2510 c
1890 2472 2130 2528 unquam
2184 2472 2309 2511 cum
2368 2458 2536 2515 rebus
2587 2458 2858 2512 immutati
2902 2475 3114 2515 sumus.
3150 2459 3309 2516 Fides

111 2564 200 2611 στις
220 2549 337 2620 παρ’
359 2551 488 2620 ἡμῖν
521 2549 624 2601 ούκ
655 2547 789 2619 ἄλλη
822 2549 920 2619 μὲν
940 2551 998 2603 ὲν
1019 2548 1329 2619 Σελευκείᾳ,
1356 2549 1488 2620 ἄλλη
1507 2549 1562 2602 δὲ
1576 2551 1615 2601 ἐκ

1802 2549 1884 2603 illd
1909 2564 2009 2604 nos
2029 2588 2045 2615 ,
2080 2563 2190 2603 non
2230 2548 2334 2602 alia
2363 2548 2653 2616 Seleuciae,
2676 2550 2781 2602 alia
2808 2548 3306 2621 Constantinopoli.

110 2639 649 2703 Κωνσταντινουπόλει,
673 2640 768 2694 καὶ
793 2639 926 2710 άλλη
957 2642 1015 2693 ὲν
1043 2640 1253 2711 Ζήλοις,
1283 2640 1377 2694 καὶ
1402 2642 1460 2693 ὲν
1482 2643 1614 2711 Λαμ

1804 2643 1843 2695 la
1881 2640 2057 2704 Zelis.
2088 2648 2143 2697 et
2194 2639 2485 2710 Lampsaci
2531 2641 2637 2694 alia
2659 2682 2675 2704 ,
2715 2649 2769 2697 et
2800 2639 2986 2696 Romae
3014 2642 3122 2696 alia
3155 2660 3169 2696 :
3207 2656 3308 2696 nec

109 2729 234 2802 ψάκῳ
271 2732 417 2804 άλλη,
445 2734 543 2787 καὶ
590 2733 684 2786 ἐπὶ
724 2731 943 2804 Ῥώμης
975 2732 1086 2805 (58)
1120 2733 1312 2804 ἑτέρα·
1351 2734 1446 2788 καὶ
1476 2736 1508 2804 ἡ
1541 2733 1613 2786 νῦι

1801 2748 1858 2788 ue
1901 2747 2049 2788 nunc
2094 2732 2511 2796 circumfertur,
2540 2748 2571 2786 a
2606 2732 2884 2802 prioribus
2913 2732 3164 2796 diversa,
3208 2732 3305 2787 sed

109 2823 461 2895 περιφερομένη
488 2824 554 2876 οῦ
585 2823 837 2895 διάφορος
866 2822 1017 2896 παρὰ
1044 2822 1145 2887 τὰς
1176 2824 1466 2896 προτέρας,
1500 2823 1613 2877 άλλέ

1803 2840 1847 2879 1a
1875 2832 1930 2881 et
1965 2823 2155 2880 eadem
2190 2839 2426 2894 semper.
2459 2823 2931 2890 Quemadmodum
2962 2826 3109 2880 enim
3156 2840 3307 2882 acce-

113 2911 185 2980 μία
211 2914 292 2966 καὶ
320 2915 350 2984 ἡ
385 2914 522 2986 αὐτὴ
551 2915 637 2968 ἀεί
667 2916 799 2987 (59).
818 2917 904 2981 Ὠς
937 2915 1046 2987 γὰρ
1075 2915 1456 2987 παρελάϐομεν
1486 2915 1617 2986 παρὲ

1800 2931 1918 2971 mus
1951 2930 1982 2969 a
2014 2914 2276 2979 Domino,
2306 2915 2389 2970 sic
2428 2915 2805 2986 baptizatnur;
2844 2917 3304 2986 quemadmodum

108 3001 179 3055 τοῦ
218 3006 427 3076 Κυρίου,
479 3006 626 3060 οὕτω
661 3006 1071 3078 βαπτιζόμεθαο
1111 3005 1186 3070 ὡς
1234 3005 1609 3077 βαπτιζόμεθα

1803 3009 2102 3079 ptizamur,
2134 3008 2217 3064 sic
2269 3008 2585 3076 credimus;
2621 3010 3077 3079 quemadmodum
3128 3010 3307 3065 credi-

109 3094 219 3149 οῦτω
253 3098 572 3169 πιστεύομεν
593 3114 608 3129 °
649 3097 726 3162 ὡς
751 3097 1096 3168 πιστεύομεν,
1123 3096 1265 3151 οὕτω
1306 3098 1401 3152 καὶ
1431 3098 1613 3164 δοξολο

1803 3115 1895 3167 us,
1930 3101 2011 3155 sic
2044 3106 2099 3154 et
2129 3099 2539 3170 gloriﬁcamus;
2570 3116 2748 3171 neque
2783 3109 3104 3170 separantes
3138 3117 3171 3156 a
3200 3099 3307 3156 Pa-

110 3185 270 3257 γοῦμεν
289 3205 300 3217 ·
326 3188 443 3242 οὔτε
472 3190 801 3262 χωρίζοντες
831 3188 1046 3261 Πατρὸς
1090 3190 1184 3242 καὶ
1216 3188 1346 3242 Υἱοῦ
1389 3189 1450 3243 τὸ
1482 3190 1614 3259 ἆγιοπ

1800 3206 1818 3245 3
1848 3200 1902 3246 et
1937 3189 2078 3244 Filio
2115 3189 2379 3260 Spiritum
2412 3200 2662 3246 sanctum
2685 3231 2701 3255 ,
2742 3207 2919 3261 neque
2954 3191 3304 3262 praeferentes

110 3277 306 3349 Πνεῦμα,
348 3280 467 3335 οὔτε
512 3281 862 3353 προτιθέντες
906 3282 1139 3354 Πατρὸς,
1184 3282 1217 3352 ἢ
1266 3280 1614 3353 πρεσϐύτεροι

1801 3282 1916 3346 ιιι-ί,
1952 3288 2047 3335 aut
2076 3282 2443 3352 antiquiorem
2488 3280 2625 3337 Filio
2655 3279 2918 3350 Spiritum
2951 3283 3218 3346 dicentes,
3243 3289 3305 3337 ut

112 3366 216 3423 εἶναι
239 3373 324 3427 τοῦ
352 3375 479 3428 Υίοῦ
507 3375 570 3427 τὸ
599 3374 825 3444 Πνεῦμα
844 3372 1096 3443 λέγοντες
1113 3392 1127 3407 ·
1160 3374 1235 3436 ὡς
1264 3374 1322 3426 αἱ
1346 3373 1473 3427 τῶν
1507 3374 1616 3444 βλαι

1803 3372 2387 3444 iledicentiumlinguae
2397 3372 2739 3443 conﬁngunt.
2754 3371 2890 3439 Quis
2907 3373 3051 3428 enim
3070 3372 3205 3428 adeo
3231 3380 3307 3428 te-

111 3464 298 3533 σφήμων
342 3466 588 3535 γλῶσσαι
637 3465 1126 3529 κατασκευάζουσι.
1182 3464 1276 3529 Τίς
1333 3464 1440 3538 γάρ
1490 3465 1615 3518 οῦτιι

1801 3466 2000 3522 ararius
2014 3465 2347 3520 Dominicam
2366 3466 2670 3535 reprobans
2689 3465 3110 3527 institutionem,
3132 3464 3305 3520 nomi-

109 3552 349 3625 τολμηρὸς,
376 3557 452 3622 ὃς,
484 3557 583 3629 τὴν
614 3555 724 3627 (60)
754 3555 1085 3628 Δεσποτικὴν
1117 3556 1512 3628 παρωσάμενος
1547 3574 1606 3610 νο

1798 3559 1895 3615 bus
1911 3557 2190 3629 proprium
2204 3556 2402 3613 audeat
2420 3555 2672 3612 ordinem
2699 3557 3047 3627 excogitare?
3071 3556 3179 3611 Sed
3200 3570 3302 3611 nec

112 3644 340 3710 μοθεσίαν,
387 3650 523 3704 ἰδίαν
553 3648 726 3720 τολμᾷ
755 3650 868 3712 τοῖς
906 3648 1133 3719 ὀνόμασι
1165 3647 1318 3713 τάξιν
1362 3650 1616 3713 ὲπινοεῖνς

1799 3661 1975 3708 eatum
2010 3650 2248 3705 dicimus
2276 3646 2542 3719 Spiritum
2568 3688 2583 3714 ,
2616 3649 2710 3719 qui
2738 3663 2862 3702 cum
2900 3646 3061 3703 Patre
3088 3657 3143 3703 et
3165 3646 3303 3701 Filio

120 3733 225 3787 Ἀλλ’
246 3737 357 3792 οὔτε
385 3740 604 3794 κτιστὸν
635 3739 864 3810 λέγομεν
885 3737 954 3791 τὸ⁴
980 3737 1223 3810 Πνεῦμα,
1256 3738 1318 3792 τὸ
1356 3738 1495 3810 μετὰ
1523 3741 1624 3793 Πα-

1795 3743 2060 3815 ηιιίυηαιυε
2085 3750 2209 3807 est,
2231 3756 2334 3796 nec
2363 3740 2614 3797 servilem
2643 3741 2907 3796 audemus
2929 3739 3114 3795 dicere
3140 3754 3264 3797 eum
3282 3777 3299 3803 ,

108 3824 204 3894 τρὸς
231 3831 313 3882 xui.
337 3830 464 3884 Υίοῦ
498 3830 829 3901 τεταγμένον
852 3845 864 3858 ·
907 3827 1030 3883 οὔτε
1064 3828 1307 3882 δουλικὸν
1337 3830 1612 3901 τολμῶμεπ

1798 3837 1822 3891 li
1853 3828 2179 3906 principalis
2217 3842 2301 3890 est
2326 3834 2394 3889 ".
2422 3833 2502 3889 Ac
2549 3847 2647 3888 vos
2688 3833 3050 3888 adltortamur
3074 3840 3131 3886 ut
3173 3844 3302 3886 me-

110 3916 243 3971 εἰπεῖν
269 3921 324 3974 τὸ
362 3923 709 3994 ἡγεμονικόν.
743 3921 855 3974 Καὶ
894 3921 1039 3991 ὑμᾶς
1074 3920 1501 3993 παρακαλοῦμεν
1539 3940 1614 3993 με·

1796 3941 1911 3981 ores
1939 3926 2216 3979 minarum
2247 3922 2498 3988 Domini,
2530 3921 2624 3992 qui
2674 3922 2816 3977 dixit
2851 3942 2864 3977 :
2920 3920 3085 3978 Omne
3111 3935 3300 3988 pecca-

111 4010 365 4080 μνημένους
397 4016 497 4086 τῆς
526 4013 619 4067 τοῦ
667 4013 874 4085 Κυρίου
924 4012 1173 4084 ἀπειλῆς,
1217 4011 1311 4066 τοῦ
1362 4013 1615 4077 εἰπόντος,

1799 4034 1839 4071 m
1865 4027 1917 4071 et
1936 4016 2266 4085 blasphemia
2295 4017 2590 4070 remittetur
2608 4013 2906 4069 horninibus
2929 4031 2949 4069 :
2977 4013 3303 4082 blasphemia

109 4099 245 4155 Πᾶσα
277 4107 525 4189 ἁμαρτία
571 4107 667 4162 καὶ
699 4107 1067 4176 ,ϐλασφημία
1103 4105 1465 4175 ἀφεθήσεται
1504 4107 1613 4173 τοῖς

1901 4151 1902 4155 η
1936 4110 1992 4163 in
2014 4107 2275 4179 Spiritum
2293 4117 2537 4163 sanetum
2569 4124 2675 4162 non
2701 4107 3018 4171 remittetur,
3044 4122 3208 4177 neque
3244 4107 3303 4159 in
3395 4120 3405 4132 '

109 4190 416 4264 ἀνθρώποις*
445 4203 486 4269 ἠ
520 4198 588 4252 δὲ
618 4202 705 4264 εὶς
732 4198 798 4251 τὸ
835 4197 1079 4267 Πνεῦμα
1115 4197 1179 4251 τὸ
1216 4197 1388 4267 ἄτιον
1424 4199 1613 4264 ,βλασ-

1796 4219 1823 4255 c
1846 4205 2067 4264 secuto,
2101 4216 2262 4270 neque
2292 4201 2346 4255 in
2380 4201 2561 4269 futuro
2586 4200 2655 4262 ’⁸,
2690 4200 2931 4256 caveatis
2965 4214 2994 4252 a
3027 4199 3300 4268 pernicio-

107 4287 255 4352 Ptutla
291 4293 395 4345 vim
439 4291 825 4361 ἀφεθήσεται,
886 4290 1025 4344 οὔτε
1070 4291 1140 4343 ἐν
1186 4288 1262 4355 τῷ
1304 4290 1421 4345 νῦν
1458 4288 1611 4343 αἰῶνι

1798 4309 1809 4347 ι
1844 4300 2038 4347 contra
2080 4289 2346 4362 Spiritum
2377 4291 2664 4347 doctrinis.
2693 4289 2845 4346 State
2875 4291 2931 4345 in
2964 4290 3069 4346 ﬁde
3098 4290 3165 4355 ”,
3192 4291 3302 4346 cir-

110 4375 213 4431 οὔτε
237 4381 298 4434 ἐν
325 4384 401 4450 τῷ
427 4385 749 4454 μέλλοντι’
786 4382 1059 4453 φυλάξατε
1105 4383 1219 4452 (61)
1260 4382 1481 4445 ἑαυτοὺς
1516 4381 1614 4435 τῶι

1798 4385 2051 4455 mspicite
2076 4384 2263 4440 orbem
2293 4390 2588 4448 terrarum,
2611 4393 2667 4438 et
2687 4383 2868 4438 videte
2893 4384 3146 4454 exiguam
3176 4398 3301 4440 esse

112 4463 336 4541 βλαϐερῶν
381 4476 523 4530 κατὰ
573 4474 665 4528 τοῦ
712 4473 1028 4545 Πνεύματος
1072 4473 1436 4544 διδαγμάτων.
1489 4473 1616 4543 Στή-

1796 4490 1869 4530 ηιιο
1894 4484 2102 4546 partem
2121 4514 2138 4541 ,
2169 4490 2291 4546 quae
2322 4475 2518 4530 morbo
2543 4476 2789 4543 laborat;
2818 4476 3081 4543 reliquam
3114 4484 3300 4529 autem

109 4572 203 4610 κετε
226 4563 276 4615 ὲν
300 4568 362 4635 τῇ
390 4568 592 4629 πίστει,
626 4564 988 4636 περιϐλέψατε
1017 4567 1095 4629 εἰς
1141 4565 1240 4637 τὴν
1277 4564 1613 4635 οἰκουμένην,

1794 4565 2070 4633 :clesiam,
2124 4580 2247 4636 quas
2295 4579 2326 4618 a
2379 4565 2628 4620 terminis
2685 4579 2859 4635 usque
2911 4565 2979 4617 ad
3033 4564 3298 4620 terminos

109 4650 178 4700 καὶ
200 4651 336 4718 ῐδετε,
368 4658 445 4711 ὅτι
480 4659 673 4733 μικρόν
698 4659 814 4711 ἐστι
839 4657 997 4711 τοῦτο
1030 4658 1091 4711 τὸ
1119 4657 1283 4729 μέρος
1313 4656 1374 4709 τὸ
1405 4673 1613 4727 νενοση‹

1793 4657 2079 4728 τθηεειὶιιηι
2123 4656 2388 4727 suscepit,
2411 4657 2466 4712 in
2486 4672 2620 4712 sana
2650 4656 2752 4711 hac
2784 4656 2992 4712 versari
3023 4664 3079 4710 et
3112 4655 3297 4711 incor-

109 4738 204 4802 κάς·
234 4746 263 4817 ή
291 4747 345 4801 δὲ
372 4749 530 4821 λοιπὴ
579 4751 730 4805 πᾶσα
772 4748 1087 4822 Ἐκκλησία,
1137 4750 1170 4818 ἡ
1217 4748 1325 4802 ἀπὸ
1372 4749 1613 4818 περάτων

1795 4758 1882 4819 pta
1910 4749 2185 4805 doctrina.
2218 4747 2463 4815 Quorum
2497 4756 2552 4805 et
2574 4764 2674 4804 nos
2707 4763 3017 4818 precamur,
3049 4763 3120 4802 ne
3149 4749 3298 4802 exci-

109 4828 167 4892 εἰς
189 4834 374 4905 πέρατα
393 4840 661 4912 δεξαμένη
695 4841 756 4893 τὸ
791 4840 1139 4909 Εύαγγέλιον,
1171 4840 1263 4895 επὶ
1294 4840 1394 4909 τῆς
1440 4837 1613 4908 ὑγιοῦς

1795 4857 1922 4897 nius
1962 4842 2382 4907 communione,
2415 4851 2735 4911 partemque
2768 4839 3050 4894 vobiscum
3084 4839 3299 4893 habea-

174 4986 211 5016 "
238 4988 367 5047 Psal.
408 5012 474 5060 ι,
515 4996 601 5050 Η.
702 4996 749 5027 ’⁸
788 4992 975 5050 Matth.
1017 5010 1131 5058 xu,
1171 4994 1260 5059 51,
1300 4994 1390 5049 52.
1492 4997 1536 5027 ’³³
1575 4994 1595 5048 l
1632 4993 1673 5051 C

552 4996 601 5050 4.
702 4996 749 5027 ⁹⁸
788 4992 975 5050 Matth.
1017 5010 1131 5058 xu,
1171 4994 1260 5059 51,
1300 4994 1390 5049 '52.
1492 4997 1536 5027 ’ν
1575 4994 1595 5048 1
1632 4993 1760 5051 Cor.
1804 5013 1928 5063 xvr,
1971 4997 2056 5051 15.

160 5140 250 5222 (ξ5)
273 5152 372 5205 Καὶ
402 5157 473 5208 οι,
506 5152 832 5221 Coniunctio
860 5151 1046 5207 addita
1071 5166 1138 5207 ex
1161 5150 1333 5207 Cois].
1366 5152 1542 5216 primo
1565 5157 1621 5207 et
1728 5152 1852 5207 Vat.
1884 5163 1936 5207 et
1967 5154 2183 5208 duobus
2211 5152 2422 5222 Regiis.

109 5204 1045 5297 negasses;ngas.“'_j;j_““
1175 5204 1251 5297 ί
1276 5204 1305 5205 ⁷⁷
1574 5204 1616 5207 ’⁷
1749 5204 2014 5297 ’ἶέθῖᾙ
2031 5204 2186 5297 ιξῦἓῆ
2212 5204 2649 5297 ἆέἴῖοεετεωξι
2676 5237 2779 5297 vox
2812 5221 2993 5297 addita
3027 5237 3094 5277 ex
3123 5221 3293 5297 Cois!-

162 5282 270 5365 (56)⁹
298 5282 784 5365 ’ᾼπαριθμεῗόθαι.
838 5282 1126 5365 Medicazus
1177 5292 1615 5365 ὲπαριθμείσθαι.

1796 5282 1926 5358 imo,
1954 5293 2092 5351 Med.
2128 5282 2181 5365 et
2226 5309 2337 5348 uno
2367 5310 2441 5365 ex
2476 5291 2679 5364 Regiis.
2719 5291 2890 5348 Paulo
2932 5301 3059 5364 post
3106 5296 3297 5363 plures

110 5345 886 5447 Μῗέῃνὲἓελιῆιξῖέμιιρξάῖοις
914 5362 1082 5447 99155:-
1182 5433 1193 5445 .
1288 5345 1301 5363 ’
1381 5345 1394 5365 ’

956 5362 1082 5447 se}.
1105 5345 1120 5348 ⁷
1182 5433 1193 5445 ,
1288 5345 1301 5363 ³
1721 5345 2195 5447 attigistis.
2231 5345 2460 5447 ἱζέρίόὖ.

161 5420 251 5506 (ξἾ)
278 5429 530 5506 ε’βπειδή,
557 5420 647 5488 Sic
674 5420 897 5506 Medae}
918 5420 1087 5506 Cois].
1112 5433 1323 5506 primus
1353 5447 1476 5488 cum
1505 5448 1615 5506 uno

1792 5420 1902 5506 (60)
1928 5420 2067 5502 ίὍς,
2107 5434 2237 5502 τήν.
2282 5420 2374 5489 δίο
2408 5449 2543 5491 mss.
2578 5448 2792 5489 summo
2824 5448 3117 5490 consensu.
3149 5429 3291 5490 Editi

111 5501 161 5575 f3}
182 5488 358 5575 Bégiis.
388 5488 527 5559 Ediii
561 5505 700 5563 ἐπεί.
747 5502 894 5575 Infra
932 5488 1155 5575 eosdem
1184 5488 1403 5575 codices
1436 5505 1614 5575 secuti

431 5488 527 5559 diti
561 5505 700 5563 ἐπει.
747 5502 894 5575 Infra
932 5488 1155 5575 eosdem
1184 5488 1403 5575 codices
1436 5505 1614 5575 secuti
1718 5488 1935 5575 ὡξτήν.

113 5566 394 5647 mutavimus
415 5575 555 5647 quod
589 5574 779 5647 erat
813 5572 999 5647 editis,
1028 5574 1115 5647 ά-εδ.
1147 5574 1327 5644 μέντοι
1356 5577 1405 5627 0i
1434 5574 1609 5647 αὐτοί.

1786 5566 1902 5647 (δι’)
1933 5575 2262 5647 Φυλὼξατε.
2301 5574 2447 5647 Editi
2481 5573 2694 5647 addunt
2727 5571 2840 5647 οῦν,
2869 5570 3014 5642 quod
3046 5573 3211 5647 deest
3234 5575 3290 5628 in

288 5639 403 5716 Fui
434 5629 681 5716 Ῥώμης.
714 5643 815 5716 Sic
834 5629 999 5716 Med;
1028 5629 1159 5697 Vat:
1180 5654 1233 5699 et
1254 5662 1397 5716 unus
1417 5661 1483 5716 ex
1510 5643 1615 5699 Re-

1786 5629 2326 5716 sitn'ss.li.eg'entlum
2358 5629 2578 5716 videtur
2609 5629 2842 5714 φυλάξαί
2886 5629 3139 5716 ἒίαυτούςξ
3169 5644 3290 5699 Mox

114 5703 207 5788 iiii:
239 5703 363 5788 Fdi"
392 5714 479 5766 ἐπὶ
518 5703 723 5788 Nlla
776 5713 942 5788 (Ξοὶειο
978 5723 1207 5788 "terque
1235 5715 1327 5788 ἐπὶ
1370 5714 1609 5784 Ῥώμην.

1717 5717 1886 5775 Coisl.
1923 5703 2137 5788 primuvs‘
2159 5730 2283 5788 cum
2311 5732 2421 5772 uno
2449 5732 2514 5770 ex
2550 5703 2735 5786 Regiis
2764 5703 3182 5788 rrsptmé'wcrﬂs.

115 5761 207 5823 Mox
237 5761 371 5835 deest
395 5761 618 5855 sagas;
629 5761 760 5839 Siiie
784 5761 1327 5869 ξὶἇξὸρόἷίιῖῖοῖέίζ
1355 5761 1609 5858 ιιῑιιῦἆίέέζ

729 5798 760 5838 e
790 5761 1133 5869 5tdéopogvil‘ll
1158 5761 1327 5842 601st.
1355 5761 1608 5858 ιιιιιοᾶιὶθ,
1721 5761 1886 5775 ww"
1923 5761 2131 5788 "mm
2161 5761 2233 5795 ””·

376 5876 637 5940 Pauor“
680 5878 796 5941 Gtt.
846 5879 897 5939 X
912 5877 1112 5939 XXII.

2890 5874 2966 5933 30
