3810 6500
169 363 248 420 941
1002 350 1490 412 EPISTOLARUH
1515 350 1799 428 CLASSIS
1828 350 1894 408 ll.
1933 349 2150 409 EPIST.
2191 351 2390 409 CCLV.

629 470 968 527 ΕΠΙΣΤΟΔῙῙ
1006 469 1169 525 ΣΝΔν.

3243 354 3348 411 963

2268 466 2608 525 EPISTOLA
2645 468 2890 526 CCLIV'.

945 585 1134 637 Salutat
1152 601 1239 651 per
1261 587 1649 649 Sanctissimum,
1680 599 1822 650 seque
1841 585 1946 652 ejus
1970 583 2190 649 precibus
2207 582 2520 634 emendat.

219 696 460 765 Πελαγίῳ
495 693 634 765 (69),
667 694 975 762 ἐπισκόπφ
1006 694 1352 762 Λαοδικείας
1407 695 1645 764 Συρίας.
1706 700 1754 757 Α

217 813 468 884 Παράσχοι
513 810 542 861 6
571 807 775 880 Κύριός
816 826 944 862 ποτε
991 810 1084 866 καὶ
1128 811 1275 882 αὐτῷ
1332 829 1420 881 μοι
1451 811 1533 874 είς
1563 810 1682 880 ὅφιν

165 909 308 962 ἐλθεῖν
338 907 397 976 τῇ
435 902 660 974 ἀληθινῇ
712 920 804 955 σου
839 901 1135 976 θεοσεϐείᾳ,
1171 905 1264 959 καὶ
1305 905 1404 958 ὅσα
1445 905 1684 958 ἐνελίπο-

164 1018 243 1070 μεν
289 997 360 1068 τῷ
402 995 722 1066 γράμματι,
778 994 947 1048 ταῦτα
994 995 1380 1068 ἀναπληρῶσαι
1431 999 1577 1068 ἡμᾶς
1615 999 1680 1067 τῇ

161 1089 416 1162 παρουσίᾳ.
479 1086 605 1156 Ὀψὲ
656 1084 764 1157 γὰρ
815 1084 909 1138 τοῦ
955 1087 1188 1156 γράφειν
1236 1087 1542 1157 ἠρξάμεθα,
1588 1089 1683 1140 καὶ

326 1180 450 1248 ἡμῖν
487 1175 600 1244 (70)
649 1177 747 1246 τῆς
791 1175 1082 1244 ἀπολογίας
1130 1177 1308 1248 χρεία.
1370 1177 1586 1248 Ἐπειδὴ
1625 1177 1681 1231 δὲ

160 1273 384 1342 πάρεστιν
425 1270 452 1321 6
481 1267 857 1331 ποθεινότατος
899 1268 991 1320 καὶ
1032 1269 1423 1332 εὐλαϐέστατος
1457 1270 1682 1340 ἀδελφὸς

158 1362 514 1430 Σαγκτίσσιμος
551 1361 581 1412 6
617 1357 1114 1430 συμπρεσϐὐτερος.
1163 1360 1321 1424 αὐτὸς
1367 1362 1542 1416 πάντα
1601 1363 1680 1415 δι-

155 1452 378 1526 ηγήσεταί
414 1469 515 1514 σοι,
563 1451 633 1504 τά
676 1468 735 1505 τε
781 1451 1024 1522 ἡμέτερα
1058 1450 1168 1522 (71)
1203 1452 1296 1504 καὶ
1338 1451 1405 1504 τά
1455 1453 1560 1506 ἀπὸ
1585 1452 1684 1521 τῆς

155 1547 346 1607 Δύσεως.
373 1544 479 1596 Καὶ
505 1544 592 1596 ἐπ’
621 1542 845 1605 ἐκείνοις
874 1543 970 1612 μὲν
1002 1543 1291 1612 εὐφρανεῖ·
1323 1543 1421 1606 τάς
1451 1544 1508 1596 δὲ
1536 1545 1681 1615 ἡμᾶς

153 1636 484 1707 κατασχούσας
530 1633 777 1706 ταραχὰς
822 1633 1010 1698 εἰπὼν,
1045 1634 1174 1698 ἴσως
1222 1635 1516 1706 προσθήσει
1563 1635 1682 1689 τινὰ

152 1730 295 1800 λύπην
312 1728 400 1782 καὶ
420 1726 674 1799 φροντίδα
695 1729 806 1789 τοῖς
826 1727 923 1798 ἤδη
955 1728 1391 1796 ὲναποκειμένοις
1414 1730 1479 1798 τῇ
1503 1728 1678 1800 ἀγαθῇ

153 1840 226 1874 σου
253 1822 452 1891 καρδίᾳ.
502 1821 577 1873 Οὐ
635 1823 742 1891 μὴν
787 1819 1056 1890 ἄχρηστον
1099 1820 1160 1872 τὸ
1203 1819 1488 1872 λυπεῖσθαι
1537 1821 1680 1890 ὑμᾶς

152 1917 248 1978 τοὺς
273 1915 591 1992 δυναμένους
617 1914 886 1966 δυσωπεῖν
913 1913 1002 1965 τὸν
1034 1913 1255 1984 Κύριον.
1300 1914 1395 1976 Εἰς
1429 1913 1543 1966 δέον
1571 1913 1678 1986 γὰρ

2048 691 2298 762 Pelagio,
2327 691 2567 759 episcopo
2599 689 2876 746 Laodicea:
2900 690 3094 762 Syria.

1852 806 2143 879 Largiatur
2183 813 2238 861 et
2270 805 2404 859 mihi
2435 803 2701 860 Dominus
2746 807 2964 861 tandem
3007 805 3302 876 aliquando
3325 847 3342 871 ,

1783 905 1843 952 ut
1887 899 1942 953 in
1991 905 2345 968 conspectum
2379 896 2609 952 sincera:
2642 905 2748 951 tuae
2789 897 2974 967 pietati
3011 897 3222 952 veniam
3249 937 3264 961 ,
3288 907 3345 952 et

1784 1006 1903 1061 qua:
1935 1006 1966 1044 a
1999 989 2201 1045 litteris
2243 989 2404 1045 nobis
2440 989 2768 1054 defuerunt,
2800 1004 2863 1044 ea
2901 1004 3086 1043 coram
3123 991 3343 1060 explea-

1781 1097 1926 1137 mus.
1959 1081 2248 1137 Enimvero
2288 1096 2412 1136 sero
2447 1081 2689 1136 scribere
2719 1081 2965 1152 aggressi
3013 1097 3236 1146 sumus,
3277 1098 3342 1136 ac

1779 1174 1938 1228 valde
1987 1172 2148 1229 nobis
2189 1188 2330 1243 Opus
2359 1184 2443 1229 est
2476 1174 2849 1228 excusatione.
2892 1170 2996 1226 Sed
3047 1188 3168 1226 cum
3199 1173 3342 1227 adsit

1781 1265 2285 1322 desideratissimus
2324 1281 2388 1319 ac
2422 1264 2873 1334 religiosissimus
2897 1263 3064 1318 frater
3094 1263 3341 1320 Sanctis-

1782 1358 1954 1413 simus
1981 1359 2415 1428 compresbyter,
2448 1358 2562 1427 ipse
2589 1357 2691 1420 tibi
2713 1357 2892 1411 omnia
2935 1357 3199 1421 narrabit,
3225 1365 3340 1411 tum

1780 1456 1999 1515 nostra,
2028 1456 2142 1502 tum
2175 1464 2295 1518 qua:
2311 1449 2380 1502 ab
2400 1447 2715 1503 Occidente.
2748 1449 2825 1500 Ac
2854 1462 2950 1516 per
2979 1447 3094 1501 haec
3119 1446 3340 1516 quidem

1781 1539 1980 1610 gaudio
2030 1548 2083 1594 te
2134 1539 2330 1594 ailiciet
2363 1559 2376 1594 :
2411 1540 2539 1594 dum
2568 1554 2697 1594 vero
2730 1539 3168 1610 perturbationes
3221 1538 3343 1606 qui-

1781 1631 1882 1685 bus
1939 1645 2366 1696 commovemur,
2419 1632 2520 1685 tibi
2574 1630 2884 1694 nuntiabit,
2940 1628 3079 1684 forte
3132 1628 3341 1699 aliquid

1779 1722 2042 1776 molestia!
2089 1737 2154 1776 ac
2200 1723 2586 1777 sollicitudinis
2641 1723 2860 1792 adjiciet
2917 1721 3003 1776 his
3059 1736 3181 1790 qua:
3223 1721 3339 1790 jam

1779 1814 1924 1869 bono
1948 1823 2042 1869 tuo
2073 1816 2226 1869 cordi
2260 1815 2516 1870 insident.
2548 1813 2668 1869 Non
2699 1822 2878 1868 tamen
2907 1813 3097 1867 inutile
3123 1821 3206 1868 est
3239 1829 3339 1868 vos

1780 1906 1970 1976 ailligi,
2009 1907 2100 1976 qui
2156 1907 2440 1961 Dominum
2479 1907 2708 1978 potestis
2746 1906 2985 1975 placare.
3039 1904 3339 1960 Commode
3383 1909 3386 1912 ’

152 2009 254 2077 ἡμῖν
279 2008 603 2077 ἀποϐήσεται
636 2007 670 2075 ἡ
707 2005 947 2077 ὑμετέρα
991 2005 1261 2076 μέριμναο
1294 2005 1388 2058 καὶ
1429 2000 1546 2058 οἶδα
1595 2005 1675 2058 ὅτι

1783 1997 1921 2051 enim
1970 1999 2126 2052 nobis
2173 1999 2328 2054 cedet
2380 2007 2560 2053 vestra
2615 1996 2962 2061 sollicitudo,
2995 2011 3096 2051 nec
3142 1996 3338 2051 dubito

149 2098 406 2168 τευξόμεθα
433 2097 534 2167 τῆς
559 2096 713 2168 παρά
740 2096 834 2150 τοῦ
863 2096 996 2148 Θεοῦ
1026 2095 1135 2166 (72)
1153 2094 1505 2167 ἀντιλήψεως,
1530 2095 1676 2166 ἕχον-

149 2205 218 2250 τες
257 2188 344 2258 τὴν
402 2188 552 2259 παρά
613 2186 722 2240 τῶν
785 2185 1101 2258 προσευχῶν
1153 2186 1306 2257 ὑμῶν
1367 2185 1671 2257 συνεργίαν.

158 2277 258 2330 Ἐὰν
295 2278 346 2331 δὲ
389 2275 618 2348 συνεύξῃ
671 2279 802 2348 ἡμῖν
845 2275 1163 2348 ἀπαλλαγὴν
1203 2277 1311 2329 τῶν
1361 2276 1672 2347 φροντίδων,

148 2370 220 2422 καὶ
250 2369 550 2441 προσθήκην
591 2369 716 2423 τινὰ
746 2371 811 2440 τῇ
845 2368 1070 2437 δυνάμει
1109 2367 1200 2420 τοῦ
1235 2365 1483 2438 σώματος
1513 2369 1544 2438 ἡ
1556 2367 1672 2437 μῶν

1775 2088 1911 2155 quin
1945 2090 2206 2143 auxilium
2231 2105 2260 2143 a
2296 2091 2400 2144 Deo
2419 2089 2774 2160 accipiamus,
2795 2091 2841 2144 si
2871 2105 2972 2146 nos
2988 2099 3186 2146 vestra:
3212 2106 3338 2160 pre-

1775 2195 1865 2234 ces
1896 2179 2173 2247 adjuvent.
2215 2179 2368 2245 Quod
2403 2181 2448 2235 si
2483 2195 2591 2234 una
2625 2179 2914 2234 nobiscum
2964 2180 3240 2249 preceris,
3275 2187 3337 2234 ut

1775 2271 1924 2326 curis
1960 2270 2280 2334 eximamur,
2317 2278 2370 2325 et
2422 2271 2794 2326 accessionem
2843 2271 3078 2340 aliquam
3125 2271 3334 2325 viribus

1775 2362 2022 2429 corporis
2047 2361 2222 2415 nostri
2252 2362 2530 2430 postules;
2555 2376 2811 2431 prospere
2836 2377 2938 2416 nos
2968 2361 3200 2416 deducet
3231 2360 3336 2416 Do~

148 2464 335 2534 αἰτήσῃ,
374 2461 731 2516 κατευοδὼσει
772 2462 884 2530 (75)
932 2464 1077 2533 ἡμᾶς
1118 2463 1147 2513 6
1191 2460 1394 2532 Κύριος
1429 2460 1564 2531 πρὸς
1614 2459 1675 2512 τὸ

1783 2452 1954 2508 minus
1976 2493 1989 2516 ,
2025 2461 2083 2505 ut
2116 2452 2447 2508 desiderium
2472 2461 2718 2508 nostrum
2751 2453 3058 2522 impleatur,
3089 2462 3144 2508 et
3172 2453 3335 2508 urba-

146 2551 221 2620 τὴν
249 2551 525 2623 ἐπιθυμίαν
554 2554 692 2624 ἡμῖν
721 2551 1157 2623 ὲκπληρωθῆναι,
1198 2551 1292 2603 καὶ
1324 2553 1402 2613 εἰς
1429 2549 1548 2619 ὄψιν
1579 2548 1669 2601 ὲλ-

147 2638 236 2694 θεῖν
261 2645 318 2712 τῇ
346 2643 664 2714 κοσμιότητι
703 2659 794 2695 σου
810 2642 974 2712 474).

617 2755 962 2808 ΕΠΙΣΤΟΛΗ
1002 2754 1088 2806 ΣΝ
1094 2752 1168 2807 E'.

1769 2544 1930 2597 uitali
1963 2552 2068 2598 tua:
2088 2545 2150 2597 in
2190 2554 2546 2614 conspectum
2578 2544 2884 2600 veniamus.

2144 2751 2307 2822 390
2343 2749 2677 2806 EPISTOLA
2713 2751 2890 2807 CCLV

872 2862 1151 2927 Honori/ica
1173 2862 1397 2914 salutatio
1419 2877 1506 2929 per
1531 2860 1892 2914 Sanctissimum
1917 2861 1978 2911 ab
2003 2860 2256 2912 Occidente
2278 2861 2568 2914 redeuntem.

403 2981 558 3046 Βίτῳ
591 2979 702 3050 (75)
722 3020 736 3045 ,
765 2978 1075 3042 ἐπισκόπῳ
1101 2977 1365 3046 Καῤῥῶν.

194 3065 300 3120 Εἴθε
347 3063 412 3138 ἦν
447 3084 536 3137 μοι
597 3065 821 3119 δυνατὸν
873 3065 968 3118 καὶ
1022 3065 1142 3118 καθ’
1177 3066 1410 3137 ἑκάστην
1463 3067 1671 3139 ἡμέραν

140 3159 434 3212 ἐπιστέλλειν
461 3163 530 3230 τῇ
583 3157 837 3228 εὐλαϐείᾳ
869 3173 984 3209 σου.
1031 3157 1148 3226 Ἀφ’
1181 3149 1242 3208 οὗ
1285 3157 1393 3228 γὰρ
1432 3159 1510 3221 εἰς
1553 3161 1671 3210 πεῖ-

142 3263 220 3318 ραν
262 3243 410 3318 ἦλθον
600 3249 820 3316 ἀγάπης
854 3263 982 3311 σου,
1025 3246 1191 3299 πολὺν
1235 3246 1340 3316 ἔχω
1382 3247 1471 3300 τὸν
1511 3248 1671 3302 πόθον

144 3341 341 3408 μάλιστα
376 3343 470 3412 μὲν
503 3341 602 3394 τοῦ
639 3339 939 3408 συνδιάγειν
972 3356 1086 3402 σοι,
1122 3340 1170 3392 εί
1196 3340 1251 3393 δὲ
1289 3340 1396 3412 μὴ,
1424 3341 1671 3394 ἐπιστέλ-

142 3431 230 3485 λειν
253 3435 370 3501 γοῦν
403 3435 489 3486 καὶ
523 3431 779 3502 δέχεσθαι
812 3432 1146 3503 γράμματα,
1181 3432 1266 3485 ἵνα
1311 3433 1416 3502 ἔχω
1449 3434 1544 3486 καὶ
1577 3451 1672 3506 ση-

144 3527 320 3595 μαίνειν
369 3527 434 3579 τὰ
481 3525 609 3579 κατ’
643 3524 876 3595 ἐμαυτὸν
905 3565 918 3586 ,
955 3525 1046 3576 καὶ
1087 3525 1376 3594 μανθάνειν
1429 3525 1495 3576 τὰ
1547 3527 1673 3596 περὶ

147 3618 216 3687 τῆς
241 3618 514 3682 διαθέσεὼς
555 3635 670 3672 σου.
718 3615 932 3688 Ἐπειδὴ
969 3616 1079 3686 (76)
1114 3616 1169 3669 δὲ
1203 3618 1298 3686 οὐχ
1336 3618 1434 3670 ὅσα
1485 3617 1671 3687 βουλό,

143 3708 253 3776 μεθα
297 3711 522 3780 ὑπάρχει
593 3710 764 3779 ἡμῖν,
813 3707 927 3760 ἀλλ’
977 3708 1076 3760 ὅσα
1132 3707 1160 3758 6
1210 3709 1412 3778 Κύριος
1466 3709 1668 3774 δίδωσι,

145 3801 276 3855 ιαῦτα
307 3803 592 3872 ὀφείλομεν
641 3800 884 3871 δέχεσθαι
934 3802 1050 3869 μετ’
1087 3800 1430 3872 εὐχαριστίας
1453 3817 1464 3828 ·
1503 3802 1674 3872 ηὐχα-

141 3897 430 3964 ριστῂσαμεν
463 3893 545 3964 τῷ
596 3893 733 3962 ἁγίῳ
777 3890 896 3961 Θεῷ
931 3892 1326 3962 παρασχομένῳ
1361 3893 1490 3962 ἡμῖν
1542 3893 1674 3945 67:6-

140 3982 259 4037 θεσιν
303 3986 642 4056 γραμμάτων
703 3983 838 4054 πρὸς
895 3982 992 4053 τὴν
1049 3983 1332 4036 εὐλάϐειαν
1382 4000 1474 4036 σου
1507 4025 1520 4048 ,
1572 3986 1672 4055 τὴν

141 4075 290 4143 ἄφιξιν
325 4077 416 4130 τοῦ
456 4076 842 4130 ποθεινοτάτου
876 4076 969 4127 καὶ
1017 4075 1408 4129 εὐλαϐεστάτου
1440 4077 1668 4146 ἀδελφοῦ

139 4166 266 4234 ἡμῶν
300 4167 698 4238 Σαγκτισσίμου
747 4165 838 4218 τοῦ
889 4165 1404 4238 συμπρεσὸυτέρουσ
1444 4167 1502 4230 ὃς
1525 4208 1539 4231 ,
1575 4185 1673 4220 πο-

141 4255 216 4310 λὺν
243 4259 467 4324 ὑποστὰς
498 4262 557 4314 ὲν
585 4261 651 4329 τῇ
690 4257 966 4329 ὁδοιπορίᾳ
993 4258 1084 4310 τὸν
1115 4259 1281 4310 κόπον
1312 4260 1459 4328 (77),
1493 4261 1672 4314 πάντα

139 4349 414 4420 διηγήσεταί
457 4369 540 4406 σοι
571 4353 686 4420 μετ’
727 4350 1010 4422 ἀκριϐείας
1045 4351 1144 4402 ὅσα
1186 4351 1481 4405 κατέλαόεν
1508 4353 1564 4404 ἐν
1601 4355 1667 4423 τῇ

138 4437 282 4492 Δύσει.
318 4441 484 4512 ’Υπὲρ
520 4434 596 4494 ὧν
635 4442 728 4493 καὶ
758 4440 1098 4510 εὐχαριστεῖν
1135 4439 1419 4509 ὀφείλομεν
1451 4440 1528 4511 τῷ
1559 4443 1671 4494 Κυ-

139 4529 249 4598 ρίῳ,
292 4532 382 4582 καὶ
436 4533 761 4602 προσκυνεῖν
809 4530 1003 4590 αὐτὸν,
1042 4531 1127 4582 ἵνα
1161 4529 1234 4600 δῷ
1267 4531 1360 4583 καὶ
1399 4533 1529 4602 ἡμῖν
1567 4533 1668 4602 τὴν

137 4619 272 4690 αὐτὴν
293 4623 530 4694 εἰρήνην,
557 4621 652 4675 καὶ
683 4621 1043 4691 ἀπολάϐωμεν
1073 4621 1334 4691 ἀλλήλους
1371 4625 1487 4692 μετ’
1515 4623 1666 4677 ἐλευ-

2181 2975 2318 3041 Vito,
2340 2975 2660 3031 Carr/torum
2676 2977 2934 3044 episcopo.

1842 3066 2060 3121 Utinam
2103 3082 2317 3137 possem
2364 3067 2528 3122 etiam
2571 3067 2820 3138 quotidie
2858 3067 3100 3125 scribere
3149 3070 3334 3140 pietati

1771 3167 1876 3214 ture
1905 3161 1918 3212 !
1951 3159 2026 3212 Ex
2073 3175 2180 3229 quo
2227 3149 2370 3214 enim
2415 3161 2805 3230 experientiam
2857 3162 2975 3232 cepi
3023 3161 3333 3220 dilectionis

1773 3259 1897 3314 tuae,
1931 3251 2277 3306 vehementer
2305 3267 2441 3306 aveo
2471 3253 2706 3306 maxime
2735 3253 2953 3322 quidem
2987 3262 3165 3310 tecum
3196 3273 3334 3312 ver-

1777 3341 1930 3405 sari;
1981 3341 2067 3395 sin
2119 3342 2322 3404 minus,
2361 3342 2572 3397 litteras
2615 3343 2806 3398 saltem
2861 3345 3077 3401 mittere
3101 3356 3154 3402 et
3187 3349 3334 3403 acci-

1773 3448 1924 3502 pere,
1962 3441 2020 3486 ut
2069 3447 2263 3502 queam
2313 3443 2366 3488 et
2416 3450 2502 3488 res
2554 3443 2773 3490 nostras
2823 3437 2920 3491 tibi
2963 3439 3228 3502 indicare,
3278 3450 3334 3496 et

1772 3525 2045 3596 quomodo
2081 3535 2133 3580 te
2176 3525 2380 3582 habeas
2423 3525 2654 3582 discere.
2705 3526 2810 3583 Sed
2854 3530 2981 3599 quia
3030 3547 3136 3585 non
3182 3549 3331 3601 qua:-

1772 3634 1988 3688 cunque
2043 3618 2295 3672 volumus
2359 3619 2519 3674 nobis
2573 3619 2794 3684 adsunt,
2852 3622 2946 3676 sed
2991 3638 3331 3694 quaecunque

1772 3711 1917 3767 Deus
1971 3711 2104 3776 dat,
2164 3726 2288 3764 cum
2341 3713 2638 3782 gratiarum
2700 3714 2918 3768 actione
2980 3717 3330 3786 suscipienda

1773 3810 1936 3869 sunt;
1987 3802 2192 3872 gratias
2234 3803 2318 3873 egi
2364 3811 2556 3858 sancto
2589 3802 2720 3868 Deo,
2757 3807 2848 3876 qui
2899 3807 3031 3860 mihi
3081 3807 3147 3861 ad
3181 3819 3329 3864 tuam

1770 3895 2023 3964 pietatem
2076 3894 2352 3948 scribendi
2408 3895 2750 3950 occasionem
2799 3898 3049 3966 praebuit,
3093 3901 3327 3956 adventu

1770 3985 2223 4040 desideratissimi
2248 4001 2312 4040 ac
2343 3986 2745 4057 religiosissimi
2775 3987 2964 4045 fratris
2988 3993 3160 4046 nostri
3195 3991 3328 4048 San-

1770 4077 2002 4131 ctissimi
2033 4078 2463 4148 compresbyteri
2496 4092 2512 4131 :
2544 4079 2637 4148 qni
2673 4081 2902 4135 multum
2936 4098 3229 4153 perpessus
3270 4087 3328 4142 in

1770 4166 2108 4223 conﬁciendo
2156 4167 2349 4223 itinere
2384 4169 2658 4233 laborem,
2716 4172 2900 4227 omnia
2939 4175 3036 4229 tibi
3071 4185 3329 4232 accurate

1769 4268 2040 4332 exponet,
2085 4273 2425 4330 quaecunque
2463 4262 2517 4315 in
2550 4260 2841 4320 Occidente
2879 4266 3206 4324 observavit.
3241 4268 3323 4325 Ob

1769 4364 1891 4418 quae
1923 4349 2184 4404 debemus
2207 4357 2262 4404 et
2293 4349 2521 4406 Domino
2543 4361 2726 4423 grates
2755 4356 3073 4425 rependere,
3107 4365 3162 4414 et
3200 4375 3325 4415 eum

1768 4440 2032 4505 adorare,
2069 4449 2128 4494 ut
2170 4441 2260 4495 det
2287 4449 2342 4496 et
2383 4444 2541 4498 nobis
2575 4461 2763 4515 pacem
2803 4447 3070 4513 eamdem,
3119 4465 3327 4522 nosque

1768 4534 2001 4588 invicem
2047 4546 2172 4586 cum
2219 4533 2472 4589 libertate
2511 4538 2860 4606 recipiamus.
2907 4539 3327 4598 Fraternitatem

1766 4637 1979 4677 omnem
2005 4630 2196 4676 nostro
2229 4624 2450 4680 nomine
2478 4627 2678 4682 saluta.

137 4711 305 4783 θερίας.
340 4715 524 4768 Πᾶσαν
561 4714 660 4785 τὴν
694 4718 752 4770 ὲν
795 4715 1014 4786 Χριστῷ
1052 4715 1384 4787 ἀδελφότητα
1431 4715 1674 4770 ἄσπασαι
1707 4717 1836 4789 παρ’
1867 4716 2040 4788 ἡμῶν.

197 4868 294 4940 (69)
323 4873 619 4950 quarm).
640 4869 1153 4950 consentiuntcum
1183 4870 1346 4950 editis
1377 4872 1432 4924 in
1465 4870 1568 4950 hoc
1596 4871 1664 4925 ti-
1690 4927 1692 4933 ,

1783 4872 1943 4950 lices.
1976 4872 2119 4950 equi
2151 4875 2415 4950 αῑτήσεις,
2436 4876 2534 4950 ’ἵνα
2564 4877 2922 4950 κατεροδὼσῃ.

137 4938 232 4990 tulo
255 4938 463 5011 codices
492 4938 900 5011 antiquissimi.
932 4938 1098 5011 Coisl.
1133 4943 1407 4994 secundus
1445 4948 1498 4994 et
1531 4939 1660 5011 Reg.

139 5009 378 5064 secundus
420 5011 670 5081 Πελαγίῳ
701 5009 1034 5072 Λαοδικείας.
1076 5009 1202 5081 Reg.
1245 5012 1453 5081 primus
1496 5009 1666 5064 Πελα-

139 5077 218 5131 γίω
242 5081 528 5131 ὲπισκόπω.

181 5095 218 5136 ῳ
242 5082 528 5136 ὲτισκόπω.

135 5091 218 5146 γιῳ
242 5091 528 5136 ετισκοπω.

189 5147 286 5221 (re)
308 5135 512 5221 nam,
534 5151 694 5220 ἡμῖν.
721 5149 811 5205 Sic
836 5149 1000 5204 Coisl.
1027 5149 1235 5220 primus
1259 5160 1311 5204 et
1335 5149 1496 5213 Med,
1515 5153 1662 5220 quod

137 5218 518 5292 r_ne_|ius_visum
554 5218 639 5276 est
669 5236 831 5290 quam
875 5218 1094 5292 vulgata
1140 5223 1411 5290 scriptura
1461 5218 1663 5292 πολλῆς

136 5285 260 5352 ἡμῖν.
295 5289 614 5361 Quanquam
655 5285 768 5344 tota
798 5305 886 5346 res
914 5285 1065 5360 parvi
1100 5285 1380 5356 momenti,
1426 5307 1525 5346 nec
1550 5285 1662 5346 ma-

135 5370 273 5421 gnum
294 5364 604 5416 discrimen.

193 5427 290 5504 (71)
326 5430 612 5504 Ἡμέτερα.
662 5429 804 5485 Editi
853 5429 1058 5485 addunt
1089 5431 1155 5486 τά
1200 5431 1520 5504 παρεθέντα,
1563 5431 1658 5488 sed

135 5491 229 5568 haec
250 5491 446 5568 idesu'nt
473 5491 532 5554 in
557 5510 759 5568 septem
792 5515 923 5554 mss.

193 5566 291 5634 (72)
323 5573 482 5638 Παρὰ
506 5566 815 5625 toﬁ—Geor”).
851 5571 927 5624 Ita
967 5570 1114 5626 Harl.
1151 5587 1274 5625 cum
1307 5572 1480 5626 tribus
1510 5571 1649 5626 aliis.

1839 4943 1950 5012 (74)
1985 4941 2063 5011 Τῇ
2103 4947 2446 5013 κοσμιότητί
2497 4961 2630 4998 σου.
2684 4941 2983 5003 Ρωηοιῖιοη
3034 4949 3218 5006 deerat
3270 4954 3325 5008 in

1766 5013 2002 5090 editione
2028 5016 2049 5068 1
2071 5013 2255 5090 _Pari_s.
2285 5015 2504 5085 Legitur
2526 5017 2580 5069 in
2600 5015 2852 5074 Medicam
2872 5027 2924 5072 et
2950 5018 3116 5074 Coisl.
3147 5021 3327 5090 primo

1763 5083 2263 5156 rﬁ;_3c_oopt6zq76;_
2275 5083 2386 5156 σου.

1837 5152 2180 5232 (Ἑλ-,Βίενᾴῇ
2228 5154 2858 5232 Qod.__Clarom:'l:ieqi.
2902 5159 3063 5232 et__ad
3125 5163 3324 5232 margi-

1765 5223 2082 5297 n_en1_Blzgp.
2131 5224 2650 5297 _CodexiMedica3us
2710 5223 2898 5297 Βίττιρ.
2946 5227 3146 5284 Ibidem
3193 5223 3320 5286 editi

1766 5294 1986 5367 Eapé'av.
2011 5293 2426 5367 _Harl_.,ARegius
2457 5307 2702 5367 uterque,
2749 5293 2914 5353 Coisl.
2954 5299 3226 5356 secundus
3269 5312 3323 5358 et

1763 5361 1935 5438 Biggt.
1975 5365 2108 5438 alter
2139 5361 2336 5438 habent
2370 5361 2623 5438 Καρρῶν.

1833 5433 2253 5511 (76)..1Ἑίτςιδή.
2306 5437 2380 5511 l_ta
2430 5433 2600 5502 Βάκ-1.,
2635 5437 2801 5494 Coisl.
2867 5447 3092 5511 uterque
3129 5449 3184 5497 et
3229 5443 3320 5498 alii

1760 5504 2020 5557 nonnulli.
2048 5503 2182 5555 Editi
2212 5505 2349 5557 ἐπεί.

1828 5574 1938 5652 (7.7)
1978 5575 2195 5627 Κόπον.
2225 5575 2392 5629 Coisl.
2427 5575 2634 5645 primus
2663 5587 2716 5632 et
2765 5580 2900 5637 Med.
2941 5585 3200 5649 κίνδυνον,
3230 5599 3319 5652 pe-

135 5628 326 5712 Legitur
355 5628 420 5694 ιη’
438 5641 688 5696 Medicam
717 5650 773 5696 et
809 5641 974 5696 Coisl.
1015 5643 1186 5710 primo
1214 5641 1313 5710 τῆς
1344 5644 1466 5712 παρ’
1490 5643 1651 5694 αὐτού

1783 5628 1998 5696 ic‘ulu'm.

136 5703 452 5764 ἀντιλήψεως.

173 5727 174 5736 η
309 5709 355 5742 ι.
409 5729 433 5744 ρ
1016 5707 1030 5710 ’
1270 5707 1279 5710 ⁷
1423 5707 1434 5712 “

173 5707 564 5853 Έξὲγλῗέἦσῃ,
592 5780 1000 5839 κατευοδώσει.
1043 5779 1120 5834 Ita
1164 5797 1353 5837 novem
1399 5798 1530 5837 mss.
1566 5799 1656 5837 co-

1835 5717 1851 5734 ⁶
1885 5715 2034 5767 Alias
2063 5713 2272 5785 CCCX!
2317 5715 2529 5785 Scripta
2561 5733 2702 5771 anno
2728 5720 2849 5775 576.

1836 5787 1873 5805 "
1904 5785 2052 5839 Alias
2083 5784 2350 5839 CCCXIV.
2384 5784 2595 5856 Scripta
2647 5803 2789 5844 anno
2823 5792 2940 5847 576.
