3810 6500
148 365 234 423 ωδ

993 362 1480 421 EPISTOLARUM
1517 366 1802 424 CLASSIS
1839 368 1900 425 ll.
1946 363 2163 426 EPIST.
2202 372 2442 430 CCLV".

3228 363 3341 441 sic

148 499 347 553 πεισμαι
395 481 535 554 γάρ,
588 456 855 548 ὅτιςὲάν
899 484 1097 557 εὑρεθῇ
1149 486 1300 558 φωνὴ
1354 486 1709 551 δυσωποῢσα⁴

1802 505 1887 544 ma
1916 504 2042 545 cum
2072 492 2373 548 tentatione
2413 475 2640 559 exitum,
2674 501 2732 548 ut
2781 493 2928 551 ferre
2968 500 3244 567 possimus
3288 500 3331 554 ³.

146 577 220 626 τὸν
248 572 436 641 ἀγαθὸν
474 572 606 626 Θεὸν
653 574 787 643 (87),
835 575 937 628 οὐκ
985 577 1066 639 είς
1114 577 1333 648 μακρὰν
1362 580 1677 649 ποιήσειτά

1781 579 1983 637 Omnes
2015 582 2070 635 in
2099 581 2320 637 Christo
2349 581 2549 639 fratres
2580 585 2762 641 verbis
2788 586 2925 643 meis
2955 588 3208 644 salutate.

146 665 246 734 ἐ).ἐη
278 664 432 717 αὑτοῦ
458 680 471 693 ·
512 664 645 718 άλλά
684 665 915 738 παρέξει
949 669 1077 738 ἡμῖν
1102 669 1287 723 λοιπὸν
1317 671 1414 723 σὺν
1441 670 1518 742 τῷ
1552 674 1845 744 πειρασμῷ
1876 674 1970 727 καὶ
2002 674 2100 745 τὴν
2132 673 2357 729 ἔκϐασιν
2376 714 2389 739 ,
2436 676 2531 729 τοῦ
2560 672 2820 733 δύνασθαι
2850 681 2961 752 (88)
2987 681 3333 751 ὑπενεγκεῖν.

146 759 304 811 Πίσαν
358 756 453 829 τὴν
487 759 545 810 ὲν
578 759 794 831 Χριστῷ
836 759 1172 833 ἀδελφότητα
1208 763 1528 827 ἀσπάσασθε
1567 766 1626 832 ἐξ
1658 765 1817 837 ἡμῶν
1845 768 1980 839 (89).

602 890 966 957 ,ΕΠΙΣΤυΑΗ
1007 894 1169 951 ΣΝΖι

2231 901 2567 959 EPISTOLA
2607 903 2834 1025 CCLV“
2857 909 2893 959 θ.

151 1027 448 1106 Ostendit‘e‘tsi
468 1027 728 1106 Christiani
749 1036 980 1106 uocantur
1001 1040 1345 1098 persecutores,
1368 1048 1463 1086 non
1482 1034 1667 1106 ideirco
1698 1052 1868 1106 eorum
1881 1038 1965 1103 qui
1986 1043 2217 1106 nea-amur
2241 1037 2395 1089 ηιξκιιὶ
2419 1039 2705 1106 mercedem,
2728 1038 2813 1106 seti
2834 1040 2980 1091 etiam
2999 1041 3186 1106 augeri.
3210 1044 3343 1094 Hor-

328 1097 469 1143 tatur.
491 1097 543 1140 ut
560 1104 643 1141 nec
667 1093 852 1142 exsiliis
873 1093 1222 1155 episcoporum,
1247 1093 1341 1148 nec'
1354 1097 1691 1149 nonnullorum
1711 1115 1739 1153 ε
1754 1093 2130 1166 clero'perﬁdia,
2155 1114 2239 1152 nec
2262 1099 2525 1152 errantium
2547 1093 2849 1152 multiiadine
2868 1093 3158 1154 moveani'ur.

225 1201 545 1263 Μογὰζουσι
593 1202 702 1273 (90)
758 1206 1259 1273 καίηπονηθεῖσιν
1311 1208 1431 1265 ὑπὸ
1475 1210 1593 1266 τῶν

731 1273 1060 1339 Ἀρειανῶν.
1383 1278 1389 1285 ’

225 1386 284 1438 Ἀ
334 1384 449 1437 κατ’
481 1384 715 1455 ἐμαυτὸν
764 1386 1134 1461 ἐφθεγξάμην,
1164 1391 1405 1457 ἀκούσας
1433 1394 1563 1465 περὶ
1589 1390 1683 1447 του

154 1475 420 1547 πειρασμοῦ
457 1475 552 1529 τοῦ
588 1477 915 1547 ἐπαχθέντος
946 1482 1084 1551 ,ὑμῖν
1134 1482 1283 1554 παρά
1327 1484 1437 1538 τῶν
1475 1484 1683 1556 ἐχθρῶν

154 1566 226 1619 τοῦ
250 1565 391 1629 Θεοῦ,
420 1566 594 1619 ταῦτα
622 1566 685 1638 δὴ
711 1566 800 1621 διά
829 1569 1154 1641 γράμματος
1188 1574 1520 1643 ἀπαγγεῖλαι
1546 1575 1683 1647 πρὸς

154 1659 273 1727 ὑμεῖς
315 1657 487 1722 καλῶς
534 1658 681 1729 ἔχειν
730 1660 991 1732 ἐνόμισα,
1022 1664 1103 1717 ὄντι
1149 1666 1208 1720 ἐν
1245 1665 1420 1738 καιρῷ
1469 1668 1685 1738 νομιζο-

157 1748 277 1820 μένῳ
313 1750 682 1822 εἰρηνεύεσθαι
719 1752 1020 1823 ἐκτήσασθε
1077 1755 1286 1820 ἑαυτοῖς
1315 1759 1682 1830 μακαρισμὸν,

2066 1211 2151 1265 Ad
2179 1212 2464 1267 monachos
2487 1212 2549 1267 ab
2574 1214 2792 1268 Arionis
2822 1225 3056 1272 vexatos.

1859 1391 1991 1458 Qua!
2038 1406 2252 1447 mecum
2301 1390 2422 1462 ipse
2470 1406 2593 1447 sum
2650 1392 2907 1457 loculus,
2943 1393 3130 1449 audita
3163 1400 3344 1451 tenta—

1789 1484 1959 1550 tione,
1994 1500 2116 1555 quae
2139 1484 2294 1540 vobis
2317 1499 2348 1538 a
2376 1483 2469 1540 Dei
2490 1484 2743 1541 hostibus
2764 1486 2913 1541 illata
2943 1494 3048 1551 est,
3077 1501 3142 1542 ea
3163 1495 3218 1543 et
3250 1503 3347 1558 per

1789 1577 1997 1633 litteras
2013 1577 2171 1633 vobis
2186 1577 2495 1647 significare
2520 1579 2839 1648 praeclarum
2865 1593 2988 1634 esse
3009 1578 3176 1634 duxi:
3197 1580 3348 1635 scili—

1788 1675 1907 1734 cet,
1938 1684 2005 1725 eo
2048 1678 2289 1740 tempore
2318 1668 2463 1739 quod
2500 1678 2753 1740 pacatum
2786 1668 3133 1724 existimatur
3153 1708 3169 1734 ,
3198 1683 3349 1743 com-

1789 1760 2025 1831 parastis
2055 1760 2464 1832 vobismetipsis
2524 1760 2916 1816 beatitudinem
2968 1760 3054 1816 his
3093 1761 3187 1831 qui
3216 1776 3345 1830 per-

157 1840 225 1891 τὺν
254 1840 381 1912 ὑπὲρ
400 1840 507 1895 τῶν
539 1841 884 1913 διωκομένων
931 1844 1115 1900 ἕνεκεν
1156 1846 1249 1901 τοῦ
1282 1848 1547 1921 ὀνόματος
1588 1850 1682 1904 τοῦ

1802 1848 2122 1904 secutionem
2139 1864 2239 1920 pro
2255 1850 2461 1907 Christi
2481 1852 2697 1906 nomine
2714 1851 3014 1921 patiuntur,
3031 1851 3345 1921 repositam.

158 1932 353 2003 Χριστοῦ
387 1933 767 2006 ἀποκείμενον.
804 1935 881 1991 Οὐ
918 1937 1027 2009 γάρ
1062 1938 1249 2011 ἐπειδὴ
1283 1939 1457 2009 ὄνομα
1521 1959 1685 2013 προσ-

161 2025 259 2094 ηνὲς
287 2027 373 2080 καὶ
399 2028 561 2098 ήπιον
587 2030 891 2099 περίκειται
927 2034 1038 2095 τοῖς
1066 2030 1135 2085 τὰ
1163 2033 1375 2106 πονηρά
1391 2035 1686 2106 ἐργαζομέ-

159 2132 271 2179 νοις,
305 2108 488 2171 τούτου
514 2119 706 2173 ἕνεκεν
739 2121 833 2173 καὶ
861 2121 930 2175 τὰ
962 2121 1262 2194 πράγματα
1308 2124 1549 2194 νομίζειν
1577 2124 1684 2197 χρὴ

160 2204 217 2276 μὴ
238 2206 491 2278 πολεμίων
514 2205 677 2263 εἶναι.
706 2210 1099 2284 Χαλεπώτερον
1123 2212 1232 2285 γάρ
1260 2214 1431 2285 κρίνω
1460 2213 1570 2284 ἐγὼ
1592 2215 1685 2269 τὸν

158 2295 280 2366 παρά
304 2297 405 2350 τῶν
439 2298 727 2369 ὁμοφύλων
761 2300 1027 2372 πόλεμον
1070 2301 1202 2355 διότι
1247 2304 1371 2367 τοὺς
1411 2286 1510 2375 μὲν
1550 2320 1686 2375 προ-

160 2390 566 2461 κεκηρυγμένους
599 2392 824 2464 ἐχθροὺς
855 2395 950 2447 καὶ
978 2393 1316 2463 φυλάξασθαι
1347 2394 1548 2466 ῥᾴδιον,
1575 2398 1686 2461 τοῖς

160 2478 201 2532 ἢ
220 2483 664 2555 ἀναμεμιγμένοις
697 2488 829 2555 ἡμῖν
854 2486 1065 2559 ἀνάγκη
1100 2487 1348 2552 ἐκδότους
1376 2484 1514 2542 εἶναι
1550 2488 1687 2560 πρὸς

160 2576 307 2627 πᾶσαν
337 2575 536 2649 βλάϐην
558 2594 573 2607 ’
603 2578 632 2630 ὃ
656 2579 749 2631 καὶ
774 2579 928 2650 ὑμεῖς
962 2582 1281 2636 πεπόνθατε.
1327 2580 1685 2653 Ἐδιώχθησαν

161 2663 239 2730 μὲν
259 2664 354 2734 γάρ
380 2665 471 2719 καὶ
510 2668 565 2719 οἱ
596 2667 826 2738 πατέρες
855 2667 1010 2739 ἡμῶν
1038 2670 1149 2739 (9|)
1176 2709 1191 2733 ,
1219 2669 1356 2723 ἀλλὰ
1401 2669 1552 2743 παρά
1579 2671 1685 2725 τῶν

160 2754 650 2829 εἰδωλολατρούντων
675 2774 690 2787 ο
725 2760 819 2813 καὶ
843 2760 1121 2831 διηρπάγη
1145 2761 1325 2814 αὐτῶν
1356 2764 1384 2815 ὁ
1419 2762 1562 2832 βίος,
1592 2761 1686 2815 καὶ

160 2841 269 2899 οἶκοι
293 2849 671 2922 ἀνετράπησαν
691 2890 706 2915 ,
739 2853 833 2905 καὶ
855 2852 1007 2905 αὐτοὶ
1033 2852 1507 2924 ὲφυγαδεύθησαν,
1538 2853 1688 2925 παρὰ

160 2939 245 2991 τῶν
283 2941 385 3010 (92)
427 2944 680 3014 φανερῶς
722 2943 1096 3016 πολεμούντων
1128 2946 1259 3016 ἡμῖν
1307 2945 1393 2999 διὰ
1426 2945 1485 3000 τὸ
1517 2946 1685 3019 ὄνομα

160 3029 231 3081 τοῦ
255 3033 494 3102 Χριστοῦ.
527 3036 595 3088 υἱ
621 3034 677 3088 δὲ
702 3034 795 3088 νῦν
828 3036 1191 3105 ἀναφανέντες
1216 3035 1437 3089 διῶκται
1472 3038 1685 3107 μισοῦσι

162 3119 243 3189 μὲν
286 3124 420 3193 ἡμᾶς
462 3125 617 3179 οὐδὲν
662 3120 821 3196 ἧττον
879 3126 911 3198 ἢ
962 3127 1192 3189 ἐκεῖνοι,
1224 3129 1303 3190 είς
1336 3127 1393 3181 δὲ
1440 3128 1538 3199 τὴν
1578 3128 1686 3181 τῶν

1783 1939 1904 1996 Non
1954 1943 2099 1997 enim
2151 1942 2280 2013 quia
2327 1958 2526 1999 nomen
2581 1942 2842 1999 blandum
2880 1952 2935 1999 et
2974 1943 3096 1999 lene
3133 1944 3220 1999 his
3257 1946 3346 2014 qui

1785 2035 1927 2089 male
1956 2033 2202 2099 faciunt,
2252 2034 2567 2106 impositum
2602 2044 2685 2091 est
2705 2074 2721 2100 ,
2765 2034 2974 2090 idcirco
3004 2051 3094 2091 res
3120 2036 3351 2091 hostiles

1786 2142 1894 2181 non
1937 2142 2063 2184 esse
2087 2127 2536 2184 existimandum.
2568 2126 2681 2199 Ego
2699 2129 2844 2182 enim
2873 2129 3240 2183 truculentius
3260 2129 3349 2197 ju-

1784 2218 1909 2295 dico
1955 2232 1987 2273 a
2019 2218 2319 2274 tribulibus
2341 2219 2566 2283 bellum,
2591 2218 2722 2289 quia
2750 2219 2939 2276 hostes
2960 2220 3113 2291 prius
3138 2219 3351 2274 denun-

1784 2309 1950 2364 tiatos
1978 2310 2141 2365 etiam
2185 2308 2424 2380 effugere
2464 2307 2670 2365 facile:
2702 2315 2759 2363 at
2805 2310 2875 2365 iis
2919 2314 3013 2380 qui
3063 2309 3351 2365 nobiscum

1784 2401 2235 2469 commiscentur,
2270 2415 2498 2458 necesse
2523 2407 2609 2456 est
2641 2400 2709 2455 ad
2729 2416 2947 2456 omnem
2976 2401 3233 2471 injuriam
3257 2417 3357 2457 ex-

1784 2491 1994 2562 positos
2017 2506 2176 2559 esse;
2212 2495 2360 2562 quod
2387 2500 2444 2548 et
2475 2491 2657 2561 ipsum
2684 2490 2843 2546 vobis
2872 2490 3093 2546 accidit.
3138 2489 3274 2546 Nam
3298 2498 3356 2547 et

1786 2582 2023 2652 majores
2060 2582 2236 2638 nostri
2262 2570 2700 2653 persecutionem
2727 2582 2973 2652 perpessi
2999 2588 3162 2648 sunt,
3193 2584 3288 2637 sed
3321 2595 3352 2634 a

1787 2674 2213 2729 simulacrorum
2240 2673 2547 2736 cultoribus
2573 2691 2587 2727 :
2618 2682 2672 2728 et
2713 2671 3007 2726 facultates
3050 2687 3242 2727 eorum
3266 2670 3354 2725 di-

1786 2772 1953 2835 reptae
1977 2773 2125 2829 sunt,
2159 2771 2214 2820 et
2250 2763 2396 2820 aedes
2443 2778 2667 2828 eversae,
2701 2770 2757 2817 et
2799 2763 2902 2833 ipsi
2939 2762 3108 2832 fugati
3156 2750 3227 2840 ab
3264 2761 3357 2827 iis,

1786 2856 1877 2925 qui
1935 2854 2141 2909 bellum
2189 2855 2349 2911 nobis
2396 2862 2581 2925 aperte
2630 2861 2853 2924 propter
2903 2850 3111 2906 Christi
3153 2865 3354 2906 nomen

1786 2942 2110 2999 inferebant.
2140 2941 2243 3009 Qui
2272 2957 2398 2998 vero
2428 2955 2576 2996 nunc
2605 2941 2921 3011 prodierunt
2945 2934 3351 3010 persecutores.

1786 3036 2017 3089 oderunt
2037 3033 2257 3104 quidem
2290 3048 2392 3089 nos
2412 3048 2568 3104 asque
2594 3048 2658 3088 ac
2695 3032 2796 3099 illi,
2829 3032 2925 3088 sed
2954 3032 3021 3087 ad
3058 3032 3356 3087 multorum

1787 3124 2162 3195 deceptionem
2198 3125 2401 3188 Christi
2427 3124 2725 3182 ostendunt
2762 3139 2962 3181 nomen
2984 3164 3000 3190 ,
3034 3132 3093 3180 ut
3130 3141 3199 3180 ne
3223 3139 3357 3179 con-

162 3213 340 3270 πολλῶν
370 3218 586 3291 ἀπάτην
622 3218 685 3272 τὸ
732 3218 824 3272 τοῦ
868 3218 1100 3290 Χριστοῦ
1144 3220 1534 3291 προϐάλλονται
1583 3220 1693 3274 ὅνο-

1802 3216 2049 3273 l‘essionis
2072 3203 2292 3288 quidem
2338 3218 2595 3273 solatium
2627 3218 2884 3285 habeant,
2920 3217 3014 3289 qui
3044 3224 3350 3273 vexantur:

164 3322 253 3372 μα,
291 3308 370 3361 ϊνα
419 3311 556 3381 μηδὲ
595 3310 693 3381 τὴν
748 3311 813 3362 ὲκ
861 3311 958 3382 τῆς
1003 3312 1292 3381 ὁμολογίας
1342 3310 1691 3382 παραμυθίαν

162 3395 324 3467 ἔχωσιν
362 3402 408 3453 οἱ
441 3402 792 3473 διωκόμενοι,
822 3402 929 3455 τῶν
978 3402 1185 3456 πολλῶν
1236 3403 1330 3457 καὶ
1374 3403 1691 3474 ἀκεραιοτέ-

166 3504 252 3556 ρων
279 3490 567 3547 ἀδικεῖσθαι
603 3493 702 3564 μὲν
734 3496 881 3564 ἡμᾶς
917 3494 1317 3565 ὁμολογούντων
1336 3535 1350 3560 ,
1382 3496 1462 3557 εἰς
1491 3494 1696 3566 μαρτύ-
1736 3566 1743 3573 ,

166 3594 258 3647 ρων
284 3580 336 3634 δὲ
362 3584 488 3653 ἡμῖν
522 3585 616 3638 τὸν
650 3585 789 3656 ὑπὲρ
829 3586 929 3657 τῆς
959 3584 1215 3656 ἀληθείας
1244 3585 1471 3640 θάνατον
1503 3585 1576 3655 μὴ
1605 3585 1694 3638 λο-

162 3669 448 3741 γιζομένων.
484 3676 685 3745 Διόπερ
717 3676 826 3745 ἐγὼ
854 3676 1153 3746 πέπεισμαι
1192 3675 1410 3747 μείζονα
1438 3676 1565 3748 ὑμῖν
1586 3674 1693 3748 (95)

162 3760 191 3829 ἢ
227 3766 326 3827 τοῖς
358 3766 473 3820 τότε
512 3766 850 3839 μαρτυροῦσι
890 3769 978 3822 τὸν
1012 3768 1163 3838 παρά
1194 3766 1288 3820 τοῦ
1328 3767 1537 3821 δικαίου
1572 3783 1694 3837 κρι-

163 3851 239 3905 τοῦ
264 3856 438 3924 μισθὸν
469 3858 824 3923 ἀποκεῖσθαι,
877 3861 1032 3931 είπερ
1072 3862 1266 3914 ἐκεῖνοι
1304 3860 1397 3912 καὶ
1425 3858 1525 3928 τὴν
1548 3858 1698 3930 παρὰ

164 3941 252 3996 τῶν
279 3946 572 4018 ἀνθρώπων
614 3949 880 4023 ἀποδοχὴν
912 3950 1343 4022 ὁμολογουμένην
1376 3946 1553 4021 εἶχον,
1605 3950 1697 4002 καὶ

164 4032 238 4086 τὸν
266 4040 406 4110 παρά
430 4041 526 4095 τοῦ
559 4042 692 4096 Θεοῦ
728 4042 916 4113 μισθὸν
951 4042 1287 4114 ἐξεδέχοντο,
1327 4044 1456 4113 ὑμῖν
1495 4042 1551 4095 δὲ
1586 4040 1695 4113 (94)

165 4123 378 4194 ἐπ’ίσοις
404 4135 514 4195 τοῖς
550 4132 965 4205 κατορθώμασιν
1015 4136 1071 4187 αἱ
1113 4133 1267 4205 παρά
1304 4134 1413 4187 τῶν
1445 4132 1588 4189 λαῶν
1615 4151 1698 4186 τι-

170 4218 250 4283 μαὶ
283 4222 373 4294 οὐχ
389 4225 743 4298 ὑπάρχουσιν·
775 4227 915 4281 ὥστε
947 4228 1092 4291 εἰκὸς
1125 4228 1525 4281 πολυπλασίονα
1564 4229 1698 4281 ἀποά

167 4308 347 4367 κεῖσθαι
372 4316 429 4368 ὲν
449 4317 529 4387 τῷ
555 4317 800 4387 μέλλοντι
826 4318 981 4373 αίῶνι
1002 4318 1111 4373 τῶν
1134 4322 1273 4392 ὑπὲρ
1298 4320 1398 4391 τῆς
1422 4317 1699 4382 εὐσεὸείας

166 4396 315 4454 πόνων
338 4405 434 4476 τὴν
464 4407 830 4483 ἀντιμισθίαν.

221 4555 292 4611 ³1
327 4559 450 4616 Cor.
489 4578 563 4627 x,
607 4561 694 4618 l5.

169 4716 323 4835 M(8.7)
364 4721 472 4773 Τὸν
496 4718 724 4845 (ianitor
754 4721 920 4802 Θεόν.
965 4719 1126 4775 Deest
1171 4728 1442 4790 postrema
1494 4720 1699 4802 vox.in

211 4786 390 4844 edicam
436 4800 491 4845 et
567 4789 688 4860 otsl.
734 4805 931 4860 primo.
964 4789 1095 4860 Reg.
1131 4791 1403 4846 secundus
1436 4796 1491 4844 et
1530 4789 1699 4845 Consl.

169 4860 408 4932 secundus
432 4861 524 4932 τὸν
542 4858 758 4932 ἀγαθὸν
780 4860 862 4914 Κύ
872 4877 1000 4932 ριον.

225 4926 335 5003 (88)
364 4930 471 4984 Τοῦ
528 4926 1031 4986 δύνασθαιίῈιΙίιί
1064 4930 1293 5003 addunt
1333 4932 1500 5003 ἡμᾶς,
1556 4930 1701 5001 quod

169 4990 375 5072 deestin
401 5015 493 5072 sex
533 5015 690 5072 mss.,
725 5016 832 5072 non
862 5002 1114 5057 tamenin
1152 5002 1317 5057 Coisl.
1354 4990 1555 5072 primo.

226 5065 324 5139 (89)
365 5070 465 5135 Ἐξ
489 5067 677 5139 ἡμῶν.
726 5070 843 5125 Non
899 5072 1039 5127 male
1081 5065 1394 5127 Harlaaanu's
1433 5071 1603 5127 codex
1646 5078 1701 5128 et

171 5129 593 5211 “edictus'rtiip‘
634 5140 808 5211 ἡμῶν.
861 5140 967 5211 sed
1024 5143 1079 5196 in
1125 5143 1287 5198 simili
1333 5142 1575 5196 clausula
1613 5158 1700 5198 se-

171 5211 358 5271 quentis
374 5210 627 5283 epistola:
650 5210 844 5283 legitur
868 5210 929 5278 ἐξ
950 5212 1110 5283 ἡμῶν
1136 5212 1390 5268 omnibus
1417 5213 1699 5269 codicibus

172 5281 623 5335 consentientibus.
710 5281 721 5283 ⁷
973 5281 1005 5283 ”
1085 5303 1100 5315 ι

229 5346 326 5423 (90)
351 5351 711 5423 κΜονάζρυσξι,
745 5358 850 5409 etc.
883 5351 979 5423 Ita
1007 5360 1117 5409 tres
1164 5353 1524 5423 antiquissimi
1557 5352 1701 5407 codi—

174 5426 265 5493 ces.
292 5420 499 5493 Addunt
536 5422 821 5477 Medicinas
846 5430 902 5477 et
954 5420 1372 5493 Οοίει.σρτὶηιιιε
1410 5438 1423 5473 ε
1462 5423 1697 5493 Εὑθαλες

177 5487 316 5573 fit."
340 5492 472 5573 πρὸς
505 5493 778 5573 ὑπερογὴγ
806 5493 1147 5573 παράκληεξις
1166 5487 1269 5573 ’κει
1293 5495 1577 5573 φύγκρισις
1603 5491 1696 5573 τεῦ

174 5568 223 5634 τε
266 5558 393 5634 ἀπὸ]
409 5562 513 5617 τῶν
567 5558 963 5634 είδωλρλατρῶν
1008 5558 1103 5634 acia
1144 5562 1240 5634 τοῦ
1281 5558 1388 5617 ἀπδ
1411 5558 1699 5634 οίῐρετικῷν

175 5622 475 5704 ἐπαγομένου
485 5631 753 5704 διωγμοῦ,
786 5622 879 5686 καὶ
902 5633 988 5704 ὅτι
1007 5633 1067 5685 οὐ
1100 5632 1291 5704 πλήθει
1334 5622 1575 5704 ὁριστέον
1601 5632 1698 5704 τὴν

178 5702 437 5774 σωτηρίαν·
475 5701 892 5757 Prwelarissima
921 5701 989 5756 ad
1018 5701 1326 5774 patientiam
1367 5701 1695 5774 adhortatio,

177 5773 216 5814 et
239 5774 541 5838 comparatio
561 5775 931 5843 persecutionis
972 5790 1003 5827 a
1044 5773 1451 5828 simulacrorum
1481 5773 1699 5828 cultori-

1796 3308 1986 3363 multis
2013 3323 2077 3362 ac
2126 3309 2555 3378 simplicioribus
2607 3308 2865 3379 injuriam
2914 3307 3133 3378 quidem
3195 3309 3353 3364 nobis

1794 3398 1909 3453 ﬁeri
1937 3398 2253 3463 fatentibus,
2274 3407 2329 3453 at
2356 3400 2411 3454 in
2438 3400 2684 3470 martyrii
2716 3400 2834 3455 loco
2854 3400 3012 3456 nohis
3030 3399 3189 3471 392
3212 3416 3361 3456 mor-

1795 3499 1901 3545 tem
1967 3504 2067 3561 pro
2119 3489 2347 3544 veritate
2419 3490 2704 3545 toleratam
2768 3503 2878 3544 non
2937 3491 3359 3546 ascribentibus.

1794 3578 2134 3650 Quapropter
2154 3594 2473 3650 persuasum
2505 3579 2636 3635 mihi
2656 3586 2738 3634 est
2761 3579 2969 3649 majora
2998 3580 3360 3649 vobis,quam

1795 3672 1864 3728 iis
1891 3672 1985 3742 qui
2012 3679 2145 3727 tunc
2170 3672 2496 3744 martyrium
2530 3672 2679 3742 passi
2724 3680 2894 3738 sunt,
2946 3686 2976 3725 a
3007 3670 3157 3741 justo
3174 3670 3363 3742 judice

1796 3762 2019 3833 praenﬁa
2048 3762 2257 3818 servari
2283 3779 2297 3827 ;
2331 3762 2600 3833 siquidem
2633 3762 2709 3816 illi
2738 3770 2791 3817 et
2815 3763 2883 3817 ab
2904 3762 3219 3818 hominibus
3248 3777 3364 3817 cer-

1796 3862 1908 3908 tam
1937 3862 1991 3909 et
2032 3854 2369 3925 exploratam
2413 3852 2626 3908 laudem
2668 3854 3166 3924 consequebantur,
3232 3863 3288 3909 et
3330 3869 3361 3907 a

1798 3945 1911 4003 Deo
1938 3948 2243 4004 mercedem
2267 3947 2694 4018 exspectabant;
2727 3947 2883 4003 vobis
2908 3955 3087 4004 autem
3131 3947 3186 4002 in
3216 3948 3363 4018 pari-

1799 4038 1901 4095 bus
1936 4039 2196 4109 praaclare
2226 4038 2385 4095 factis
2416 4040 2651 4094 honores
2676 4053 2705 4091 a
2730 4038 2945 4109 populis
2973 4054 3081 4094 non
3104 4038 3363 4095 deferun-

1798 4140 1917 4198 tur;
1954 4131 2095 4185 unde
2136 4146 2233 4202 par
2260 4140 2344 4187 est
2385 4132 2798 4203 multiplicatam
2842 4132 3032 4202 reponi
3074 4133 3131 4188 in
3175 4132 3360 4189 futuro

1798 4236 1913 4277 πενο
1961 4222 2209 4278 laborum
2258 4238 2356 4294 pro
2386 4224 2582 4294 pietate
2626 4234 3009 4295 susceptorum
3043 4241 3356 4283 remunera—

1799 4316 2018 4371 tionem.

653 4718 724 4790 όν
754 4721 920 4774 Θεόν.
965 4719 1126 4790 Deest
1171 4728 1442 4790 postrema
1494 4734 1595 4790 vox
1645 4720 1700 4774 in
1727 4723 1778 4783 D
1805 4719 1899 4774 bus
1928 4719 2094 4774 illata:
2124 4735 2241 4772 cum
2262 4734 2465 4790 eaquae
2496 4718 2568 4790 ab,
2586 4716 3121 4790 hwretieisjnfertur,
3147 4725 3198 4773 et
3223 4732 3357 4790 quoa

1805 4789 2137 4864 multitudine
2160 4807 2270 4864 non
2310 4786 2606 4864 deﬁnienda
2640 4788 2809 4864 salus.
2847 4786 2989 4842 Editi
3027 4789 3169 4864 Πρὸς
3200 4786 3361 4859 μονά-

1804 4859 1991 4924 ζοντας
2009 4860 2116 4913 ὑπὸ
2159 4861 2216 4931 ’_A
2225 4859 2451 4931 ρειανῶν
2473 4858 2959 4931 καταπονηθέντας.

1875 4931 1986 5000 (9i)
2023 4927 2278 4998 Πατέρές
2317 4927 2503 4998 ἡμῶν.
2537 4929 2626 5000 ita
2662 4927 2776 4984 tres
2809 4928 3162 5000 vetustissimi
3211 4927 3361 4983 codi-

1804 4998 2048 5071 cesicum
2092 5001 2212 5055 aliis
2240 5000 2505 5071 pluribus.
2535 4998 2676 5071 Editi
2704 4999 2937 5071 πατέρες
2968 5000 3141 5071 ὑμῶν,

1874 5069 1980 5141 (9‘2)
2020 5072 2182 5139 Παρὰ
2231 5068 2366 5125 ἑῶν.
2422 5068 2565 5124 Editi
2621 5068 2954 5141 [immittunt
3005 5068 3173 5135 ἀλλά,
3217 5068 3363 5141 quod

1803 5139 1954 5195 deest
1988 5142 2040 5195 in
2070 5156 2263 5194 novem
2289 5154 2421 5194 mss.

1874 5210 1989 5278 (93)
2031 5209 2281 5270 Μείζονα
2304 5209 2461 5279 ὑμῖν.
2494 5208 2659 5279 coisl.
2694 5219 2943 5279 uterque,
2966 5208 3107 5264 Med.
3144 5217 3199 5264 et
3226 5206 3361 5277 Reg.

1803 5279 2077 5351 secundus
2109 5280 2325 5351 μείζονα
2356 5280 2507 5350 ἡμῖν.
2538 5278 2643 5336 Sed
2670 5278 2989 5337 Harlaeanus
3018 5287 3072 5337 et
3103 5279 3196 5334 alii
3239 5294 3368 5334 con-

1803 5350 2045 5405 sentiunt
2072 5350 2194 5404 cum
2227 5351 2405 5406 editis.

1897 5419 1987 5489 94)
2031 5420 2310 5491 'I‘yirdé.
2365 5420 2506 5475 Editi
2536 5420 2870 5491 praemittunt
2899 5421 3025 5488 καί,
3068 5434 3230 5491 quam
3271 5433 3366 5471 vo-

1802 5490 1983 5545 culam
2018 5490 2513 5561 sustulimus,quia
2540 5490 2738 5561 melius
2768 5491 2921 5547 abest
2957 5508 2988 5546 a
3023 5490 3207 5561 tribus
3231 5503 3363 5543 mss.

1805 5561 1908 5617 etsi
1961 5559 2513 5631 nonivetustissimis.
2550 5559 2674 5615 Haec
2715 5562 2943 5631 epistola
2964 5564 3039 5631 ‘in
3081 5560 3367 5631 Harlaeano

1807 5631 1994 5686 codice
2049 5630 2133 5703 sic
2164 5629 2353 5703 linitur
2392 5649 2405 5685 :
2456 5628 2889 5703 ὁμολογουμένην
2937 5628 3077 5703 εἶχον
3115 5631 3200 5686 ἑτέ
3234 5629 3369 5692 ἴσοις

1805 5704 1920 5764 τοῖς
1942 5698 2376 5773 κςτορράειέεςιν.
2444 5698 2504 5773 ἡ
2632 5698 2639 5700 ‘
2987 5698 3018 5703 "
3369 5698 3375 5707 ‘

1877 5773 1894 5795 ‘
1928 5766 2323 5836 Alias'CCClll,
2352 5770 2549 5837 scripta
2588 5786 2729 5827 anno
2758 5770 2879 5827 376.
