  <div class='ocr_page' id='page_1' title='image "/cluster/home/n/w/nwhite01/storage/ocr_20150623/32/hvd.32044020606729/484.png"; bbox 0 0 3810 6500; ppageno 0'>
   <div class='ocr_carea' id='block_1_1' title="bbox 157 338 3347 437">
    <p class='ocr_par' dir='ltr' id='par_1_1' title="bbox 157 338 3347 437">
     <span class='ocr_line' id='line_1_1' title="bbox 157 338 3347 437; baseline 0.008 -27"><span class='ocrx_word' id='word_1_1' title='bbox 157 362 240 421; x_wconf 71' lang='grc' dir='ltr'><strong>9ι9</strong></span> <span class='ocrx_word' id='word_1_2' title='bbox 929 338 1418 419; x_wconf 65' lang='lat' dir='ltr'><strong>Episromnuit</strong></span> <span class='ocrx_word' id='word_1_3' title='bbox 1452 362 1739 421; x_wconf 62' lang='lat' dir='ltr'><strong>ccassrs</strong></span> <span class='ocrx_word' id='word_1_4' title='bbox 1777 367 1843 424; x_wconf 83' lang='grc' dir='ltr'>ιι.</span> <span class='ocrx_word' id='word_1_5' title='bbox 1886 368 2106 427; x_wconf 83' lang='lat' dir='ltr'><strong>EPIST.</strong></span> <span class='ocrx_word' id='word_1_6' title='bbox 2147 356 2418 426; x_wconf 70' lang='lat' dir='ltr'><strong>cccvui.</strong></span> <span class='ocrx_word' id='word_1_7' title='bbox 3239 380 3347 437; x_wconf 77' lang='lat'><strong>950</strong></span> 
     </span>
    </p>
   </div>
   <div class='ocr_carea' id='block_1_2' title="bbox 159 473 1698 559">
    <p class='ocr_par' dir='ltr' id='par_1_2' title="bbox 159 473 1684 550">
     <span class='ocr_line' id='line_1_2' title="bbox 159 473 1684 550; baseline 0.004 -22"><span class='ocrx_word' id='word_1_8' title='bbox 159 494 294 548; x_wconf 79' lang='grc' dir='ltr'>ματι,</span> <span class='ocrx_word' id='word_1_9' title='bbox 338 473 664 544; x_wconf 82' lang='grc' dir='ltr'>ὲπιτείνομεν</span> <span class='ocrx_word' id='word_1_10' title='bbox 688 512 703 535; x_wconf 89' lang='grc'><strong>,</strong></span> <span class='ocrx_word' id='word_1_11' title='bbox 765 473 857 526; x_wconf 80' lang='grc' dir='ltr'><strong>καὶ</strong></span> <span class='ocrx_word' id='word_1_12' title='bbox 909 475 957 526; x_wconf 78' lang='grc' dir='ltr'>οἱ</span> <span class='ocrx_word' id='word_1_13' title='bbox 1019 476 1077 529; x_wconf 84' lang='grc' dir='ltr'>ὲν</span> <span class='ocrx_word' id='word_1_14' title='bbox 1136 478 1248 539; x_wconf 85' lang='grc' dir='ltr'>τοῖς</span> <span class='ocrx_word' id='word_1_15' title='bbox 1304 479 1684 550; x_wconf 79' lang='grc' dir='ltr'><strong>καιριωτάτοις</strong></span> 
     </span>
    </p>
   </div>
   <div class='ocr_carea' id='block_1_3' title="bbox 1805 473 3346 559">
    <p class='ocr_par' dir='ltr' id='par_1_3' title="bbox 1809 483 3346 559">
     <span class='ocr_line' id='line_1_3' title="bbox 1809 483 3346 559; baseline 0.009 -22"><span class='ocrx_word' id='word_1_16' title='bbox 1809 483 2091 551; x_wconf 90' lang='lat' dir='ltr'><strong>endimus;</strong></span> <span class='ocrx_word' id='word_1_17' title='bbox 2136 490 2192 539; x_wconf 90' lang='lat' dir='ltr'><strong>et</strong></span> <span class='ocrx_word' id='word_1_18' title='bbox 2237 484 2332 555; x_wconf 90' lang='lat' dir='ltr'><strong>qui</strong></span> <span class='ocrx_word' id='word_1_19' title='bbox 2376 484 2432 539; x_wconf 92' lang='lat' dir='ltr'><strong>in</strong></span> <span class='ocrx_word' id='word_1_20' title='bbox 2480 486 2770 557; x_wconf 62' lang='lat' dir='ltr'><strong>praecipuis</strong></span> <span class='ocrx_word' id='word_1_21' title='bbox 2801 488 3075 559; x_wconf 87' lang='lat' dir='ltr'><strong>capitibus</strong></span> <span class='ocrx_word' id='word_1_22' title='bbox 3110 492 3253 548; x_wconf 88' lang='lat' dir='ltr'><strong>inter</strong></span> <span class='ocrx_word' id='word_1_23' title='bbox 3285 512 3346 551; x_wconf 84' lang='lat' dir='ltr'><strong>se</strong></span> 
     </span>
    </p>
   </div>
   <div class='ocr_carea' id='block_1_4' title="bbox 154 564 1698 649">
    <p class='ocr_par' dir='ltr' id='par_1_4' title="bbox 154 564 1673 641">
     <span class='ocr_line' id='line_1_4' title="bbox 154 564 1673 641; baseline 0.006 -25"><span class='ocrx_word' id='word_1_24' title='bbox 154 570 333 639; x_wconf 76' lang='grc' dir='ltr'>ἔχοντες</span> <span class='ocrx_word' id='word_1_25' title='bbox 361 566 683 637; x_wconf 42' lang='grc' dir='ltr'>συμφωνίαν,</span> <span class='ocrx_word' id='word_1_26' title='bbox 718 564 797 617; x_wconf 75' lang='grc' dir='ltr'>ἑνί</span> <span class='ocrx_word' id='word_1_27' title='bbox 830 564 894 633; x_wconf 81' lang='grc' dir='ltr'><strong>γέ</strong></span> <span class='ocrx_word' id='word_1_28' title='bbox 938 583 1041 618; x_wconf 88' lang='grc' dir='ltr'>τινι</span> <span class='ocrx_word' id='word_1_29' title='bbox 1080 565 1295 631; x_wconf 83' lang='grc' dir='ltr'>πάντως</span> <span class='ocrx_word' id='word_1_30' title='bbox 1326 569 1673 641; x_wconf 85' lang='grc' dir='ltr'>διεστήκασιν</span> 
     </span>
    </p>
   </div>
   <div class='ocr_carea' id='block_1_5' title="bbox 1805 564 3351 649">
    <p class='ocr_par' dir='ltr' id='par_1_5' title="bbox 1810 576 3351 649">
     <span class='ocr_line' id='line_1_5' title="bbox 1810 576 3351 649; baseline 0.006 -18"><span class='ocrx_word' id='word_1_31' title='bbox 1810 577 2130 632; x_wconf 90' lang='lat' dir='ltr'><strong>onsentiunt</strong></span> <span class='ocrx_word' id='word_1_32' title='bbox 2156 616 2171 642; x_wconf 92' lang='lat'><strong>,</strong></span> <span class='ocrx_word' id='word_1_33' title='bbox 2226 576 2281 631; x_wconf 91' lang='lat' dir='ltr'><strong>in</strong></span> <span class='ocrx_word' id='word_1_34' title='bbox 2305 592 2416 631; x_wconf 91' lang='lat' dir='ltr'><strong>una</strong></span> <span class='ocrx_word' id='word_1_35' title='bbox 2444 577 2627 648; x_wconf 88' lang='lat' dir='ltr'><strong>aliqua</strong></span> <span class='ocrx_word' id='word_1_36' title='bbox 2659 594 2718 633; x_wconf 93' lang='lat' dir='ltr'><strong>re</strong></span> <span class='ocrx_word' id='word_1_37' title='bbox 2750 595 2979 649; x_wconf 82' lang='lat' dir='ltr'><strong>prorsus</strong></span> <span class='ocrx_word' id='word_1_38' title='bbox 3013 584 3083 637; x_wconf 88' lang='lat' dir='ltr'><strong>ab</strong></span> <span class='ocrx_word' id='word_1_39' title='bbox 3111 600 3171 639; x_wconf 90' lang='lat' dir='ltr'><strong>se</strong></span> <span class='ocrx_word' id='word_1_40' title='bbox 3203 585 3351 640; x_wconf 83' lang='lat' dir='ltr'><strong>invi-</strong></span> 
     </span>
    </p>
   </div>
   <div class='ocr_carea' id='block_1_6' title="bbox 154 649 1698 747">
    <p class='ocr_par' dir='ltr' id='par_1_6' title="bbox 154 649 1678 727">
     <span class='ocr_line' id='line_1_6' title="bbox 154 649 1678 727; baseline 0.001 -16"><span class='ocrx_word' id='word_1_41' title='bbox 154 658 229 711; x_wconf 76' lang='grc' dir='ltr'>ἀπ’</span> <span class='ocrx_word' id='word_1_42' title='bbox 253 655 496 726; x_wconf 78' lang='grc' dir='ltr'>ἀλλήλων.</span> <span class='ocrx_word' id='word_1_43' title='bbox 527 654 650 718; x_wconf 82' lang='grc' dir='ltr'><strong>Πῶς</strong></span> <span class='ocrx_word' id='word_1_44' title='bbox 675 649 768 707; x_wconf 78' lang='grc' dir='ltr'><strong>οὖν</strong></span> <span class='ocrx_word' id='word_1_45' title='bbox 804 653 879 725; x_wconf 80' lang='grc' dir='ltr'>μὴ</span> <span class='ocrx_word' id='word_1_46' title='bbox 918 653 1267 727; x_wconf 85' lang='grc' dir='ltr'>θαυμάσομεν</span> <span class='ocrx_word' id='word_1_47' title='bbox 1300 657 1389 712; x_wconf 84' lang='grc' dir='ltr'><strong>τὸν</strong></span> <span class='ocrx_word' id='word_1_48' title='bbox 1422 660 1480 712; x_wconf 83' lang='grc' dir='ltr'><strong>ὲν</strong></span> <span class='ocrx_word' id='word_1_49' title='bbox 1509 660 1678 714; x_wconf 88' lang='grc' dir='ltr'>τοιού-</span> 
     </span>
    </p>
   </div>
   <div class='ocr_carea' id='block_1_7' title="bbox 1805 649 3351 747">
    <p class='ocr_par' dir='ltr' id='par_1_7' title="bbox 1810 668 3351 747">
     <span class='ocr_line' id='line_1_7' title="bbox 1810 668 3351 747; baseline 0.006 -25"><span class='ocrx_word' id='word_1_50' title='bbox 1810 685 1895 723; x_wconf 94' lang='lat' dir='ltr'><strong>em</strong></span> <span class='ocrx_word' id='word_1_51' title='bbox 1924 669 2213 725; x_wconf 76' lang='lat' dir='ltr'><strong>dissident.</strong></span> <span class='ocrx_word' id='word_1_52' title='bbox 2252 668 2535 735; x_wconf 82' lang='lat' dir='ltr'><strong>Quomodo</strong></span> <span class='ocrx_word' id='word_1_53' title='bbox 2568 670 2738 747; x_wconf 84' lang='lat' dir='ltr'><strong>igitur</strong></span> <span class='ocrx_word' id='word_1_54' title='bbox 2784 689 2909 728; x_wconf 92' lang='lat' dir='ltr'><strong>eum</strong></span> <span class='ocrx_word' id='word_1_55' title='bbox 2962 689 3070 729; x_wconf 91' lang='lat' dir='ltr'><strong>non</strong></span> <span class='ocrx_word' id='word_1_56' title='bbox 3116 676 3351 733; x_wconf 90' lang='lat' dir='ltr'><strong>admire-</strong></span> 
     </span>
    </p>
   </div>
   <div class='ocr_carea' id='block_1_8' title="bbox 152 745 1698 833">
    <p class='ocr_par' dir='ltr' id='par_1_8' title="bbox 152 745 1678 821">
     <span class='ocr_line' id='line_1_8' title="bbox 152 745 1678 821; baseline 0.012 -32"><span class='ocrx_word' id='word_1_57' title='bbox 152 766 244 811; x_wconf 73' lang='grc' dir='ltr'>τοις</span> <span class='ocrx_word' id='word_1_58' title='bbox 287 747 559 819; x_wconf 80' lang='grc' dir='ltr'><strong>πράγμασι</strong></span> <span class='ocrx_word' id='word_1_59' title='bbox 613 745 857 817; x_wconf 72' lang='grc' dir='ltr'>καθαρὰν</span> <span class='ocrx_word' id='word_1_60' title='bbox 888 746 983 799; x_wconf 74' lang='grc' dir='ltr'><strong>καὶ</strong></span> <span class='ocrx_word' id='word_1_61' title='bbox 1019 746 1202 801; x_wconf 83' lang='grc' dir='ltr'><strong>ἄδολον</strong></span> <span class='ocrx_word' id='word_1_62' title='bbox 1248 749 1346 821; x_wconf 82' lang='grc' dir='ltr'><strong>τὴν</strong></span> <span class='ocrx_word' id='word_1_63' title='bbox 1384 750 1523 821; x_wconf 85' lang='grc' dir='ltr'>πρὸς</span> <span class='ocrx_word' id='word_1_64' title='bbox 1553 754 1678 816; x_wconf 77' lang='grc' dir='ltr'>τοὺς</span> 
     </span>
    </p>
   </div>
   <div class='ocr_carea' id='block_1_9' title="bbox 1805 745 3350 833">
    <p class='ocr_par' dir='ltr' id='par_1_9' title="bbox 1805 762 3350 833">
     <span class='ocr_line' id='line_1_9' title="bbox 1805 762 3350 833; baseline 0.006 -19"><span class='ocrx_word' id='word_1_65' title='bbox 1805 776 1925 827; x_wconf 86' lang='lat' dir='ltr'><strong>nur,</strong></span> <span class='ocrx_word' id='word_1_66' title='bbox 1971 762 2066 832; x_wconf 90' lang='lat' dir='ltr'><strong>qui</strong></span> <span class='ocrx_word' id='word_1_67' title='bbox 2102 762 2155 816; x_wconf 90' lang='lat' dir='ltr'><strong>in</strong></span> <span class='ocrx_word' id='word_1_68' title='bbox 2182 762 2277 817; x_wconf 91' lang='lat' dir='ltr'><strong>tali</strong></span> <span class='ocrx_word' id='word_1_69' title='bbox 2317 778 2500 825; x_wconf 88' lang='lat' dir='ltr'><strong>rerum</strong></span> <span class='ocrx_word' id='word_1_70' title='bbox 2544 768 2691 817; x_wconf 88' lang='lat' dir='ltr'><strong>statu</strong></span> <span class='ocrx_word' id='word_1_71' title='bbox 2731 778 2926 833; x_wconf 88' lang='lat' dir='ltr'><strong>purum</strong></span> <span class='ocrx_word' id='word_1_72' title='bbox 2977 781 3042 821; x_wconf 90' lang='lat' dir='ltr'><strong>ac</strong></span> <span class='ocrx_word' id='word_1_73' title='bbox 3074 767 3350 823; x_wconf 86' lang='lat' dir='ltr'><strong>sincerum</strong></span> 
     </span>
    </p>
   </div>
   <div class='ocr_carea' id='block_1_10' title="bbox 153 837 1698 922">
    <p class='ocr_par' dir='ltr' id='par_1_10' title="bbox 153 837 1679 916">
     <span class='ocr_line' id='line_1_10' title="bbox 153 837 1679 916; baseline 0.005 -26"><span class='ocrx_word' id='word_1_74' title='bbox 153 839 342 908; x_wconf 76' lang='grc' dir='ltr'>πλησίον</span> <span class='ocrx_word' id='word_1_75' title='bbox 385 838 602 908; x_wconf 78' lang='grc' dir='ltr'>ἀγάπην</span> <span class='ocrx_word' id='word_1_76' title='bbox 641 837 1114 909; x_wconf 78' lang='grc' dir='ltr'>ἐπιδεικνύμενον,</span> <span class='ocrx_word' id='word_1_77' title='bbox 1149 841 1243 893; x_wconf 68' lang='grc' dir='ltr'><strong>καὶ</strong></span> <span class='ocrx_word' id='word_1_78' title='bbox 1280 841 1368 895; x_wconf 82' lang='grc' dir='ltr'>διὰ</span> <span class='ocrx_word' id='word_1_79' title='bbox 1411 843 1679 916; x_wconf 76' lang='grc' dir='ltr'><strong>τοσαύτης</strong></span> 
     </span>
    </p>
   </div>
   <div class='ocr_carea' id='block_1_11' title="bbox 1805 837 3351 922">
    <p class='ocr_par' dir='ltr' id='par_1_11' title="bbox 1805 850 3351 922">
     <span class='ocr_line' id='line_1_11' title="bbox 1805 850 3351 922; baseline 0.008 -19"><span class='ocrx_word' id='word_1_80' title='bbox 1805 867 1908 922; x_wconf 69' lang='lat' dir='ltr'><strong>rga</strong></span> <span class='ocrx_word' id='word_1_81' title='bbox 1940 850 2140 908; x_wconf 80' lang='lat' dir='ltr'><strong>fratres</strong></span> <span class='ocrx_word' id='word_1_82' title='bbox 2173 868 2416 910; x_wconf 90' lang='lat' dir='ltr'><strong>amorem</strong></span> <span class='ocrx_word' id='word_1_83' title='bbox 2450 854 2714 920; x_wconf 82' lang='lat' dir='ltr'><strong>ostendit,</strong></span> <span class='ocrx_word' id='word_1_84' title='bbox 2742 862 2796 909; x_wconf 91' lang='lat' dir='ltr'><strong>et</strong></span> <span class='ocrx_word' id='word_1_85' title='bbox 2821 871 2889 910; x_wconf 82' lang='lat' dir='ltr'><strong>ex</strong></span> <span class='ocrx_word' id='word_1_86' title='bbox 2916 863 3068 912; x_wconf 89' lang='lat' dir='ltr'><strong>tanto</strong></span> <span class='ocrx_word' id='word_1_87' title='bbox 3100 860 3270 915; x_wconf 90' lang='lat' dir='ltr'><strong>maris</strong></span> <span class='ocrx_word' id='word_1_88' title='bbox 3295 867 3351 915; x_wconf 84' lang='lat' dir='ltr'><strong>et</strong></span> 
     </span>
    </p>
   </div>
   <div class='ocr_carea' id='block_1_12' title="bbox 153 928 1698 1023">
    <p class='ocr_par' dir='ltr' id='par_1_12' title="bbox 153 928 1681 1013">
     <span class='ocr_line' id='line_1_12' title="bbox 153 928 1681 1013; baseline 0.005 -32"><span class='ocrx_word' id='word_1_89' title='bbox 153 929 386 998; x_wconf 76' lang='grc' dir='ltr'><strong>θαλάσσης</strong></span> <span class='ocrx_word' id='word_1_90' title='bbox 417 928 509 981; x_wconf 81' lang='grc' dir='ltr'>καὶ</span> <span class='ocrx_word' id='word_1_91' title='bbox 527 928 759 998; x_wconf 80' lang='grc' dir='ltr'>ἠπείρου</span> <span class='ocrx_word' id='word_1_92' title='bbox 780 969 795 995; x_wconf 92' lang='grc'><strong>,</strong></span> <span class='ocrx_word' id='word_1_93' title='bbox 828 929 928 998; x_wconf 84' lang='grc' dir='ltr'>τῆς</span> <span class='ocrx_word' id='word_1_94' title='bbox 951 930 1289 1002; x_wconf 79' lang='grc' dir='ltr'>χωριςούσης</span> <span class='ocrx_word' id='word_1_95' title='bbox 1321 934 1468 1013; x_wconf 71' lang='grc' dir='ltr'>ἡμᾶς</span> <span class='ocrx_word' id='word_1_96' title='bbox 1495 952 1681 1005; x_wconf 88' lang='grc' dir='ltr'>σωμα-</span> 
     </span>
    </p>
   </div>
   <div class='ocr_carea' id='block_1_13' title="bbox 1805 928 3351 1023">
    <p class='ocr_par' dir='ltr' id='par_1_13' title="bbox 1805 947 3351 1023">
     <span class='ocr_line' id='line_1_13' title="bbox 1805 947 3351 1023; baseline 0.005 -22"><span class='ocrx_word' id='word_1_97' title='bbox 1805 962 1958 1012; x_wconf 57' lang='lat' dir='ltr'><strong>errat,</strong></span> <span class='ocrx_word' id='word_1_98' title='bbox 1990 948 2190 1018; x_wconf 87' lang='lat' dir='ltr'><strong>quibus</strong></span> <span class='ocrx_word' id='word_1_99' title='bbox 2218 962 2447 1018; x_wconf 90' lang='lat' dir='ltr'><strong>corpore</strong></span> <span class='ocrx_word' id='word_1_100' title='bbox 2478 947 2820 1018; x_wconf 84' lang='lat' dir='ltr'><strong>sejungimur</strong></span> <span class='ocrx_word' id='word_1_101' title='bbox 2848 948 3159 1017; x_wconf 80' lang='lat' dir='ltr'><strong>intervallo,</strong></span> <span class='ocrx_word' id='word_1_102' title='bbox 3182 968 3351 1023; x_wconf 88' lang='lat' dir='ltr'><strong>quan-</strong></span> 
     </span>
    </p>
   </div>
   <div class='ocr_carea' id='block_1_14' title="bbox 155 1018 1698 1105">
    <p class='ocr_par' dir='ltr' id='par_1_14' title="bbox 155 1018 1680 1105">
     <span class='ocr_line' id='line_1_14' title="bbox 155 1018 1680 1105; baseline 0.004 -32"><span class='ocrx_word' id='word_1_103' title='bbox 155 1020 307 1105; x_wconf 83' lang='grc' dir='ltr'>τικῶς,</span> <span class='ocrx_word' id='word_1_104' title='bbox 327 1018 418 1088; x_wconf 89' lang='grc' dir='ltr'><strong>τήν</strong></span> <span class='ocrx_word' id='word_1_105' title='bbox 443 1018 796 1091; x_wconf 77' lang='grc' dir='ltr'>ἐνδεχομένην</span> <span class='ocrx_word' id='word_1_106' title='bbox 821 1020 1137 1090; x_wconf 77' lang='grc' dir='ltr'>ἐπιμέλειαν</span> <span class='ocrx_word' id='word_1_107' title='bbox 1162 1026 1278 1087; x_wconf 90' lang='grc' dir='ltr'>ταῖς</span> <span class='ocrx_word' id='word_1_108' title='bbox 1301 1026 1500 1093; x_wconf 73' lang='grc' dir='ltr'>ψυχαῖς</span> <span class='ocrx_word' id='word_1_109' title='bbox 1524 1026 1680 1097; x_wconf 82' lang='grc' dir='ltr'>ήμῶν</span> 
     </span>
    </p>
   </div>
   <div class='ocr_carea' id='block_1_15' title="bbox 1805 1018 3351 1105">
    <p class='ocr_par' dir='ltr' id='par_1_15' title="bbox 1807 1039 3351 1105">
     <span class='ocr_line' id='line_1_15' title="bbox 1807 1039 3351 1105; baseline 0.006 -13"><span class='ocrx_word' id='word_1_110' title='bbox 1807 1055 1895 1093; x_wconf 77' lang='lat' dir='ltr'><strong>um</strong></span> <span class='ocrx_word' id='word_1_111' title='bbox 1940 1039 1995 1094; x_wconf 91' lang='lat' dir='ltr'><strong>in</strong></span> <span class='ocrx_word' id='word_1_112' title='bbox 2030 1055 2090 1095; x_wconf 90' lang='lat' dir='ltr'><strong>sc</strong></span> <span class='ocrx_word' id='word_1_113' title='bbox 2121 1049 2241 1105; x_wconf 87' lang='lat' dir='ltr'><strong>est,</strong></span> <span class='ocrx_word' id='word_1_114' title='bbox 2269 1039 2575 1094; x_wconf 88' lang='lat' dir='ltr'><strong>animarum</strong></span> <span class='ocrx_word' id='word_1_115' title='bbox 2621 1046 2935 1096; x_wconf 88' lang='lat' dir='ltr'><strong>nostrarum</strong></span> <span class='ocrx_word' id='word_1_116' title='bbox 2984 1057 3175 1099; x_wconf 87' lang='lat' dir='ltr'><strong>curam</strong></span> <span class='ocrx_word' id='word_1_117' title='bbox 3224 1060 3351 1101; x_wconf 91' lang='lat' dir='ltr'><strong>sus-</strong></span> 
     </span>
    </p>
   </div>
   <div class='ocr_carea' id='block_1_16' title="bbox 156 1098 1698 1198">
    <p class='ocr_par' dir='ltr' id='par_1_16' title="bbox 156 1098 1233 1183">
     <span class='ocr_line' id='line_1_16' title="bbox 156 1098 1233 1183; baseline 0.004 -19"><span class='ocrx_word' id='word_1_118' title='bbox 156 1098 466 1183; x_wconf 66' lang='grc' dir='ltr'>χαριζόμενον</span> <span class='ocrx_word' id='word_1_119' title='bbox 486 1129 501 1177; x_wconf 88' lang='grc'>;</span> <span class='ocrx_word' id='word_1_120' title='bbox 1028 1162 1033 1167; x_wconf 97' lang='grc'>.</span> <span class='ocrx_word' id='word_1_121' title='bbox 1228 1110 1233 1115; x_wconf 70' lang='grc'><em>’</em></span> 
     </span>
    </p>
   </div>
   <div class='ocr_carea' id='block_1_17' title="bbox 1805 1098 2604 1198">
    <p class='ocr_par' dir='ltr' id='par_1_17' title="bbox 1805 1129 2604 1198">
     <span class='ocr_line' id='line_1_17' title="bbox 1805 1129 2604 1198; baseline 0.008 -18"><span class='ocrx_word' id='word_1_122' title='bbox 1805 1129 1947 1198; x_wconf 78' lang='lat' dir='ltr'><strong>:ipil?</strong></span> <span class='ocrx_word' id='word_1_123' title='bbox 2537 1153 2558 1171; x_wconf 63' lang='grc' dir='ltr'><strong>κ</strong></span> <span class='ocrx_word' id='word_1_124' title='bbox 2594 1132 2604 1142; x_wconf 77' lang='grc'><em>’</em></span> 
     </span>
    </p>
   </div>
   <div class='ocr_carea' id='block_1_18' title="bbox 206 1202 1698 1295">
    <p class='ocr_par' dir='ltr' id='par_1_18' title="bbox 206 1202 1698 1282">
     <span class='ocr_line' id='line_1_18' title="bbox 206 1202 1698 1282; baseline 0.005 -26"><span class='ocrx_word' id='word_1_125' title='bbox 206 1204 252 1257; x_wconf 74' lang='lat'><strong>2.</strong></span> <span class='ocrx_word' id='word_1_126' title='bbox 294 1202 603 1274; x_wconf 84' lang='grc' dir='ltr'>Ἐθαύμασα</span> <span class='ocrx_word' id='word_1_127' title='bbox 630 1202 687 1256; x_wconf 86' lang='grc' dir='ltr'><strong>δέ</strong></span> <span class='ocrx_word' id='word_1_128' title='bbox 721 1220 814 1257; x_wconf 91' lang='grc' dir='ltr'><strong>σου</strong></span> <span class='ocrx_word' id='word_1_129' title='bbox 855 1205 1104 1271; x_wconf 86' lang='grc' dir='ltr'>κάκεῖνο,</span> <span class='ocrx_word' id='word_1_130' title='bbox 1137 1206 1223 1260; x_wconf 84' lang='grc' dir='ltr'>ὅτι</span> <span class='ocrx_word' id='word_1_131' title='bbox 1257 1208 1350 1261; x_wconf 70' lang='grc' dir='ltr'><strong>καὶ</strong></span> <span class='ocrx_word' id='word_1_132' title='bbox 1380 1207 1477 1280; x_wconf 83' lang='grc' dir='ltr'><strong>τὴν</strong></span> <span class='ocrx_word' id='word_1_133' title='bbox 1508 1210 1565 1263; x_wconf 81' lang='grc' dir='ltr'><strong>ἐν</strong></span> <span class='ocrx_word' id='word_1_134' title='bbox 1603 1210 1698 1282; x_wconf 83' lang='grc' dir='ltr'><strong>τῷ.</strong></span> 
     </span>
    </p>
   </div>
   <div class='ocr_carea' id='block_1_19' title="bbox 1805 1202 3357 1295">
    <p class='ocr_par' dir='ltr' id='par_1_19' title="bbox 1853 1218 3357 1295">
     <span class='ocr_line' id='line_1_19' title="bbox 1853 1218 3357 1295; baseline 0.005 -23"><span class='ocrx_word' id='word_1_135' title='bbox 1853 1218 1909 1274; x_wconf 74' lang='lat'><strong>2.</strong></span> <span class='ocrx_word' id='word_1_136' title='bbox 1944 1219 2080 1274; x_wconf 89' lang='lat' dir='ltr'><strong>lilud</strong></span> <span class='ocrx_word' id='word_1_137' title='bbox 2111 1227 2292 1275; x_wconf 91' lang='lat' dir='ltr'><strong>autem</strong></span> <span class='ocrx_word' id='word_1_138' title='bbox 2328 1219 2491 1275; x_wconf 87' lang='lat' dir='ltr'><strong>etiam</strong></span> <span class='ocrx_word' id='word_1_139' title='bbox 2519 1220 2575 1274; x_wconf 92' lang='lat' dir='ltr'><strong>in</strong></span> <span class='ocrx_word' id='word_1_140' title='bbox 2612 1228 2664 1275; x_wconf 91' lang='lat' dir='ltr'><strong>te</strong></span> <span class='ocrx_word' id='word_1_141' title='bbox 2688 1221 2921 1278; x_wconf 83' lang='lat' dir='ltr'><strong>miratus</strong></span> <span class='ocrx_word' id='word_1_142' title='bbox 2945 1237 3090 1287; x_wconf 90' lang='lat' dir='ltr'><strong>sum,</strong></span> <span class='ocrx_word' id='word_1_143' title='bbox 3119 1224 3267 1295; x_wconf 89' lang='lat' dir='ltr'><strong>quod</strong></span> <span class='ocrx_word' id='word_1_144' title='bbox 3299 1234 3357 1279; x_wconf 82' lang='lat' dir='ltr'><strong>et</strong></span> 
     </span>
    </p>
   </div>
   <div class='ocr_carea' id='block_1_20' title="bbox 162 1294 1698 1384">
    <p class='ocr_par' dir='ltr' id='par_1_20' title="bbox 162 1294 1677 1372">
     <span class='ocr_line' id='line_1_20' title="bbox 162 1294 1677 1372; baseline 0.005 -23"><span class='ocrx_word' id='word_1_145' title='bbox 162 1295 373 1349; x_wconf 78' lang='grc' dir='ltr'><strong>Ἐλαιῶνι</strong></span> <span class='ocrx_word' id='word_1_146' title='bbox 418 1294 527 1349; x_wconf 86' lang='grc' dir='ltr'>τῶν</span> <span class='ocrx_word' id='word_1_147' title='bbox 578 1296 821 1366; x_wconf 81' lang='grc' dir='ltr'><strong>ἀδελφῶν</strong></span> <span class='ocrx_word' id='word_1_148' title='bbox 869 1297 1148 1352; x_wconf 83' lang='grc' dir='ltr'>διάστασιν</span> <span class='ocrx_word' id='word_1_149' title='bbox 1186 1299 1443 1372; x_wconf 85' lang='grc' dir='ltr'><strong>λυπηρῶς</strong></span> <span class='ocrx_word' id='word_1_150' title='bbox 1495 1302 1677 1371; x_wconf 80' lang='grc' dir='ltr'><strong>ἐδέξω,</strong></span> 
     </span>
    </p>
   </div>
   <div class='ocr_carea' id='block_1_21' title="bbox 1805 1294 3354 1384">
    <p class='ocr_par' dir='ltr' id='par_1_21' title="bbox 1805 1294 3354 1384">
     <span class='ocr_line' id='line_1_21' title="bbox 1805 1294 3354 1384; baseline 0.003 -17"><span class='ocrx_word' id='word_1_151' title='bbox 1805 1315 2038 1377; x_wconf 81' lang='lat' dir='ltr'><strong>’ratrum,</strong></span> <span class='ocrx_word' id='word_1_152' title='bbox 2071 1312 2165 1384; x_wconf 88' lang='lat' dir='ltr'><strong>qui</strong></span> <span class='ocrx_word' id='word_1_153' title='bbox 2209 1314 2266 1367; x_wconf 92' lang='lat' dir='ltr'><strong>in</strong></span> <span class='ocrx_word' id='word_1_154' title='bbox 2296 1310 2513 1369; x_wconf 74' lang='lat' dir='ltr'><strong>Elaeone</strong></span> <span class='ocrx_word' id='word_1_155' title='bbox 2555 1320 2718 1378; x_wconf 90' lang='lat' dir='ltr'><strong>sunt,</strong></span> <span class='ocrx_word' id='word_1_156' title='bbox 2751 1316 2981 1369; x_wconf 87' lang='lat' dir='ltr'><strong>moleste</strong></span> <span class='ocrx_word' id='word_1_157' title='bbox 3018 1294 3210 1370; x_wconf 88' lang='lat' dir='ltr'><strong>tuleris</strong></span> <span class='ocrx_word' id='word_1_158' title='bbox 3236 1316 3354 1371; x_wconf 88' lang='lat' dir='ltr'><strong>dis-</strong></span> 
     </span>
    </p>
   </div>
   <div class='ocr_carea' id='block_1_22' title="bbox 156 1386 1698 1475">
    <p class='ocr_par' dir='ltr' id='par_1_22' title="bbox 156 1386 1683 1467">
     <span class='ocr_line' id='line_1_22' title="bbox 156 1386 1683 1467; baseline 0.005 -25"><span class='ocrx_word' id='word_1_159' title='bbox 156 1390 230 1443; x_wconf 80' lang='grc' dir='ltr'>καὶ</span> <span class='ocrx_word' id='word_1_160' title='bbox 274 1386 438 1458; x_wconf 74' lang='grc' dir='ltr'>βούλει</span> <span class='ocrx_word' id='word_1_161' title='bbox 491 1387 615 1442; x_wconf 78' lang='grc' dir='ltr'>τινὰ</span> <span class='ocrx_word' id='word_1_162' title='bbox 682 1390 864 1454; x_wconf 77' lang='grc' dir='ltr'>αὐτοῖς</span> <span class='ocrx_word' id='word_1_163' title='bbox 924 1390 1177 1459; x_wconf 86' lang='grc' dir='ltr'>γενέσθαι</span> <span class='ocrx_word' id='word_1_164' title='bbox 1234 1395 1368 1467; x_wconf 83' lang='grc' dir='ltr'>πρὸς</span> <span class='ocrx_word' id='word_1_165' title='bbox 1418 1395 1683 1467; x_wconf 79' lang='grc' dir='ltr'>ἀλλήλους</span> 
     </span>
    </p>
   </div>
   <div class='ocr_carea' id='block_1_23' title="bbox 1805 1386 3356 1475">
    <p class='ocr_par' dir='ltr' id='par_1_23' title="bbox 1805 1390 3356 1475">
     <span class='ocr_line' id='line_1_23' title="bbox 1805 1390 3356 1475; baseline 0.003 -16"><span class='ocrx_word' id='word_1_166' title='bbox 1805 1405 2131 1470; x_wconf 66' lang='grc' dir='ltr'>ιοιιείοηοιη,</span> <span class='ocrx_word' id='word_1_167' title='bbox 2167 1404 2417 1474; x_wconf 85' lang='lat' dir='ltr'><strong>velisque</strong></span> <span class='ocrx_word' id='word_1_168' title='bbox 2463 1405 2702 1474; x_wconf 87' lang='lat' dir='ltr'><strong>aliquam</strong></span> <span class='ocrx_word' id='word_1_169' title='bbox 2750 1390 2911 1475; x_wconf 37' lang='lat' dir='ltr'><strong>ipsis.</strong></span> <span class='ocrx_word' id='word_1_170' title='bbox 2940 1405 3057 1460; x_wconf 79' lang='lat' dir='ltr'><strong>fieri</strong></span> <span class='ocrx_word' id='word_1_171' title='bbox 3102 1406 3245 1462; x_wconf 88' lang='lat' dir='ltr'><strong>inter</strong></span> <span class='ocrx_word' id='word_1_172' title='bbox 3295 1422 3356 1463; x_wconf 87' lang='lat' dir='ltr'><strong>se</strong></span> 
     </span>
    </p>
   </div>
   <div class='ocr_carea' id='block_1_24' title="bbox 154 1479 1698 1567">
    <p class='ocr_par' dir='ltr' id='par_1_24' title="bbox 154 1479 1684 1567">
     <span class='ocr_line' id='line_1_24' title="bbox 154 1479 1684 1567; baseline 0.008 -36"><span class='ocrx_word' id='word_1_173' title='bbox 154 1479 509 1551; x_wconf 75' lang='grc' dir='ltr'>συμδιόασμόν.</span> <span class='ocrx_word' id='word_1_174' title='bbox 561 1482 672 1535; x_wconf 75' lang='grc' dir='ltr'>Καὶ</span> <span class='ocrx_word' id='word_1_175' title='bbox 720 1482 801 1536; x_wconf 84' lang='grc' dir='ltr'>ὅτι</span> <span class='ocrx_word' id='word_1_176' title='bbox 865 1499 925 1536; x_wconf 89' lang='grc' dir='ltr'><strong>σε</strong></span> <span class='ocrx_word' id='word_1_177' title='bbox 983 1484 1102 1538; x_wconf 77' lang='grc' dir='ltr'>οὐδὲ</span> <span class='ocrx_word' id='word_1_178' title='bbox 1155 1485 1225 1567; x_wconf 76' lang='grc' dir='ltr'><strong>τά</strong></span> <span class='ocrx_word' id='word_1_179' title='bbox 1282 1489 1684 1560; x_wconf 85' lang='grc' dir='ltr'>παρευρεθέντα</span> 
     </span>
    </p>
   </div>
   <div class='ocr_carea' id='block_1_25' title="bbox 1805 1479 3357 1567">
    <p class='ocr_par' dir='ltr' id='par_1_25' title="bbox 1805 1494 3357 1567">
     <span class='ocr_line' id='line_1_25' title="bbox 1805 1494 3357 1567; baseline 0.001 -16"><span class='ocrx_word' id='word_1_180' title='bbox 1805 1495 2241 1551; x_wconf 86' lang='lat' dir='ltr'><strong>:onciliationem.</strong></span> <span class='ocrx_word' id='word_1_181' title='bbox 2275 1494 2431 1562; x_wconf 85' lang='lat' dir='ltr'><strong>Quod</strong></span> <span class='ocrx_word' id='word_1_182' title='bbox 2478 1502 2661 1551; x_wconf 88' lang='lat' dir='ltr'><strong>autem</strong></span> <span class='ocrx_word' id='word_1_183' title='bbox 2706 1503 2757 1551; x_wconf 90' lang='lat' dir='ltr'><strong>te</strong></span> <span class='ocrx_word' id='word_1_184' title='bbox 2785 1510 2897 1550; x_wconf 88' lang='lat' dir='ltr'><strong>non</strong></span> <span class='ocrx_word' id='word_1_185' title='bbox 2924 1496 3205 1551; x_wconf 90' lang='lat' dir='ltr'><strong>latuerunt</strong></span> <span class='ocrx_word' id='word_1_186' title='bbox 3234 1511 3357 1567; x_wconf 61' lang='lat' dir='ltr'><strong>quae</strong></span> 
     </span>
    </p>
   </div>
   <div class='ocr_carea' id='block_1_26' title="bbox 1786 1586 3354 1658">
    <p class='ocr_par' dir='ltr' id='par_1_26' title="bbox 1786 1586 3354 1658">
     <span class='ocr_line' id='line_1_26' title="bbox 1786 1586 3354 1658; baseline 0.001 -15"><span class='ocrx_word' id='word_1_187' title='bbox 1786 1605 1817 1643; x_wconf 90' lang='lat' dir='ltr'><strong>a</strong></span> <span class='ocrx_word' id='word_1_188' title='bbox 1847 1588 2127 1643; x_wconf 89' lang='lat' dir='ltr'><strong>nonnullis</strong></span> <span class='ocrx_word' id='word_1_189' title='bbox 2157 1588 2299 1643; x_wconf 89' lang='lat' dir='ltr'><strong>male</strong></span> <span class='ocrx_word' id='word_1_190' title='bbox 2332 1587 2660 1658; x_wconf 78' lang='lat' dir='ltr'><strong>excogitata,</strong></span> <span class='ocrx_word' id='word_1_191' title='bbox 2695 1586 2892 1643; x_wconf 80' lang='lat' dir='ltr'><strong>fratres</strong></span> <span class='ocrx_word' id='word_1_192' title='bbox 2923 1588 3354 1654; x_wconf 88' lang='lat' dir='ltr'><strong>conturbarunt,</strong></span> 
     </span>
    </p>
   </div>
   <div class='ocr_carea' id='block_1_27' title="bbox 153 1663 1698 1751">
    <p class='ocr_par' dir='ltr' id='par_1_27' title="bbox 153 1663 1686 1744">
     <span class='ocr_line' id='line_1_27' title="bbox 153 1663 1686 1744; baseline 0.009 -31"><span class='ocrx_word' id='word_1_193' title='bbox 153 1679 266 1733; x_wconf 78' lang='grc' dir='ltr'>τητι,</span> <span class='ocrx_word' id='word_1_194' title='bbox 295 1663 592 1735; x_wconf 83' lang='grc' dir='ltr'>παρέλαθεν</span> <span class='ocrx_word' id='word_1_195' title='bbox 623 1664 771 1734; x_wconf 85' lang='lat'><strong>(99),</strong></span> <span class='ocrx_word' id='word_1_196' title='bbox 816 1665 952 1720; x_wconf 82' lang='grc' dir='ltr'><strong>ἀλλά</strong></span> <span class='ocrx_word' id='word_1_197' title='bbox 984 1669 1078 1721; x_wconf 73' lang='grc' dir='ltr'><strong>καὶ</strong></span> <span class='ocrx_word' id='word_1_198' title='bbox 1105 1670 1204 1739; x_wconf 82' lang='grc' dir='ltr'><strong>τὴν</strong></span> <span class='ocrx_word' id='word_1_199' title='bbox 1234 1671 1327 1723; x_wconf 75' lang='grc' dir='ltr'><strong>ἐπὶ</strong></span> <span class='ocrx_word' id='word_1_200' title='bbox 1352 1672 1561 1737; x_wconf 86' lang='grc' dir='ltr'>τούτοις</span> <span class='ocrx_word' id='word_1_201' title='bbox 1590 1672 1686 1744; x_wconf 83' lang='grc' dir='ltr'>μέ-</span> 
     </span>
    </p>
   </div>
   <div class='ocr_carea' id='block_1_28' title="bbox 1805 1663 3358 1751">
    <p class='ocr_par' dir='ltr' id='par_1_28' title="bbox 1805 1678 3358 1751">
     <span class='ocr_line' id='line_1_28' title="bbox 1805 1678 3358 1751; baseline 0.001 -17"><span class='ocrx_word' id='word_1_202' title='bbox 1805 1696 1851 1735; x_wconf 79' lang='lat' dir='ltr'><strong>lc</strong></span> <span class='ocrx_word' id='word_1_203' title='bbox 1898 1679 1967 1735; x_wconf 90' lang='lat' dir='ltr'><strong>de</strong></span> <span class='ocrx_word' id='word_1_204' title='bbox 2003 1679 2088 1736; x_wconf 88' lang='lat' dir='ltr'><strong>bis</strong></span> <span class='ocrx_word' id='word_1_205' title='bbox 2134 1695 2353 1751; x_wconf 89' lang='lat' dir='ltr'><strong>quoque</strong></span> <span class='ocrx_word' id='word_1_206' title='bbox 2399 1678 2825 1734; x_wconf 86' lang='lat' dir='ltr'><strong>sollicitudinem</strong></span> <span class='ocrx_word' id='word_1_207' title='bbox 2875 1679 3204 1750; x_wconf 88' lang='lat' dir='ltr'><strong>suscepisti,</strong></span> <span class='ocrx_word' id='word_1_208' title='bbox 3241 1680 3358 1736; x_wconf 68' lang='lat' dir='ltr'><strong>haec</strong></span> 
     </span>
    </p>
   </div>
   <div class='ocr_carea' id='block_1_29' title="bbox 158 1752 1698 1841">
    <p class='ocr_par' dir='ltr' id='par_1_29' title="bbox 158 1752 1686 1835">
     <span class='ocr_line' id='line_1_29' title="bbox 158 1752 1686 1835; baseline 0.01 -29"><span class='ocrx_word' id='word_1_209' title='bbox 158 1752 318 1825; x_wconf 78' lang='grc' dir='ltr'>ριμναν</span> <span class='ocrx_word' id='word_1_210' title='bbox 358 1756 627 1823; x_wconf 76' lang='grc' dir='ltr'>ἀνεδέξω,</span> <span class='ocrx_word' id='word_1_211' title='bbox 684 1758 780 1811; x_wconf 76' lang='grc' dir='ltr'><strong>καὶ</strong></span> <span class='ocrx_word' id='word_1_212' title='bbox 831 1757 1005 1814; x_wconf 79' lang='grc' dir='ltr'>ταῦτα</span> <span class='ocrx_word' id='word_1_213' title='bbox 1046 1761 1413 1835; x_wconf 83' lang='grc' dir='ltr'>ἀπεδεξάμην.</span> <span class='ocrx_word' id='word_1_214' title='bbox 1483 1764 1686 1821; x_wconf 84' lang='grc' dir='ltr'>Ἐκεῖνο</span> 
     </span>
    </p>
   </div>
   <div class='ocr_carea' id='block_1_30' title="bbox 1805 1752 3357 1841">
    <p class='ocr_par' dir='ltr' id='par_1_30' title="bbox 1805 1768 3357 1841">
     <span class='ocr_line' id='line_1_30' title="bbox 1805 1768 3357 1841; baseline 0 -15"><span class='ocrx_word' id='word_1_215' title='bbox 1805 1772 1950 1826; x_wconf 79' lang='lat' dir='ltr'><strong>:tiam</strong></span> <span class='ocrx_word' id='word_1_216' title='bbox 1997 1771 2133 1824; x_wconf 87' lang='lat' dir='ltr'><strong>mihi</strong></span> <span class='ocrx_word' id='word_1_217' title='bbox 2181 1770 2407 1840; x_wconf 88' lang='lat' dir='ltr'><strong>probata</strong></span> <span class='ocrx_word' id='word_1_218' title='bbox 2449 1778 2600 1825; x_wconf 84' lang='lat' dir='ltr'><strong>sunt.</strong></span> <span class='ocrx_word' id='word_1_219' title='bbox 2635 1768 2773 1824; x_wconf 88' lang='lat' dir='ltr'><strong>Illud</strong></span> <span class='ocrx_word' id='word_1_220' title='bbox 2804 1786 2935 1825; x_wconf 85' lang='lat' dir='ltr'><strong>vero</strong></span> <span class='ocrx_word' id='word_1_221' title='bbox 2963 1786 3072 1826; x_wconf 91' lang='lat' dir='ltr'><strong>non</strong></span> <span class='ocrx_word' id='word_1_222' title='bbox 3098 1772 3211 1841; x_wconf 83' lang='lat' dir='ltr'><strong>jam</strong></span> <span class='ocrx_word' id='word_1_223' title='bbox 3261 1780 3357 1832; x_wconf 85' lang='lat' dir='ltr'><strong>tua</strong></span> 
     </span>
    </p>
   </div>
   <div class='ocr_carea' id='block_1_31' title="bbox 153 1837 1698 1931">
    <p class='ocr_par' dir='ltr' id='par_1_31' title="bbox 153 1846 1686 1924">
     <span class='ocr_line' id='line_1_31' title="bbox 153 1846 1686 1924; baseline 0.009 -26"><span class='ocrx_word' id='word_1_224' title='bbox 220 1846 380 1900; x_wconf 75' lang='grc' dir='ltr'>οὐκέτι</span> <span class='ocrx_word' id='word_1_225' title='bbox 410 1848 508 1918; x_wconf 83' lang='grc' dir='ltr'>τῆς</span> <span class='ocrx_word' id='word_1_226' title='bbox 540 1849 642 1920; x_wconf 81' lang='grc' dir='ltr'>σῆς</span> <span class='ocrx_word' id='word_1_227' title='bbox 672 1850 899 1920; x_wconf 81' lang='grc' dir='ltr'>ἐνόμισα</span> <span class='ocrx_word' id='word_1_228' title='bbox 933 1848 1071 1906; x_wconf 82' lang='grc' dir='ltr'>εἶναι</span> <span class='ocrx_word' id='word_1_229' title='bbox 1101 1853 1367 1919; x_wconf 84' lang='grc' dir='ltr'>συνέσεως</span> <span class='ocrx_word' id='word_1_230' title='bbox 1400 1855 1549 1924; x_wconf 77' lang='grc' dir='ltr'>ἄξιον</span> <span class='ocrx_word' id='word_1_231' title='bbox 1574 1899 1589 1923; x_wconf 92' lang='grc'><strong>,</strong></span> <span class='ocrx_word' id='word_1_232' title='bbox 1625 1859 1686 1912; x_wconf 86' lang='grc' dir='ltr'><strong>τὸ</strong></span> 
     </span>
    </p>
   </div>
   <div class='ocr_carea' id='block_1_32' title="bbox 1805 1837 3357 1931">
    <p class='ocr_par' dir='ltr' id='par_1_32' title="bbox 1811 1837 3357 1930">
     <span class='ocr_line' id='line_1_32' title="bbox 1811 1837 3357 1930; baseline 0 -15"><span class='ocrx_word' id='word_1_233' title='bbox 1811 1860 2025 1915; x_wconf 90' lang='lat' dir='ltr'><strong>udicavi</strong></span> <span class='ocrx_word' id='word_1_234' title='bbox 2052 1837 2490 1930; x_wconf 49' lang='lat' dir='ltr'><strong>esse—prudentia</strong></span> <span class='ocrx_word' id='word_1_235' title='bbox 2517 1860 2762 1929; x_wconf 88' lang='lat' dir='ltr'><strong>dignum,</strong></span> <span class='ocrx_word' id='word_1_236' title='bbox 2797 1859 2943 1930; x_wconf 92' lang='lat' dir='ltr'><strong>quod</strong></span> <span class='ocrx_word' id='word_1_237' title='bbox 2973 1837 3130 1916; x_wconf 79' lang='lat' dir='ltr'><strong>nobis</strong></span> <span class='ocrx_word' id='word_1_238' title='bbox 3160 1860 3357 1915; x_wconf 88' lang='lat' dir='ltr'><strong>barum</strong></span> 
     </span>
    </p>
   </div>
   <div class='ocr_carea' id='block_1_33' title="bbox 157 1939 1698 2030">
    <p class='ocr_par' dir='ltr' id='par_1_33' title="bbox 157 1939 1687 2022">
     <span class='ocr_line' id='line_1_33' title="bbox 157 1939 1687 2022; baseline 0.009 -32"><span class='ocrx_word' id='word_1_239' title='bbox 157 1939 261 2006; x_wconf 78' lang='grc' dir='ltr'>ἡμῖν</span> <span class='ocrx_word' id='word_1_240' title='bbox 285 1939 374 2010; x_wconf 81' lang='grc' dir='ltr'><strong>τὴν</strong></span> <span class='ocrx_word' id='word_1_241' title='bbox 423 1941 551 2012; x_wconf 75' lang='grc' dir='ltr'>περὶ</span> <span class='ocrx_word' id='word_1_242' title='bbox 601 1940 714 1995; x_wconf 85' lang='grc' dir='ltr'><strong>τῶν</strong></span> <span class='ocrx_word' id='word_1_243' title='bbox 765 1943 1097 2014; x_wconf 79' lang='grc' dir='ltr'>τηλικούτων</span> <span class='ocrx_word' id='word_1_244' title='bbox 1147 1946 1432 2018; x_wconf 76' lang='grc' dir='ltr'>διόρθωσιν</span> <span class='ocrx_word' id='word_1_245' title='bbox 1466 1951 1687 2022; x_wconf 78' lang='grc' dir='ltr'>ἐπιτρέ-</span> 
     </span>
    </p>
   </div>
   <div class='ocr_carea' id='block_1_34' title="bbox 1805 1939 3359 2030">
    <p class='ocr_par' dir='ltr' id='par_1_34' title="bbox 1805 1950 3359 2023">
     <span class='ocr_line' id='line_1_34' title="bbox 1805 1950 3359 2023; baseline 0 -16"><span class='ocrx_word' id='word_1_246' title='bbox 1805 1967 1972 2007; x_wconf 83' lang='lat' dir='ltr'><strong>&#39;erum</strong></span> <span class='ocrx_word' id='word_1_247' title='bbox 2007 1951 2445 2007; x_wconf 86' lang='lat' dir='ltr'><strong>emendationem</strong></span> <span class='ocrx_word' id='word_1_248' title='bbox 2488 1951 2856 2023; x_wconf 71' lang='lat' dir='ltr'><strong>commiseris,</strong></span> <span class='ocrx_word' id='word_1_249' title='bbox 2901 1950 3217 2006; x_wconf 86' lang='lat' dir='ltr'><strong>hominibus</strong></span> <span class='ocrx_word' id='word_1_250' title='bbox 3263 1966 3359 2007; x_wconf 88' lang='lat' dir='ltr'><strong>ne-</strong></span> 
     </span>
    </p>
   </div>
   <div class='ocr_carea' id='block_1_35' title="bbox 156 2031 1690 2112">
    <p class='ocr_par' dir='ltr' id='par_1_35' title="bbox 156 2031 1690 2112">
     <span class='ocr_line' id='line_1_35' title="bbox 156 2031 1690 2112; baseline 0.01 -30"><span class='ocrx_word' id='word_1_251' title='bbox 156 2048 278 2097; x_wconf 82' lang='grc' dir='ltr'>πειν,</span> <span class='ocrx_word' id='word_1_252' title='bbox 328 2031 640 2104; x_wconf 82' lang='grc' dir='ltr'>ἀνθρώποις</span> <span class='ocrx_word' id='word_1_253' title='bbox 672 2034 794 2088; x_wconf 84' lang='grc' dir='ltr'>οὔτε</span> <span class='ocrx_word' id='word_1_254' title='bbox 835 2036 1019 2109; x_wconf 87' lang='grc' dir='ltr'>χάριτι</span> <span class='ocrx_word' id='word_1_255' title='bbox 1065 2039 1200 2093; x_wconf 83' lang='grc' dir='ltr'>Θεοῦ</span> <span class='ocrx_word' id='word_1_256' title='bbox 1243 2042 1529 2112; x_wconf 81' lang='grc' dir='ltr'>ἀγομένοις</span> <span class='ocrx_word' id='word_1_257' title='bbox 1553 2083 1568 2108; x_wconf 93' lang='grc'><strong>,</strong></span> <span class='ocrx_word' id='word_1_258' title='bbox 1602 2044 1690 2098; x_wconf 76' lang='grc' dir='ltr'>διὰ</span> 
     </span>
    </p>
   </div>
   <div class='ocr_carea' id='block_1_36' title="bbox 154 2123 1690 2207">
    <p class='ocr_par' dir='ltr' id='par_1_36' title="bbox 154 2123 1690 2207">
     <span class='ocr_line' id='line_1_36' title="bbox 154 2123 1690 2207; baseline 0.01 -31"><span class='ocrx_word' id='word_1_259' title='bbox 154 2123 495 2197; x_wconf 76' lang='grc' dir='ltr'>τὺάμαρτίαις</span> <span class='ocrx_word' id='word_1_260' title='bbox 539 2124 713 2199; x_wconf 75' lang='grc' dir='ltr'>συζῇν</span> <span class='ocrx_word' id='word_1_261' title='bbox 744 2170 759 2196; x_wconf 90' lang='grc'><strong>,</strong></span> <span class='ocrx_word' id='word_1_262' title='bbox 801 2128 925 2183; x_wconf 75' lang='grc' dir='ltr'>οὔτε</span> <span class='ocrx_word' id='word_1_263' title='bbox 977 2130 1100 2185; x_wconf 84' lang='grc' dir='ltr'><strong>τινά</strong></span> <span class='ocrx_word' id='word_1_264' title='bbox 1158 2135 1518 2206; x_wconf 80' lang='grc' dir='ltr'>κεκτημένοις</span> <span class='ocrx_word' id='word_1_265' title='bbox 1563 2139 1690 2207; x_wconf 77' lang='grc' dir='ltr'>περὶ</span> 
     </span>
    </p>
   </div>
   <div class='ocr_carea' id='block_1_37' title="bbox 156 2215 1691 2297">
    <p class='ocr_par' dir='ltr' id='par_1_37' title="bbox 156 2215 1691 2297">
     <span class='ocr_line' id='line_1_37' title="bbox 156 2215 1691 2297; baseline 0.01 -31"><span class='ocrx_word' id='word_1_266' title='bbox 156 2215 254 2279; x_wconf 72' lang='grc' dir='ltr'>τοὺς</span> <span class='ocrx_word' id='word_1_267' title='bbox 287 2216 464 2285; x_wconf 84' lang='grc' dir='ltr'>λόγους</span> <span class='ocrx_word' id='word_1_268' title='bbox 490 2218 756 2290; x_wconf 87' lang='grc' dir='ltr'>δύναμιν,</span> <span class='ocrx_word' id='word_1_269' title='bbox 801 2219 889 2275; x_wconf 81' lang='grc' dir='ltr'><strong>διὰ</strong></span> <span class='ocrx_word' id='word_1_270' title='bbox 913 2223 974 2275; x_wconf 85' lang='grc' dir='ltr'><strong>τὸ</strong></span> <span class='ocrx_word' id='word_1_271' title='bbox 1001 2220 1109 2276; x_wconf 83' lang='grc' dir='ltr'>τῶν</span> <span class='ocrx_word' id='word_1_272' title='bbox 1141 2223 1241 2294; x_wconf 81' lang='grc' dir='ltr'><strong>μὲν</strong></span> <span class='ocrx_word' id='word_1_273' title='bbox 1282 2226 1526 2295; x_wconf 83' lang='grc' dir='ltr'>ματαίων</span> <span class='ocrx_word' id='word_1_274' title='bbox 1561 2228 1691 2297; x_wconf 89' lang='grc' dir='ltr'>ἀγα-</span> 
     </span>
    </p>
   </div>
   <div class='ocr_carea' id='block_1_38' title="bbox 157 2307 1692 2391">
    <p class='ocr_par' dir='ltr' id='par_1_38' title="bbox 157 2307 1692 2391">
     <span class='ocr_line' id='line_1_38' title="bbox 157 2307 1692 2391; baseline 0.012 -33"><span class='ocrx_word' id='word_1_275' title='bbox 157 2307 309 2377; x_wconf 79' lang='grc' dir='ltr'>πητῶς</span> <span class='ocrx_word' id='word_1_276' title='bbox 340 2309 410 2378; x_wconf 81' lang='grc'>(1)</span> <span class='ocrx_word' id='word_1_277' title='bbox 451 2310 786 2382; x_wconf 83' lang='grc' dir='ltr'>ἀποστῆναι,</span> <span class='ocrx_word' id='word_1_278' title='bbox 840 2314 948 2368; x_wconf 84' lang='grc' dir='ltr'><strong>τῶν</strong></span> <span class='ocrx_word' id='word_1_279' title='bbox 978 2315 1036 2369; x_wconf 83' lang='grc' dir='ltr'>δὲ</span> <span class='ocrx_word' id='word_1_280' title='bbox 1065 2318 1163 2387; x_wconf 81' lang='grc' dir='ltr'>τῆς</span> <span class='ocrx_word' id='word_1_281' title='bbox 1198 2317 1456 2388; x_wconf 76' lang='grc' dir='ltr'>ἀληθείας</span> <span class='ocrx_word' id='word_1_282' title='bbox 1489 2320 1692 2391; x_wconf 85' lang='grc' dir='ltr'>δογμά-</span> 
     </span>
    </p>
   </div>
   <div class='ocr_carea' id='block_1_39' title="bbox 156 2403 1690 2479">
    <p class='ocr_par' dir='ltr' id='par_1_39' title="bbox 156 2403 1690 2479">
     <span class='ocr_line' id='line_1_39' title="bbox 156 2403 1690 2479; baseline 0.011 -28"><span class='ocrx_word' id='word_1_283' title='bbox 156 2416 241 2452; x_wconf 85' lang='grc' dir='ltr'><strong>των</strong></span> <span class='ocrx_word' id='word_1_284' title='bbox 286 2403 438 2473; x_wconf 93' lang='grc' dir='ltr'>μήπω</span> <span class='ocrx_word' id='word_1_285' title='bbox 472 2405 573 2473; x_wconf 81' lang='grc' dir='ltr'><strong>τὴν</strong></span> <span class='ocrx_word' id='word_1_286' title='bbox 611 2407 994 2477; x_wconf 86' lang='grc' dir='ltr'>προσήκουσαν</span> <span class='ocrx_word' id='word_1_287' title='bbox 1026 2408 1139 2479; x_wconf 70' lang='grc' dir='ltr'>ἕξιν</span> <span class='ocrx_word' id='word_1_288' title='bbox 1206 2410 1514 2466; x_wconf 78' lang='grc' dir='ltr'>ἀναλαῦεῖν.</span> <span class='ocrx_word' id='word_1_289' title='bbox 1561 2414 1690 2467; x_wconf 84' lang='grc' dir='ltr'><strong>Ἐπ-</strong></span> 
     </span>
    </p>
   </div>
   <div class='ocr_carea' id='block_1_40' title="bbox 156 2491 1688 2578">
    <p class='ocr_par' dir='ltr' id='par_1_40' title="bbox 156 2491 1688 2578">
     <span class='ocr_line' id='line_1_40' title="bbox 156 2491 1688 2578; baseline 0.012 -35"><span class='ocrx_word' id='word_1_290' title='bbox 156 2493 431 2565; x_wconf 79' lang='grc' dir='ltr'>ιπείλαμεν</span> <span class='ocrx_word' id='word_1_291' title='bbox 475 2491 568 2551; x_wconf 79' lang='grc' dir='ltr'><strong>οὖν</strong></span> <span class='ocrx_word' id='word_1_292' title='bbox 595 2499 697 2570; x_wconf 80' lang='grc' dir='ltr'><strong>ήδη</strong></span> <span class='ocrx_word' id='word_1_293' title='bbox 738 2503 848 2564; x_wconf 88' lang='grc' dir='ltr'>τοῖς</span> <span class='ocrx_word' id='word_1_294' title='bbox 898 2502 1198 2572; x_wconf 78' lang='grc' dir='ltr'>ἀγαπητοῖς</span> <span class='ocrx_word' id='word_1_295' title='bbox 1232 2504 1480 2575; x_wconf 77' lang='grc' dir='ltr'>ἀδελφοῖς</span> <span class='ocrx_word' id='word_1_296' title='bbox 1510 2508 1688 2578; x_wconf 82' lang='grc' dir='ltr'>ήμῶν,</span> 
     </span>
    </p>
   </div>
   <div class='ocr_carea' id='block_1_41' title="bbox 157 2585 1692 2670">
    <p class='ocr_par' dir='ltr' id='par_1_41' title="bbox 157 2585 1692 2670">
     <span class='ocr_line' id='line_1_41' title="bbox 157 2585 1692 2670; baseline 0.013 -37"><span class='ocrx_word' id='word_1_297' title='bbox 157 2585 246 2646; x_wconf 85' lang='grc' dir='ltr'>τοῖς</span> <span class='ocrx_word' id='word_1_298' title='bbox 266 2586 394 2639; x_wconf 87' lang='grc' dir='ltr'><strong>κατά</strong></span> <span class='ocrx_word' id='word_1_299' title='bbox 416 2587 506 2641; x_wconf 80' lang='grc' dir='ltr'><strong>τὸν</strong></span> <span class='ocrx_word' id='word_1_300' title='bbox 550 2590 819 2645; x_wconf 80' lang='grc' dir='ltr'>Ἐλαιῶνα</span> <span class='ocrx_word' id='word_1_301' title='bbox 842 2632 857 2656; x_wconf 93' lang='grc'><strong>,</strong></span> <span class='ocrx_word' id='word_1_302' title='bbox 898 2593 1184 2665; x_wconf 76' lang='grc' dir='ltr'>Παλλαδίῳ</span> <span class='ocrx_word' id='word_1_303' title='bbox 1222 2595 1298 2666; x_wconf 72' lang='grc' dir='ltr'>τῷ</span> <span class='ocrx_word' id='word_1_304' title='bbox 1323 2598 1576 2670; x_wconf 78' lang='grc' dir='ltr'>ἡμετέρῳ</span> <span class='ocrx_word' id='word_1_305' title='bbox 1599 2601 1692 2653; x_wconf 79' lang='grc' dir='ltr'><strong>καὶ</strong></span> 
     </span>
    </p>
   </div>
   <div class='ocr_carea' id='block_1_42' title="bbox 166 2676 1691 2765">
    <p class='ocr_par' dir='ltr' id='par_1_42' title="bbox 166 2676 1691 2765">
     <span class='ocr_line' id='line_1_42' title="bbox 166 2676 1691 2765; baseline 0.012 -36"><span class='ocrx_word' id='word_1_306' title='bbox 166 2676 454 2749; x_wconf 80' lang='grc' dir='ltr'>Ἰννοκεντίῳ</span> <span class='ocrx_word' id='word_1_307' title='bbox 483 2682 561 2753; x_wconf 76' lang='lat'><strong>(2)</strong></span> <span class='ocrx_word' id='word_1_308' title='bbox 586 2682 666 2754; x_wconf 83' lang='grc' dir='ltr'><strong>τῷ</strong></span> <span class='ocrx_word' id='word_1_309' title='bbox 699 2684 882 2756; x_wconf 78' lang='grc' dir='ltr'>Ἰταλῷ</span> <span class='ocrx_word' id='word_1_310' title='bbox 902 2725 916 2749; x_wconf 91' lang='grc'><strong>,</strong></span> <span class='ocrx_word' id='word_1_311' title='bbox 947 2686 1080 2758; x_wconf 84' lang='grc' dir='ltr'>πρὸς</span> <span class='ocrx_word' id='word_1_312' title='bbox 1100 2687 1168 2741; x_wconf 84' lang='grc' dir='ltr'>τὰ</span> <span class='ocrx_word' id='word_1_313' title='bbox 1196 2690 1326 2760; x_wconf 84' lang='grc' dir='ltr'>παρ’</span> <span class='ocrx_word' id='word_1_314' title='bbox 1353 2692 1530 2746; x_wconf 77' lang='grc' dir='ltr'>αὐτῶν</span> <span class='ocrx_word' id='word_1_315' title='bbox 1560 2695 1691 2765; x_wconf 80' lang='grc' dir='ltr'>ἡμῖν</span> 
     </span>
    </p>
   </div>
   <div class='ocr_carea' id='block_1_43' title="bbox 157 2770 1692 2852">
    <p class='ocr_par' dir='ltr' id='par_1_43' title="bbox 157 2770 1692 2852">
     <span class='ocr_line' id='line_1_43' title="bbox 157 2770 1692 2852; baseline 0.012 -32"><span class='ocrx_word' id='word_1_316' title='bbox 157 2770 492 2843; x_wconf 77' lang='grc' dir='ltr'>ἐπεσταλμένα</span> <span class='ocrx_word' id='word_1_317' title='bbox 516 2791 529 2804; x_wconf 90' lang='grc'><strong>·</strong></span> <span class='ocrx_word' id='word_1_318' title='bbox 567 2775 651 2828; x_wconf 79' lang='grc' dir='ltr'><strong>ὃτι</strong></span> <span class='ocrx_word' id='word_1_319' title='bbox 684 2777 838 2830; x_wconf 73' lang='grc' dir='ltr'>οὐδὲν</span> <span class='ocrx_word' id='word_1_320' title='bbox 881 2778 1160 2850; x_wconf 82' lang='grc' dir='ltr'>δυνάμεθα</span> <span class='ocrx_word' id='word_1_321' title='bbox 1187 2785 1252 2852; x_wconf 83' lang='grc' dir='ltr'>τῇ</span> <span class='ocrx_word' id='word_1_322' title='bbox 1294 2783 1435 2836; x_wconf 81' lang='grc' dir='ltr'>κατὰ</span> <span class='ocrx_word' id='word_1_323' title='bbox 1462 2784 1692 2839; x_wconf 84' lang='grc' dir='ltr'>Νίκαιαν</span> 
     </span>
    </p>
   </div>
   <div class='ocr_carea' id='block_1_44' title="bbox 157 2860 1690 2947">
    <p class='ocr_par' dir='ltr' id='par_1_44' title="bbox 157 2860 1690 2947">
     <span class='ocr_line' id='line_1_44' title="bbox 157 2860 1690 2947; baseline 0.012 -34"><span class='ocrx_word' id='word_1_324' title='bbox 157 2860 302 2947; x_wconf 68' lang='grc' dir='ltr'>πίστει</span> <span class='ocrx_word' id='word_1_325' title='bbox 362 2868 710 2937; x_wconf 84' lang='grc' dir='ltr'>προστιθέναι</span> <span class='ocrx_word' id='word_1_326' title='bbox 767 2872 929 2941; x_wconf 78' lang='grc' dir='ltr'>ἡμεῖς</span> <span class='ocrx_word' id='word_1_327' title='bbox 960 2911 974 2935; x_wconf 92' lang='grc'><strong>,</strong></span> <span class='ocrx_word' id='word_1_328' title='bbox 1033 2871 1153 2925; x_wconf 77' lang='grc' dir='ltr'>οὐδὲ</span> <span class='ocrx_word' id='word_1_329' title='bbox 1212 2873 1272 2926; x_wconf 85' lang='grc' dir='ltr'>τὸ</span> <span class='ocrx_word' id='word_1_330' title='bbox 1337 2874 1690 2947; x_wconf 82' lang='grc' dir='ltr'>βραχύτατον,</span> 
     </span>
    </p>
   </div>
   <div class='ocr_carea' id='block_1_45' title="bbox 159 2936 1694 3035">
    <p class='ocr_par' dir='ltr' id='par_1_45' title="bbox 159 2936 1694 3035">
     <span class='ocr_line' id='line_1_45' title="bbox 159 2936 1694 3035; baseline 0.012 -30"><span class='ocrx_word' id='word_1_331' title='bbox 159 2936 270 3025; x_wconf 47' lang='grc' dir='ltr'>πλήν</span> <span class='ocrx_word' id='word_1_332' title='bbox 303 2936 413 3027; x_wconf 3' lang='grc' dir='ltr'>τῆς)</span> <span class='ocrx_word' id='word_1_333' title='bbox 443 2961 522 3024; x_wconf 83' lang='grc' dir='ltr'>εἰς</span> <span class='ocrx_word' id='word_1_334' title='bbox 561 2959 624 3012; x_wconf 86' lang='grc' dir='ltr'>τὸ</span> <span class='ocrx_word' id='word_1_335' title='bbox 669 2936 892 3031; x_wconf 29' lang='grc' dir='ltr'>Πνεύνμα</span> <span class='ocrx_word' id='word_1_336' title='bbox 928 2964 989 3015; x_wconf 80' lang='grc' dir='ltr'><strong>τὸ</strong></span> <span class='ocrx_word' id='word_1_337' title='bbox 1034 2963 1189 3032; x_wconf 84' lang='grc' dir='ltr'>ἇγιον</span> <span class='ocrx_word' id='word_1_338' title='bbox 1235 2936 1571 3035; x_wconf 64' lang='grc' dir='ltr'>δοξολογίας,</span> <span class='ocrx_word' id='word_1_339' title='bbox 1605 2936 1694 3024; x_wconf 72' lang='grc' dir='ltr'><strong>διά</strong></span> 
     </span>
    </p>
   </div>
   <div class='ocr_carea' id='block_1_46' title="bbox 156 3042 1698 3127">
    <p class='ocr_par' dir='ltr' id='par_1_46' title="bbox 156 3042 1692 3124">
     <span class='ocr_line' id='line_1_46' title="bbox 156 3042 1692 3124; baseline 0.009 -29"><span class='ocrx_word' id='word_1_340' title='bbox 156 3042 203 3095; x_wconf 73' lang='grc' dir='ltr'>τὸ</span> <span class='ocrx_word' id='word_1_341' title='bbox 239 3045 287 3097; x_wconf 81' lang='grc' dir='ltr'>ἑν</span> <span class='ocrx_word' id='word_1_342' title='bbox 321 3049 643 3120; x_wconf 82' lang='grc' dir='ltr'>παραδρομῇ</span> <span class='ocrx_word' id='word_1_343' title='bbox 700 3052 826 3114; x_wconf 73' lang='grc' dir='ltr'>τοὺς</span> <span class='ocrx_word' id='word_1_344' title='bbox 884 3051 1127 3123; x_wconf 83' lang='grc' dir='ltr'>πατέρας</span> <span class='ocrx_word' id='word_1_345' title='bbox 1180 3054 1337 3124; x_wconf 78' lang='grc' dir='ltr'>ἡμῶν</span> <span class='ocrx_word' id='word_1_346' title='bbox 1377 3053 1567 3108; x_wconf 88' lang='grc' dir='ltr'>τούτου</span> <span class='ocrx_word' id='word_1_347' title='bbox 1598 3056 1692 3110; x_wconf 80' lang='grc' dir='ltr'>τοῦ</span> 
     </span>
    </p>
   </div>
   <div class='ocr_carea' id='block_1_47' title="bbox 1805 3042 3367 3127">
    <p class='ocr_par' dir='ltr' id='par_1_47' title="bbox 1805 3049 3367 3127">
     <span class='ocr_line' id='line_1_47' title="bbox 1805 3049 3367 3127; baseline -0.004 -16"><span class='ocrx_word' id='word_1_348' title='bbox 1805 3056 2117 3127; x_wconf 69' lang='lat' dir='ltr'><strong>quaestione.</strong></span> <span class='ocrx_word' id='word_1_349' title='bbox 2170 3055 2301 3122; x_wconf 68' lang='lat' dir='ltr'><strong>Qum</strong></span> <span class='ocrx_word' id='word_1_350' title='bbox 2352 3063 2536 3110; x_wconf 90' lang='lat' dir='ltr'><strong>autem</strong></span> <span class='ocrx_word' id='word_1_351' title='bbox 2590 3054 2921 3109; x_wconf 75' lang='lat' dir='ltr'><strong>adtexuutur</strong></span> <span class='ocrx_word' id='word_1_352' title='bbox 2958 3051 3087 3106; x_wconf 86' lang='lat' dir='ltr'><strong>huic</strong></span> <span class='ocrx_word' id='word_1_353' title='bbox 3113 3049 3236 3105; x_wconf 84' lang='lat' dir='ltr'><strong>fidei</strong></span> <span class='ocrx_word' id='word_1_354' title='bbox 3266 3049 3367 3105; x_wconf 88' lang='lat' dir='ltr'><strong>do-</strong></span> 
     </span>
    </p>
   </div>
   <div class='ocr_carea' id='block_1_48' title="bbox 159 3135 1698 3230">
    <p class='ocr_par' dir='ltr' id='par_1_48' title="bbox 159 3135 1695 3220">
     <span class='ocr_line' id='line_1_48' title="bbox 159 3135 1695 3220; baseline 0.008 -32"><span class='ocrx_word' id='word_1_355' title='bbox 159 3135 325 3206; x_wconf 79' lang='grc' dir='ltr'>μέρους</span> <span class='ocrx_word' id='word_1_356' title='bbox 357 3139 801 3211; x_wconf 77' lang='grc' dir='ltr'>ἐπιμνησθῆναι·</span> <span class='ocrx_word' id='word_1_357' title='bbox 837 3140 990 3196; x_wconf 79' lang='grc' dir='ltr'>οὔπω</span> <span class='ocrx_word' id='word_1_358' title='bbox 1027 3142 1121 3197; x_wconf 79' lang='grc' dir='ltr'>τοῦ</span> <span class='ocrx_word' id='word_1_359' title='bbox 1175 3144 1295 3198; x_wconf 85' lang='grc' dir='ltr'>κατ’</span> <span class='ocrx_word' id='word_1_360' title='bbox 1348 3146 1479 3200; x_wconf 80' lang='grc' dir='ltr'>αὐτὸ</span> <span class='ocrx_word' id='word_1_361' title='bbox 1530 3146 1695 3220; x_wconf 80' lang='grc' dir='ltr'>ζητή-</span> 
     </span>
    </p>
   </div>
   <div class='ocr_carea' id='block_1_49' title="bbox 1805 3135 3369 3230">
    <p class='ocr_par' dir='ltr' id='par_1_49' title="bbox 1805 3143 3369 3220">
     <span class='ocr_line' id='line_1_49' title="bbox 1805 3143 3369 3220; baseline -0.003 -17"><span class='ocrx_word' id='word_1_362' title='bbox 1805 3157 2009 3220; x_wconf 74' lang='lat' dir='ltr'><strong>gtnata,</strong></span> <span class='ocrx_word' id='word_1_363' title='bbox 2037 3148 2105 3204; x_wconf 89' lang='lat' dir='ltr'><strong>de</strong></span> <span class='ocrx_word' id='word_1_364' title='bbox 2144 3147 2364 3203; x_wconf 85' lang='lat' dir='ltr'><strong>Domini</strong></span> <span class='ocrx_word' id='word_1_365' title='bbox 2396 3145 2810 3211; x_wconf 87' lang='lat' dir='ltr'><strong>lncarnatione,</strong></span> <span class='ocrx_word' id='word_1_366' title='bbox 2844 3161 2910 3200; x_wconf 89' lang='lat' dir='ltr'><strong>ea</strong></span> <span class='ocrx_word' id='word_1_367' title='bbox 2937 3153 2997 3199; x_wconf 92' lang='lat' dir='ltr'><strong>ut</strong></span> <span class='ocrx_word' id='word_1_368' title='bbox 3028 3143 3229 3198; x_wconf 83' lang='lat' dir='ltr'><strong>altiora</strong></span> <span class='ocrx_word' id='word_1_369' title='bbox 3270 3156 3369 3199; x_wconf 86' lang='lat' dir='ltr'><strong>no-</strong></span> 
     </span>
    </p>
   </div>
   <div class='ocr_carea' id='block_1_50' title="bbox 160 3228 1698 3311">
    <p class='ocr_par' dir='ltr' id='par_1_50' title="bbox 160 3228 1689 3311">
     <span class='ocr_line' id='line_1_50' title="bbox 160 3228 1689 3311; baseline 0.01 -33"><span class='ocrx_word' id='word_1_370' title='bbox 160 3239 297 3291; x_wconf 84' lang='grc' dir='ltr'>ματος</span> <span class='ocrx_word' id='word_1_371' title='bbox 329 3228 434 3281; x_wconf 85' lang='grc' dir='ltr'>τότε</span> <span class='ocrx_word' id='word_1_372' title='bbox 462 3231 852 3302; x_wconf 77' lang='grc' dir='ltr'>κεκινημένου.</span> <span class='ocrx_word' id='word_1_373' title='bbox 892 3231 973 3285; x_wconf 83' lang='grc' dir='ltr'><strong>Τά</strong></span> <span class='ocrx_word' id='word_1_374' title='bbox 999 3232 1057 3285; x_wconf 78' lang='grc' dir='ltr'>δὲ</span> <span class='ocrx_word' id='word_1_375' title='bbox 1108 3236 1583 3308; x_wconf 80' lang='grc' dir='ltr'>προσυφαινόμενα</span> <span class='ocrx_word' id='word_1_376' title='bbox 1615 3240 1689 3311; x_wconf 78' lang='lat'><strong>(5)</strong></span> 
     </span>
    </p>
   </div>
   <div class='ocr_carea' id='block_1_51' title="bbox 1805 3228 3370 3311">
    <p class='ocr_par' dir='ltr' id='par_1_51' title="bbox 1805 3238 3370 3310">
     <span class='ocr_line' id='line_1_51' title="bbox 1805 3238 3370 3310; baseline -0.004 -13"><span class='ocrx_word' id='word_1_377' title='bbox 1805 3248 1909 3297; x_wconf 78' lang='lat' dir='ltr'><strong>stra</strong></span> <span class='ocrx_word' id='word_1_378' title='bbox 1927 3241 2300 3310; x_wconf 80' lang='lat' dir='ltr'><strong>intelligentia,</strong></span> <span class='ocrx_word' id='word_1_379' title='bbox 2323 3255 2503 3309; x_wconf 89' lang='lat' dir='ltr'><strong>neque</strong></span> <span class='ocrx_word' id='word_1_380' title='bbox 2522 3238 2978 3302; x_wconf 81' lang='lat' dir='ltr'><strong>examinavimus,</strong></span> <span class='ocrx_word' id='word_1_381' title='bbox 3008 3250 3188 3307; x_wconf 91' lang='lat' dir='ltr'><strong>neque</strong></span> <span class='ocrx_word' id='word_1_382' title='bbox 3214 3248 3370 3291; x_wconf 85' lang='lat' dir='ltr'><strong>rece-</strong></span> 
     </span>
    </p>
   </div>
   <div class='ocr_carea' id='block_1_52' title="bbox 158 3317 1698 3403">
    <p class='ocr_par' dir='ltr' id='par_1_52' title="bbox 158 3317 1691 3403">
     <span class='ocr_line' id='line_1_52' title="bbox 158 3317 1691 3403; baseline 0.01 -33"><span class='ocrx_word' id='word_1_383' title='bbox 158 3317 209 3385; x_wconf 81' lang='grc' dir='ltr'>τῇ</span> <span class='ocrx_word' id='word_1_384' title='bbox 252 3317 415 3373; x_wconf 79' lang='grc' dir='ltr'>πίστει</span> <span class='ocrx_word' id='word_1_385' title='bbox 457 3323 648 3395; x_wconf 78' lang='grc' dir='ltr'>ἐκείνῃ</span> <span class='ocrx_word' id='word_1_386' title='bbox 702 3322 949 3394; x_wconf 84' lang='grc' dir='ltr'>δόγματα</span> <span class='ocrx_word' id='word_1_387' title='bbox 1000 3326 1128 3398; x_wconf 75' lang='grc' dir='ltr'>περὶ</span> <span class='ocrx_word' id='word_1_388' title='bbox 1187 3328 1285 3399; x_wconf 81' lang='grc' dir='ltr'>τῆς</span> <span class='ocrx_word' id='word_1_389' title='bbox 1338 3328 1431 3382; x_wconf 79' lang='grc' dir='ltr'>τοῦ</span> <span class='ocrx_word' id='word_1_390' title='bbox 1486 3331 1691 3403; x_wconf 82' lang='grc' dir='ltr'>Κυρίου</span> 
     </span>
    </p>
   </div>
   <div class='ocr_carea' id='block_1_53' title="bbox 1805 3317 3372 3403">
    <p class='ocr_par' dir='ltr' id='par_1_53' title="bbox 1805 3326 3372 3401">
     <span class='ocr_line' id='line_1_53' title="bbox 1805 3326 3372 3401; baseline -0.001 -16"><span class='ocrx_word' id='word_1_391' title='bbox 1805 3333 2010 3401; x_wconf 82' lang='lat' dir='ltr'><strong>pimus:</strong></span> <span class='ocrx_word' id='word_1_392' title='bbox 2048 3332 2305 3396; x_wconf 86' lang='lat' dir='ltr'><strong>scientes,</strong></span> <span class='ocrx_word' id='word_1_393' title='bbox 2344 3330 2436 3386; x_wconf 93' lang='lat' dir='ltr'><strong>ubi</strong></span> <span class='ocrx_word' id='word_1_394' title='bbox 2454 3328 2858 3400; x_wconf 88' lang='lat' dir='ltr'><strong>simplicitatem</strong></span> <span class='ocrx_word' id='word_1_395' title='bbox 2896 3327 3019 3383; x_wconf 82' lang='lat' dir='ltr'><strong>fidei</strong></span> <span class='ocrx_word' id='word_1_396' title='bbox 3049 3326 3217 3383; x_wconf 87' lang='lat' dir='ltr'><strong>semel</strong></span> <span class='ocrx_word' id='word_1_397' title='bbox 3247 3342 3372 3383; x_wconf 84' lang='lat' dir='ltr'><strong>sus-</strong></span> 
     </span>
    </p>
   </div>
   <div class='ocr_carea' id='block_1_54' title="bbox 160 3408 1698 3494">
    <p class='ocr_par' dir='ltr' id='par_1_54' title="bbox 160 3408 1693 3494">
     <span class='ocr_line' id='line_1_54' title="bbox 160 3408 1693 3494; baseline 0.012 -37"><span class='ocrx_word' id='word_1_398' title='bbox 160 3408 620 3486; x_wconf 76' lang='grc' dir='ltr'>ὲνανθρωττήσεως,</span> <span class='ocrx_word' id='word_1_399' title='bbox 658 3415 733 3480; x_wconf 84' lang='grc' dir='ltr'>ὡς</span> <span class='ocrx_word' id='word_1_400' title='bbox 776 3416 1049 3489; x_wconf 81' lang='grc' dir='ltr'>βαθύτερα</span> <span class='ocrx_word' id='word_1_401' title='bbox 1089 3419 1187 3490; x_wconf 77' lang='grc' dir='ltr'>τῆς</span> <span class='ocrx_word' id='word_1_402' title='bbox 1219 3421 1490 3494; x_wconf 83' lang='grc' dir='ltr'>ἡμετέρας</span> <span class='ocrx_word' id='word_1_403' title='bbox 1525 3440 1693 3476; x_wconf 89' lang='grc' dir='ltr'>κατα-</span> 
     </span>
    </p>
   </div>
   <div class='ocr_carea' id='block_1_55' title="bbox 1805 3408 3374 3494">
    <p class='ocr_par' dir='ltr' id='par_1_55' title="bbox 1805 3416 3374 3490">
     <span class='ocr_line' id='line_1_55' title="bbox 1805 3416 3374 3490; baseline -0.003 -15"><span class='ocrx_word' id='word_1_404' title='bbox 1805 3422 2121 3487; x_wconf 87' lang='lat' dir='ltr'><strong>tulerimus,</strong></span> <span class='ocrx_word' id='word_1_405' title='bbox 2170 3421 2385 3476; x_wconf 89' lang='lat' dir='ltr'><strong>nullum</strong></span> <span class='ocrx_word' id='word_1_406' title='bbox 2415 3420 2530 3490; x_wconf 86' lang='lat' dir='ltr'><strong>jam</strong></span> <span class='ocrx_word' id='word_1_407' title='bbox 2577 3433 2894 3474; x_wconf 85' lang='lat' dir='ltr'><strong>sermonum</strong></span> <span class='ocrx_word' id='word_1_408' title='bbox 2927 3416 3088 3472; x_wconf 86' lang='lat' dir='ltr'><strong>finem</strong></span> <span class='ocrx_word' id='word_1_409' title='bbox 3119 3432 3221 3471; x_wconf 90' lang='lat' dir='ltr'><strong>nos</strong></span> <span class='ocrx_word' id='word_1_410' title='bbox 3249 3430 3374 3471; x_wconf 88' lang='lat' dir='ltr'><strong>esse</strong></span> 
     </span>
    </p>
   </div>
   <div class='ocr_carea' id='block_1_56' title="bbox 158 3495 1698 3583">
    <p class='ocr_par' dir='ltr' id='par_1_56' title="bbox 158 3495 1690 3583">
     <span class='ocr_line' id='line_1_56' title="bbox 158 3495 1690 3583; baseline 0.009 -31"><span class='ocrx_word' id='word_1_411' title='bbox 158 3495 369 3568; x_wconf 61' lang='grc' dir='ltr'>λήψεως,</span> <span class='ocrx_word' id='word_1_412' title='bbox 415 3504 537 3559; x_wconf 70' lang='grc' dir='ltr'>οὔτε</span> <span class='ocrx_word' id='word_1_413' title='bbox 587 3506 1023 3579; x_wconf 78' lang='grc' dir='ltr'>ὲὸασανίσαμεν,</span> <span class='ocrx_word' id='word_1_414' title='bbox 1075 3508 1196 3562; x_wconf 73' lang='grc' dir='ltr'>οὔτε</span> <span class='ocrx_word' id='word_1_415' title='bbox 1252 3511 1690 3583; x_wconf 83' lang='grc' dir='ltr'>παρεδεξάμεθα·</span> 
     </span>
    </p>
   </div>
   <div class='ocr_carea' id='block_1_57' title="bbox 1805 3495 3373 3583">
    <p class='ocr_par' dir='ltr' id='par_1_57' title="bbox 1805 3507 3373 3579">
     <span class='ocr_line' id='line_1_57' title="bbox 1805 3507 3373 3579; baseline -0.003 -11"><span class='ocrx_word' id='word_1_416' title='bbox 1805 3514 2158 3579; x_wconf 78' lang='lat' dir='ltr'><strong>inventuros,</strong></span> <span class='ocrx_word' id='word_1_417' title='bbox 2222 3512 2660 3568; x_wconf 83' lang='lat' dir='ltr'><strong>contradictione</strong></span> <span class='ocrx_word' id='word_1_418' title='bbox 2712 3526 2814 3566; x_wconf 91' lang='lat' dir='ltr'><strong>nos</strong></span> <span class='ocrx_word' id='word_1_419' title='bbox 2878 3523 3093 3578; x_wconf 80' lang='lat' dir='ltr'><strong>semper</strong></span> <span class='ocrx_word' id='word_1_420' title='bbox 3140 3507 3373 3563; x_wconf 80' lang='lat' dir='ltr'><strong>ulterius</strong></span> 
     </span>
    </p>
   </div>
   <div class='ocr_carea' id='block_1_58' title="bbox 160 3590 1698 3677">
    <p class='ocr_par' dir='ltr' id='par_1_58' title="bbox 160 3590 1694 3674">
     <span class='ocr_line' id='line_1_58' title="bbox 160 3590 1694 3674; baseline 0.01 -30"><span class='ocrx_word' id='word_1_421' title='bbox 160 3590 355 3658; x_wconf 83' lang='grc' dir='ltr'>εἰδότες,</span> <span class='ocrx_word' id='word_1_422' title='bbox 403 3598 523 3663; x_wconf 81' lang='grc' dir='ltr'>ὅτι,</span> <span class='ocrx_word' id='word_1_423' title='bbox 589 3598 808 3653; x_wconf 73' lang='grc' dir='ltr'>ἐπειδὰν</span> <span class='ocrx_word' id='word_1_424' title='bbox 854 3600 952 3671; x_wconf 82' lang='grc' dir='ltr'>τὴν</span> <span class='ocrx_word' id='word_1_425' title='bbox 1003 3601 1279 3673; x_wconf 81' lang='grc' dir='ltr'>ἁπλότητα</span> <span class='ocrx_word' id='word_1_426' title='bbox 1324 3604 1422 3674; x_wconf 79' lang='grc' dir='ltr'><strong>τῆς</strong></span> <span class='ocrx_word' id='word_1_427' title='bbox 1462 3604 1694 3670; x_wconf 89' lang='grc' dir='ltr'>πίστεως</span> 
     </span>
    </p>
   </div>
   <div class='ocr_carea' id='block_1_59' title="bbox 1805 3590 3370 3677">
    <p class='ocr_par' dir='ltr' id='par_1_59' title="bbox 1805 3599 3370 3677">
     <span class='ocr_line' id='line_1_59' title="bbox 1805 3599 3370 3677; baseline -0.004 -15"><span class='ocrx_word' id='word_1_428' title='bbox 1805 3606 2138 3677; x_wconf 88' lang='lat' dir='ltr'><strong>abripiente;</strong></span> <span class='ocrx_word' id='word_1_429' title='bbox 2164 3620 2227 3660; x_wconf 93' lang='lat' dir='ltr'><strong>ac</strong></span> <span class='ocrx_word' id='word_1_430' title='bbox 2252 3604 2650 3675; x_wconf 87' lang='lat' dir='ltr'><strong>simpliciorum</strong></span> <span class='ocrx_word' id='word_1_431' title='bbox 2676 3602 2889 3658; x_wconf 87' lang='lat' dir='ltr'><strong>animas</strong></span> <span class='ocrx_word' id='word_1_432' title='bbox 2917 3599 3370 3666; x_wconf 86' lang='lat' dir='ltr'><strong>conturbaturos,</strong></span> 
     </span>
    </p>
   </div>
   <div class='ocr_carea' id='block_1_60' title="bbox 162 3681 1698 3764">
    <p class='ocr_par' dir='ltr' id='par_1_60' title="bbox 162 3681 1694 3764">
     <span class='ocr_line' id='line_1_60' title="bbox 162 3681 1694 3764; baseline 0.008 -29"><span class='ocrx_word' id='word_1_433' title='bbox 162 3681 279 3751; x_wconf 79' lang='grc' dir='ltr'>ἅπαξ</span> <span class='ocrx_word' id='word_1_434' title='bbox 319 3690 814 3761; x_wconf 83' lang='grc' dir='ltr'>παρακινήσωμεν,</span> <span class='ocrx_word' id='word_1_435' title='bbox 848 3691 969 3745; x_wconf 74' lang='grc' dir='ltr'>οὔτε</span> <span class='ocrx_word' id='word_1_436' title='bbox 1016 3709 1068 3745; x_wconf 92' lang='grc' dir='ltr'><strong>τι</strong></span> <span class='ocrx_word' id='word_1_437' title='bbox 1112 3692 1187 3764; x_wconf 71' lang='grc'><strong>(4)</strong></span> <span class='ocrx_word' id='word_1_438' title='bbox 1239 3694 1412 3763; x_wconf 81' lang='grc' dir='ltr'>πέρας</span> <span class='ocrx_word' id='word_1_439' title='bbox 1465 3694 1570 3749; x_wconf 85' lang='grc' dir='ltr'><strong>τῶν</strong></span> <span class='ocrx_word' id='word_1_440' title='bbox 1607 3695 1694 3748; x_wconf 84' lang='grc' dir='ltr'>λό-</span> 
     </span>
    </p>
   </div>
   <div class='ocr_carea' id='block_1_61' title="bbox 1805 3681 2596 3764">
    <p class='ocr_par' dir='ltr' id='par_1_61' title="bbox 1805 3694 2596 3753">
     <span class='ocr_line' id='line_1_61' title="bbox 1805 3694 2596 3753; baseline -0.003 -2"><span class='ocrx_word' id='word_1_441' title='bbox 1805 3698 1954 3753; x_wconf 76' lang='lat' dir='ltr'><strong>novis</strong></span> <span class='ocrx_word' id='word_1_442' title='bbox 1982 3698 2145 3752; x_wconf 81' lang='lat' dir='ltr'><strong>rebus</strong></span> <span class='ocrx_word' id='word_1_443' title='bbox 2166 3694 2596 3751; x_wconf 89' lang='lat' dir='ltr'><strong>introducendis.</strong></span> 
     </span>
    </p>
   </div>
   <div class='ocr_carea' id='block_1_62' title="bbox 160 3780 3374 3862">
    <p class='ocr_par' dir='ltr' id='par_1_62' title="bbox 160 3780 3374 3862">
     <span class='ocr_line' id='line_1_62' title="bbox 160 3780 3374 3862; baseline 0.002 -34"><span class='ocrx_word' id='word_1_444' title='bbox 160 3790 251 3841; x_wconf 83' lang='grc' dir='ltr'><strong>γων</strong></span> <span class='ocrx_word' id='word_1_445' title='bbox 302 3780 639 3853; x_wconf 79' lang='grc' dir='ltr'>εὑρήσομεν,</span> <span class='ocrx_word' id='word_1_446' title='bbox 675 3785 762 3837; x_wconf 80' lang='grc' dir='ltr'><strong>ἀεὶ</strong></span> <span class='ocrx_word' id='word_1_447' title='bbox 808 3783 917 3855; x_wconf 76' lang='grc' dir='ltr'>’τῆς</span> <span class='ocrx_word' id='word_1_448' title='bbox 970 3784 1278 3854; x_wconf 77' lang='grc' dir='ltr'>ἀντιλογίας</span> <span class='ocrx_word' id='word_1_449' title='bbox 1326 3787 1405 3850; x_wconf 85' lang='grc' dir='ltr'><strong>είς</strong></span> <span class='ocrx_word' id='word_1_450' title='bbox 1442 3786 1503 3839; x_wconf 83' lang='grc' dir='ltr'><strong>τὸ</strong></span> <span class='ocrx_word' id='word_1_451' title='bbox 1545 3787 1726 3843; x_wconf 80' lang='grc' dir='ltr'>πλεῖον</span> <span class='ocrx_word' id='word_1_452' title='bbox 1767 3792 1913 3861; x_wconf 83' lang='grc' dir='ltr'>ἡμᾶς</span> <span class='ocrx_word' id='word_1_453' title='bbox 1982 3789 2358 3862; x_wconf 84' lang='grc' dir='ltr'>προαγούσης,</span> <span class='ocrx_word' id='word_1_454' title='bbox 2408 3787 2502 3842; x_wconf 72' lang='grc' dir='ltr'><strong>καὶ</strong></span> <span class='ocrx_word' id='word_1_455' title='bbox 2548 3785 2647 3851; x_wconf 79' lang='grc' dir='ltr'><strong>τάς</strong></span> <span class='ocrx_word' id='word_1_456' title='bbox 2693 3785 2871 3857; x_wconf 72' lang='grc' dir='ltr'>ψυχὰς</span> <span class='ocrx_word' id='word_1_457' title='bbox 2911 3782 3019 3838; x_wconf 85' lang='grc' dir='ltr'><strong>τῶν</strong></span> <span class='ocrx_word' id='word_1_458' title='bbox 3060 3781 3374 3854; x_wconf 75' lang='grc' dir='ltr'>ἀκεραιοτέο</span> 
     </span>
    </p>
   </div>
   <div class='ocr_carea' id='block_1_63' title="bbox 164 3872 1941 3948">
    <p class='ocr_par' dir='ltr' id='par_1_63' title="bbox 164 3872 1941 3948">
     <span class='ocr_line' id='line_1_63' title="bbox 164 3872 1941 3948; baseline 0.01 -28"><span class='ocrx_word' id='word_1_459' title='bbox 164 3880 250 3934; x_wconf 86' lang='grc' dir='ltr'><strong>ρων</strong></span> <span class='ocrx_word' id='word_1_460' title='bbox 283 3872 732 3945; x_wconf 63' lang='grc' dir='ltr'>Μραταράξομεν</span> <span class='ocrx_word' id='word_1_461' title='bbox 771 3874 847 3944; x_wconf 80' lang='grc'><strong>(5)</strong></span> <span class='ocrx_word' id='word_1_462' title='bbox 885 3878 951 3946; x_wconf 81' lang='grc' dir='ltr'>τῇ</span> <span class='ocrx_word' id='word_1_463' title='bbox 1006 3879 1398 3948; x_wconf 84' lang='grc' dir='ltr'>παρεισαγωγῇ</span> <span class='ocrx_word' id='word_1_464' title='bbox 1449 3876 1556 3931; x_wconf 82' lang='grc' dir='ltr'>τῶν</span> <span class='ocrx_word' id='word_1_465' title='bbox 1609 3878 1941 3946; x_wconf 80' lang='grc' dir='ltr'>ξενιζόντων.</span> 
     </span>
    </p>
   </div>
   <div class='ocr_carea' id='block_1_64' title="bbox 156 1563 1686 1649">
    <p class='ocr_par' dir='ltr' id='par_1_64' title="bbox 156 1563 1686 1649">
     <span class='ocr_line' id='line_1_64' title="bbox 156 1563 1686 1649; baseline 0.006 -25"><span class='ocrx_word' id='word_1_466' title='bbox 156 1571 238 1624; x_wconf 76' lang='grc' dir='ltr'>ὑπὸ</span> <span class='ocrx_word' id='word_1_467' title='bbox 274 1571 456 1638; x_wconf 82' lang='grc' dir='ltr'>τινῶν,</span> <span class='ocrx_word' id='word_1_468' title='bbox 510 1572 606 1625; x_wconf 78' lang='grc' dir='ltr'><strong>καὶ</strong></span> <span class='ocrx_word' id='word_1_469' title='bbox 660 1573 905 1644; x_wconf 79' lang='grc' dir='ltr'>ταραχὰς</span> <span class='ocrx_word' id='word_1_470' title='bbox 960 1563 1334 1647; x_wconf 76' lang='grc' dir='ltr'>ἐμποιήσαντα</span> <span class='ocrx_word' id='word_1_471' title='bbox 1365 1581 1430 1649; x_wconf 87' lang='grc' dir='ltr'>τῇ</span> <span class='ocrx_word' id='word_1_472' title='bbox 1464 1579 1686 1649; x_wconf 58' lang='grc' dir='ltr'>ἀδελφόν</span> 
     </span>
    </p>
   </div>
   <div class='ocr_carea' id='block_1_65' title="bbox 1788 2131 3361 2203">
    <p class='ocr_par' dir='ltr' id='par_1_65' title="bbox 1788 2131 3361 2203">
     <span class='ocr_line' id='line_1_65' title="bbox 1788 2131 3361 2203; baseline -0.002 -11"><span class='ocrx_word' id='word_1_473' title='bbox 1788 2152 1890 2192; x_wconf 89' lang='lat' dir='ltr'><strong>ncc</strong></span> <span class='ocrx_word' id='word_1_474' title='bbox 1914 2137 2021 2189; x_wconf 91' lang='lat' dir='ltr'><strong>ulla</strong></span> <span class='ocrx_word' id='word_1_475' title='bbox 2044 2135 2263 2191; x_wconf 86' lang='lat' dir='ltr'><strong>dicendi</strong></span> <span class='ocrx_word' id='word_1_476' title='bbox 2286 2134 2549 2189; x_wconf 82' lang='lat' dir='ltr'><strong>facultate</strong></span> <span class='ocrx_word' id='word_1_477' title='bbox 2575 2131 2843 2203; x_wconf 69' lang='lat' dir='ltr'><strong>praeditis,</strong></span> <span class='ocrx_word' id='word_1_478' title='bbox 2874 2149 2939 2188; x_wconf 91' lang='lat' dir='ltr'><strong>eo</strong></span> <span class='ocrx_word' id='word_1_479' title='bbox 2968 2134 3115 2203; x_wconf 89' lang='lat' dir='ltr'><strong>quod</strong></span> <span class='ocrx_word' id='word_1_480' title='bbox 3147 2148 3179 2187; x_wconf 93' lang='lat' dir='ltr'><strong>a</strong></span> <span class='ocrx_word' id='word_1_481' title='bbox 3203 2134 3361 2189; x_wconf 87' lang='lat' dir='ltr'><strong>vanis</strong></span> 
     </span>
    </p>
   </div>
   <div class='ocr_carea' id='block_1_66' title="bbox 1788 2227 3363 2302">
    <p class='ocr_par' dir='ltr' id='par_1_66' title="bbox 1788 2227 3363 2302">
     <span class='ocr_line' id='line_1_66' title="bbox 1788 2227 3363 2302; baseline -0.002 -16"><span class='ocrx_word' id='word_1_482' title='bbox 1788 2231 2007 2302; x_wconf 87' lang='lat' dir='ltr'><strong>quidem</strong></span> <span class='ocrx_word' id='word_1_483' title='bbox 2041 2230 2276 2285; x_wconf 87' lang='lat' dir='ltr'><strong>libenter</strong></span> <span class='ocrx_word' id='word_1_484' title='bbox 2302 2229 2700 2285; x_wconf 87' lang='lat' dir='ltr'><strong>recesserimus</strong></span> <span class='ocrx_word' id='word_1_485' title='bbox 2721 2268 2737 2294; x_wconf 93' lang='lat'><strong>,</strong></span> <span class='ocrx_word' id='word_1_486' title='bbox 2769 2228 3019 2285; x_wconf 79' lang='lat' dir='ltr'><strong>veritatis</strong></span> <span class='ocrx_word' id='word_1_487' title='bbox 3049 2235 3232 2282; x_wconf 89' lang='lat' dir='ltr'><strong>autem</strong></span> <span class='ocrx_word' id='word_1_488' title='bbox 3263 2227 3363 2283; x_wconf 85' lang='lat' dir='ltr'><strong>do-</strong></span> 
     </span>
    </p>
   </div>
   <div class='ocr_carea' id='block_1_67' title="bbox 1790 2319 3361 2394">
    <p class='ocr_par' dir='ltr' id='par_1_67' title="bbox 1790 2319 3361 2394">
     <span class='ocr_line' id='line_1_67' title="bbox 1790 2319 3361 2394; baseline -0.001 -18"><span class='ocrx_word' id='word_1_489' title='bbox 1790 2331 2029 2394; x_wconf 70' lang='lat' dir='ltr'><strong>guratum</strong></span> <span class='ocrx_word' id='word_1_490' title='bbox 2077 2322 2319 2376; x_wconf 90' lang='lat' dir='ltr'><strong>nondum</strong></span> <span class='ocrx_word' id='word_1_491' title='bbox 2367 2322 2606 2377; x_wconf 87' lang='lat' dir='ltr'><strong>assecuti</strong></span> <span class='ocrx_word' id='word_1_492' title='bbox 2655 2322 2912 2377; x_wconf 89' lang='lat' dir='ltr'><strong>idoneum</strong></span> <span class='ocrx_word' id='word_1_493' title='bbox 2956 2335 3117 2375; x_wconf 88' lang='lat' dir='ltr'><strong>usum</strong></span> <span class='ocrx_word' id='word_1_494' title='bbox 3164 2319 3361 2387; x_wconf 77' lang='lat' dir='ltr'><strong>simus.</strong></span> 
     </span>
    </p>
   </div>
   <div class='ocr_carea' id='block_1_68' title="bbox 1788 2411 3363 2483">
    <p class='ocr_par' dir='ltr' id='par_1_68' title="bbox 1788 2411 3363 2483">
     <span class='ocr_line' id='line_1_68' title="bbox 1788 2411 3363 2483; baseline 0 -16"><span class='ocrx_word' id='word_1_495' title='bbox 1788 2412 1907 2468; x_wconf 79' lang='lat' dir='ltr'><strong>Jam</strong></span> <span class='ocrx_word' id='word_1_496' title='bbox 1942 2412 2110 2483; x_wconf 79' lang='lat' dir='ltr'><strong>igitur</strong></span> <span class='ocrx_word' id='word_1_497' title='bbox 2155 2413 2544 2483; x_wconf 82' lang='lat' dir='ltr'><strong>respondimus</strong></span> <span class='ocrx_word' id='word_1_498' title='bbox 2585 2413 2803 2468; x_wconf 87' lang='lat' dir='ltr'><strong>dilectis</strong></span> <span class='ocrx_word' id='word_1_499' title='bbox 2842 2411 3110 2467; x_wconf 88' lang='lat' dir='ltr'><strong>fratribus</strong></span> <span class='ocrx_word' id='word_1_500' title='bbox 3156 2412 3363 2467; x_wconf 86' lang='lat' dir='ltr'><strong>nostris</strong></span> 
     </span>
    </p>
   </div>
   <div class='ocr_carea' id='block_1_69' title="bbox 1792 2503 3364 2576">
    <p class='ocr_par' dir='ltr' id='par_1_69' title="bbox 1792 2503 3364 2576">
     <span class='ocr_line' id='line_1_69' title="bbox 1792 2503 3364 2576; baseline 0 -17"><span class='ocrx_word' id='word_1_501' title='bbox 1792 2504 1849 2560; x_wconf 93' lang='lat' dir='ltr'><strong>in</strong></span> <span class='ocrx_word' id='word_1_502' title='bbox 1865 2504 2079 2560; x_wconf 83' lang='lat' dir='ltr'><strong>Elaeone</strong></span> <span class='ocrx_word' id='word_1_503' title='bbox 2099 2504 2445 2576; x_wconf 81' lang='lat' dir='ltr'><strong>degentibus,</strong></span> <span class='ocrx_word' id='word_1_504' title='bbox 2464 2504 2709 2559; x_wconf 89' lang='lat' dir='ltr'><strong>Palladio</strong></span> <span class='ocrx_word' id='word_1_505' title='bbox 2733 2512 2929 2560; x_wconf 90' lang='lat' dir='ltr'><strong>nostro</strong></span> <span class='ocrx_word' id='word_1_506' title='bbox 2949 2513 3004 2559; x_wconf 93' lang='lat' dir='ltr'><strong>et</strong></span> <span class='ocrx_word' id='word_1_507' title='bbox 3035 2503 3364 2559; x_wconf 89' lang='lat' dir='ltr'><strong>lnnocentio</strong></span> 
     </span>
    </p>
   </div>
   <div class='ocr_carea' id='block_1_70' title="bbox 1791 2595 3365 2667">
    <p class='ocr_par' dir='ltr' id='par_1_70' title="bbox 1791 2595 3365 2667">
     <span class='ocr_line' id='line_1_70' title="bbox 1791 2595 3365 2667; baseline 0 -16"><span class='ocrx_word' id='word_1_508' title='bbox 1791 2596 1946 2664; x_wconf 83' lang='lat' dir='ltr'><strong>Italo,</strong></span> <span class='ocrx_word' id='word_1_509' title='bbox 1980 2596 2044 2652; x_wconf 90' lang='lat' dir='ltr'><strong>ad</strong></span> <span class='ocrx_word' id='word_1_510' title='bbox 2070 2612 2133 2651; x_wconf 91' lang='lat' dir='ltr'><strong>ea</strong></span> <span class='ocrx_word' id='word_1_511' title='bbox 2157 2611 2279 2667; x_wconf 62' lang='lat' dir='ltr'><strong>quae</strong></span> <span class='ocrx_word' id='word_1_512' title='bbox 2313 2596 2474 2651; x_wconf 86' lang='lat' dir='ltr'><strong>nobis</strong></span> <span class='ocrx_word' id='word_1_513' title='bbox 2499 2596 2567 2650; x_wconf 89' lang='lat' dir='ltr'><strong>ab</strong></span> <span class='ocrx_word' id='word_1_514' title='bbox 2598 2596 2735 2667; x_wconf 88' lang='lat' dir='ltr'><strong>ipsis</strong></span> <span class='ocrx_word' id='word_1_515' title='bbox 2758 2595 2979 2660; x_wconf 83' lang='lat' dir='ltr'><strong>fuerunt</strong></span> <span class='ocrx_word' id='word_1_516' title='bbox 3013 2596 3239 2666; x_wconf 85' lang='lat' dir='ltr'><strong>scripta,</strong></span> <span class='ocrx_word' id='word_1_517' title='bbox 3263 2608 3365 2651; x_wconf 89' lang='lat' dir='ltr'><strong>nos</strong></span> 
     </span>
    </p>
   </div>
   <div class='ocr_carea' id='block_1_71' title="bbox 1793 2685 3367 2758">
    <p class='ocr_par' dir='ltr' id='par_1_71' title="bbox 1793 2685 3367 2758">
     <span class='ocr_line' id='line_1_71' title="bbox 1793 2685 3367 2758; baseline -0.003 -12"><span class='ocrx_word' id='word_1_518' title='bbox 1793 2690 2003 2746; x_wconf 88' lang='lat' dir='ltr'><strong>scilicet</strong></span> <span class='ocrx_word' id='word_1_519' title='bbox 2034 2688 2168 2743; x_wconf 84' lang='lat' dir='ltr'><strong>nihil</strong></span> <span class='ocrx_word' id='word_1_520' title='bbox 2200 2703 2361 2757; x_wconf 89' lang='lat' dir='ltr'><strong>posse</strong></span> <span class='ocrx_word' id='word_1_521' title='bbox 2393 2686 2627 2742; x_wconf 66' lang='lat' dir='ltr'><strong>Nicaeum</strong></span> <span class='ocrx_word' id='word_1_522' title='bbox 2672 2686 2797 2743; x_wconf 87' lang='lat' dir='ltr'><strong>fidei</strong></span> <span class='ocrx_word' id='word_1_523' title='bbox 2833 2687 3098 2758; x_wconf 84' lang='lat' dir='ltr'><strong>adjicere,</strong></span> <span class='ocrx_word' id='word_1_524' title='bbox 3146 2702 3216 2742; x_wconf 86' lang='lat' dir='ltr'><strong>ne</strong></span> <span class='ocrx_word' id='word_1_525' title='bbox 3240 2685 3367 2741; x_wconf 82' lang='lat' dir='ltr'><strong>bre-</strong></span> 
     </span>
    </p>
   </div>
   <div class='ocr_carea' id='block_1_72' title="bbox 1792 2774 3368 2851">
    <p class='ocr_par' dir='ltr' id='par_1_72' title="bbox 1792 2774 3368 2851">
     <span class='ocr_line' id='line_1_72' title="bbox 1792 2774 3368 2851; baseline -0.006 -12"><span class='ocrx_word' id='word_1_526' title='bbox 1792 2783 2077 2839; x_wconf 85' lang='lat' dir='ltr'><strong>vissimum</strong></span> <span class='ocrx_word' id='word_1_527' title='bbox 2102 2781 2346 2851; x_wconf 88' lang='lat' dir='ltr'><strong>quidem,</strong></span> <span class='ocrx_word' id='word_1_528' title='bbox 2377 2788 2608 2850; x_wconf 80' lang='lat' dir='ltr'><strong>excepta</strong></span> <span class='ocrx_word' id='word_1_529' title='bbox 2634 2776 2875 2849; x_wconf 87' lang='lat' dir='ltr'><strong>Spiritus</strong></span> <span class='ocrx_word' id='word_1_530' title='bbox 2897 2778 3075 2833; x_wconf 85' lang='lat' dir='ltr'><strong>sancti</strong></span> <span class='ocrx_word' id='word_1_531' title='bbox 3102 2774 3368 2848; x_wconf 86' lang='lat' dir='ltr'><strong>glorifica-</strong></span> 
     </span>
    </p>
   </div>
   <div class='ocr_carea' id='block_1_73' title="bbox 1779 2867 3369 2947">
    <p class='ocr_par' dir='ltr' id='par_1_73' title="bbox 1779 2867 3369 2947">
     <span class='ocr_line' id='line_1_73' title="bbox 1779 2867 3369 2947; baseline -0.006 -14"><span class='ocrx_word' id='word_1_532' title='bbox 1779 2878 1961 2941; x_wconf 71' lang='lat' dir='ltr'><strong>‘tione,</strong></span> <span class='ocrx_word' id='word_1_533' title='bbox 1992 2885 2281 2947; x_wconf 90' lang='lat' dir='ltr'><strong>propterea</strong></span> <span class='ocrx_word' id='word_1_534' title='bbox 2314 2873 2460 2945; x_wconf 90' lang='lat' dir='ltr'><strong>quod</strong></span> <span class='ocrx_word' id='word_1_535' title='bbox 2494 2872 2731 2943; x_wconf 87' lang='lat' dir='ltr'><strong>majores</strong></span> <span class='ocrx_word' id='word_1_536' title='bbox 2759 2869 2933 2927; x_wconf 90' lang='lat' dir='ltr'><strong>nostri</strong></span> <span class='ocrx_word' id='word_1_537' title='bbox 2964 2869 3171 2925; x_wconf 91' lang='lat' dir='ltr'><strong>cursim</strong></span> <span class='ocrx_word' id='word_1_538' title='bbox 3202 2867 3369 2938; x_wconf 87' lang='lat' dir='ltr'><strong>hujus</strong></span> 
     </span>
    </p>
   </div>
   <div class='ocr_carea' id='block_1_74' title="bbox 1795 2957 3369 3039">
    <p class='ocr_par' dir='ltr' id='par_1_74' title="bbox 1795 2957 3369 3039">
     <span class='ocr_line' id='line_1_74' title="bbox 1795 2957 3369 3039; baseline -0.006 -18"><span class='ocrx_word' id='word_1_539' title='bbox 1795 2967 1968 3039; x_wconf 85' lang='lat' dir='ltr'><strong>partis</strong></span> <span class='ocrx_word' id='word_1_540' title='bbox 1998 2965 2373 3030; x_wconf 89' lang='lat' dir='ltr'><strong>meminerint,</strong></span> <span class='ocrx_word' id='word_1_541' title='bbox 2416 2962 2659 3018; x_wconf 89' lang='lat' dir='ltr'><strong>nondum</strong></span> <span class='ocrx_word' id='word_1_542' title='bbox 2696 2970 2829 3016; x_wconf 89' lang='lat' dir='ltr'><strong>tunc</strong></span> <span class='ocrx_word' id='word_1_543' title='bbox 2863 2960 2931 3016; x_wconf 90' lang='lat' dir='ltr'><strong>de</strong></span> <span class='ocrx_word' id='word_1_544' title='bbox 2978 2957 3190 3030; x_wconf 88' lang='lat' dir='ltr'><strong>Spiritu</strong></span> <span class='ocrx_word' id='word_1_545' title='bbox 3220 2964 3369 3012; x_wconf 85' lang='lat' dir='ltr'><strong>mota</strong></span> 
     </span>
    </p>
   </div>
   <div class='ocr_carea' id='block_1_75' title="bbox 1772 2041 3461 2115">
    <p class='ocr_par' dir='ltr' id='par_1_75' title="bbox 1772 2041 3461 2115">
     <span class='ocr_line' id='line_1_75' title="bbox 1772 2041 3461 2115; baseline 0.001 -18"><span class='ocrx_word' id='word_1_546' title='bbox 1772 2054 1893 2115; x_wconf 85' lang='lat' dir='ltr'><strong>&#39;que</strong></span> <span class='ocrx_word' id='word_1_547' title='bbox 1923 2043 2100 2114; x_wconf 88' lang='lat' dir='ltr'><strong>gratia</strong></span> <span class='ocrx_word' id='word_1_548' title='bbox 2131 2041 2225 2097; x_wconf 92' lang='lat' dir='ltr'><strong>Dei</strong></span> <span class='ocrx_word' id='word_1_549' title='bbox 2248 2042 2450 2107; x_wconf 89' lang='lat' dir='ltr'><strong>ductis,</strong></span> <span class='ocrx_word' id='word_1_550' title='bbox 2485 2052 2545 2095; x_wconf 90' lang='lat' dir='ltr'><strong>ut</strong></span> <span class='ocrx_word' id='word_1_551' title='bbox 2577 2042 2671 2111; x_wconf 91' lang='lat' dir='ltr'><strong>qui</strong></span> <span class='ocrx_word' id='word_1_552' title='bbox 2708 2041 2762 2095; x_wconf 91' lang='lat' dir='ltr'><strong>in</strong></span> <span class='ocrx_word' id='word_1_553' title='bbox 2790 2043 3034 2112; x_wconf 87' lang='lat' dir='ltr'><strong>peccatis</strong></span> <span class='ocrx_word' id='word_1_554' title='bbox 3070 2043 3357 2108; x_wconf 90' lang='lat' dir='ltr'><strong>vivamus,</strong></span> <span class='ocrx_word' id='word_1_555' title='bbox 3456 2086 3461 2091; x_wconf 59' lang='grc' dir='ltr'>η</span> 
     </span>
    </p>
   </div>
   <div class='ocr_carea' id='block_1_76' title="bbox 214 3961 1707 4045">
    <p class='ocr_par' dir='ltr' id='par_1_76' title="bbox 214 3961 1707 4045">
     <span class='ocr_line' id='line_1_76' title="bbox 214 3961 1707 4045; baseline 0.007 -31"><span class='ocrx_word' id='word_1_556' title='bbox 214 3961 258 4014; x_wconf 80' lang='lat'><strong>3.</strong></span> <span class='ocrx_word' id='word_1_557' title='bbox 289 3964 390 4036; x_wconf 80' lang='grc' dir='ltr'>Τὴν</span> <span class='ocrx_word' id='word_1_558' title='bbox 426 3965 481 4019; x_wconf 87' lang='grc' dir='ltr'>δὲ</span> <span class='ocrx_word' id='word_1_559' title='bbox 528 3967 671 4021; x_wconf 81' lang='grc' dir='ltr'>κατὰ</span> <span class='ocrx_word' id='word_1_560' title='bbox 714 3969 1040 4039; x_wconf 82' lang='grc' dir='ltr'>Ἀντιόχειαν</span> <span class='ocrx_word' id='word_1_561' title='bbox 1087 3968 1433 4041; x_wconf 87' lang='grc' dir='ltr'>Ἐκκλησίαν,</span> <span class='ocrx_word' id='word_1_562' title='bbox 1463 3970 1604 4041; x_wconf 79' lang='grc' dir='ltr'>λέγω</span> <span class='ocrx_word' id='word_1_563' title='bbox 1643 3973 1707 4045; x_wconf 86' lang='grc' dir='ltr'>δὴ</span> 
     </span>
    </p>
   </div>
   <div class='ocr_carea' id='block_1_77' title="bbox 161 4049 1701 4135">
    <p class='ocr_par' dir='ltr' id='par_1_77' title="bbox 161 4049 1701 4135">
     <span class='ocr_line' id='line_1_77' title="bbox 161 4049 1701 4135; baseline 0.006 -29"><span class='ocrx_word' id='word_1_564' title='bbox 161 4049 241 4120; x_wconf 79' lang='grc' dir='ltr'>τὴν</span> <span class='ocrx_word' id='word_1_565' title='bbox 268 4054 338 4124; x_wconf 84' lang='grc' dir='ltr'>τῷ</span> <span class='ocrx_word' id='word_1_566' title='bbox 379 4057 527 4128; x_wconf 81' lang='grc' dir='ltr'>αύτῷ</span> <span class='ocrx_word' id='word_1_567' title='bbox 579 4060 886 4129; x_wconf 80' lang='grc' dir='ltr'>φρονήματι</span> <span class='ocrx_word' id='word_1_568' title='bbox 944 4059 1378 4129; x_wconf 76' lang='grc' dir='ltr'>συμϐαίνουσαν,</span> <span class='ocrx_word' id='word_1_569' title='bbox 1419 4059 1528 4135; x_wconf 81' lang='grc' dir='ltr'>δῴη</span> <span class='ocrx_word' id='word_1_570' title='bbox 1570 4064 1701 4116; x_wconf 86' lang='grc' dir='ltr'>ποτὲ</span> 
     </span>
    </p>
   </div>
   <div class='ocr_carea' id='block_1_78' title="bbox 160 4143 1702 4227">
    <p class='ocr_par' dir='ltr' id='par_1_78' title="bbox 160 4143 1702 4227">
     <span class='ocr_line' id='line_1_78' title="bbox 160 4143 1702 4227; baseline 0.007 -30"><span class='ocrx_word' id='word_1_571' title='bbox 160 4143 185 4193; x_wconf 80' lang='grc' dir='ltr'><strong>ὁ</strong></span> <span class='ocrx_word' id='word_1_572' title='bbox 222 4145 407 4218; x_wconf 81' lang='grc' dir='ltr'>Κύριος</span> <span class='ocrx_word' id='word_1_573' title='bbox 453 4149 587 4203; x_wconf 80' lang='grc' dir='ltr'>ἰδεῖν</span> <span class='ocrx_word' id='word_1_574' title='bbox 637 4149 807 4222; x_wconf 75' lang='grc' dir='ltr'>αὐτὴν</span> <span class='ocrx_word' id='word_1_575' title='bbox 856 4151 1164 4222; x_wconf 83' lang='grc' dir='ltr'>ἡνωμένην.</span> <span class='ocrx_word' id='word_1_576' title='bbox 1220 4152 1535 4207; x_wconf 87' lang='grc' dir='ltr'>Κινδυνεύει</span> <span class='ocrx_word' id='word_1_577' title='bbox 1593 4155 1702 4227; x_wconf 90' lang='grc' dir='ltr'><strong>γάρ</strong></span> 
     </span>
    </p>
   </div>
   <div class='ocr_carea' id='block_1_79' title="bbox 162 4234 1701 4318">
    <p class='ocr_par' dir='ltr' id='par_1_79' title="bbox 162 4234 1701 4318">
     <span class='ocr_line' id='line_1_79' title="bbox 162 4234 1701 4318; baseline 0.008 -31"><span class='ocrx_word' id='word_1_578' title='bbox 162 4234 273 4308; x_wconf 74' lang='grc' dir='ltr'>αὕτη</span> <span class='ocrx_word' id='word_1_579' title='bbox 318 4241 548 4311; x_wconf 84' lang='grc' dir='ltr'>μάλιστα</span> <span class='ocrx_word' id='word_1_580' title='bbox 589 4241 833 4313; x_wconf 83' lang='grc' dir='ltr'>δεδέχθαι</span> <span class='ocrx_word' id='word_1_581' title='bbox 884 4244 984 4308; x_wconf 75' lang='grc' dir='ltr'>τὰς</span> <span class='ocrx_word' id='word_1_582' title='bbox 1018 4244 1310 4309; x_wconf 77' lang='grc' dir='ltr'>ἐπιϐουλὰς</span> <span class='ocrx_word' id='word_1_583' title='bbox 1348 4245 1440 4299; x_wconf 80' lang='grc' dir='ltr'>τοῦ</span> <span class='ocrx_word' id='word_1_584' title='bbox 1482 4246 1701 4318; x_wconf 79' lang='grc' dir='ltr'>ἐχθροῦ,</span> 
     </span>
    </p>
   </div>
   <div class='ocr_carea' id='block_1_80' title="bbox 167 4334 1702 4413">
    <p class='ocr_par' dir='ltr' id='par_1_80' title="bbox 167 4334 1702 4413">
     <span class='ocr_line' id='line_1_80' title="bbox 167 4334 1702 4413; baseline 0.01 -32"><span class='ocrx_word' id='word_1_585' title='bbox 167 4334 599 4402; x_wconf 80' lang='grc' dir='ltr'>μνησικακοῦντος</span> <span class='ocrx_word' id='word_1_586' title='bbox 634 4338 768 4408; x_wconf 80' lang='grc' dir='ltr'>αὐτῇ</span> <span class='ocrx_word' id='word_1_587' title='bbox 801 4336 889 4391; x_wconf 76' lang='grc' dir='ltr'><strong>διὰ</strong></span> <span class='ocrx_word' id='word_1_588' title='bbox 920 4337 983 4390; x_wconf 80' lang='grc' dir='ltr'>τὸ</span> <span class='ocrx_word' id='word_1_589' title='bbox 1032 4338 1248 4409; x_wconf 84' lang='grc' dir='ltr'>πρῶτον</span> <span class='ocrx_word' id='word_1_590' title='bbox 1289 4341 1402 4403; x_wconf 86' lang='grc' dir='ltr'>τοῖς</span> <span class='ocrx_word' id='word_1_591' title='bbox 1454 4341 1571 4395; x_wconf 75' lang='grc' dir='ltr'>ἐκεῖ</span> <span class='ocrx_word' id='word_1_592' title='bbox 1604 4340 1702 4413; x_wconf 84' lang='grc' dir='ltr'><strong>τὴν</strong></span> 
     </span>
    </p>
   </div>
   <div class='ocr_carea' id='block_1_81' title="bbox 1884 3969 3374 4043">
    <p class='ocr_par' dir='ltr' id='par_1_81' title="bbox 1884 3969 3374 4043">
     <span class='ocr_line' id='line_1_81' title="bbox 1884 3969 3374 4043; baseline -0.003 -12"><span class='ocrx_word' id='word_1_593' title='bbox 1884 3977 1937 4031; x_wconf 78' lang='grc'><strong>5.</strong></span> <span class='ocrx_word' id='word_1_594' title='bbox 1980 3975 2135 4043; x_wconf 80' lang='lat' dir='ltr'><strong>Quod</strong></span> <span class='ocrx_word' id='word_1_595' title='bbox 2189 3981 2370 4030; x_wconf 88' lang='lat' dir='ltr'><strong>autem</strong></span> <span class='ocrx_word' id='word_1_596' title='bbox 2403 3974 2596 4029; x_wconf 91' lang='lat' dir='ltr'><strong>attinet</strong></span> <span class='ocrx_word' id='word_1_597' title='bbox 2631 3972 2697 4027; x_wconf 88' lang='lat' dir='ltr'><strong>ad</strong></span> <span class='ocrx_word' id='word_1_598' title='bbox 2734 3969 3033 4028; x_wconf 88' lang='lat' dir='ltr'><strong>Ecclesiam</strong></span> <span class='ocrx_word' id='word_1_599' title='bbox 3076 3969 3374 4026; x_wconf 84' lang='lat' dir='ltr'><strong>Antioche-</strong></span> 
     </span>
    </p>
   </div>
   <div class='ocr_carea' id='block_1_82' title="bbox 1803 4061 3373 4135">
    <p class='ocr_par' dir='ltr' id='par_1_82' title="bbox 1803 4061 3373 4135">
     <span class='ocr_line' id='line_1_82' title="bbox 1803 4061 3373 4135; baseline -0.002 -15"><span class='ocrx_word' id='word_1_600' title='bbox 1803 4082 1953 4130; x_wconf 89' lang='lat' dir='ltr'><strong>nam,</strong></span> <span class='ocrx_word' id='word_1_601' title='bbox 1986 4067 2131 4119; x_wconf 87' lang='lat' dir='ltr'><strong>illam</strong></span> <span class='ocrx_word' id='word_1_602' title='bbox 2168 4066 2314 4129; x_wconf 90' lang='lat' dir='ltr'><strong>dico,</strong></span> <span class='ocrx_word' id='word_1_603' title='bbox 2345 4080 2467 4135; x_wconf 62' lang='lat' dir='ltr'><strong>quaa</strong></span> <span class='ocrx_word' id='word_1_604' title='bbox 2491 4065 2544 4117; x_wconf 91' lang='lat' dir='ltr'><strong>in</strong></span> <span class='ocrx_word' id='word_1_605' title='bbox 2574 4063 2764 4117; x_wconf 89' lang='lat' dir='ltr'><strong>eadem</strong></span> <span class='ocrx_word' id='word_1_606' title='bbox 2779 4062 3041 4116; x_wconf 71' lang='lat' dir='ltr'><strong>doctrina</strong></span> <span class='ocrx_word' id='word_1_607' title='bbox 3075 4061 3373 4127; x_wconf 81' lang='lat' dir='ltr'><strong>consentit,</strong></span> 
     </span>
    </p>
   </div>
   <div class='ocr_carea' id='block_1_83' title="bbox 1803 4150 3378 4226">
    <p class='ocr_par' dir='ltr' id='par_1_83' title="bbox 1803 4150 3378 4226">
     <span class='ocr_line' id='line_1_83' title="bbox 1803 4150 3378 4226; baseline -0.003 -17"><span class='ocrx_word' id='word_1_608' title='bbox 1803 4156 2067 4226; x_wconf 82' lang='lat' dir='ltr'><strong>largiatur</strong></span> <span class='ocrx_word' id='word_1_609' title='bbox 2096 4154 2394 4226; x_wconf 81' lang='lat' dir='ltr'><strong>aliquando</strong></span> <span class='ocrx_word' id='word_1_610' title='bbox 2438 4153 2701 4209; x_wconf 90' lang='lat' dir='ltr'><strong>Dominus</strong></span> <span class='ocrx_word' id='word_1_611' title='bbox 2747 4159 2809 4205; x_wconf 92' lang='lat' dir='ltr'><strong>ut</strong></span> <span class='ocrx_word' id='word_1_612' title='bbox 2831 4150 2994 4224; x_wconf 64' lang='lat'><strong>394</strong></span> <span class='ocrx_word' id='word_1_613' title='bbox 3033 4166 3154 4206; x_wconf 87' lang='lat' dir='ltr'><strong>eam</strong></span> <span class='ocrx_word' id='word_1_614' title='bbox 3196 4150 3378 4207; x_wconf 58' lang='lat' dir='ltr'><strong>videam</strong></span> 
     </span>
    </p>
   </div>
   <div class='ocr_carea' id='block_1_84' title="bbox 1805 4242 3377 4317">
    <p class='ocr_par' dir='ltr' id='par_1_84' title="bbox 1805 4242 3377 4317">
     <span class='ocr_line' id='line_1_84' title="bbox 1805 4242 3377 4317; baseline -0.003 -16"><span class='ocrx_word' id='word_1_615' title='bbox 1805 4263 1927 4302; x_wconf 88' lang='lat' dir='ltr'><strong>mus</strong></span> <span class='ocrx_word' id='word_1_616' title='bbox 1944 4248 2315 4317; x_wconf 87' lang='lat' dir='ltr'><strong>conjunctam.</strong></span> <span class='ocrx_word' id='word_1_617' title='bbox 2343 4244 2656 4301; x_wconf 89' lang='lat' dir='ltr'><strong>Periculum</strong></span> <span class='ocrx_word' id='word_1_618' title='bbox 2678 4243 2825 4300; x_wconf 88' lang='lat' dir='ltr'><strong>enim</strong></span> <span class='ocrx_word' id='word_1_619' title='bbox 2845 4251 2949 4307; x_wconf 79' lang='lat' dir='ltr'><strong>est,</strong></span> <span class='ocrx_word' id='word_1_620' title='bbox 2976 4258 3045 4299; x_wconf 91' lang='lat' dir='ltr'><strong>ne</strong></span> <span class='ocrx_word' id='word_1_621' title='bbox 3066 4243 3186 4315; x_wconf 86' lang='lat' dir='ltr'><strong>ipsa</strong></span> <span class='ocrx_word' id='word_1_622' title='bbox 3205 4242 3377 4299; x_wconf 77' lang='lat' dir='ltr'><strong>maxi-</strong></span> 
     </span>
    </p>
   </div>
   <div class='ocr_carea' id='block_1_85' title="bbox 1805 4333 3415 4419">
    <p class='ocr_par' dir='ltr' id='par_1_85' title="bbox 1805 4333 3415 4419">
     <span class='ocr_line' id='line_1_85' title="bbox 1805 4333 3415 4419; baseline -0.001 -28"><span class='ocrx_word' id='word_1_623' title='bbox 1805 4352 1890 4392; x_wconf 93' lang='lat' dir='ltr'><strong>me</strong></span> <span class='ocrx_word' id='word_1_624' title='bbox 1924 4344 2108 4409; x_wconf 88' lang='lat' dir='ltr'><strong>pateat</strong></span> <span class='ocrx_word' id='word_1_625' title='bbox 2139 4337 2361 4393; x_wconf 88' lang='lat' dir='ltr'><strong>insidiis</strong></span> <span class='ocrx_word' id='word_1_626' title='bbox 2392 4336 2623 4403; x_wconf 91' lang='lat' dir='ltr'><strong>inimici,</strong></span> <span class='ocrx_word' id='word_1_627' title='bbox 2671 4336 2769 4408; x_wconf 88' lang='lat' dir='ltr'><strong>qui</strong></span> <span class='ocrx_word' id='word_1_628' title='bbox 2811 4335 2859 4391; x_wconf 92' lang='lat' dir='ltr'><strong>ei</strong></span> <span class='ocrx_word' id='word_1_629' title='bbox 2904 4341 3219 4400; x_wconf 86' lang='lat' dir='ltr'><strong>succenset,</strong></span> <span class='ocrx_word' id='word_1_630' title='bbox 3240 4333 3374 4419; x_wconf 83' lang='lat' dir='ltr'><strong>quia</strong></span> <span class='ocrx_word' id='word_1_631' title='bbox 3408 4382 3415 4389; x_wconf 94' lang='lat'><strong>.</strong></span> 
     </span>
    </p>
   </div>
   <div class='ocr_carea' id='block_1_86' title="bbox 222 4458 1698 4573">
    <p class='ocr_par' dir='ltr' id='par_1_86' title="bbox 222 4487 1698 4573">
     <span class='ocr_line' id='line_1_86' title="bbox 222 4487 1698 4573; baseline 0.005 -28"><span class='ocrx_word' id='word_1_632' title='bbox 356 4493 718 4573; x_wconf 63' lang='grc' dir='ltr'><strong>Παρᾴλιιθεςν.</strong></span> <span class='ocrx_word' id='word_1_633' title='bbox 752 4492 894 4548; x_wconf 88' lang='lat' dir='ltr'><strong>Editi</strong></span> <span class='ocrx_word' id='word_1_634' title='bbox 937 4494 1276 4573; x_wconf 51' lang='lat' dir='ltr'><strong>praemittunt</strong></span> <span class='ocrx_word' id='word_1_635' title='bbox 1324 4497 1406 4573; x_wconf 55' lang='grc' dir='ltr'>ορ.</span> <span class='ocrx_word' id='word_1_636' title='bbox 1452 4495 1555 4552; x_wconf 91' lang='lat' dir='ltr'><strong>Sed</strong></span> <span class='ocrx_word' id='word_1_637' title='bbox 1574 4498 1698 4573; x_wconf 65' lang='lat' dir='ltr'><strong>haec</strong></span> 
     </span>
    </p>
   </div>
   <div class='ocr_carea' id='block_1_87' title="bbox 1805 4458 3376 4573">
    <p class='ocr_par' dir='ltr' id='par_1_87' title="bbox 1807 4494 3376 4573">
     <span class='ocr_line' id='line_1_87' title="bbox 1807 4494 3376 4573; baseline -0.001 -24"><span class='ocrx_word' id='word_1_638' title='bbox 1807 4496 2197 4573; x_wconf 65' lang='lat' dir='ltr'><strong>simpliciorum</strong></span> <span class='ocrx_word' id='word_1_639' title='bbox 2227 4496 2600 4573; x_wconf 81' lang='lat' dir='ltr'><strong>animi__novis</strong></span> <span class='ocrx_word' id='word_1_640' title='bbox 2635 4497 2798 4552; x_wconf 85' lang='lat' dir='ltr'><strong>rebus</strong></span> <span class='ocrx_word' id='word_1_641' title='bbox 2844 4496 2910 4573; x_wconf 86' lang='lat' dir='ltr'><strong>in_</strong></span> <span class='ocrx_word' id='word_1_642' title='bbox 2946 4494 3247 4573; x_wconf 81' lang='lat' dir='ltr'><strong>symbolum</strong></span> <span class='ocrx_word' id='word_1_643' title='bbox 3288 4494 3376 4547; x_wconf 84' lang='lat' dir='ltr'><strong>in-</strong></span> 
     </span>
    </p>
   </div>
   <div class='ocr_carea' id='block_1_88' title="bbox 164 4560 1700 4690">
    <p class='ocr_par' dir='ltr' id='par_1_88' title="bbox 164 4560 1700 4690">
     <span class='ocr_line' id='line_1_88' title="bbox 164 4560 1700 4646; baseline 0.01 -36"><span class='ocrx_word' id='word_1_644' title='bbox 164 4560 351 4641; x_wconf 64' lang='lat' dir='ltr'><strong>negatio</strong></span> <span class='ocrx_word' id='word_1_645' title='bbox 372 4560 567 4619; x_wconf 81' lang='lat' dir='ltr'><strong>melius</strong></span> <span class='ocrx_word' id='word_1_646' title='bbox 611 4565 763 4646; x_wconf 73' lang='lat' dir='ltr'><strong>abest</strong></span> <span class='ocrx_word' id='word_1_647' title='bbox 792 4580 822 4618; x_wconf 93' lang='lat' dir='ltr'><strong>a</strong></span> <span class='ocrx_word' id='word_1_648' title='bbox 848 4560 1129 4645; x_wconf 72' lang='lat' dir='ltr'><strong>codicibus</strong></span> <span class='ocrx_word' id='word_1_649' title='bbox 1151 4564 1313 4634; x_wconf 69' lang='lat' dir='ltr'><strong>Med,</strong></span> <span class='ocrx_word' id='word_1_650' title='bbox 1344 4565 1474 4638; x_wconf 82' lang='lat' dir='ltr'><strong>Reg.</strong></span> <span class='ocrx_word' id='word_1_651' title='bbox 1503 4569 1700 4638; x_wconf 88' lang='lat' dir='ltr'><strong>primo,</strong></span> 
     </span>
     <span class='ocr_line' id='line_1_89' title="bbox 164 4628 1098 4690; baseline 0.011 -11"><span class='ocrx_word' id='word_1_652' title='bbox 164 4628 307 4685; x_wconf 75' lang='lat' dir='ltr'><strong>Lutsl.</strong></span> <span class='ocrx_word' id='word_1_653' title='bbox 337 4634 597 4690; x_wconf 87' lang='lat' dir='ltr'><strong>secundo.</strong></span> <span class='ocrx_word' id='word_1_654' title='bbox 632 4633 807 4690; x_wconf 76' lang='lat' dir='ltr'><strong>Paris.</strong></span> <span class='ocrx_word' id='word_1_655' title='bbox 840 4643 894 4690; x_wconf 90' lang='lat' dir='ltr'><strong>et</strong></span> <span class='ocrx_word' id='word_1_656' title='bbox 922 4634 1098 4690; x_wconf 69' lang='lat' dir='ltr'><strong>Btaot.</strong></span> 
     </span>
    </p>
   </div>
   <div class='ocr_carea' id='block_1_89' title="bbox 166 4651 1705 4818">
    <p class='ocr_par' dir='ltr' id='par_1_89' title="bbox 166 4651 1705 4818">
     <span class='ocr_line' id='line_1_90' title="bbox 166 4651 1098 4707; baseline 0.011 -28"><span class='ocrx_word' id='word_1_657' title='bbox 166 4651 307 4685; x_wconf 74' lang='grc' dir='ltr'>ωνιδι.</span> <span class='ocrx_word' id='word_1_658' title='bbox 337 4651 597 4698; x_wconf 81' lang='lat' dir='ltr'><strong>secundo,</strong></span> <span class='ocrx_word' id='word_1_659' title='bbox 632 4651 807 4690; x_wconf 73' lang='lat' dir='ltr'><strong>rans.</strong></span> <span class='ocrx_word' id='word_1_660' title='bbox 840 4651 894 4690; x_wconf 89' lang='lat' dir='ltr'><strong>et</strong></span> <span class='ocrx_word' id='word_1_661' title='bbox 922 4651 1098 4707; x_wconf 75' lang='lat' dir='ltr'><strong>uigor.</strong></span> 
     </span>
     <span class='ocr_line' id='line_1_91' title="bbox 166 4698 1705 4818; baseline -0.013 -47"><span class='ocrx_word' id='word_1_662' title='bbox 166 4698 288 4818; x_wconf 44' lang='lat' dir='ltr'><strong>me)</strong></span> <span class='ocrx_word' id='word_1_663' title='bbox 329 4701 677 4773; x_wconf 76' lang='grc' dir='ltr'>Ἀγαπητῶς.</span> <span class='ocrx_word' id='word_1_664' title='bbox 715 4704 790 4761; x_wconf 91' lang='lat' dir='ltr'><strong>lta</strong></span> <span class='ocrx_word' id='word_1_665' title='bbox 839 4720 973 4762; x_wconf 89' lang='lat' dir='ltr'><strong>mss.</strong></span> <span class='ocrx_word' id='word_1_666' title='bbox 1020 4721 1235 4762; x_wconf 90' lang='lat' dir='ltr'><strong>novem.</strong></span> <span class='ocrx_word' id='word_1_667' title='bbox 1269 4705 1411 4761; x_wconf 83' lang='lat' dir='ltr'><strong>Editi</strong></span> <span class='ocrx_word' id='word_1_668' title='bbox 1436 4708 1705 4779; x_wconf 78' lang='grc' dir='ltr'>ἀγαπητι.</span> 
     </span>
    </p>
   </div>
   <div class='ocr_carea' id='block_1_90' title="bbox 195 4785 272 4831">
    <p class='ocr_par' dir='ltr' id='par_1_90' title="bbox 195 4785 272 4831">
     <span class='ocr_line' id='line_1_92' title="bbox 195 4785 272 4831; baseline 0.026 -11"><span class='ocrx_word' id='word_1_669' title='bbox 195 4785 272 4831; x_wconf 85' lang='grc' dir='ltr'>ως.</span> 
     </span>
    </p>
   </div>
   <div class='ocr_carea' id='block_1_91' title="bbox 222 4839 1705 4918">
    <p class='ocr_par' dir='ltr' id='par_1_91' title="bbox 222 4839 1705 4918">
     <span class='ocr_line' id='line_1_93' title="bbox 222 4839 1705 4918; baseline 0.006 -23"><span class='ocrx_word' id='word_1_670' title='bbox 222 4839 288 4909; x_wconf 76' lang='grc'>(2)</span> <span class='ocrx_word' id='word_1_671' title='bbox 334 4846 720 4918; x_wconf 68' lang='grc' dir='ltr'>Ἰννοκεντίῳ.</span> <span class='ocrx_word' id='word_1_672' title='bbox 757 4844 928 4918; x_wconf 82' lang='lat' dir='ltr'><strong>Coisl.</strong></span> <span class='ocrx_word' id='word_1_673' title='bbox 969 4853 1218 4918; x_wconf 90' lang='lat' dir='ltr'><strong>uterque,</strong></span> <span class='ocrx_word' id='word_1_674' title='bbox 1269 4844 1443 4910; x_wconf 85' lang='lat' dir='ltr'><strong>Harl.,</strong></span> <span class='ocrx_word' id='word_1_675' title='bbox 1477 4847 1615 4902; x_wconf 83' lang='lat' dir='ltr'><strong>Med.</strong></span> <span class='ocrx_word' id='word_1_676' title='bbox 1650 4857 1705 4906; x_wconf 89' lang='lat' dir='ltr'><strong>et</strong></span> 
     </span>
    </p>
   </div>
   <div class='ocr_carea' id='block_1_92' title="bbox 166 4902 939 4987">
    <p class='ocr_par' dir='ltr' id='par_1_92' title="bbox 166 4902 939 4987">
     <span class='ocr_line' id='line_1_94' title="bbox 166 4902 939 4987; baseline 0.004 -20"><span class='ocrx_word' id='word_1_677' title='bbox 308 4916 578 4987; x_wconf 85' lang='lat' dir='ltr'><strong>secundus</strong></span> <span class='ocrx_word' id='word_1_678' title='bbox 627 4902 939 4987; x_wconf 72' lang='grc' dir='ltr'>Ἰνοκεντίῳ.</span> 
     </span>
    </p>
   </div>
   <div class='ocr_carea' id='block_1_93' title="bbox 225 4981 1701 5056">
    <p class='ocr_par' dir='ltr' id='par_1_93' title="bbox 225 4981 1701 5056">
     <span class='ocr_line' id='line_1_95' title="bbox 225 4981 1701 5056; baseline 0.006 -20"><span class='ocrx_word' id='word_1_679' title='bbox 225 4981 291 5053; x_wconf 79' lang='grc'><strong>(5)</strong></span> <span class='ocrx_word' id='word_1_680' title='bbox 332 4986 405 5041; x_wconf 84' lang='grc' dir='ltr'><em>Τὰ</em></span> <span class='ocrx_word' id='word_1_681' title='bbox 454 4981 1110 5056; x_wconf 31' lang='grc' dir='ltr'>δέᾼπροσυφαιιὲόμενα.</span> <span class='ocrx_word' id='word_1_682' title='bbox 1143 4987 1297 5054; x_wconf 84' lang='lat' dir='ltr'><strong>Quod</strong></span> <span class='ocrx_word' id='word_1_683' title='bbox 1331 4987 1411 5056; x_wconf 84' lang='lat' dir='ltr'><strong>ait</strong></span> <span class='ocrx_word' id='word_1_684' title='bbox 1450 4987 1701 5053; x_wconf 88' lang='lat' dir='ltr'><strong>Basilius,</strong></span> 
     </span>
    </p>
   </div>
   <div class='ocr_carea' id='block_1_94' title="bbox 168 5053 1706 5126">
    <p class='ocr_par' dir='ltr' id='par_1_94' title="bbox 168 5053 1706 5126">
     <span class='ocr_line' id='line_1_96' title="bbox 168 5053 1706 5126; baseline 0.006 -20"><span class='ocrx_word' id='word_1_685' title='bbox 168 5060 217 5100; x_wconf 75' lang='lat' dir='ltr'><strong>se</strong></span> <span class='ocrx_word' id='word_1_686' title='bbox 265 5062 457 5110; x_wconf 82' lang='lat' dir='ltr'><strong>attexta</strong></span> <span class='ocrx_word' id='word_1_687' title='bbox 502 5053 734 5111; x_wconf 65' lang='lat' dir='ltr'><strong>Nicaenae</strong></span> <span class='ocrx_word' id='word_1_688' title='bbox 768 5053 907 5112; x_wconf 80' lang='lat' dir='ltr'><strong>fidei</strong></span> <span class='ocrx_word' id='word_1_689' title='bbox 935 5053 1185 5126; x_wconf 77' lang='lat' dir='ltr'><strong>dogmata</strong></span> <span class='ocrx_word' id='word_1_690' title='bbox 1229 5059 1296 5113; x_wconf 92' lang='lat' dir='ltr'><strong>de</strong></span> <span class='ocrx_word' id='word_1_691' title='bbox 1327 5055 1706 5115; x_wconf 90' lang='lat' dir='ltr'><strong>lncarnatione</strong></span> 
     </span>
    </p>
   </div>
   <div class='ocr_carea' id='block_1_95' title="bbox 168 5128 1705 5200">
    <p class='ocr_par' dir='ltr' id='par_1_95' title="bbox 168 5128 1705 5200">
     <span class='ocr_line' id='line_1_97' title="bbox 168 5128 1705 5200; baseline 0.005 -22"><span class='ocrx_word' id='word_1_692' title='bbox 168 5129 624 5200; x_wconf 77' lang='lat' dir='ltr'><strong>net:_e_xaminasse,</strong></span> <span class='ocrx_word' id='word_1_693' title='bbox 661 5142 774 5200; x_wconf 30' lang='lat' dir='ltr'><strong>nec‘</strong></span> <span class='ocrx_word' id='word_1_694' title='bbox 804 5129 1094 5200; x_wconf 80' lang='lat' dir='ltr'><strong>recepisse,</strong></span> <span class='ocrx_word' id='word_1_695' title='bbox 1126 5128 1178 5182; x_wconf 91' lang='lat' dir='ltr'><strong>id</strong></span> <span class='ocrx_word' id='word_1_696' title='bbox 1212 5128 1280 5184; x_wconf 88' lang='lat' dir='ltr'><strong>de</strong></span> <span class='ocrx_word' id='word_1_697' title='bbox 1308 5129 1429 5200; x_wconf 89' lang='lat' dir='ltr'><strong>ipso</strong></span> <span class='ocrx_word' id='word_1_698' title='bbox 1456 5128 1705 5200; x_wconf 81' lang='lat' dir='ltr'><strong>dogmate</strong></span> 
     </span>
    </p>
   </div>
   <div class='ocr_carea' id='block_1_96' title="bbox 170 5192 1706 5269">
    <p class='ocr_par' dir='ltr' id='par_1_96' title="bbox 170 5192 1706 5269">
     <span class='ocr_line' id='line_1_98' title="bbox 170 5192 1706 5269; baseline 0.007 -26"><span class='ocrx_word' id='word_1_699' title='bbox 170 5192 323 5269; x_wconf 72' lang='lat' dir='ltr'><strong>accipi</strong></span> <span class='ocrx_word' id='word_1_700' title='bbox 342 5211 448 5252; x_wconf 91' lang='lat' dir='ltr'><strong>non</strong></span> <span class='ocrx_word' id='word_1_701' title='bbox 461 5196 652 5269; x_wconf 79' lang='lat' dir='ltr'><strong>debet,</strong></span> <span class='ocrx_word' id='word_1_702' title='bbox 684 5195 779 5269; x_wconf 83' lang='lat' dir='ltr'><strong>sed</strong></span> <span class='ocrx_word' id='word_1_703' title='bbox 810 5196 877 5269; x_wconf 84' lang='lat' dir='ltr'><strong>de</strong></span> <span class='ocrx_word' id='word_1_704' title='bbox 917 5192 1083 5252; x_wconf 81' lang='lat' dir='ltr'><strong>modo</strong></span> <span class='ocrx_word' id='word_1_705' title='bbox 1117 5192 1493 5269; x_wconf 65' lang='lat' dir='ltr'><strong>dogmat&#39;isita</strong></span> <span class='ocrx_word' id='word_1_706' title='bbox 1524 5192 1706 5269; x_wconf 70' lang='lat' dir='ltr'><strong>expri-</strong></span> 
     </span>
    </p>
   </div>
   <div class='ocr_carea' id='block_1_97' title="bbox 172 5265 1704 5339">
    <p class='ocr_par' dir='ltr' id='par_1_97' title="bbox 172 5265 1704 5339">
     <span class='ocr_line' id='line_1_99' title="bbox 172 5265 1704 5339; baseline 0.006 -24"><span class='ocrx_word' id='word_1_707' title='bbox 172 5265 346 5339; x_wconf 66' lang='lat' dir='ltr'><strong>luendi,</strong></span> <span class='ocrx_word' id='word_1_708' title='bbox 377 5274 437 5339; x_wconf 80' lang='lat' dir='ltr'><strong>ut</strong></span> <span class='ocrx_word' id='word_1_709' title='bbox 460 5266 700 5323; x_wconf 76' lang='lat' dir='ltr'><strong>haeretici</strong></span> <span class='ocrx_word' id='word_1_710' title='bbox 726 5266 945 5339; x_wconf 86' lang='lat' dir='ltr'><strong>eludere</strong></span> <span class='ocrx_word' id='word_1_711' title='bbox 964 5280 1074 5323; x_wconf 89' lang='lat' dir='ltr'><strong>non</strong></span> <span class='ocrx_word' id='word_1_712' title='bbox 1103 5265 1332 5339; x_wconf 67' lang='lat' dir='ltr'><strong>possint.</strong></span> <span class='ocrx_word' id='word_1_713' title='bbox 1354 5267 1498 5339; x_wconf 82' lang='lat' dir='ltr'><strong>Nam</strong></span> <span class='ocrx_word' id='word_1_714' title='bbox 1525 5265 1704 5338; x_wconf 80' lang='lat' dir='ltr'><strong>ipsum</strong></span> 
     </span>
    </p>
   </div>
   <div class='ocr_carea' id='block_1_98' title="bbox 172 5332 1705 5410">
    <p class='ocr_par' dir='ltr' id='par_1_98' title="bbox 172 5332 1705 5410">
     <span class='ocr_line' id='line_1_100' title="bbox 172 5332 1705 5410; baseline 0.001 -17"><span class='ocrx_word' id='word_1_715' title='bbox 172 5332 363 5410; x_wconf 57' lang='lat' dir='ltr'><strong>quidem</strong></span> <span class='ocrx_word' id='word_1_716' title='bbox 407 5336 601 5407; x_wconf 87' lang='lat' dir='ltr'><strong>dogma</strong></span> <span class='ocrx_word' id='word_1_717' title='bbox 644 5337 948 5410; x_wconf 78' lang='lat' dir='ltr'><strong>certissime</strong></span> <span class='ocrx_word' id='word_1_718' title='bbox 992 5332 1210 5395; x_wconf 73' lang='lat' dir='ltr'><strong>tenebat</strong></span> <span class='ocrx_word' id='word_1_719' title='bbox 1240 5338 1493 5410; x_wconf 73' lang='lat' dir='ltr'><strong>Basilius,</strong></span> <span class='ocrx_word' id='word_1_720' title='bbox 1529 5332 1705 5410; x_wconf 78' lang='lat' dir='ltr'><strong>neque</strong></span> 
     </span>
    </p>
   </div>
   <div class='ocr_carea' id='block_1_99' title="bbox 174 5398 1706 5464">
    <p class='ocr_par' dir='ltr' id='par_1_99' title="bbox 174 5398 1706 5464">
     <span class='ocr_line' id='line_1_101' title="bbox 174 5398 1706 5464; baseline 0.005 -7"><span class='ocrx_word' id='word_1_721' title='bbox 174 5398 228 5450; x_wconf 76' lang='lat' dir='ltr'><strong>ad</strong></span> <span class='ocrx_word' id='word_1_722' title='bbox 248 5419 357 5459; x_wconf 90' lang='lat' dir='ltr'><strong>eam</strong></span> <span class='ocrx_word' id='word_1_723' title='bbox 400 5398 512 5462; x_wconf 74' lang='lat' dir='ltr'><strong>rem</strong></span> <span class='ocrx_word' id='word_1_724' title='bbox 553 5422 691 5464; x_wconf 83' lang='lat' dir='ltr'><strong>onus</strong></span> <span class='ocrx_word' id='word_1_725' title='bbox 720 5407 951 5463; x_wconf 88' lang='lat' dir='ltr'><strong>habebat</strong></span> <span class='ocrx_word' id='word_1_726' title='bbox 985 5410 1253 5463; x_wconf 76' lang='lat' dir='ltr'><strong>examine.</strong></span> <span class='ocrx_word' id='word_1_727' title='bbox 1286 5407 1391 5463; x_wconf 89' lang='lat' dir='ltr'><strong>Sed</strong></span> <span class='ocrx_word' id='word_1_728' title='bbox 1416 5398 1540 5463; x_wconf 87' lang='lat' dir='ltr'><strong>cum</strong></span> <span class='ocrx_word' id='word_1_729' title='bbox 1566 5398 1706 5464; x_wconf 80' lang='lat' dir='ltr'><strong>non-</strong></span> 
     </span>
    </p>
   </div>
   <div class='ocr_carea' id='block_1_100' title="bbox 173 5472 1707 5547">
    <p class='ocr_par' dir='ltr' id='par_1_100' title="bbox 173 5472 1707 5547">
     <span class='ocr_line' id='line_1_102' title="bbox 173 5472 1707 5547; baseline 0.007 -24"><span class='ocrx_word' id='word_1_730' title='bbox 173 5472 286 5547; x_wconf 60' lang='grc' dir='ltr'>πριιιιί</span> <span class='ocrx_word' id='word_1_731' title='bbox 312 5473 551 5532; x_wconf 59' lang='lat' dir='ltr'><strong>formula;</strong></span> <span class='ocrx_word' id='word_1_732' title='bbox 589 5472 829 5533; x_wconf 63' lang='lat' dir='ltr'><strong>Nicaeum</strong></span> <span class='ocrx_word' id='word_1_733' title='bbox 858 5477 1064 5547; x_wconf 84' lang='lat' dir='ltr'><strong>aliquid</strong></span> <span class='ocrx_word' id='word_1_734' title='bbox 1091 5478 1159 5534; x_wconf 89' lang='lat' dir='ltr'><strong>de</strong></span> <span class='ocrx_word' id='word_1_735' title='bbox 1190 5478 1569 5533; x_wconf 82' lang='lat' dir='ltr'><strong>lncarnatione</strong></span> <span class='ocrx_word' id='word_1_736' title='bbox 1611 5478 1707 5534; x_wconf 88' lang='lat' dir='ltr'><strong>ad-</strong></span> 
     </span>
    </p>
   </div>
   <div class='ocr_carea' id='block_1_101' title="bbox 172 5536 1704 5618">
    <p class='ocr_par' dir='ltr' id='par_1_101' title="bbox 172 5536 1704 5618">
     <span class='ocr_line' id='line_1_103' title="bbox 172 5536 1704 5618; baseline 0.008 -24"><span class='ocrx_word' id='word_1_737' title='bbox 172 5536 337 5598; x_wconf 88' lang='lat' dir='ltr'><strong>derent</strong></span> <span class='ocrx_word' id='word_1_738' title='bbox 355 5547 421 5601; x_wconf 91' lang='lat' dir='ltr'><strong>ad</strong></span> <span class='ocrx_word' id='word_1_739' title='bbox 453 5548 889 5618; x_wconf 88' lang='lat' dir='ltr'><strong>comprimendos</strong></span> <span class='ocrx_word' id='word_1_740' title='bbox 905 5536 1352 5617; x_wconf 75' lang='lat' dir='ltr'><strong>Apollinaristas;</strong></span> <span class='ocrx_word' id='word_1_741' title='bbox 1392 5547 1447 5602; x_wconf 89' lang='lat' dir='ltr'><strong>id</strong></span> <span class='ocrx_word' id='word_1_742' title='bbox 1474 5548 1704 5606; x_wconf 85' lang='lat' dir='ltr'><strong>Basilius</strong></span> 
     </span>
    </p>
   </div>
   <div class='ocr_carea' id='block_1_102' title="bbox 172 5618 1704 5690">
    <p class='ocr_par' dir='ltr' id='par_1_102' title="bbox 172 5618 1704 5690">
     <span class='ocr_line' id='line_1_104' title="bbox 172 5618 1704 5690; baseline -0.008 -1"><span class='ocrx_word' id='word_1_743' title='bbox 172 5618 717 5690; x_wconf 58' lang='grc' dir='ltr'><strong>Ρθβηςιθωὶιιανθηι.</strong></span> <span class='ocrx_word' id='word_1_744' title='bbox 749 5632 852 5690; x_wconf 73' lang='lat' dir='ltr'><strong>nec</strong></span> <span class='ocrx_word' id='word_1_745' title='bbox 892 5628 1190 5690; x_wconf 77' lang='lat' dir='ltr'><strong>receperat,</strong></span> <span class='ocrx_word' id='word_1_746' title='bbox 1232 5627 1357 5690; x_wconf 12' lang='lat' dir='ltr'><strong>tum,</strong></span> <span class='ocrx_word' id='word_1_747' title='bbox 1385 5618 1513 5690; x_wconf 85' lang='lat' dir='ltr'><strong>quia</strong></span> <span class='ocrx_word' id='word_1_748' title='bbox 1541 5619 1704 5677; x_wconf 87' lang='lat' dir='ltr'><strong>altius</strong></span> 
     </span>
    </p>
   </div>
   <div class='ocr_carea' id='block_1_103' title="bbox 174 5683 1704 5761">
    <p class='ocr_par' dir='ltr' id='par_1_103' title="bbox 174 5683 1704 5761">
     <span class='ocr_line' id='line_1_105' title="bbox 174 5683 1704 5761; baseline 0.006 -25"><span class='ocrx_word' id='word_1_749' title='bbox 174 5683 495 5761; x_wconf 81' lang='lat' dir='ltr'><strong>intelligentia</strong></span> <span class='ocrx_word' id='word_1_750' title='bbox 539 5705 637 5744; x_wconf 88' lang='lat' dir='ltr'><strong>sua</strong></span> <span class='ocrx_word' id='word_1_751' title='bbox 667 5703 787 5761; x_wconf 80' lang='lat' dir='ltr'><strong>esse</strong></span> <span class='ocrx_word' id='word_1_752' title='bbox 820 5683 1086 5761; x_wconf 68' lang='lat' dir='ltr'><strong>ducebat;</strong></span> <span class='ocrx_word' id='word_1_753' title='bbox 1118 5683 1232 5761; x_wconf 77' lang='lat' dir='ltr'><strong>tum</strong></span> <span class='ocrx_word' id='word_1_754' title='bbox 1270 5683 1704 5761; x_wconf 35' lang='lat' dir='ltr'><strong>quiaimetuebat</strong></span> 
     </span>
    </p>
   </div>
   <div class='ocr_carea' id='block_1_104' title="bbox 175 5755 1702 5831">
    <p class='ocr_par' dir='ltr' id='par_1_104' title="bbox 175 5755 1702 5831">
     <span class='ocr_line' id='line_1_106' title="bbox 175 5755 1702 5831; baseline 0.009 -28"><span class='ocrx_word' id='word_1_755' title='bbox 175 5763 232 5805; x_wconf 87' lang='lat' dir='ltr'><strong>ne</strong></span> <span class='ocrx_word' id='word_1_756' title='bbox 272 5755 422 5813; x_wconf 83' lang='lat' dir='ltr'><strong>linem</strong></span> <span class='ocrx_word' id='word_1_757' title='bbox 480 5775 586 5817; x_wconf 85' lang='lat' dir='ltr'><strong>non</strong></span> <span class='ocrx_word' id='word_1_758' title='bbox 634 5759 894 5817; x_wconf 85' lang='lat' dir='ltr'><strong>haberent</strong></span> <span class='ocrx_word' id='word_1_759' title='bbox 922 5758 1190 5830; x_wconf 87' lang='lat' dir='ltr'><strong>ejusmodi</strong></span> <span class='ocrx_word' id='word_1_760' title='bbox 1237 5755 1598 5831; x_wconf 72' lang='lat' dir='ltr'><strong>quaestiones,</strong></span> <span class='ocrx_word' id='word_1_761' title='bbox 1637 5774 1702 5817; x_wconf 91' lang='lat' dir='ltr'><strong>ac</strong></span> 
     </span>
    </p>
   </div>
   <div class='ocr_carea' id='block_1_105' title="bbox 1805 4564 3379 4634">
    <p class='ocr_par' dir='ltr' id='par_1_105' title="bbox 1805 4564 3379 4634">
     <span class='ocr_line' id='line_1_107' title="bbox 1805 4564 3379 4634; baseline -0.003 -14"><span class='ocrx_word' id='word_1_762' title='bbox 1805 4567 1985 4621; x_wconf 89' lang='lat' dir='ltr'><strong>ductis</strong></span> <span class='ocrx_word' id='word_1_763' title='bbox 2015 4566 2357 4622; x_wconf 68' lang='lat' dir='ltr'><strong>lasderentur.</strong></span> <span class='ocrx_word' id='word_1_764' title='bbox 2385 4566 2607 4622; x_wconf 81' lang='lat' dir='ltr'><strong>Minime</strong></span> <span class='ocrx_word' id='word_1_765' title='bbox 2625 4575 2805 4622; x_wconf 92' lang='lat' dir='ltr'><strong>autem</strong></span> <span class='ocrx_word' id='word_1_766' title='bbox 2839 4564 3065 4627; x_wconf 82' lang='lat' dir='ltr'><strong>mirum,</strong></span> <span class='ocrx_word' id='word_1_767' title='bbox 3085 4564 3154 4628; x_wconf 92' lang='lat' dir='ltr'><strong>si,</strong></span> <span class='ocrx_word' id='word_1_768' title='bbox 3186 4578 3379 4634; x_wconf 79' lang='lat' dir='ltr'><strong>quam—</strong></span> 
     </span>
    </p>
   </div>
   <div class='ocr_carea' id='block_1_106' title="bbox 1804 4634 3379 4707">
    <p class='ocr_par' dir='ltr' id='par_1_106' title="bbox 1804 4634 3379 4707">
     <span class='ocr_line' id='line_1_108' title="bbox 1804 4634 3379 4707; baseline -0.003 -17"><span class='ocrx_word' id='word_1_769' title='bbox 1804 4638 1887 4692; x_wconf 88' lang='lat' dir='ltr'><strong>vis</strong></span> <span class='ocrx_word' id='word_1_770' title='bbox 1907 4636 2165 4691; x_wconf 89' lang='lat' dir='ltr'><strong>Basilinm</strong></span> <span class='ocrx_word' id='word_1_771' title='bbox 2196 4654 2353 4694; x_wconf 90' lang='lat' dir='ltr'><strong>nemo</strong></span> <span class='ocrx_word' id='word_1_772' title='bbox 2376 4636 2708 4707; x_wconf 84' lang='lat' dir='ltr'><strong>intelligendi</strong></span> <span class='ocrx_word' id='word_1_773' title='bbox 2742 4643 2796 4691; x_wconf 88' lang='lat' dir='ltr'><strong>et</strong></span> <span class='ocrx_word' id='word_1_774' title='bbox 2824 4634 3133 4707; x_wconf 78' lang='lat' dir='ltr'><strong>explicandi</strong></span> <span class='ocrx_word' id='word_1_775' title='bbox 3154 4634 3379 4703; x_wconf 80' lang='lat' dir='ltr'><strong>dogma-</strong></span> 
     </span>
    </p>
   </div>
   <div class='ocr_carea' id='block_1_107' title="bbox 1805 4704 3380 4778">
    <p class='ocr_par' dir='ltr' id='par_1_107' title="bbox 1805 4704 3380 4778">
     <span class='ocr_line' id='line_1_109' title="bbox 1805 4704 3380 4778; baseline -0.001 -19"><span class='ocrx_word' id='word_1_776' title='bbox 1805 4707 1877 4778; x_wconf 77' lang='lat' dir='ltr'><strong>tis</strong></span> <span class='ocrx_word' id='word_1_777' title='bbox 1919 4707 2063 4762; x_wconf 88' lang='lat' dir='ltr'><strong>dono</strong></span> <span class='ocrx_word' id='word_1_778' title='bbox 2106 4716 2412 4778; x_wconf 88' lang='lat' dir='ltr'><strong>superaret,</strong></span> <span class='ocrx_word' id='word_1_779' title='bbox 2453 4704 2676 4764; x_wconf 74' lang='lat' dir='ltr'><strong>suarum</strong></span> <span class='ocrx_word' id='word_1_780' title='bbox 2723 4714 2905 4759; x_wconf 91' lang='lat' dir='ltr'><strong>tamen</strong></span> <span class='ocrx_word' id='word_1_781' title='bbox 2938 4704 3235 4778; x_wconf 74' lang='lat' dir='ltr'><strong>virium_ac</strong></span> <span class='ocrx_word' id='word_1_782' title='bbox 3266 4719 3380 4757; x_wconf 67' lang='lat' dir='ltr'><strong>suae</strong></span> 
     </span>
    </p>
   </div>
   <div class='ocr_carea' id='block_1_108' title="bbox 1806 4772 3381 4848">
    <p class='ocr_par' dir='ltr' id='par_1_108' title="bbox 1806 4772 3381 4848">
     <span class='ocr_line' id='line_1_110' title="bbox 1806 4772 3381 4848; baseline -0.002 -18"><span class='ocrx_word' id='word_1_783' title='bbox 1806 4775 2081 4848; x_wconf 59' lang='lat' dir='ltr'><strong>facultatis</strong></span> <span class='ocrx_word' id='word_1_784' title='bbox 2128 4772 2249 4834; x_wconf 75' lang='lat' dir='ltr'><strong>esse</strong></span> <span class='ocrx_word' id='word_1_785' title='bbox 2305 4793 2415 4832; x_wconf 89' lang='lat' dir='ltr'><strong>non</strong></span> <span class='ocrx_word' id='word_1_786' title='bbox 2465 4777 2706 4848; x_wconf 85' lang='lat' dir='ltr'><strong>putabat,</strong></span> <span class='ocrx_word' id='word_1_787' title='bbox 2748 4784 2949 4848; x_wconf 76' lang='lat' dir='ltr'><strong>attexta</strong></span> <span class='ocrx_word' id='word_1_788' title='bbox 2995 4774 3117 4848; x_wconf 71' lang='lat' dir='ltr'><strong>fidei</strong></span> <span class='ocrx_word' id='word_1_789' title='bbox 3150 4772 3381 4848; x_wconf 63' lang='lat' dir='ltr'><strong>Nit&#39;mttit:</strong></span> 
     </span>
    </p>
   </div>
   <div class='ocr_carea' id='block_1_109' title="bbox 1806 4843 3378 4917">
    <p class='ocr_par' dir='ltr' id='par_1_109' title="bbox 1806 4843 3378 4917">
     <span class='ocr_line' id='line_1_111' title="bbox 1806 4843 3378 4917; baseline -0.003 -14"><span class='ocrx_word' id='word_1_790' title='bbox 1806 4846 1873 4903; x_wconf 92' lang='lat' dir='ltr'><strong>de</strong></span> <span class='ocrx_word' id='word_1_791' title='bbox 1900 4847 2293 4917; x_wconf 81' lang='lat' dir='ltr'><strong>lncarnatione</strong></span> <span class='ocrx_word' id='word_1_792' title='bbox 2329 4843 2980 4917; x_wconf 75' lang='lat' dir='ltr'><strong>dogmata_examinare._</strong></span> <span class='ocrx_word' id='word_1_793' title='bbox 3017 4843 3197 4917; x_wconf 78' lang='lat' dir='ltr'><strong>Longe</strong></span> <span class='ocrx_word' id='word_1_794' title='bbox 3233 4845 3378 4917; x_wconf 80' lang='lat' dir='ltr'><strong>enim</strong></span> 
     </span>
    </p>
   </div>
   <div class='ocr_carea' id='block_1_110' title="bbox 1742 4913 3382 4974">
    <p class='ocr_par' dir='ltr' id='par_1_110' title="bbox 1742 4913 3382 4974">
     <span class='ocr_line' id='line_1_112' title="bbox 1742 4913 3382 4974; baseline -0.004 -3"><span class='ocrx_word' id='word_1_795' title='bbox 1742 4948 1747 4951; x_wconf 55' lang='grc' dir='ltr'><strong>η</strong></span> <span class='ocrx_word' id='word_1_796' title='bbox 1805 4916 2179 4973; x_wconf 71' lang='lat' dir='ltr'><strong>difficillimum</strong></span> <span class='ocrx_word' id='word_1_797' title='bbox 2214 4913 2429 4974; x_wconf 70' lang='lat' dir='ltr'><strong>sciebat</strong></span> <span class='ocrx_word' id='word_1_798' title='bbox 2447 4932 2570 4973; x_wconf 86' lang='lat' dir='ltr'><strong>esse</strong></span> <span class='ocrx_word' id='word_1_799' title='bbox 2590 4915 2878 4970; x_wconf 90' lang='lat' dir='ltr'><strong>formulam</strong></span> <span class='ocrx_word' id='word_1_800' title='bbox 2912 4913 3036 4969; x_wconf 85' lang='lat' dir='ltr'><strong>fidei</strong></span> <span class='ocrx_word' id='word_1_801' title='bbox 3066 4913 3152 4968; x_wconf 80' lang='lat' dir='ltr'><strong>ita</strong></span> <span class='ocrx_word' id='word_1_802' title='bbox 3175 4913 3382 4969; x_wconf 83' lang='lat' dir='ltr'><strong>consti-</strong></span> 
     </span>
    </p>
   </div>
   <div class='ocr_carea' id='block_1_111' title="bbox 1806 4983 3381 5055">
    <p class='ocr_par' dir='ltr' id='par_1_111' title="bbox 1806 4983 3381 5055">
     <span class='ocr_line' id='line_1_113' title="bbox 1806 4983 3381 5055; baseline -0.004 -15"><span class='ocrx_word' id='word_1_803' title='bbox 1806 4996 1979 5051; x_wconf 90' lang='lat' dir='ltr'><strong>tuere,</strong></span> <span class='ocrx_word' id='word_1_804' title='bbox 2016 4997 2108 5055; x_wconf 92' lang='lat' dir='ltr'><strong>ut,</strong></span> <span class='ocrx_word' id='word_1_805' title='bbox 2130 4989 2276 5055; x_wconf 90' lang='lat' dir='ltr'><strong>quod</strong></span> <span class='ocrx_word' id='word_1_806' title='bbox 2302 4989 2525 5042; x_wconf 89' lang='lat' dir='ltr'><strong>omnino</strong></span> <span class='ocrx_word' id='word_1_807' title='bbox 2557 4986 2923 5055; x_wconf 85' lang='lat' dir='ltr'><strong>necessarium</strong></span> <span class='ocrx_word' id='word_1_808' title='bbox 2954 5000 3075 5040; x_wconf 87' lang='lat' dir='ltr'><strong>esse</strong></span> <span class='ocrx_word' id='word_1_809' title='bbox 3103 4983 3170 5036; x_wconf 91' lang='lat' dir='ltr'><strong>ad</strong></span> <span class='ocrx_word' id='word_1_810' title='bbox 3204 4983 3381 5055; x_wconf 39' lang='lat' dir='ltr'><strong>legiti;</strong></span> 
     </span>
    </p>
   </div>
   <div class='ocr_carea' id='block_1_112' title="bbox 1806 5051 3379 5125">
    <p class='ocr_par' dir='ltr' id='par_1_112' title="bbox 1806 5051 3379 5125">
     <span class='ocr_line' id='line_1_114' title="bbox 1806 5051 3379 5125; baseline -0.005 -15"><span class='ocrx_word' id='word_1_811' title='bbox 1806 5064 1947 5111; x_wconf 85' lang='lat' dir='ltr'><strong>mam</strong></span> <span class='ocrx_word' id='word_1_812' title='bbox 1972 5051 2259 5114; x_wconf 79' lang='lat' dir='ltr'><strong>formulam</strong></span> <span class='ocrx_word' id='word_1_813' title='bbox 2291 5057 2451 5113; x_wconf 88' lang='lat' dir='ltr'><strong>docet</strong></span> <span class='ocrx_word' id='word_1_814' title='bbox 2486 5058 2580 5113; x_wconf 91' lang='lat' dir='ltr'><strong>lib.</strong></span> <span class='ocrx_word' id='word_1_815' title='bbox 2614 5056 2712 5110; x_wconf 76' lang='lat' dir='ltr'><strong>lin</strong></span> <span class='ocrx_word' id='word_1_816' title='bbox 2744 5054 3068 5125; x_wconf 78' lang='lat' dir='ltr'><strong>Eunom.,p.</strong></span> <span class='ocrx_word' id='word_1_817' title='bbox 3099 5055 3225 5116; x_wconf 74' lang='grc'><strong>215,</strong></span> <span class='ocrx_word' id='word_1_818' title='bbox 3246 5051 3379 5125; x_wconf 71' lang='lat' dir='ltr'><strong>nihil</strong></span> 
     </span>
    </p>
   </div>
   <div class='ocr_carea' id='block_1_113' title="bbox 1806 5120 3380 5195">
    <p class='ocr_par' dir='ltr' id='par_1_113' title="bbox 1806 5120 3380 5195">
     <span class='ocr_line' id='line_1_115' title="bbox 1806 5120 3380 5195; baseline -0.007 -12"><span class='ocrx_word' id='word_1_819' title='bbox 1806 5129 1855 5183; x_wconf 91' lang='lat' dir='ltr'><strong>ei</strong></span> <span class='ocrx_word' id='word_1_820' title='bbox 1885 5128 2057 5192; x_wconf 90' lang='lat' dir='ltr'><strong>desit,</strong></span> <span class='ocrx_word' id='word_1_821' title='bbox 2096 5137 2149 5185; x_wconf 91' lang='lat' dir='ltr'><strong>et</strong></span> <span class='ocrx_word' id='word_1_822' title='bbox 2182 5128 2561 5184; x_wconf 62' lang='lat' dir='ltr'><strong>haereticorum</strong></span> <span class='ocrx_word' id='word_1_823' title='bbox 2597 5142 2700 5180; x_wconf 87' lang='lat' dir='ltr'><strong>usu</strong></span> <span class='ocrx_word' id='word_1_824' title='bbox 2755 5124 2853 5179; x_wconf 83' lang='lat' dir='ltr'><strong>teri</strong></span> <span class='ocrx_word' id='word_1_825' title='bbox 2888 5120 3239 5195; x_wconf 60' lang='lat' dir='ltr'><strong>pon&#39;possit.</strong></span> <span class='ocrx_word' id='word_1_826' title='bbox 3273 5120 3380 5195; x_wconf 75' lang='lat' dir='ltr'><strong>Nec</strong></span> 
     </span>
    </p>
   </div>
   <div class='ocr_carea' id='block_1_114' title="bbox 1806 5193 3378 5269">
    <p class='ocr_par' dir='ltr' id='par_1_114' title="bbox 1806 5193 3378 5269">
     <span class='ocr_line' id='line_1_116' title="bbox 1806 5193 3378 5269; baseline -0.004 -18"><span class='ocrx_word' id='word_1_827' title='bbox 1806 5212 1930 5252; x_wconf 91' lang='lat' dir='ltr'><strong>eum</strong></span> <span class='ocrx_word' id='word_1_828' title='bbox 1967 5200 2165 5254; x_wconf 88' lang='lat' dir='ltr'><strong>latebat</strong></span> <span class='ocrx_word' id='word_1_829' title='bbox 2204 5200 2351 5269; x_wconf 89' lang='lat' dir='ltr'><strong>ipsos</strong></span> <span class='ocrx_word' id='word_1_830' title='bbox 2397 5200 2561 5253; x_wconf 87' lang='lat' dir='ltr'><strong>etiam</strong></span> <span class='ocrx_word' id='word_1_831' title='bbox 2610 5193 3078 5269; x_wconf 28' lang='lat' dir='ltr'><strong>Nicaenos‘Patre’s</strong></span> <span class='ocrx_word' id='word_1_832' title='bbox 3111 5193 3378 5251; x_wconf 66' lang='lat' dir='ltr'><strong>formulae,</strong></span> 
     </span>
    </p>
   </div>
   <div class='ocr_carea' id='block_1_115' title="bbox 1805 5264 3382 5339">
    <p class='ocr_par' dir='ltr' id='par_1_115' title="bbox 1805 5264 3382 5339">
     <span class='ocr_line' id='line_1_117' title="bbox 1805 5264 3382 5339; baseline -0.003 -18"><span class='ocrx_word' id='word_1_833' title='bbox 1805 5284 1971 5338; x_wconf 86' lang='lat' dir='ltr'><strong>quam</strong></span> <span class='ocrx_word' id='word_1_834' title='bbox 2023 5264 2632 5339; x_wconf 63' lang='lat' dir='ltr'><strong>primo&#39;condiderant,</strong></span> <span class='ocrx_word' id='word_1_835' title='bbox 2679 5264 2882 5339; x_wconf 83' lang='lat' dir='ltr'><strong>aliquid</strong></span> <span class='ocrx_word' id='word_1_836' title='bbox 2928 5264 3382 5339; x_wconf 85' lang='lat' dir='ltr'><strong>addere__coactos</strong></span> 
     </span>
    </p>
   </div>
   <div class='ocr_carea' id='block_1_116' title="bbox 1807 5334 3383 5411">
    <p class='ocr_par' dir='ltr' id='par_1_116' title="bbox 1807 5334 3383 5411">
     <span class='ocr_line' id='line_1_118' title="bbox 1807 5334 3383 5411; baseline -0.004 -20"><span class='ocrx_word' id='word_1_837' title='bbox 1807 5334 1997 5411; x_wconf 79' lang='lat' dir='ltr'><strong>fuisse,</strong></span> <span class='ocrx_word' id='word_1_838' title='bbox 2023 5334 2487 5411; x_wconf 71' lang='lat' dir='ltr'><strong>postquamillam</strong></span> <span class='ocrx_word' id='word_1_839' title='bbox 2521 5338 2591 5392; x_wconf 88' lang='lat' dir='ltr'><strong>ab</strong></span> <span class='ocrx_word' id='word_1_840' title='bbox 2621 5334 2999 5394; x_wconf 67' lang='lat' dir='ltr'><strong>hmreticorum</strong></span> <span class='ocrx_word' id='word_1_841' title='bbox 3025 5334 3251 5389; x_wconf 90' lang='lat' dir='ltr'><strong>auribus</strong></span> <span class='ocrx_word' id='word_1_842' title='bbox 3273 5345 3383 5391; x_wconf 77' lang='lat' dir='ltr'><strong>nor.</strong></span> 
     </span>
    </p>
   </div>
   <div class='ocr_carea' id='block_1_117' title="bbox 1808 5409 2641 5465">
    <p class='ocr_par' dir='ltr' id='par_1_117' title="bbox 1808 5409 2641 5465">
     <span class='ocr_line' id='line_1_119' title="bbox 1808 5409 2641 5465; baseline -0.002 -3"><span class='ocrx_word' id='word_1_843' title='bbox 1808 5409 2102 5465; x_wconf 87' lang='lat' dir='ltr'><strong>abhorrere</strong></span> <span class='ocrx_word' id='word_1_844' title='bbox 2124 5409 2641 5463; x_wconf 86' lang='lat' dir='ltr'><strong>animadverterunt.</strong></span> 
     </span>
    </p>
   </div>
   <div class='ocr_carea' id='block_1_118' title="bbox 1878 5474 3140 5549">
    <p class='ocr_par' dir='ltr' id='par_1_118' title="bbox 1878 5474 3140 5549">
     <span class='ocr_line' id='line_1_120' title="bbox 1878 5474 3140 5549; baseline -0.003 -15"><span class='ocrx_word' id='word_1_845' title='bbox 1878 5479 1956 5549; x_wconf 79' lang='grc'>(4)</span> <span class='ocrx_word' id='word_1_846' title='bbox 1984 5479 2134 5533; x_wconf 82' lang='grc' dir='ltr'>Οὔτε</span> <span class='ocrx_word' id='word_1_847' title='bbox 2157 5496 2233 5532; x_wconf 84' lang='grc' dir='ltr'>τι.</span> <span class='ocrx_word' id='word_1_848' title='bbox 2268 5477 2359 5549; x_wconf 86' lang='lat' dir='ltr'><strong>Sic</strong></span> <span class='ocrx_word' id='word_1_849' title='bbox 2387 5492 2576 5549; x_wconf 77' lang='lat' dir='ltr'><strong>omnes</strong></span> <span class='ocrx_word' id='word_1_850' title='bbox 2598 5492 2730 5549; x_wconf 75' lang='lat' dir='ltr'><strong>mss.</strong></span> <span class='ocrx_word' id='word_1_851' title='bbox 2766 5474 2916 5549; x_wconf 76' lang='lat' dir='ltr'><strong>_Edi_ti</strong></span> <span class='ocrx_word' id='word_1_852' title='bbox 2936 5474 3140 5549; x_wconf 79' lang='grc' dir='ltr'>οὐκέτι.</span> 
     </span>
    </p>
   </div>
   <div class='ocr_carea' id='block_1_119' title="bbox 1878 5540 3382 5619">
    <p class='ocr_par' dir='ltr' id='par_1_119' title="bbox 1878 5540 3382 5619">
     <span class='ocr_line' id='line_1_121' title="bbox 1878 5540 3382 5619; baseline -0.005 -15"><span class='ocrx_word' id='word_1_853' title='bbox 1878 5540 1956 5619; x_wconf 80' lang='grc'><strong>(5)</strong></span> <span class='ocrx_word' id='word_1_854' title='bbox 1994 5547 2513 5619; x_wconf 75' lang='grc' dir='ltr'>Παραταράξομεν.</span> <span class='ocrx_word' id='word_1_855' title='bbox 2539 5546 2616 5601; x_wconf 90' lang='lat' dir='ltr'><strong>lta</strong></span> <span class='ocrx_word' id='word_1_856' title='bbox 2656 5546 2827 5619; x_wconf 65' lang='lat' dir='ltr'><strong>ﬂarl.,</strong></span> <span class='ocrx_word' id='word_1_857' title='bbox 2860 5544 2991 5619; x_wconf 77' lang='lat' dir='ltr'><strong>Reg.</strong></span> <span class='ocrx_word' id='word_1_858' title='bbox 3017 5546 3246 5619; x_wconf 77' lang='lat' dir='ltr'><strong>primus,</strong></span> <span class='ocrx_word' id='word_1_859' title='bbox 3270 5540 3382 5619; x_wconf 49' lang='lat' dir='ltr'><strong>Pa-</strong></span> 
     </span>
    </p>
   </div>
   <div class='ocr_carea' id='block_1_120' title="bbox 1806 5613 3379 5691">
    <p class='ocr_par' dir='ltr' id='par_1_120' title="bbox 1806 5613 3379 5691">
     <span class='ocr_line' id='line_1_122' title="bbox 1806 5613 3379 5691; baseline -0.006 -16"><span class='ocrx_word' id='word_1_860' title='bbox 1806 5613 1904 5677; x_wconf 64' lang='lat' dir='ltr'><strong>ris.</strong></span> <span class='ocrx_word' id='word_1_861' title='bbox 1938 5613 2013 5675; x_wconf 47' lang='lat' dir='ltr'><strong>&#39;et</strong></span> <span class='ocrx_word' id='word_1_862' title='bbox 2042 5613 2246 5691; x_wconf 22' lang='lat' dir='ltr'><strong>iBigot.</strong></span> <span class='ocrx_word' id='word_1_863' title='bbox 2270 5613 2487 5688; x_wconf 78' lang='lat' dir='ltr'><strong>Legitur</strong></span> <span class='ocrx_word' id='word_1_864' title='bbox 2530 5616 2838 5691; x_wconf 59' lang='lat' dir='ltr'><strong>rgpdtﬁopsv</strong></span> <span class='ocrx_word' id='word_1_865' title='bbox 2893 5613 2965 5691; x_wconf 49' lang='lat' dir='ltr'><strong>in:</strong></span> <span class='ocrx_word' id='word_1_866' title='bbox 3000 5613 3179 5691; x_wconf 61' lang='lat' dir='ltr'><strong>tribus</strong></span> <span class='ocrx_word' id='word_1_867' title='bbox 3236 5613 3379 5677; x_wconf 84' lang='lat' dir='ltr'><strong>altis,</strong></span> 
     </span>
    </p>
   </div>
   <div class='ocr_carea' id='block_1_121' title="bbox 1806 5685 3383 5826">
    <p class='ocr_par' dir='ltr' id='par_1_121' title="bbox 1806 5685 3383 5826">
     <span class='ocr_line' id='line_1_123' title="bbox 1806 5685 3383 5826; baseline -0.006 -80"><span class='ocrx_word' id='word_1_868' title='bbox 1806 5706 2003 5826; x_wconf 60' lang='lat' dir='ltr'><strong>nzgtpe</strong></span> <span class='ocrx_word' id='word_1_869' title='bbox 2025 5685 2192 5748; x_wconf 74' lang='lat' dir='ltr'><strong>Coisl.</strong></span> <span class='ocrx_word' id='word_1_870' title='bbox 2220 5685 2449 5763; x_wconf 79' lang='lat' dir='ltr'><strong>utroque</strong></span> <span class='ocrx_word' id='word_1_871' title='bbox 2474 5697 2529 5746; x_wconf 88' lang='lat' dir='ltr'><strong>et</strong></span> <span class='ocrx_word' id='word_1_872' title='bbox 2549 5685 2721 5761; x_wconf 81' lang='lat' dir='ltr'><strong>Regio</strong></span> <span class='ocrx_word' id='word_1_873' title='bbox 2741 5685 3009 5744; x_wconf 75' lang='lat' dir='ltr'><strong>secundo.</strong></span> <span class='ocrx_word' id='word_1_874' title='bbox 3040 5685 3184 5740; x_wconf 89' lang='lat' dir='ltr'><strong>Editi</strong></span> <span class='ocrx_word' id='word_1_875' title='bbox 3204 5699 3383 5753; x_wconf 66' lang='grc' dir='ltr'>παρα-</span> 
     </span>
     <span class='ocr_line' id='line_1_124' title="bbox 1808 5778 2056 5826; baseline -0.004 -11"><span class='ocrx_word' id='word_1_876' title='bbox 1808 5779 1839 5815; x_wconf 92' lang='grc' dir='ltr'><strong>τ</strong></span> <span class='ocrx_word' id='word_1_877' title='bbox 1907 5778 2056 5826; x_wconf 87' lang='grc' dir='ltr'>ομεν.</span> 
     </span>
    </p>
   </div>
   <div class='ocr_carea' id='block_1_122' title="bbox 1808 5778 2056 5832">
    <p class='ocr_par' dir='ltr' id='par_1_122' title="bbox 1808 5778 2056 5832">
     <span class='ocr_line' id='line_1_125' title="bbox 1808 5778 2056 5832; baseline -0.004 -17"><span class='ocrx_word' id='word_1_878' title='bbox 1808 5778 2056 5832; x_wconf 78' lang='grc' dir='ltr'>ταςομεν.</span> 
     </span>
    </p>
   </div>
  </div>
