  <div class='ocr_page' id='page_1' title='image "/cluster/home/n/w/nwhite01/storage/ocr_20150623/32/hvd.32044020606729/485.png"; bbox 0 0 3810 6508; ppageno 0'>
   <div class='ocr_carea' id='block_1_1' title="bbox 504 303 602 361">
    <p class='ocr_par' dir='ltr' id='par_1_1' title="bbox 504 303 602 361">
     <span class='ocr_line' id='line_1_1' title="bbox 504 303 602 361; baseline 0.02 -2"><span class='ocrx_word' id='word_1_1' title='bbox 504 303 602 361; x_wconf 74' lang='lat'><strong>951</strong></span> 
     </span>
    </p>
   </div>
   <div class='ocr_carea' id='block_1_2' title="bbox 1851 310 3751 379">
    <p class='ocr_par' dir='ltr' id='par_1_2' title="bbox 1851 310 3751 379">
     <span class='ocr_line' id='line_1_2' title="bbox 1851 310 3751 379; baseline 0.006 -11"><span class='ocrx_word' id='word_1_2' title='bbox 1851 312 1911 368; x_wconf 80' lang='lat' dir='ltr'><strong>S.</strong></span> <span class='ocrx_word' id='word_1_3' title='bbox 1952 310 2196 368; x_wconf 76' lang='lat' dir='ltr'><strong>BASILII</strong></span> <span class='ocrx_word' id='word_1_4' title='bbox 2235 311 2448 368; x_wconf 78' lang='lat' dir='ltr'><strong>MAG-Nl</strong></span> <span class='ocrx_word' id='word_1_5' title='bbox 3594 323 3669 379; x_wconf 69' lang='lat'><strong>952</strong></span> <span class='ocrx_word' id='word_1_6' title='bbox 3750 320 3751 329; x_wconf 54' lang='grc'><em>“</em></span> 
     </span>
    </p>
   </div>
   <div class='ocr_carea' id='block_1_3' title="bbox 499 399 2065 501">
    <p class='ocr_par' dir='ltr' id='par_1_3' title="bbox 499 399 2065 493">
     <span class='ocr_line' id='line_1_3' title="bbox 499 399 2065 493; baseline 0.008 -26"><span class='ocrx_word' id='word_1_7' title='bbox 499 414 614 474; x_wconf 87' lang='lat' dir='ltr'><strong>illic</strong></span> <span class='ocrx_word' id='word_1_8' title='bbox 662 416 897 487; x_wconf 85' lang='lat' dir='ltr'><strong>primum</strong></span> <span class='ocrx_word' id='word_1_9' title='bbox 924 416 1370 474; x_wconf 87' lang='lat' dir='ltr'><strong>Christianorum</strong></span> <span class='ocrx_word' id='word_1_10' title='bbox 1397 421 1572 491; x_wconf 79' lang='lat' dir='ltr'><strong>viguit</strong></span> <span class='ocrx_word' id='word_1_11' title='bbox 1623 399 1942 493; x_wconf 83' lang='lat' dir='ltr'><strong>appellatio.</strong></span> <span class='ocrx_word' id='word_1_12' title='bbox 1997 425 2065 479; x_wconf 74' lang='lat' dir='ltr'><strong>At</strong></span> 
     </span>
    </p>
   </div>
   <div class='ocr_carea' id='block_1_4' title="bbox 2174 399 3751 501">
    <p class='ocr_par' dir='ltr' id='par_1_4' title="bbox 2180 425 3751 501">
     <span class='ocr_line' id='line_1_4' title="bbox 2180 425 3751 501; baseline 0.022 -36"><span class='ocrx_word' id='word_1_13' title='bbox 2180 425 2287 482; x_wconf 71' lang='grc' dir='ltr'><strong>τῶν</strong></span> <span class='ocrx_word' id='word_1_14' title='bbox 2317 427 2663 498; x_wconf 83' lang='grc' dir='ltr'><strong>Χριστιανῶν</strong></span> <span class='ocrx_word' id='word_1_15' title='bbox 2685 428 3057 501; x_wconf 80' lang='grc' dir='ltr'><strong>προσηγορίαν</strong></span> <span class='ocrx_word' id='word_1_16' title='bbox 3096 429 3568 501; x_wconf 77' lang='grc' dir='ltr'>ὲμπολιτεύσασθαι.</span> <span class='ocrx_word' id='word_1_17' title='bbox 3590 441 3669 496; x_wconf 71' lang='lat' dir='ltr'><strong>Ral</strong></span> <span class='ocrx_word' id='word_1_18' title='bbox 3750 444 3751 451; x_wconf 58' lang='grc'><em>“</em></span> 
     </span>
    </p>
   </div>
   <div class='ocr_carea' id='block_1_5' title="bbox 499 509 2068 583">
    <p class='ocr_par' dir='ltr' id='par_1_5' title="bbox 499 509 2068 583">
     <span class='ocr_line' id='line_1_5' title="bbox 499 509 2068 583; baseline 0.004 -18"><span class='ocrx_word' id='word_1_19' title='bbox 499 512 672 565; x_wconf 90' lang='lat' dir='ltr'><strong>scissa</strong></span> <span class='ocrx_word' id='word_1_20' title='bbox 701 509 919 581; x_wconf 85' lang='lat' dir='ltr'><strong>quidem</strong></span> <span class='ocrx_word' id='word_1_21' title='bbox 941 521 1026 565; x_wconf 90' lang='lat' dir='ltr'><strong>est</strong></span> <span class='ocrx_word' id='word_1_22' title='bbox 1047 510 1272 567; x_wconf 64' lang='lat' dir='ltr'><strong>haeresis</strong></span> <span class='ocrx_word' id='word_1_23' title='bbox 1294 522 1484 567; x_wconf 89' lang='lat' dir='ltr'><strong>contra</strong></span> <span class='ocrx_word' id='word_1_24' title='bbox 1509 522 1712 569; x_wconf 83' lang='lat' dir='ltr'><strong>rectam</strong></span> <span class='ocrx_word' id='word_1_25' title='bbox 1741 514 2068 583; x_wconf 80' lang='lat' dir='ltr'><strong>doctrinam,</strong></span> 
     </span>
    </p>
   </div>
   <div class='ocr_carea' id='block_1_6' title="bbox 497 602 2072 675">
    <p class='ocr_par' dir='ltr' id='par_1_6' title="bbox 497 602 2072 675">
     <span class='ocr_line' id='line_1_6' title="bbox 497 602 2072 675; baseline 0.003 -17"><span class='ocrx_word' id='word_1_26' title='bbox 497 607 673 658; x_wconf 80' lang='lat' dir='ltr'><strong>scissa</strong></span> <span class='ocrx_word' id='word_1_27' title='bbox 701 602 864 656; x_wconf 87' lang='lat' dir='ltr'><strong>etiam</strong></span> <span class='ocrx_word' id='word_1_28' title='bbox 887 613 942 659; x_wconf 91' lang='lat' dir='ltr'><strong>et</strong></span> <span class='ocrx_word' id='word_1_29' title='bbox 973 607 1089 675; x_wconf 90' lang='lat' dir='ltr'><strong>ipsa</strong></span> <span class='ocrx_word' id='word_1_30' title='bbox 1118 613 1310 659; x_wconf 89' lang='lat' dir='ltr'><strong>contra</strong></span> <span class='ocrx_word' id='word_1_31' title='bbox 1341 620 1402 660; x_wconf 84' lang='lat' dir='ltr'><strong>se</strong></span> <span class='ocrx_word' id='word_1_32' title='bbox 1441 615 1591 660; x_wconf 88' lang='lat' dir='ltr'><strong>recta</strong></span> <span class='ocrx_word' id='word_1_33' title='bbox 1635 606 1789 663; x_wconf 83' lang='lat' dir='ltr'><strong>fides.</strong></span> <span class='ocrx_word' id='word_1_34' title='bbox 1823 606 1935 663; x_wconf 90' lang='lat' dir='ltr'><strong>Nos</strong></span> <span class='ocrx_word' id='word_1_35' title='bbox 1974 623 2072 663; x_wconf 80' lang='lat' dir='ltr'><strong>au-</strong></span> 
     </span>
    </p>
   </div>
   <div class='ocr_carea' id='block_1_7' title="bbox 496 695 2073 768">
    <p class='ocr_par' dir='ltr' id='par_1_7' title="bbox 496 695 2073 768">
     <span class='ocr_line' id='line_1_7' title="bbox 496 695 2073 768; baseline 0.001 -15"><span class='ocrx_word' id='word_1_36' title='bbox 496 709 630 762; x_wconf 86' lang='lat' dir='ltr'><strong>tem,</strong></span> <span class='ocrx_word' id='word_1_37' title='bbox 671 697 802 768; x_wconf 83' lang='lat' dir='ltr'><strong>quia</strong></span> <span class='ocrx_word' id='word_1_38' title='bbox 833 695 929 767; x_wconf 87' lang='lat' dir='ltr'><strong>qui</strong></span> <span class='ocrx_word' id='word_1_39' title='bbox 964 698 1115 767; x_wconf 91' lang='lat' dir='ltr'><strong>prior</strong></span> <span class='ocrx_word' id='word_1_40' title='bbox 1158 698 1443 752; x_wconf 85' lang='lat' dir='ltr'><strong>veritatem</strong></span> <span class='ocrx_word' id='word_1_41' title='bbox 1484 698 1679 755; x_wconf 86' lang='lat' dir='ltr'><strong>libere</strong></span> <span class='ocrx_word' id='word_1_42' title='bbox 1707 698 1984 764; x_wconf 84' lang='lat' dir='ltr'><strong>defendit,</strong></span> <span class='ocrx_word' id='word_1_43' title='bbox 2019 709 2073 756; x_wconf 89' lang='lat' dir='ltr'><strong>et</strong></span> 
     </span>
    </p>
   </div>
   <div class='ocr_carea' id='block_1_8' title="bbox 495 787 2070 860">
    <p class='ocr_par' dir='ltr' id='par_1_8' title="bbox 495 787 2070 860">
     <span class='ocr_line' id='line_1_8' title="bbox 495 787 2070 860; baseline 0.003 -17"><span class='ocrx_word' id='word_1_44' title='bbox 495 789 702 843; x_wconf 88' lang='lat' dir='ltr'><strong>bonum</strong></span> <span class='ocrx_word' id='word_1_45' title='bbox 745 787 878 841; x_wconf 91' lang='lat' dir='ltr'><strong>illud</strong></span> <span class='ocrx_word' id='word_1_46' title='bbox 931 797 1209 843; x_wconf 85' lang='lat' dir='ltr'><strong>certamen</strong></span> <span class='ocrx_word' id='word_1_47' title='bbox 1247 788 1573 843; x_wconf 84' lang='lat' dir='ltr'><strong>Constantio</strong></span> <span class='ocrx_word' id='word_1_48' title='bbox 1614 790 1917 860; x_wconf 86' lang='lat' dir='ltr'><strong>imperante</strong></span> <span class='ocrx_word' id='word_1_49' title='bbox 1954 809 2070 849; x_wconf 87' lang='lat' dir='ltr'><strong>cer-</strong></span> 
     </span>
    </p>
   </div>
   <div class='ocr_carea' id='block_1_9' title="bbox 495 875 2072 953">
    <p class='ocr_par' dir='ltr' id='par_1_9' title="bbox 495 875 2072 953">
     <span class='ocr_line' id='line_1_9' title="bbox 495 875 2072 953; baseline 0.005 -23"><span class='ocrx_word' id='word_1_50' title='bbox 495 877 653 941; x_wconf 80' lang='lat' dir='ltr'><strong>tavit,</strong></span> <span class='ocrx_word' id='word_1_51' title='bbox 703 875 953 931; x_wconf 83' lang='lat' dir='ltr'><strong>Meletius</strong></span> <span class='ocrx_word' id='word_1_52' title='bbox 983 883 1068 931; x_wconf 90' lang='lat' dir='ltr'><strong>est</strong></span> <span class='ocrx_word' id='word_1_53' title='bbox 1100 878 1591 935; x_wconf 83' lang='lat' dir='ltr'><strong>reverendissimus</strong></span> <span class='ocrx_word' id='word_1_54' title='bbox 1636 882 1967 953; x_wconf 90' lang='lat' dir='ltr'><strong>episc0pus;</strong></span> <span class='ocrx_word' id='word_1_55' title='bbox 2017 893 2072 941; x_wconf 89' lang='lat' dir='ltr'><strong>et</strong></span> 
     </span>
    </p>
   </div>
   <div class='ocr_carea' id='block_1_10' title="bbox 494 970 2066 1042">
    <p class='ocr_par' dir='ltr' id='par_1_10' title="bbox 494 970 2066 1042">
     <span class='ocr_line' id='line_1_10' title="bbox 494 970 2066 1042; baseline 0.003 -14"><span class='ocrx_word' id='word_1_56' title='bbox 494 973 623 1042; x_wconf 86' lang='lat' dir='ltr'><strong>quia</strong></span> <span class='ocrx_word' id='word_1_57' title='bbox 654 988 779 1028; x_wconf 91' lang='lat' dir='ltr'><strong>eum</strong></span> <span class='ocrx_word' id='word_1_58' title='bbox 826 971 1019 1026; x_wconf 86' lang='lat' dir='ltr'><strong>habuit</strong></span> <span class='ocrx_word' id='word_1_59' title='bbox 1072 970 1317 1028; x_wconf 86' lang='lat' dir='ltr'><strong>Ecclesia</strong></span> <span class='ocrx_word' id='word_1_60' title='bbox 1356 988 1477 1028; x_wconf 87' lang='lat' dir='ltr'><strong>mea</strong></span> <span class='ocrx_word' id='word_1_61' title='bbox 1509 977 2030 1032; x_wconf 90' lang='lat' dir='ltr'><strong>communicatorem</strong></span> <span class='ocrx_word' id='word_1_62' title='bbox 2051 1017 2066 1041; x_wconf 92' lang='lat'><strong>,</strong></span> 
     </span>
    </p>
   </div>
   <div class='ocr_carea' id='block_1_11' title="bbox 493 1062 2070 1136">
    <p class='ocr_par' dir='ltr' id='par_1_11' title="bbox 493 1062 2070 1136">
     <span class='ocr_line' id='line_1_11' title="bbox 493 1062 2070 1136; baseline 0.006 -19"><span class='ocrx_word' id='word_1_63' title='bbox 493 1078 830 1136; x_wconf 80' lang='lat' dir='ltr'><strong>magnopere</strong></span> <span class='ocrx_word' id='word_1_64' title='bbox 861 1078 986 1118; x_wconf 88' lang='lat' dir='ltr'><strong>eum</strong></span> <span class='ocrx_word' id='word_1_65' title='bbox 1026 1062 1262 1134; x_wconf 83' lang='lat' dir='ltr'><strong>diligens</strong></span> <span class='ocrx_word' id='word_1_66' title='bbox 1289 1063 1359 1118; x_wconf 91' lang='lat' dir='ltr'><strong>ob</strong></span> <span class='ocrx_word' id='word_1_67' title='bbox 1402 1063 1601 1121; x_wconf 79' lang='lat' dir='ltr'><strong>fortem</strong></span> <span class='ocrx_word' id='word_1_68' title='bbox 1643 1066 1792 1122; x_wconf 89' lang='lat' dir='ltr'><strong>illam</strong></span> <span class='ocrx_word' id='word_1_69' title='bbox 1831 1085 1895 1124; x_wconf 92' lang='lat' dir='ltr'><strong>ac</strong></span> <span class='ocrx_word' id='word_1_70' title='bbox 1927 1070 2070 1126; x_wconf 84' lang='lat' dir='ltr'><strong>invi-</strong></span> 
     </span>
    </p>
   </div>
   <div class='ocr_carea' id='block_1_12' title="bbox 495 1152 2070 1219">
    <p class='ocr_par' dir='ltr' id='par_1_12' title="bbox 495 1152 2070 1219">
     <span class='ocr_line' id='line_1_12' title="bbox 495 1152 2070 1219; baseline 0.004 -11"><span class='ocrx_word' id='word_1_71' title='bbox 495 1161 640 1208; x_wconf 88' lang='lat' dir='ltr'><strong>ctam</strong></span> <span class='ocrx_word' id='word_1_72' title='bbox 671 1153 1112 1219; x_wconf 84' lang='lat' dir='ltr'><strong>dimicationem,</strong></span> <span class='ocrx_word' id='word_1_73' title='bbox 1150 1152 1357 1209; x_wconf 87' lang='lat' dir='ltr'><strong>idcirco</strong></span> <span class='ocrx_word' id='word_1_74' title='bbox 1392 1156 1655 1213; x_wconf 86' lang='lat' dir='ltr'><strong>habemus</strong></span> <span class='ocrx_word' id='word_1_75' title='bbox 1688 1158 1840 1213; x_wconf 89' lang='lat' dir='ltr'><strong>illum</strong></span> <span class='ocrx_word' id='word_1_76' title='bbox 1884 1159 2070 1215; x_wconf 86' lang='lat' dir='ltr'><strong>hacte-</strong></span> 
     </span>
    </p>
   </div>
   <div class='ocr_carea' id='block_1_13' title="bbox 495 1242 2067 1317">
    <p class='ocr_par' dir='ltr' id='par_1_13' title="bbox 495 1242 2067 1317">
     <span class='ocr_line' id='line_1_13' title="bbox 495 1242 2067 1317; baseline 0.006 -20"><span class='ocrx_word' id='word_1_77' title='bbox 495 1258 632 1311; x_wconf 92' lang='lat' dir='ltr'><strong>nus,</strong></span> <span class='ocrx_word' id='word_1_78' title='bbox 667 1242 780 1298; x_wconf 85' lang='lat' dir='ltr'><strong>Deo</strong></span> <span class='ocrx_word' id='word_1_79' title='bbox 805 1243 1093 1314; x_wconf 81' lang='lat' dir='ltr'><strong>largiente,</strong></span> <span class='ocrx_word' id='word_1_80' title='bbox 1123 1245 1649 1303; x_wconf 88' lang='lat' dir='ltr'><strong>communicatorem</strong></span> <span class='ocrx_word' id='word_1_81' title='bbox 1674 1288 1688 1311; x_wconf 92' lang='lat'><strong>,</strong></span> <span class='ocrx_word' id='word_1_82' title='bbox 1714 1256 1770 1304; x_wconf 90' lang='lat' dir='ltr'><strong>et</strong></span> <span class='ocrx_word' id='word_1_83' title='bbox 1809 1257 1986 1317; x_wconf 86' lang='lat' dir='ltr'><strong>certe,</strong></span> <span class='ocrx_word' id='word_1_84' title='bbox 2020 1252 2067 1309; x_wconf 89' lang='lat' dir='ltr'><strong>si</strong></span> 
     </span>
    </p>
   </div>
   <div class='ocr_carea' id='block_1_14' title="bbox 494 1334 2067 1413">
    <p class='ocr_par' dir='ltr' id='par_1_14' title="bbox 494 1334 2067 1413">
     <span class='ocr_line' id='line_1_14' title="bbox 494 1334 2067 1413; baseline 0.005 -24"><span class='ocrx_word' id='word_1_85' title='bbox 494 1334 642 1391; x_wconf 88' lang='lat' dir='ltr'><strong>Deus</strong></span> <span class='ocrx_word' id='word_1_86' title='bbox 661 1334 921 1402; x_wconf 79' lang='lat' dir='ltr'><strong>voluerit,</strong></span> <span class='ocrx_word' id='word_1_87' title='bbox 944 1335 1287 1392; x_wconf 76' lang='lat' dir='ltr'><strong>habebimus.</strong></span> <span class='ocrx_word' id='word_1_88' title='bbox 1312 1336 1523 1394; x_wconf 35' lang='lat' dir='ltr'><strong>Nam/et</strong></span> <span class='ocrx_word' id='word_1_89' title='bbox 1555 1339 1905 1397; x_wconf 88' lang='lat' dir='ltr'><strong>beatissimus</strong></span> <span class='ocrx_word' id='word_1_90' title='bbox 1927 1357 2067 1413; x_wconf 85' lang='lat' dir='ltr'><strong>papa</strong></span> 
     </span>
    </p>
   </div>
   <div class='ocr_carea' id='block_1_15' title="bbox 493 1427 2067 1495">
    <p class='ocr_par' dir='ltr' id='par_1_15' title="bbox 493 1427 2067 1495">
     <span class='ocr_line' id='line_1_15' title="bbox 493 1427 2067 1495; baseline 0.003 -12"><span class='ocrx_word' id='word_1_91' title='bbox 493 1427 873 1492; x_wconf 80' lang='lat' dir='ltr'><strong>Athanasius,</strong></span> <span class='ocrx_word' id='word_1_92' title='bbox 925 1443 1048 1483; x_wconf 91' lang='lat' dir='ltr'><strong>cum</strong></span> <span class='ocrx_word' id='word_1_93' title='bbox 1098 1429 1488 1484; x_wconf 82' lang='lat' dir='ltr'><strong>Alexandriam</strong></span> <span class='ocrx_word' id='word_1_94' title='bbox 1531 1432 1797 1495; x_wconf 84' lang='lat' dir='ltr'><strong>venisset,</strong></span> <span class='ocrx_word' id='word_1_95' title='bbox 1842 1434 2067 1489; x_wconf 91' lang='lat' dir='ltr'><strong>omnino</strong></span> 
     </span>
    </p>
   </div>
   <div class='ocr_carea' id='block_1_16' title="bbox 495 1520 2063 1594">
    <p class='ocr_par' dir='ltr' id='par_1_16' title="bbox 495 1520 2063 1594">
     <span class='ocr_line' id='line_1_16' title="bbox 495 1520 2063 1594; baseline 0.004 -21"><span class='ocrx_word' id='word_1_96' title='bbox 495 1520 739 1589; x_wconf 85' lang='lat' dir='ltr'><strong>optabat,</strong></span> <span class='ocrx_word' id='word_1_97' title='bbox 772 1530 831 1575; x_wconf 92' lang='lat' dir='ltr'><strong>ut</strong></span> <span class='ocrx_word' id='word_1_98' title='bbox 859 1520 963 1576; x_wconf 86' lang='lat' dir='ltr'><strong>sibi</strong></span> <span class='ocrx_word' id='word_1_99' title='bbox 991 1537 1115 1577; x_wconf 91' lang='lat' dir='ltr'><strong>cum</strong></span> <span class='ocrx_word' id='word_1_100' title='bbox 1146 1522 1266 1591; x_wconf 89' lang='lat' dir='ltr'><strong>ipso</strong></span> <span class='ocrx_word' id='word_1_101' title='bbox 1295 1524 1612 1580; x_wconf 90' lang='lat' dir='ltr'><strong>communio</strong></span> <span class='ocrx_word' id='word_1_102' title='bbox 1636 1526 2063 1594; x_wconf 86' lang='lat' dir='ltr'><strong>conciliaretur;</strong></span> 
     </span>
    </p>
   </div>
   <div class='ocr_carea' id='block_1_17' title="bbox 496 1610 2063 1689">
    <p class='ocr_par' dir='ltr' id='par_1_17' title="bbox 496 1610 2063 1689">
     <span class='ocr_line' id='line_1_17' title="bbox 496 1610 2063 1689; baseline 0.005 -24"><span class='ocrx_word' id='word_1_103' title='bbox 496 1610 592 1666; x_wconf 89' lang='lat' dir='ltr'><strong>sed</strong></span> <span class='ocrx_word' id='word_1_104' title='bbox 646 1612 855 1666; x_wconf 88' lang='lat' dir='ltr'><strong>malitia</strong></span> <span class='ocrx_word' id='word_1_105' title='bbox 888 1612 1332 1668; x_wconf 83' lang='lat' dir='ltr'><strong>consiliariorum</strong></span> <span class='ocrx_word' id='word_1_106' title='bbox 1374 1614 1430 1668; x_wconf 93' lang='lat' dir='ltr'><strong>in</strong></span> <span class='ocrx_word' id='word_1_107' title='bbox 1471 1615 1619 1671; x_wconf 89' lang='lat' dir='ltr'><strong>aliud</strong></span> <span class='ocrx_word' id='word_1_108' title='bbox 1648 1625 1867 1689; x_wconf 88' lang='lat' dir='ltr'><strong>tempus</strong></span> <span class='ocrx_word' id='word_1_109' title='bbox 1897 1619 2063 1674; x_wconf 88' lang='lat' dir='ltr'><strong>dilata</strong></span> 
     </span>
    </p>
   </div>
   <div class='ocr_carea' id='block_1_18' title="bbox 495 1704 2060 1777">
    <p class='ocr_par' dir='ltr' id='par_1_18' title="bbox 495 1704 2060 1777">
     <span class='ocr_line' id='line_1_18' title="bbox 495 1704 2060 1777; baseline 0.003 -16"><span class='ocrx_word' id='word_1_110' title='bbox 495 1720 685 1761; x_wconf 88' lang='lat' dir='ltr'><strong>eorum</strong></span> <span class='ocrx_word' id='word_1_111' title='bbox 726 1704 1047 1775; x_wconf 89' lang='lat' dir='ltr'><strong>conjunctio</strong></span> <span class='ocrx_word' id='word_1_112' title='bbox 1100 1724 1113 1760; x_wconf 90' lang='lat'>:</span> <span class='ocrx_word' id='word_1_113' title='bbox 1158 1705 1305 1777; x_wconf 90' lang='lat' dir='ltr'><strong>quod</strong></span> <span class='ocrx_word' id='word_1_114' title='bbox 1352 1706 1560 1763; x_wconf 90' lang='lat' dir='ltr'><strong>utinam</strong></span> <span class='ocrx_word' id='word_1_115' title='bbox 1604 1724 1712 1764; x_wconf 90' lang='lat' dir='ltr'><strong>non</strong></span> <span class='ocrx_word' id='word_1_116' title='bbox 1743 1712 2060 1767; x_wconf 84' lang='lat' dir='ltr'><strong>evenisset!</strong></span> 
     </span>
    </p>
   </div>
   <div class='ocr_carea' id='block_1_19' title="bbox 2173 518 3669 604">
    <p class='ocr_par' dir='ltr' id='par_1_19' title="bbox 2173 518 3669 604">
     <span class='ocr_line' id='line_1_19' title="bbox 2173 518 3669 604; baseline 0.001 -32"><span class='ocrx_word' id='word_1_117' title='bbox 2173 518 2442 590; x_wconf 79' lang='grc' dir='ltr'><strong>τέτμηται</strong></span> <span class='ocrx_word' id='word_1_118' title='bbox 2470 518 2570 590; x_wconf 79' lang='grc' dir='ltr'>μὲν</span> <span class='ocrx_word' id='word_1_119' title='bbox 2593 521 2628 591; x_wconf 79' lang='grc' dir='ltr'>ἡ</span> <span class='ocrx_word' id='word_1_120' title='bbox 2661 520 2871 593; x_wconf 77' lang='grc' dir='ltr'>αἵρεσις</span> <span class='ocrx_word' id='word_1_121' title='bbox 2900 520 3039 594; x_wconf 79' lang='grc' dir='ltr'>πρὸς</span> <span class='ocrx_word' id='word_1_122' title='bbox 3065 520 3160 593; x_wconf 80' lang='grc' dir='ltr'>τὴν</span> <span class='ocrx_word' id='word_1_123' title='bbox 3179 520 3491 593; x_wconf 80' lang='grc' dir='ltr'>ὀρθοδοξίαν·</span> <span class='ocrx_word' id='word_1_124' title='bbox 3519 527 3669 604; x_wconf 57' lang='grc' dir='ltr'>τέτμῃ.</span> 
     </span>
    </p>
   </div>
   <div class='ocr_carea' id='block_1_20' title="bbox 2173 604 3751 682">
    <p class='ocr_par' dir='ltr' id='par_1_20' title="bbox 2173 604 3751 682">
     <span class='ocr_line' id='line_1_20' title="bbox 2173 604 3751 682; baseline -0.003 -25"><span class='ocrx_word' id='word_1_125' title='bbox 2173 621 2263 657; x_wconf 88' lang='grc' dir='ltr'><strong>ται</strong></span> <span class='ocrx_word' id='word_1_126' title='bbox 2309 604 2366 657; x_wconf 86' lang='grc' dir='ltr'>δὲ</span> <span class='ocrx_word' id='word_1_127' title='bbox 2423 605 2516 659; x_wconf 79' lang='grc' dir='ltr'>καὶ</span> <span class='ocrx_word' id='word_1_128' title='bbox 2567 604 2705 677; x_wconf 82' lang='grc' dir='ltr'>αὑτὴ</span> <span class='ocrx_word' id='word_1_129' title='bbox 2757 605 2895 676; x_wconf 74' lang='grc' dir='ltr'>πρὸς</span> <span class='ocrx_word' id='word_1_130' title='bbox 2932 606 3129 678; x_wconf 77' lang='grc' dir='ltr'>ἑαυτὴν</span> <span class='ocrx_word' id='word_1_131' title='bbox 3176 608 3210 678; x_wconf 77' lang='grc' dir='ltr'><strong>ἡ</strong></span> <span class='ocrx_word' id='word_1_132' title='bbox 3263 604 3490 678; x_wconf 66' lang='grc' dir='ltr'><strong>ὀρθὰς-τις.</strong></span> <span class='ocrx_word' id='word_1_133' title='bbox 3533 612 3669 682; x_wconf 73' lang='grc' dir='ltr'>Ἡμεῖς</span> <span class='ocrx_word' id='word_1_134' title='bbox 3750 610 3751 653; x_wconf 73' lang='lat'>1</span> 
     </span>
    </p>
   </div>
   <div class='ocr_carea' id='block_1_21' title="bbox 2172 693 3751 772">
    <p class='ocr_par' dir='ltr' id='par_1_21' title="bbox 2172 693 3751 772">
     <span class='ocr_line' id='line_1_21' title="bbox 2172 693 3751 772; baseline 0.004 -25"><span class='ocrx_word' id='word_1_135' title='bbox 2172 694 2248 761; x_wconf 86' lang='grc' dir='ltr'><strong>δὲ,</strong></span> <span class='ocrx_word' id='word_1_136' title='bbox 2280 693 2467 766; x_wconf 75' lang='grc' dir='ltr'>ἐπειδὴ</span> <span class='ocrx_word' id='word_1_137' title='bbox 2497 695 2591 748; x_wconf 79' lang='grc' dir='ltr'>καὶ</span> <span class='ocrx_word' id='word_1_138' title='bbox 2617 697 2647 749; x_wconf 99' lang='lat'><strong>6</strong></span> <span class='ocrx_word' id='word_1_139' title='bbox 2673 695 2890 767; x_wconf 89' lang='grc' dir='ltr'>πρῶτος</span> <span class='ocrx_word' id='word_1_140' title='bbox 2914 696 3422 769; x_wconf 69' lang='grc' dir='ltr'>παρρησιασάμενος</span> <span class='ocrx_word' id='word_1_141' title='bbox 3456 698 3571 769; x_wconf 79' lang='grc' dir='ltr'>ὑπὲρ</span> <span class='ocrx_word' id='word_1_142' title='bbox 3604 703 3671 772; x_wconf 73' lang='grc' dir='ltr'>τῆς</span> <span class='ocrx_word' id='word_1_143' title='bbox 3750 694 3751 719; x_wconf 66' lang='grc'><strong>¹</strong></span> 
     </span>
    </p>
   </div>
   <div class='ocr_carea' id='block_1_22' title="bbox 2173 783 3751 860">
    <p class='ocr_par' dir='ltr' id='par_1_22' title="bbox 2173 783 3751 860">
     <span class='ocr_line' id='line_1_22' title="bbox 2173 783 3751 860; baseline 0.006 -22"><span class='ocrx_word' id='word_1_144' title='bbox 2173 783 2465 857; x_wconf 81' lang='grc' dir='ltr'><strong>ἀληθείας,</strong></span> <span class='ocrx_word' id='word_1_145' title='bbox 2505 785 2602 839; x_wconf 76' lang='grc' dir='ltr'><strong>καὶ</strong></span> <span class='ocrx_word' id='word_1_146' title='bbox 2644 785 2737 839; x_wconf 86' lang='grc' dir='ltr'><strong>τὸν</strong></span> <span class='ocrx_word' id='word_1_147' title='bbox 2786 786 2950 841; x_wconf 81' lang='grc' dir='ltr'>καλὸν</span> <span class='ocrx_word' id='word_1_148' title='bbox 2997 788 3204 841; x_wconf 67' lang='grc' dir='ltr'>ἐκεῖνον</span> <span class='ocrx_word' id='word_1_149' title='bbox 3241 787 3513 859; x_wconf 76' lang='grc' dir='ltr'>διαθλήσας</span> <span class='ocrx_word' id='word_1_150' title='bbox 3537 793 3669 860; x_wconf 75' lang='grc' dir='ltr'>ἀγῶνα</span> <span class='ocrx_word' id='word_1_151' title='bbox 3750 840 3751 847; x_wconf 50' lang='grc' dir='ltr'><strong>η</strong></span> 
     </span>
    </p>
   </div>
   <div class='ocr_carea' id='block_1_23' title="bbox 2174 876 3751 951">
    <p class='ocr_par' dir='ltr' id='par_1_23' title="bbox 2174 876 3751 951">
     <span class='ocr_line' id='line_1_23' title="bbox 2174 876 3751 951; baseline 0.001 -20"><span class='ocrx_word' id='word_1_152' title='bbox 2174 878 2268 931; x_wconf 76' lang='grc' dir='ltr'><strong>ἐπὶ</strong></span> <span class='ocrx_word' id='word_1_153' title='bbox 2296 878 2404 932; x_wconf 87' lang='grc' dir='ltr'><strong>τῶν</strong></span> <span class='ocrx_word' id='word_1_154' title='bbox 2435 876 2644 950; x_wconf 88' lang='grc' dir='ltr'>καιρῶν</span> <span class='ocrx_word' id='word_1_155' title='bbox 2693 878 3096 944; x_wconf 85' lang='grc' dir='ltr'>Κωνσταντίου,</span> <span class='ocrx_word' id='word_1_156' title='bbox 3135 882 3163 933; x_wconf 90' lang='lat'><strong>6</strong></span> <span class='ocrx_word' id='word_1_157' title='bbox 3196 879 3580 951; x_wconf 79' lang='grc' dir='ltr'>αἱδεσιμὼτατος</span> <span class='ocrx_word' id='word_1_158' title='bbox 3601 887 3673 939; x_wconf 72' lang='grc' dir='ltr'><strong>Με.</strong></span> <span class='ocrx_word' id='word_1_159' title='bbox 3750 904 3751 925; x_wconf 80' lang='lat'><em>:</em></span> 
     </span>
    </p>
   </div>
   <div class='ocr_carea' id='block_1_24' title="bbox 2169 969 3751 1047">
    <p class='ocr_par' dir='ltr' id='par_1_24' title="bbox 2169 969 3751 1047">
     <span class='ocr_line' id='line_1_24' title="bbox 2169 969 3751 1047; baseline 0.004 -25"><span class='ocrx_word' id='word_1_160' title='bbox 2169 969 2343 1033; x_wconf 87' lang='grc' dir='ltr'>λέτιός</span> <span class='ocrx_word' id='word_1_161' title='bbox 2386 971 2534 1024; x_wconf 75' lang='grc' dir='ltr'>ἐστιν</span> <span class='ocrx_word' id='word_1_162' title='bbox 2582 973 2611 1024; x_wconf 91' lang='lat'><strong>6</strong></span> <span class='ocrx_word' id='word_1_163' title='bbox 2655 971 2976 1037; x_wconf 77' lang='grc' dir='ltr'>ἐπίσκοπος,</span> <span class='ocrx_word' id='word_1_164' title='bbox 3012 971 3109 1025; x_wconf 76' lang='grc' dir='ltr'><strong>καὶ</strong></span> <span class='ocrx_word' id='word_1_165' title='bbox 3157 971 3320 1041; x_wconf 80' lang='grc' dir='ltr'>ἔσχεν</span> <span class='ocrx_word' id='word_1_166' title='bbox 3366 972 3563 1045; x_wconf 55' lang='lat' dir='ltr'><strong>aii-.6“;</strong></span> <span class='ocrx_word' id='word_1_167' title='bbox 3599 978 3670 1047; x_wconf 76' lang='grc' dir='ltr'><strong>ἐμὴ</strong></span> <span class='ocrx_word' id='word_1_168' title='bbox 3750 1000 3751 1003; x_wconf 54' lang='grc' dir='ltr'><strong>η</strong></span> 
     </span>
    </p>
   </div>
   <div class='ocr_carea' id='block_1_25' title="bbox 2185 1062 3671 1135">
    <p class='ocr_par' dir='ltr' id='par_1_25' title="bbox 2185 1062 3671 1135">
     <span class='ocr_line' id='line_1_25' title="bbox 2185 1062 3671 1135; baseline 0.003 -20"><span class='ocrx_word' id='word_1_169' title='bbox 2185 1062 2485 1134; x_wconf 81' lang='grc' dir='ltr'><strong>Ἐκκλησία</strong></span> <span class='ocrx_word' id='word_1_170' title='bbox 2537 1062 2874 1129; x_wconf 85' lang='grc' dir='ltr'>κοινωνικὸν,</span> <span class='ocrx_word' id='word_1_171' title='bbox 2921 1063 3399 1135; x_wconf 81' lang='grc' dir='ltr'>ὑπεραγαπήσασα</span> <span class='ocrx_word' id='word_1_172' title='bbox 3445 1064 3579 1117; x_wconf 74' lang='grc' dir='ltr'>αὐτὸν</span> <span class='ocrx_word' id='word_1_173' title='bbox 3616 1066 3671 1119; x_wconf 72' lang='grc' dir='ltr'><strong>διὰ</strong></span> 
     </span>
    </p>
   </div>
   <div class='ocr_carea' id='block_1_26' title="bbox 2171 1151 3673 1226">
    <p class='ocr_par' dir='ltr' id='par_1_26' title="bbox 2171 1151 3673 1226">
     <span class='ocr_line' id='line_1_26' title="bbox 2171 1151 3673 1226; baseline 0.002 -21"><span class='ocrx_word' id='word_1_174' title='bbox 2171 1151 2268 1223; x_wconf 84' lang='grc' dir='ltr'><strong>τὴν</strong></span> <span class='ocrx_word' id='word_1_175' title='bbox 2299 1152 2574 1225; x_wconf 83' lang='grc' dir='ltr'>καρτερὰν</span> <span class='ocrx_word' id='word_1_176' title='bbox 2609 1152 2826 1226; x_wconf 83' lang='grc' dir='ltr'>ἐκείνην</span> <span class='ocrx_word' id='word_1_177' title='bbox 2879 1154 2973 1208; x_wconf 75' lang='grc' dir='ltr'>καὶ</span> <span class='ocrx_word' id='word_1_178' title='bbox 3024 1154 3306 1209; x_wconf 85' lang='grc' dir='ltr'>ἀνένδοτον</span> <span class='ocrx_word' id='word_1_179' title='bbox 3338 1154 3579 1209; x_wconf 74' lang='grc' dir='ltr'>ἔνστασιν·</span> <span class='ocrx_word' id='word_1_180' title='bbox 3600 1156 3673 1226; x_wconf 77' lang='grc' dir='ltr'>ἔχο-</span> 
     </span>
    </p>
   </div>
   <div class='ocr_carea' id='block_1_27' title="bbox 2174 1242 3672 1319">
    <p class='ocr_par' dir='ltr' id='par_1_27' title="bbox 2174 1242 3672 1319">
     <span class='ocr_line' id='line_1_27' title="bbox 2174 1242 3672 1319; baseline 0.004 -24"><span class='ocrx_word' id='word_1_181' title='bbox 2174 1259 2273 1313; x_wconf 89' lang='grc' dir='ltr'><strong>μεν</strong></span> <span class='ocrx_word' id='word_1_182' title='bbox 2311 1242 2387 1313; x_wconf 84' lang='grc'>(6)</span> <span class='ocrx_word' id='word_1_183' title='bbox 2448 1242 2610 1298; x_wconf 85' lang='grc' dir='ltr'>αὑτὸν</span> <span class='ocrx_word' id='word_1_184' title='bbox 2669 1244 2984 1299; x_wconf 82' lang='grc' dir='ltr'>κοινωνικὸν</span> <span class='ocrx_word' id='word_1_185' title='bbox 3040 1245 3204 1319; x_wconf 77' lang='grc' dir='ltr'>μέχρι</span> <span class='ocrx_word' id='word_1_186' title='bbox 3256 1245 3351 1300; x_wconf 76' lang='grc' dir='ltr'>τοῦ</span> <span class='ocrx_word' id='word_1_187' title='bbox 3399 1246 3484 1300; x_wconf 76' lang='grc' dir='ltr'><strong>νῦν</strong></span> <span class='ocrx_word' id='word_1_188' title='bbox 3521 1250 3575 1319; x_wconf 78' lang='grc' dir='ltr'>τῇ</span> <span class='ocrx_word' id='word_1_189' title='bbox 3612 1250 3672 1301; x_wconf 72' lang='grc' dir='ltr'><strong>τοῦ</strong></span> 
     </span>
    </p>
   </div>
   <div class='ocr_carea' id='block_1_28' title="bbox 2170 1336 3751 1411">
    <p class='ocr_par' dir='ltr' id='par_1_28' title="bbox 2170 1336 3751 1411">
     <span class='ocr_line' id='line_1_28' title="bbox 2170 1336 3751 1411; baseline 0.004 -23"><span class='ocrx_word' id='word_1_190' title='bbox 2170 1336 2303 1389; x_wconf 83' lang='grc' dir='ltr'><strong>Θεοῦ</strong></span> <span class='ocrx_word' id='word_1_191' title='bbox 2327 1336 2512 1409; x_wconf 88' lang='grc' dir='ltr'>χάριτι</span> <span class='ocrx_word' id='word_1_192' title='bbox 2531 1378 2547 1403; x_wconf 87' lang='grc'><strong>,</strong></span> <span class='ocrx_word' id='word_1_193' title='bbox 2570 1337 2665 1391; x_wconf 77' lang='grc' dir='ltr'><strong>καὶ</strong></span> <span class='ocrx_word' id='word_1_194' title='bbox 2689 1337 2881 1410; x_wconf 73' lang='grc' dir='ltr'>ἕξομέν</span> <span class='ocrx_word' id='word_1_195' title='bbox 2906 1355 2970 1408; x_wconf 91' lang='grc' dir='ltr'><strong>γε</strong></span> <span class='ocrx_word' id='word_1_196' title='bbox 2994 1377 3010 1403; x_wconf 88' lang='grc'><strong>,</strong></span> <span class='ocrx_word' id='word_1_197' title='bbox 3045 1340 3139 1392; x_wconf 81' lang='grc' dir='ltr'><strong>ὲάν</strong></span> <span class='ocrx_word' id='word_1_198' title='bbox 3175 1341 3205 1392; x_wconf 92' lang='lat'><strong>6</strong></span> <span class='ocrx_word' id='word_1_199' title='bbox 3234 1337 3370 1402; x_wconf 81' lang='grc' dir='ltr'>Θεὸς</span> <span class='ocrx_word' id='word_1_200' title='bbox 3407 1337 3538 1411; x_wconf 74' lang='grc' dir='ltr'>θέλῃ.</span> <span class='ocrx_word' id='word_1_201' title='bbox 3571 1341 3672 1395; x_wconf 74' lang='grc' dir='ltr'>Ἐπεὶ</span> <span class='ocrx_word' id='word_1_202' title='bbox 3750 1364 3751 1375; x_wconf 59' lang='grc' dir='ltr'>π</span> 
     </span>
    </p>
   </div>
   <div class='ocr_carea' id='block_1_29' title="bbox 2170 1427 3751 1499">
    <p class='ocr_par' dir='ltr' id='par_1_29' title="bbox 2170 1427 3751 1499">
     <span class='ocr_line' id='line_1_29' title="bbox 2170 1427 3751 1499; baseline 0.004 -20"><span class='ocrx_word' id='word_1_203' title='bbox 2170 1427 2263 1480; x_wconf 79' lang='grc' dir='ltr'><strong>καὶ</strong></span> <span class='ocrx_word' id='word_1_204' title='bbox 2310 1429 2339 1480; x_wconf 96' lang='lat'><strong>6</strong></span> <span class='ocrx_word' id='word_1_205' title='bbox 2384 1428 2805 1499; x_wconf 82' lang='grc' dir='ltr'><strong>μακαριώτατος</strong></span> <span class='ocrx_word' id='word_1_206' title='bbox 2858 1429 3045 1493; x_wconf 88' lang='grc' dir='ltr'>πάπας</span> <span class='ocrx_word' id='word_1_207' title='bbox 3105 1429 3420 1494; x_wconf 82' lang='grc' dir='ltr'>’Δθανάσιος</span> <span class='ocrx_word' id='word_1_208' title='bbox 3449 1469 3466 1496; x_wconf 92' lang='grc'><strong>,</strong></span> <span class='ocrx_word' id='word_1_209' title='bbox 3512 1433 3673 1495; x_wconf 66' lang='grc' dir='ltr'>ἐπιστὰς</span> <span class='ocrx_word' id='word_1_210' title='bbox 3749 1464 3751 1491; x_wconf 74' lang='grc'><strong><em>4</em></strong></span> 
     </span>
    </p>
   </div>
   <div class='ocr_carea' id='block_1_30' title="bbox 2168 1516 3751 1594">
    <p class='ocr_par' dir='ltr' id='par_1_30' title="bbox 2168 1516 3751 1594">
     <span class='ocr_line' id='line_1_30' title="bbox 2168 1516 3751 1594; baseline 0.004 -24"><span class='ocrx_word' id='word_1_211' title='bbox 2168 1516 2276 1570; x_wconf 84' lang='grc' dir='ltr'><strong>ἀπὸ</strong></span> <span class='ocrx_word' id='word_1_212' title='bbox 2334 1517 2744 1591; x_wconf 81' lang='grc' dir='ltr'><strong>Ἀλεξανδρείας</strong></span> <span class='ocrx_word' id='word_1_213' title='bbox 2764 1559 2779 1587; x_wconf 92' lang='grc'><strong>,</strong></span> <span class='ocrx_word' id='word_1_214' title='bbox 2822 1518 2964 1574; x_wconf 89' lang='grc' dir='ltr'>πάνυ</span> <span class='ocrx_word' id='word_1_215' title='bbox 2995 1519 3251 1573; x_wconf 74' lang='grc' dir='ltr'>ἐϐούλετο</span> <span class='ocrx_word' id='word_1_216' title='bbox 3294 1520 3439 1591; x_wconf 80' lang='grc' dir='ltr'>αὐτῷ</span> <span class='ocrx_word' id='word_1_217' title='bbox 3471 1522 3552 1593; x_wconf 82' lang='grc' dir='ltr'><strong>τὴν</strong></span> <span class='ocrx_word' id='word_1_218' title='bbox 3580 1524 3672 1594; x_wconf 73' lang='grc' dir='ltr'>πρὸς</span> <span class='ocrx_word' id='word_1_219' title='bbox 3750 1566 3751 1569; x_wconf 58' lang='grc' dir='ltr'><strong>η</strong></span> 
     </span>
    </p>
   </div>
   <div class='ocr_carea' id='block_1_31' title="bbox 2167 1608 3751 1683">
    <p class='ocr_par' dir='ltr' id='par_1_31' title="bbox 2167 1608 3751 1683">
     <span class='ocr_line' id='line_1_31' title="bbox 2167 1608 3751 1683; baseline 0.003 -22"><span class='ocrx_word' id='word_1_220' title='bbox 2167 1608 2329 1662; x_wconf 81' lang='grc' dir='ltr'>αὑτὸν</span> <span class='ocrx_word' id='word_1_221' title='bbox 2361 1610 2646 1664; x_wconf 79' lang='grc' dir='ltr'>κοινωνίαν</span> <span class='ocrx_word' id='word_1_222' title='bbox 2691 1611 3139 1683; x_wconf 81' lang='grc' dir='ltr'>καταπραχθῆναι</span> <span class='ocrx_word' id='word_1_223' title='bbox 3168 1626 3184 1641; x_wconf 88' lang='grc'><strong>·</strong></span> <span class='ocrx_word' id='word_1_224' title='bbox 3217 1611 3358 1665; x_wconf 80' lang='grc' dir='ltr'>ἀλλὰ</span> <span class='ocrx_word' id='word_1_225' title='bbox 3406 1612 3552 1682; x_wconf 67' lang='grc' dir='ltr'>κακίᾳ</span> <span class='ocrx_word' id='word_1_226' title='bbox 3586 1630 3672 1683; x_wconf 71' lang='lat' dir='ltr'><strong>sup-</strong></span> <span class='ocrx_word' id='word_1_227' title='bbox 3750 1622 3751 1625; x_wconf 78' lang='lat'>‘</span> 
     </span>
    </p>
   </div>
   <div class='ocr_carea' id='block_1_32' title="bbox 2168 1700 3671 1777">
    <p class='ocr_par' dir='ltr' id='par_1_32' title="bbox 2168 1700 3671 1777">
     <span class='ocr_line' id='line_1_32' title="bbox 2168 1700 3671 1777; baseline 0.001 -23"><span class='ocrx_word' id='word_1_228' title='bbox 2168 1700 2373 1755; x_wconf 74' lang='grc' dir='ltr'>δούλων</span> <span class='ocrx_word' id='word_1_229' title='bbox 2409 1704 2492 1768; x_wconf 86' lang='grc' dir='ltr'><strong>είς</strong></span> <span class='ocrx_word' id='word_1_230' title='bbox 2521 1703 2708 1777; x_wconf 75' lang='grc' dir='ltr'>ἕτερον</span> <span class='ocrx_word' id='word_1_231' title='bbox 2742 1703 2934 1777; x_wconf 83' lang='grc' dir='ltr'>καιρὸν</span> <span class='ocrx_word' id='word_1_232' title='bbox 2985 1704 3292 1777; x_wconf 81' lang='grc' dir='ltr'>ὑπερετέθη</span> <span class='ocrx_word' id='word_1_233' title='bbox 3338 1703 3502 1757; x_wconf 84' lang='grc' dir='ltr'>αὐτῶν</span> <span class='ocrx_word' id='word_1_234' title='bbox 3538 1706 3563 1776; x_wconf 66' lang='grc' dir='ltr'><strong>ἡ</strong></span> <span class='ocrx_word' id='word_1_235' title='bbox 3596 1721 3671 1757; x_wconf 72' lang='lat' dir='ltr'><strong>m-</strong></span> 
     </span>
    </p>
   </div>
   <div class='ocr_carea' id='block_1_33' title="bbox 494 1781 2065 1869">
    <p class='ocr_par' dir='ltr' id='par_1_33' title="bbox 494 1795 2065 1869">
     <span class='ocr_line' id='line_1_33' title="bbox 494 1795 2065 1869; baseline 0.005 -18"><span class='ocrx_word' id='word_1_236' title='bbox 494 1795 712 1853; x_wconf 77' lang='lat' dir='ltr'><strong>Nullius</strong></span> <span class='ocrx_word' id='word_1_237' title='bbox 735 1807 915 1853; x_wconf 89' lang='lat' dir='ltr'><strong>autem</strong></span> <span class='ocrx_word' id='word_1_238' title='bbox 944 1814 1011 1853; x_wconf 80' lang='lat' dir='ltr'><strong>ex</strong></span> <span class='ocrx_word' id='word_1_239' title='bbox 1036 1797 1144 1863; x_wconf 85' lang='lat' dir='ltr'><strong>his,</strong></span> <span class='ocrx_word' id='word_1_240' title='bbox 1181 1798 1276 1869; x_wconf 91' lang='lat' dir='ltr'><strong>qui</strong></span> <span class='ocrx_word' id='word_1_241' title='bbox 1306 1807 1498 1869; x_wconf 89' lang='lat' dir='ltr'><strong>postea</strong></span> <span class='ocrx_word' id='word_1_242' title='bbox 1535 1801 1891 1869; x_wconf 90' lang='lat' dir='ltr'><strong>introierunt,</strong></span> <span class='ocrx_word' id='word_1_243' title='bbox 1920 1819 2065 1861; x_wconf 82' lang='lat' dir='ltr'><strong>com-</strong></span> 
     </span>
    </p>
   </div>
   <div class='ocr_carea' id='block_1_34' title="bbox 2174 1781 3751 1869">
    <p class='ocr_par' dir='ltr' id='par_1_34' title="bbox 2174 1790 3751 1864">
     <span class='ocr_line' id='line_1_34' title="bbox 2174 1790 3751 1864; baseline 0.002 -17"><span class='ocrx_word' id='word_1_244' title='bbox 2174 1793 2352 1863; x_wconf 83' lang='grc' dir='ltr'>ἅφεια·</span> <span class='ocrx_word' id='word_1_245' title='bbox 2385 1794 2460 1860; x_wconf 82' lang='grc' dir='ltr'>ὡς</span> <span class='ocrx_word' id='word_1_246' title='bbox 2498 1797 2600 1850; x_wconf 81' lang='grc' dir='ltr'><strong>οὐκ</strong></span> <span class='ocrx_word' id='word_1_247' title='bbox 2631 1790 2856 1864; x_wconf 74' lang='grc' dir='ltr'>ῶφειλεί</span> <span class='ocrx_word' id='word_1_248' title='bbox 2937 1796 3060 1852; x_wconf 87' lang='grc' dir='ltr'><strong>Τῶν</strong></span> <span class='ocrx_word' id='word_1_249' title='bbox 3090 1796 3148 1849; x_wconf 77' lang='grc' dir='ltr'>δὲ</span> <span class='ocrx_word' id='word_1_250' title='bbox 3186 1796 3482 1850; x_wconf 84' lang='grc' dir='ltr'>τελευταῖον</span> <span class='ocrx_word' id='word_1_251' title='bbox 3506 1797 3674 1849; x_wconf 69' lang='grc' dir='ltr'>ὲπεισεὶ·</span> <span class='ocrx_word' id='word_1_252' title='bbox 3750 1844 3751 1859; x_wconf 27' lang='grc' dir='ltr'>χ</span> 
     </span>
    </p>
   </div>
   <div class='ocr_carea' id='block_1_35' title="bbox 494 1890 2070 1968">
    <p class='ocr_par' dir='ltr' id='par_1_35' title="bbox 494 1890 2070 1968">
     <span class='ocr_line' id='line_1_35' title="bbox 494 1890 2070 1968; baseline 0.008 -24"><span class='ocrx_word' id='word_1_253' title='bbox 494 1891 810 1946; x_wconf 88' lang='lat' dir='ltr'><strong>munionem</strong></span> <span class='ocrx_word' id='word_1_254' title='bbox 869 1905 1113 1962; x_wconf 89' lang='lat' dir='ltr'><strong>unquam</strong></span> <span class='ocrx_word' id='word_1_255' title='bbox 1173 1890 1497 1948; x_wconf 90' lang='lat' dir='ltr'><strong>admisimus</strong></span> <span class='ocrx_word' id='word_1_256' title='bbox 1545 1913 1559 1949; x_wconf 89' lang='lat'><strong>:</strong></span> <span class='ocrx_word' id='word_1_257' title='bbox 1599 1911 1707 1950; x_wconf 90' lang='lat' dir='ltr'><strong>non</strong></span> <span class='ocrx_word' id='word_1_258' title='bbox 1768 1898 1914 1968; x_wconf 90' lang='lat' dir='ltr'><strong>quod</strong></span> <span class='ocrx_word' id='word_1_259' title='bbox 1973 1914 2070 1957; x_wconf 89' lang='lat' dir='ltr'><strong>eos</strong></span> 
     </span>
    </p>
   </div>
   <div class='ocr_carea' id='block_1_36' title="bbox 491 1982 2067 2059">
    <p class='ocr_par' dir='ltr' id='par_1_36' title="bbox 491 1982 2067 2059">
     <span class='ocr_line' id='line_1_36' title="bbox 491 1982 2067 2059; baseline 0.006 -22"><span class='ocrx_word' id='word_1_260' title='bbox 491 1982 806 2052; x_wconf 76' lang='lat' dir='ltr'><strong>iudicemus</strong></span> <span class='ocrx_word' id='word_1_261' title='bbox 838 1983 1125 2055; x_wconf 80' lang='lat' dir='ltr'><strong>indignos,</strong></span> <span class='ocrx_word' id='word_1_262' title='bbox 1178 1984 1274 2039; x_wconf 87' lang='lat' dir='ltr'><strong>sed</strong></span> <span class='ocrx_word' id='word_1_263' title='bbox 1318 1985 1465 2056; x_wconf 89' lang='lat' dir='ltr'><strong>quod</strong></span> <span class='ocrx_word' id='word_1_264' title='bbox 1524 1988 1663 2042; x_wconf 87' lang='lat' dir='ltr'><strong>nihil</strong></span> <span class='ocrx_word' id='word_1_265' title='bbox 1723 1989 2022 2046; x_wconf 88' lang='lat' dir='ltr'><strong>habeamus</strong></span> <span class='ocrx_word' id='word_1_266' title='bbox 2052 2033 2067 2059; x_wconf 93' lang='lat'><strong>,</strong></span> 
     </span>
    </p>
   </div>
   <div class='ocr_carea' id='block_1_37' title="bbox 497 2074 2069 2152">
    <p class='ocr_par' dir='ltr' id='par_1_37' title="bbox 497 2074 2069 2152">
     <span class='ocr_line' id='line_1_37' title="bbox 497 2074 2069 2152; baseline 0.006 -24"><span class='ocrx_word' id='word_1_267' title='bbox 497 2074 642 2129; x_wconf 88' lang='lat' dir='ltr'><strong>unde</strong></span> <span class='ocrx_word' id='word_1_268' title='bbox 673 2074 820 2130; x_wconf 88' lang='lat' dir='ltr'><strong>hunc</strong></span> <span class='ocrx_word' id='word_1_269' title='bbox 852 2075 1306 2145; x_wconf 87' lang='lat' dir='ltr'><strong>condemnemus.</strong></span> <span class='ocrx_word' id='word_1_270' title='bbox 1340 2076 1504 2148; x_wconf 87' lang='lat' dir='ltr'><strong>Atqui</strong></span> <span class='ocrx_word' id='word_1_271' title='bbox 1534 2080 1705 2134; x_wconf 90' lang='lat' dir='ltr'><strong>multa</strong></span> <span class='ocrx_word' id='word_1_272' title='bbox 1730 2082 1951 2152; x_wconf 88' lang='lat' dir='ltr'><strong>quidem</strong></span> <span class='ocrx_word' id='word_1_273' title='bbox 1973 2098 2069 2138; x_wconf 90' lang='lat' dir='ltr'><strong>au-</strong></span> 
     </span>
    </p>
   </div>
   <div class='ocr_carea' id='block_1_38' title="bbox 494 2163 2069 2236">
    <p class='ocr_par' dir='ltr' id='par_1_38' title="bbox 494 2163 2069 2236">
     <span class='ocr_line' id='line_1_38' title="bbox 494 2163 2069 2236; baseline 0.007 -19"><span class='ocrx_word' id='word_1_274' title='bbox 494 2165 732 2218; x_wconf 80' lang='lat' dir='ltr'><strong>divimus</strong></span> <span class='ocrx_word' id='word_1_275' title='bbox 761 2179 791 2217; x_wconf 92' lang='lat' dir='ltr'><strong>a</strong></span> <span class='ocrx_word' id='word_1_276' title='bbox 820 2163 1105 2231; x_wconf 82' lang='lat' dir='ltr'><strong>fratribus,</strong></span> <span class='ocrx_word' id='word_1_277' title='bbox 1129 2164 1223 2219; x_wconf 92' lang='lat' dir='ltr'><strong>sed</strong></span> <span class='ocrx_word' id='word_1_278' title='bbox 1251 2164 1410 2221; x_wconf 86' lang='lat' dir='ltr'><strong>tidem</strong></span> <span class='ocrx_word' id='word_1_279' title='bbox 1453 2182 1562 2221; x_wconf 89' lang='lat' dir='ltr'><strong>non</strong></span> <span class='ocrx_word' id='word_1_280' title='bbox 1596 2168 1969 2236; x_wconf 86' lang='lat' dir='ltr'><strong>adhibuimus,</strong></span> <span class='ocrx_word' id='word_1_281' title='bbox 2002 2188 2069 2227; x_wconf 91' lang='lat' dir='ltr'><strong>eo</strong></span> 
     </span>
    </p>
   </div>
   <div class='ocr_carea' id='block_1_39' title="bbox 495 2255 2065 2325">
    <p class='ocr_par' dir='ltr' id='par_1_39' title="bbox 495 2255 2065 2325">
     <span class='ocr_line' id='line_1_39' title="bbox 495 2255 2065 2325; baseline 0.006 -17"><span class='ocrx_word' id='word_1_282' title='bbox 495 2255 639 2325; x_wconf 88' lang='lat' dir='ltr'><strong>quod</strong></span> <span class='ocrx_word' id='word_1_283' title='bbox 670 2269 853 2310; x_wconf 90' lang='lat' dir='ltr'><strong>coram</strong></span> <span class='ocrx_word' id='word_1_284' title='bbox 902 2257 1322 2313; x_wconf 87' lang='lat' dir='ltr'><strong>accusatoribus</strong></span> <span class='ocrx_word' id='word_1_285' title='bbox 1372 2273 1485 2313; x_wconf 88' lang='lat' dir='ltr'><strong>non</strong></span> <span class='ocrx_word' id='word_1_286' title='bbox 1532 2268 1743 2315; x_wconf 86' lang='lat' dir='ltr'><strong>starent</strong></span> <span class='ocrx_word' id='word_1_287' title='bbox 1784 2263 2065 2324; x_wconf 90' lang='lat' dir='ltr'><strong>accusati,</strong></span> 
     </span>
    </p>
   </div>
   <div class='ocr_carea' id='block_1_40' title="bbox 495 2346 2070 2422">
    <p class='ocr_par' dir='ltr' id='par_1_40' title="bbox 495 2346 2070 2422">
     <span class='ocr_line' id='line_1_40' title="bbox 495 2346 2070 2422; baseline 0.008 -24"><span class='ocrx_word' id='word_1_288' title='bbox 495 2346 641 2399; x_wconf 82' lang='lat' dir='ltr'><strong>sicut</strong></span> <span class='ocrx_word' id='word_1_289' title='bbox 667 2347 932 2417; x_wconf 90' lang='lat' dir='ltr'><strong>scriptum</strong></span> <span class='ocrx_word' id='word_1_290' title='bbox 963 2356 1087 2402; x_wconf 89' lang='lat' dir='ltr'><strong>est:</strong></span> <span class='ocrx_word' id='word_1_291' title='bbox 1134 2346 1241 2402; x_wconf 74' lang='lat' dir='ltr'><strong>Lex</strong></span> <span class='ocrx_word' id='word_1_292' title='bbox 1273 2359 1459 2404; x_wconf 81' lang='lat' dir='ltr'><strong>nostra</strong></span> <span class='ocrx_word' id='word_1_293' title='bbox 1508 2369 1613 2406; x_wconf 86' lang='lat' dir='ltr'><strong>non</strong></span> <span class='ocrx_word' id='word_1_294' title='bbox 1632 2353 1845 2422; x_wconf 77' lang='lat' dir='ltr'><strong>judicat</strong></span> <span class='ocrx_word' id='word_1_295' title='bbox 1897 2354 2070 2410; x_wconf 81' lang='lat' dir='ltr'><strong>homi-</strong></span> 
     </span>
    </p>
   </div>
   <div class='ocr_carea' id='block_1_41' title="bbox 495 2437 2065 2516">
    <p class='ocr_par' dir='ltr' id='par_1_41' title="bbox 495 2437 2065 2516">
     <span class='ocr_line' id='line_1_41' title="bbox 495 2437 2065 2516; baseline 0.01 -27"><span class='ocrx_word' id='word_1_296' title='bbox 495 2453 636 2504; x_wconf 80' lang='lat' dir='ltr'><strong>nem,</strong></span> <span class='ocrx_word' id='word_1_297' title='bbox 666 2437 771 2491; x_wconf 78' lang='lat' dir='ltr'><strong>nisi</strong></span> <span class='ocrx_word' id='word_1_298' title='bbox 798 2438 950 2507; x_wconf 79' lang='lat' dir='ltr'><strong>prius</strong></span> <span class='ocrx_word' id='word_1_299' title='bbox 978 2455 1096 2492; x_wconf 86' lang='lat' dir='ltr'><strong>eum</strong></span> <span class='ocrx_word' id='word_1_300' title='bbox 1124 2439 1356 2495; x_wconf 76' lang='lat' dir='ltr'><strong>audierit</strong></span> <span class='ocrx_word' id='word_1_301' title='bbox 1382 2451 1432 2496; x_wconf 80' lang='lat' dir='ltr'><strong>et</strong></span> <span class='ocrx_word' id='word_1_302' title='bbox 1458 2446 1659 2498; x_wconf 76' lang='lat' dir='ltr'><strong>noverit</strong></span> <span class='ocrx_word' id='word_1_303' title='bbox 1689 2447 1817 2516; x_wconf 78' lang='lat' dir='ltr'><strong>quid</strong></span> <span class='ocrx_word' id='word_1_304' title='bbox 1836 2448 2003 2516; x_wconf 78' lang='lat' dir='ltr'><strong>faciat</strong></span> <span class='ocrx_word' id='word_1_305' title='bbox 2022 2450 2065 2505; x_wconf 84' lang='lat'><strong>&#39;.</strong></span> 
     </span>
    </p>
   </div>
   <div class='ocr_carea' id='block_1_42' title="bbox 494 2516 2070 2607">
    <p class='ocr_par' dir='ltr' id='par_1_42' title="bbox 494 2516 2070 2607">
     <span class='ocr_line' id='line_1_42' title="bbox 494 2516 2070 2607; baseline 0.01 -25"><span class='ocrx_word' id='word_1_306' title='bbox 494 2530 678 2596; x_wconf 85' lang='lat' dir='ltr'><strong>Quare</strong></span> <span class='ocrx_word' id='word_1_307' title='bbox 704 2531 945 2585; x_wconf 84' lang='lat' dir='ltr'><strong>nondum</strong></span> <span class='ocrx_word' id='word_1_308' title='bbox 983 2547 1302 2603; x_wconf 90' lang='lat' dir='ltr'><strong>possumus,</strong></span> <span class='ocrx_word' id='word_1_309' title='bbox 1328 2535 1500 2591; x_wconf 88' lang='lat' dir='ltr'><strong>frater</strong></span> <span class='ocrx_word' id='word_1_310' title='bbox 1535 2539 1951 2607; x_wconf 87' lang='lat' dir='ltr'><strong>colendissime,</strong></span> <span class='ocrx_word' id='word_1_311' title='bbox 1979 2516 2070 2596; x_wconf 43' lang='lat' dir='ltr'><strong>lit,-</strong></span> 
     </span>
    </p>
   </div>
   <div class='ocr_carea' id='block_1_43' title="bbox 494 2623 2064 2702">
    <p class='ocr_par' dir='ltr' id='par_1_43' title="bbox 494 2623 2064 2702">
     <span class='ocr_line' id='line_1_43' title="bbox 494 2623 2064 2702; baseline 0.009 -28"><span class='ocrx_word' id='word_1_312' title='bbox 494 2631 643 2678; x_wconf 88' lang='lat' dir='ltr'><strong>teras</strong></span> <span class='ocrx_word' id='word_1_313' title='bbox 686 2623 754 2677; x_wconf 88' lang='lat' dir='ltr'><strong>ad</strong></span> <span class='ocrx_word' id='word_1_314' title='bbox 798 2623 921 2678; x_wconf 88' lang='lat' dir='ltr'><strong>illos</strong></span> <span class='ocrx_word' id='word_1_315' title='bbox 959 2624 1112 2692; x_wconf 89' lang='lat' dir='ltr'><strong>dare,</strong></span> <span class='ocrx_word' id='word_1_316' title='bbox 1151 2642 1330 2697; x_wconf 88' lang='lat' dir='ltr'><strong>neque</strong></span> <span class='ocrx_word' id='word_1_317' title='bbox 1377 2627 1445 2682; x_wconf 89' lang='lat' dir='ltr'><strong>ad</strong></span> <span class='ocrx_word' id='word_1_318' title='bbox 1488 2628 1592 2685; x_wconf 89' lang='lat' dir='ltr'><strong>hoc</strong></span> <span class='ocrx_word' id='word_1_319' title='bbox 1624 2632 1743 2702; x_wconf 67' lang='grc' dir='ltr'><strong>(ξοεί</strong></span> <span class='ocrx_word' id='word_1_320' title='bbox 1779 2632 2064 2690; x_wconf 82' lang='lat' dir='ltr'><strong>debemus.</strong></span> 
     </span>
    </p>
   </div>
   <div class='ocr_carea' id='block_1_44' title="bbox 494 2713 2064 2793">
    <p class='ocr_par' dir='ltr' id='par_1_44' title="bbox 494 2713 2064 2793">
     <span class='ocr_line' id='line_1_44' title="bbox 494 2713 2064 2793; baseline 0.009 -26"><span class='ocrx_word' id='word_1_321' title='bbox 494 2713 632 2768; x_wconf 83' lang='lat' dir='ltr'><strong>illud</strong></span> <span class='ocrx_word' id='word_1_322' title='bbox 658 2724 837 2772; x_wconf 91' lang='lat' dir='ltr'><strong>autem</strong></span> <span class='ocrx_word' id='word_1_323' title='bbox 860 2717 1087 2786; x_wconf 84' lang='lat' dir='ltr'><strong>pacifico</strong></span> <span class='ocrx_word' id='word_1_324' title='bbox 1117 2726 1212 2774; x_wconf 92' lang='lat' dir='ltr'><strong>tuo</strong></span> <span class='ocrx_word' id='word_1_325' title='bbox 1241 2720 1426 2774; x_wconf 91' lang='lat' dir='ltr'><strong>animo</strong></span> <span class='ocrx_word' id='word_1_326' title='bbox 1458 2720 1683 2793; x_wconf 78' lang='lat' dir='ltr'><strong>dignum</strong></span> <span class='ocrx_word' id='word_1_327' title='bbox 1716 2723 1902 2789; x_wconf 86' lang='lat' dir='ltr'><strong>fuerit,</strong></span> <span class='ocrx_word' id='word_1_328' title='bbox 1934 2742 2064 2792; x_wconf 85' lang='lat' dir='ltr'><strong>non,</strong></span> 
     </span>
    </p>
   </div>
   <div class='ocr_carea' id='block_1_45' title="bbox 495 2810 2065 2891">
    <p class='ocr_par' dir='ltr' id='par_1_45' title="bbox 495 2810 2065 2891">
     <span class='ocr_line' id='line_1_45' title="bbox 495 2810 2065 2891; baseline 0.01 -31"><span class='ocrx_word' id='word_1_329' title='bbox 495 2822 665 2863; x_wconf 86' lang='lat' dir='ltr'><strong>unum</strong></span> <span class='ocrx_word' id='word_1_330' title='bbox 706 2810 925 2883; x_wconf 89' lang='lat' dir='ltr'><strong>quidem</strong></span> <span class='ocrx_word' id='word_1_331' title='bbox 965 2811 1336 2883; x_wconf 79' lang='lat' dir='ltr'><strong>conjungere,</strong></span> <span class='ocrx_word' id='word_1_332' title='bbox 1387 2814 1535 2869; x_wconf 91' lang='lat' dir='ltr'><strong>aliud</strong></span> <span class='ocrx_word' id='word_1_333' title='bbox 1562 2832 1689 2872; x_wconf 75' lang='lat' dir='ltr'><strong>vero</strong></span> <span class='ocrx_word' id='word_1_334' title='bbox 1717 2818 2065 2891; x_wconf 86' lang='lat' dir='ltr'><strong>disjungere,</strong></span> 
     </span>
    </p>
   </div>
   <div class='ocr_carea' id='block_1_46' title="bbox 496 2899 2065 2976">
    <p class='ocr_par' dir='ltr' id='par_1_46' title="bbox 496 2899 2065 2976">
     <span class='ocr_line' id='line_1_46' title="bbox 496 2899 2065 2976; baseline 0.01 -23"><span class='ocrx_word' id='word_1_335' title='bbox 496 2899 594 2954; x_wconf 87' lang='lat' dir='ltr'><strong>sed</strong></span> <span class='ocrx_word' id='word_1_336' title='bbox 628 2900 695 2956; x_wconf 90' lang='lat' dir='ltr'><strong>ad</strong></span> <span class='ocrx_word' id='word_1_337' title='bbox 726 2915 842 2956; x_wconf 87' lang='lat' dir='ltr'><strong>eam</strong></span> <span class='ocrx_word' id='word_1_338' title='bbox 887 2902 1356 2971; x_wconf 87' lang='lat' dir='ltr'><strong>conjunctionem,</strong></span> <span class='ocrx_word' id='word_1_339' title='bbox 1384 2920 1507 2975; x_wconf 88' lang='lat' dir='ltr'><strong>quae</strong></span> <span class='ocrx_word' id='word_1_340' title='bbox 1545 2908 1696 2976; x_wconf 92' lang='lat' dir='ltr'><strong>prior</strong></span> <span class='ocrx_word' id='word_1_341' title='bbox 1730 2912 1956 2975; x_wconf 80' lang='lat' dir='ltr'><strong>exstitit,</strong></span> <span class='ocrx_word' id='word_1_342' title='bbox 2003 2930 2065 2968; x_wconf 89' lang='lat' dir='ltr'><strong>ea</strong></span> 
     </span>
    </p>
   </div>
   <div class='ocr_carea' id='block_1_47' title="bbox 494 2996 2063 3073">
    <p class='ocr_par' dir='ltr' id='par_1_47' title="bbox 494 2996 2063 3073">
     <span class='ocr_line' id='line_1_47' title="bbox 494 2996 2063 3073; baseline 0.008 -24"><span class='ocrx_word' id='word_1_343' title='bbox 494 3009 619 3064; x_wconf 73' lang='lat' dir='ltr'><strong>quae</strong></span> <span class='ocrx_word' id='word_1_344' title='bbox 659 3004 788 3049; x_wconf 84' lang='lat' dir='ltr'><strong>sunt</strong></span> <span class='ocrx_word' id='word_1_345' title='bbox 829 3002 1081 3065; x_wconf 88' lang='lat' dir='ltr'><strong>separata</strong></span> <span class='ocrx_word' id='word_1_346' title='bbox 1123 2996 1409 3053; x_wconf 90' lang='lat' dir='ltr'><strong>reducere.</strong></span> <span class='ocrx_word' id='word_1_347' title='bbox 1443 2997 1787 3071; x_wconf 87' lang='lat' dir='ltr'><strong>Quapropter</strong></span> <span class='ocrx_word' id='word_1_348' title='bbox 1827 3005 2063 3073; x_wconf 91' lang='lat' dir='ltr'><strong>primum</strong></span> 
     </span>
    </p>
   </div>
   <div class='ocr_carea' id='block_1_48' title="bbox 494 3084 2136 3186">
    <p class='ocr_par' dir='ltr' id='par_1_48' title="bbox 494 3084 2136 3186">
     <span class='ocr_line' id='line_1_48' title="bbox 494 3084 2136 3186; baseline 0.008 -49"><span class='ocrx_word' id='word_1_349' title='bbox 494 3084 715 3154; x_wconf 90' lang='lat' dir='ltr'><strong>quidem</strong></span> <span class='ocrx_word' id='word_1_350' title='bbox 751 3100 1009 3155; x_wconf 88' lang='lat' dir='ltr'><strong>precare,</strong></span> <span class='ocrx_word' id='word_1_351' title='bbox 1048 3086 1247 3143; x_wconf 91' lang='lat' dir='ltr'><strong>deinde</strong></span> <span class='ocrx_word' id='word_1_352' title='bbox 1271 3088 1436 3143; x_wconf 88' lang='lat' dir='ltr'><strong>etiam</strong></span> <span class='ocrx_word' id='word_1_353' title='bbox 1457 3128 1473 3153; x_wconf 90' lang='lat'><strong>,</strong></span> <span class='ocrx_word' id='word_1_354' title='bbox 1504 3100 1772 3161; x_wconf 88' lang='lat' dir='ltr'><strong>quantum</strong></span> <span class='ocrx_word' id='word_1_355' title='bbox 1808 3093 1862 3148; x_wconf 93' lang='lat' dir='ltr'><strong>in</strong></span> <span class='ocrx_word' id='word_1_356' title='bbox 1908 3104 1961 3151; x_wconf 91' lang='lat' dir='ltr'><strong>te</strong></span> <span class='ocrx_word' id='word_1_357' title='bbox 1992 3098 2067 3152; x_wconf 84' lang='lat' dir='ltr'><strong>si-</strong></span> <span class='ocrx_word' id='word_1_358' title='bbox 2093 3129 2136 3186; x_wconf 67' lang='grc' dir='ltr'>ο</span> 
     </span>
    </p>
   </div>
   <div class='ocr_carea' id='block_1_49' title="bbox 495 3176 2064 3251">
    <p class='ocr_par' dir='ltr' id='par_1_49' title="bbox 495 3176 2064 3251">
     <span class='ocr_line' id='line_1_49' title="bbox 495 3176 2064 3251; baseline 0.01 -22"><span class='ocrx_word' id='word_1_359' title='bbox 495 3183 611 3231; x_wconf 72' lang='lat' dir='ltr'><strong>tum</strong></span> <span class='ocrx_word' id='word_1_360' title='bbox 650 3176 778 3239; x_wconf 90' lang='lat' dir='ltr'><strong>erit,</strong></span> <span class='ocrx_word' id='word_1_361' title='bbox 813 3177 1124 3243; x_wconf 79' lang='lat' dir='ltr'><strong>exhortare,</strong></span> <span class='ocrx_word' id='word_1_362' title='bbox 1168 3186 1228 3234; x_wconf 91' lang='lat' dir='ltr'><strong>ut</strong></span> <span class='ocrx_word' id='word_1_363' title='bbox 1263 3180 1509 3251; x_wconf 89' lang='lat' dir='ltr'><strong>projecta</strong></span> <span class='ocrx_word' id='word_1_364' title='bbox 1547 3199 1613 3239; x_wconf 81' lang='lat' dir='ltr'><strong>ex</strong></span> <span class='ocrx_word' id='word_1_365' title='bbox 1653 3186 1852 3242; x_wconf 90' lang='lat' dir='ltr'><strong>animis</strong></span> <span class='ocrx_word' id='word_1_366' title='bbox 1885 3190 2064 3244; x_wconf 89' lang='lat' dir='ltr'><strong>ambi-</strong></span> 
     </span>
    </p>
   </div>
   <div class='ocr_carea' id='block_1_50' title="bbox 493 3271 2067 3344">
    <p class='ocr_par' dir='ltr' id='par_1_50' title="bbox 493 3271 2067 3344">
     <span class='ocr_line' id='line_1_50' title="bbox 493 3271 2067 3344; baseline 0.01 -21"><span class='ocrx_word' id='word_1_367' title='bbox 493 3271 664 3334; x_wconf 88' lang='lat' dir='ltr'><strong>tione,</strong></span> <span class='ocrx_word' id='word_1_368' title='bbox 693 3277 807 3325; x_wconf 87' lang='lat' dir='ltr'><strong>tum</strong></span> <span class='ocrx_word' id='word_1_369' title='bbox 833 3271 899 3326; x_wconf 89' lang='lat' dir='ltr'><strong>ad</strong></span> <span class='ocrx_word' id='word_1_370' title='bbox 928 3271 1097 3327; x_wconf 87' lang='lat' dir='ltr'><strong>robur</strong></span> <span class='ocrx_word' id='word_1_371' title='bbox 1122 3272 1378 3330; x_wconf 74' lang='lat' dir='ltr'><strong>Ecclesia:</strong></span> <span class='ocrx_word' id='word_1_372' title='bbox 1413 3277 1838 3344; x_wconf 87' lang='lat' dir='ltr'><strong>restituendum,</strong></span> <span class='ocrx_word' id='word_1_373' title='bbox 1863 3289 1975 3337; x_wconf 88' lang='lat' dir='ltr'><strong>tum</strong></span> <span class='ocrx_word' id='word_1_374' title='bbox 1999 3285 2067 3339; x_wconf 88' lang='lat' dir='ltr'><strong>ad</strong></span> 
     </span>
    </p>
   </div>
   <div class='ocr_carea' id='block_1_51' title="bbox 494 3363 2068 3434">
    <p class='ocr_par' dir='ltr' id='par_1_51' title="bbox 494 3363 2068 3434">
     <span class='ocr_line' id='line_1_51' title="bbox 494 3363 2068 3434; baseline 0.01 -20"><span class='ocrx_word' id='word_1_375' title='bbox 494 3363 965 3434; x_wconf 87' lang='lat' dir='ltr'><strong>comprimendum</strong></span> <span class='ocrx_word' id='word_1_376' title='bbox 1016 3365 1364 3423; x_wconf 85' lang='lat' dir='ltr'><strong>inimicorum</strong></span> <span class='ocrx_word' id='word_1_377' title='bbox 1404 3370 1655 3426; x_wconf 70' lang='lat' dir='ltr'><strong>furorem</strong></span> <span class='ocrx_word' id='word_1_378' title='bbox 1708 3372 1853 3427; x_wconf 88' lang='lat' dir='ltr'><strong>inter</strong></span> <span class='ocrx_word' id='word_1_379' title='bbox 1884 3391 1943 3430; x_wconf 83' lang='lat' dir='ltr'><strong>se</strong></span> <span class='ocrx_word' id='word_1_380' title='bbox 1982 3392 2068 3431; x_wconf 88' lang='lat' dir='ltr'><strong>re-</strong></span> 
     </span>
    </p>
   </div>
   <div class='ocr_carea' id='block_1_52' title="bbox 494 3454 2069 3522">
    <p class='ocr_par' dir='ltr' id='par_1_52' title="bbox 494 3454 2069 3522">
     <span class='ocr_line' id='line_1_52' title="bbox 494 3454 2069 3522; baseline 0.009 -14"><span class='ocrx_word' id='word_1_381' title='bbox 494 3455 876 3519; x_wconf 75' lang='lat' dir='ltr'><strong>concilientur.</strong></span> <span class='ocrx_word' id='word_1_382' title='bbox 909 3454 1079 3513; x_wconf 77' lang='lat' dir='ltr'><strong>Valde</strong></span> <span class='ocrx_word' id='word_1_383' title='bbox 1113 3466 1297 3514; x_wconf 89' lang='lat' dir='ltr'><strong>autem</strong></span> <span class='ocrx_word' id='word_1_384' title='bbox 1343 3477 1524 3516; x_wconf 88' lang='lat' dir='ltr'><strong>meum</strong></span> <span class='ocrx_word' id='word_1_385' title='bbox 1558 3463 1693 3519; x_wconf 90' lang='lat' dir='ltr'><strong>illud</strong></span> <span class='ocrx_word' id='word_1_386' title='bbox 1737 3466 1903 3520; x_wconf 81' lang='lat' dir='ltr'><strong>etiam</strong></span> <span class='ocrx_word' id='word_1_387' title='bbox 1949 3469 2069 3522; x_wconf 90' lang='lat' dir='ltr'><strong>ani-</strong></span> 
     </span>
    </p>
   </div>
   <div class='ocr_carea' id='block_1_53' title="bbox 494 3548 2069 3628">
    <p class='ocr_par' dir='ltr' id='par_1_53' title="bbox 494 3548 2069 3628">
     <span class='ocr_line' id='line_1_53' title="bbox 494 3548 2069 3628; baseline 0.009 -29"><span class='ocrx_word' id='word_1_388' title='bbox 494 3561 643 3599; x_wconf 85' lang='lat' dir='ltr'><strong>mum</strong></span> <span class='ocrx_word' id='word_1_389' title='bbox 685 3548 988 3613; x_wconf 81' lang='lat' dir='ltr'><strong>recreavit,</strong></span> <span class='ocrx_word' id='word_1_390' title='bbox 1031 3549 1177 3620; x_wconf 91' lang='lat' dir='ltr'><strong>quod</strong></span> <span class='ocrx_word' id='word_1_391' title='bbox 1221 3549 1501 3622; x_wconf 83' lang='lat' dir='ltr'><strong>diligentia</strong></span> <span class='ocrx_word' id='word_1_392' title='bbox 1540 3560 1632 3607; x_wconf 88' lang='lat' dir='ltr'><strong>tua</strong></span> <span class='ocrx_word' id='word_1_393' title='bbox 1668 3557 1884 3610; x_wconf 67' lang='lat' dir='ltr'><strong>caeteris</strong></span> <span class='ocrx_word' id='word_1_394' title='bbox 1929 3573 2069 3628; x_wconf 70' lang='lat' dir='ltr'><strong>pra:-</strong></span> 
     </span>
    </p>
   </div>
   <div class='ocr_carea' id='block_1_54' title="bbox 494 3638 2069 3715">
    <p class='ocr_par' dir='ltr' id='par_1_54' title="bbox 494 3638 2069 3715">
     <span class='ocr_line' id='line_1_54' title="bbox 494 3638 2069 3715; baseline 0.012 -26"><span class='ocrx_word' id='word_1_395' title='bbox 494 3638 642 3694; x_wconf 80' lang='lat' dir='ltr'><strong>rlare</strong></span> <span class='ocrx_word' id='word_1_396' title='bbox 679 3647 733 3695; x_wconf 89' lang='lat' dir='ltr'><strong>et</strong></span> <span class='ocrx_word' id='word_1_397' title='bbox 764 3649 1020 3697; x_wconf 88' lang='lat' dir='ltr'><strong>accurate</strong></span> <span class='ocrx_word' id='word_1_398' title='bbox 1043 3645 1293 3699; x_wconf 89' lang='lat' dir='ltr'><strong>tractatis</strong></span> <span class='ocrx_word' id='word_1_399' title='bbox 1318 3645 1537 3715; x_wconf 85' lang='lat' dir='ltr'><strong>adjecit,</strong></span> <span class='ocrx_word' id='word_1_400' title='bbox 1564 3657 1677 3703; x_wconf 89' lang='lat' dir='ltr'><strong>tres</strong></span> <span class='ocrx_word' id='word_1_401' title='bbox 1699 3664 1925 3705; x_wconf 88' lang='lat' dir='ltr'><strong>necesse</strong></span> <span class='ocrx_word' id='word_1_402' title='bbox 1947 3668 2069 3708; x_wconf 87' lang='lat' dir='ltr'><strong>esse</strong></span> 
     </span>
    </p>
   </div>
   <div class='ocr_carea' id='block_1_55' title="bbox 492 3727 2069 3806">
    <p class='ocr_par' dir='ltr' id='par_1_55' title="bbox 492 3727 2069 3806">
     <span class='ocr_line' id='line_1_55' title="bbox 492 3727 2069 3806; baseline 0.01 -24"><span class='ocrx_word' id='word_1_403' title='bbox 492 3727 819 3800; x_wconf 63' lang='lat' dir='ltr'><strong>bypostases</strong></span> <span class='ocrx_word' id='word_1_404' title='bbox 865 3731 1136 3788; x_wconf 86' lang='lat' dir='ltr'><strong>conﬁteri.</strong></span> <span class='ocrx_word' id='word_1_405' title='bbox 1186 3734 1530 3806; x_wconf 86' lang='lat' dir='ltr'><strong>Quapropter</strong></span> <span class='ocrx_word' id='word_1_406' title='bbox 1580 3738 1686 3794; x_wconf 89' lang='lat' dir='ltr'><strong>hoc</strong></span> <span class='ocrx_word' id='word_1_407' title='bbox 1730 3741 1894 3794; x_wconf 85' lang='lat' dir='ltr'><strong>etiam</strong></span> <span class='ocrx_word' id='word_1_408' title='bbox 1940 3756 1971 3794; x_wconf 87' lang='lat' dir='ltr'><strong>a</strong></span> <span class='ocrx_word' id='word_1_409' title='bbox 2017 3750 2069 3798; x_wconf 85' lang='lat' dir='ltr'><strong>te</strong></span> 
     </span>
    </p>
   </div>
   <div class='ocr_carea' id='block_1_56' title="bbox 494 3812 2067 3899">
    <p class='ocr_par' dir='ltr' id='par_1_56' title="bbox 494 3812 2067 3899">
     <span class='ocr_line' id='line_1_56' title="bbox 494 3812 2067 3899; baseline 0.011 -29"><span class='ocrx_word' id='word_1_410' title='bbox 494 3816 693 3874; x_wconf 85' lang='lat' dir='ltr'><strong>fratres</strong></span> <span class='ocrx_word' id='word_1_411' title='bbox 744 3820 1074 3879; x_wconf 90' lang='lat' dir='ltr'><strong>Antiocheni</strong></span> <span class='ocrx_word' id='word_1_412' title='bbox 1120 3812 1455 3882; x_wconf 41' lang='lat' dir='ltr'><strong>edoceantu‘r</strong></span> <span class='ocrx_word' id='word_1_413' title='bbox 1503 3846 1518 3882; x_wconf 89' lang='lat'><strong>:</strong></span> <span class='ocrx_word' id='word_1_414' title='bbox 1571 3830 1822 3899; x_wconf 89' lang='lat' dir='ltr'><strong>profecto</strong></span> <span class='ocrx_word' id='word_1_415' title='bbox 1881 3843 2067 3888; x_wconf 86' lang='lat' dir='ltr'><strong>autem</strong></span> 
     </span>
    </p>
   </div>
   <div class='ocr_carea' id='block_1_57' title="bbox 487 3912 2067 3996">
    <p class='ocr_par' dir='ltr' id='par_1_57' title="bbox 487 3912 2067 3996">
     <span class='ocr_line' id='line_1_57' title="bbox 487 3912 2067 3996; baseline 0.01 -31"><span class='ocrx_word' id='word_1_416' title='bbox 487 3912 603 3982; x_wconf 88' lang='lat' dir='ltr'><strong>jam</strong></span> <span class='ocrx_word' id='word_1_417' title='bbox 632 3913 813 3970; x_wconf 88' lang='lat' dir='ltr'><strong>edocti</strong></span> <span class='ocrx_word' id='word_1_418' title='bbox 853 3927 1000 3972; x_wconf 87' lang='lat' dir='ltr'><strong>sunt.</strong></span> <span class='ocrx_word' id='word_1_419' title='bbox 1035 3916 1174 3973; x_wconf 86' lang='lat' dir='ltr'><strong>Nam</strong></span> <span class='ocrx_word' id='word_1_420' title='bbox 1209 3921 1329 3976; x_wconf 90' lang='lat' dir='ltr'><strong>sine</strong></span> <span class='ocrx_word' id='word_1_421' title='bbox 1357 3921 1526 3977; x_wconf 88' lang='lat' dir='ltr'><strong>dubio</strong></span> <span class='ocrx_word' id='word_1_422' title='bbox 1556 3938 1745 3978; x_wconf 85' lang='lat' dir='ltr'><strong>eorum</strong></span> <span class='ocrx_word' id='word_1_423' title='bbox 1780 3926 2067 3996; x_wconf 86' lang='lat' dir='ltr'><strong>amplexus</strong></span> 
     </span>
    </p>
   </div>
   <div class='ocr_carea' id='block_1_58' title="bbox 492 4014 2068 4080">
    <p class='ocr_par' dir='ltr' id='par_1_58' title="bbox 492 4014 2068 4080">
     <span class='ocr_line' id='line_1_58' title="bbox 492 4014 2068 4080; baseline 0.01 -20"><span class='ocrx_word' id='word_1_424' title='bbox 492 4020 605 4061; x_wconf 89' lang='lat' dir='ltr'><strong>non</strong></span> <span class='ocrx_word' id='word_1_425' title='bbox 642 4024 796 4065; x_wconf 88' lang='lat' dir='ltr'><strong>esses</strong></span> <span class='ocrx_word' id='word_1_426' title='bbox 827 4014 1267 4070; x_wconf 87' lang='lat' dir='ltr'><strong>communionem</strong></span> <span class='ocrx_word' id='word_1_427' title='bbox 1290 4053 1304 4080; x_wconf 89' lang='lat'><strong>,</strong></span> <span class='ocrx_word' id='word_1_428' title='bbox 1342 4016 1449 4072; x_wconf 89' lang='lat' dir='ltr'><strong>nisi</strong></span> <span class='ocrx_word' id='word_1_429' title='bbox 1476 4018 1711 4074; x_wconf 78' lang='lat' dir='ltr'><strong>maxime</strong></span> <span class='ocrx_word' id='word_1_430' title='bbox 1747 4019 1936 4075; x_wconf 88' lang='lat' dir='ltr'><strong>tibide</strong></span> <span class='ocrx_word' id='word_1_431' title='bbox 1964 4020 2068 4076; x_wconf 91' lang='lat' dir='ltr'><strong>hoc</strong></span> 
     </span>
    </p>
   </div>
   <div class='ocr_carea' id='block_1_59' title="bbox 493 4098 1123 4167">
    <p class='ocr_par' dir='ltr' id='par_1_59' title="bbox 493 4098 1123 4167">
     <span class='ocr_line' id='line_1_59' title="bbox 493 4098 1123 4167; baseline 0.01 -18"><span class='ocrx_word' id='word_1_432' title='bbox 493 4098 674 4167; x_wconf 86' lang='lat' dir='ltr'><strong>capite</strong></span> <span class='ocrx_word' id='word_1_433' title='bbox 700 4108 924 4155; x_wconf 87' lang='lat' dir='ltr'><strong>cautum</strong></span> <span class='ocrx_word' id='word_1_434' title='bbox 958 4111 1123 4159; x_wconf 87' lang='lat' dir='ltr'><strong>esset.</strong></span> 
     </span>
    </p>
   </div>
   <div class='ocr_carea' id='block_1_60' title="bbox 567 4274 2067 4360">
    <p class='ocr_par' dir='ltr' id='par_1_60' title="bbox 567 4274 2067 4360">
     <span class='ocr_line' id='line_1_60' title="bbox 567 4274 2067 4360; baseline 0.012 -31"><span class='ocrx_word' id='word_1_435' title='bbox 567 4276 622 4330; x_wconf 71' lang='grc'>4.</span> <span class='ocrx_word' id='word_1_436' title='bbox 678 4274 823 4332; x_wconf 88' lang='lat' dir='ltr'><strong>Gens</strong></span> <span class='ocrx_word' id='word_1_437' title='bbox 867 4285 1047 4334; x_wconf 90' lang='lat' dir='ltr'><strong>autem</strong></span> <span class='ocrx_word' id='word_1_438' title='bbox 1099 4278 1497 4352; x_wconf 67' lang='lat' dir='ltr'><strong>Maguszeorum</strong></span> <span class='ocrx_word' id='word_1_439' title='bbox 1542 4287 1618 4358; x_wconf 89' lang='lat' dir='ltr'><strong>(id</strong></span> <span class='ocrx_word' id='word_1_440' title='bbox 1671 4290 1817 4360; x_wconf 93' lang='lat' dir='ltr'><strong>quod</strong></span> <span class='ocrx_word' id='word_1_441' title='bbox 1875 4291 2067 4346; x_wconf 86' lang='lat' dir='ltr'><strong>alteris</strong></span> 
     </span>
    </p>
   </div>
   <div class='ocr_carea' id='block_1_61' title="bbox 440 4369 2068 4454">
    <p class='ocr_par' dir='ltr' id='par_1_61' title="bbox 440 4369 2068 4454">
     <span class='ocr_line' id='line_1_61' title="bbox 440 4369 2068 4454; baseline 0.011 -31"><span class='ocrx_word' id='word_1_442' title='bbox 440 4376 451 4391; x_wconf 83' lang='grc'><strong><em>⁸</em></strong></span> <span class='ocrx_word' id='word_1_443' title='bbox 492 4369 630 4424; x_wconf 90' lang='lat' dir='ltr'><strong>mihi</strong></span> <span class='ocrx_word' id='word_1_444' title='bbox 674 4369 872 4425; x_wconf 89' lang='lat' dir='ltr'><strong>litteris</strong></span> <span class='ocrx_word' id='word_1_445' title='bbox 923 4371 1170 4429; x_wconf 87' lang='lat' dir='ltr'><strong>indicare</strong></span> <span class='ocrx_word' id='word_1_446' title='bbox 1210 4387 1471 4445; x_wconf 83' lang='lat' dir='ltr'><strong>gravatus</strong></span> <span class='ocrx_word' id='word_1_447' title='bbox 1517 4394 1625 4435; x_wconf 93' lang='lat' dir='ltr'><strong>non</strong></span> <span class='ocrx_word' id='word_1_448' title='bbox 1672 4383 1755 4451; x_wconf 89' lang='lat' dir='ltr'><strong>es)</strong></span> <span class='ocrx_word' id='word_1_449' title='bbox 1805 4385 2068 4454; x_wconf 84' lang='lat' dir='ltr'><strong>frequens</strong></span> 
     </span>
    </p>
   </div>
   <div class='ocr_carea' id='block_1_62' title="bbox 2171 1878 3674 1961">
    <p class='ocr_par' dir='ltr' id='par_1_62' title="bbox 2171 1878 3674 1961">
     <span class='ocr_line' id='line_1_62' title="bbox 2171 1878 3674 1961; baseline 0.002 -21"><span class='ocrx_word' id='word_1_450' title='bbox 2171 1885 2373 1941; x_wconf 87' lang='grc' dir='ltr'>θόντων</span> <span class='ocrx_word' id='word_1_451' title='bbox 2414 1888 2628 1954; x_wconf 82' lang='grc' dir='ltr'>οὐδενὸς</span> <span class='ocrx_word' id='word_1_452' title='bbox 2661 1888 2874 1943; x_wconf 81' lang='grc' dir='ltr'><strong>οὐδέπω</strong></span> <span class='ocrx_word' id='word_1_453' title='bbox 2911 1878 3016 1961; x_wconf 71' lang='grc' dir='ltr'>τὴν</span> <span class='ocrx_word' id='word_1_454' title='bbox 3060 1890 3353 1943; x_wconf 87' lang='grc' dir='ltr'>κοινωνίαν</span> <span class='ocrx_word' id='word_1_455' title='bbox 3406 1890 3674 1960; x_wconf 70' lang='grc' dir='ltr'>προσηκάμε-</span> 
     </span>
    </p>
   </div>
   <div class='ocr_carea' id='block_1_63' title="bbox 2171 1978 3672 2055">
    <p class='ocr_par' dir='ltr' id='par_1_63' title="bbox 2171 1978 3672 2055">
     <span class='ocr_line' id='line_1_63' title="bbox 2171 1978 3672 2055; baseline 0.001 -23"><span class='ocrx_word' id='word_1_456' title='bbox 2171 1978 2238 2033; x_wconf 91' lang='grc' dir='ltr'><strong>θα</strong></span> <span class='ocrx_word' id='word_1_457' title='bbox 2267 1997 2280 2010; x_wconf 85' lang='grc'><em>’</em></span> <span class='ocrx_word' id='word_1_458' title='bbox 2323 1981 2426 2034; x_wconf 73' lang='grc' dir='ltr'><strong>οὐκ</strong></span> <span class='ocrx_word' id='word_1_459' title='bbox 2474 1981 2716 2046; x_wconf 78' lang='grc' dir='ltr'>ἐκείνους</span> <span class='ocrx_word' id='word_1_460' title='bbox 2752 1982 3031 2055; x_wconf 81' lang='grc' dir='ltr'>κρίνοντες</span> <span class='ocrx_word' id='word_1_461' title='bbox 3074 1982 3368 2048; x_wconf 81' lang='grc' dir='ltr'>ἀναξίους,</span> <span class='ocrx_word' id='word_1_462' title='bbox 3414 1982 3533 2035; x_wconf 82' lang='grc' dir='ltr'><strong>ἀλλά</strong></span> <span class='ocrx_word' id='word_1_463' title='bbox 3563 1982 3672 2052; x_wconf 55' lang='grc' dir='ltr'>μηδὲν</span> 
     </span>
    </p>
   </div>
   <div class='ocr_carea' id='block_1_64' title="bbox 2169 2071 3673 2145">
    <p class='ocr_par' dir='ltr' id='par_1_64' title="bbox 2169 2071 3673 2145">
     <span class='ocr_line' id='line_1_64' title="bbox 2169 2071 3673 2145; baseline 0.003 -22"><span class='ocrx_word' id='word_1_464' title='bbox 2169 2071 2384 2142; x_wconf 73' lang='grc' dir='ltr'>ἔχοντες</span> <span class='ocrx_word' id='word_1_465' title='bbox 2432 2071 2621 2126; x_wconf 81' lang='grc' dir='ltr'>τούτου</span> <span class='ocrx_word' id='word_1_466' title='bbox 2681 2072 3136 2143; x_wconf 84' lang='grc' dir='ltr'>καταγινώσκειν.</span> <span class='ocrx_word' id='word_1_467' title='bbox 3194 2074 3394 2129; x_wconf 83' lang='grc' dir='ltr'>Καίτοι</span> <span class='ocrx_word' id='word_1_468' title='bbox 3438 2074 3580 2129; x_wconf 68' lang='grc' dir='ltr'>πολλὰ</span> <span class='ocrx_word' id='word_1_469' title='bbox 3610 2076 3673 2145; x_wconf 67' lang='grc' dir='ltr'>μὲν</span> 
     </span>
    </p>
   </div>
   <div class='ocr_carea' id='block_1_65' title="bbox 2169 2164 3751 2253">
    <p class='ocr_par' dir='ltr' id='par_1_65' title="bbox 2169 2164 3751 2253">
     <span class='ocr_line' id='line_1_65' title="bbox 2169 2164 3751 2253; baseline 0.001 -36"><span class='ocrx_word' id='word_1_470' title='bbox 2169 2164 2484 2235; x_wconf 80' lang='grc' dir='ltr'>ἠκούσαμεν</span> <span class='ocrx_word' id='word_1_471' title='bbox 2522 2165 2652 2234; x_wconf 60' lang='grc' dir='ltr'><strong>περὶ¹</strong></span> <span class='ocrx_word' id='word_1_472' title='bbox 2704 2164 2813 2218; x_wconf 87' lang='grc' dir='ltr'><strong>τῶν</strong></span> <span class='ocrx_word' id='word_1_473' title='bbox 2860 2164 3107 2235; x_wconf 81' lang='grc' dir='ltr'>ἀδελφῶν</span> <span class='ocrx_word' id='word_1_474' title='bbox 3131 2207 3148 2231; x_wconf 89' lang='grc'><strong>,</strong></span> <span class='ocrx_word' id='word_1_475' title='bbox 3183 2165 3303 2220; x_wconf 81' lang='grc' dir='ltr'>ἀλλ’</span> <span class='ocrx_word' id='word_1_476' title='bbox 3352 2166 3411 2219; x_wconf 76' lang='grc' dir='ltr'>οὗ</span> <span class='ocrx_word' id='word_1_477' title='bbox 3465 2166 3672 2237; x_wconf 59' lang='grc' dir='ltr'>προσηκά-</span> <span class='ocrx_word' id='word_1_478' title='bbox 3750 2236 3751 2253; x_wconf 15' lang='grc' dir='ltr'>χ</span> 
     </span>
    </p>
   </div>
   <div class='ocr_carea' id='block_1_66' title="bbox 2172 2255 3674 2330">
    <p class='ocr_par' dir='ltr' id='par_1_66' title="bbox 2172 2255 3674 2330">
     <span class='ocr_line' id='line_1_66' title="bbox 2172 2255 3674 2330; baseline 0.001 -20"><span class='ocrx_word' id='word_1_479' title='bbox 2172 2255 2312 2328; x_wconf 89' lang='grc' dir='ltr'>μεθα</span> <span class='ocrx_word' id='word_1_480' title='bbox 2336 2297 2351 2322; x_wconf 90' lang='grc'><strong>,</strong></span> <span class='ocrx_word' id='word_1_481' title='bbox 2403 2256 2492 2310; x_wconf 86' lang='grc' dir='ltr'>διὰ</span> <span class='ocrx_word' id='word_1_482' title='bbox 2534 2257 2596 2310; x_wconf 83' lang='grc' dir='ltr'>τὸ</span> <span class='ocrx_word' id='word_1_483' title='bbox 2631 2256 2707 2328; x_wconf 84' lang='grc' dir='ltr'>μὴ</span> <span class='ocrx_word' id='word_1_484' title='bbox 2756 2257 3217 2330; x_wconf 78' lang='grc' dir='ltr'>ἀντικαταστῆναι</span> <span class='ocrx_word' id='word_1_485' title='bbox 3264 2261 3376 2322; x_wconf 87' lang='grc' dir='ltr'>τοῖς</span> <span class='ocrx_word' id='word_1_486' title='bbox 3425 2257 3674 2327; x_wconf 73' lang='grc' dir='ltr'>κατηγόροις</span> 
     </span>
    </p>
   </div>
   <div class='ocr_carea' id='block_1_67' title="bbox 2168 2347 3672 2422">
    <p class='ocr_par' dir='ltr' id='par_1_67' title="bbox 2168 2347 3672 2422">
     <span class='ocr_line' id='line_1_67' title="bbox 2168 2347 3672 2422; baseline -0.001 -19"><span class='ocrx_word' id='word_1_487' title='bbox 2168 2350 2295 2413; x_wconf 75' lang='grc' dir='ltr'>τοὺς</span> <span class='ocrx_word' id='word_1_488' title='bbox 2343 2348 2777 2421; x_wconf 77' lang='grc' dir='ltr'>ἐγκαλουμένους</span> <span class='ocrx_word' id='word_1_489' title='bbox 2807 2348 2950 2402; x_wconf 85' lang='grc' dir='ltr'>κατὰ</span> <span class='ocrx_word' id='word_1_490' title='bbox 2992 2348 3054 2402; x_wconf 84' lang='grc' dir='ltr'><strong>τὸ</strong></span> <span class='ocrx_word' id='word_1_491' title='bbox 3104 2347 3672 2422; x_wconf 62' lang='grc' dir='ltr'>γεγραμμένον,ὅτιὲίὴ</span> 
     </span>
    </p>
   </div>
   <div class='ocr_carea' id='block_1_68' title="bbox 2169 2432 3751 2513">
    <p class='ocr_par' dir='ltr' id='par_1_68' title="bbox 2169 2432 3751 2513">
     <span class='ocr_line' id='line_1_68' title="bbox 2169 2432 3751 2513; baseline 0 -19"><span class='ocrx_word' id='word_1_492' title='bbox 2169 2443 2204 2494; x_wconf 83' lang='grc' dir='ltr'><em>ὀ</em></span> <span class='ocrx_word' id='word_1_493' title='bbox 2240 2441 2424 2511; x_wconf 74' lang='grc' dir='ltr'>νόμος</span> <span class='ocrx_word' id='word_1_494' title='bbox 2455 2439 2627 2510; x_wconf 79' lang='grc' dir='ltr'>ἡμῶν</span> <span class='ocrx_word' id='word_1_495' title='bbox 2656 2441 2845 2509; x_wconf 78' lang='grc' dir='ltr'>κρίνει</span> <span class='ocrx_word' id='word_1_496' title='bbox 2876 2441 2952 2513; x_wconf 84' lang='grc'><strong>(7)</strong></span> <span class='ocrx_word' id='word_1_497' title='bbox 3005 2439 3115 2493; x_wconf 79' lang='grc' dir='ltr'><strong>τὸν</strong></span> <span class='ocrx_word' id='word_1_498' title='bbox 3150 2442 3490 2510; x_wconf 70' lang='grc' dir='ltr'>ἄνθρωπον,</span> <span class='ocrx_word' id='word_1_499' title='bbox 3515 2440 3597 2494; x_wconf 78' lang='grc' dir='ltr'><strong>ἐὰν</strong></span> <span class='ocrx_word' id='word_1_500' title='bbox 3616 2439 3673 2508; x_wconf 72' lang='grc' dir='ltr'>μὴ</span> 
     </span>
    </p>
   </div>
   <div class='ocr_carea' id='block_1_69' title="bbox 2169 2531 3751 2604">
    <p class='ocr_par' dir='ltr' id='par_1_69' title="bbox 2169 2531 3751 2604">
     <span class='ocr_line' id='line_1_69' title="bbox 2169 2531 3751 2604; baseline 0.001 -19"><span class='ocrx_word' id='word_1_501' title='bbox 2169 2532 2406 2602; x_wconf 75' lang='grc' dir='ltr'>πρῶτον</span> <span class='ocrx_word' id='word_1_502' title='bbox 2436 2531 2626 2587; x_wconf 84' lang='grc' dir='ltr'>αὐτοῦ</span> <span class='ocrx_word' id='word_1_503' title='bbox 2658 2534 2893 2603; x_wconf 76' lang='grc' dir='ltr'>ἀκούσῃ</span> <span class='ocrx_word' id='word_1_504' title='bbox 2912 2573 2928 2598; x_wconf 91' lang='grc'><strong>,</strong></span> <span class='ocrx_word' id='word_1_505' title='bbox 2976 2534 3075 2588; x_wconf 75' lang='grc' dir='ltr'>καὶ</span> <span class='ocrx_word' id='word_1_506' title='bbox 3115 2534 3241 2604; x_wconf 72' lang='grc' dir='ltr'><strong>γνῷ</strong></span> <span class='ocrx_word' id='word_1_507' title='bbox 3285 2534 3343 2587; x_wconf 84' lang='grc' dir='ltr'><strong>τί</strong></span> <span class='ocrx_word' id='word_1_508' title='bbox 3384 2532 3538 2587; x_wconf 73' lang='grc' dir='ltr'>ποιεῖ.</span> <span class='ocrx_word' id='word_1_509' title='bbox 3560 2533 3672 2586; x_wconf 71' lang='grc' dir='ltr'>Ὥστε</span> 
     </span>
    </p>
   </div>
   <div class='ocr_carea' id='block_1_70' title="bbox 2166 2623 3751 2697">
    <p class='ocr_par' dir='ltr' id='par_1_70' title="bbox 2166 2623 3751 2697">
     <span class='ocr_line' id='line_1_70' title="bbox 2166 2623 3751 2697; baseline 0 -20"><span class='ocrx_word' id='word_1_510' title='bbox 2166 2623 2322 2678; x_wconf 73' lang='grc' dir='ltr'>οὔπω</span> <span class='ocrx_word' id='word_1_511' title='bbox 2357 2623 2633 2695; x_wconf 88' lang='grc' dir='ltr'>δυνάμεθα</span> <span class='ocrx_word' id='word_1_512' title='bbox 2671 2626 2854 2690; x_wconf 78' lang='grc' dir='ltr'>αὐτοῖς</span> <span class='ocrx_word' id='word_1_513' title='bbox 2886 2626 3222 2679; x_wconf 75' lang='grc' dir='ltr'>ἐπιστέλλειν</span> <span class='ocrx_word' id='word_1_514' title='bbox 3244 2666 3259 2691; x_wconf 90' lang='grc'><strong>,</strong></span> <span class='ocrx_word' id='word_1_515' title='bbox 3288 2625 3557 2697; x_wconf 82' lang='grc' dir='ltr'>τιμιώτατε</span> <span class='ocrx_word' id='word_1_516' title='bbox 3576 2624 3674 2677; x_wconf 76' lang='grc' dir='ltr'>ἀδελ-</span> 
     </span>
    </p>
   </div>
   <div class='ocr_carea' id='block_1_71' title="bbox 2169 2714 3751 2789">
    <p class='ocr_par' dir='ltr' id='par_1_71' title="bbox 2169 2714 3751 2789">
     <span class='ocr_line' id='line_1_71' title="bbox 2169 2714 3751 2789; baseline -0.004 -19"><span class='ocrx_word' id='word_1_517' title='bbox 2169 2718 2236 2786; x_wconf 86' lang='grc' dir='ltr'>φὲ</span> <span class='ocrx_word' id='word_1_518' title='bbox 2256 2757 2270 2781; x_wconf 93' lang='grc'><strong>,</strong></span> <span class='ocrx_word' id='word_1_519' title='bbox 2311 2715 2435 2771; x_wconf 72' lang='grc' dir='ltr'>οὔτε</span> <span class='ocrx_word' id='word_1_520' title='bbox 2463 2716 2870 2786; x_wconf 77' lang='grc' dir='ltr'>ἀναγκάζεσθαι</span> <span class='ocrx_word' id='word_1_521' title='bbox 2903 2719 2983 2781; x_wconf 87' lang='grc' dir='ltr'>εἰς</span> <span class='ocrx_word' id='word_1_522' title='bbox 3004 2717 3163 2771; x_wconf 78' lang='grc' dir='ltr'>τοῦτο</span> <span class='ocrx_word' id='word_1_523' title='bbox 3188 2718 3489 2789; x_wconf 84' lang='grc' dir='ltr'>ὀφείλομεν.</span> <span class='ocrx_word' id='word_1_524' title='bbox 3518 2714 3671 2787; x_wconf 68' lang='grc' dir='ltr'>Πρέποι</span> 
     </span>
    </p>
   </div>
   <div class='ocr_carea' id='block_1_72' title="bbox 2166 2808 3751 2885">
    <p class='ocr_par' dir='ltr' id='par_1_72' title="bbox 2166 2808 3751 2885">
     <span class='ocr_line' id='line_1_72' title="bbox 2166 2808 3751 2885; baseline 0 -23"><span class='ocrx_word' id='word_1_525' title='bbox 2166 2808 2212 2862; x_wconf 86' lang='grc' dir='ltr'>δ’</span> <span class='ocrx_word' id='word_1_526' title='bbox 2240 2808 2307 2862; x_wconf 84' lang='grc' dir='ltr'><strong>ἂν</strong></span> <span class='ocrx_word' id='word_1_527' title='bbox 2331 2810 2416 2881; x_wconf 86' lang='grc' dir='ltr'>είη</span> <span class='ocrx_word' id='word_1_528' title='bbox 2446 2811 2513 2881; x_wconf 78' lang='grc' dir='ltr'>τῇ</span> <span class='ocrx_word' id='word_1_529' title='bbox 2554 2811 2802 2881; x_wconf 72' lang='grc' dir='ltr'>εἰρηνικῇ</span> <span class='ocrx_word' id='word_1_530' title='bbox 2852 2827 2943 2864; x_wconf 91' lang='grc' dir='ltr'><strong>σου</strong></span> <span class='ocrx_word' id='word_1_531' title='bbox 2983 2809 3242 2881; x_wconf 83' lang='grc' dir='ltr'>προθέσει</span> <span class='ocrx_word' id='word_1_532' title='bbox 3274 2809 3350 2882; x_wconf 82' lang='grc' dir='ltr'>μὴ</span> <span class='ocrx_word' id='word_1_533' title='bbox 3389 2809 3447 2862; x_wconf 84' lang='grc' dir='ltr'><strong>τὸ</strong></span> <span class='ocrx_word' id='word_1_534' title='bbox 3475 2808 3556 2878; x_wconf 83' lang='grc' dir='ltr'>μὲν</span> <span class='ocrx_word' id='word_1_535' title='bbox 3588 2821 3671 2857; x_wconf 72' lang='grc' dir='ltr'>σνν-</span> 
     </span>
    </p>
   </div>
   <div class='ocr_carea' id='block_1_73' title="bbox 2169 2894 3751 2974">
    <p class='ocr_par' dir='ltr' id='par_1_73' title="bbox 2169 2894 3751 2974">
     <span class='ocr_line' id='line_1_73' title="bbox 2169 2894 3751 2974; baseline 0.003 -21"><span class='ocrx_word' id='word_1_536' title='bbox 2169 2900 2382 2965; x_wconf 88' lang='grc' dir='ltr'>άπτειν,</span> <span class='ocrx_word' id='word_1_537' title='bbox 2421 2901 2484 2954; x_wconf 82' lang='grc' dir='ltr'><strong>τὸ</strong></span> <span class='ocrx_word' id='word_1_538' title='bbox 2511 2900 2567 2954; x_wconf 82' lang='grc' dir='ltr'>δὲ</span> <span class='ocrx_word' id='word_1_539' title='bbox 2607 2900 2861 2973; x_wconf 83' lang='grc' dir='ltr'>διασπᾷν,</span> <span class='ocrx_word' id='word_1_540' title='bbox 2894 2901 3031 2955; x_wconf 89' lang='grc' dir='ltr'><strong>ἀλλά</strong></span> <span class='ocrx_word' id='word_1_541' title='bbox 3058 2904 3123 2973; x_wconf 79' lang='grc' dir='ltr'>τῇ</span> <span class='ocrx_word' id='word_1_542' title='bbox 3152 2899 3558 2974; x_wconf 75' lang='grc' dir='ltr'>προϋπαρχούσῃ</span> <span class='ocrx_word' id='word_1_543' title='bbox 3578 2894 3669 2951; x_wconf 76' lang='grc' dir='ltr'><strong>ἐνώ-</strong></span> <span class='ocrx_word' id='word_1_544' title='bbox 3750 2906 3751 2967; x_wconf 73' lang='grc'>]</span> 
     </span>
    </p>
   </div>
   <div class='ocr_carea' id='block_1_74' title="bbox 2171 2990 3673 3066">
    <p class='ocr_par' dir='ltr' id='par_1_74' title="bbox 2171 2990 3673 3066">
     <span class='ocr_line' id='line_1_74' title="bbox 2171 2990 3673 3066; baseline 0 -21"><span class='ocrx_word' id='word_1_545' title='bbox 2171 3010 2250 3046; x_wconf 87' lang='grc' dir='ltr'><strong>σει</strong></span> <span class='ocrx_word' id='word_1_546' title='bbox 2310 2993 2379 3047; x_wconf 78' lang='grc' dir='ltr'>τὰ</span> <span class='ocrx_word' id='word_1_547' title='bbox 2418 2993 2797 3066; x_wconf 85' lang='grc' dir='ltr'>κεχωρισμένα</span> <span class='ocrx_word' id='word_1_548' title='bbox 2827 2996 3147 3066; x_wconf 81' lang='grc' dir='ltr'>προσάγειν.</span> <span class='ocrx_word' id='word_1_549' title='bbox 3185 2996 3351 3049; x_wconf 82' lang='grc' dir='ltr'>Ὥστε</span> <span class='ocrx_word' id='word_1_550' title='bbox 3390 2992 3573 3066; x_wconf 79' lang='grc' dir='ltr'>πρῶτον</span> <span class='ocrx_word' id='word_1_551' title='bbox 3607 2990 3673 3060; x_wconf 64' lang='grc' dir='ltr'>μὲν</span> 
     </span>
    </p>
   </div>
   <div class='ocr_carea' id='block_1_75' title="bbox 2170 3081 3751 3160">
    <p class='ocr_par' dir='ltr' id='par_1_75' title="bbox 2170 3081 3751 3160">
     <span class='ocr_line' id='line_1_75' title="bbox 2170 3081 3751 3160; baseline -0.002 -23"><span class='ocrx_word' id='word_1_552' title='bbox 2170 3081 2362 3150; x_wconf 81' lang='grc' dir='ltr'>εὖξαι,</span> <span class='ocrx_word' id='word_1_553' title='bbox 2392 3084 2583 3139; x_wconf 72' lang='grc' dir='ltr'>ἔπειτα</span> <span class='ocrx_word' id='word_1_554' title='bbox 2624 3086 2746 3148; x_wconf 71' lang='grc' dir='ltr'>καὶ,</span> <span class='ocrx_word' id='word_1_555' title='bbox 2781 3086 2879 3156; x_wconf 83' lang='grc' dir='ltr'><strong>ὅση</strong></span> <span class='ocrx_word' id='word_1_556' title='bbox 2917 3086 3146 3157; x_wconf 86' lang='grc' dir='ltr'>δύναμις</span> <span class='ocrx_word' id='word_1_557' title='bbox 3168 3128 3183 3153; x_wconf 93' lang='grc'><strong>,</strong></span> <span class='ocrx_word' id='word_1_558' title='bbox 3218 3087 3598 3160; x_wconf 76' lang='grc' dir='ltr'>παρακάλεσον,</span> <span class='ocrx_word' id='word_1_559' title='bbox 3619 3084 3673 3155; x_wconf 73' lang='grc' dir='ltr'>ρί-</span> 
     </span>
    </p>
   </div>
   <div class='ocr_carea' id='block_1_76' title="bbox 2172 3174 3751 3253">
    <p class='ocr_par' dir='ltr' id='par_1_76' title="bbox 2172 3174 3751 3253">
     <span class='ocr_line' id='line_1_76' title="bbox 2172 3174 3751 3253; baseline -0.001 -25"><span class='ocrx_word' id='word_1_560' title='bbox 2172 3175 2381 3245; x_wconf 74' lang='grc' dir='ltr'>ψαντας</span> <span class='ocrx_word' id='word_1_561' title='bbox 2417 3177 2615 3241; x_wconf 71' lang='grc' dir='ltr'>αὐτοὺς</span> <span class='ocrx_word' id='word_1_562' title='bbox 2663 3178 2726 3229; x_wconf 85' lang='grc' dir='ltr'>ὲκ</span> <span class='ocrx_word' id='word_1_563' title='bbox 2776 3177 2884 3230; x_wconf 85' lang='grc' dir='ltr'><strong>τῶν</strong></span> <span class='ocrx_word' id='word_1_564' title='bbox 2932 3176 3119 3249; x_wconf 73' lang='grc' dir='ltr'>ψυχῶν</span> <span class='ocrx_word' id='word_1_565' title='bbox 3171 3178 3233 3232; x_wconf 78' lang='grc' dir='ltr'>τὸ</span> <span class='ocrx_word' id='word_1_566' title='bbox 3283 3179 3571 3250; x_wconf 82' lang='grc' dir='ltr'>φιλότιμον,</span> <span class='ocrx_word' id='word_1_567' title='bbox 3609 3174 3672 3227; x_wconf 69' lang='grc' dir='ltr'>καὶ</span> 
     </span>
    </p>
   </div>
   <div class='ocr_carea' id='block_1_77' title="bbox 2174 3266 3751 3343">
    <p class='ocr_par' dir='ltr' id='par_1_77' title="bbox 2174 3266 3751 3343">
     <span class='ocr_line' id='line_1_77' title="bbox 2174 3266 3751 3343; baseline 0.004 -23"><span class='ocrx_word' id='word_1_568' title='bbox 2174 3267 2315 3339; x_wconf 81' lang='grc' dir='ltr'>ὑπὲρ</span> <span class='ocrx_word' id='word_1_569' title='bbox 2351 3268 2444 3321; x_wconf 81' lang='grc' dir='ltr'>τοῦ</span> <span class='ocrx_word' id='word_1_570' title='bbox 2495 3266 2782 3322; x_wconf 76' lang='grc' dir='ltr'>ἀποδοῦναι</span> <span class='ocrx_word' id='word_1_571' title='bbox 2833 3267 2931 3340; x_wconf 75' lang='grc' dir='ltr'>τὴν</span> <span class='ocrx_word' id='word_1_572' title='bbox 2979 3270 3132 3340; x_wconf 75' lang='grc' dir='ltr'>ἰσχὺν</span> <span class='ocrx_word' id='word_1_573' title='bbox 3175 3274 3243 3343; x_wconf 81' lang='grc' dir='ltr'>τῇ</span> <span class='ocrx_word' id='word_1_574' title='bbox 3284 3270 3585 3341; x_wconf 77' lang='grc' dir='ltr'>Ἐκκλησίᾳ,</span> <span class='ocrx_word' id='word_1_575' title='bbox 3610 3266 3672 3319; x_wconf 68' lang='grc' dir='ltr'>καὶ</span> 
     </span>
    </p>
   </div>
   <div class='ocr_carea' id='block_1_78' title="bbox 2174 3358 3751 3437">
    <p class='ocr_par' dir='ltr' id='par_1_78' title="bbox 2174 3358 3751 3437">
     <span class='ocr_line' id='line_1_78' title="bbox 2174 3358 3751 3437; baseline -0.001 -24"><span class='ocrx_word' id='word_1_576' title='bbox 2174 3360 2420 3414; x_wconf 87' lang='grc' dir='ltr'>καθελεῖν</span> <span class='ocrx_word' id='word_1_577' title='bbox 2452 3359 2511 3414; x_wconf 84' lang='grc' dir='ltr'><strong>τὸ</strong></span> <span class='ocrx_word' id='word_1_578' title='bbox 2551 3360 2813 3433; x_wconf 79' lang='grc' dir='ltr'>φρύαγμα</span> <span class='ocrx_word' id='word_1_579' title='bbox 2842 3360 2951 3414; x_wconf 89' lang='grc' dir='ltr'><strong>τῶν</strong></span> <span class='ocrx_word' id='word_1_580' title='bbox 2981 3362 3208 3433; x_wconf 77' lang='grc' dir='ltr'>ἐχθρῶν,</span> <span class='ocrx_word' id='word_1_581' title='bbox 3256 3364 3511 3435; x_wconf 76' lang='grc' dir='ltr'>συμϐῆναι</span> <span class='ocrx_word' id='word_1_582' title='bbox 3534 3358 3672 3419; x_wconf 69' lang='grc' dir='ltr'>αὐτοὺς</span> <span class='ocrx_word' id='word_1_583' title='bbox 3750 3418 3751 3437; x_wconf 17' lang='grc' dir='ltr'><em>λ</em></span> 
     </span>
    </p>
   </div>
   <div class='ocr_carea' id='block_1_79' title="bbox 2119 3445 3751 3541">
    <p class='ocr_par' dir='ltr' id='par_1_79' title="bbox 2119 3445 3751 3541">
     <span class='ocr_line' id='line_1_79' title="bbox 2119 3445 3751 3541; baseline 0.001 -38"><span class='ocrx_word' id='word_1_584' title='bbox 2119 3464 2131 3475; x_wconf 81' lang='grc'><em>’</em></span> <span class='ocrx_word' id='word_1_585' title='bbox 2174 3450 2312 3521; x_wconf 81' lang='grc' dir='ltr'>πρὸς</span> <span class='ocrx_word' id='word_1_586' title='bbox 2340 3449 2624 3522; x_wconf 84' lang='grc' dir='ltr'>ἀλλήλους.</span> <span class='ocrx_word' id='word_1_587' title='bbox 2668 3448 2888 3514; x_wconf 87' lang='grc' dir='ltr'>Ἰκανῶς</span> <span class='ocrx_word' id='word_1_588' title='bbox 2922 3449 2979 3503; x_wconf 87' lang='grc' dir='ltr'><strong>δέ</strong></span> <span class='ocrx_word' id='word_1_589' title='bbox 3034 3468 3135 3522; x_wconf 90' lang='grc' dir='ltr'><strong>μου</strong></span> <span class='ocrx_word' id='word_1_590' title='bbox 3184 3453 3404 3507; x_wconf 88' lang='grc' dir='ltr'>κάκεῖνο</span> <span class='ocrx_word' id='word_1_591' title='bbox 3436 3451 3521 3523; x_wconf 74' lang='grc' dir='ltr'>τὴν</span> <span class='ocrx_word' id='word_1_592' title='bbox 3550 3445 3672 3518; x_wconf 65' lang='grc' dir='ltr'>ψυχὴν</span> <span class='ocrx_word' id='word_1_593' title='bbox 3750 3486 3751 3541; x_wconf 22' lang='grc' dir='ltr'>ἦ</span> 
     </span>
    </p>
   </div>
   <div class='ocr_carea' id='block_1_80' title="bbox 2174 3540 3671 3616">
    <p class='ocr_par' dir='ltr' id='par_1_80' title="bbox 2174 3540 3671 3616">
     <span class='ocr_line' id='line_1_80' title="bbox 2174 3540 3671 3616; baseline 0.001 -18"><span class='ocrx_word' id='word_1_594' title='bbox 2174 3544 2518 3616; x_wconf 87' lang='grc' dir='ltr'>παρεκάλεσε</span> <span class='ocrx_word' id='word_1_595' title='bbox 2541 3584 2556 3607; x_wconf 91' lang='grc'><strong>,</strong></span> <span class='ocrx_word' id='word_1_596' title='bbox 2591 3544 2651 3597; x_wconf 86' lang='grc' dir='ltr'><strong>τὸ</strong></span> <span class='ocrx_word' id='word_1_597' title='bbox 2691 3543 2988 3615; x_wconf 86' lang='grc' dir='ltr'>προστεθὲν</span> <span class='ocrx_word' id='word_1_598' title='bbox 3021 3545 3174 3616; x_wconf 84' lang='grc' dir='ltr'><strong>παρά</strong></span> <span class='ocrx_word' id='word_1_599' title='bbox 3215 3545 3320 3614; x_wconf 77' lang='grc' dir='ltr'>τῆς</span> <span class='ocrx_word' id='word_1_600' title='bbox 3348 3545 3439 3615; x_wconf 78' lang='grc' dir='ltr'>σῆς</span> <span class='ocrx_word' id='word_1_601' title='bbox 3461 3540 3671 3614; x_wconf 75' lang='grc' dir='ltr'>ἀκριὸείας</span> 
     </span>
    </p>
   </div>
   <div class='ocr_carea' id='block_1_81' title="bbox 2174 3631 3751 3709">
    <p class='ocr_par' dir='ltr' id='par_1_81' title="bbox 2174 3631 3751 3709">
     <span class='ocr_line' id='line_1_81' title="bbox 2174 3631 3751 3709; baseline -0.006 -18"><span class='ocrx_word' id='word_1_602' title='bbox 2174 3641 2285 3701; x_wconf 86' lang='grc' dir='ltr'>τοῖς</span> <span class='ocrx_word' id='word_1_603' title='bbox 2328 3638 2532 3701; x_wconf 86' lang='grc' dir='ltr'>λοιποῖς</span> <span class='ocrx_word' id='word_1_604' title='bbox 2575 3635 2758 3699; x_wconf 86' lang='grc' dir='ltr'>καλῶς</span> <span class='ocrx_word' id='word_1_605' title='bbox 2804 3637 2899 3689; x_wconf 77' lang='grc' dir='ltr'><strong>καὶ</strong></span> <span class='ocrx_word' id='word_1_606' title='bbox 2954 3636 3198 3709; x_wconf 79' lang='grc' dir='ltr'>ἀκριϐῶς</span> <span class='ocrx_word' id='word_1_607' title='bbox 3243 3635 3577 3707; x_wconf 80' lang='grc' dir='ltr'>θεολογηθεῖσι</span> <span class='ocrx_word' id='word_1_608' title='bbox 3595 3650 3606 3661; x_wconf 68' lang='grc' dir='ltr'><strong>θ</strong></span> <span class='ocrx_word' id='word_1_609' title='bbox 3634 3631 3673 3683; x_wconf 68' lang='grc' dir='ltr'>τὸ</span> 
     </span>
    </p>
   </div>
   <div class='ocr_carea' id='block_1_82' title="bbox 2173 3721 3751 3815">
    <p class='ocr_par' dir='ltr' id='par_1_82' title="bbox 2173 3721 3751 3801">
     <span class='ocr_line' id='line_1_82' title="bbox 2173 3721 3751 3801; baseline -0.004 -19"><span class='ocrx_word' id='word_1_610' title='bbox 2173 3731 2324 3801; x_wconf 83' lang='grc' dir='ltr'>τρεῖς</span> <span class='ocrx_word' id='word_1_611' title='bbox 2371 3730 2668 3796; x_wconf 82' lang='grc' dir='ltr'>ἀναγκαῖον</span> <span class='ocrx_word' id='word_1_612' title='bbox 2729 3721 2868 3781; x_wconf 85' lang='grc' dir='ltr'>εἶναι</span> <span class='ocrx_word' id='word_1_613' title='bbox 2928 3727 3027 3791; x_wconf 80' lang='grc' dir='ltr'>τὰς</span> <span class='ocrx_word' id='word_1_614' title='bbox 3074 3729 3400 3791; x_wconf 84' lang='grc' dir='ltr'>ὑποστάσεις</span> <span class='ocrx_word' id='word_1_615' title='bbox 3442 3724 3667 3796; x_wconf 76' lang='grc' dir='ltr'>ὁμολογεῖν.</span> 
     </span>
    </p>
   </div>
   <div class='ocr_carea' id='block_1_83' title="bbox 2176 3813 3751 3891">
    <p class='ocr_par' dir='ltr' id='par_1_83' title="bbox 2176 3813 3751 3891">
     <span class='ocr_line' id='line_1_83' title="bbox 2176 3813 3751 3891; baseline -0.003 -18"><span class='ocrx_word' id='word_1_616' title='bbox 2176 3820 2337 3873; x_wconf 79' lang='grc' dir='ltr'>Ὥστε</span> <span class='ocrx_word' id='word_1_617' title='bbox 2373 3817 2530 3873; x_wconf 79' lang='grc' dir='ltr'>τοῦτο</span> <span class='ocrx_word' id='word_1_618' title='bbox 2563 3821 2658 3873; x_wconf 76' lang='grc' dir='ltr'><strong>καὶ</strong></span> <span class='ocrx_word' id='word_1_619' title='bbox 2708 3821 2758 3872; x_wconf 88' lang='grc' dir='ltr'>οἱ</span> <span class='ocrx_word' id='word_1_620' title='bbox 2791 3819 2933 3874; x_wconf 84' lang='grc' dir='ltr'><strong>κατά</strong></span> <span class='ocrx_word' id='word_1_621' title='bbox 2983 3821 3315 3891; x_wconf 83' lang='grc' dir='ltr'>Ἀντιόχειαν</span> <span class='ocrx_word' id='word_1_622' title='bbox 3360 3819 3552 3888; x_wconf 77' lang='grc' dir='ltr'>ἀδελφοὶ</span> <span class='ocrx_word' id='word_1_623' title='bbox 3570 3813 3669 3868; x_wconf 75' lang='grc' dir='ltr'>διδα-</span> <span class='ocrx_word' id='word_1_624' title='bbox 3750 3842 3751 3869; x_wconf 61' lang='grc' dir='ltr'><strong>ι</strong></span> 
     </span>
    </p>
   </div>
   <div class='ocr_carea' id='block_1_84' title="bbox 2175 3901 3667 3980">
    <p class='ocr_par' dir='ltr' id='par_1_84' title="bbox 2175 3901 3667 3980">
     <span class='ocr_line' id='line_1_84' title="bbox 2175 3901 3667 3980; baseline -0.004 -17"><span class='ocrx_word' id='word_1_625' title='bbox 2175 3909 2489 3963; x_wconf 84' lang='grc' dir='ltr'>σκέσθωσαν</span> <span class='ocrx_word' id='word_1_626' title='bbox 2545 3908 2694 3980; x_wconf 83' lang='grc' dir='ltr'>παρὰ</span> <span class='ocrx_word' id='word_1_627' title='bbox 2731 3908 2826 3962; x_wconf 81' lang='grc' dir='ltr'>σοῦ</span> <span class='ocrx_word' id='word_1_628' title='bbox 2854 3926 2867 3939; x_wconf 86' lang='grc'><strong>·</strong></span> <span class='ocrx_word' id='word_1_629' title='bbox 2903 3909 3121 3974; x_wconf 82' lang='grc' dir='ltr'>πάντως</span> <span class='ocrx_word' id='word_1_630' title='bbox 3168 3910 3225 3964; x_wconf 84' lang='grc' dir='ltr'><strong>δέ</strong></span> <span class='ocrx_word' id='word_1_631' title='bbox 3284 3928 3384 3965; x_wconf 86' lang='grc' dir='ltr'><strong>που</strong></span> <span class='ocrx_word' id='word_1_632' title='bbox 3430 3909 3512 3962; x_wconf 85' lang='grc' dir='ltr'>καὶ</span> <span class='ocrx_word' id='word_1_633' title='bbox 3548 3901 3667 3958; x_wconf 73' lang='grc' dir='ltr'>ἐδιδά-</span> 
     </span>
    </p>
   </div>
   <div class='ocr_carea' id='block_1_85' title="bbox 2173 3994 3668 4076">
    <p class='ocr_par' dir='ltr' id='par_1_85' title="bbox 2173 3994 3668 4076">
     <span class='ocr_line' id='line_1_85' title="bbox 2173 3994 3668 4076; baseline -0.006 -19"><span class='ocrx_word' id='word_1_634' title='bbox 2173 4003 2406 4076; x_wconf 88' lang='grc' dir='ltr'>χθησαν.</span> <span class='ocrx_word' id='word_1_635' title='bbox 2437 4003 2510 4056; x_wconf 76' lang='grc' dir='ltr'>υὺ</span> <span class='ocrx_word' id='word_1_636' title='bbox 2542 4001 2652 4075; x_wconf 83' lang='grc' dir='ltr'>γὰρ</span> <span class='ocrx_word' id='word_1_637' title='bbox 2685 4001 2751 4055; x_wconf 83' lang='grc' dir='ltr'><strong>ἂν</strong></span> <span class='ocrx_word' id='word_1_638' title='bbox 2773 4002 2918 4056; x_wconf 77' lang='grc' dir='ltr'>εἵλου</span> <span class='ocrx_word' id='word_1_639' title='bbox 2959 4003 3034 4075; x_wconf 88' lang='grc'><strong>(8)</strong></span> <span class='ocrx_word' id='word_1_640' title='bbox 3069 4003 3315 4073; x_wconf 76' lang='grc' dir='ltr'>δηλονότι</span> <span class='ocrx_word' id='word_1_641' title='bbox 3340 4001 3433 4074; x_wconf 80' lang='grc' dir='ltr'>τὴν</span> <span class='ocrx_word' id='word_1_642' title='bbox 3469 3999 3579 4071; x_wconf 79' lang='grc' dir='ltr'>πρὸς</span> <span class='ocrx_word' id='word_1_643' title='bbox 3603 3994 3668 4048; x_wconf 78' lang='grc' dir='ltr'><strong>αὖ·</strong></span> 
     </span>
    </p>
   </div>
   <div class='ocr_carea' id='block_1_86' title="bbox 2171 4088 3751 4169">
    <p class='ocr_par' dir='ltr' id='par_1_86' title="bbox 2171 4088 3751 4169">
     <span class='ocr_line' id='line_1_86' title="bbox 2171 4088 3751 4169; baseline -0.003 -18"><span class='ocrx_word' id='word_1_644' title='bbox 2171 4099 2297 4161; x_wconf 78' lang='grc' dir='ltr'>τοὺς</span> <span class='ocrx_word' id='word_1_645' title='bbox 2327 4096 2610 4151; x_wconf 89' lang='grc' dir='ltr'>κοινωνίαν</span> <span class='ocrx_word' id='word_1_646' title='bbox 2635 4137 2650 4163; x_wconf 90' lang='grc'><strong>,</strong></span> <span class='ocrx_word' id='word_1_647' title='bbox 2697 4096 2773 4169; x_wconf 82' lang='grc' dir='ltr'>μὴ</span> <span class='ocrx_word' id='word_1_648' title='bbox 2811 4096 2968 4150; x_wconf 79' lang='grc' dir='ltr'>τοῦτο</span> <span class='ocrx_word' id='word_1_649' title='bbox 2998 4098 3175 4151; x_wconf 74' lang='grc' dir='ltr'>αὐτῶν</span> <span class='ocrx_word' id='word_1_650' title='bbox 3208 4098 3439 4168; x_wconf 86' lang='grc' dir='ltr'>μάλιστα</span> <span class='ocrx_word' id='word_1_651' title='bbox 3471 4093 3523 4147; x_wconf 78' lang='grc' dir='ltr'>τὸ</span> <span class='ocrx_word' id='word_1_652' title='bbox 3555 4088 3666 4162; x_wconf 74' lang='grc' dir='ltr'>μέρος</span> <span class='ocrx_word' id='word_1_653' title='bbox 3750 4110 3751 4121; x_wconf 77' lang='lat'>‘</span> 
     </span>
    </p>
   </div>
   <div class='ocr_carea' id='block_1_87' title="bbox 2173 4190 2639 4261">
    <p class='ocr_par' dir='ltr' id='par_1_87' title="bbox 2173 4190 2639 4261">
     <span class='ocr_line' id='line_1_87' title="bbox 2173 4190 2639 4261; baseline -0.002 -17"><span class='ocrx_word' id='word_1_654' title='bbox 2173 4190 2639 4261; x_wconf 82' lang='grc' dir='ltr'>ἀσφαλισάμενος.</span> 
     </span>
    </p>
   </div>
   <div class='ocr_carea' id='block_1_88' title="bbox 2242 4291 3751 4375">
    <p class='ocr_par' dir='ltr' id='par_1_88' title="bbox 2242 4291 3751 4375">
     <span class='ocr_line' id='line_1_88' title="bbox 2242 4291 3751 4375; baseline -0.008 -18"><span class='ocrx_word' id='word_1_655' title='bbox 2242 4303 2297 4357; x_wconf 72' lang='grc'>4.</span> <span class='ocrx_word' id='word_1_656' title='bbox 2320 4302 2394 4356; x_wconf 85' lang='grc' dir='ltr'>Τὸ</span> <span class='ocrx_word' id='word_1_657' title='bbox 2419 4302 2477 4355; x_wconf 83' lang='grc' dir='ltr'>δὲ</span> <span class='ocrx_word' id='word_1_658' title='bbox 2500 4302 2608 4355; x_wconf 91' lang='grc' dir='ltr'><strong>τῶν</strong></span> <span class='ocrx_word' id='word_1_659' title='bbox 2632 4302 2998 4370; x_wconf 88' lang='grc' dir='ltr'>Μαγουσαίων</span> <span class='ocrx_word' id='word_1_660' title='bbox 3022 4301 3174 4366; x_wconf 74' lang='grc' dir='ltr'>ἔθνος</span> <span class='ocrx_word' id='word_1_661' title='bbox 3208 4302 3368 4375; x_wconf 84' lang='grc' dir='ltr'>(ὅπερ</span> <span class='ocrx_word' id='word_1_662' title='bbox 3393 4301 3474 4356; x_wconf 82' lang='grc' dir='ltr'>διὰ</span> <span class='ocrx_word' id='word_1_663' title='bbox 3492 4299 3571 4370; x_wconf 80' lang='grc' dir='ltr'>τῆς</span> <span class='ocrx_word' id='word_1_664' title='bbox 3591 4291 3668 4347; x_wconf 77' lang='grc' dir='ltr'>ἐτέ-</span> <span class='ocrx_word' id='word_1_665' title='bbox 3750 4294 3751 4301; x_wconf 68' lang='grc'><em>“</em></span> 
     </span>
    </p>
   </div>
   <div class='ocr_carea' id='block_1_89' title="bbox 2176 4381 3666 4468">
    <p class='ocr_par' dir='ltr' id='par_1_89' title="bbox 2176 4381 3666 4468">
     <span class='ocr_line' id='line_1_89' title="bbox 2176 4381 3666 4468; baseline -0.009 -20"><span class='ocrx_word' id='word_1_666' title='bbox 2176 4413 2273 4468; x_wconf 83' lang='grc' dir='ltr'><strong>ρας</strong></span> <span class='ocrx_word' id='word_1_667' title='bbox 2311 4393 2600 4463; x_wconf 80' lang='grc' dir='ltr'>ἐπιστολῆς</span> <span class='ocrx_word' id='word_1_668' title='bbox 2636 4394 2877 4464; x_wconf 80' lang='grc' dir='ltr'>σημῆναι</span> <span class='ocrx_word' id='word_1_669' title='bbox 2913 4393 2988 4463; x_wconf 80' lang='grc'><strong>(9)</strong></span> <span class='ocrx_word' id='word_1_670' title='bbox 3025 4395 3155 4465; x_wconf 79' lang='grc' dir='ltr'>ἡμῖν</span> <span class='ocrx_word' id='word_1_671' title='bbox 3197 4391 3541 4467; x_wconf 80' lang='grc' dir='ltr'>κατηξίωσας)</span> <span class='ocrx_word' id='word_1_672' title='bbox 3577 4381 3666 4439; x_wconf 76' lang='grc' dir='ltr'>πολὺ</span> 
     </span>
    </p>
   </div>
   <div class='ocr_carea' id='block_1_90' title="bbox 493 4461 2065 4557">
    <p class='ocr_par' dir='ltr' id='par_1_90' title="bbox 493 4461 2064 4544">
     <span class='ocr_line' id='line_1_90' title="bbox 493 4461 2064 4544; baseline 0.01 -28"><span class='ocrx_word' id='word_1_673' title='bbox 493 4470 579 4516; x_wconf 90' lang='lat' dir='ltr'><strong>est</strong></span> <span class='ocrx_word' id='word_1_674' title='bbox 626 4461 771 4533; x_wconf 88' lang='lat' dir='ltr'><strong>apud</strong></span> <span class='ocrx_word' id='word_1_675' title='bbox 810 4478 933 4526; x_wconf 86' lang='lat' dir='ltr'><strong>nos,</strong></span> <span class='ocrx_word' id='word_1_676' title='bbox 965 4479 1065 4534; x_wconf 81' lang='lat' dir='ltr'><strong>per</strong></span> <span class='ocrx_word' id='word_1_677' title='bbox 1104 4480 1298 4523; x_wconf 90' lang='lat' dir='ltr'><strong>omnes</strong></span> <span class='ocrx_word' id='word_1_678' title='bbox 1337 4468 1451 4525; x_wconf 84' lang='lat' dir='ltr'><strong>fere</strong></span> <span class='ocrx_word' id='word_1_679' title='bbox 1484 4486 1649 4542; x_wconf 87' lang='lat' dir='ltr'><strong>agros</strong></span> <span class='ocrx_word' id='word_1_680' title='bbox 1674 4489 1887 4544; x_wconf 89' lang='lat' dir='ltr'><strong>sparsa,</strong></span> <span class='ocrx_word' id='word_1_681' title='bbox 1915 4481 2064 4534; x_wconf 89' lang='lat' dir='ltr'><strong>colo-</strong></span> 
     </span>
    </p>
   </div>
   <div class='ocr_carea' id='block_1_91' title="bbox 2174 4461 3751 4557">
    <p class='ocr_par' dir='ltr' id='par_1_91' title="bbox 2174 4461 3751 4557">
     <span class='ocr_line' id='line_1_91' title="bbox 2174 4461 3751 4557; baseline -0.006 -16"><span class='ocrx_word' id='word_1_682' title='bbox 2174 4461 2284 4541; x_wconf 58' lang='grc' dir='ltr'>ἐστι</span> <span class='ocrx_word' id='word_1_683' title='bbox 2323 4485 2454 4557; x_wconf 76' lang='grc' dir='ltr'>παρ’</span> <span class='ocrx_word' id='word_1_684' title='bbox 2489 4461 2620 4556; x_wconf 81' lang='grc' dir='ltr'>ἡμῖν</span> <span class='ocrx_word' id='word_1_685' title='bbox 2841 4461 3020 4539; x_wconf 79' lang='grc' dir='ltr'>πᾶσαν</span> <span class='ocrx_word' id='word_1_686' title='bbox 3047 4461 3260 4556; x_wconf 66' lang='grc' dir='ltr'><strong>⁷σχεδὸν</strong></span> <span class='ocrx_word' id='word_1_687' title='bbox 3306 4461 3401 4557; x_wconf 77' lang='grc' dir='ltr'>τὴν</span> <span class='ocrx_word' id='word_1_688' title='bbox 3445 4481 3591 4555; x_wconf 71' lang='grc' dir='ltr'>χώραν</span> <span class='ocrx_word' id='word_1_689' title='bbox 3615 4475 3666 4527; x_wconf 75' lang='grc' dir='ltr'>δι·</span> 
     </span>
    </p>
   </div>
   <div class='ocr_carea' id='block_1_92' title="bbox 491 4553 2067 4629">
    <p class='ocr_par' dir='ltr' id='par_1_92' title="bbox 491 4553 2067 4629">
     <span class='ocr_line' id='line_1_92' title="bbox 491 4553 2067 4629; baseline 0.009 -21"><span class='ocrx_word' id='word_1_690' title='bbox 491 4553 607 4609; x_wconf 76' lang='lat' dir='ltr'><strong>niis</strong></span> <span class='ocrx_word' id='word_1_691' title='bbox 644 4554 752 4609; x_wconf 90' lang='lat' dir='ltr'><strong>huc</strong></span> <span class='ocrx_word' id='word_1_692' title='bbox 790 4554 1121 4626; x_wconf 89' lang='lat' dir='ltr'><strong>jampridem</strong></span> <span class='ocrx_word' id='word_1_693' title='bbox 1161 4554 1440 4629; x_wconf 87' lang='lat' dir='ltr'><strong>Babylone</strong></span> <span class='ocrx_word' id='word_1_694' title='bbox 1469 4561 1741 4619; x_wconf 88' lang='lat' dir='ltr'><strong>adductis.</strong></span> <span class='ocrx_word' id='word_1_695' title='bbox 1787 4563 1855 4619; x_wconf 82' lang='lat' dir='ltr'><strong>Hi</strong></span> <span class='ocrx_word' id='word_1_696' title='bbox 1902 4574 2067 4621; x_wconf 91' lang='lat' dir='ltr'><strong>utun-</strong></span> 
     </span>
    </p>
   </div>
   <div class='ocr_carea' id='block_1_93' title="bbox 489 4649 2065 4725">
    <p class='ocr_par' dir='ltr' id='par_1_93' title="bbox 489 4649 2065 4725">
     <span class='ocr_line' id='line_1_93' title="bbox 489 4649 2065 4725; baseline 0.008 -24"><span class='ocrx_word' id='word_1_697' title='bbox 489 4654 585 4702; x_wconf 74' lang='lat' dir='ltr'><strong>tur</strong></span> <span class='ocrx_word' id='word_1_698' title='bbox 625 4649 874 4723; x_wconf 87' lang='lat' dir='ltr'><strong>moribus</strong></span> <span class='ocrx_word' id='word_1_699' title='bbox 920 4649 1296 4720; x_wconf 89' lang='lat' dir='ltr'><strong>peculiaribus</strong></span> <span class='ocrx_word' id='word_1_700' title='bbox 1347 4666 1361 4704; x_wconf 91' lang='lat'>:</span> <span class='ocrx_word' id='word_1_701' title='bbox 1400 4653 1548 4707; x_wconf 86' lang='lat' dir='ltr'><strong>nulla</strong></span> <span class='ocrx_word' id='word_1_702' title='bbox 1590 4655 1726 4725; x_wconf 88' lang='lat' dir='ltr'><strong>ipsis</strong></span> <span class='ocrx_word' id='word_1_703' title='bbox 1771 4673 1895 4713; x_wconf 83' lang='lat' dir='ltr'><strong>eum</strong></span> <span class='ocrx_word' id='word_1_704' title='bbox 1935 4660 2065 4715; x_wconf 88' lang='lat' dir='ltr'><strong>reli-</strong></span> 
     </span>
    </p>
   </div>
   <div class='ocr_carea' id='block_1_94' title="bbox 491 4741 2067 4811">
    <p class='ocr_par' dir='ltr' id='par_1_94' title="bbox 491 4741 2067 4811">
     <span class='ocr_line' id='line_1_94' title="bbox 491 4741 2067 4811; baseline 0.007 -15"><span class='ocrx_word' id='word_1_705' title='bbox 491 4741 619 4811; x_wconf 88' lang='lat' dir='ltr'><strong>quis</strong></span> <span class='ocrx_word' id='word_1_706' title='bbox 684 4742 1000 4800; x_wconf 88' lang='lat' dir='ltr'><strong>hominihus</strong></span> <span class='ocrx_word' id='word_1_707' title='bbox 1058 4746 1333 4811; x_wconf 87' lang='lat' dir='ltr'><strong>societas,</strong></span> <span class='ocrx_word' id='word_1_708' title='bbox 1393 4762 1496 4803; x_wconf 91' lang='lat' dir='ltr'><strong>nec</strong></span> <span class='ocrx_word' id='word_1_709' title='bbox 1551 4746 1666 4804; x_wconf 85' lang='lat' dir='ltr'><strong>fieri</strong></span> <span class='ocrx_word' id='word_1_710' title='bbox 1731 4752 1843 4806; x_wconf 89' lang='lat' dir='ltr'><strong>ullo</strong></span> <span class='ocrx_word' id='word_1_711' title='bbox 1903 4751 2067 4808; x_wconf 90' lang='lat' dir='ltr'><strong>modo</strong></span> 
     </span>
    </p>
   </div>
   <div class='ocr_carea' id='block_1_95' title="bbox 494 4837 2064 4912">
    <p class='ocr_par' dir='ltr' id='par_1_95' title="bbox 494 4837 2064 4912">
     <span class='ocr_line' id='line_1_95' title="bbox 494 4837 2064 4912; baseline 0.008 -25"><span class='ocrx_word' id='word_1_712' title='bbox 494 4841 695 4905; x_wconf 89' lang='lat' dir='ltr'><strong>potest,</strong></span> <span class='ocrx_word' id='word_1_713' title='bbox 750 4842 812 4889; x_wconf 93' lang='lat' dir='ltr'><strong>ut</strong></span> <span class='ocrx_word' id='word_1_714' title='bbox 877 4851 1003 4891; x_wconf 90' lang='lat' dir='ltr'><strong>cum</strong></span> <span class='ocrx_word' id='word_1_715' title='bbox 1055 4837 1165 4894; x_wconf 84' lang='lat' dir='ltr'><strong>illis</strong></span> <span class='ocrx_word' id='word_1_716' title='bbox 1212 4853 1396 4895; x_wconf 87' lang='lat' dir='ltr'><strong>sermo</strong></span> <span class='ocrx_word' id='word_1_717' title='bbox 1444 4840 1731 4909; x_wconf 87' lang='lat' dir='ltr'><strong>habeatur,</strong></span> <span class='ocrx_word' id='word_1_718' title='bbox 1795 4843 2064 4912; x_wconf 91' lang='lat' dir='ltr'><strong>siquidem</strong></span> 
     </span>
    </p>
   </div>
   <div class='ocr_carea' id='block_1_96' title="bbox 560 5049 1063 5116">
    <p class='ocr_par' dir='ltr' id='par_1_96' title="bbox 560 5049 1063 5116">
     <span class='ocr_line' id='line_1_96' title="bbox 560 5049 1063 5116; baseline 0.006 -12"><span class='ocrx_word' id='word_1_719' title='bbox 560 5051 582 5083; x_wconf 84' lang='grc'><strong>⁸</strong></span> <span class='ocrx_word' id='word_1_720' title='bbox 622 5049 779 5106; x_wconf 85' lang='lat' dir='ltr'><strong>Joan.</strong></span> <span class='ocrx_word' id='word_1_721' title='bbox 824 5068 935 5116; x_wconf 80' lang='lat' dir='ltr'><strong>vn,</strong></span> <span class='ocrx_word' id='word_1_722' title='bbox 973 5053 1063 5107; x_wconf 79' lang='grc'><strong>51.</strong></span> 
     </span>
    </p>
   </div>
   <div class='ocr_carea' id='block_1_97' title="bbox 568 5234 2071 5305">
    <p class='ocr_par' dir='ltr' id='par_1_97' title="bbox 568 5234 2071 5305">
     <span class='ocr_line' id='line_1_97' title="bbox 568 5234 2071 5305; baseline 0.007 -18"><span class='ocrx_word' id='word_1_723' title='bbox 568 5235 638 5304; x_wconf 76' lang='grc' dir='ltr'><strong>(ὃ)</strong></span> <span class='ocrx_word' id='word_1_724' title='bbox 673 5235 953 5305; x_wconf 81' lang='grc' dir='ltr'>Ἔχομεν.</span> <span class='ocrx_word' id='word_1_725' title='bbox 979 5234 1054 5290; x_wconf 84' lang='lat' dir='ltr'><strong>Ita</strong></span> <span class='ocrx_word' id='word_1_726' title='bbox 1088 5244 1203 5292; x_wconf 92' lang='lat' dir='ltr'><strong>tres</strong></span> <span class='ocrx_word' id='word_1_727' title='bbox 1235 5253 1367 5295; x_wconf 89' lang='lat' dir='ltr'><strong>mss.</strong></span> <span class='ocrx_word' id='word_1_728' title='bbox 1399 5240 1778 5296; x_wconf 81' lang='lat' dir='ltr'><strong>vetustissimi.</strong></span> <span class='ocrx_word' id='word_1_729' title='bbox 1804 5241 1946 5297; x_wconf 85' lang='lat' dir='ltr'><strong>Editi</strong></span> <span class='ocrx_word' id='word_1_730' title='bbox 1976 5243 2071 5297; x_wconf 78' lang='grc' dir='ltr'>καὶ</span> 
     </span>
    </p>
   </div>
   <div class='ocr_carea' id='block_1_98' title="bbox 490 5304 705 5359">
    <p class='ocr_par' dir='ltr' id='par_1_98' title="bbox 490 5304 705 5359">
     <span class='ocr_line' id='line_1_98' title="bbox 490 5304 705 5359; baseline 0.014 -3"><span class='ocrx_word' id='word_1_731' title='bbox 490 5304 705 5359; x_wconf 75' lang='grc' dir='ltr'>ενομεν.</span> 
     </span>
    </p>
   </div>
   <div class='ocr_carea' id='block_1_99' title="bbox 520 5322 2068 5453">
    <p class='ocr_par' dir='ltr' id='par_1_99' title="bbox 520 5322 2068 5453">
     <span class='ocr_line' id='line_1_99' title="bbox 520 5322 2068 5453; baseline 0.006 -24"><span class='ocrx_word' id='word_1_732' title='bbox 520 5322 895 5453; x_wconf 59' lang='lat' dir='ltr'><strong>Vkptret.</strong></span> <span class='ocrx_word' id='word_1_733' title='bbox 923 5376 1016 5453; x_wconf 70' lang='lat' dir='ltr'><strong>Sic</strong></span> <span class='ocrx_word' id='word_1_734' title='bbox 1051 5377 1297 5453; x_wconf 82' lang='lat' dir='ltr'><strong>plerique</strong></span> <span class='ocrx_word' id='word_1_735' title='bbox 1335 5395 1469 5453; x_wconf 81' lang='lat' dir='ltr'><strong>mss.</strong></span> <span class='ocrx_word' id='word_1_736' title='bbox 1503 5379 1645 5453; x_wconf 66' lang='lat' dir='ltr'><strong>Editi</strong></span> <span class='ocrx_word' id='word_1_737' title='bbox 1670 5385 1864 5453; x_wconf 77' lang='grc' dir='ltr'>κρινεῖ.</span> <span class='ocrx_word' id='word_1_738' title='bbox 1895 5382 2068 5439; x_wconf 88' lang='lat' dir='ltr'><strong>Paulo</strong></span> 
     </span>
    </p>
   </div>
   <div class='ocr_carea' id='block_1_100' title="bbox 490 5448 2068 5526">
    <p class='ocr_par' dir='ltr' id='par_1_100' title="bbox 490 5448 2068 5526">
     <span class='ocr_line' id='line_1_100' title="bbox 490 5448 2068 5526; baseline 0.007 -31"><span class='ocrx_word' id='word_1_739' title='bbox 490 5449 931 5526; x_wconf 28' lang='lat' dir='ltr'><strong>autenguamvis</strong></span> <span class='ocrx_word' id='word_1_740' title='bbox 973 5448 1039 5526; x_wconf 90' lang='lat' dir='ltr'><strong>in_</strong></span> <span class='ocrx_word' id='word_1_741' title='bbox 1065 5450 1321 5526; x_wconf 80' lang='lat' dir='ltr'><strong>omnibus</strong></span> <span class='ocrx_word' id='word_1_742' title='bbox 1345 5451 1626 5526; x_wconf 77' lang='lat' dir='ltr'><strong>codicibus</strong></span> <span class='ocrx_word' id='word_1_743' title='bbox 1679 5448 1890 5526; x_wconf 73' lang='lat' dir='ltr'><strong>legatur</strong></span> <span class='ocrx_word' id='word_1_744' title='bbox 1936 5455 2068 5526; x_wconf 78' lang='grc' dir='ltr'>περὶ</span> 
     </span>
    </p>
   </div>
   <div class='ocr_carea' id='block_1_101' title="bbox 488 5513 2068 5594">
    <p class='ocr_par' dir='ltr' id='par_1_101' title="bbox 488 5513 2068 5594">
     <span class='ocr_line' id='line_1_101' title="bbox 488 5513 2068 5594; baseline 0.01 -31"><span class='ocrx_word' id='word_1_745' title='bbox 488 5513 598 5594; x_wconf 56' lang='grc' dir='ltr'><strong>Ιαἰὼν</strong></span> <span class='ocrx_word' id='word_1_746' title='bbox 635 5514 899 5594; x_wconf 78' lang='grc' dir='ltr'>ἀδελφῶν,</span> <span class='ocrx_word' id='word_1_747' title='bbox 928 5519 1099 5594; x_wconf 59' lang='lat' dir='ltr'><strong>multa</strong></span> <span class='ocrx_word' id='word_1_748' title='bbox 1140 5519 1435 5594; x_wconf 62' lang='lat' dir='ltr'><strong>audiuimus</strong></span> <span class='ocrx_word' id='word_1_749' title='bbox 1460 5520 1533 5594; x_wconf 72' lang='lat' dir='ltr'><strong>de</strong></span> <span class='ocrx_word' id='word_1_750' title='bbox 1555 5513 1833 5594; x_wconf 42' lang='lat' dir='ltr'><strong>[ratribvug</strong></span> <span class='ocrx_word' id='word_1_751' title='bbox 1874 5513 2068 5594; x_wconf 72' lang='lat' dir='ltr'><strong>legen-</strong></span> 
     </span>
    </p>
   </div>
   <div class='ocr_carea' id='block_1_102' title="bbox 456 5581 2065 5661">
    <p class='ocr_par' dir='ltr' id='par_1_102' title="bbox 456 5581 2065 5661">
     <span class='ocr_line' id='line_1_102' title="bbox 456 5581 2065 5661; baseline 0.011 -29"><span class='ocrx_word' id='word_1_752' title='bbox 456 5642 462 5647; x_wconf 36' lang='grc'><em>,</em></span> <span class='ocrx_word' id='word_1_753' title='bbox 491 5581 622 5661; x_wconf 61' lang='lat' dir='ltr'><strong>dum</strong></span> <span class='ocrx_word' id='word_1_754' title='bbox 674 5581 851 5640; x_wconf 72' lang='lat' dir='ltr'><strong>tanien</strong></span> <span class='ocrx_word' id='word_1_755' title='bbox 883 5588 1113 5661; x_wconf 4' lang='lat' dir='ltr'><strong>uidetur,</strong></span> <span class='ocrx_word' id='word_1_756' title='bbox 1148 5590 1298 5661; x_wconf 87' lang='grc' dir='ltr'><strong>παρά</strong></span> <span class='ocrx_word' id='word_1_757' title='bbox 1328 5590 1436 5645; x_wconf 89' lang='grc' dir='ltr'><strong>τῶν</strong></span> <span class='ocrx_word' id='word_1_758' title='bbox 1479 5581 1740 5661; x_wconf 76' lang='grc' dir='ltr'>ἀδελφῶν.</span> <span class='ocrx_word' id='word_1_759' title='bbox 1790 5581 1890 5648; x_wconf 78' lang='grc' dir='ltr'><strong>Πίο</strong></span> <span class='ocrx_word' id='word_1_760' title='bbox 1921 5581 2065 5650; x_wconf 57' lang='lat' dir='ltr'><strong>Enim</strong></span> 
     </span>
    </p>
   </div>
   <div class='ocr_carea' id='block_1_103' title="bbox 494 5651 2065 5734">
    <p class='ocr_par' dir='ltr' id='par_1_103' title="bbox 494 5651 2065 5734">
     <span class='ocr_line' id='line_1_103' title="bbox 494 5651 2065 5734; baseline 0.01 -29"><span class='ocrx_word' id='word_1_761' title='bbox 494 5651 969 5734; x_wconf 48' lang='lat' dir='ltr'><strong>Qatrumnomine</strong></span> <span class='ocrx_word' id='word_1_762' title='bbox 1002 5651 1338 5734; x_wconf 56' lang='lat' dir='ltr'><strong>probabilius</strong></span> <span class='ocrx_word' id='word_1_763' title='bbox 1362 5670 1447 5716; x_wconf 92' lang='lat' dir='ltr'><strong>est</strong></span> <span class='ocrx_word' id='word_1_764' title='bbox 1475 5677 1571 5718; x_wconf 86' lang='lat' dir='ltr'><strong>eos</strong></span> <span class='ocrx_word' id='word_1_765' title='bbox 1596 5651 1892 5733; x_wconf 76' lang='lat' dir='ltr'><strong>designari,</strong></span> <span class='ocrx_word' id='word_1_766' title='bbox 1918 5668 2011 5734; x_wconf 90' lang='lat' dir='ltr'><strong>qui</strong></span> <span class='ocrx_word' id='word_1_767' title='bbox 2036 5682 2065 5720; x_wconf 92' lang='lat' dir='ltr'><strong>a</strong></span> 
     </span>
    </p>
   </div>
   <div class='ocr_carea' id='block_1_104' title="bbox 497 5722 1990 5803">
    <p class='ocr_par' dir='ltr' id='par_1_104' title="bbox 497 5722 1990 5803">
     <span class='ocr_line' id='line_1_104' title="bbox 497 5722 1990 5803; baseline 0.01 -27"><span class='ocrx_word' id='word_1_768' title='bbox 497 5722 555 5776; x_wconf 86' lang='lat' dir='ltr'><strong>S.</strong></span> <span class='ocrx_word' id='word_1_769' title='bbox 590 5722 784 5780; x_wconf 80' lang='lat' dir='ltr'><strong>Meletii</strong></span> <span class='ocrx_word' id='word_1_770' title='bbox 814 5722 1056 5796; x_wconf 74' lang='lat' dir='ltr'><strong>partibus</strong></span> <span class='ocrx_word' id='word_1_771' title='bbox 1096 5731 1331 5796; x_wconf 88' lang='lat' dir='ltr'><strong>stabant,</strong></span> <span class='ocrx_word' id='word_1_772' title='bbox 1367 5747 1530 5801; x_wconf 86' lang='lat' dir='ltr'><strong>quam</strong></span> <span class='ocrx_word' id='word_1_773' title='bbox 1574 5735 1665 5803; x_wconf 86' lang='lat' dir='ltr'><strong>qui</strong></span> <span class='ocrx_word' id='word_1_774' title='bbox 1700 5722 1746 5786; x_wconf 50' lang='lat' dir='ltr'><strong>av</strong></span> <span class='ocrx_word' id='word_1_775' title='bbox 1763 5722 1990 5791; x_wconf 72' lang='lat' dir='ltr'><strong>Paulini.</strong></span> 
     </span>
    </p>
   </div>
   <div class='ocr_carea' id='block_1_105' title="bbox 2166 4567 3666 4650">
    <p class='ocr_par' dir='ltr' id='par_1_105' title="bbox 2166 4567 3666 4650">
     <span class='ocr_line' id='line_1_105' title="bbox 2166 4567 3666 4650; baseline -0.006 -18"><span class='ocrx_word' id='word_1_776' title='bbox 2166 4577 2538 4650; x_wconf 83' lang='grc' dir='ltr'>εσπαρμένον,</span> <span class='ocrx_word' id='word_1_777' title='bbox 2571 4576 2814 4630; x_wconf 80' lang='grc' dir='ltr'>ἀποίκων</span> <span class='ocrx_word' id='word_1_778' title='bbox 2835 4577 2897 4630; x_wconf 79' lang='grc' dir='ltr'><strong>τὸ</strong></span> <span class='ocrx_word' id='word_1_779' title='bbox 2930 4578 3157 4632; x_wconf 85' lang='grc' dir='ltr'>παλαιὸν</span> <span class='ocrx_word' id='word_1_780' title='bbox 3192 4579 3305 4649; x_wconf 76' lang='grc'><strong>(10)</strong></span> <span class='ocrx_word' id='word_1_781' title='bbox 3341 4580 3401 4632; x_wconf 83' lang='grc' dir='ltr'>ὲκ</span> <span class='ocrx_word' id='word_1_782' title='bbox 3429 4576 3515 4645; x_wconf 80' lang='grc' dir='ltr'>τῆς</span> <span class='ocrx_word' id='word_1_783' title='bbox 3545 4567 3666 4624; x_wconf 59' lang='lat'><strong>846&#39;»-</strong></span> 
     </span>
    </p>
   </div>
   <div class='ocr_carea' id='block_1_106' title="bbox 2166 4662 3662 4741">
    <p class='ocr_par' dir='ltr' id='par_1_106' title="bbox 2166 4662 3662 4741">
     <span class='ocr_line' id='line_1_106' title="bbox 2166 4662 3662 4741; baseline -0.003 -19"><span class='ocrx_word' id='word_1_784' title='bbox 2166 4669 2362 4733; x_wconf 89' lang='grc' dir='ltr'>λωνίας</span> <span class='ocrx_word' id='word_1_785' title='bbox 2428 4670 2561 4741; x_wconf 78' lang='grc' dir='ltr'>ἡμῖν</span> <span class='ocrx_word' id='word_1_786' title='bbox 2619 4669 3071 4740; x_wconf 70' lang='grc' dir='ltr'>ἐπεισαχθέντων.</span> <span class='ocrx_word' id='word_1_787' title='bbox 3134 4670 3198 4724; x_wconf 83' lang='grc' dir='ltr'><strong>Οἳ</strong></span> <span class='ocrx_word' id='word_1_788' title='bbox 3255 4670 3426 4724; x_wconf 74' lang='grc' dir='ltr'>ἔθεσιν</span> <span class='ocrx_word' id='word_1_789' title='bbox 3474 4662 3662 4726; x_wconf 73' lang='grc' dir='ltr'>ίδιάζουσι</span> 
     </span>
    </p>
   </div>
   <div class='ocr_carea' id='block_1_107' title="bbox 2170 4748 3662 4834">
    <p class='ocr_par' dir='ltr' id='par_1_107' title="bbox 2170 4748 3662 4834">
     <span class='ocr_line' id='line_1_107' title="bbox 2170 4748 3662 4834; baseline -0.006 -16"><span class='ocrx_word' id='word_1_790' title='bbox 2170 4760 2492 4832; x_wconf 81' lang='grc' dir='ltr'>κέχρηνται,</span> <span class='ocrx_word' id='word_1_791' title='bbox 2525 4762 2747 4832; x_wconf 82' lang='grc' dir='ltr'>ἄμικτοι</span> <span class='ocrx_word' id='word_1_792' title='bbox 2789 4762 2942 4825; x_wconf 74' lang='grc' dir='ltr'>ὄντες</span> <span class='ocrx_word' id='word_1_793' title='bbox 2970 4762 3106 4834; x_wconf 82' lang='grc' dir='ltr'>πρὸς</span> <span class='ocrx_word' id='word_1_794' title='bbox 3142 4763 3270 4826; x_wconf 79' lang='grc' dir='ltr'>τοὺς</span> <span class='ocrx_word' id='word_1_795' title='bbox 3312 4762 3488 4824; x_wconf 80' lang='grc' dir='ltr'>ἄλλους</span> <span class='ocrx_word' id='word_1_796' title='bbox 3510 4748 3662 4822; x_wconf 56' lang='grc' dir='ltr'><strong>ἀνθράΡ</strong></span> 
     </span>
    </p>
   </div>
   <div class='ocr_carea' id='block_1_108' title="bbox 2172 4837 3661 4924">
    <p class='ocr_par' dir='ltr' id='par_1_108' title="bbox 2172 4837 3661 4924">
     <span class='ocr_line' id='line_1_108' title="bbox 2172 4837 3661 4924; baseline 0.001 -21"><span class='ocrx_word' id='word_1_797' title='bbox 2172 4868 2332 4913; x_wconf 77' lang='grc' dir='ltr'><strong>πους⁸</strong></span> <span class='ocrx_word' id='word_1_798' title='bbox 2362 4852 2504 4922; x_wconf 82' lang='grc' dir='ltr'>λόγῳ</span> <span class='ocrx_word' id='word_1_799' title='bbox 2541 4852 2598 4905; x_wconf 86' lang='grc' dir='ltr'>δὲ</span> <span class='ocrx_word' id='word_1_800' title='bbox 2637 4853 2773 4924; x_wconf 72' lang='grc' dir='ltr'>πρὸς</span> <span class='ocrx_word' id='word_1_801' title='bbox 2826 4852 3021 4916; x_wconf 74' lang='grc' dir='ltr'>αὐτοὺς</span> <span class='ocrx_word' id='word_1_802' title='bbox 3077 4852 3415 4924; x_wconf 81' lang='grc' dir='ltr'>κεχρῆσθαι,</span> <span class='ocrx_word' id='word_1_803' title='bbox 3456 4843 3564 4903; x_wconf 77' lang='grc' dir='ltr'>καθά</span> <span class='ocrx_word' id='word_1_804' title='bbox 3590 4837 3661 4910; x_wconf 75' lang='grc' dir='ltr'><strong>(Η)</strong></span> 
     </span>
    </p>
   </div>
   <div class='ocr_carea' id='block_1_109' title="bbox 2252 5244 3655 5314">
    <p class='ocr_par' dir='ltr' id='par_1_109' title="bbox 2252 5244 3655 5314">
     <span class='ocr_line' id='line_1_109' title="bbox 2252 5244 3655 5314; baseline 0.006 -15"><span class='ocrx_word' id='word_1_805' title='bbox 2252 5244 2326 5314; x_wconf 85' lang='grc'>(8)</span> <span class='ocrx_word' id='word_1_806' title='bbox 2370 5247 2479 5300; x_wconf 78' lang='grc' dir='ltr'><strong>Ἂν</strong></span> <span class='ocrx_word' id='word_1_807' title='bbox 2497 5246 2685 5314; x_wconf 68' lang='grc' dir='ltr'>εἵλου.</span> <span class='ocrx_word' id='word_1_808' title='bbox 2708 5244 2893 5302; x_wconf 80' lang='lat' dir='ltr'><strong>Codex</strong></span> <span class='ocrx_word' id='word_1_809' title='bbox 2907 5246 3192 5303; x_wconf 63' lang='lat' dir='ltr'><strong>Medicaeus</strong></span> <span class='ocrx_word' id='word_1_810' title='bbox 3213 5247 3358 5303; x_wconf 85' lang='grc' dir='ltr'>εῖλω.</span> <span class='ocrx_word' id='word_1_811' title='bbox 3564 5299 3655 5314; x_wconf 74' lang='grc'>,,,,,</span> 
     </span>
    </p>
   </div>
   <div class='ocr_carea' id='block_1_110' title="bbox 2250 5244 3658 5402">
    <p class='ocr_par' dir='ltr' id='par_1_110' title="bbox 2250 5244 3658 5402">
     <span class='ocr_line' id='line_1_110' title="bbox 2252 5244 3655 5314; baseline -0.001 -14"><span class='ocrx_word' id='word_1_812' title='bbox 2252 5245 2305 5314; x_wconf 85' lang='grc'><strong>(8</strong></span> <span class='ocrx_word' id='word_1_813' title='bbox 2370 5247 2479 5300; x_wconf 78' lang='grc' dir='ltr'><strong>Ἂν</strong></span> <span class='ocrx_word' id='word_1_814' title='bbox 2497 5246 2685 5300; x_wconf 75' lang='grc' dir='ltr'>εἵλου.</span> <span class='ocrx_word' id='word_1_815' title='bbox 2708 5244 2893 5302; x_wconf 80' lang='lat' dir='ltr'><strong>Codex</strong></span> <span class='ocrx_word' id='word_1_816' title='bbox 2907 5246 3192 5303; x_wconf 63' lang='lat' dir='ltr'><strong>Medicaeus</strong></span> <span class='ocrx_word' id='word_1_817' title='bbox 3213 5247 3358 5303; x_wconf 85' lang='grc' dir='ltr'>εῖλω.</span> <span class='ocrx_word' id='word_1_818' title='bbox 3622 5299 3655 5313; x_wconf 64' lang='grc'><strong>,,</strong></span> 
     </span>
     <span class='ocr_line' id='line_1_111' title="bbox 2250 5244 3658 5402; baseline -0.004 -31"><span class='ocrx_word' id='word_1_819' title='bbox 2250 5244 2328 5402; x_wconf 62' lang='grc' dir='ltr'>(θέ</span> <span class='ocrx_word' id='word_1_820' title='bbox 2366 5313 2652 5385; x_wconf 81' lang='grc' dir='ltr'>Σημῆναι.</span> <span class='ocrx_word' id='word_1_821' title='bbox 2687 5317 2760 5372; x_wconf 84' lang='lat' dir='ltr'><strong>Ita</strong></span> <span class='ocrx_word' id='word_1_822' title='bbox 2790 5325 2905 5374; x_wconf 87' lang='lat' dir='ltr'><strong>tres</strong></span> <span class='ocrx_word' id='word_1_823' title='bbox 2941 5319 3297 5375; x_wconf 80' lang='lat' dir='ltr'><strong>vetustissimi</strong></span> <span class='ocrx_word' id='word_1_824' title='bbox 3332 5316 3538 5376; x_wconf 84' lang='lat' dir='ltr'><strong>codices.</strong></span> <span class='ocrx_word' id='word_1_825' title='bbox 3564 5302 3658 5359; x_wconf 78' lang='grc' dir='ltr'>Εάιίι</span> 
     </span>
    </p>
   </div>
   <div class='ocr_carea' id='block_1_111' title="bbox 2269 5403 3656 5531">
    <p class='ocr_par' dir='ltr' id='par_1_111' title="bbox 2269 5403 3656 5531">
     <span class='ocr_line' id='line_1_112' title="bbox 2269 5403 3656 5531; baseline 0.004 -23"><span class='ocrx_word' id='word_1_826' title='bbox 2269 5403 2492 5525; x_wconf 38' lang='lat' dir='ltr'><strong>ixmil)</strong></span> <span class='ocrx_word' id='word_1_827' title='bbox 2525 5458 2801 5513; x_wconf 75' lang='grc' dir='ltr'>παλαιόν.</span> <span class='ocrx_word' id='word_1_828' title='bbox 2856 5456 2936 5511; x_wconf 88' lang='lat' dir='ltr'><strong>lta</strong></span> <span class='ocrx_word' id='word_1_829' title='bbox 2990 5474 3116 5516; x_wconf 88' lang='lat' dir='ltr'><strong>mss.</strong></span> <span class='ocrx_word' id='word_1_830' title='bbox 3169 5458 3423 5531; x_wconf 87' lang='lat' dir='ltr'><strong>quinque.</strong></span> <span class='ocrx_word' id='word_1_831' title='bbox 3469 5448 3578 5509; x_wconf 73' lang='grc' dir='ltr'>Εάίιί</span> <span class='ocrx_word' id='word_1_832' title='bbox 3619 5439 3656 5493; x_wconf 62' lang='grc' dir='ltr'><strong>τὸ</strong></span> 
     </span>
    </p>
   </div>
   <div class='ocr_carea' id='block_1_112' title="bbox 2174 5531 3653 5671">
    <p class='ocr_par' dir='ltr' id='par_1_112' title="bbox 2174 5531 3653 5671">
     <span class='ocr_line' id='line_1_113' title="bbox 2174 5531 3653 5671; baseline -0.001 -22"><span class='ocrx_word' id='word_1_833' title='bbox 2408 5598 2585 5671; x_wconf 71' lang='grc' dir='ltr'>Καθό.</span> <span class='ocrx_word' id='word_1_834' title='bbox 2639 5597 2781 5655; x_wconf 79' lang='lat' dir='ltr'><strong>Med.</strong></span> <span class='ocrx_word' id='word_1_835' title='bbox 2838 5608 2892 5657; x_wconf 87' lang='lat' dir='ltr'><strong>et</strong></span> <span class='ocrx_word' id='word_1_836' title='bbox 2934 5600 3083 5657; x_wconf 87' lang='lat' dir='ltr'><strong>Coisl</strong></span> <span class='ocrx_word' id='word_1_837' title='bbox 3162 5600 3389 5671; x_wconf 86' lang='lat' dir='ltr'><strong>primus,</strong></span> <span class='ocrx_word' id='word_1_838' title='bbox 3421 5591 3519 5650; x_wconf 81' lang='grc' dir='ltr'>καθ’</span> <span class='ocrx_word' id='word_1_839' title='bbox 3555 5586 3653 5639; x_wconf 72' lang='grc' dir='ltr'><strong>ὅσον·</strong></span> 
     </span>
    </p>
   </div>
   <div class='ocr_carea' id='block_1_113' title="bbox 2174 5664 2596 5723">
    <p class='ocr_par' dir='ltr' id='par_1_113' title="bbox 2174 5664 2596 5723">
     <span class='ocr_line' id='line_1_114' title="bbox 2174 5664 2596 5723; baseline 0.009 -4"><span class='ocrx_word' id='word_1_840' title='bbox 2174 5664 2321 5721; x_wconf 83' lang='lat' dir='ltr'><strong>Harl.</strong></span> <span class='ocrx_word' id='word_1_841' title='bbox 2337 5664 2474 5722; x_wconf 81' lang='grc' dir='ltr'>’καθ’</span> <span class='ocrx_word' id='word_1_842' title='bbox 2518 5670 2596 5723; x_wconf 82' lang='grc' dir='ltr'>ὃν.</span> 
     </span>
    </p>
   </div>
  </div>
