3904 6486
664 326 768 384 955

1993 327 2049 383 s.
2091 321 2334 380 BASILII
2372 321 2587 377 suam
3665 348 3733 402 πε

664 453 780 498 tum
811 443 933 513 quia
969 442 1183 498 illorum
1221 459 1400 501 mores
1426 446 1565 503 ultra
1594 456 1805 503 aetatem
1835 447 2049 518 egregie
2071 462 2222 501 com-

2326 442 2517 506 παῖδας
2542 442 2631 496 διά
2660 456 2720 492 τε
2755 441 2817 493 τὸ
2850 440 2991 511 ὑπὲρ
3022 439 3120 510 τὴν
3146 440 3341 511 ἡλικίαν
3363 447 3455 501 τῶν
3482 454 3594 521 ἠθῶν
3616 463 3739 517 eam.

660 536 847 605 positi,
884 542 1000 588 tum
1033 543 1254 605 propter
1292 551 1481 592 eorum
1520 554 1643 594 cum
1682 551 1772 594 tua
1808 541 2007 610 pietate
2034 556 2226 594 neces-

661 625 993 692 situdinem,
1056 641 1123 681 ex
1179 644 1286 699 qua
1340 631 1504 686 etiam
1559 632 1742 702 magni
1796 631 2000 701 aliquid
2028 631 2096 686 ab
2145 631 2225 687 eis

659 724 984 787 exspectare
1022 719 1190 788 licet;
1238 730 1530 793 postquam
1569 739 1695 778 cum
1737 724 1936 780 litteris
1969 723 2078 779 tuis
2112 724 2224 780 vidi

657 820 755 862 eos
807 808 875 863 ad
927 824 1013 865 me
1057 810 1360 876 venientes,
1391 812 1667 883 duplicavi
1704 813 1759 868 in
1796 813 1920 868 illos
1958 828 2220 869 amorem.

658 894 765 952 Ubi
816 907 996 954 autem
1034 900 1137 971 legi
1177 902 1482 972 epistolam,
1527 918 1591 958 ac
1626 904 1680 958 in
1720 919 1785 957 ea
1821 905 2072 975 perspexi
2099 920 2224 959 cum

666 988 949 1059 providam
1000 992 1171 1046 animi
1226 993 1302 1047 tui
1349 993 1415 1049 de
1464 994 1726 1050 Ecclesiis
1767 995 2222 1061 sollicitudinem,

660 1091 779 1136 tum
821 1081 1061 1154 legenda:
1106 1085 1401 1155 Scriptura:
1445 1087 1645 1142 divina:
1689 1089 1929 1143 studium
1969 1106 1983 1156 ;
2019 1090 2224 1160 gratias

658 1173 747 1242 egi
800 1172 1050 1240 Domino,
1094 1190 1158 1230 ac
1198 1177 1339 1233 bona
1388 1187 1644 1248 precatus
1689 1195 1809 1235 sum
1836 1181 1922 1236 his
1961 1182 2055 1252 qui
2089 1183 2225 1238 tales

661 1260 823 1315 nobis
866 1261 1162 1317 aﬂ‘erebaut
1208 1265 1440 1331 litteras,
1486 1267 1755 1337 imprimis
1805 1282 1935 1323 vero
1977 1268 2082 1338 ipsi
2119 1267 2221 1333 illi,

661 1349 756 1419 qui
788 1350 947 1406 nobis
978 1352 1221 1422 scripsit.

729 1523 784 1578 2.
849 1526 1187 1593 Quaesivisti,
1253 1530 1667 1586 celeberrimum
1733 1531 1863 1587 illud
1920 1532 2126 1587 dictum
2172 1539 2226 1588 et

661 1615 807 1685 apud
859 1632 1049 1674 omnes
1097 1622 1371 1691 susdeque
1422 1632 1728 1688 versatum,
1776 1639 1940 1693 quam
1992 1614 2224 1679 solu'tio-

660 1723 784 1762 nem
831 1709 994 1781 396
1037 1712 1233 1767 habeat
1275 1732 1288 1767 :
1319 1730 1513 1784 nempe
1539 1715 1673 1769 illud
1710 1735 1722 1771 :
1755 1715 1938 1771 Omnis
1962 1718 2055 1787 qui
2090 1719 2227 1771 occi-

2326 532 2417 596 θὲς
2450 534 2544 587 καὶ
2572 532 2661 586 διὰ
2692 531 2753 584 τὸ
2780 532 2915 601 πρὸς
2950 530 3050 602 τὴν
3085 530 3183 601 σὴν
3221 534 3465 592 εὐλάϐειαν
3489 546 3652 614 οίκεῑον,
3679 558 3737 623 ἀ;’

2324 618 2385 677 οῦ
2419 642 2473 677 τι
2509 625 2603 677 καὶ
2653 624 2796 694 μέγα
2828 623 3134 695 προσδοκᾷν
3160 623 3296 677 ἐστιν
3331 630 3404 680 ἐπ’
3432 632 3596 699 αὐτοῖς·
3617 618 3739 718 ἐπειδὴ

2324 718 2418 771 καὶ
2448 717 2586 789 μετὰ
2615 719 2958 790 γραμμάτων
3001 718 3111 772 σῶν
3158 714 3288 772 εἶδον
3322 723 3489 789 αὐτοὺς
3519 714 3738 804 προσιόντιξ
3826 714 3827 773 ἕ

2329 825 2454 881 μοι,
2508 809 2863 864 ἐδιπλασίασα
2911 809 2971 862 τὸ
3022 810 3109 863 ἐπ’
3146 811 3317 876 αὐτοῖς
3359 814 3556 886 φίλτρον.
3587 824 3675 877 Ὅτε
3706 831 3741 883 δὲ

2324 900 2567 968 ἀνέγνων
2620 901 2717 971 τὴν
2754 900 3042 972 ἐπιστολὴν
3065 944 3081 968 ,
3116 902 3211 954 κα).
3262 898 3380 957 εἶδον
3430 908 3477 959 ἐν
3520 912 3620 983 αὐτῇ
3655 918 3739 985 ὁμοῦ

2329 990 2428 1060 μὲν
2479 990 2540 1045 τὸ
2574 992 2700 1062 περ).
2748 991 2847 1054 τὰς
2888 991 3211 1062 Ἐκκλησίας
3250 992 3351 1063 (l9)
3384 1005 3655 1071 προνοητικὸν
3681 1010 3741 1079 τῆς
3826 994 3827 1007 “

2327 1082 2425 1152 σῆς
2456 1082 2746 1146 διαθέσεως
2773 1122 2788 1146 ,
2826 1083 2962 1153 ὁμοῦ
2993 1083 3052 1136 δὲ
3079 1083 3140 1136 τὸ
3164 1085 3287 1155 περ).
3316 1087 3404 1157 τὴν
3435 1091 3740 1159 ἀνάγνωσιντᾶη

2327 1171 2485 1226 θείων
2515 1173 2746 1245 Γραφῶν
2793 1173 3050 1244 ἐπιμελὲς
3073 1213 3089 1239 ,
3130 1176 3476 1248 ηὐχαρίστησα
3512 1182 3574 1254 τῷ
3608 1187 3741 1261 Κυρίῳ,

2326 1264 2421 1317 καὶ
2455 1265 2779 1336 ἐπηυξάμην
2808 1266 2875 1319 τὰ
2919 1266 3099 1335 ἀγαθά
3134 1270 3245 1330 τοῖς
3264 1267 3329 1321 τά
3353 1270 3539 1325 τοιαῦτα
3565 1276 3656 1345 ἡμῖν
3675 1280 3740 1334 δια,

2328 1356 2609 1427 κομίζουσι
2644 1357 2947 1429 γράμματα
2967 1399 2982 1426 ,
3014 1357 3107 1411 καὶ
3139 1357 3246 1429 πρό
3287 1375 3346 1427 γε
3389 1361 3537 1416 αὐτῶν
3569 1366 3672 1438 αὐτῷ
3697 1372 3742 1441 τῷ

2325 1446 2594 1518 γράψαντι
2617 1451 2650 1519 ἡ
2661 1452 2771 1518 μῖν.

2395 1536 2448 1591 9..
2506 1537 2875 1609 Ἐπεζήτησας
2928 1537 2991 1591 τὸ
3042 1536 3453 1609 πολυθρύλλητον
3496 1541 3628 1595 ἐκεῖνο
3647 1585 3658 1606 ,
3691 1552 3744 1600 ni

2326 1627 2477 1698 παρά
2515 1630 2682 1682 πᾶσιν
2735 1628 2846 1682 ἄνω
2896 1628 2996 1682 καὶ
3026 1630 3176 1681 κάτω
3227 1629 3599 1700 περιφερόμενον
3633 1636 3745 1703 ῥητὸν,

2324 1720 2446 1772 τίνα
2484 1719 2581 1791 τὴν
2616 1719 2768 1772 λύσιν
2806 1718 2948 1790 ἔχει’
2996 1719 3090 1783 τὸ,
3124 1717 3251 1784 Πᾶς
3279 1722 3311 1772 o'
3336 1720 3628 1787 ἀποκτείνας

654 1796 796 1879 derit
822 1853 829 1862 ,
860 1799 1015 1865 Cain,
1070 1813 1263 1872 septem
1318 1805 1578 1860 vindictas
1633 1809 1793 1862 solvet
1822 1809 1861 1862 ⁸.
1898 1808 2012 1863 Hac
2040 1819 2223 1865 autem

2327 1808 2475 1863 ἑπτὰ
2505 1808 2893 1879 ἑκδικούμενα
2917 1810 3273 1877 παραλύσει.
3306 1808 3397 1862 Διά
3419 1810 3575 1864 τούτου
3605 1813 3645 1865 δὲ
3668 1817 3748 1878 τέως

658 1887 1110 1962 interrogatione,
1167 1895 1401 1965 primum
1442 1898 1663 1968 quidem
1700 1899 1933 1969 teipsum
1998 1900 2228 1956 demon~

659 1982 850 2035 strasti
887 1983 944 2037 id
985 1984 1133 2054 quod
1166 1984 1371 2043 Paulus
1417 1990 1675 2061 praecepit
1717 1990 2005 2048 Timotheo
2045 1994 2067 2024 "
2131 2008 2226 2048 ac-

663 2082 853 2130 curate
907 2090 1128 2133 servare
1197 2080 1389 2151 (liquet
1453 2083 1599 2137 enim
1649 2091 1702 2138 te
1771 2090 2043 2140 attentum
2097 2102 2220 2142 esse

659 2163 948 2237 lectioni);
1003 2168 1200 2226 deinde
1234 2188 1363 2228 vero
1402 2183 1457 2228 et
1502 2189 1631 2240 nos,
1676 2175 1770 2245 qui
1812 2191 1972 2232 senes
2012 2192 2223 2245 sumus,

660 2263 717 2310 et
757 2256 871 2326 jam
914 2263 1282 2318 emarcuimus
1332 2275 1387 2319 et
1434 2272 1681 2337 tempore
1738 2275 1792 2322 et
1849 2268 2228 2324 imbecillitate

661 2349 932 2418 corporis,
963 2359 1017 2405 et
1049 2353 1398 2412 multitudine
1426 2355 1802 2424 alﬂictionum,
1833 2374 1953 2428 quae
1982 2361 2228 2429 plurima:

659 2438 719 2492 in
748 2453 850 2494 nos
882 2441 1166 2497 concitatae
1207 2444 1371 2499 vitam
1405 2454 1650 2502 nostram
1675 2456 2105 2519 praegravarunt,
2138 2459 2223 2505 ta-

660 2546 783 2586 men
810 2534 1185 2601 exsuscitasti,
1217 2550 1281 2589 ac
1320 2534 1532 2592 fervens
1568 2538 1765 2608 spiritu
1793 2554 1895 2596 nos
1932 2539 2228 2611 frigescen-

662 2631 767 2687 tes,
810 2633 1069 2697 tanquam
1118 2628 1342 2683 latentia
1374 2629 1431 2683 in
1466 2629 1658 2686 lustris
1690 2632 1968 2701 animalia,
2001 2634 2070 2689 ad
2112 2651 2228 2691 me-

663 2716 904 2771 diocrem
925 2718 1262 2788 vigilantiam
1278 2729 1333 2775 et
1349 2721 1569 2776 vitalem
1590 2725 1963 2793 operationem
1978 2742 2223 2784 revocas.

636 2807 843 2876 ,Atque
891 2807 1027 2863 illud
1072 2811 1291 2880 quidem
1341 2811 1549 2867 dictum
1591 2822 1645 2869 et
1677 2815 2004 2885 simpliciter
2034 2819 2115 2874 sic
2142 2820 2225 2874 iu-

578 2942 583 2955 .
662 2899 835 2970 telligi
884 2908 1083 2971 potest,
1128 2910 1184 2957 et
1216 2904 1422 2960 variam
1472 2907 1718 2976 accipere
1764 2910 2224 2979 explanationem.

664 2988 976 3061 Simplicior
1005 3001 1185 3048 autem
1211 3003 1267 3049 et
1297 3011 1417 3067 qua:
1447 2998 1673 3053 cuilibet
1696 3002 1868 3069 possit
1901 3018 2000 3058 sua
2033 3014 2228 3075 sponte

2332 1900 2430 1970 μὲν
2454 1900 2615 1963 αὐτὸς
2643 1900 2866 1954 σεαυτὸν
2893 1900 3225 1970 συνέστησας
3240 1939 3254 1963 ,
3276 1899 3333 1953 τὸ
3353 1900 3438 1952 τοῦ
3455 1902 3654 1973 Τιμοθέρυ
3669 1907 3747 1974 120p.

2326 1989 2356 2042 ὂ
2393 1988 2705 2060 παρέδωκεν
2753 1988 2901 2059 αὐτῷ
2952 1987 3199 2052 Παῦλος,
3267 1990 3488 2061 ἀκριϐῶς
3532 1992 3750 2059 φυλάττοντι

2328 2079 2510 2150 (δῆλος
2554 2079 2662 2151 γὰρ
2703 2076 2756 2133 εἶ
2786 2080 3066 2151 προσέχων
3104 2082 3171 2150 τῇ
3204 2079 3524 2150 ἀναγνώσει)·
3548 2081 3678 2137 ἔπειτα
3697 2090 3752 2138 ut

2326 2173 2360 2244 ή
2370 2174 2478 2243 μᾶς
2525 2172 2651 2236 τοὺς
2679 2172 2939 2243 γέροντας
2957 2212 2972 2236 ,
3003 2172 3098 2225 καὶ
3135 2172 3514 2243 νεναρκηκότας
3540 2174 3616 2244 ἥδη
3638 2178 3756 2247 καὶτῷ

2328 2264 2504 2335 χρόνῳ
2536 2264 2629 2317 καὶ
2651 2267 2718 2335 τῇ
2750 2262 3003 2334 ἀσθενείᾳ
3038 2262 3131 2316 τοῦ
3163 2262 3440 2334 σώματος,
3466 2265 3542 2316 καὶ
3563 2265 3620 2335 τῷ
3639 2267 3756 2335 πλήθει

2326 2355 2435 2409 τῶν
2474 2355 2702 2426 θλίψεων
2722 2397 2737 2422 ,
2773 2355 2827 2410 αἳ
2885 2354 3076 2408 πολλαὶ
3110 2354 3207 2409 νῦν
3250 2356 3375 2427 περ).
3409 2358 3533 2427 ἡμᾶς
3561 2357 3759 2426 κινηθεῖιιι

2329 2446 2602 2519 ἐϐάρησαν
2631 2447 2742 2518 (21)
2792 2447 2948 2518 ἡμῶν
2990 2446 3087 2518 τὴν
3120 2445 3267 2518 ζωὴν
3289 2486 3304 2511 ,
3340 2448 3477 2517 ὅμως
3500 2448 3761 2516 διανέστηςις,

2328 2542 2421 2593 καὶ
2449 2539 2588 2603 ζέων
2616 2539 2694 2610 τῷ
2734 2539 3003 2609 πνεύματι
3051 2538 3481 2609 κατεψυγμένους
3504 2539 3708 2610 ἡμᾶς,ὼ;
3726 2540 3767 2591 τὰ

2330 2628 2639 2699 φωλεύοντα
2682 2628 2791 2683 τῶν
2825 2627 2977 2693 ζώων
2997 2668 3012 2692 ,
3047 2630 3127 2692 εἰς
3170 2630 3485 2701 ἐγρήγορσιν
3526 2628 3691 2699 μετρίαν
3711 2630 3768 2679 nl

2328 2720 2563 2789 ζωτικὴν
2607 2720 2885 2792 ἐνέργειαν
2931 2721 3227 2789 ἐπανάγεις
3258 2719 3386 2789 (22).
3422 2721 3553 2772 Ἔστι
3587 2720 3619 2773 δ’
3649 2715 3712 2771 οὖν
3734 2720 3771 2769 τὸ
3826 2760 3827 2769 η

2331 2814 2492 2883 ῥητὸν
2547 2813 2640 2866 καὶ
2690 2811 2878 2876 ἁπλῶς
2915 2811 3057 2865 οὕτω
3105 2813 3365 2884 νοηθῆναι
3420 2811 3681 2881 δυνάμενον.
3715 2811 3772 2861 καὶ

2328 2900 2570 2954 ποικίλον
2612 2899 2959 2964 ἐπιδέξασθαι
2995 2900 3104 2972 (25)
3136 2901 3317 2969 λόγον.
3355 2902 3417 2954 Ἡ
3449 2901 3533 2972 μὲν
3553 2897 3624 2954 οὖν
3650 2900 3774 2952 ἁπλου-

2332 2992 2495 3063 στέρα
2529 2994 2624 3046 κα).
2673 2994 2835 3047 παντὶ
2865 2992 3135 3064 δυναμένη
3167 2994 3237 3046 ἐκ
3284 2993 3376 3046 τοῦ
3406 2993 3644 3064 προχείρου
3666 3008 3775 3060 παραυ

659 3097 949 3140 occurrere
974 3088 1261 3152 sententia,
1279 3089 1392 3142 haec
1418 3097 1502 3145 est
1523 3101 1807 3175 :‘oportere
1828 3094 1960 3149 Cain
1993 3106 2223 3168 septem-

2332 3084 2521 3154 στῆναι
2565 3084 2771 3139 διάνοια
2815 3082 2952 3156 αὕτη
2983 3082 3130 3137 ἐστίν
3153 3101 3167 3114 ·
3196 3085 3281 3138 ὃτι
3313 3084 3393 3137 δεῖ
3433 3083 3515 3137 τὸν
3540 3084 3646 3137 Κάῖν

661 3174 858 3243 plicem
909 3177 1038 3232 dare
1088 3192 1305 3248 pinnam
1349 3166 1721 3250 peccatorum.
1775 3185 1893 3241 Non
1946 3166 2093 3244 enim
2139 3198 2223 3247 est

2330 3175 2592 3229 πλασίονα
2643 3174 2934 3229 ἀποδοῦναι
2984 3174 3096 3245 (24)
3153 3175 3257 3248 τὴν
3310 3177 3557 3247 τιμωρίαν
3600 3174 3699 3245 ὑπὲρ
3733 3166 3777 3225 ὧι

655 3268 796 3337 justi
835 3268 1059 3338 judicis,
1112 3286 1272 3340 pares
1312 3274 1538 3343 paribus
1595 3283 1837 3334 statuere
1886 3281 2164 3339 mercedes
2205 3303 2219 3338 :

664 3358 763 3413 sed
800 3373 1027 3414 necesse
1068 3370 1153 3414 est
1194 3370 1253 3415 ut
1295 3363 1420 3416 mali
1465 3365 1709 3436 inceptor
1743 3371 2074 3427 cumulatius
2102 3388 2227 3443 per-

657 3449 835 3502 solvat
866 3447 1067 3514 debita,
1105 3450 1152 3506 si
1187 3453 1348 3507 modo
1381 3459 1434 3507 et
1478 3456 1596 3523 ipse
1630 3458 1823 3514 melior
1847 3475 1915 3515 ex
1939 3463 2225 3532 suppliciis

661 3538 883 3594 futurus
925 3540 1013 3607 sit,
1060 3550 1114 3598 et
1165 3543 1301 3598 alios
1350 3545 1604 3601 meliores
1667 3550 1912 3607 facturus
1953 3554 2220 3624 exemplo.

666 3631 937 3698 Quoniam
990 3634 1157 3705 igitur
1211 3642 1476 3691 statutum
1521 3646 1640 3705 est,
1699 3650 1759 3695 ut
1819 3646 2226 3715 septemplieent

664 3723 801 3779 Cain
833 3725 1124 3797 adimpleat
1153 3735 1499 3798 peccatorum
1536 3745 1772 3801 poenam,
1822 3728 2102 3803 diSsolvet,
2138 3737 2225 3792 in-

663 3820 805 3886 quit,
845 3817 896 3872 id
929 3819 1073 3890 quod
1106 3819 1292 3875 divino
1318 3820 1526 3889 judicio
1573 3825 1639 3880 de
1690 3840 1755 3881 eo
1807 3826 2088 3884 decretum
2117 3838 2222 3897 est,

657 3913 755 3980 qui
791 3926 916 3965 eum
948 3910 1180 3966 occidet.
1217 3911 1342 3967 Haec
1367 3922 1451 3968 est
1484 3918 1749 3972 sententia
1789 3934 1890 3974 sua
1938 3930 2130 3978 snonte
2158 3939 2225 3979 ex

661 4002 838 4070 prima
876 4002 1109 4058 lectione
1137 4003 1297 4060 nobis
1326 4019 1646 4062 occurrens.

732 4268 788 4322 5.
839 4266 946 4324 Sed
985 4272 1112 4340 quia
1161 4274 1299 4329 solet
1342 4275 1610 4345 profunda
1659 4282 1895 4337 scrutari
1941 4282 2223 4341 hominum

663 4358 871 4416 laboris
899 4363 1197 4418 amantium
1243 4367 1494 4435 animus,
1532 4371 1729 4440 quaerit
1757 4376 2035 4442 quomodo
2060 4377 2226 4448 justi-

661 4455 738 4508 tia
776 4455 829 4509 in
857 4455 1194 4529 septemplici
1228 4459 1608 4531 adimpleatur,
1631 4474 1687 4520 et
1719 4466 1854 4535 quid
1882 4467 1993 4522 sint
2022 4469 2089 4523 τὰ
2129 4473 2221 4525 ἐκ·
2252 4456 2297 4512 Ῑ)

655 4544 953 4618 δικούμενα
974 4589 989 4613 ,
1022 4556 1204 4603 utrum
1230 4559 1449 4621 peccata
1477 4560 1703 4624 septem,
1731 4570 1801 4612 an
1830 4573 1998 4613 unum
2028 4576 2223 4631 pecca-

658 4650 796 4705 tum,
830 4650 885 4725 et
918 4650 1123 4713 septem
1152 4659 1251 4714 pro
1279 4661 1388 4702 uno
1419 4650 1723 4720 supplicia?
1747 4650 1972 4723 Semper
2002 4655 2221 4725 quidem

663 4721 948 4803 Scriptura
986 4734 1359 4793 remissionem
1402 4748 1747 4809 peccatorum
1776 4758 2004 4800 numero
2044 4754 2220 4817 scpte-

656 4823 814 4878 nario
837 4824 1043 4881 deﬁnit.
1084 4826 1325 4894 Quoties,
1356 4831 1553 4901 inquit,
1577 4834 1809 4901 peccabit
1845 4836 1899 4889 in
1928 4852 2009 4891 me
2030 4837 2218 4905 frater,

655 4921 706 4966 et
738 4917 999 4971 remittam
1027 4918 1109 4973 illi
1140 4918 1354 4991 (Petrus
1375 4930 1459 4979 est
1480 4923 1572 4993 qui
1600 4924 1716 4980 haec
1744 4925 1973 4983 Domino
2005 4929 2219 4995 dicit)?

729 5070 750 5101 ⁸
788 5070 924 5125 Gen.
966 5087 1041 5137 ιν,
1083 5072 1171 5128 15.
1247 5074 1266 5104 ⁷
1306 5073 1328 5128 l
1363 5074 1503 5129 Tim.
1546 5092 1620 5144 IV,
1653 5078 1741 5134 i5.

729 5182 840 5269 (i9)
863 5185 1007 5267 [Ιερὶ
1042 5187 1148 5254 τὰς
1186 5188 1566 5261 Ἐκκλησιας.
1600 5191 1692 5250 Sic
1726 5209 1861 5252 mss.
1902 5203 2046 5251 octo.
2075 5194 2220 5253 Editi

658 5269 1201 5396 πεὲυἶηΐςίμοθέουυ
1232 5328 1362 5386 Post
1395 5331 1536 5387 hanc
1563 5309 1572 5318 ’
1597 5347 1785 5387 vocem
1832 5334 2038 5391 addunt
2091 5337 2223 5393 editi

661 5394 1022 5470 :ttOttInbﬂliOd
1055 5399 1249 5470 melius
1274 5403 1445 5458 multo
1473 5403 1664 5458 deesse
1693 5404 1868 5459 visum
1897 5414 1981 5460 est
2009 5408 2063 5460 in
2093 5408 2224 5463 duo-

660 5463 774 5541 ξψξ-
808 5463 1011 5538 Regiis,
1056 5463 1228 5541 Bigot.
1272 5471 1463 5538 altero,
1524 5472 1696 5528 Coisl.
1743 5475 1982 5531 secundo
2006 5484 2061 5533 et
2114 5494 2223 5534 uno

659 5533 991 5593 Colbertfno.

732 5600 842 5685 )
891 5607 1241 5685 Εόάρηρναν.
1277 5611 1440 5685 C_oisl.
1470 5614 1677 5683 primus
1694 5613 1977 5685 ὲϐάρυναν.

731 5674 848 5749 (23)
891 5674 1259 5749 Ἐπάνᾶγεις.
1304 5683 1382 5737 Ita
1432 5674 1543 5740 tr'es
1590 5674 1947 5742 vetustissimi
1980 5688 2217 5747 codices.

662 5741 802 5798 Editi
824 5741 1190 5817 ἐπανήγαγές.

2325 3267 2591 3338 ἥμαρτεν.
2626 3268 2699 3320 Ού
2733 3267 2841 3338 γάρ
2866 3268 2980 3320 ἐστι
3007 3267 3217 3321 δικαίου
3249 3267 3432 3340 κριτοῦ
3455 3269 3559 3331 [σας
3585 3264 3685 3337 πρὸς
3704 3264 3777 3325 επις

2324 3355 2524 3426 ὁρίζειν
2547 3356 2646 3420 τὰς
2678 3357 2973 3421 ἀντιδόσεις
3001 3358 3112 3429 (25)
3134 3375 3147 3388 ’
3172 3358 3294 3412 ἀλλ’
3317 3360 3515 3429 ἀνάγκη
3531 3399 3543 3423 ,
3565 3357 3782 3424 τὸνκατὰρ·

2327 3447 2491 3511 ξαντα
2520 3447 2691 3501 κακοῦ
2726 3448 2863 3520 μετὰ
2912 3450 3236 3521 προσθήκης
3287 3451 3524 3504 ἀποτίσαι
3564 3447 3619 3500 τὰ
3644 3446 3780 3515 όςεύιί-

2329 3556 2495 3611 μενα,
2549 3541 2597 3592 εί
2639 3538 2820 3611 μέλλοι
2857 3542 3016 3605 αὐτός
3066 3559 3127 3595 τε
3184 3542 3409 3612 βελτίων
3455 3544 3561 3604 ταῖς
3586 3541 3783 3611 τιμωρίαις

2326 3630 2686 3700 γενήσεσθαι,
2711 3631 2803 3683 καὶ
2834 3632 2960 3694 τοὺς
2991 3631 3214 3695 λοιποὺς
3247 3630 3664 3704 σωφρονεστέρως
3685 3628 3783 3695 ποιῇς

2328 3738 2440 3774 σειν
2470 3723 2582 3795 (26)
2623 3722 2701 3794 τῷ
2730 3722 3108 3794 ὑποδείγματι.
3145 3724 3358 3778 Οὐκοῦν
3378 3763 3394 3789 ,
3423 3723 3588 3793 ἐπειδὴ
3615 3722 3785 3774 τέτακται

2326 3812 2554 3875 ἑπτάκις
2597 3812 2991 3884 ἀποπληρῶσαι
3032 3814 3132 3885 τὴν
3164 3814 3325 3885 δίκην
3349 3814 3454 3867 τῶν
3492 3810 3785 3883 ήμαῃμένων

2324 3903 2416 3956 τὸν
2447 3905 2587 3958 Κάῐν
2611 3945 2625 3970 ,
2660 3905 2961 3975 παραλύσει
2980 3946 2995 3971 ,
3027 3906 3184 3978 φησι,
3215 3908 3380 3962 τοῦτο
3405 3907 3463 3960 τὸ
3491 3908 3580 3960 ὑπὸ
3601 3907 3675 3975 τῆς
3694 3904 3789 3964 0:51;

2327 3995 2559 4065 κρίσεως
2598 3996 2684 4049 ἐπ’
2714 3995 2863 4066 αὐτῷ
2890 3996 3209 4068 δεδογμένον
3232 4039 3247 4063 ,
3291 3999 3323 4050 ὁ
3365 3998 3647 4059 ἀποκτείνας
3672 3994 3786 4046 αὐτόν.

2327 4078 2495 4150 Οὗτός
2520 4087 2667 4140 ἐστιν
2690 4088 2719 4140 ό
2750 4085 2873 4150 νοῦς
2907 4089 2936 4140 ὁ
2972 4086 3226 4141 ἐντεῦθεν
3260 4089 3371 4143 ἀπὸ
3408 4088 3502 4160 τῆς
3531 4087 3702 4160 πρώτης
3717 4085 3794 4165 {rgi-

2326 4174 2579 4243 γνώσεως
2607 4177 2740 4247 ἡμῖν
2770 4175 3150 4249 προσπίπτων.

2393 4290 2448 4344 '5.
2491 4289 2705 4362 Ἐπειδὴ
2737 4290 2795 4344 δέ
2824 4291 3051 4363 ἐρευνᾷν
3081 4290 3299 4361 πέφυκε
3327 4292 3396 4346 τὰ
3436 4290 3563 4363 βάθη
3594 4287 3677 4343 τῶν
3703 4287 3796 4356 c110-

2329 4383 2647 4454 πονωτέρων
2687 4385 2720 4455 η
2754 4382 2996 4449 διάνοια,
3029 4384 3312 4457 ἐπιζητεῖ,
3359 4384 3420 4438 τὸ
3446 4384 3625 4437 δίκαιον
3660 4378 3794 4439 exigi?

2322 4473 2401 4545 τῷ
2436 4475 2662 4539 ἑπτάκις
2708 4462 3163 4546 ἀποπληροῦται,
3206 4479 3307 4533 καὶ
3341 4476 3395 4531 τί
3423 4476 3489 4530 τά
3521 4472 3793 4540 ἐκδικούμνα,

2323 4566 2548 4637 πότερον
2598 4566 2669 4621 τὰ
2712 4567 3101 4639 ἁμαρτηθέντα
3130 4570 3275 4624 ἐπτά
3304 4571 3454 4622 ἐστιν
3477 4608 3490 4632 ,
3517 4569 3547 4637 ῆ
3584 4566 3631 4618 ἐν
3664 4563 3732 4634 μὲν
3760 4560 3796 4610 τὸ

2325 4657 2623 4729 ἁμάρτημα
2648 4698 2662 4723 ,
2695 4658 2836 4712 ἑπτὰ
2881 4658 2939 4713 δέ
2991 4660 3085 4712 ἐπὶ
3134 4660 3215 4733 τῷ
3252 4661 3338 4713 ἐνὶ
3379 4660 3436 4712 αἱ
3467 4657 3701 4717 κολάσειςς
3730 4649 3799 4704 tisi

2326 4749 2421 4821 μὲν
2449 4744 2541 4803 οὖν
2578 4751 2610 4821 ἡ
2645 4748 2834 4821 Γραφὴ
2867 4750 2961 4804 τὸν
3005 4751 3105 4821 τῆς
3153 4752 3411 4821 ἀφέσεως
3438 4750 3539 4803 τῶν
3566 4741 3800 4818 ἁμαρτημάο

2326 4856 2435 4893 των
2466 4841 2696 4912 ἀριθμὸν
2724 4844 2780 4894 ἐν
2802 4844 2922 4905 τοῖς
2948 4842 3089 4897 ἐπτὰ
3115 4842 3445 4916 περιορίζει.
3475 4835 3802 4903 Hominem).

2328 4934 2522 5005 φησιν,
2556 4934 2884 5005 ἁμαρτήσει
2934 4938 3022 5003 εἰς
3071 4935 3177 5006 ἐμὲ
3226 4940 3263 4991 ό
3295 4935 3558 5004 ἀδελφός
3592 4949 3716 5001 μου.
3741 4924 3802 4978 καὶ

2397 5198 2533 5271 (25)-
2558 5197 3281 5271 ἙξειδέξασθιιιεΝοιιῐιιιιιί
3361 5200 3576 5257 codices
3615 5186 3806 5253 ἐπιδέξι’

2328 5267 2472 5324 σθαι.
2489 5267 2731 5335 Quidam
2759 5270 2852 5324 alii
2885 5270 3288 5337 ὑποδείξασθαι.

2398 5326 2546 5410 (24f
2558 5338 2924 5410 Ἆποροῦναι,
2944 5339 3021 5395 Ita
3041 5326 3190 5396 u'ari.
3214 5348 3271 5397 et
3301 5339 3479 5398 Coisl.
3502 5339 3696 5410 primus.
3713 5326 3805 5383 led.

2327 5408 2650 5464 ἀποδιδόναι.
2671 5408 2813 5464 Editi
2847 5409 3049 5465 δοῦναι.

2399 5479 2509 5550 (25)
2549 5478 2913 5546 Ἆντιδόσεις.
2948 5480 3024 5550 ita
3063 5478 3211 5535 Harl.
3251 5487 3312 5535 et
3340 5480 3514 5538 Coisl.
3541 5478 3809 5550 primuscm

2328 5549 2627 5622 Anglicano
2647 5556 2838 5622 et_uno
2865 5549 3162 5622 exABegiis.
3223 5618 3257 5622 Δ,
3497 5620 3507 5622 _
3544 5549 3553 5550 ί
3716 5613 3725 5622 ,

2403 5619 2514 5691 (26)
2574 5618 2873 5686 Ποιήσειν.
2930 5618 3082 5675 Multi
3141 5618 3365 5678 codices
3419 5620 3517 5678 sed
3562 5618 3812 5675 meum

2328 5692 2518 5829 magi).
2554 5758 2836 5827 Ποσὰκις.
2885 5759 3030 5817 Editi
3081 5761 3288 5817 addunt
3343 5761 3487 5833 γάρ,
3535 5772 3642 5831 φη
3678 5744 3812 5809 mh
