3810 6506
57 342 158 404 977

964 351 1460 412 EPISTULARUM
1492 355 1778 414 CLASSIS
1815 358 1876 413 Il.
1914 356 2131 414 EPIST.
2161 356 2428 415 CCLXIII.

3211 356 3314 411 978

57 457 328 531 προϐάτου
364 458 865 532 περιϐεϐλημένοι,
904 463 999 517 καὶ
1037 465 1137 536 τὴν
1167 467 1486 537 ἐπιφάνειαν
1514 469 1653 540 ἥμε-

1756 485 1820 524 ac
1871 470 2106 542 speciem
2160 469 2418 526 blandam
2466 483 2579 542 pra
2628 483 2687 526 se
2742 467 2925 526 ferunt
2981 484 3044 525 ac
3095 470 3313 542 lenem,

59 568 145 625 ρον
174 547 638 622 προϐαλλόμενοι
668 553 763 606 καὶ
788 556 1040 625 πραεῖαν,
1078 555 1289 611 ἔνδοθεν
1311 559 1368 613 δὲ
1403 565 1652 632 σπαράσ-
1693 557 1710 573 ’

59 660 233 707 σοντες
275 643 540 711 ἀφειδῶς
575 645 643 700 τά
673 645 766 700 τοῦ
798 647 1030 720 Χριστοῦ
1066 651 1312 723 ποίμνια,
1347 655 1442 708 καὶ
1471 655 1560 711 διά
1590 656 1652 710 τὸ

58 736 111 802 ἐξ
153 734 313 808 ἡμῶν
355 735 697 809 ὡρμῆσθαι,
746 740 982 806 εὐκόλως
1035 744 1395 819 ἐμϐάλλοντες
1447 747 1651 822 βλάϐην

56 831 158 892 τοῖς
182 827 607 902 ἁπλουστέροις
626 847 641 862 ’
688 824 834 886 οῦτοί
861 833 1000 887 είσιν
1037 837 1086 889 oi
1135 838 1363 908 χαλεποὶ
1391 841 1485 894 καὶ
1520 841 1650 894 δυσ-

57 919 333 990 φύλακτοι.
374 919 501 985 Οῦς
559 922 816 996 ἀξιοῦμεν
848 926 1000 997 παρὰ
1041 930 1143 1000 τῆς
1188 930 1457 1005 ὑμετέρας
1493 934 1653 1006 ἀκρι-

58 1013 197 1077 ϐείας
232 1012 380 1084 πρὸς
442 1013 640 1080 πάσας
678 1016 777 1083 τάς
811 1018 952 1092 κατά
984 1020 1083 1092 τὴν
1103 1020 1391 1095 Ἀνατολὴν
1423 1025 1653 1099 Ἐκκλη-

59 1103 169 1166 eia;
222 1102 683 1189 δημοσιευθῆναι
706 1121 720 1137 ·
778 1108 944 1183 ἴνα,ἢ
988 1111 1470 1186 ὁρθοποδὴσαντες,
1512 1132 1649 1189 γνηο

58 1196 177 1258 σίως
208 1188 314 1248 ὦσι
352 1198 464 1250 σὺν
504 1197 666 1269 ἡμῖν,
706 1199 740 1271 ἢ
776 1201 1025 1272 μένοντες
1050 1203 1142 1257 ἐπὶ
1168 1205 1268 1276 τῆς
1296 1188 1645 1280 διαστροφῆς,

58 1289 108 1341 ιν
133 1288 350 1352 ἑαυτοῖς
396 1288 603 1358 μόνοις
642 1291 741 1364 τὴν
774 1291 979 1365 βλάϐην
1028 1294 1210 1366 ἔχωσι,
1247 1297 1320 1369 μὴ
1362 1297 1649 1371 δυνάμενοι

58 1378 115 1430 ἐκ
140 1380 238 1450 τῆς
265 1378 611 1447 ἀφυλάκτου
641 1385 924 1449 κοινωνίας
947 1388 1047 1457 τῆς
1082 1386 1215 1454 ἰδίας
1246 1388 1401 1444 νόσου
1433 1393 1650 1463 μεταδι-

58 1467 192 1522 δόναι
236 1469 356 1538 (97)
407 1474 540 1536 τοῖς
590 1472 1001 1544 πλησιάζουσιν.
1061 1477 1296 1553 Ἀνάγκη
1340 1480 1396 1535 δὲ
1443 1482 1648 1539 τούτων

59 1559 308 1631 ὀνομαστὶ
341 1562 693 1635 μνησθῆναι,
741 1566 827 1619 ἵνα
869 1567 963 1620 καὶ
1000 1569 1153 1623 αὐτοὶ
1192 1572 1495 1644 γνωρίσητε
1520 1573 1646 1641 τοὺς

58 1651 287 1722 ταραχὰς
318 1656 461 1726 παρ’
498 1658 639 1729 ἡμῖν
671 1656 783 1730 (98)
814 1659 1337 1733 ὲργαζομένους,καὶ
1362 1663 1481 1730 ταῖς
1521 1664 1645 1720 Ἐκ-

63 1746 292 1818 κλησίαις
327 1749 501 1820 ἡμῶν
553 1751 784 1821 φανερὸν
830 1756 1208 1826 καταστήσατε
1244 1756 1376 1828 (99).
1447 1760 1507 1812 Ὀ
1546 1758 1644 1829 μὲν

62 1838 158 1910 γὰρ
186 1843 319 1913 παρ’
350 1840 532 1912 ἡμῶν
564 1842 722 1913 λόγος
757 1843 993 1911 ὕποπτός
1019 1848 1136 1901 ἐστι
1167 1850 1279 1912 τοῖς
1305 1849 1539 1914 πολλοῖς,
1569 1851 1644 1915 ὡς

64 1932 187 2001 τάχα
212 1930 305 1987 διά
334 1949 505 1997 τινας
558 1934 833 2001 ἰδιωτικάς
882 1938 1211 2006 φιλονεικίας
1253 1939 1351 2012 τὴν
1381 1942 1645 2013 μικροψυ-

65 2022 170 2092 χῖον
198 2022 341 2094 πρὸς
370 2024 590 2089 αὐτοὺς
627 2025 896 2096 ἑλομένων
916 2045 929 2059 ·
978 2030 1136 2099 ὑμεῖς
1175 2029 1251 2097 δὲ,
1278 2029 1399 2083 ὅσον
1431 2029 1644 2101 μακρὰν

65 2113 225 2168 αὐτῶν
266 2114 343 2187 (I)
390 2115 784 2188 ἀπῳκισμένοι
835 2121 1152 2190 τυγχάνετε,
1200 2120 1435 2191 τοσούτῳ
1486 2121 1645 2177 πλέον

63 2204 199 2276 παρά
225 2209 342 2271 τοῖς
382 2208 551 2273 λαοῖς
600 2210 662 2263 τὸ
706 2210 1017 2279 ἀξιόπιστον
1050 2212 1223 2283 ἔχετε,
1269 2212 1405 2287 πρὸς
1431 2213 1510 2285 τῷ
1548 2213 1644 2268 καὶ

65 2296 148 2368 τὴν
174 2298 326 2370 παρά
375 2300 478 2354 τοῦ
516 2300 654 2355 Θεοῦ
689 2302 763 2374 (2)
801 2303 960 2376 χάριν
1002 2304 1350 2374 συναίρεσθαι
1391 2306 1519 2376 ὑμῖν
1563 2307 1642 2370 είς

66 2389 149 2460 τὴν
178 2390 319 2463 ὑπὲρ
351 2393 470 2446 τῶν
506 2395 997 2467 καταπονουμένων
1040 2396 1378 2467 ἐπιμέλειαν.
1430 2398 1553 2450 Ἐάν
1584 2397 1641 2451 δὲ

66 2482 148 2533 καὶ
182 2482 510 2553 συμφώνως
541 2484 785 2550 πλείονες
811 2485 948 2557 ὁμοῦ
981 2486 1050 2540 τὰ
1087 2486 1226 2540 αῦτά
1257 2487 1639 2559 δογματίσητε,

68 2570 225 2641 δῆλον,
259 2573 345 2626 ὃτι
391 2574 459 2627 τὸ
509 2574 714 2642 πλῆθος
756 2576 864 2629 τῶν
906 2576 1347 2648 δογματισάντων
1394 2579 1643 2651 ἀναντίρ-

72 2664 213 2732 ρητον
259 2666 402 2719 πᾶσι
466 2666 575 2739 τὴν
620 2667 930 2741 παραδοχὴν
977 2670 1374 2724 κατασκευάσει
1424 2670 1515 2722 τοῦ

70 2767 279 2822 τματος.
968 2776 973 2781 ·
1170 2768 1181 2777 ο

128 2843 176 2898 3.
219 2846 379 2900 Ἐστι
411 2849 607 2905 τοίνυν
636 2844 718 2915 εἷς
753 2850 861 2904 τῶν
902 2851 1100 2923 πολλὴν
1135 2855 1267 2924 ἡμῖν
1300 2871 1638 2908 κατασκευα-

73 2931 252 2999 ζόντων
292 2939 372 3009 (3)
407 2940 599 3012 λύπην
644 2942 938 3007 Εὑστάθιος
985 2946 1013 2998 ὁ
1058 2946 1123 2998 ἐκ
1167 2945 1267 3015 τῆς
1315 2947 1640 3013 Σεϐαστείας

72 3022 155 3092 τῆς
183 3027 323 3082 κατά
356 3028 469 3108 τὴν
501 3029 707 3101 μικρὰν
747 3032 1067 3102 Ἀρμενίανο
1117 3034 1196 3100 ὃς,
1246 3035 1414 3089 πάλαι
1463 3036 1639 3108 μαθη-

76 3116 261 3211 τευθεὶς
309 3119 391 3190 τῷ
454 3120 674 3193 Ἀρείῳ,
726 3123 821 3176 καὶ
865 3124 955 3176 ὅτε
1005 3123 1080 3195 (4)
1131 3124 1376 3196 ἢκμαζεν
1418 3128 1510 3180 ἐπὶ
1541 3127 1707 3211 τῆςσ

87 3207 511 3284 Ἀλεξανδρείας,
563 3213 661 3277 τάς
701 3231 837 3287 πονη
848 3215 945 3286 ράς
976 3216 1119 3270 κατά
1163 3216 1256 3270 τοῦ
1305 3218 1640 3287 Μονογενοῦς

82 3301 323 3365 συντιθεὶς
372 3303 750 3377 βλασφημίας,
784 3306 1094 3361 ἀκολουθῶν
1137 3308 1349 3379 ἐκείνῳ,
1390 3310 1482 3363 καὶ
1531 3311 1641 3373 τοῖς

78 3396 452 3463 γνησιωτάτοις
525 3397 691 3452 αὐτοῦ
742 3398 851 3453 τῶν
920 3400 1175 3471 μαθητῶν
1239 3401 1638 3473 ὲναριθμούμε-

79 3498 152 3545 νος
174 3484 269 3555 (5),
301 3490 503 3561 ἐπειδὴ
540 3490 841 3562 ἐπανῆλθεν
871 3491 950 3556 είς
981 3491 1077 3563 τὴν
1115 3493 1330 3554 ἑαυτοῦ,
1356 3492 1433 3563 τῷ
1463 3510 1640 3563 μακα-

81 3575 305 3648 ριωτάτῳ
345 3580 646 3652 ὲπισκόπῳ
692 3580 766 3653 (6)
807 3582 1121 3653 Ἑρμογένει
1164 3583 1241 3655 τῷ
1281 3586 1636 3655 Καισαρείας,

79 3664 292 3733 κρίνοντι
336 3670 515 3725 αὐτὸν
558 3673 653 3725 ἐπὶ
683 3676 747 3745 τῇ
794 3673 1102 3745 κακοδοξίᾳ,
1142 3674 1429 3751 ὁμολογίαν
1470 3674 1638 3729 ἔδωκε

83 3753 291 3822 πίστεως
328 3760 544 3830 ὑγιοῦς.
591 3762 701 3817 Καὶ
733 3762 875 3816 οὕτω
902 3764 1000 3836 τὴν
1049 3764 1380 3835 χειροτονίαν
1425 3766 1515 3817 ὑπ’
1543 3764 1640 3818 αὺ-

80 3845 159 3899 τοῦ
193 3849 486 3924 δεξάμενος
525 3854 618 3924 (7),
676 3855 813 3926 μετά
838 3856 935 3928 τὴν
964 3856 1171 3910 ἐκείνου
1207 3857 1459 3929 κοίμησιν
1499 3856 1635 3929 πρὸς

84 3938 157 3991 τὸν
180 3942 267 3997 ἐπὶ
289 3946 392 4016 τῆς
423 3948 1048 4012 Κωνσταντινουπόλεως
1080 3950 1338 4004 Εὑσέϐιον
1381 3950 1632 4022 ἔδραμεν,

84 4030 267 4099 οὐδενὸς
317 4038 547 4093 ἔλαττον
586 4040 678 4092 καὶ
709 4039 869 4092 αὐτὸν
914 4039 974 4092 τὺ
1017 4039 1275 4105 δυσσεϐὲς
1317 4041 1491 4111 δόγμα
1541 4040 1637 4094 τοῦ

98 4121 278 4192 Ἀρείου
332 4129 726 4195 πρεσϐεύοντα.
776 4126 909 4183 Εἶτα
970 4130 1178 4184 ἐκεῖθεν
1233 4132 1319 4186 διὰ
1378 4133 1495 4196 οἵας
1545 4133 1637 4204 δή-

88 4227 197 4267 ποτε
228 4218 302 4288 (8)
345 4221 534 4286 αἰτίας
576 4221 884 4285 ἀπελαθεὶς,
926 4221 1093 4277 ἐλθὼν
1120 4226 1232 4286 τοῖς
1276 4224 1366 4276 ἐπὶ
1402 4224 1500 4294 τῆς
1534 4240 1638 4277 πα-

90 4303 239 4370 τρίδος
283 4309 667 4382 ἀπελογήσατο
715 4311 907 4365 πάλιν·
947 4311 1008 4365 τὸ
1061 4312 1158 4384 μὲν
1203 4312 1458 4376 δυσσεϐὲς
1518 4317 1635 4367 ἐπι-

91 4394 435 4465 κρυπτόμενος
486 4400 759 4471 φρόνημα,
814 4399 1074 4472 ῥημάτων
1115 4400 1171 4454 δέ
1204 4420 1323 4455 τινα
1366 4401 1629 4473 ὀρθότητα

1754 564 1901 618 intus
1955 578 2087 619 vero
2132 562 2405 619 dilaniant
2437 561 2732 618 crudeliter
2793 562 3000 619 Christi
3060 579 3308 635 gregem,

1751 660 1804 708 et
1836 663 2118 724 propterea
2159 651 2303 724 quod
2343 667 2410 708 ex
2460 651 2620 708 nobis
2675 652 2853 708 exorti
2907 659 3074 720 sunt,
3154 652 3313 709 facile

1750 743 2046 814 perniciem
2093 742 2337 798 inferunt
2371 741 2801 813 simplicioribus
2834 760 2848 810 ;
2914 743 2966 798 hi
3020 752 3184 810 sunt,
3218 745 3311 815 qui

1742 835 2055 890 molestiam
2120 834 2425 897 exhibent,
2460 840 2545 887 ‘ac
2621 847 2763 905 aegre
2835 834 2992 889 vitari
3060 844 3309 907 possunt.
3394 856 3405 867 -

1751 927 1861 984 Hos
1920 942 2178 1000 rogamus
2227 937 2286 983 ut
2313 937 2493 983 vestra
2548 926 2828 998 diligentia
2876 928 3130 984 omnibus
3189 927 3313 984 Ori-

1750 1020 1892 1075 entis
1940 1018 2200 1076 Ecclesiis
2250 1018 2556 1084 denuntiet,
2624 1027 2703 1083 ut,
2766 1026 2862 1073 aut
2930 1028 3134 1074 rectam
3171 1019 3311 1074 viam

1751 1107 1984 1180 ingressi
2054 1109 2267 1165 sincere
2332 1115 2625 1164 versentur
2693 1107 3004 1174 nobiscum,
3083 1117 3196 1174 aut,
3265 1109 3311 1164 si

1750 1199 1808 1253 in
1854 1214 1957 1254 sua
2008 1207 2366 1269 permaneant
2434 1199 2819 1270 perversitate,
2905 1199 3163 1254 damnum
3228 1201 3315 1256 in-

1750 1299 1834 1345 tra
1890 1308 1949 1348 se
1983 1294 2133 1349 solos
2187 1295 2527 1359 contineant,
2588 1309 2688 1348 nec
2722 1292 2933 1364 possint
2978 1309 3042 1349 ex
3097 1294 3314 1351 incauta

1750 1382 2135 1439 communione
2182 1384 2429 1439 morbum
2464 1399 2623 1439 suum
2672 1399 2798 1439 cum
2849 1384 3116 1455 proximis
3165 1401 3315 1444 com-

1748 1473 2055 1531 municare.
2108 1473 2346 1531 Necesse
2396 1486 2480 1531 est
2513 1484 2693 1531 autem
2741 1475 2936 1532 borum
2993 1478 3313 1532 nominatim

1749 1566 2063 1622 meminisse
2092 1606 2108 1633 ,
2163 1573 2224 1621 ut
2258 1574 2312 1622 et
2352 1566 2456 1638 ipsi
2510 1568 2858 1639 cognoscatis
2913 1584 3009 1626 eos
3059 1570 3151 1640 qui
3198 1579 3315 1624 tur-

1749 1653 1847 1709 bas
1904 1656 2047 1726 apud
2081 1671 2181 1711 nos
2227 1663 2491 1722 movent,
2542 1672 2745 1729 eosque
2796 1659 3008 1715 nostris
3052 1659 3313 1716 Ecclesiis

1749 1746 2071 1803 manifestos
2123 1746 2304 1803 facite.
2353 1747 2487 1802 Nam
2551 1764 2732 1806 sermo
2782 1758 2972 1807 noster
3027 1761 3313 1824 suspectus

1745 1846 1829 1894 est
1884 1839 2173 1909 pluribus,
2221 1841 2379 1910 quasi
2440 1840 2581 1896 forte
2635 1842 2706 1896 ob
2752 1843 2994 1912 privatas
3047 1845 3310 1915 quasdam

1746 1931 2046 1987 simultates
2078 1932 2203 1986 exili
2260 1939 2316 1988 et
2360 1932 2549 2004 jejuno
2607 1935 2664 1989 in
2732 1934 2857 1990 illos
2894 1936 3076 1991 animo
3114 1938 3307 1994 simus.

1745 2020 1855 2078 Vos
1904 2036 2033 2075 vero
2084 2030 2290 2092 quanto
2341 2024 2412 2077 ob
2473 2023 2583 2078 illis
2641 2024 2857 2094 longius
2895 2024 3112 2096 dcgitis,
3159 2033 3313 2081 tanto

1744 2112 2004 2182 majorem
2036 2113 2178 2184 apud
2211 2113 2440 2184 populos
2469 2114 2680 2170 habetis
2719 2115 3100 2171 auctoritatem
3130 2158 3146 2185 ,
3175 2134 3312 2190 prae-

1746 2212 1990 2273 terquam
2041 2202 2186 2273 quod
2241 2203 2331 2258 Dei
2377 2204 2538 2259 etiam
2591 2205 2759 2275 gratia
2808 2220 2903 2261 vos
2961 2205 3181 2276 adjuvat
3242 2208 3309 2264 ad

1744 2293 2171 2350 sucCurrendum
2230 2296 2298 2350 iis
2353 2296 2445 2366 qui
2508 2305 2794 2353 vexantur.
2835 2296 2990 2365 Quod
3047 2300 3092 2355 si
3144 2300 3308 2356 etiam

1743 2388 2001 2442 concordi
2036 2389 2220 2444 animo
2256 2389 2442 2459 plures
2497 2389 2659 2443 simul
2706 2391 2893 2446 eadem
2957 2391 3263 2449 decernetis
3290 2433 3307 2458 ,

1741 2481 2084 2550 perSpicuum
2100 2480 2590 2537 estmultitudinem
2619 2480 3023 2537 decernentium
3056 2484 3310 2541 omnibus

1742 2588 2141 2644 persuasuram,
2178 2580 2237 2634 ut,
2266 2572 2546 2629 decretum
2570 2572 2707 2627 citra
2734 2576 3162 2632 controversiam
3186 2592 3308 2634 sus-

1740 2665 1964 2734 cipiant.

1807 2849 1859 2903 5.
1913 2848 2008 2903 Est
2045 2851 2225 2919 itaque
2280 2866 2422 2906 unus
2460 2864 2524 2905 ex
2565 2850 2633 2906 iis
2659 2889 2675 2915 ,
2726 2850 2820 2922 qui
2860 2851 3020 2908 nobis
3077 2853 3305 2908 multum

1740 2941 1990 2996 exhibent
2077 2943 2383 3005 molestiae,
2440 2940 2759 2999 Eustathius
2823 2958 2890 2998 ex
2956 2942 3200 2999 Sebastia
3250 2945 3304 2999 in

1740 3034 1949 3088 minore
1981 3033 2229 3089 Armenia
2266 3072 2281 3096 ,
2315 3034 2407 3105 qui
2455 3034 2585 3089 olim
2637 3034 2865 3091 edoctus
2908 3036 2977 3090 ab
3036 3034 3165 3090 Ario
3193 3076 3208 3099 .
3253 3043 3307 3091 et

1739 3139 1862 3178 cum
1913 3125 1959 3181 is
1991 3125 2205 3179 ﬂoreret
2230 3123 2573 3179 Alexandriae
2630 3139 2827 3195 pravas
2871 3126 2923 3179 in
2956 3123 3304 3196 [inigenitum

1742 3226 2065 3271 construens
2118 3214 2516 3284 blasphemias,
2577 3230 2700 3271 eum
2730 3224 2987 3277 secutus,
3018 3215 3180 3287 506
3222 3222 3306 3269 at-

1740 3319 1845 3375 que
1892 3306 2033 3359 inter
2078 3298 2529 3373 germanissimos
2581 3302 2730 3360 illius
2767 3302 3068 3374 discipulos
3099 3319 3307 3358 nume-

1740 3404 1894 3449 ratus
1919 3434 1933 3458 ,
2004 3402 2356 3465 posteaquam
2399 3393 2562 3449 rediit
2593 3395 2648 3449 in
2681 3394 2914 3463 patriam
2938 3434 2952 3458 ,
2987 3395 3308 3449 beatissimo

1737 3485 1997 3542 Ca'sareze
2027 3487 2285 3557 episcopo
2324 3484 2671 3556 Hermogeni,
2729 3487 2907 3556 ipsum
2962 3485 3036 3539 ob
3085 3500 3307 3556 pravam

1737 3581 2041 3651 doctrinam
2103 3578 2532 3643 condemnanti,
2598 3576 2998 3634 confessionem
3039 3592 3186 3633 sana:
3237 3578 3303 3633 li-

1738 3673 1823 3727 dei
1876 3672 2093 3726 obtulit.
2136 3672 2315 3742 Atque
2364 3671 2441 3725 ita
2486 3668 2556 3725 ab
2612 3669 2733 3740 ipso
2798 3668 3077 3725 ordinatus
3111 3709 3126 3734 ,
3181 3680 3302 3742 post

1738 3764 1883 3820 illius
1911 3763 2293 3819 dormitioneni
2346 3762 2533 3819 statim
2570 3762 2639 3817 ad
2691 3761 2987 3818 Eusebium
3031 3762 3304 3819 Constan-

1739 3855 2152 3925 tinopolitanum
2201 3855 2487 3921 accurrit,
2525 3854 2618 3923 qui
2651 3861 2705 3909 et
2754 3853 2872 3924 ipse
2921 3853 3124 3908 nemini
3166 3868 3303 3908 con-

1737 3948 1964 4004 cedebat
2021 3949 2074 4003 in
2126 3949 2292 4017 impio
2342 3946 2459 4003 Arii
2517 3946 2769 4018 dogmate
2820 3946 3043 4001 tuendo.
3099 3944 3302 4002 Deinde

1738 4045 1865 4099 hinc
1911 4044 1982 4098 ob
2032 4042 2242 4113 aliquas
2301 4056 2542 4107 causas,
2590 4054 2931 4112 quaecunque
2986 4040 3091 4095 illa:
3156 4041 3299 4106 sint,

1736 4137 2017 4207 expulsus,
2057 4150 2181 4190 cum
2242 4134 2309 4188 ad
2373 4149 2503 4189 suos
2561 4134 2855 4204 populares
2886 4132 3127 4187 venisset
3155 4170 3168 4194 ,
3202 4133 3303 4186 ite-

1737 4243 1857 4282 rum
1907 4242 2028 4284 sese
2084 4226 2375 4297 purgavit,
2434 4226 2656 4297 impiam
2734 4224 2955 4295 quidem
3017 4225 3302 4281 occultans

1737 4319 2091 4384 sententiam;
2121 4320 2176 4373 in
2215 4318 2398 4375 verbis
2431 4327 2611 4373 autem
2645 4318 2781 4374 recti
2830 4316 3038 4388 aliquid
3065 4325 3121 4372 et
3147 4331 3302 4371 accu-

1734 4411 1838 4468 rati
1868 4426 1982 4482 pra:
2023 4427 2083 4468 se
2134 4410 2336 4468 ferens.
2396 4409 2781 4481 Episcopatum
2838 4408 2979 4464 forte
3031 4408 3299 4479 adeptus,

94 4483 504 4560 προϐαλλόμενος
533 4492 627 4563 (9).
666 4492 775 4547 Kal.
820 4494 997 4565 τυχὼν
1039 4494 1137 4565 τῆς
1186 4495 1510 4566 ἐπισκοπῆς,
1559 4497 1633 4561 ὡς

1751 4503 1885 4557 dlico
1937 4501 2273 4572 comperitur
2345 4499 2860 4556 anathematismum
2933 4498 3300 4552 consubstan-

94 4634 690 4761 δῡῑἓξὲξ.Ιίιεταδιδόντιι.
737 4645 902 4703 Coisl.
946 4648 1153 4719 primus
1194 4658 1247 4704 et
1281 4649 1417 4706 Med.
1469 4668 1637 4722 μετα-

152 4773 251 4855 (9ξ)
288 4783 431 4855 ῌᾳρ⁵
465 4785 628 4855 ἡμῖν.
661 4784 802 4843 Editi
855 4788 1060 4844 addunt
1103 4790 1192 4844 καὶ
1240 4791 1308 4846 τά
1340 4793 1630 4851 σκάνδαλα.

97 4837 955 4912 Quodadditamentumwdeestin—

270 4923 538 5003 φανερργ
562 4926 995 5003 καταστήσατε.
1015 4914 1255 5003 Videtur
1264 4932 1434 5000 prima
1456 4935 1636 5003 specie

98 4993 374 5074 ﬁguratior
411 4994 693 5074 editorum
744 4997 919 5074 lectio.
935 5001 1196 5074 φανεροὺς
1236 4993 1629 5074 καταστήσητε.

199 5061 368 5141 tamen
391 5064 671 5120 discedere
686 5082 793 5122 non
812 5061 1031 5141 libet'ab
1051 5061 1372 5125 auctoritate
1398 5061 1521 5126 oc'to
1536 5061 1634 5129 ’νε-

100 5124 248 5213 fill}!
272 5131 572 5213 _l_ibrorum,
605 5150 729 5213 cum
760 5139 1060 5207 praesertim
1106 5124 1299 5213 eorum
1341 5124 1631 5213 scriptura,

100 5202 323 5275 titiamjn
346 5211 509 5275 textu
542 5202 842 5275 posuimus,
893 5209 1177 5264 commodo
1209 5226 1372 5266 sensu
1416 5202 1520 5268 non
1550 5202 1635 5268 ea;

234 5264 452 5353 hegitur
479 5264 643 5353 etiam
671 5264 899 5349 φανερόν
930 5280 991 5353 in
1023 5264 1260 5353 editione
1290 5264 1632 5353 Hagen—ilbi“-

102 5326 201 5422 33:9
234 5326 519 5422 ttﬁe‘atcaéus
536 5326 1263 5422 ’ἐόξίρίὶῦιῖιῖιι-ῖῖιιζιῖὲᾷἰίἓ
1290 5326 1634 5422 ῖὲῖιέὀῐῆσὶᾶἱς

104 5396 753 5491 Ἦνηεεάξῆάέξέριὶῶῐ
764 5396 1284 5489 ἶιῖιέὲὶῖιὲἱιτῖἆῗὶιῖὲι.
1305 5396 1631 5491 ἔᾶἱῌῖἓέἱῦἱιῖ

109 5480 333 5560 ﬁgantur
358 5480 752 5560 Decidentales.
780 5496 840 5543 ut
866 5480 1132 5560 Ejusmodi
1167 5480 1410 5547 homines
1442 5492 1632 5550 Orien-

106 5542 162 5592 lis
188 5542 426 5610 Eeclesiis
463 5542 803 5613 denuntient;

257 5620 503 5703 57:125de
526 5612 1204 5703 adtrib-,‘Coisluprimus
1247 5639 1301 5687 et
1335 5631 1471 5688 Med.
1526 5650 1631 5703 μα·

112 5680 435 5774 ς-εξξνλᾳρτοῐς,
466 5697 666 5752 Ibidem
688 5680 825 5774 acini
843 5680 1132 5774 altera:
1142 5680 1306 5757 ana:
1335 5680 1632 5774 "prihu‘QEt

58 5798 63 5803 .
110 5753 200 5806 tres
223 5758 304 5813 alii
340 5753 468 5823 utin
496 5774 667 5824 textu.
703 5769 824 5826 Mox
849 5772 1065 5827 codices
1102 5753 1627 5843 ηδιὶιίὶίὶιίτᾶέρξξίτόζ

1806 4654 1882 4721 (2)
1915 4652 2075 4719 Παρὰ
2097 4652 2202 4706 τοῦ
2234 4652 2399 4707 Θεοῦ.
2435 4650 2594 4706 Deest
2618 4650 2930 4721 praepositio
2952 4647 3199 4721 i_n_Coisl.
3243 4650 3295 4704 I.

1807 4719 1880 4794 (5)
1903 4721 2491 4794 Κατασκευαζόντων.
2522 4723 2594 4775 Ita
2617 4719 2757 4777 mssl
2781 4728 2926 4775 octo.
2952 4719 3095 4774 Editi
3123 4736 3298 4790 παραδ

1734 4793 2123 4857 σκευαζόντων.

1806 4863 1880 4932 (4)
1908 4862 2018 4917 Καὶ
2042 4862 2159 4916 ὅτε.
2194 4859 2518 4932 Conjunctio
2545 4859 2729 4916 addita
2756 4875 2821 4916 ex
2850 4874 2955 4932 sex
2970 4874 3105 4932 mss.

1916 4929 2459 5004 Ἑναριθμούμὲνος.
2479 4929 2556 4985 Ita
2580 4937 2861 5004 octogmss.
2886 4929 3094 5004 Ediliév
3115 4931 3291 4991 τοῖς...

1734 4998 2159 5073 ἀριθμούμενος,
2182 4998 2406 5083 excepta
2448 5008 2629 5056 tamen
2658 5000 2898 5056 editione
2935 4998 3141 5071 Hagan.
3175 5014 3295 5071 qua:

1734 5089 1857 5129 cum
1897 5084 2030 5127 mss‘.
2060 5081 2349 5128 εοηεθιιιιι.

1774 5148 1787 5159 ’
1806 5142 1880 5209 (6)
1932 5142 2288 5209 Ἐπισκόπῳ.
2316 5141 2475 5198 Deest
2503 5156 2565 5197 ea
2591 5157 2695 5197 vox
2722 5141 2777 5196 in
2805 5139 2991 5197 codice
3016 5138 3288 5195 Medicam.

1803 5208 1881 5283 ('7)
1914 5208 2259 5281 Δεξάμενος,
2296 5211 2392 5267 llic
2420 5212 2549 5268 editi
2571 5212 2775 5283 addunt
2803 5211 3115 5283 comem,
3148 5209 3292 5283 quod

1734 5281 1928 5338 melius
1981 5284 2188 5336 alsesta
2240 5282 2518 5337 codicibus
2573 5281 2721 5335 llarl.
2768 5290 2824 5336 et
2878 5281 3045 5337 Coisl.
3093 5282 3290 5351 primo.

1733 5353 1903 5408 Paulo
1939 5361 2063 5423 post
2092 5352 2376 5423 Medicmus
2416 5351 2585 5423 codex
2598 5354 2671 5423 sv
2708 5350 3287 5423 Κωνσταντινουπόλει.

2044 5423 2174 5506 οἵας
2211 5422 2449 5506 δήετε-ξε.
2472 5422 2567 5506 _|ta
2596 5420 2736 5506 Med:
2773 5422 3024 5506 (χερί-ει.
3060 5422 3289 5506 primus:

1734 5492 1876 5549 Editi
1904 5494 1969 5549 δι’
1994 5494 2063 5556 ἃς
2107 5493 2324 5563 δήποτε.
2356 5493 2523 5548 Paulo
2563 5499 2687 5563 post
2720 5494 2772 5547 in
2815 5492 2982 5547 Coisl.
3029 5493 3205 5563 primo
3238 5499 3293 5547 ct

1734 5566 1857 5619 aliis
1899 5561 2173 5619 nonnullis
2223 5565 2417 5634 legitur
2447 5561 2839 5635 ἀπελογήσατο,
2860 5562 3039 5635 ⁸’πάλιν
3078 5561 3158 5626 τό,
3185 5574 3289 5635 etc.

1807 5635 1880 5707 (9)
1913 5631 2427 5707 Προϐαλλόμένος,
2447 5633 2524 5688 lla
2554 5631 2687 5707 mss;
2717 5649 2830 5688 sex.
2859 5633 2997 5707 Editi
3022 5631 3293 5707 προσϐαλι-

1733 5703 1973 5786 tegam.
2001 5703 2167 5786 Pattio
2192 5715 2311 5776 post
2347 5705 2472 5759 editi
2502 5704 2744 5774 φαίνεται
2768 5705 2993 5778 γράψαι.
3023 5703 3127 5760 sex
3158 5718 3293 5760 mss.

1737 5784 1793 5830 III.
1821 5784 1875 5831 III
1908 5784 2072 5832 ιοιῑιι.
