3810 6500
54 311 137 369 981
566 276 571 279 ι
907 299 1396 356 EPISTULARUM
1429 300 1714 358 CLASSIS
1750 302 1816 358 ll.
1854 302 2069 360 EPIST.
2110 302 2379 360 CCLXIV.

3161 306 3264 364 983

113 422 159 477 5.
204 415 264 473 '0
302 415 491 489 μέντοι
522 415 806 480 Παυλῖνος,
844 416 895 469 εί
935 416 1035 486 μέν
1077 433 1131 469 τι
1174 416 1272 470 καὶ
1323 416 1453 488 περὶ
1498 417 1599 487 τὴν

1770 420 1825 474 5.
1874 419 2140 475 Paulinus
2172 426 2354 475 autem
2401 425 2585 474 utrum
2630 419 2835 490 aliquid
2874 428 2931 474 et
2978 420 3123 477 circa
3166 437 3265 475 or-

57 508 357 586 χειροτονίαν
378 506 720 578 ἐπιλήψιμον
744 506 876 576 ἔχει,
899 508 1055 562 αὐτοὶ
1087 508 1153 562 ἂν
1181 507 1387 562 εἴποιτε
1407 526 1420 539 ο
1453 510 1600 580 ἡμᾶς

55 607 100 659 δὲ
123 603 285 663 λυπεῖ,
330 602 448 662 τοῖς
500 597 821 669 Μαρκέλλου
874 599 1303 670 προσπεπονθὼς
1356 600 1468 671 (15)
1511 600 1599 655 δό-

56 711 222 767 γμασι,
255 691 349 745 καὶ
380 691 515 755 τοὺς
537 689 960 753 ἀκολουθοῦντας
991 690 1141 761 αὐτῷ
1163 691 1490 763 ἀδιακρίτως
1519 692 1601 756 είς

55 787 136 855 τὴν
154 780 428 838 κοινωνίαν
456 779 655 833 ἑαυτοῦ
687 780 1061 852 προσιέμενος.
1110 782 1299 835 Οἴδατε
1345 781 1422 847 δὲ,
1450 782 1602 874 ἀδελ-

56 878 129 947 φοὶ
150 872 486 945 τιμιώτατοι,
514 873 600 926 ὃτι
627 871 808 937 πάσης
845 871 1002 943 ⁴ἡμῶν
1026 874 1126 944 τῆς
1152 873 1365 938 ἐλπίδος
1401 871 1600 946 ἀθέτη-

57 987 126 1022 σιν
147 967 248 1037 ἔχει
278 964 338 1018 τὸ
364 963 701 1036 Μαρκέλλου
723 964 919 1034 δόγμα,
941 962 1063 1017 οὕτε
1096 965 1222 1018 Υἱὸν
1255 966 1313 1018 ἐν
1341 965 1445 1038 ἰδίᾳ
1471 967 1603 1020 ὑπο-

58 1060 216 1113 στάσει
258 1055 587 1126 ὁμολογοῦν,
647 1055 784 1109 ἀλλὰ
829 1056 1245 1128 προενεχθέντα,
1294 1058 1389 1111 καὶ
1439 1058 1600 1111 πάλιν

60 1147 439 1220 ὑποστρέψαντα
476 1148 562 1212 είς
602 1147 694 1203 τὸν
725 1147 847 1201 ὅθεν
880 1148 1171 1219 προῆλθεν,
1207 1148 1329 1202 οὔτε
1357 1150 1448 1202 τὸν
1489 1151 1602 1202 Πα-

60 1241 288 1313 ράκλητον
330 1238 485 1302 ίδίως
533 1239 897 1311 ὑφεστηκέναι
932 1240 1247 1312 συγχωροῦν
1269 1257 1283 1271 ’
1314 1240 1453 1294 ὥστε
1500 1241 1600 1295 οὐκ

60 1336 110 1390 ἄν
137 1350 210 1396 τις
250 1331 495 1404 ἁμάρτοι
533 1330 959 1403 Χριστιανισμοῦ
991 1333 1089 1402 μὲν
1118 1331 1398 1396 παντελῶς
1443 1333 1599 1386 ἁλλο-

57 1424 182 1495 τρίαν
209 1420 532 1491 ἀποφαίνων
574 1422 674 1493 τὴν
701 1421 932 1493 αἵρεσιν,
982 1422 1313 1494 Ἰουδαῖσμὸν
1356 1423 1416 1478 δὲ
1456 1441 1598 1495 παρ-

60 1515 358 1587 εφθαρμένον
402 1512 582 1585 αὐτὴν
627 1513 1066 1588 προσαγορεύων.
1109 1514 1325 1569 Τούτων
1350 1516 1447 1586 τὴν
1489 1518 1601 1568 ἑπι-

62 1606 243 1676 μίλειαν
271 1603 536 1673 γενέσθαι
588 1604 717 1674 παρ’
762 1604 916 1675 ὑμῶν
948 1604 1336 1675 ἐπιζητοῦμεν.
1384 1600 1598 1660 Γένοιιεο

61 1696 92 1749 δ’
118 1695 192 1759 ἂν,
217 1696 263 1749 εί
303 1694 616 1750 ἐπιστεῖλαι
645 1694 1017 1765 καταξιώσητε
1065 1697 1265 1761 πάσαις
1296 1700 1416 1762 ταῖς
1455 1698 1597 1753 κατὰ

60 1785 134 1855 τὴν
162 1784 443 1856 ’Δνατολὴν
490 1784 858 1856 Ἐκκλησίαις,
885 1787 1009 1852 τοὺς
1043 1786 1215 1843 ταῦτα
1246 1789 1596 1861 παραχαράσ-
1627 1765 1670 1820 Β

62 1895 234 1943 σοντας,
273 1879 322 1931 εί
374 1879 478 1949 μὲν
512 1879 830 1951 διορθοίντο,
868 1877 1005 1934 εἶναι
1036 1882 1380 1946 κοινωνικούς
1402 1900 1414 1912 ο
1466 1885 1514 1937 εί
1540 1883 1596 1938 δὲ

64 1970 296 2039 ἐπιμένειν
344 1970 671 2039 φιλονείκως
722 1971 994 2042 βούλοιντο
1035 1974 1157 2036 ταῖς
1204 1975 1592 2045 καινοτομίαις,

62 2060 345 2131 χωρίζεσθαι
375 2063 476 2118 ἀπ’
515 2063 718 2118 αὐτῶν.
747 2064 858 2117 Καὶ
893 2065 976 2118 ὅτι
1023 2063 1121 2134 μὲν
1161 2063 1270 2117 ἔδει
1297 2067 1448 2136 ἡμᾶς
1472 2083 1596 2121 συν·-

63 2153 335 2224 εὸρεύοντας
367 2155 513 2226 μετὰ
539 2156 643 2227 τῆς
688 2156 959 2228 ὑμετέρας
991 2157 1307 2229 φρονήσεως
1347 2159 1406 2212 ἐν
1443 2162 1595 2232 κοινῇ

64 2246 299 2315 σιέψειτὰ
326 2248 687 2319 περὶτούτων
710 2248 1004 2313 διαλαϐεῖν,
1039 2250 1160 2304 οὐδὲ
1192 2250 1344 2305 αὐτοὶ
1372 2252 1593 2321 ἀγνοοῦ-

68 2355 172 2407 μεν·
219 2340 329 2393 ἀλλ’
379 2341 575 2411 ἐπειδὴ
619 2344 649 2394 ὁ
693 2341 883 2411 καιρὸς
929 2342 1030 2395 οὐκ
1078 2342 1352 2406 ἐνδίδωσι,
1401 2343 1495 2397 καὶ
1537 2344 1597 2397 τὸ

63 2428 416 2483 ἀναϐάλλεσθαι
465 2429 749 2501 βλαϐερὸν,
791 2430 891 2501 τῆς
918 2431 1011 2483 ἀπ’
1050 2432 1227 2485 αὐτῶν
1256 2432 1368 2502 (16)
1395 2432 1596 2504 βλάϐης

66 2517 422 2589 ἐρριζωμένης,
471 2519 790 2588 ἀναγκαίως
837 2520 1234 2592 ἀπεστείλαμεν
1279 2523 1405 2585 τοὺς
1445 2522 1595 2575 ἀδελ-

66 2608 202 2676 φούς*
233 2610 316 2664 ἵνα
354 2611 456 2664 ὅσα
496 2612 594 2665 καὶ
630 2613 727 2682 τὴν
757 2598 941 2665 ὲκ’τοῦ
976 2612 1303 2684 γράμματος
1343 2614 1596 2669 διδασκα-

67 2699 161 2752 λίαν
193 2701 482 2772 παρέλαθε,
513 2702 686 2757 ταῦτα
732 2704 861 2774 παρ’
911 2702 1118 2756 ἑαυτῶν
1166 2703 1593 2770 ἀναδιδάξαντες,

68 2793 317 2862 κινήσωσιν
355 2786 533 2865 ὑμῶν’
554 2794 652 2869 τὴν
682 2795 970 2850 εὐλάϐειαν
1017 2797 1097 2860 είς
1127 2797 1188 2851 τὸ
1222 2799 1595 2870 παρασχέσθαι

68 2878 143 2948 τὴν
178 2884 603 2958 ἐπιζητουμένην
640 2885 890 2959 βοήθειαν
916 2891 1035 2952 ταῖς
1073 2887 1167 2943 τοῦ
1200 2889 1335 2943 θεοῦ
1376 2890 1598 2962 Ἐκκλη-

70 2978 201 3037 aiam.

554 3088 899 3144 ΕΠΙΣΤΟΔΗ
936 3089 1088 3146 sar.
1132 3078 1141 3085 ’

1700 510 2039 566 dinationem
2069 510 2486 582 reprehensioni
2527 511 2824 567 obnoxium
2872 510 3073 567 habeat
3099 553 3116 579 ,
3158 513 3265 584 ipsi

1702 603 1974 659 dixeritis.
2016 601 2127 658 Nos
2158 617 2291 658 sane
2332 590 2571 659 mmrore
2611 603 2816 670 allicit,
2852 605 2995 675 quod
3026 605 3081 660 in
3125 605 3265 662 Mar-

1698 694 1823 750 celli
1861 694 2113 765 dogmata
2162 693 2496 764 propendet,
2531 709 2597 748 ac
2641 694 2788 749 illius
2816 703 3115 751 sectatores
3145 697 3264 752 sine

1699 785 2020 842 discrimine
2051 785 2118 841 ad
2153 800 2309 842 suam
2349 786 2785 841 communionem
2825 786 3084 842 admittit.
3144 785 3265 841 Sci-

1698 878 1773 933 tis
1821 876 1965 933 enim
1993 916 2007 940 ,
2032 875 2235 932 fratres
2273 876 2512 932 maxime
2545 876 2783 942 colendi,
2829 892 2980 947 spem
3012 886 3263 933 nostram

1700 985 1917 1025 omnem
1990 967 2162 1023 everti
2242 967 2483 1023 Marcelli
2528 968 2779 1041 dogmate
2808 1008 2824 1033 ,
2880 969 3025 1040 quod
3088 986 3264 1042 neque

1699 1058 1898 1114 Filium
1934 1059 1988 1113 in
2037 1059 2261 1130 propria
2305 1059 2587 1131 hypostasi
2632 1059 2963 1126 conﬁtetur,
3009 1060 3103 1115 sed
3135 1074 3265 1129 pro-

1701 1153 1871 1207 latum
1931 1167 2054 1208 esse
2089 1184 2119 1218 ,η
2178 1161 2232 1206 et
2288 1166 2484 1207 rursus
2532 1165 2815 1206 reversum
2844 1150 2912 1205 ad
2942 1165 3068 1205 eum
3101 1190 3149 1215 ,.
3196 1166 3263 1206 ex

1700 1260 1811 1316 quo
1857 1250 2248 1314 processerat,
2302 1256 2479 1311 neque
2540 1239 2880 1309 Paracletum
2928 1238 3261 1310 hypostasim

1698 1335 1975 1408 propriam
2030 1333 2231 1388 habere
2280 1330 2533 1386 concedit
2580 1346 2594 1383 :
2648 1344 2818 1401 quare
2866 1345 2976 1384 non
3045 1329 3267 1386 aberra-

1697 1429 1858 1491 verit,
1900 1426 2063 1497 quia
2122 1422 2546 1480 Christianismo
2601 1422 2819 1493 penitus
2873 1422 3107 1476 alienam
3156 1420 3265 1474 lia:-

1698 1518 1864 1575 resim
1909 1516 2273 1589 pronuntiet,
2337 1529 2401 1570 ac
2449 1512 2791 1571 Judaismum
2821 1519 3139 1582 correptum
3193 1511 3265 1567 ιι-

1698 1610 1804 1664 lam
1859 1609 2111 1681 appellet.
2179 1606 2221 1660 A
2259 1606 2412 1662 vobis
2474 1614 2534 1660 ut
2594 1605 2788 1662 horum
2842 1619 3030 1662 curam
3087 1605 3267 1660 susci-

1696 1701 1858 1771 piatis
1883 1698 2265 1769 eftlagitamus.
2313 1695 2641 1765 Suscipietis
2685 1702 2889 1758 autem,
2932 1696 2979 1749 si
3005 1693 3265 1749 omnibus

1701 1785 1939 1843 Orientis
1992 1784 2254 1841 Ecclesiis
2304 1784 2548 1841 scribere
2618 1799 2726 1838 non
2784 1783 3122 1855 gravemini,
3169 1798 3266 1838 eos

1700 1878 1794 1950 qui
1830 1878 1946 1933 haec
1980 1878 2282 1948 depravant
2313 1916 2328 1940 ,
2376 1876 2421 1931 si
2458 1874 2797 1946 corrigantur
2833 1914 2848 1934 .
2901 1874 3267 1930 admittendos

1701 1972 1769 2027 ad
1800 1968 2288 2033 communionem;
2352 1969 2437 2023 sin
2487 1978 2664 2023 autem
2704 1966 3058 2038 pertinaciter
3108 1967 3266 2021 novi-

1701 2062 1903 2119 tatibus
1935 2061 2308 2121 adhaerescete
2356 2060 2669 2125 voluerint,
2734 2058 2804 2112 ab
2858 2057 3119 2113 Ecelesiis
3167 2058 3267 2113 ab-

1702 2150 2049 2208 scindendos.
2117 2150 2297 2220 Atque
2358 2148 2412 2203 id
2467 2150 2685 2220 quidem
2744 2148 2953 2202 factum
3014 2162 3045 2201 a
3106 2149 3266 2204 nobis

1701 2241 2009 2314 oportuisse
2035 2281 2050 2305 ,
2110 2249 2168 2295 ut
2200 2255 2308 2296 una
2337 2255 2464 2296 cum
2503 2248 2685 2296 vestra
2734 2241 3022 2311 prudentia
3075 2240 3268 2296 seden-

1701 2342 1805 2397 tes,
1830 2333 2105 2389 communi
2153 2332 2548 2388 deliberatione
2584 2332 2652 2388 de
2701 2332 2788 2388 his
2846 2347 3152 2403 ageremus,
3195 2352 3267 2390 ne

1702 2425 1805 2495 ipsi
1853 2422 2066 2497 quidem
2135 2423 2476 2495 ignoramus.
2538 2422 2648 2479 Sed
2717 2424 2975 2493 quoniam
3050 2433 3275 2496 tempus,

1701 2529 1811 2571 non
1841 2515 2145 2585 permittit,
2194 2523 2251 2569 et
2293 2515 2484 2570 dilatio
2520 2516 2749 2571 exitiosa
2775 2523 2882 2581 est,
2905 2516 3057 2572 illato
3084 2519 3152 2573 ab
3186 2519 3268 2591 ip-

1702 2608 1781 2663 sis
1818 2608 2017 2663 damno
2066 2606 2248 2662 radice
2301 2615 2532 2679 agente,
2573 2608 2889 2663 necessario
2930 2609 3032 2666 hos
3067 2609 3267 2667 fratres

1702 2699 1953 2754 misimus
1983 2738 1998 2763 ,
2043 2705 2104 2752 ut
2141 2707 2195 2752 et
2229 2714 2574 2771 quascunque
2606 2700 2912 2756 litterarum
2934 2700 3267 2757 documenta

1703 2788 2047 2860 effugerunt,
2100 2788 2216 2844 hate
2261 2805 2358 2860 per
2388 2805 2448 2846 se
2490 2790 2594 2861 ipsi
2630 2791 2923 2849 edocentes
2954 2832 2970 2859 ,
3010 2794 3265 2865 pietatem

1703 2888 1939 2936 vestram
1991 2881 2216 2936 incitent
2256 2880 2325 2935 ad
2386 2882 2682 2952 expetitum
2738 2882 2829 2939 Dei
2882 2883 3142 2941 Ecclesiis
3184 2885 3253 2941 fe-

1703 2971 1929 3028 rendum
1957 2972 2239 3029 auxilium.

2127 3090 2466 3149 EPISTULA
2508 3093 2802 3149 CCLXIV‘.

72 3206 241 3256 Bursam
267 3207 496 3271 Basilius,
522 3206 676 3259 oblata
699 3206 1191 3281 occasione_Domnini
1208 3217 1252 3262 et
1282 3208 1521 3281 sociantur
1548 3212 1669 3281 ejus,
1688 3208 1878 3279 salutat
1907 3208 2393 3281 ethortantrytoret
2411 3226 2502 3275 pro
2531 3210 2761 3272 Ecclesia,
2786 3210 2865 3263 cui
2895 3212 3088 3279 quidem
3109 3221 3269 3281 sperat

937 3271 1148 3322 Basilius
1169 3284 1335 3335 pacem
1356 3272 1522 3323 datum
1545 3271 1626 3331 iii,
1650 3271 1743 3323 nisi
1765 3271 2114 3336 appropinquat
2131 3271 2351 3337 defectio.

126 3373 328 3446 Βὰρσῃ,
351 3377 668 3441 ἐπισκόπῳ
716 3377 1028 3448 Ἐδέσσης.
1059 3378 1129 3431 ἐν
1153 3377 1354 3446 ἐξορίᾳ
1381 3379 1527 3434 ὄντι.

125 3484 204 3557 Τῷ
245 3486 313 3552 ὡς
360 3488 582 3562 ἀληθῶς
626 3488 1020 3561 θεοφιλεστάτῳ
1063 3490 1154 3542 καὶ
1202 3488 1383 3560 πάσης
1424 3489 1601 3554 αἰδοῦς

75 3579 146 3631 καὶ
165 3581 310 3652 τιμῆς
338 3582 477 3657 ἀξίῳ
506 3583 785 3653 ὲπισκόπῳ
812 3583 995 3656 Βάρσῃ
1023 3581 1301 3646 Βασίλειος
1332 3584 1389 3635 ὲν
1417 3583 1604 3655 Κυρίῳ

76 3671 268 3743 χαίρειν.
303 3676 650 3749 Ἐρχομένων
677 3673 784 3729 τῶν
813 3674 1193 3744 γνησιωτάτων
1221 3674 1465 3743 ἀδελφῶν
1494 3675 1604 3729 τῶν

77 3762 178 3833 περὶ
205 3766 450 3836 Δομνῖνον
480 3767 592 3837 (l7)
639 3766 775 3839 πρὸς
815 3764 915 3837 τὴν
962 3764 1245 3820 εύλάϐειάν
1285 3784 1400 3831 σου,
1437 3767 1604 3838 ἡδέως

77 3852 153 3924 τὴν
176 3856 413 3930 ἀφορμὴν
445 3858 558 3914 τῶν
587 3856 930 3930 γραμμάτων
965 3854 1282 3928 ἐδεξάμεθα,
1311 3858 1404 3915 καὶ
1436 3875 1604 3930 προσ-

80 3947 369 4020 αγορεύομέν
413 3969 477 4005 σε
518 3950 585 4005 δι’
631 3950 830 4016 αὐτῶν,
878 3950 1161 4021 εὐχόμενοι
1198 3949 1277 4021 τῷ
1304 3950 1445 4022 ἁγίῳ
1486 3950 1606 4022 Θεῴ

83 4035 210 4107 μέχρι
243 4041 494 4096 τοσούτου
523 4041 858 4114 φυλαχθῆναι
889 4042 908 4113 (
918 4041 1001 4113 18)
1029 4044 1096 4114 τῇ
1125 4039 1237 4114 ζωῇ
1279 4043 1472 4117 ταύτῃ,
1505 4045 1603 4116 μέ-

81 4140 177 4194 χρις
199 4123 253 4183 οὗ
284 4132 709 4205 καταξιωθῶμεν
752 4133 878 4187 ίδεῖν
918 4151 1000 4201 σε,
1030 4135 1124 4188 καὶ
1168 4134 1470 4189 ἀπολαῦσαι
1497 4135 1604 4189 τῶν

80 4218 123 4268 ὲν
160 4221 229 4274 σοὶ
254 4225 623 4296 χαρισμάτων.
670 4226 843 4279 Μόνον
878 4224 1055 4294 εὔχου,
1104 4225 1426 4297 παρακαλῶ,
1458 4226 1543 4281 ἴνα
1576 4229 1605 4281 ὀ

81 4306 248 4379 Κύριος
279 4315 350 4387 μὴ
384 4296 610 4386 παραδῷ
654 4317 799 4386 ἡμᾶς
829 4316 907 4379 εἰς
936 4315 1091 4379 τέλος
1124 4296 1233 4379 τοῖς
1265 4316 1477 4388 ἐχθροῖς
1510 4317 1603 4370 τοῦ

83 4403 277 4473 σταυροῦ
305 4407 398 4461 τοῦ
430 4405 693 4479 Χριστοῦ,
720 4406 855 4459 ἀλλὰ
899 4405 1104 4479 φυλάξῃ
1135 4407 1244 4477 (19)
1274 4409 1373 4471 τὰς
1413 4408 1604 4463 ἑαυτοῦ

94 4487 374 4566 Ἐκκλησίας
409 4499 571 4571 μέχρι
603 4497 695 4552 τοῦ
726 4498 920 4570 καιροῦ
948 4499 1044 4571 τῆς
1079 4500 1320 4571 εἰρήνης,
1351 4499 1418 4570 ἢν
1447 4501 1607 4563 αὐτὸς

82 4573 239 4638 οἶδενὸ
278 4588 481 4654 δίκαιος
527 4590 719 4663 κριτὴς
775 4591 904 4645 πότε
951 4591 1241 4647 ἀποδώσει.
1309 4590 1604 4649 Ἀποδὼσει

1949 3379 2155 3443 Βαγδιε,
2186 3377 2399 3433 Edessa
2440 3382 2699 3448 episcopo,
2731 3381 3019 3437 exsulanti.

1773 3469 1915 3526 Vere
1959 3471 2374 3542 religiosissime
2409 3472 2668 3543 omnique
2701 3474 3003 3528 reverentia
3054 3481 3107 3527 et
3168 3473 3267 3529 ho-

1701 3579 1834 3619 nore
1882 3563 2044 3635 digno
2107 3565 2361 3634 episcopo
2423 3564 2607 3621 Barsa:
2655 3564 2887 3622 Basilius
2942 3566 2999 3621 in
3036 3566 3268 3622 Domino

1703 3657 1950 3711 salutem.
1989 3655 2125 3711 Cum
2166 3657 2605 3726 proficisceretur
2657 3658 3105 3729 germanissimus
3156 3657 3270 3713 fra-

1702 3755 1787 3801 ter
1821 3746 2120 3802 Domninus
2193 3747 2260 3801 ad
2292 3735 2448 3830 tuam
2497 3749 2753 3821 pietatem
2778 3789 2793 3814 ,
2841 3750 3067 3806 libenter
3103 3766 3266 3810 oeca-

1704 3838 1910 3893 sionem
1949 3838 2225 3894 scribendi
2257 3824 2593 3912 excepimus,
2649 3849 2809 3912 teque
2842 3858 2937 3913 per
2980 3843 3132 3898 illum
3179 3859 3270 3899 sna

1705 3930 1966 3994 lutamus,
1998 3928 2167 3985 Deum
2217 3940 2466 3987 sanetum
2497 3942 2784 4009 precantes
2804 3972 2819 3998 ,
2865 3942 2924 3987 ut
2959 3935 3147 3991 tandiu
3171 3952 3270 3990 eno

1705 4021 2008 4077 stodiamur
2056 4021 2109 4075 in
2164 4020 2265 4077 hac
2309 4022 2417 4076 vita
2449 4061 2465 4085 ,
2517 4023 2688 4078 donec
2724 4023 2874 4095 digni
2924 4025 3265 4092 habeamur,

1704 4112 1797 4182 qui
1843 4121 1894 4168 te
1942 4111 2260 4179 videamus,
2311 4127 2374 4168 ac
2408 4112 2569 4169 donis
2594 4154 2608 4179 ,
2642 4129 2765 4185 qua:
2793 4116 2845 4169 in
2876 4121 2929 4171 te
2958 4126 3107 4181 sunt,
3143 4132 3269 4187 per-

1704 4202 1972 4260 fruamur.
2035 4202 2267 4259 Tantum
2323 4220 2577 4276 precare,
2638 4207 2889 4271 obsecro,
2921 4214 2979 4260 ιιι
3002 4200 3268 4263 Dominus

1704 4295 1870 4367 408
1895 4311 2001 4351 non
2023 4296 2205 4351 tradat
2231 4313 2333 4352 nos
2368 4297 2424 4352 in
2460 4307 2783 4370 perpetuum
2818 4299 3055 4365 inimicis
3087 4300 3269 4370 crucis

1704 4385 1908 4441 Christi
1940 4427 1955 4451 ,
2018 4387 2118 4442 sed
2168 4388 2439 4443 custodiat
2496 4386 2776 4445 Ecclesias
2816 4406 2946 4446 suas
2992 4407 3166 4462 usque
3200 4392 3268 4446 ad

1706 4486 1920 4549 tempus
1943 4482 2114 4552 pacis,
2133 4496 2294 4552 quam
2319 4481 2471 4536 novit
2495 4482 2611 4552 ipse
2631 4482 2815 4552 justus
2835 4483 3023 4552 judex,
3048 4485 3267 4554 quando

1706 4570 1778 4625 sit
1839 4571 2173 4630 redditurus.
2227 4571 2436 4629 Reddet
2500 4575 2668 4642 enim,
2735 4588 2836 4630 nec
2868 4589 2972 4629 nos
3005 4582 3268 4646 perpetuo

137 4715 734 4802 (ﬁllipoazsaormbg.
764 4725 841 4802 ita
863 4724 1157 4802 Harl.__cum
1179 4726 1345 4802 Coisl.
1367 4728 1600 4802 secundo

1707 4730 1888 4802 plures
1911 4730 2274 4802 mitterentur,
2307 4736 2675 4802 unusAtamen
2720 4704 3138 4802 nominaret/tiro
3164 4727 3270 4782 Do-

84 4792 125 4871 til
141 4799 351 4855 quatuor
375 4797 672 4871 codicibus
687 4796 891 4871 Regiis.
915 4794 1201 4871 Mediczeus
1226 4806 1281 4871 et
1305 4800 1471 4854 Coisl.
1499 4801 1606 4871 pri:

87 4865 607 4950 Elllfjjtponarrovqtbg.
634 4865 787 4950 Editi
1131 4866 1300 4950 Paulo
1332 4876 1452 4950 post
1471 4865 1605 4950 editi

86 4934 326 5013 ξοιπθοινίαν
361 4935 878 5013 αὐτοῦ-προέμενος.
913 4934 1049 4991 Octo
1078 4953 1212 5013 mss.
1243 4934 1384 5013 utin
1430 4946 1603 5013 textu.

89 4988 330 5117 2:12pm
354 4988 811 5064 assesasses:
836 4988 892 5061 in
924 4988 1604 5065 sessas'éaiiaae'iaa:

153 5081 241 5124 nSi.

142 5136 234 5210 (16)
258 5143 365 5212 Τῆς
383 5148 486 5202 ἀπ’
505 5147 722 5203 αὐτῶν.
753 5145 828 5202 ita
849 5159 1061 5208 veteres
1082 5149 1205 5207 libri
1223 5163 1434 5206 summo
1464 5163 1603 5205 con-

89 5214 238 5288 δείξειε
265 5213 400 5288 {aditi
430 5218 532 5288 τῆς
560 5218 650 5274 ὑπ’
681 5216 879 5288 αὐτῶν.

144 5274 236 5358 ιη)
261 5286 384 5358 Itin-
417 5274 549 5357 πεξὸι
586 5287 894 5358 Δομνῖνον.
924 5290 1209 5346 Existimat
1241 5287 1603 5351 Combefisius

91 5342 578 5423 SQlumiDomninum
614 5342 695 5416 sit:
726 5342 1602 5423 honoris—nominarifnet‘:

93 5411 206 5503 an.
226 5411 1005 5503 Δ(μεεείεεηέιιξίτέοῑιιίιεέιῑνιιιάῑηξ
1016 5411 1602 5503 ιῑιῖίιιιῑαεὴῑιιιιέιίίέξ

94 5493 321 5573 gentior
350 5493 665 5573 doctissimo
692 5496 833 5563 viro,
862 5493 1035 5555 so'lum
1067 5493 1155 5573 hic
1184 5499 1467 5573 Dominum
1501 5514 1601 5553 no-

92 5562 284 5642 Ἦψπίᾶ
330 5584 436 5642 ηριι
475 5570 679 5642 idcirco
724 5562 930 5642 ῑτέωθιι,
975 5571 1132 5642 (ιιιοά
1163 5570 1599 5642 sociis_eareret,

94 5624 307 5712 ξῗίῌυὶἐι
342 5624 431 5695 illi
462 5624 731 5712 praecipue
768 5624 1312 5712 honorhahebatur;
1332 5638 1422 5693 Sic
1450 5624 1597 5694 enirn

152 5710 187 5750 η
232 5706 391 5767 solere
440 5706 850 5769 observavimus
904 5710 969 5766 ad
1007 5711 1168 5782 epist.
1210 5708 1335 5779 245,
1374 5714 1431 5765 ut
1472 5723 1597 5767 cum

1706 4798 1894 4855 innino
1921 4809 2097 4869 autem
2130 4801 2359 4869 aliquem
2390 4798 2628 4869 adfuisse
2651 4798 3268 4869 comitem_conjicimus

1706 4887 1770 4925 ex
1799 4872 1960 4939 epist.
1991 4868 2093 4922 267
2127 4870 2193 4923 ad
2220 4866 2483 4939 eumdem
2513 4868 2758 4933 Barsam,
2792 4868 2883 4923 ubi
2914 4866 3147 4939 Basilius
3186 4869 3267 4923 ia-

1706 4937 1852 4996 tores
1886 4940 2185 4994 litterarum
2207 4953 2429 4994 suarum
2460 4937 2658 4993 fratres
2687 4945 3099 5002 commemorat,
3126 4938 3269 4993 hanc

1709 5011 1881 5081 ipsam
1920 5007 2513 5092 epistolamjndicans.
2548 5008 2649 5092 .Ait
2672 5008 2817 5063 enim
2859 5023 2918 5089 se
2945 5007 3126 5090 Barsm.
3156 5024 3267 5089 non

1710 5076 1852 5151 saepe
1876 5076 2092 5151 quidem
2124 5078 2432 5151 scripsisse.
2468 5076 2562 5133 sed
2590 5089 2774 5151 tamen
2799 5078 3123 5148 scripsisse:
3154 5079 3269 5148 qui.

1710 5148 1814 5205 bus
1844 5148 2025 5205 verbis
2050 5149 2209 5218 unica
2239 5148 2557 5218 designatur
2584 5148 2833 5218 epistola.

1779 5220 1891 5289 (l8)
1929 5216 2329 5287 Φυλαχθῆναι.
2362 5212 2435 5272 ita
2468 5212 2871 5289 mssfseptem.
2905 5212 3048 5289 Editi
3078 5217 3268 5289 διαφυ-

1707 5287 1988 5361 λαχθῆναι.
2022 5289 2187 5342 Paulo
2217 5296 2338 5361 post
2378 5289 2508 5343 editi
2543 5288 2638 5341 καὶ
2665 5287 3104 5358 αὐτοπροσώπως
3141 5287 3266 5347 ἰδεῖν

1707 5359 1943 5427 σε,⁷οοιο
1972 5374 2104 5414 mss.
2129 5365 2189 5412 ut
2219 5359 2272 5412 in
2297 5368 2464 5427 textu.

1776 5425 1886 5500 (i9)
1921 5428 2189 5500 Φυλάξῃ.
2233 5428 2331 5500 δίο
2372 5426 2514 5500 Vat.)
2550 5427 2718 5483 Coisl.
2764 5434 3088 5500 uterque_et
3126 5425 3262 5500 [ξοδ.

1703 5496 1975 5635 scillitng
1996 5513 2058 5554 ac
2079 5498 2256 5569 Bigot.
2286 5499 2442 5555 alter.
2467 5498 2713 5564 Quatuor
2736 5498 2826 5552 alii
2850 5496 3093 5569 φυλάξει.
3123 5496 3264 5557 Editi

1703 5588 1773 5635 φυ
1874 5588 1945 5623 οι.

1703 5588 1945 5642 φυλαςοι.

1783 5646 1799 5666 ‘
1828 5641 1974 5698 Alias
2008 5635 2327 5704 CCCXXVL.
2361 5637 2571 5713 Scripta
2609 5642 2756 5696 circa
2797 5655 2998 5710 annum
3035 5637 3154 5703 577,.
