3904 6484
163 344 241 404 ω
1012 337 1390 397 EPISTOLAR
1401 341 1498 398 UM
1534 342 1647 400 CLA

1752 346 1817 404 IS
1852 346 1916 407 ΙΙ.
1955 348 2171 407 EPIST.
2209 349 2454 407 οςωξν.

3221 354 3326 412 986

160 461 235 530 τῆς
257 446 435 520 ἀγαθῆς
469 442 889 539 μερίδος-ὑμῖν),
926 449 1020 501 καὶ
1054 450 1287 520 συνάψαι
1320 453 1545 539 ἑαυτοὺς
1568 452 1647 507 διὰ

1760 458 1927 532 409
1955 477 2051 532 per
2078 462 2363 532 epistolam
2393 476 2538 521 cum.
2566 468 2745 518 vestra
2796 463 2994 535 pietate
3026 465 3326 539 conjunge-

163 548 230 604 τοῦ
252 542 536 615 γράμματος
564 537 632 607 τῇ
680 536 923 609 ὑμετέρᾳ
966 539 1243 614 εὐλαϐείᾳ.
1276 537 1461 616 Οὖπερ
1495 545 1656 598 ἕνεκα

158 632 489 701 ἀπεστείλαμεν
543 627 638 681 καὶ
683 627 775 681 τὸν
804 628 1184 687 ποθεινότατον
1228 634 1342 688 υἱὸν
1377 635 1534 706 ἡμῶν
1563 634 1656 689 καὶ

160 728 437 788 συνδιάκονον
473 720 758 786 Ἐλπίδιον,
790 722 925 794 ὁμοῦ
965 723 1067 795 μὲν
1094 725 1195 795 τὴν
1228 726 1513 796 ἐπιστολὴν
1541 726 1657 780 δια-

155 822 411 894 κομίζοντα,
434 811 567 883 ὁμοῦ
595 813 653 866 δὲ
673 813 768 867 καὶ
793 815 924 887 παρ’
950 815 1142 869 ἑαυτοῦ
1165 817 1458 889 δυνάμενον
1480 818 1657 887 ἀπαγ-

154 915 288 987 τεῐλαι
312 909 424 979 ὑμῖν
449 906 548 959 ὅσα
581 906 679 978 τὴν
721 908 785 960 ὲκ
812 906 907 960 τοῦ
940 908 1269 980 γράμματος
1296 910 1513 983 ἐκφύγῃ
1543 910 1653 981 (26)

149 998 462 1059 διδασκαλίαν.

203 1098 247 1151 2.
291 1091 512 1147 Μάλιστα
546 1088 603 1142 δὲ
634 1090 781 1162 ἡμᾶς
819 1089 1101 1163 ἐπέρρωσε
1148 1091 1286 1163 πρὸς
1325 1091 1423 1164 τὴν
1467 1092 1655 1147 ἐπιθυ-

147 1192 251 1264 μίαν
271 1188 356 1257 τῆς
378 1182 662 1251 συναφείας
691 1182 842 1254 ὑμῶν
872 1184 905 1254 ή
938 1182 1075 1254 ἀκοὴ
1104 1183 1198 1237 τοῦ
1229 1184 1358 1257 περὶ
1378 1184 1476 1257 τὴν
1502 1184 1656 1256 ὀρθό-

146 1298 252 1354 τητα
287 1278 432 1349 ζήλου
474 1276 573 1346 τῆς
620 1268 900 1340 εὐσεϐείας
939 1275 1123 1347 ὑμῶν’
1157 1278 1241 1331 ὅτι
1291 1276 1414 1331 οὔτε
1458 1276 1653 1350 πλήθει

147 1369 515 1441 συνταγμάτων,
574 1365 700 1421 οὔτε
784 1366 1027 1439 ποικιλίᾳ
1097 1369 1447 1439 σοφισμάτων
1509 1386 1652 1440 παρ..

140 1464 298 1538 ηνέχθη
317 1460 460 1532 ὑμῶν
491 1460 553 1513 τὸ
587 1459 812 1531 στερρὸν
839 1460 939 1531 τῆς
964 1460 1208 1532 καρδίας·
1236 1462 1352 1515 ἀλλ’
1377 1462 1651 1530 ἐπέγνωτε

143 1562 220 1631 μὲν
246 1555 355 1618 τοὺς
405 1552 544 1606 κατὰ
574 1550 681 1605 τῶν
722 1552 1095 1606 άποστολικῶν
1142 1552 1428 1623 δογμάτων
1466 1570 1650 1607 καινο-

138 1647 417 1721 τομοῦντας,
448 1646 629 1715 σιωπῇ
670 1644 727 1698 δὲ
775 1646 1068 1715 κατασχεῖν
1106 1645 1206 1715 τὴν
1256 1643 1651 1715 ἐνεργουμένην

139 1744 235 1814 παρ’
261 1738 418 1794 αὐτῶν
468 1735 676 1807 βλάϐην
724 1737 784 1791 ού
844 1735 1225 1800 κατεδέξασθε.
1272 1737 1382 1790 Καὶ
1424 1735 1532 1807 γὰρ
1574 1733 1651 1805 τῷ

131 1837 219 1887 ὄντι
246 1830 425 1899 πολλὴν
463 1827 702 1900 εὓρομεν
738 1827 914 1898 λύπην
943 1828 1095 1901 παρὰ
1133 1830 1266 1883 πᾶσι
1293 1831 1407 1893 τοῖς
1430 1829 1649 1899 ἀντεχο-
1677 1816 1720 1871 Β

132 1926 279 1996 μένοις
304 1922 396 1990 τῆς
447 1919 548 1973 τοῦ
589 1920 793 1993 Κυρίου
844 1920 1067 1991 είρήνης
1098 1920 1192 1974 ἐπὶ
1236 1923 1356 1983 ταῖς
1392 1936 1650 1991 νεωτερο-

128 2015 292 2077 ποιίαις
324 2014 438 2074 ταῖς
478 2010 854 2074 παντοδαπαῖς
902 2011 1279 2083 Ἀπολιναρίου
1324 2011 1419 2064 τοῦ
1459 2010 1649 2064 Λαοδι-

129 2108 261 2170 κέως’
290 2104 345 2167 ὃς
370 2102 609 2173 τοσούτῳ
642 2102 801 2156 πλέον
830 2102 1102 2174 ἐλύπησεν
1132 2104 1301 2175 ἡμᾶς,
1330 2105 1441 2174 ὅσῳ
1472 2103 1650 2169 ἔδοξεν

122 2200 232 2253 εἶναι
261 2193 315 2261 ἐξ
341 2192 496 2265 ἡμῶν
538 2192 652 2265 (27)
696 2193 757 2246 τὸ
795 2192 856 2257 ἐξ
894 2193 1088 2266 ἀρχῆς.
1121 2193 1195 2246 Τὸ
1226 2194 1324 2264 μὲν
1359 2194 1467 2265 γὰρ
1499 2194 1649 2265 παρὰ

124 2285 316 2361 φανεροῦ
355 2285 619 2356 πολεμίου
666 2284 859 2339 παθεῖν
905 2302 998 2349 τι,
1056 2284 1158 2339 κᾶν
1209 2285 1521 2357 ὑπερϐάλλῃ
1570 2285 1648 2357 τῷ

118 2381 334 2452 ἀλγεινῷ,
365 2378 605 2451 φορητόν
619 2378 732 2441 πῶς
761 2381 876 2432 ἐστι
905 2378 982 2449 τῷ
1011 2379 1489 2450 καταπονουμένῳ,
1519 2380 1649 2432 καθ-

119 2476 178 2538 ὼς
212 2474 523 2545 γέγραπται,
581 2471 664 2524 ὅτι
721 2471 787 2525 Et
828 2474 861 2525 ό
933 2472 1153 2541 ἐχθρὸς
1225 2469 1497 2525 ὠνείδισέ
1547 2488 1646 2539 με,

112 2566 384 2634 ὑπήνεγκα
431 2562 551 2618 ἄν’
598 2563 659 2616 τὸ
704 2563 763 2617 δὲ
813 2565 943 2636 παρ’
992 2562 1272 2633 ὀμοψύχου
1307 2563 1401 2616 καὶ
1447 2563 1646 2615 οἰκείου

116 2657 281 2728 βλάϐης
301 2655 443 2718 τινὸς
482 2653 835 2727 πειραθῆναι,
867 2654 1025 2708 τοῦτο
1055 2654 1321 2726 δύσφορον
1347 2652 1643 2727 παντελῶς,

109 2755 181 2810 καὶ
203 2751 441 2824 οὐδεμίαν
485 2750 614 2821 ἔχον
643 2750 1016 2823 παραμυθίαν.
1054 2752 1150 2803 Ὃν
1181 2750 1289 2820 γὰρ
1323 2748 1648 2821 προσεδοκή⁶

110 2862 247 2915 σαμεν
285 2843 662 2913 συνασπιστὴν
702 2842 843 2908 ἒεειν
875 2842 986 2913 (28)
1014 2842 1113 2912 τῆς
1150 2840 1430 2912 ἀληθείας,
1461 2838 1647 2892 τοῦτον

103 2936 299 3009 εὕρομεν
320 2935 415 2989 νῦν
437 2936 498 2989 ὲν
521 2933 740 2999 πολλοῖς
774 2932 1135 3003 ἐμποδίζοντα
1159 2935 1270 2995 τοῖς
1298 2930 1642 3001 σωζομένοις,

103 3030 153 3083 ἐκ
174 3029 254 3082 τοῦ
298 3028 617 3101 περιέλκειν
650 3026 831 3080 αὐτῶν
859 3026 949 3080 τὸν
978 3026 1103 3079 νοῦν
1139 3026 1233 3078 κα)⁵
1267 3026 1518 3095 ἀποσπᾷν
1545 3024 1645 3092 τῆς

100 3119 353 3189 εὐθύτητος
397 3117 512 3171 τῶν
567 3116 871 3188 δογμάτων.
912 3116 977 3170 Τί
1023 3116 1132 3187 γὰρ
1183 3117 1241 3169 ὲν
1286 3116 1467 3186 ἔργοις
1514 3114 1642 3186 παρ’

96 3211 232 3264 αὐτοῦ
262 3211 536 3282 τολμηρὸν
581 3211 677 3264 καὶ
710 3209 913 3283 θερμὸν
932 3211 1033 3263 οὐκ
1060 3209 1339 3281 ἐπράχθη;
1386 3209 1449 3261 Τί
1480 3208 1537 3261 δὲ
1583 3210 1641 3260 ἐν

95 3304 244 3372 λόγοις
276 3303 336 3356 οὐ
363 3300 760 3373 παρεπενοήθη
800 3299 1061 3373 νεώτερον
1093 3300 1189 3355 καὶ
1214 3300 1646 3354 ὲπικεκινδυνευ-

96 3398 253 3466 μένονς
287 3396 362 3449 Οὐ
393 3396 556 3448 πᾶσα
594 3395 691 3465 μὲν
720 3393 1014 3463 Ἐκκλησία
1038 3396 1105 3464 eq:
1136 3395 1332 3466 ἑαυτὴν
1358 3393 1640 3464 ἐμερίσθη,

93 3485 294 3555 μάλιστα
331 3484 390 3537 δὲ
421 3487 555 3547 ταῖς
600 3484 705 3537 ὑπὸ
738 3483 844 3537 τῶν
882 3483 994 3555 (29)
1046 3483 1339 3555 ὀρθοδόξων
1373 3483 1644 3553 κυϐερνω-

93 3578 247 3645 μέναις
276 3574 754 3646 ἐπιπεμφθέντων
798 3578 926 3646 παρ’
959 3575 1125 3628 αὐτοῦ
1165 3575 1302 3648 πρὸς
1339 3574 1401 3628 τὸ
1439 3574 1641 3644 σχίσαι,

88 3668 164 3720 καὶ
209 3668 337 3721 ἰδίαν
404 3666 540 3719 τινὰ
599 3665 1076 3737 παρασυναγωγὴν
1140 3667 1458 3737 ὲκδικῆσαις
1506 3665 1643 3735 Οὐχὶ

86 3758 272 3823 γελᾶται
319 3758 383 3811 τὸ
420 3758 583 3829 μέγα.
614 3758 712 3828 τῆς
743 3758 1025 3822 εὐσεϐείας
1066 3758 1383 3829 μυστήριον,
1412 3759 1487 3822 ὡς
1513 3759 1640 3813 ἄνευ

84 3848 188 3902 λαοῦ
206 3850 306 3903 ’καὶ
330 3850 547 3922 κλήρου
578 3850 893 3904 ἐπισκόπων
910 3851 1375 3921 περιερχομένων,
1410 3853 1504 3905 καὶ
1528 3851 1645 3904 δνο-

84 3942 299 4010 μαψιλδν
339 3941 794 4014 περιφερὸντων,
842 3942 996 3995 οὐδὲν
1035 3942 1093 3996 δὲ
1130 3942 1536 4015 κατορθούντων
1564 3945 1643 4006 είς

82 4034 327 4106 προκοπὴν
354 4034 458 4088 τοῦ
511 4034 860 4102 Εὐαγγελίου
908 4034 1009 4103 τῆς
1054 4036 1275 4107 εἰρήνης
1326 4037 1419 4090 καὶ
1466 4053 1641 4108 σωτη-

80 4127 176 4196 ρίας
195 4127 334 4199 (50);
369 4127 520 4198 Οὐχὶ
552 4127 608 4181 oi
639 4125 892 4197 περὶτοῦ
917 4125 1052 4180 Θεοῦ
1079 4127 1227 4195 λόγοι
1258 4127 1485 4199 πλήρεις
1511 4129 1641 4201 παρ’

78 4219 198 4290 αὐτῷ
227 4223 364 4274 εἰσιν
398 4219 638 4274 ἀσεϐῶν
669 4218 973 4289 δογμάτων,
999 4220 1098 4290 τῆς
1133 4220 1368 4285 παλαιᾶς
1391 4221 1643 4288 ἀσεϐείας

74 4310 148 4364 τοῦ
184 4313 606 4385 ματαιόφρονος
648 4311 936 4365 Σαϐελλίου
976 4312 1043 4365 δι’
1082 4311 1247 4366 αὑτοῦ
1280 4311 1374 4366 νῦν
1406 4314 1642 4367 ἀνανεω-

76 4401 234 4474 θείσης
258 4406 317 4458 ὲν
343 4408 470 4469 τοῖς
504 4405 920 4487 αυντάγμασινς
950 4405 1013 4458 Et
1046 4403 1155 4477 γὰρ
1184 4404 1219 4459 ἃ
1257 4405 1643 4478 περιφέρουσιν

1758 568 1964 609 remus.
2013 551 2361 625 Quapropter
2408 554 2660 611 misimus
2710 557 2873 612 etiam
2918 557 3325 616 desideratissi-

1756 662 1903 701 mum
1949 647 2117 701 ﬁlium
2152 655 2397 702 nostrum
2447 645 2713 716 Elpidium
2760 648 3153 706 condiaconmn
3177 692 3193 717 ,
3226 652 3322 722 qui

1755 744 1810 792 et
1838 738 2125 808 epistolam
2164 736 2452 809 perferret,
2488 744 2540 792 et
2584 752 2681 808 per
2712 752 2772 793 se
2802 737 2921 810 ipse
2965 750 3143 810 potest
3172 758 3320 798 nun-

1754 828 1895 884 tiare
1926 830 2105 897 vobis,
2136 843 2476 899 ouaecunque
2500 829 2808 883 litterarum
2845 830 3131 903 eil'ugerint
3159 833 3324 891 docu-

1752 926 1961 975 menta.

1824 1107 1880 1163 2.
1912 1107 2052 1163 lllud
2078 1118 2259 1163 autem
2291 1124 2379 1164 me
2400 1109 2637 1164 maxime
2668 1110 2906 1183 impuat,
2946 1120 3006 1166 ut
3036 1113 3322 1170 vobiscum

1753 1201 2015 1273 conjungi
2059 1217 2314 1273 cuperem
2337 1243 2352 1268 ,
2393 1203 2546 1273 quod
2577 1210 2816 1259 vestrum
2850 1212 3012 1259 recta;
3058 1204 3322 1261 doctrinae

1752 1293 1991 1349 studium
2032 1294 2100 1349 ad
2141 1310 2291 1351 meas
2317 1310 2478 1351 aures
2519 1295 2766 1366 pervenit
2798 1314 2812 1353 :
2843 1296 3044 1367 quippe
3068 1311 3191 1351 cum
3221 1313 3322 1353 nec

1752 1388 2017 1443 librorum
2066 1386 2446 1452 multitudine,
2493 1402 2593 1441 nec
2637 1385 3029 1457 sopbismatum
3064 1386 3324 1441 varietate

1750 1487 1930 1535 emota
1960 1479 2032 1533 sit
2070 1478 2252 1533 cordis
2273 1478 2441 1535 vestri
2488 1478 2715 1533 ﬁrmitas
2742 1497 2754 1533 :
2788 1477 2883 1533 sed
2910 1493 3007 1533 eos
3039 1478 3324 1548 agnoveri-

1750 1569 1842 1635 tis,
1879 1568 1971 1641 qui
2000 1578 2190 1623 contra
2218 1569 2473 1639 dogmata
2507 1568 2803 1638 apostolica
2834 1569 3129 1622 novitatem
3161 1566 3322 1621 indu-

1751 1666 1904 1723 cunt,
1941 1674 2040 1714 nec
2069 1659 2288 1714 silentio
2315 1659 2596 1714 continere
2629 1657 2894 1713 damnum
2938 1657 3005 1713 ab
3053 1657 3162 1713 illis
3207 1657 3323 1712 illa-

1749 1758 1866 1804 tum
1917 1751 2227 1821 potueritis.
2275 1750 2411 1807 Nam
2467 1766 2653 1807 revera
2704 1766 2958 1822 magnum
3018 1750 3321 1820 reperimus

1750 1844 1991 1899 dolorem
2024 1844 2080 1899 in
2120 1844 2373 1899 omnibus
2406 1842 2618 1898 Domini
2646 1858 2835 1913 pacem
2877 1841 3031 1897 cordi
3064 1843 3319 1898 babenti-

1749 1935 1873 2000 bus,
1910 1951 1976 1992 ex
2030 1936 2337 2006 omnigenis
2367 1934 2669 2005 Apolinarii
2713 1932 3005 1990 Laodiceni
3056 1935 3321 1990 novitati-

1749 2027 1889 2081 bus:
1921 2026 2013 2096 qui
2041 2042 2106 2082 eo
2137 2027 2312 2097 magis
2355 2041 2456 2080 nos
2502 2024 2710 2089 alllixit,
2743 2025 2886 2096 quod
2927 2042 2992 2081 ex
3033 2027 3194 2082 nobis
3246 2025 3318 2082 ab

1749 2117 1909 2172 initio
1935 2132 2060 2171 esse
2083 2116 2391 2171 videbatur.
2427 2113 2643 2184 Aliquid
2678 2113 2821 2168 enim
2856 2113 2923 2167 ab
2952 2113 3110 2169 hoste
3139 2112 3317 2167 mani-

1749 2206 1888 2263 festo
1913 2209 2048 2278 pati,
2083 2207 2298 2262 etiamsi
2348 2206 2402 2260 id
2452 2208 2524 2261 sit
2574 2206 3044 2270 molestissimum,
3095 2220 3184 2261 res
3230 2213 3317 2261 cst

1749 2308 1931 2356 tamen
1963 2298 2368 2370 quodammodo
2394 2298 2694 2353 tolerabilis
2723 2298 2971 2368 patienti,
2997 2298 3141 2352 sicut
3172 2299 3315 2353 scri-

1749 2400 1899 2463 ptum
1939 2400 2024 2448 est
2053 2410 2066 2447 :
2103 2390 2161 2446 Si
2194 2391 2439 2444 inimicus
2472 2390 2679 2458 probris
2709 2405 2789 2442 me
2827 2389 3121 2458 aﬂ'ecisset,
3151 2388 3317 2443 susti-

1747 2485 1976 2538 nuissent
2029 2485 2206 2553 utique
2238 2482 2305 2535 ".
2342 2481 2448 2536 Sed
2502 2482 2571 2536 ab
2617 2481 2861 2535 unanimi
2902 2488 2956 2534 et
3004 2482 3316 2536 necessario

1747 2574 1954 2645 aliquid
2005 2578 2254 2645 accipere
2284 2574 2618 2638 detrimenti,
2663 2572 2716 2627 id
2749 2573 2973 2627 omnino
3017 2572 3085 2626 ad
3131 2571 3316 2628 feren-

1746 2666 1875 2721 dum
1934 2665 2180 2731 diiiicile,
2228 2680 2329 2721 nec
2385 2666 2547 2718 ullam
2606 2664 2813 2720 habens
2862 2664 3313 2724 consolationem.

1746 2756 1917 2824 Quem
1972 2760 2115 2813 enim
2177 2768 2691 2827 exspectaveramus
2757 2758 2964 2813 socium
3034 2757 3193 2815 nobis
3255 2757 3316 2815 in
3372 2818 3379 2827 ,

1745 2849 2063 2906 defensione
2092 2851 2340 2907 veritatis
2371 2851 2638 2913 futurum,
2672 2867 2795 2907 eum
2837 2866 2979 2906 nunc
3008 2852 3315 2907 invenimus

1744 2940 1799 2994 in
1834 2941 2017 2996 multis
2048 2941 2352 2995 obstantem
2381 2941 2467 2995 bis
2494 2941 2586 3011 qui
2620 2941 3068 3004 salvantur,dum
3095 2941 3311 2996 illorum

1745 3032 1963 3086 abducit
2008 3038 2278 3095 mentem,
2326 3042 2381 3087 et
2426 3033 2609 3087 avellit
2650 3048 2681 3087 a
2719 3033 2886 3090 rectis
2941 3033 3310 3104 dogmatibus.

1745 3123 1886 3190 Quid
1917 3124 2063 3178 enim
2113 3124 2168 3178 in
2205 3125 2517 3180 actionibus
2543 3125 2611 3179 ab
2636 3140 2701 3179 eo
2737 3141 2844 3180 non
2876 3126 3072 3181 callide
3119 3133 3177 3181 et
3207 3141 3310 3180 au-

1745 3215 1932 3270 dacter
1952 3217 2362 3286 perpetratum?
2392 3216 2530 3283 Quid
2558 3217 2611 3271 in
2643 3217 2986 3273 sermonibus
3015 3233 3125 3273 non
3158 3218 3315 3289 juve-

1744 3306 1930 3362 niliter
1962 3315 2017 3362 et
2057 3307 2364 3377 periculose
2392 3309 2797 3381 excogitatum?
2828 3308 3016 3365 Nonne
3064 3309 3311 3365 Ecclesia

1743 3399 1924 3454 omnis
1968 3400 2110 3454 inter
2151 3415 2209 3455 se
2256 3400 2435 3455 divisa
2485 3408 2605 3464 est,
2655 3405 2955 3471 praesertim
2986 3417 3053 3457 ex
3104 3418 3213 3473 quo
3252 3402 3310 3457 in

1743 3488 2073 3560 gubernatas
2126 3490 2195 3544 ab
2243 3490 2565 3545 orthodoxis
2611 3488 2888 3544 Ecclesias
2936 3491 3163 3545 immisit
3215 3491 3310 3560 qui

1743 3581 2017 3644 scindant,
2071 3588 2125 3636 et
2181 3581 2493 3650 illegitimos
2540 3564 2843 3637 conventus
2896 3583 3151 3653 proprios
3204 3582 3308 3638 sibi

1742 3670 2059 3725 vindicent?
2090 3669 2282 3726 Nonne
2331 3671 2540 3725 ridetur
2575 3687 2827 3742 magnum
2859 3671 3078 3743 pietatis
3108 3680 3311 3744 myste-

1743 3764 1908 3826 rium,
1942 3763 2218 3832 episcopis
2258 3763 2376 3817 sine
2427 3749 2626 3835 pepulo
2658 3778 2722 3819 ac
2758 3764 2905 3819 clero
2953 3764 3312 3819 obambulan-

1744 3855 1928 3913 tibus.
1985 3869 2048 3908 ac
2097 3870 2296 3909 nomen
2352 3853 2558 3908 nudum
2606 3855 3152 3919 circumferentibus,
3208 3870 3309 3911 nec

1742 3948 2042 4019 quidquam
2078 3948 2144 4000 ad
2181 3947 2609 4016 promovendum
2642 3949 2795 4018 pacis
2832 3954 2886 4002 et
2914 3947 3105 4003 salutis
3134 3945 3308 4001 Evan-

1745 4040 1946 4111 gelium
1991 4038 2354 4095 facientibus?
2386 4038 2572 4094 Nonne
2610 4041 2756 4095 illius
2784 4040 2851 4096 de
2889 4039 2999 4094 Deo
3027 4054 3311 4096 sermones

1744 4133 1887 4203 pleni
1915 4141 2044 4188 sunt
2073 4134 2253 4202 impiis
2276 4132 2644 4203 dogmatibus,
2670 4134 2889 4203 antiqua
2914 4131 3109 4187 insulsi
3131 4129 3316 4187 Sabel-

1747 4225 1801 4279 lLi
1838 4224 2115 4294 impietate
2141 4240 2287 4279 nunc
2317 4225 2388 4278 ab
2409 4240 2473 4278 eo
2502 4225 2557 4278 in
2591 4224 2814 4294 scriptis
2845 4224 3144 4279 renovata?
3174 4222 3309 4277 Nam

1745 4313 1790 4367 si
1831 4329 1953 4383 qua:
1999 4313 2396 4368 circumferunt
2434 4312 2743 4377 Sebasteni,
2781 4312 2902 4367 ﬁcta
2939 4328 3047 4367 non
3083 4320 3210 4368 sunt
3241 4312 3313 4368 ab

1747 4403 2009 4469 inimicis,
2046 4404 2139 4459 sed
2187 4421 2312 4459 vere
2349 4405 2521 4474 ipsius
2551 4404 2755 4475 scripta
2784 4413 2935 4471 sunt,
2971 4405 3178 4459 nullum
3212 4405 3314 4459 im-

71 4497 109 4546 οἱ
133 4496 484 4567 Σεϐαστηνοὶ,
521 4496 608 4568 μὴ
644 4494 1066 4566 συμπέπλασται
1095 4498 1224 4568 παρ’
1252 4497 1481 4570 ἐχθρῶν,
1508 4498 1644 4552 ἀλλὰ

1752 4496 1967 4564 pietatis
1993 4496 2314 4566 superanda:
2350 4496 2530 4550 locum
2564 4496 2808 4566 reliquit,
2841 4495 3091 4552 eumdem
3122 4495 3311 4553 dicens

72 4588 168 4639 κατ’
197 4588 463 4661 ἀληθειαν
523 4587 700 4643 αὐτοῦ
749 4591 856 4643 είσι
887 4590 1224 4661 συγγραφαὶ,
1271 4590 1524 4661 οὐδεμίαν
1564 4592 1644 4655 εἰς

68 4678 291 4737 ἀσέϐειαν
343 4680 683 4756 ὑπερϐολὴν
712 4681 1089 4748 καταλέλοιπε,
1111 4683 1201 4737 τὸν
1235 4682 1395 4736 αὑτὸν
1426 4682 1645 4753 Πατέρα

66 4764 210 4836 λέγων
245 4774 343 4829 καὶ
392 4773 541 4827 Υἱὺν
590 4773 692 4826 καὶ
735 4772 960 4849 Πνεῦμα
1009 4772 1154 4845 (51),
1201 4773 1296 4828 καὶ
1340 4773 1475 4828 ἄλλα
1524 4773 1646 4827 τινά

118 4925 321 4982 "Psal.
360 4941 485 4991 Liv,
521 4924 626 4979 13.

116 5081 216 5153 (26)
254 5080 679 5154 Ἀλιεειγιγεξαζιιι⁸
708 5080 872 5154 ὑμῖν,
917 5080 1379 5154 ὄρπηηὲκφύγιῃ.
1418 5078 1507 5135 Sic
1532 5087 1644 5154 tres

60 5148 207 5222 iidem
224 5148 486 5208 codices.
521 5149 681 5205 Editi
723 5148 1041 5220 ἆναγγεῖλαι
1098 5148 1227 5222 ὑμῖν
1288 5148 1480 5222 ὅσου...
1526 5149 1645 5222 δια-

59 5220 580 5295 πέῖευγεηιθεὶιιιι·
612 5222 713 5295 δσα
729 5222 783 5275 in
813 5222 1052 5295 secunda
1074 5220 1640 5295 editioneparisiensi.

116 5287 435 5363 (ΞἹΥΕῙναῖ
463 5293 548 5356 ἐξ
584 5290 784 5363 ήμῷν.
824 5290 1077 5363 Harl._et
1116 5291 1253 5346 Med.
1291 5287 1428 5363 sive:
1465 5289 1639 5363 ἡμῶν.

56 5357 235 5418 ibidem
289 5373 415 5420 tres
479 5357 867 5418 vetustissimi
911 5361 1132 5420 codices
1180 5361 1431 5416 τοσοῦτον
1484 5357 1644 5413 πλέον

53 5430 326 5507 ἐλύπησεν,
354 5436 521 5491 ὅσον.
562 5431 680 5487 Sed
703 5447 794 5489 res
830 5433 968 5487 tanti
1003 5449 1113 5489 non
1144 5432 1381 5497 videtur,
1422 5438 1483 5487 ut
1511 5446 1645 5507 con-

53 5508 237 5559 textum
269 5513 614 5561 mutemus.

114 5572 217 5641 (28)
262 5576 543 5645 Ἐξεινη
582 5570 758 5645 Coisl.
813 5572 1238 5645 primus__€xztv.
1289 5571 1493 5628 Ibidem
1537 5570 1645 5645 νῦν

49 5641 346 5714 addidimus
382 5663 461 5704 ex
495 5642 693 5714 Cois].
720 5641 982 5714 utroque,
1022 5641 1172 5699 Harl.
1211 5653 1264 5700 et
1293 5645 1505 5700 duobus
1537 5641 1642 5714 Re-

52 5712 157 5798 giis.
191 5716 370 5798 Paulo
426 5722 581 5771 ante
634 5712 803 5770 Coisl.
858 5712 1066 5784 primus
1113 5716 1216 5771 κᾶν
1260 5714 1539 5788 ὑπερϐάλῃ
1584 5713 1643 5765 τὸ

48 5796 291 5851 αλγεινον.
1202 5802 1205 5807 ·

1745 4583 1959 4640 Patrem
2005 4593 2061 4641 et
2107 4584 2301 4641 Filium
2346 4596 2399 4642 et
2440 4586 2732 4658 Spiritum,
2766 4596 2823 4644 et
2867 4589 3001 4642 alias
3044 4588 3310 4659 quasdam

1743 4679 2116 4736 tenebricosas
2162 4681 2500 4753 impietates,
2533 4696 2670 4753 quas
2703 4697 2804 4738 nos
2828 4696 2896 4736 ne
2932 4681 3158 4736 auribus
3187 4681 3312 4752 qui-

1743 4772 1865 4828 dem
1898 4773 2250 4838 admisimus,
2281 4775 2483 4846 quippe
2523 4789 2647 4830 cum
2680 4789 2968 4846 precemur
3010 4781 3070 4829 ut
3103 4775 3307 4831 nullam

1824 5077 1937 5149 (29)
2011 5078 2146 5132 Ὑπὸ
2187 5079 2325 5134 τῶν.
2374 5077 2453 5132 ita
2507 5086 2619 5149 tres
2662 5077 3019 5134 vetustissimi
3062 5075 3306 5149 codices.

1744 5147 1885 5208 Editi
1918 5148 2068 5220 παρὰ
2097 5149 2224 5204 τῶν.
2258 5149 2461 5204 Ibidem
2490 5148 2658 5204 Coisl.
2695 5153 2906 5231 primus
2938 5148 3023 5217 ἐφ’
3053 5147 3272 5271 ἑαυιῂς.

1814 5219 1926 5271 (50)
1959 5220 2064 5271 Καὶ
2098 5222 2414 5271 σωτηρίαι».
2441 5217 2568 5271 Haec
2593 5219 2792 5271 desunt
2813 5236 2869 5271 ιιι
2900 5218 3051 5271 Harl.
3083 5226 3138 5271 et
3217 5223 3272 5271 ed

1814 5219 1931 5295 (ὅθ)
1959 5217 2064 5274 Καὶ
2098 5222 2414 5295 σωτηρίας.
2441 5217 2568 5295 Haec
2593 5217 2792 5295 desunt
2813 5220 2869 5273 in
2900 5218 3051 5295 Harl.
3083 5226 3138 5274 et
3165 5217 3306 5295 Med.

1741 5291 1802 5348 In
1824 5288 1966 5345 'aliis
1998 5288 2276 5361 nonnullis
2304 5291 2515 5361 desu_n_t
2535 5289 2840 5361 haecverba
2864 5291 3089 5361 εἰρήνης
3114 5288 3229 5361 καί.

1841 5307 1966 5345 ams
1998 5307 2276 5346 nonnuuis
2304 5307 2504 5346 aesunt
2535 5307 2648 5345 nazc
2677 5307 2840 5344 verna
2864 5307 3089 5413 ειρηνης
3114 5307 3229 5343 και.

1821 5363 1932 5435 (⁸51)
1970 5360 2080 5435 ιζαὶ
2118 5359 2565 5435 Πνεῦμαε-Εύίιί
2605 5359 2813 5435 addunt
2847 5377 2920 5412 κα
2978 5359 3139 5435 πάλιν
3179 5357 3308 5412 Υίδν

1743 5429 1840 5490 καϊ
1865 5430 2106 5501 Πατέρα,
2142 5429 2493 5500 (ιιιαιιιιοιίυε
2522 5430 2695 5501 multo
2724 5430 2924 5501 absunt
2946 5446 2975 5484 a
3006 5429 3183 5485 tribus
3218 5444 3311 5484 ve—

1742 5499 2070 5571 tustissimis
2115 5499 2399 5558 cedicibus
2434 5499 2704 5571 ethigot.
2751 5499 3213 5571 lbidem_legimus
3238 5514 3308 5554 ex

1742 5576 1932 5631 codice
1976 5569 2263 5626 Barlaami
2281 5569 2531 5624 σκοτεινὰ
2573 5568 2916 5642 ἇσεϐήματα.
2958 5568 3093 5625 Illud
3126 5580 3308 5642 autem

1742 5647 1865 5701 τινά
1901 5643 2338 5713 deprompsimus
2372 5658 2440 5697 ex
2482 5646 2670 5713 eodem
2717 5639 2905 5713 codice
2941 5639 3306 5713 etiexACoisl.

1742 5718 1942 5786 primo,
1970 5710 2030 5767 in
2059 5710 2168 5781 quo
2196 5713 2391 5786 legitur
2422 5710 2680 5786 xalﬁng
2709 5711 2830 5786 τινὰ
2863 5710 3306 5786 ἀσεϐῆ-ῥήματα,

1742 5778 1793 5840 ct
1825 5786 1933 5841 alia
1963 5778 2201 5853 qua'oam
2232 5778 2392 5851 iinpia
2424 5782 2599 5837 verba.
2630 5780 2913 5852 Scriptura
2944 5778 3151 5838 codicis
3172 5778 3313 5834 Παῖς
