3810 6500
205 495 454 567 δογμάτων
480 493 665 548 ἕνεκεν
699 493 911 547 ἀσεϐῶν
939 494 1129 566 ἐξῆλθε
1155 497 1255 566 τῆς
1294 485 1522 568 Ἐκὶᾶη-
1549 498 1594 553 Α

56 590 242 662 ςξιςμι)
269 590 476 652 ἐκεῖνος,
513 587 641 649 τοὺς
674 586 973 657 ἑπομένους
1012 587 1162 659 αὐτῷ
1201 589 1516 657 ἀναγκαῖον,

55 680 460 751 ἀναθεματίσαντας
521 677 736 748 ἐκείνην
805 677 902 749 τὴν
959 679 1173 748 αἵρεσιν
1241 679 1384 733 οὕτω
1433 679 1520 732 δε-

55 771 279 840 κτοὺςμῖι)
309 769 543 838 γενέσθαι
584 773 646 840 τῇ
690 771 977 842 κοινωνίᾳ,
1018 771 1083 824 ἵν’
1131 773 1180 824 οἱ
1220 774 1348 842 ἡμῖν
1397 789 1508 824 συν-

55 862 266 931 απτόμενοι
288 860 346 912 δι’
375 859 521 929 ὑμῶν
556 858 706 929 παρά
742 859 922 930 πάσης
963 857 1192 930 δεχθῶσι
1224 861 1322 930 τῆς
1367 859 1519 913 ἀδελ-

55 956 231 1024 ςέτητος.
248 951 379 1004 Ἐπεὶ
405 949 494 1004 νῦν
530 968 590 1019 γε
633 951 692 1002 οὐ
727 951 919 1023 μετρία
949 952 1181 1022 κατέσχε
1223 951 1365 1022 λύπη
1395 952 1520 1016 τοὺς

56 1047 231 1108 mihi;
254 1043 590 1108 ἀκούσαντας,
633 1043 713 1096 ὅτι
742 1043 1217 1116 παραγενομένους
1255 1043 1390 1115 πρὸς
1422 1041 1520 1114 τὴν

56 1135 253 1206 ὑμετέραν
278 1134 550 1204 τιμιότητα
585 1134 679 1187 καὶ
710 1132 1080 1205 προσήκασθε,
1115 1134 1207 1187 καὶ
1241 1133 1523 1193 κοινωνίας

56 1228 180 1287 αὐτοῖς
202 1223 626 1295 ὲκκλησιαστικῆς
659 1222 1012 1293 μετεδώκατε.
1039 1222 1296 1292 Καίτοιγε
1313 1217 1522 1275 ἐιδέναι

55 1318 150 1386 ὑμᾶς
179 1315 336 1385 ἐχρῆν,
377 1314 542 1385 ὅτιτῇ
573 1314 667 1368 τοῦ
705 1313 841 1367 Θεοῦ
873 1315 1056 1385 χάριτι
1096 1313 1218 1366 οὔτε
1253 1313 1394 1368 κατὰ
1421 1314 1521 1385 τὴν

65 1406 281 1476 ’Δνατολὴν
305 1405 443 1475 μόνοι
464 1406 618 1466 ἐστὲ,
659 1406 794 1460 ἀλλὰ
839 1407 932 1460 καὶ
973 1407 1200 1470 πολλοὺς
1222 1406 1372 1476 ἔχετε
1422 1406 1524 1477 τῆς

56 1500 197 1553 ἑαυτῶν
239 1498 458 1570 μερίδος,
511 1498 562 1550 οἳ
614 1498 711 1569 τὴν
759 1498 867 1551 τῶν
919 1500 1178 1571 Πατέρων
1219 1499 1524 1554 ὲκδικοῦσιν

55 1591 296 1660 ὀρθοδοξίαν,
315 1589 416 1642 τῶν
450 1590 592 1644 κατὰ
620 1591 852 1643 Νίκαιαν
885 1591 946 1642 τὸ
978 1591 1196 1654 εὐσεϐὲς
1227 1591 1400 1662 δόγμα
1425 1591 1525 1661 τῆς

56 1686 220 1746 simu);
242 1682 530 1752 ὲκθεμένων
548 1700 562 1711 ⁸
593 1683 690 1736 καὶ
716 1682 766 1734 οἱ
791 1683 891 1752 τῆς
918 1682 1129 1746 Δύσεως
1160 1683 1357 1745 πάντες
1391 1681 1451 1735 σύ
1461 1699 1526 1752 μ-

56 1789 163 1840 ςωνοι
195 1773 302 1841 ὑμῖν
330 1788 383 1823 τε
419 1772 512 1825 καὶ
552 1775 686 1843 ἡμῖν
723 1772 1079 1842 τυγχάνουσιν
1100 1789 1112 1801 ·
1143 1766 1216 1826 ὧν
1247 1772 1524 1842 δεξάμενοι

823 379 1309 439 EPISTOLARUM
1347 379 1634 438 CLASSIS
1671 377 1734 434 11.
1777 378 2000 436 EPIST.
2037 379 2279 437 CCLXV.

3083 381 3185 438 990

1621 495 1877 558 dogmata
1905 493 2100 549 exierit
2142 495 2233 550 ille
2262 509 2327 549 ex
2373 494 2639 561 Ecclesia,
2671 510 2898 551 necesse
2925 503 3008 550 est
3038 495 3186 552 illius

1619 594 1940 650 sectatores,
1974 587 2432 641 anathematizata
2463 588 2552 640 illa
2584 588 2798 654 haeresi,
2831 588 2910 641 sic
2940 586 3005 640 ad
3035 601 3187 641 com-

1617 677 1934 730 munionem
1961 676 2195 739 admitti,
2218 683 2278 730 ut
2323 677 2418 746 qui
2447 676 2611 731 nobis
2651 677 2928 746 conjuncti
2963 693 3058 746 per
3087 691 3188 734 vos

1620 765 1856 831 fuerint,
1903 769 1971 822 ab
2019 769 2170 822 omni
2222 768 2567 838 recipiantur
2612 767 2976 824 fraternitate.
3029 768 3188 824 Nunc

1619 858 1762 912 enim
1805 859 2053 928 pluribus
2106 875 2214 914 non
2261 858 2556 934 mediocris
2589 859 2744 914 dolor
2787 859 3053 925 inﬁictus,
3094 861 3187 915 ubi

1621 951 1913 1004 audierunt
1951 965 2045 1006 eos
2075 951 2140 1005 ad
2172 961 2412 1005 vestram
2455 949 2822 1020 praestantiam
2855 949 3188 1022 allacce-

1621 1040 1836 1104 dentes,
1863 1048 1917 1095 et
1955 1041 2226 1096 admissos
2255 1057 2376 1096 esse
2411 1055 2441 1093 a
2471 1041 2660 1104 vobis,
2695 1047 2750 1094 et
2783 1041 3188 1095 communionis

1621 1132 2008 1188 ecclesiasticae
2034 1131 2210 1188 factos
2237 1147 2360 1186 esse
2382 1132 2698 1201 participes.
2728 1129 2806 1184 Ac
2835 1146 2932 1186 vos
2971 1131 3186 1200 quidem

1622 1238 1722 1294 par
1759 1230 1876 1278 erat
1901 1223 2222 1294 intelligere,
2257 1223 2348 1276 Dei
2378 1224 2550 1294 gratia
2584 1225 2685 1278 nec
2717 1223 2773 1277 in
2795 1221 3015 1278 Oriente
3042 1223 3188 1278 solos

1623 1330 1719 1370 vos
1763 1330 1916 1378 esse,
1967 1316 2061 1371 sed
2101 1323 2156 1370 et
2198 1316 2400 1370 multos
2441 1315 2643 1370 habere
2673 1313 3188 1378 commnnicatores,

1622 1405 1844 1461 Patrum
1872 1407 2109 1472 illorum,
2132 1407 2226 1477 qui
2250 1405 2442 1460 Nicaea:
2474 1407 2620 1476 pium
2652 1405 2775 1460 ﬁdei
2803 1404 2995 1474 dogma
3025 1420 3191 1474 expo-

1627 1505 1880 1560 suerunt,
1940 1505 2091 1553 recte
2137 1497 2260 1552 ﬁdei
2308 1497 2665 1564 defensores;
2710 1504 2762 1552 et
2811 1497 2865 1551 in
2897 1496 3192 1553 Occidente

1625 1605 1817 1645 omnes
1847 1591 2126 1645 vobiscum
2161 1605 2224 1644 ac
2254 1591 2538 1644 nobiscum
2575 1590 2885 1645 consentire
2914 1608 2927 1644 :
2959 1604 3190 1659 quorum

1626 1682 1750 1737 fidei
1806 1691 2012 1736 tomum
2063 1689 2343 1750 acceptum
2391 1679 2534 1750 apud
2573 1696 2672 1735 nos
2717 1678 3088 1742 custodimus,
3140 1688 3193 1733 et

1627 1790 1813 1830 sanam
1859 1775 2102 1844 ipsorum
2143 1773 2446 1827 doctrinam
2493 1773 2792 1842 sequimur.
2827 1771 3058 1826 Decebat
3093 1770 3192 1841 igi-

55 1862 115 1930 τῇς
135 1863 326 1925 πίστεως
348 1862 434 1914 τὸν
460 1863 626 1932 τόμον
648 1861 841 1933 ἔχομεν
867 1863 996 1933 παρ’
1017 1864 1247 1924 ἑαυτοῖς,
1270 1862 1520 1932 ἑπόμενοι

1637 1876 1738 1932 tur,
1781 1867 2060 1928 omnibus,
2106 1865 2197 1935 qui
2231 1868 2285 1919 in
2329 1865 2516 1920 eadem
2568 1880 2632 1918 ac
2673 1879 2772 1918 vos
2810 1863 3192 1920 communione

55 1954 243 2025 αὖτώντῇ
272 1954 575 2026 ὑγιαινούσῃ
599 1955 709 2026 (46)
739 1955 1068 2027 διδασκαλίᾳ.
1089 1954 1235 2008 Ἔδει
1264 1950 1356 2008 οῦν
1388 1956 1524 2009 πάν-

55 2061 114 2107 :1;
130 2044 536 2116 πληροφορείσθαι
559 2047 687 2109 τοὺς
711 2047 768 2098 ἐν
787 2050 852 2118 τῇ
876 2047 1011 2118 αὐτῇ
1042 2047 1301 2118 συναφείᾳ
1328 2045 1527 2116 τυγχά-

55 2154 179 2200 νοντας
217 2137 348 2208 ὑμῖν,
382 2137 467 2190 ἵνα
511 2138 610 2190 καὶ
660 2137 727 2190 τὰ
759 2139 1021 2210 γινόμενα
1054 2138 1252 2210 μᾶλλον
1297 2137 1526 2208 βεϐαιω-

55 2229 190 2299 Βῇμῖ)
212 2232 261 2282 ὲν
289 2233 348 2302 τῇ
390 2230 652 2284 πλειόνων
684 2231 1096 2300 συγκαταθέσει,
1141 2233 1234 2285 καὶ
1263 2233 1293 2301 ἡ
1336 2231 1526 2304 εἰρήνη

55 2321 100 2391 μὴ
128 2321 369 2386 διεσπᾶτο,
404 2323 462 2375 ὲν
507 2325 574 2393 τῇ
623 2339 784 2377 τινων
822 2323 1118 2395 προσλήψει
1176 2323 1376 2394 ἑτέρων
1421 2325 1526 2393 ἁφ-

55 2414 298 2482 ιπαμένων.
323 2415 503 2479 Οὕτως
525 2410 619 2470 οὖν
640 2413 707 2487 ἦν
730 2415 938 2488 πρέπον
968 2415 1354 2486 βουλεύσασθαι
1385 2417 1527 2486 ὑμᾶς

56 2504 248 2575 στιϐαρῶς
277 2507 363 2558 καὶ
409 2507 600 2578 πράως
631 2509 760 2578 περὶ
799 2508 1139 2580 πραγμάτων
1170 2507 1370 2571 πάσαις
1408 2510 1528 2570 ταῖς

55 2594 143 2646 κατὰ
178 2597 259 2666 τὴν
293 2597 613 2668 οἰκουμένην
646 2596 994 2667 Ἐκκλησίαις
1035 2595 1413 2666 διαφερόντων.
1452 2595 1526 2647 Οὐ

55 2685 164 2756 γὰρό
192 2687 310 2757 ταχύ
341 2705 388 2741 τι
413 2689 750 2759 δογματίσας
781 2688 1083 2751 ἐπαινετὸς,
1113 2687 1226 2740 ἀλλ’
1261 2689 1290 2740 ὁ
1319 2686 1529 2755 παγίως

55 2779 110 2830 καὶ
150 2779 424 2842 ἀσαλεύτως
480 2783 692 2835 ἕκαστα
743 2781 1065 2847 κανονίσας,
1118 2780 1257 2834 ὥστε
1303 2780 1398 2834 καὶ¹
1452 2781 1531 2842 εἰς

55 2870 107 2920 ξὺν
137 2871 247 2939 μετὰ
289 2871 451 2927 ταῦτα
498 2873 691 2945 χρόνον
736 2871 1126 2943 ἐξεταζομένην
1171 2871 1269 2943 τὴν
1306 2869 1565 2942 γνώμηνι

55 2961 336 3033 δοκιμωτέραν
368 2965 684 3034 φαίνεσθαι,
716 2960 868 3029 οὗτος
903 2964 1196 3028 ἀπόδεκτος
1232 2965 1327 3017 καὶ
1382 2962 1530 3032 παρά

55 3053 124 3125 Θεῷ
146 3058 220 3109 καὶ
239 3058 556 3128 ἀνθρώποις,
580 3058 655 3120 ὡς
683 3055 978 3127 οἰκονομῶν
1003 3059 1130 3120 τοὺς
1151 3056 1341 3125 λόγους
1365 3055 1529 3109 αὐτοῦ

55 3147 84 3196 ἐν
104 3148 259 3217 κρίσει,
289 3149 484 3214 Ταῦτα,
520 3150 622 3202 ὅσα
661 3148 831 3201 ἐδίδου
867 3150 1001 3219 ἡμῖν
1032 3149 1066 3219 ἡ
1108 3147 1194 3200 διὰ
1226 3147 1318 3200 τοῦ
1349 3148 1529 3218 γράμ-
1559 3189 1597 3240 C

56 3255 163 3305 ματος
202 3241 386 3311 ὁμιλία,
435 3239 970 3312 προσεφθεγξάμεθα
1020 3239 1172 3309 ὑμῶν
1220 3240 1318 3310 τὴν
1375 3237 1530 3292 εὐλά-
1559 3221 1599 3240 υ

55 3329 164 3384 iam.
193 3333 451 3403 Παράσχοι
480 3333 542 3386 δὲ
575 3334 604 3385 ὁ
649 3333 849 3404 Κύριος
895 3333 990 3384 καὶ
1028 3333 1106 3395 εἰς
1149 3331 1340 3384 ταυτὸν
1388 3331 1534 3402 ἡμᾶς

55 3419 225 3490 mihi;
261 3424 502 3491 γενέσθαι
545 3421 707 3474 ποτέο
747 3421 853 3485 ἵνα,
888 3420 1064 3472 πάντα
1104 3417 1241 3490 πρὸς
1279 3435 1536 3489 καταρτι-

55 3512 138 3580 rain
171 3514 262 3566 τῶν
295 3513 628 3584 Ἐκκλησιῶν
657 3512 750 3565 τοῦ
797 3510 931 3564 Θεοῦ
969 3509 1085 3580 μεθ’
1133 3508 1286 3578 ὑμῶν
1336 3509 1537 3561 οἰκονο-

55 3600 267 3669 μήσαντες,
301 3603 412 3672 μεθ’
446 3601 605 3672 ὑμῶν
634 3599 914 3671 δεξώμεθα
944 3599 1034 3651 τὸν
1066 3598 1253 3668 μισθὸν
1275 3598 1362 3651 τὸν
1389 3601 1534 3670 ἡτοι-

55 3693 254 3762 μασμένον
281 3695 422 3767 παρὰ
460 3693 561 3748 τοῦ
586 3693 793 3747 δικαίου
827 3691 1014 3762 κριτοῦ
1048 3695 1160 3755 τοῖς
1197 3694 1410 3754 πιστοῖς
1443 3692 1536 3744 καὶ

55 3787 260 3857 φρονίμοις
286 3788 588 3859 οἰκονόμοις
604 3827 616 3841 .
637 3785 785 3848 Τέως
811 3785 869 3837 δὲ
898 3783 991 3838 νῦν
1011 3783 1382 3850 καταξίὼσατε
1407 3787 1537 3855 ἡμῖν

55 3876 287 3935 Ξποττεῖλαι
325 3883 420 3946 τὰς
475 3881 799 3953 προτάσεις,
860 3881 943 3949 ἐφ’
977 3874 1064 3943 αἷς
1116 3878 1364 3944 ἐδέξασθε
1413 3879 1539 3942 τοὺς

55 3969 309 4040 “zmilion,
337 3977 515 4029 ἐκεῖνο
537 3972 754 4038 εἰδοτες,
776 3973 857 4025 ὅτι
889 3971 990 4025 κᾶν
1019 3973 1156 4026 πάνυ
1181 3972 1241 4023 τὸ
1269 3970 1391 4024 καθ’
1417 3973 1539 4024 ἐαυ-

91 4149 258 4207 ³Ῥεο1.
277 4169 383 4220 cxr,
414 4155 470 4211 5.

91 4308 174 4378 (ﬂ)
221 4313 462 4382 Ἐξῆλθε
491 4312 602 4381 τῆς
645 4311 1024 4378 Ἐκκλησίας.
1070 4309 1264 4382 Mirum
1295 4309 1357 4382 id
1389 4309 1539 4382 vide-

56 4393 103 4429 ,ιιι
124 4395 178 4454 ac
215 4379 378 4452 prima
429 4379 616 4454 specie
644 4385 754 4454 vix
786 4379 1425 4454 credibileLMarcelluAm
1472 4381 1541 4435 ob

61 4450 184 4524 inpios
210 4448 415 4509 errores
442 4448 510 4509 ex
534 4452 772 4508 Ecclesia
800 4453 1020 4524 exiisse.
1048 4448 1181 4503 Nam
1217 4449 1275 4502 S.
1300 4450 1542 4504 Athana-

55 4521 121 4593 ηυξ
142 4531 428 4593 suspectum
461 4525 615 4578 illum
646 4523 885 4593 quidem,
918 4521 1010 4576 sed
1043 4528 1221 4573 tamen

56 4587 358 4666 ta.buit,__'teste
388 4587 718 4666 Epiphanio,
738 4595 944 4666 Ahmres.
979 4605 1227 4666 LX_XII,_p.
1247 4587 1381 4666 83'].
1406 4589 1544 4644 Hinc

60 4656 147 4730 llius
187 4656 990 4730 discipuli"c'ommunicatorias
1038 4656 1338 4715 beatissimi
1393 4676 1545 4730 papa:

55 4725 261 4802 λυμπιοδῙί
300 4725 511 4789 litteras
553 4734 911 4788 ostenderunt
938 4725 1542 4802 confessoribusJEg‘y-

56 4798 149 4874 uiis,
189 4801 307 4858 ibid.
352 4819 489 4874 pag.
539 4803 664 4858 843.
703 4803 959 4874 Testatur
1014 4798 1542 4874 idem_E_piphanius

56 4871 148 4921 raria
187 4886 297 4928 esse
335 4870 742 4928 Catholicorum
777 4873 843 4926 de
877 4870 1128 4925 Marcello
1163 4870 1390 4939 judicia,
1422 4873 1542 4928 aliis

55 4950 128 5010 gum
156 4943 550 5007 accusantibus,
591 4943 714 4998 aliis
767 4941 1204 5004 defendentibus,
1248 4955 1370 5010 pag.
1417 4942 1538 4996 854.

56 5002 244 5084 ’aulinus
285 5015 402 5083 ejus
453 5002 754 5084 discipulos
796 5014 923 5084 sine
949 5002 1269 5084 discrimine
1307 5002 1542 5084 fecipie.

56 5086 188 5155 1:1,ut
219 5079 581 5155 in_superiore
597 5079 840 5155 epistola
873 5079 1282 5155 vidimus._lp§e
1307 5079 1542 5155 Basilius

58 5160 79 5195 ι]
102 5152 328 5226 epist._69
354 5149 602 5226 queritur
627 5149 771 5226 quod
800 5169 936 5226 eum
953 5149 1195 5226 Ecclesia
1216 5149 1456 5226 Romana
1487 5152 1543 5207 in

56 5220 417 5292 :onnnunionein
444 5225 514 5279 ab
540 5220 696 5279 initio
724 5223 1076 5292 suscepisset.
1106 5220 1387 5287 Quomodo
1413 5238 1542 5292 ergo

55 5288 191 5364 ttiisse
216 5294 407 5364 dicitur
439 5310 506 5350 ex
553 5293 793 5350 Ecclesia
827 5288 918 5364 qui
953 5299 1030 5364 tot
1071 5292 1259 5364 habuit
1283 5288 1543 5364 commu-

56 5362 294 5418 aratores?
330 5363 439 5419 Sed
479 5373 656 5419 tamen
703 5363 761 5420 ὃ.
805 5362 988 5418 Basilii
1025 5362 1390 5417 testimonium
1417 5378 1539 5416 cum

55 5441 304 5505 iuasponte
334 5437 513 5505 magni
543 5443 628 5490 est
659 5434 916 5490 momenti
950 5437 1082 5505 (non
1101 5433 1244 5505 enim
1281 5440 1340 5505 ut
1373 5433 1425 5505 in
1456 5434 1543 5488 di-

58 5497 292 5576 udicandis
324 5497 560 5560 Mari-cili
603 5506 843 5576 scriptis,
890 5497 967 5576 ita
1003 5503 1074 5576 in_
1099 5501 1364 5571 ejusmodi
1403 5503 1542 5558 facto

56 5571 230 5642 iroclive
273 5575 372 5628 fuit
415 5577 642 5642 errare),
688 5571 803 5630 tum
851 5574 1014 5628 etiam
1061 5573 1163 5626 hoc
1221 5583 1543 5642 argumento

55 5640 341 5718 mnﬁrrqqtur
382 5647 528 5718 quod
577 5640 921 5718 Athanasius
956 5641 1214 5698 extremis
1261 5640 1384 5697 vita:
1431 5660 1544 5718 sum

55 5711 163 5763 mnis
209 5711 511 5771 Marcellum
564 5732 595 5770 a
652 5713 1032 5772 communione
1085 5727 1182 5770 sua
1233 5716 1537 5769 reinoverit.

55 5773 184 5836 ltenue
229 5786 389 5854 enim,
438 5787 485 5842 si
529 5802 746 5858 semper
797 5800 920 5843 cum
973 5799 1038 5841 eo
1083 5785 1540 5844 communicasset

1626 1968 1782 2023 sunt,
1827 1957 2112 2021 satisﬁeri,
2146 1965 2204 2010 ut
2256 1971 2344 2010 res
2373 1963 2537 2026 gestae
2569 1956 2744 2024 magis
2795 1954 3076 2012 ﬁrmentur
3123 1973 3192 2013 ex

1625 2051 1921 2105 multorum
1945 2064 2238 2113 consensu,
2268 2062 2374 2102 nec
2398 2062 2502 2118 pax
2532 2047 2834 2110 scindatur,
2861 2049 2985 2102 aliis
3006 2050 3193 2105 absce-

1627 2141 1878 2196 dentibus
1904 2139 2032 2195 dum
2067 2140 2158 2193 alii
2193 2138 2580 2193 admittuntur.
2635 2137 2726 2194 Sic
2782 2139 2948 2209 igitur
2967 2140 3194 2195 decebat

1626 2231 1916 2287 concilium
1947 2245 1976 2282 a
2007 2231 2160 2285 vobis
2188 2230 2423 2301 graviter
2451 2245 2513 2283 ac
2540 2229 2746 2284 leniter
2778 2229 2900 2283 iniri
2934 2230 3000 2284 de
3031 2234 3195 2286 rebus

1627 2325 1695 2379 ad
1744 2339 1931 2380 omnes
1980 2323 2129 2378 orbis
2172 2330 2438 2378 terrarum
2473 2321 2748 2377 Ecclesias
2801 2323 3191 2392 spectantibus.

1627 2415 1744 2471 Non
1767 2417 1910 2470 enim
1937 2416 2028 2483 qui
2059 2415 2168 2469 cito
2208 2414 2413 2483 aliquid
2441 2414 2704 2470 decernit.
2739 2412 3041 2467 laudandus
3073 2422 3195 2479 est;

1629 2508 1723 2562 sed
1752 2506 1845 2577 qui
1891 2505 2043 2570 ﬁrma
2073 2515 2128 2560 et
2157 2506 2419 2559 immobili
2448 2521 2638 2559 norma
2685 2506 2868 2559 omnia
2893 2505 3194 2568 constituit,

1631 2597 1766 2652 adeo
1807 2603 1868 2650 ut
1909 2593 2599 2666 examinata‘subsequenti
2644 2605 2886 2666 tempore
2929 2600 3195 2652 sententia

1629 2690 1907 2760 probatior
1952 2697 2006 2744 et
2047 2689 2343 2760 spectatior
2373 2689 2483 2753 ﬁat,
2541 2689 2588 2745 is
2638 2688 2749 2744 Deo
2781 2697 2834 2744 et
2880 2691 3197 2746 hominibus

1630 2793 1885 2851 acceptus
1927 2788 2050 2844 est,
2093 2788 2153 2834 ut
2199 2781 2290 2850 qui
2335 2795 2616 2836 sermones
2662 2797 2791 2836 suos
2839 2780 3091 2852 disponat
3140 2781 3196 2836 in

1626 2872 1921 2943 judicio”.
1951 2871 2044 2926 llis
2078 2871 2278 2935 verbis,
2313 2880 2572 2941 quantum
2605 2887 2700 2941 per
2731 2873 2939 2927 litteras
2961 2873 3195 2942 colloqui

1629 2961 1763 3017 mihi
1814 2962 2002 3026 licuit,
2055 2961 2309 3032 pietatem
2355 2969 2591 3015 vestram
2651 2963 2988 3031 compellavi.
3043 2959 3198 3016 Faxit

1633 3063 1812 3110 autem
1848 3055 2112 3110 Dominus
2133 3094 2146 3118 ,
2190 3063 2247 3108 ut
2279 3067 2378 3108 nos
2407 3062 2596 3107 mutuo
2626 3054 2916 3123 aliquando
2945 3054 2999 3108 in
3031 3069 3198 3108 unum

1634 3146 2024 3202 conveniamus
2053 3166 2065 3200 :
2095 3155 2153 3200 ut
2205 3145 2385 3200 omnia
2424 3144 2490 3198 ad
2531 3143 2894 3200 Erclesiarum
2935 3145 3026 3200 Dei
3068 3161 3199 3200 con-

1635 3238 1952 3294 cinnitatem
1986 3239 2268 3294 vobiscum
2300 3237 2722 3300 constituentes,
2758 3238 3036 3292 vobiscum
3068 3240 3200 3293 reci-

1634 3331 1844 3400 piamus
1856 3331 2155 3386 mercedem
2174 3337 2532 3400 praeparatam
2553 3330 2742 3399 ajusto
2750 3329 2934 3398 judice
2951 3328 3200 3384 ﬁdelibus

1635 3419 2100 3490 prudentibusque
2124 3419 2628 3488 dispensatoribus!
2670 3419 2823 3473 Nunc
2857 3419 3072 3473 interim
3115 3419 3192 3473 di-

1636 3509 1878 3578 gnemini
1899 3510 1962 3562 ad
1983 3526 2067 3564 me
2094 3511 2496 3579 propositiones
2527 3510 2757 3573 mittere,
2791 3510 2989 3579 quibus
3015 3525 3200 3564 assen-

1635 3603 1837 3657 tientes
1881 3600 2119 3656 Marcelli
2163 3602 2466 3671 discipulos
2515 3602 2830 3670 recepistis;
2873 3600 3016 3655 haud
3068 3602 3199 3656 illud

1638 3696 1973 3766 ignorantes,
2001 3695 2213 3750 etiamsi
2238 3695 2460 3750 omnino
2491 3695 2542 3749 id
2576 3695 2720 3764 quod
2761 3696 2816 3749 in
2845 3696 3000 3749 vobis
3038 3695 3200 3749 situm

1637 3798 1754 3854 est,
1794 3798 2004 3845 sartum
2040 3795 2353 3857 tectumque
2394 3787 2696 3857 praestetis,
2733 3802 2840 3841 non
2883 3797 3063 3841 tamen
3105 3799 3200 3841 vos

1638 3898 1752 3937 rem
1806 3882 1941 3936 tanti
1986 3863 2249 3936 momenti
2298 3879 2701 3949 vobismetipsis
2734 3879 3035 3949 lattribuere
3071 3878 3200 3933 solis

1639 3973 1872 4040 debere;
1915 3971 2009 4027 sed
2047 3978 2320 4042 oportere,
2358 3978 2418 4023 ut
2444 3979 2495 4024 et
2530 3967 2927 4032 Occidentales,
2950 3977 3004 4023 et
3023 3968 3114 4040 qui
3145 3967 3200 4024 in

1642 4313 1991 4374 Athanasius,
2026 4326 2162 4380 opus
2189 4310 2506 4365 habmssent
2533 4311 2679 4365 illius
2711 4309 2966 4380 discipuli
2990 4311 3194 4367 confes

1642 4386 1798 4438 sione
1834 4382 1952 4436 ﬁdei
1985 4383 2055 4452 ad
2087 4382 2480 4452 impetrandam
2515 4383 2888 4452 confessorum
2912 4380 3204 4452 {Egyptia-

1643 4470 1764 4508 rum
1791 4449 2224 4506 communionem
2261 4470 2273 4505 :
2305 4466 2406 4506 nec
2435 4449 2630 4506 Petrus
2664 4451 2945 4504 Athanasii
2985 4449 3204 4507 succes-

1294 4528 1545 4589 urgatum
1575 4526 1618 4581 D
1649 4540 1740 4579 sor
1772 4537 2012 4576 canones
2051 4522 2301 4586 violatos,
2343 4536 2605 4577 concessa
2654 4521 2763 4575 illis
2805 4522 3205 4584 communione,

1646 4602 1985 4662 quereretur,
2035 4599 2093 4645 ut
2143 4591 2390 4662 videmus
2446 4592 2500 4644 in
2556 4591 2785 4662 epistola
2837 4592 3104 4658 sequenti,
3159 4593 3204 4646 si

1644 4660 1935 4734 Egyptnm
1975 4664 2116 4734 inter
2153 4675 2217 4715 ac
2268 4660 3100 4734 Marcellum'ejusqueelernm
3152 4670 3206 4715 et

1685 4727 1854 4794 Iebém
1890 4746 1999 4787 non
2029 4731 2222 4786 fuisset
2258 4739 2416 4801 rupta
2450 4727 2781 4801 communio.
2814 4727 3043 4783 Videtur
3079 4745 3206 4801 ergo

1685 4750 1854 4794 lenem
1890 4750 1999 4787 non
2029 4750 2222 4786 IUISSCI
2258 4750 2416 4801 rupta
2450 4750 2781 4784 COIllmUIIIO.
2814 4750 2849 4780 κν
2866 4750 3043 4783 ιυριυι·
3079 4750 3205 4800 ergo

1645 4750 1930 4858 Biarcellus
1971 4802 2074 4857 sub
2107 4803 2267 4855 linem
2319 4803 2442 4854 vita:
2487 4799 2689 4868 aliquid
2737 4813 3013 4868 peccasse,
3059 4800 3205 4869 quod

1643 4874 2000 4928 Anathasium
2037 4871 2105 4923 ab
2133 4871 2255 4940 ejus
2305 4871 2687 4940 communione
2726 4869 3007 4940 discedere
3049 4885 3206 4938 coge-

1644 4952 1728 4999 ret
1763 4963 1775 4998 :
1812 4951 1867 4998 ct
1893 4958 2018 4998 cum
2043 4937 2359 5009 jamdudum
2391 4955 2420 4992 a
2447 4946 2561 4993 toto
2591 4939 2704 4993 fere
2733 4937 2954 4993 Oriente
2982 4937 3206 4993 damna-

1643 5021 1734 5068 tus
1759 5021 1923 5078 esset,
1969 5012 2169 5066 amissa
2199 5009 2482 5064 Athanasii
2511 5009 2914 5070 communione,
2938 5024 3058 5077 quae
3081 5009 3206 5062 uni-

1645 5099 1769 5137 cum
1801 5085 1914 5138 fere
1945 5082 2090 5135 illius
2115 5080 2384 5149 refugium
2414 5085 2552 5142 erat,
2580 5078 2829 5133 desertus
2851 5079 2919 5133 ab
2947 5080 3204 5134 omnibus

1643 5154 1814 5208 videri
1849 5153 2056 5217 debuit,
2101 5165 2202 5204 nec
2232 5152 2280 5203 ei
2324 5163 2460 5204 nova
2510 5149 2809 5219 ignominia
2852 5156 3036 5219 notato
3077 5163 3207 5218 pro-

1643 5223 1802 5279 desse
1845 5233 2057 5295 poterat
2106 5233 2369 5274 concessa
2417 5217 2556 5273 olim'
2595 5234 2627 5272 a
2673 5217 2918 5273 Romana
2963 5218 3206 5274 Ecclesia

1645 5309 1977 5349 communio.

1715 5363 1824 5434 (45)
1859 5364 2022 5418 οὕτω
2045 5360 2312 5426 δεκτούς.
2342 5356 2452 5413 llas
2478 5372 2640 5413 voces
2664 5357 2971 5414 addidimus
2998 5375 3063 5414 ex
3087 5365 3208 5415 octo

1644 5449 1777 5490 mss.

1715 5504 1827 5576 (46)
1858 5503 1944 5576 ,Τῇ
1984 5500 2362 5576 ὑγιαινρύσῃ.
2415 5498 2492 5553 lta
2525 5510 2635 5554 tres
2662 5500 3017 5555 vetustissimi
3058 5498 3207 5555 codi-

1644 5573 1755 5632 ces.
1791 5573 1933 5629 Editi
1962 5577 2029 5645 τῇ
2056 5573 2215 5645 ὑγιεῖἶ

1716 5648 1824 5716 (47)
1857 5637 2175 5716 Βεϐιὶὶωθῇ.
2198 5639 2457 5716 rlta_Harl.
2477 5648 2541 5716 et
2563 5637 2702 5693 Med.
2720 5637 2862 5716 Editi
2884 5640 3204 5716 é6e€attbilq.

1644 5708 1844 5772 Ibidem
1893 5716 2023 5770 editi
2053 5708 2209 5782 ἐντῇ
2236 5711 2344 5764 τῶν
2376 5708 2582 5763 πολλῶν
2619 5719 2670 5762 et
2715 5710 3021 5769 διέσπαστο,
3072 5708 3208 5768 Tres

1646 5786 1999 5845 vetustissimi
2036 5783 2248 5841 codices
2282 5790 2340 5839 ut
2364 5783 2418 5837 in
2451 5789 2616 5836 textu.
