3810 6500
57 347 126 406 997
918 321 1407 383 EPISTOLARUM
1439 321 1726 378 CLASSIS
1761 322 1828 378 Il.
1867 317 2089 380 EPIST.
2129 321 2447 380 CCLXVIII.

3125 328 3222 384 998

56 461 155 518 ius
178 458 388 529 μίμησαι
442 451 539 519 τὴν
590 444 820 501 σεαυτοῦ
852 447 910 497 ἐν
939 447 1075 498 πᾶσι
1100 444 1432 514 τελειότητα,
1466 441 1552 494 ἵνα

1671 458 1782 506 nus,
1823 444 1878 496 in
1908 441 2138 498 Domino
2171 444 2350 507 laetus,
2398 457 2463 496 ac
2493 457 2588 513 pro
2619 457 2704 499 me
2736 457 2921 507 orans,
2962 447 3220 502 conccda-
3281 463 3284 466 ’

56 556 123 609 καὶ
165 551 303 621 ἡμεῖς
355 538 748 609 ἀπολαύσωμεν
809 554 901 590 σου
943 538 1042 608 τῆς
1101 536 1321 607 ἀρετῆς,
1358 535 1432 597 ὡς
1467 533 1560 588 καὶ

1667 534 1744 590 ris
1772 535 1904 589 mihi
1937 544 1991 591 et
2024 534 2118 590 Dei
2143 534 2424 592 Ecclesiae.

55 652 88 704 et
117 644 257 700 λοιποὶ
303 638 513 700 πάντες.
577 635 937 706 Ἐρῤωμένος,
989 633 1224 704 εὔθυμος
1256 631 1366 701 (62)
1418 631 1476 683 ἐν
1517 629 1727 700 Κυρίῳ,
1790 632 2220 704 ὑπερευχόμενός
2261 648 2383 703 μου,
2415 631 2730 704 χαρισθείης
2763 649 2852 703 μοι
2889 631 2982 688 καὶ
3008 636 3078 704 τῇ
3134 630 3224 687 τοῦ

53 735 148 792 Θεοῦ
182 729 448 803 Ἐκκλησία

495 839 844 894 ΕΠΙΣΤΟΛΗ
869 840 1034 893 ΣΞΙΡ.

2064 833 2412 890 EPISTOLA
2452 833 2756 890 CCLXVIII
2778 842 2816 891 ‘.

54 967 201 1022 Eusebio
219 960 488 1018 mirabiliter
511 967 704 1027 seruato
725 959 1014 1027 gratulatur_.
1035 956 1234 1022 ejusque
1272 955 1482 1027 reditum
1506 959 1668 1027 sperat
1691 952 2020 1027 Ecclesiarzmt
2049 953 2270 1027 precibus
2311 967 2588 1027 concessum
2615 952 2699 1004 iri.
2729 957 2801 1027 De
2812 958 2975 1027 fetui
2991 955 3142 1027 ,ζιζξυε-
3167 970 3228 1026 ηπ

93 1016 247 1082 libauit)
263 1016 455 1076 diacono
485 1023 700 1080 edoctus,
725 1016 909 1072 "cratera
933 1016 1071 1085 scire'
1092 1016 1214 1085 avet,
1250 1020 1333 1085 aut
1355 1016 1515 1085 citius,
1531 1016 1619 1085 aut
1645 1016 1927 1085 saltemper
1950 1016 2160 1085 Paulum
2198 1017 2565 1085 presbyterum,
2581 1029 2689 1064 cum
2715 1016 2906 1085 redibit.
2934 1017 3071 1068 Nihil
3095 1018 3142 1070 ei
3179 1019 3228 1068 in

93 1076 238 1142 aut;
250 1088 430 1139 tradere
451 1097 601 1134 ausus
621 1076 728 1141 est;
752 1096 808 1133 eo
825 1080 952 1146 quod
976 1081 1068 1146 via;
1086 1076 1355 1146 latronibus
1372 1086 1416 1129 et
1441 1076 1765 1146 desertoribus
1786 1076 1947 1140 plana:
1979 1076 2088 1128 sint.
2115 1076 2370 1128 Exercitus
2393 1078 2600 1128 adventu
2623 1077 2840 1130 nuntiato
2877 1086 3041 1142 sperat
3071 1090 3224 1132 moat-

94 1138 553 1215 ξέιῆἧίραιιφιὶίιὶιαιεηι
577 1159 596 1206 ;
618 1138 809 1210 tumque
832 1138 979 1194 mittet
999 1141 1208 1205 aliquem
1229 1155 1255 1191 e
1281 1141 1382 1191 suis
1399 1140 1460 1189 ad
1482 1138 1753 1189 Eusebium-

360 1269 634 1333 Εὑσεὸίῳ
669 1269 740 1322 ἐν
771 1267 975 1336 ἐξορίᾳ
1017 1266 1166 1320 ὄντι.

105 1383 268 1450 Ἔδειξε
299 1381 390 1435 καὶ
443 1379 527 1449 ἐφ’
563 1380 596 1449 ὴ
608 1378 723 1448 μῶν
752 1379 780 1430 ὁ
808 1377 1032 1448 Κύριος,
1060 1377 1142 1429 ὅτι
1185 1377 1285 1430 οὐκ
1316 1378 1550 1445 ἐγκατα-

54 1481 174 1533 λείπει
215 1475 327 1537 τοὺς
384 1472 565 1534 όσίους
624 1468 813 1534 αὑτοῦ,
846 1472 911 1540 τῇ
942 1469 1153 1540 μεγάλῃ
1182 1469 1276 1521 καὶ
1317 1470 1553 1540 κραταιᾷ

55 1568 152 1640 χειρὶ
187 1563 329 1618 αὐτοῦ
378 1558 788 1632 περισκεπάσας
829 1558 926 1629 τὴν
972 1558 1115 1628 ζωὴν
1143 1559 1242 1628 τῆς
1277 1558 1554 1628 όσιότητός

57 1678 132 1713 σου.
168 1657 334 1728 Σχεδὸν
354 1653 459 1724 γὰρ
496 1651 878 1723 παραπλήσιον
915 1651 1072 1703 τοῦτο
1098 1651 1355 1721 τιθέμεθα
1385 1650 1462 1720 τῷ
1497 1653 1554 1703 ἐν

55 1750 177 1818 κοιλία
219 1746 399 1816 κήτους
444 1741 636 1811 ἀπαθῆ
696 1740 965 1811 διαμεῖναι
1006 1741 1097 1793 τὸν
1153 1741 1327 1808 ἆγιον,
1362 1740 1458 1793 κα)¹
1496 1742 1554 1793 ὲν

2216 1265 2444 1321 Eusebio
2474 1268 2666 1322 exsuli.

1727 1374 1924 1431 Docuit
1949 1385 2138 1433 nostra
2165 1379 2329 1433 etiam
2359 1388 2520 1434 attate
2547 1379 2831 1444 Dominus,
2860 1389 3079 1435 sanctos
3103 1396 3232 1436 suos
3311 1427 3316 1432 .

1658 1482 1688 1522 a
1716 1483 1774 1522 se
1804 1484 1913 1523 non
1945 1469 2145 1536 deseri,
2184 1470 2313 1525 dum
2355 1486 2551 1542 magna
2583 1480 2636 1526 et
2680 1472 2890 1542 potenti
2928 1487 3092 1526 manu
3133 1489 3232 1527 sua
3317 1479 3324 1488 ‘

1658 1561 1825 1615 vitam
1858 1563 2171 1620 sanctitatis
2206 1572 2312 1618 tum
2344 1565 2596 1634 protexit.
2635 1564 2768 1619 Fere
2794 1565 2939 1619 enim
2973 1565 3149 1620 simile
3178 1566 3232 1619 id

1659 1652 1913 1710 ducimus
1948 1670 2012 1710 ac
2048 1656 2102 1709 in
2130 1665 2320 1712 ventre
2349 1658 2455 1710 ceti
2487 1657 2716 1712 illa'sum
2753 1673 3076 1727 permanere
3107 1673 3234 1713 san-

1660 1750 1829 1806 ctum,
1862 1751 1915 1799 et
1946 1744 2001 1798 in
2044 1745 2346 1800 vehementi
2380 1745 2593 1800 ﬂamma
2637 1749 2774 1801 citra
2811 1747 3070 1802 damnum
3113 1765 3234 1802 vcr-

55 1842 144 1911 πδρὶ
186 1838 347 1909 λάϐρῳ
383 1833 639 1896 ἀϐλαϐῶς
663 1832 967 1886 διαιτᾶσθαι
1009 1833 1136 1896 τοὺς
1186 1832 1554 1903 φοϐουμένους

1671 1835 1771 1889 sari
1829 1835 2078 1892 homines
2114 1837 2399 1891 Dominum
2444 1839 2740 1904 timentes;
2793 1839 3234 1909 quandoquidem

56 1935 114 1986 τὸν
136 1931 304 2002 Κύριον
323 1947 336 1959 ο
360 1931 493 1983 ὅπου
523 1944 590 1996 γε
630 1926 726 1980 καὶ
754 1925 852 1997 τὴν
882 1925 980 1997 σὴν
1010 1925 1317 1980 θεοσέϐειαν
1351 1943 1555 1979 παντα-

56 2025 307 2096 χόθενύμίν,
347 2021 420 2085 ὡς
461 2019 669 2079 ἀκούω,
724 2017 820 2071 τοῦ
861 2018 1096 2088 πολέμου
1147 2017 1552 2090 περιχυθέντος,

57 2115 206 2186 ἀϐλαϐῆ
226 2111 513 2182 διεφύλαξε.
549 2111 662 2164 Καὶ
689 2108 942 2178 φυλάξειέ
978 2109 1159 2179 γε(6¹5)
1178 2109 1314 2179 πρὸς
1333 2109 1394 2161 τὸ
1430 2111 1554 2180 ἑξῆς

59 2205 265 2268 bisve-.6;
293 2203 419 2266 Θεὸς
447 2203 602 2272 ἡμῖν,
628 2199 720 2253 ἐὰν
744 2199 823 2252 ἐτι
866 2198 1048 2270 ζῶμεν
1075 2199 1206 2271 (64),
1230 2199 1290 2252 τὸ
1331 2199 1558 2252 πολύευ-

60 2315 143 2350 κτον
165 2296 342 2366 θέαμα⁸
365 2294 397 2366 ἢ
437 2297 550 2357 τοῖς
577 2291 710 2362 γοῦν
736 2291 936 2354 ἄλλοις,
959 2291 1009 2342 οἳ
1039 2291 1140 2361 τὴν
1176 2288 1274 2361 σὴν
1303 2289 1557 2344 ἐπάνοδον

59 2388 178 2451 οὕτως
220 2387 585 2457 ἀναμένουσιν,
637 2385 711 2447 ὡς
756 2383 962 2437 οίκείαν
992 2383 1202 2436 ἐαυτῶν
1239 2383 1514 2453 σωτηρίαν
1537 2422 1550 2436 .

61 2479 292 2550 Πέπεισμαι
327 2478 454 2550 γὰρ,
493 2479 577 2530 ὅτι
632 2480 744 2540 τοῖς
775 2476 1003 2548 δάκρυσι
1042 2475 1151 2528 τῶν
1189 2474 1550 2545 Ἐκκλησιῶν,

61 2573 228 2634 καὶτοῖς
260 2571 576 2640 στεναγμοῖς
621 2563 702 2632 οἷς
735 2569 828 2622 ἐπὶ
863 2568 946 2620 σοὶ
997 2567 1108 2637 (65)
1139 2568 1339 2632 πάντες
1372 2567 1560 2622 στενά-

61 2661 162 2723 ζουσι
190 2659 416 2731 προσχὼν
438 2661 466 2711 ό
493 2659 897 2729 φιλάνθρωπος,
921 2646 1232 2726 διαφυλάξει
1257 2674 1316 2710 σε
1340 2656 1417 2728 τῷ
1438 2657 1556 2728 βίῳ,

61 2754 130 2815 ἕως
149 2755 200 2806 ἂν
236 2753 302 2824 δῷ
343 2754 438 2825 τὴν
459 2752 623 2825 χάριν
648 2755 761 2815 τοῖς
797 2751 990 2814 νυκτὸς
1023 2751 1117 2804 καὶ
1142 2750 1355 2822 ἡμέρας
1381 2750 1562 2821 δεομέ-

63 2861 138 2906 νοις
167 2845 324 2900 αὐτοῦ.
383 2846 464 2899 Τὰ
521 2846 623 2917 μὲν
675 2840 769 2898 οὖν
813 2844 974 2915 μέχρι
1008 2844 1108 2914 τῆς
1143 2843 1432 2914 ἐπιδημίας
1463 2843 1559 2896 τοῦ

63 2937 276 3008 ἀγαπητοῦ
308 2938 529 3008 ἀδελφοῦ
563 2937 722 3008 ἡμῶν
782 2935 1036 2990 Λιϐανίου
1082 2934 1177 2987 τοῦ
1215 2935 1558 2989 συνδιακόνου

63 3031 350 3101 πεπραγμένα
399 3030 520 3085 καθ’
581 3030 738 3100 ὑμῶν
778 3028 888 3100 (66)
935 3027 1002 3081 δι’
1045 3027 1210 3081 αὑτοῦ
1273 3027 1413 3081 κατά
1461 3028 1561 3098 τὴν

63 3123 232 3192 πάροδον
259 3122 446 3186 ἱκανῶς
478 3121 838 3192 ἐδιδάχθημεν
868 3137 882 3149 ⁸
927 3119 994 3173 τὰ
1023 3119 1080 3173 δὲ
1103 3119 1197 3171 ἀπ’
1225 3119 1433 3172 ἐκείνου
1467 3117 1560 3171 τοῦ

1663 1927 1915 1996 pietatem
1953 1937 2102 1982 tuam
2146 1928 2289 1982 bello
2339 1929 2598 1999 undique,
2651 1938 2708 1984 ut
2755 1931 2937 1995 audio,
2979 1925 3074 1986 vos
3121 1931 3234 1985 cir-

1662 2024 1989 2084 cumstante,
2027 2021 2355 2074 incolumem
2408 2022 2666 2076 servavit.
2711 2021 2776 2075 Et
2805 2023 3012 2076 utinam
3058 2032 3234 2079 servet

1663 2110 2008 2180 omnipotens
2031 2110 2173 2166 Deus
2207 2112 2386 2175 nobis,
2419 2113 2806 2179 sivixerimus,
2838 2117 3236 2185 peroptandum

1664 2202 2062 2272 spectaculum,
2114 2211 2206 2257 aut
2251 2204 2444 2258 saltem
2495 2205 2635 2269 aliis,
2673 2206 2766 2276 qui
2799 2214 2953 2260 tuum
2999 2209 3234 2263 reditum

1663 2292 1889 2362 perinde
1915 2300 2230 2361 exspectant
2259 2299 2318 2345 ut
2349 2307 2504 2346 suam
2530 2293 2773 2362 ipsorum
2801 2295 3066 2348 salutem!
3100 2293 3236 2349 Nam

1664 2382 1909 2437 futurum
1938 2383 2072 2436 mihi
2117 2383 2437 2453 persuadeo,
2472 2391 2534 2436 ut
2573 2382 2942 2438 Ecclesiarum
2978 2385 3236 2456 lacrymis

1664 2483 1719 2531 et
1747 2476 2061 2545 gemitibus,
2093 2491 2230 2545 quos
2261 2486 2351 2530 tua
2396 2491 2560 2532 causa
2590 2493 2780 2534 omnes
2814 2477 3118 2546 ell‘undunt,
3157 2490 3240 2535 at-

1666 2577 1850 2625 tentus
1898 2568 2216 2624 misericors
2267 2567 2408 2623 Deus
2456 2569 2788 2624 incolumem
2844 2579 2894 2626 te
2937 2573 3235 2638 custodiat,

1667 2661 1842 2716 donec
1868 2668 2074 2714 annuat
2114 2661 2204 2727 iis,
2240 2659 2331 2730 qui
2373 2677 2499 2716 cum
2532 2668 2698 2716 noctu
2739 2677 2804 2717 ac
2839 2661 3074 2717 interdiu
3115 2681 3241 2734 pre-

1666 2761 1880 2808 cantur.
1916 2752 2178 2823 Equidem
2220 2768 2341 2822 quas
2385 2769 2558 2824 usque
2588 2753 2656 2807 ad
2692 2753 2879 2809 dilecti
2919 2755 3108 2813 fratris
3149 2774 3241 2812 no-

1667 2846 1766 2900 stri
1800 2845 2016 2901 Libanii
2063 2846 2390 2900 condiaconi
2433 2845 2728 2903 adventum
2759 2855 2950 2904 contra
2977 2865 3076 2906 vos
3117 2860 3240 2907 acta

1668 2946 1816 3003 sunt,
1856 2938 1992 2994 satis
2017 2954 2084 2994 ex
2119 2938 2239 3008 ipso
2273 2948 2592 2994 transeunte
2619 2939 2800 2995 edocti
2840 2958 3032 2999 sumus
3068 2961 3082 2998 :
3119 2960 3242 3015 quae

1666 3045 1798 3085 vero
1843 3029 1912 3084 ab
1958 3029 2053 3084 illo
2095 3037 2340 3100 tempore
2388 3030 2770 3102 contigerunt,
2819 3031 3033 3090 discere
3083 3037 3243 3106 cupi-

1669 3137 1811 3177 mus.
1860 3120 2064 3191 Majora
2116 3122 2262 3176 enim
2297 3121 2586 3192 interiecto
2616 3131 2860 3194 tempore
2906 3134 2959 3180 et
2989 3129 3242 3196 graviora

63 3214 200 3281 196m
246 3213 462 3285 δεόμεθα
492 3213 705 3286 μαθεῖν.
749 3210 986 3276 Μείζονα
1015 3210 1125 3282 γὰρ
1159 3211 1218 3262 ἐν
1252 3209 1332 3280 τῷ
1365 3209 1564 3280 μεταξὺ

1671 3214 1923 3270 audimus
1957 3213 2102 3268 mala
2128 3213 2255 3269 istic
2287 3215 2540 3270 evenisse
2571 3234 2583 3269 :
2612 3231 2732 3286 qua
2765 3217 3006 3286 quidem,
3042 3220 3089 3275 si
3125 3221 3242 3276 fieri

65 3306 128 3357 καὶ
167 3307 489 3380 χαλεπώτερα
531 3305 804 3376 ἀκούομεν
851 3304 1181 3374 γεγενῆσθαι
1245 3302 1390 3375 πάθη
1426 3302 1565 3374 ’περὶ

65 3400 148 3461 τοὺς
165 3400 333 3464 τόπους
357 3399 465 3470 (67)
495 3415 508 3430 ·
543 3398 710 3469 ἅπερ,
743 3397 836 3451 ἐὰν
867 3391 1013 3468 μὲνῇ
1038 3395 1283 3460 δυνατὸν,
1315 3397 1409 3449 καὶ
1440 3396 1568 3450 θᾶτ-

65 3504 123 3541 τον
140 3490 242 3561 (68),
265 3494 310 3545 εί
351 3493 406 3545 δέ
455 3492 553 3564 μὴ,
586 3489 674 3544 διὰ
695 3487 826 3558 γοῦν
860 3488 954 3541 τοῦ
989 3489 1387 3544 εύλαϐεστάτου
1414 3489 1564 3543 ἀδελ-

67 3583 132 3648 φοῦ
156 3583 336 3637 Παύλου
386 3584 478 3638 τοῦ
521 3581 1007 3655 συμπρεσϐυτέρου
1030 3583 1345 3646 ἐπανιόντος
1379 3581 1568 3652 μάθοι-

70 3689 151 3740 μεν,
179 3676 241 3740 ὡς
281 3677 569 3748 εὐχόμεθα,
620 3676 701 3729 ὅτι
735 3673 973 3744 ἀϐλαϐὴς
1017 3676 1112 3727 καὶ
1165 3673 1568 3743 ἀνεπηρέαστος

68 3767 174 3836 ὑμῶν
224 3770 534 3840 φυλάττεται
571 3771 605 3840 ἡ
632 3767 768 3839 ζωή.
802 3765 900 3819 Διά
945 3766 1001 3819 δὲ
1036 3766 1097 3818 τὸ
1129 3766 1359 3819 ἀκοῦσαι
1390 3765 1568 3819 πάντα

66 3857 218 3929 λῃστῶν
259 3864 344 3917 καὶ
389 3862 732 3935 δησερτόρων
783 3859 889 3932 (69)
949 3858 1337 3930 πεπληρῶσθαι
1380 3857 1447 3910 τὰ
1471 3858 1569 3929 τῆς

67 3949 166 4015 ὁδοῦ,
184 3955 506 4026 ἐφοϐήθημεν
538 3972 587 4007 τι
613 3956 692 4016 είς
717 3955 905 4023 χεῖρας
927 3951 1180 4021 ἐμϐαλεῖν
1203 3949 1295 4003 τοῦ
1317 3947 1567 4018 ἀδελφοῦ,

72 4042 120 4113 μὴ
141 4047 212 4098 καὶ
236 4048 370 4119 αὐτῷ
398 4049 510 4120 (70)
537 4045 814 4119 παραίτιοι
835 4043 1062 4098 θανάτου
1093 4040 1397 4113 γενώμεθα.
1442 4041 1570 4095 Ἐἀν

69 4133 104 4187 δὲ
134 4137 190 4208 δῷ
230 4143 254 4194 ό
293 4141 491 4213 Κύριος
525 4139 751 4212 μετρίαν
781 4137 1043 4208 γαλήνην,
1071 4135 1146 4198 ὼς
1174 4133 1441 4204 ἀκούομεν
1473 4133 1569 4187 τοῦ

73 4232 362 4298 στρατοπέδου
427 4235 531 4305 τὴν
575 4229 829 4302 πάροδον,
884 4227 1256 4297 σπουδάσομεν
1319 4226 1414 4280 καὶ
1462 4225 1570 4280 τῶν

71 4313 288 4387 ἡμετέρων
343 4316 624 4390 ἐκπέμψαι
676 4315 818 4378 τινὰ,
857 4314 949 4367 τὸν
988 4310 1419 4381 ἐπισκεψόμενον
1480 4311 1572 4364 καὶ

71 4403 219 4462 ἔκαστοι
239 4413 356 4482 ἡμῖν
375 4412 482 4466 τῶν
502 4410 632 4481 παρ’
661 4409 786 4479 ὑμῖν
823 4406 932 4477 (71)
957 4404 1377 4473 ἀναγγέλλοντα.

134 4590 202 4661 62)
229 4595 507 4663 Εὔθυμος.
539 4588 684 4643 Edili
710 4586 805 4639 καὶ
851 4583 1106 4655 εὔθυμος.
1151 4583 1314 4639 Deest
1342 4584 1571 4656 conjun-

74 4660 148 4733 ctio
163 4660 214 4733 in
237 4660 498 4733 plerisque
522 4675 654 4715 mss.

119 4730 202 4802 (65)
224 4723 650 4802 Πανταχόθεν...
681 4723 966 4796 φυλάξειέ
1104 4725 1178 4778 Ita
1211 4733 1421 4780 veteres
1443 4725 1571 4780 libri

119 4816 231 4848 mmo
263 4817 545 4848 ι-ηηςρειιςιι.
577 4797 722 4848 Editi
772 4813 981 4848 πανταγ
1017 4813 1098 4848 σε.
1141 4806 1194 4848 et
1241 4797 1400 4848 paulo
1449 4802 1571 4848 nos!

73 4797 231 4918 ἓιιωῐιὶλο
249 4797 545 4907 εεοηεὲἰιειι.
577 4797 722 4854 Editi
772 4797 1098 4865 πανταχόσε,
1141 4806 1194 4851 et
1241 4797 1400 4866 paulo
1449 4802 1572 4866 post

95 4887 188 4918 ιααν
216 4874 344 4918 ἀλειέ
370 4891 449 4918 γε,

95 4871 344 4932 ιαφυλάξειέ
370 4891 450 4932 γε.

593 4938 672 5014 Ita
689 4945 807 5014 tres
824 4934 1183 4992 vetustissimi
1204 4934 1423 4991 codices
1447 4950 1570 4990 cum

75 5007 263 5074 Pluribus
293 5007 608 5072 aliistditi
646 5007 941 5078 ἐπιζῶμεν.

124 5081 208 5152 (65)
238 5081 326 5150 Οἷς
350 5086 446 5139 ἐπὶ
476 5083 596 5137 σοι.
627 5074 879 5156 Plerique
908 5091 1041 5156 mss.
1070 5074 1162 5138 οὒς
1186 5074 1406 5156 σοί.
1441 5074 1572 5131 Har-

78 5145 227 5208 leaniis
257 5145 606 5212 et'lledicaaus
635 5145 986 5206 consentiunt
1018 5161 1142 5201 cum
1177 5145 1358 5200 editis.

140 5221 209 5296 (ᾖ)
237 5228 362 5281 Καθ’
396 5223 580 5296 ὑμῶν.
614 5220 766 5296 Multi
797 5219 1012 5296 codices
1045 5214 1165 5296 καθ’
1198 5216 1386 5296 ὑμᾶς,

142 5285 209 5365 67)
232 5285 582 5365 Γεγενῆσθαι
631 5291 790 5365 «(ign
842 5287 972 5365 asp}
1022 5285 1161 5352 τοὺς
1203 5285 1450 5365 τόπους.)
1495 5285 1574 5339 Ita

79 5355 384 5427 ηδ’τ1.,(]οἱει.
416 5355 666 5430 uterque,
697 5355 816 5413 Vat.
846 5367 900 5412 et
930 5355 1062 5430 Reg.
1097 5357 1372 5430 secundus
1405 5364 1460 5411 et
1484 5373 1575 5430 ve:

77 5426 512 5492 Iusta’editiones-
556 5426 882 5488 Parisiensis
943 5426 1187 5496 γίνεσθαι
1246 5426 1392 5498 πάθη
1448 5426 1576 5498 περὶ

79 5499 765 5581 έκεὲῑευςτρὺςεόπουςλι.
887 5571 919 5581 _.
1415 5569 1427 5581 .

127 5573 215 5646 (68)
244 5567 339 5631 Kal
372 5567 960 5649 ὀᾶττονζροηὶυιιοιίο
1005 5567 1188 5649 addita
1230 5583 1296 5622 ex
1335 5569 1579 5649 quinque

78 5651 177 5697 mss.
200 5638 421 5706 inelioris
447 5659 604 5704 notae.
642 5644 735 5698 Sic
749 5638 923 5698 etiam
957 5638 1174 5694 eosdem
1200 5640 1370 5693 secuti
1401 5648 1581 5693 muta-

80 5713 214 5793 fingus
231 5722 361 5789 quod
389 5720 527 5775 infra
556 5719 833 5788 legebatur
863 5713 917 5768 in
947 5708 1106 5767 editis
1134 5709 1578 5777 διαφυλάττονται

82 5797 204 5844 vim.

1667 3308 1861 3376 possit,
1895 3307 2059 3361 etiam
2088 3306 2276 3371 citius,
2314 3308 2400 3362 sin
2431 3309 2635 3372 minus,
2677 3311 2867 3366 saltem
2891 3327 2987 3381 per
3025 3314 3244 3384 religio-

1668 3397 1945 3453 sissimum
1996 3399 2221 3452 fratrem
2275 3396 2503 3452 Paulum
2541 3400 3068 3470 compresbyterum,
3112 3417 3240 3459 cum

1667 3489 1994 3555 revertetur,
2025 3490 2304 3546 discamus
2334 3491 2408 3544 ita
2429 3507 2573 3558 esse,
2611 3499 2671 3544 ut
2701 3507 3012 3562 precamur,
3048 3511 3242 3564 nempe

1667 3583 1835 3637 vitam
1872 3591 2020 3636 tuam
2057 3583 2388 3637 incolumem
2419 3589 2472 3638 et
2505 3583 2733 3638 illaesum
2766 3585 3055 3639 custodiri.
3091 3584 3240 3651 Quo-

1669 3677 1817 3731 niam
1846 3683 2026 3729 autem
2065 3676 2376 3730 audivimus
2403 3681 2632 3731 cunctas
2663 3675 3014 3745 praedonibus
3055 3692 3119 3732 ac
3146 3678 3238 3732 de-

1671 3768 1978 3824 sertoribus
2018 3767 2252 3823 refertas
2301 3783 2421 3823 esse
2462 3768 2614 3832 vias,
2669 3769 2827 3823 veriti
2855 3769 3018 3842 415
3050 3786 3242 3827 sumus

1671 3845 1968 3931 quidquam
2017 3859 2072 3914 in
2121 3858 2309 3914 fratris
2355 3874 2551 3913 manus
2583 3858 2820 3924 tradere,
2858 3877 2928 3916 ne
2975 3862 3025 3916 ei
3075 3863 3242 3917 etiam

1669 3953 1865 4009 mortis
1899 3967 2069 4008 causa
2101 3952 2294 4007 simus.
2338 3949 2493 4018 Quod
2526 3951 2570 4007 si
2597 3951 2806 4007 dederit
2836 3952 3100 4010 Dominus
3125 3971 3243 4010 mo-

1670 4044 1848 4099 dicam
1904 4043 2360 4113 trauquillitatem
2418 4042 2710 4114 (siquidem
2761 4046 3039 4101 exercitus
3086 4047 3243 4102 audi-

1669 4153 1793 4192 mus
1831 4136 2172 4204 adventum),
2211 4134 2531 4190 curabimus
2560 4143 2613 4190 et
2658 4145 2972 4192 nostrorum
3005 4139 3242 4209 aliquem

1670 4230 1907 4295 mittere,
1962 4229 2057 4300 qui
2104 4244 2202 4285 vos
2244 4229 2466 4295 invisat,
2518 4236 2574 4286 et
2620 4229 2833 4301 singula
2875 4246 2994 4302 quae
3036 4231 3103 4287 ad
3143 4248 3242 4290 vos

1671 4332 1944 4396 spectant,
1984 4322 2147 4378 nobis
2175 4322 2411 4378 nuntiet.

1602 4597 1647 4654 ι)
1676 4663 1691 4668 _
1745 4589 1854 4668 (69)
1877 4588 1984 4668 Kal
2005 4586 2398 4668 δησερτόρῳν.
2421 4583 2497 4640 Ita
2527 4584 2698 4668 codex
2713 4584 3010 4668 VOaticanus
3034 4604 3087 4642 .n
3111 4587 3247 4668 duo-

1676 4657 1780 4720 bus
1814 4657 1988 4725 lucis;
2028 4658 2116 4712 bis
2145 4657 2290 4712 enim
2323 4657 2437 4710 haec
2481 4657 2712 4726 epistola
2755 4658 2809 4710 in
2837 4659 3027 4712 eodem
3057 4659 3248 4714 codice

1675 4731 1968 4804 reperitur.
2012 4727 2102 4783 Sic
2133 4728 2295 4804 etiam
2335 4727 2507 4781 codex
2539 4726 3019 4804 Clarqmontanus.
3045 4727 3246 4804 Regius

1675 4796 1887 4875 primus
1914 4799 2275 4875 ﬁndapcdpwv
2296 4814 2312 4831 ο
2365 4796 2638 4875 secundus
2687 4797 3029 4875 δισερτόρῶν.
3063 4796 3245 4875 _(_loisl.

1678 4866 2237 4944 ᾖιθίῐῐιιιεγδισεκτόρῶν
2257 4884 2270 4899 ·
2303 4867 2572 4923 secundus
2588 4866 2934 4944 δίσερτέρων.
2960 4868 3247 4944 Μεόῇοᾳξυε

1677 4939 2011 5016 δυσερτόρων
2035 4939 2274 5016 secunda
2293 4953 2454 5016 manu
2476 4954 2490 5002 ;
2509 4945 2569 5016 ιιι
2596 4939 2770 5016 prima
2793 4939 3054 5016 scriptum
3080 4941 3248 5016 fuisse

1677 5005 2010 5085 δεσερτόρων
2043 5010 2266 5085 coniicit
2296 5005 2651 5085 doctissimus
2679 5005 2975 5085 Salvinilis.
3013 5007 3248 5085 Harlasa-

1678 5077 1963 5159 nus'nunc
1983 5077 2235 5159 habct’ut
2268 5079 2399 5159 editi
2437 5077 2755 5159 διακτόρων,
2792 5088 2847 5159 ει
2875 5080 3002 5159 olim
3034 5081 3249 5159 videtur

1681 5154 1938 5209 habuisse
1977 5150 2322 5221 δισερτόρων.
2353 5147 2732 5221 Nondubium
2766 5157 2852 5203 est
2879 5151 3014 5219 quin
3067 5152 3250 5219 legen-

1680 5226 1808 5280 dum
1848 5223 1920 5293 sit
1947 5218 2307 5293 δησερτόρῳν,
2344 5219 2445 5293 vel_
2471 5218 2820 5293 δεσεειόρῳν,
2856 5218 2978 5274 cum
3035 5218 3249 5293 constet

1680 5303 1814 5350 tunc
1837 5284 2146 5355 Thraciam,
2179 5284 2269 5345 ubi
2295 5290 2580 5344 exsulabat
2599 5284 2894 5355 Eusebius,
2922 5290 3248 5360 gravissimo

1681 5366 1824 5423 bello
1861 5364 2083 5420 arsisse.
2099 5429 2102 5432 χ

1777 5436 1864 5499 70)
1896 5434 2005 5488 Kal
2027 5429 2206 5495 αὐτῷ.
2243 5429 2574 5499 Conjunctio
2601 5429 2786 5484 addita
2824 5446 2891 5486 ex
2923 5445 3017 5486 sex
3043 5446 3176 5487 mss.

1777 5436 1842 5490 70
1896 5436 2005 5488 Kal
2027 5436 2206 5495 αὐτῷ.
2243 5436 2574 5499 Conjunctio
2601 5436 2786 5484 addita
2824 5446 2891 5486 ex
2923 5445 3017 5486 sex
3043 5446 3176 5487 mss.

1751 5436 1865 5577 (7i;
1904 5505 2047 5577 Πρρξ
2076 5500 2249 5577 Δὑμῖν·1
2284 5500 2656 5577 Consentium
2688 5501 2745 5577 in
2789 5502 2891 5577 hac
2938 5516 3099 5577 voce_
3122 5501 3251 5557 libri

1682 5569 1917 5634 veteres.
1946 5569 2090 5628 Editi
2122 5569 2249 5642 παρ’
2275 5571 2447 5639 ὑμῶν.
2480 5569 2681 5642 Ibidem
2703 5570 2872 5628 Coisl.
2897 5571 3172 5628 secundus
3199 5580 3254 5629 et

1683 5648 1816 5718 Reg.
1837 5645 2113 5703 secundus
2128 5639 2217 5694 τὸν
2234 5643 2328 5695 καὶ
2345 5639 2769 5766 ἐπισκεψόὲιενον
2785 5643 2879 5696 καὶ
2898 5643 3251 5713 ἀγγελοῦντα.

1758 5724 1771 5740 ·
1806 5717 1953 5766 Alias
1977 5714 2068 5766 1X.
2102 5713 2319 5766 Scriota
2354 5727 2499 5766 anno
2530 5711 2596 5766 57
2641 5749 2655 5766 .

1758 5711 1953 5772 "Alias
1977 5714 2068 5770 IX.
2102 5713 2319 5784 Scripta
2354 5727 2499 5768 anno
2530 5711 2655 5767 578.
