3810 6486
96 336 204 395 1005

870 325 1361 385 EPISTOLABUM
1397 327 1687 386 CLASSIS
1725 330 1789 385 II.
1834 328 2050 385 EPIST.
2091 328 2382 385 CCLXXII.

3116 328 3251 383 10οῢ

94 448 324 519 ἀληθείας,
353 444 444 499 καὶ
467 445 577 507 τοῖς
606 443 970 513 συνημμένοις
992 445 1376 514 πνευματικῶς
1406 445 1476 499 τά
1501 445 1602 517 μέ-

1716 446 1958 515 quoniam
1983 451 2199 515 oportet
2227 458 2314 498 me
2332 450 2388 498 et
2414 450 2608 499 testem
2631 455 2755 498 esse
2781 438 3053 506 veritatis,
3079 449 3134 495 et
3159 438 3253 504 iis,

92 556 219 613 γιστα
241 536 339 591 τῶν
366 534 487 606 ἐμοὶ
521 532 826 603 προσόντων
858 533 1175 605 χαρίζεσθαι
1197 550 1212 565 ο
1236 534 1300 587 τὸ
1341 534 1439 606 μὲν
1473 536 1602 606 περὶ

92 636 167 704 τὴν
210 627 486 700 ἱερωσύνην
532 624 934 695 ἀνεπηρέαστον
978 625 1070 678 τοῦ
1126 625 1313 697 ἀνδρὸς
1366 625 1602 697 ἡγοῦμαι

92 730 164 777 καί
190 721 260 773 σοὶ
294 717 519 788 φανερὸν
546 712 681 770 εἶναι
702 736 713 748 ·
773 716 977 786 βεϐαιῶ
1022 717 1080 770 δὲ
1112 716 1265 785 κάγὼ
1296 718 1429 787 (95),
1463 719 1606 772 οὐδε-

96 815 196 884 μίαν
213 810 475 881 γνωρίζων
500 810 616 859 κατ’
646 806 810 860 αύτοῦ
842 806 994 878 παρά
1023 808 1131 860 τῶν
1173 809 1337 861 πᾶσιν
1378 809 1604 862 ἐπιϐαλ-

92 906 252 956 λόντων
278 901 369 962 τὰς
393 901 596 968 χεῖρας.
626 896 835 969 τῶνμὴ
871 898 1218 969 φοϐουμένων
1258 898 1349 952 τὸν
1381 898 1601 969 Κύριον,

92 996 323 1065 ἐπήρειαν.
356 990 609 1057 Καίτοιγε
646 988 699 1040 εἴ
724 1006 775 1042 τι
807 990 1046 1057 ἐγεγόνει
1079 990 1209 1058 (94)
1230 991 1359 1061 παρ’
1400 990 1601 1055 αὐτῶν,

92 1087 177 1139 050’
200 1084 352 1145 οὕτως
385 1081 600 1145 ἀνάξιος
630 1077 698 1151 ἦν
724 1084 753 1134 ὁ
779 1082 936 1152 ἀνήρ.
962 1083 1025 1134 Οί
1063 1080 1120 1133 δὲ
1154 1081 1336 1153 ἐχθροὶ
1363 1082 1456 1135 τοῦ
1488 1084 1605 1135 Κυ-

95 1178 181 1248 ρίου
204 1171 462 1242 βεϐαιοῦσι
494 1172 619 1234 τοὺς
647 1170 885 1241 βαθμοὺς
919 1171 1118 1241 μᾶλλον
1150 1165 1232 1233 οἷς
1262 1170 1328 1224 ἂν
1362 1170 1605 1242 προσπο-

91 1267 300 1337 λεμὼσιν,
333 1264 365 1335 ἢ
413 1263 772 1335 ἀφαιροῦνται
812 1279 865 1316 τι
910 1263 1012 1333 τῆς
1041 1262 1390 1334 ὑπαρχούσης
1427 1264 1607 1326 αὐτοῖς

93 1358 209 1428 παρὰ
232 1356 317 1409 τοῦ
346 1356 660 1427 Πνεύματος
684 1356 920 1427 χάριτος.
956 1354 1101 1426 Πλὴν
1132 1354 1266 1420 ἀλλ’,
1294 1356 1429 1427 ὅπερ
1447 1352 1603 1425 ἔφην,

92 1449 182 1501 οὐδὲ
203 1446 560 1518 κατεπενοήθη
584 1464 637 1499 τι
657 1446 749 1499 τοῦ
776 1446 967 1517 ἀνδρός
983 1445 1113 1517 (95).
1148 1446 1235 1509 Ὠς
1262 1441 1354 1500 οὖν
1374 1446 1606 1518 πρεσϐύ-

92 1557 210 1611 τερον
226 1539 637 1609 ἀνεπηρέαστον,
662 1539 757 1591 καὶ
776 1539 905 1608 ἡμῖν
930 1536 1291 1609 συνημμένον,
1312 1538 1406 1590 καὶ
1427 1538 1606 1608 πάσης

92 1629 232 1691 αἰδοῦς
264 1628 424 1696 ἀξιον,
471 1628 615 1683 οὕτω
654 1627 910 1695 καταξίου
942 1629 1102 1683 αὐτὸν
1128 1630 1279 1703 ὁρᾷν,
1314 1630 1507 1685 σαυτόν
1544 1646 1603 1683 τε

91 1720 289 1790 ὠφελῶν,
316 1722 409 1774 καὶ
443 1722 577 1793 ἡμῖν
605 1719 979 1793 χαριζόμενος.
1010 1772 1021 1779 ,

552 2009 897 2064 ΕΠΙΣΤΟΛΗ
933 2009 1092 2064 ΣΟΒ⁹.
1189 2032 1200 2046 ο

1699 536 1793 606 qui
1829 534 2186 605 spiritualiter
2213 532 2491 602 conjuncti
2528 542 2677 597 sunt,
2708 532 2895 603 largiri
2927 547 3050 602 qua
3079 531 3256 589 habeo

1699 627 1970 693 maxima;
2017 626 2119 680 viri
2166 624 2388 696 quidem
2439 624 2496 679 in
2528 624 2833 679 sacerdotio
2887 624 3255 680 innocentiam

1701 724 1863 786 atque
1884 716 2248 786 integritatem
2277 715 2516 769 arbitror
2544 715 2642 769 tibi
2671 729 2889 785 quoque
2918 722 3102 769 notam
3128 729 3254 770 esse

1702 823 1765 862 ac
1797 816 2157 878 perspectam,
2191 815 2373 862 tamen
2412 813 2467 862 et
2512 822 2611 875 ego
2652 807 2755 861 hoc
2806 806 3092 869 conﬁrmo,
3128 821 3255 861 cum

1700 900 1904 953 nullam
1934 901 1984 954 ei
2024 901 2194 955 sciam
2247 900 2315 951 ab
2346 898 2433 961 iis,
2474 898 2568 966 qui
2602 913 2795 953 manus
2826 898 2880 951 in
2912 913 3102 952 Omnes
3136 897 3258 966 injio

1701 989 1872 1053 ciunt,
1920 1005 2019 1044 nec
2061 988 2347 1045 Dominum
2393 991 2603 1053 timent,
2654 997 2917 1044 structam
2953 988 3122 1044 fuisse
3164 1004 3259 1043 ca-

1701 1080 1990 1137 lumniam.
2022 1082 2198 1150 Atque
2237 1082 2451 1137 etiamsi
2474 1081 2604 1151 quid
2631 1082 2699 1136 ab
2738 1085 2819 1136 eis
2851 1081 3160 1147 accidisset,
3189 1096 3259 1135 ne

1702 1173 1783 1229 sic
1818 1174 2033 1243 quidem
2068 1174 2321 1245 indignus
2358 1182 2503 1229 esset
2535 1173 2701 1245 418
2721 1173 2810 1228 ille
2851 1173 2953 1227 vir.
2988 1170 3123 1225 Nam
3155 1170 3263 1226 Do-

1701 1263 1833 1318 mini
1863 1264 2048 1320 hostes
2071 1265 2270 1335 gradus
2313 1279 2500 1319 eorum
2531 1279 2668 1335 quos
2703 1267 3042 1335 impugnant,
3088 1265 3262 1334 magis

1703 1356 2048 1421 conﬁrmant,
2088 1372 2248 1425 quam
2278 1356 2344 1411 de
2385 1369 2645 1411 concessa
2679 1356 2788 1411 illis
2834 1370 2865 1409 a
2900 1355 3104 1425 Spiritu
3131 1368 3258 1424 gra-

1702 1443 1777 1497 tia
1800 1444 2095 1515 quidquam
2124 1442 2433 1500 detrahunt.
2472 1443 2600 1513 Sed,
2625 1454 2684 1501 ut
2712 1446 2846 1511 dixi,
2881 1462 2951 1501 ne
2986 1446 3263 1517 excogita-

1702 1542 1817 1590 tum
1845 1535 2064 1605 quidem
2097 1535 2199 1590 fuit
2240 1536 2442 1606 aliquid
2486 1536 2541 1590 in
2574 1536 2776 1590 virum.
2809 1535 2993 1606 Itaque
3028 1536 3179 1590 illum
3206 1543 3266 1589 ut

1703 1627 2077 1700 presbyterum
2110 1627 2394 1683 calumniae
2421 1635 2720 1698 expertem,
2741 1626 3008 1696 nobisque
3041 1624 3267 1694 conjun-

1706 1724 1873 1784 ctum,
1911 1725 1966 1774 et
1998 1722 2302 1775 reverentia
2334 1721 2483 1774 omni
2510 1718 2731 1789 dignum
2752 1718 2937 1773 videre
2974 1732 3043 1772 ne
3075 1731 3268 1788 grave-

1635 1802 1678 1857 B
1704 1810 1804 1875 ris,
1838 1819 1893 1867 et
1921 1812 2018 1867 tibi
2049 1813 2165 1883 ipse
2202 1811 2497 1868 consulens
2524 1812 2751 1876 utiliter,
2779 1818 2833 1866 et
2854 1809 3014 1866 nobis
3048 1817 3263 1881 gratum

1708 1903 1933 1958 faciens.

2128 2015 2462 2071 EPISTULA
2512 2014 2789 2071 CCLXXII
2814 2020 2851 2068 ‘.

95 2127 183 2177 Cm
197 2122 442 2192 nyttiasset
452 2124 647 2192 pasilio
679 2125 900 2192 deligens
920 2123 1149 2192 diaconus
1172 2124 1496 2192 Sophronium
1518 2126 1615 2192 ipsi
1635 2143 1929 2190 succensere,
1953 2129 2288 2181 nonnullorum
2319 2128 2614 2181 sermonibus
2631 2126 2908 2192 deceptum;
2928 2124 3102 2176 mirari
3125 2139 3177 2192 se
3196 2125 3269 2177 sia

140 2183 307 2257 gniﬁcat
331 2185 563 2257 Basilius,
574 2188 714 2257 (quod
728 2184 1060 2257 adulatoribus
1075 2200 1223 2255 aures
1240 2183 1522 2257 prwbyisset
1536 2183 1869 2257 'qultronius;
1891 2183 2031 2257 seque
2048 2192 2285 2257 declarat,
2304 2204 2414 2240 cum
2435 2192 2606 2257 multos
2622 2188 2686 2239 ab
2708 2183 2909 2252 intentio

134 2247 787 2316 {mtutemailexerignemini
811 2252 919 2316 plus
940 2247 1178 2316 tribuisse,
1197 2247 1341 2312 quam
1358 2247 1647 2316 Sophronia.
1668 2247 1987 2313 Quamobrem
2007 2252 2126 2304 nihil
2147 2252 2305 2316 magis
2322 2267 2350 2301 a
2372 2266 2423 2303 se
2447 2252 2659 2303 alienum
2680 2247 2967 2316 essé_._qr_tant

3049 2201 3076 2238 e
3096 2188 3267 2256 ad_se-

3042 2256 3267 2314 υπωέἕωπ

137 2306 213 2379 ipsi
228 2311 468 2379 preferre,
490 2318 573 2357 aut
590 2306 647 2379 in
672 2306 1001 2379 Memnoniano
1021 2306 1392 2379 neqotio'coutrq
1414 2306 1516 2377 ejus
1540 2306 1824 2379 vglmﬁatem
1846 2306 1929 2365 aut
1951 2329 2054 2367 rem
2076 2306 2268 2379 veniré'._
2289 2315 2495 2379 Ingenue
2516 2318 2683 2379 narrat
2706 2311 2822 2375 quid
2837 2306 2848 2314 ’
2861 2313 2952 2379 liae
2974 2309 3024 2361 in
3042 2306 3101 2361 re
3121 2308 3268 2362 dixe-

136 2371 200 2419 rit.
222 2371 360 2433 Rogat
378 2378 427 2419 ut
442 2371 535 2421 has
555 2371 647 2420 sibi
665 2371 961 2431 suspiciam
986 2371 1211 2433 remittat,
1234 2385 1293 2422 ac
1309 2371 1533 2437 deinceps
1553 2375 1726 2427 Basilii
1753 2390 1870 2442 erga
1894 2390 1947 2429 se
1964 2390 2180 2427 antorem
2194 2371 2437 2425 calumnia
2454 2372 2584 2425 omni
2605 2371 2838 2437 potiorem
2854 2375 3015 2423 ducat.

416 2482 737 2550 Σωφρονίῳ
768 2482 1074 2551 μαγ-ιστρῳ
1096 2481 1225 2553 (96).

146 2591 186 2644 1.
223 2590 537 2662 ’Δπήγγειλέ
571 2609 660 2662 μοι
694 2591 977 2655 Ἀκτίακος
1005 2590 1114 2663 (97)
1160 2595 1188 2647 ὁ
1231 2593 1492 2668 διάκονος,
1524 2599 1605 2651 ὅτι

94 2681 138 2732 σέ
163 2697 285 2744 τινες
307 2679 586 2751 ἐλύπησαν
612 2681 732 2734 καθ’
764 2681 941 2752 ήμῶν,
973 2682 1344 2748 διαϐάλλοντες
1373 2687 1516 2757 ἡμᾶς
1535 2687 1611 2751 ὡς

92 2771 165 2822 οὐκ
181 2770 419 2835 εὐνοϊκῶς
445 2771 585 2843 πρὸς
614 2771 710 2842 τὴν
750 2772 847 2843 σήν
879 2771 1249 2844 διακειμένους
1286 2777 1611 2849 σεμνότητα.

102 2861 213 2929 Ἐγὼ
234 2862 284 2915 δὲ
324 2863 419 2916 ούκ
446 2862 735 2933 ἐθαύμασα
768 2864 821 2917 εί
843 2864 985 2928 τινές
1025 2867 1161 2919 είσιν
1195 2867 1348 2939 ἀνδρὶ
1376 2869 1612 2941 τοσούτῳ

92 2953 412 3023 παρεπόμενοι
445 2953 693 3017 κόλακες.
743 2954 1023 3023 Πεφύκασι
1062 2956 1169 3027 γάρ
1202 2974 1318 3022 πως
1360 2962 1479 3023 ταῖς
1525 2977 1616 3031 με·

92 3044 249 3111 ’ζάλαις
268 3044 607 3109 δυναστείαις
642 3048 698 3099 αἱ
732 3046 1073 3119 ἀνελεύθεροι
1126 3050 1289 3103 αὑταὶ
1332 3052 1613 3122 παραφύε-

95 3135 187 3188 σθαι
214 3136 488 3208 θεραπεῖαι
510 3154 523 3168 ·
555 3137 605 3190 οἳ
635 3137 721 3192 διά
760 3138 821 3191 τὸ
858 3139 1085 3211 ἀπορεῖν
1126 3142 1323 3195 οἰκείου
1385 3143 1611 3213 ἀγαθοῦ,

91 3226 143 3278 δι’
173 3220 224 3279 οῦ
258 3229 658 3301 γνωρισθῶσιν,
686 3230 750 3282 ἐκ
786 3228 895 3283 τῶν
942 3229 1235 3303 ἀλλοτρίων
1269 3233 1453 3287 κακῶν
1486 3236 1615 3288 ὲαυ-

91 3317 188 3381 τοὺς
217 3320 515 3373 συνιστῶσι.
562 3320 671 3372 Καὶ
717 3320 921 3390 σχεδὸν,
966 3320 1219 3393 ὥσπερὴ
1263 3323 1487 3397 ὲρυσίϐη
1519 3325 1615 3379 τοῦ

94 3406 209 3461 σίτου
232 3411 345 3463 ἐστὶ
374 3409 554 3481 φθορά
587 3413 643 3463 ἐν
682 3410 829 3481 αὐτῷ
874 3413 1128 3483 γινομένη
1163 3414 1241 3485 τῷ
1293 3417 1440 3488 σίτῳ,
1474 3417 1616 3472 οὕτω

92 3501 206 3571 καὶὴ
236 3502 487 3557 κολακεία
535 3504 630 3574 τὴν
678 3503 857 3573 φιλίαν
912 3504 1268 3578 ὑποδυομένη,
1310 3506 1456 3578 λύμη
1500 3509 1616 3562 ἐστὶ

92 3590 164 3659 τῆς
179 3592 358 3658 φιλίας.
395 3594 475 3647 υύ
511 3593 687 3648 τοίνυν
725 3593 1028 3666 ἐθαύμασα,
1056 3596 1130 3661 ὡς
1161 3596 1317 3667 ἔφην,
1360 3600 1414 3653 εί
1447 3616 1614 3664 τινες,

90 3680 243 3755 ὥσπερ
268 3687 316 3738 οἱ
346 3686 595 3757 κηφῆνες
627 3686 697 3739 τὰ
737 3689 939 3759 σμήνη,
984 3688 1152 3753 οὕτως
1200 3690 1353 3744 αὐτοὶ
1384 3690 1493 3762 (98)
1518 3693 1615 3764 τὴν

90 3769 307 3845 λαμπράν
331 3792 423 3828 σου
458 3775 556 3829 καὶ
587 3776 900 3848 θαυμαστὴν
946 3778 1129 3831 ἑστίαν
1171 3778 1611 3851 περιϐομϐοῦσιν.

100 3861 210 3916 Ἀλλ’
248 3868 416 3921 ἐκεῖνό
467 3884 561 3938 μοι
618 3868 926 3938 θαυμαστὸν
977 3870 1145 3941 ἐφάνη
1202 3871 1296 3924 καὶ
1342 3872 1615 3937 παντελῶς

91 3956 378 4026 παράλογον,
426 3959 493 4011 τὸ
537 3959 615 4022 σὲ,
650 3960 816 4031 ἄνδρα
861 3959 953 4012 ἐπὶ
984 3959 1061 4031 τῷ
1110 3960 1265 4032 βάρει
1313 3962 1405 4015 τοῦ
1455 3963 1617 4034 ἤθους

91 4044 288 4112 μάλιστα
349 4049 622 4120 διαφανῆ,
674 4050 997 4120 ἀνασχέσθαι
1066 4052 1247 4116 αὐτοῖς
1301 4054 1618 4129 ἀμφοτέρας

90 4135 258 4192 ἀνεῖναι
300 4141 396 4205 τὰς
437 4141 630 4205 ἀκοὰς,
674 4142 767 4195 καὶ
816 4141 1066 4213 διαϐολὴν
1098 4144 1217 4198 κατ’
1263 4144 1397 4216 ἐμοῦ
1441 4162 1617 4219 παρα-

89 4225 305 4293 δέξασθαι
330 4234 465 4304 (99)·
500 4233 557 4297 ὃς
582 4233 807 4297 πολλοὺς
851 4235 1140 4307 ἀγαπήσας
1165 4237 1229 4289 ὲκ
1251 4237 1347 4308 τῆς
1394 4237 1616 4309 πρώτης

89 4319 267 4387 ἡλικίας
311 4326 474 4397 μέχρι
519 4323 613 4377 τοῦ
670 4325 853 4395 γήρως
904 4324 1114 4390 τούτου,
1163 4327 1353 4383 οὐδένα
1385 4324 1502 4383 οῖδα
1535 4332 1617 4394 είς

2188 2478 2483 2549 Sophronia
2517 2478 2795 2548 magistro.

1784 2592 1835 2647 l.
1875 2591 2155 2647 Nuntiavit
2195 2592 2326 2646 mihi
2355 2591 2608 2647 Actiacus
2639 2590 2935 2656 diaconus,
2972 2588 3267 2643 nonnullos

1712 2681 1811 2737 tibi
1853 2689 1911 2736 ut
1961 2682 2119 2737 nobis
2151 2696 2503 2738 succenseres
2544 2681 2906 2750 persuasisse,
2932 2678 3264 2733 calumniam

1714 2773 1872 2828 nobis
1899 2771 2217 2837 inferentes,
2252 2778 2310 2826 ut
2347 2770 2531 2825 animo
2574 2785 2683 2824 non
2724 2768 2899 2822 amico
2951 2782 3081 2839 erga
3108 2774 3262 2823 tuam

1713 2865 1919 2922 affectis
1950 2866 2289 2936 gravitatem.
2327 2862 2438 2934 Ego
2484 2854 2665 2917 autem
2709 2862 2937 2919 miratus
2966 2876 3074 2918 non
3118 2877 3266 2927 sum,

1714 2960 1760 3015 si
1802 2958 2021 3029 quidam
2067 2965 2279 3012 tantum
2328 2958 2505 3011 virum
2554 2962 2892 3011 assectentur
2940 2954 3271 3010 adulatores.

1716 3050 1903 3106 Solent
1925 3050 2069 3104 enim
2098 3048 2501 3120 quodammodo
2539 3047 2743 3118 magnis
2772 3045 3134 3117 potestatibus
3164 3046 3273 3101 illi-

1715 3144 1926 3199 berales
1951 3141 2220 3212 ejusmodi
2251 3141 2431 3196 cultus
2469 3138 2766 3203 adhaerere,
2795 3137 2994 3207 quibus
3019 3151 3143 3192 cum
3174 3136 3275 3196 de-

1716 3241 1786 3295 sit
1824 3239 2027 3294 bonum
2072 3235 2351 3307 pr0prium
2389 3232 2533 3288 unde
2576 3238 2999 3302 cognoscantur,
3039 3244 3162 3285 sese
3207 3245 3274 3289 ex

1713 3330 1904 3385 alienis
1932 3328 2090 3383 malis
2119 3325 2520 3382 commendant.
2551 3322 2617 3377 Et
2645 3322 2777 3389 fere,
2816 3320 3275 3393 quemadmodum

1713 3420 1907 3491 rubigo
1934 3420 2105 3489 pestis
2131 3427 2214 3473 est
2245 3417 2412 3471 tritici
2456 3416 2512 3471 in
2543 3416 2662 3485 ipso
2699 3421 2826 3468 nata
2854 3414 3069 3480 tritico;
3106 3414 3182 3468 ita
3220 3421 3276 3468 et

1713 3513 2007 3568 assentatio
2048 3527 2107 3567 se
2158 3512 2215 3565 in
2262 3509 2558 3564 amicitiam
2603 3507 2912 3567 insinuans.
2972 3507 3143 3577 pestis
3189 3515 3276 3561 est

1713 3602 1985 3657 amicitiae.
2044 3598 2163 3655 Non
2212 3600 2395 3670 igitur,
2448 3605 2508 3652 ut
2556 3596 2692 3661 dixi,
2754 3595 2982 3651 miratus
3028 3611 3150 3652 sum
3203 3597 3273 3658 si,

1713 3693 2166 3765 quemadmodum
2217 3692 2324 3747 fuci
2381 3689 2614 3760 apiaria,
2667 3687 2743 3742 ita
2796 3687 2883 3743 isti
2934 3686 3276 3758 splendidam

1715 3796 1863 3839 tuam
1892 3799 1955 3839 ac
1983 3783 2250 3837 illustrem
2286 3780 2505 3835 domum
2545 3778 3015 3846 circumstrepunt.
3064 3772 3171 3829 Sed
3202 3774 3271 3831 il-

1714 3878 1807 3933 lud
1848 3876 1981 3932 mihi
2019 3876 2216 3930 mirum
2258 3881 2314 3929 et
2352 3873 2574 3928 omnino
2616 3871 3046 3940 inexspectatum
3094 3868 3276 3924 visum

1714 3976 1818 4032 est,
1840 3979 1913 4035 te,
1939 3948 2113 4023 virum
2136 3967 2397 4038 gravitate
2413 3980 2623 4021 morum
2643 3963 2874 4018 maxime
2894 3961 3275 4033 conspicuum,

1716 4060 2006 4115 adductum
2032 4075 2172 4124 esse,
2204 4068 2264 4113 ut
2294 4066 2579 4127 utramque
2618 4055 2727 4111 illis
2758 4054 3027 4127 praeberes
3062 4066 3276 4117 aurem,

1715 4162 1769 4210 et
1796 4162 1987 4209 contra
2015 4167 2102 4207 me
2129 4150 2463 4206 calumniam
2504 4149 2782 4218 acciperes
2810 4164 2824 4203 :
2848 4145 2941 4216 qui
2984 4159 3108 4200 cum
3136 4143 3279 4198 mul-

1716 4257 1803 4302 tos
1844 4244 2128 4302 dilexerim
2157 4259 2188 4298 a
2222 4245 2397 4315 prima
2423 4251 2579 4299 actate
2612 4256 2786 4311 usque
2813 4240 2880 4296 ad
2908 4240 3011 4295 hoc
3040 4236 3276 4302 senium,

1716 4338 1989 4394 neminem
2044 4337 2169 4391 novi
2228 4350 2389 4407 quem
2442 4334 2497 4388 in
2545 4332 2786 4387 amicitia
2832 4329 3128 4402 integritati
3175 4338 3279 4382 tuae

90 4409 238 4474 φιλίαν
269 4414 365 4484 τῆς
409 4415 511 4485 σῆς
567 4413 899 4485 τελειότητος
952 4417 1312 4487 προτιμήσας.
1356 4419 1466 4473 Καὶ
1506 4418 1615 4492 γὰρ

1717 4427 2069 4499 praetulerim.
2118 4424 2253 4479 Nam
2301 4424 2517 4481 etiarnsi
2567 4423 2709 4477 ratio
2750 4436 2860 4477 non
2900 4418 3276 4491 persuaderet.

89 4502 161 4553 καὶ
182 4506 225 4557 εί
262 4506 334 4575 μὴ
354 4507 383 4558 ὁ
405 4506 564 4573 λόγος
596 4505 779 4559 ἔπεισέ
826 4524 894 4577 με
935 4507 1154 4579 ἀγαπᾷν
1185 4510 1424 4564 τοιοῦτον
1462 4511 1611 4577 ὄντα,

88 4593 273 4666 ἐξήρκει
302 4601 335 4671 ή
360 4602 427 4653 ὲκ
457 4599 645 4662 παιδὸς
675 4600 931 4671 συνήθεια
953 4601 1255 4673 προσδεήσαί
1291 4620 1358 4672 με
1379 4606 1444 4674 τῇ
1468 4602 1614 4676 ψυχῇ

90 4701 182 4741 σου.
206 4686 355 4755 οἶδας
384 4692 445 4746 δὲ
479 4693 602 4746 ὅσον
625 4691 863 4746 ’δύναται
894 4694 968 4763 (l)
1005 4695 1141 4765 πρὸς
1166 4694 1349 4764 φιλίαν
1384 4695 1443 4749 τὸ
1473 4695 1611 4761 ἔθος.

88 4775 135 4828 El
154 4780 202 4832 δὲ
224 4782 367 4837 οὐδὲν
394 4783 643 4854 δείκνυμι
668 4785 768 4855 τῆς
802 4786 1175 4857 προαιρέσεως
1202 4786 1403 4857 ταύτης
1444 4787 1612 4854 ἄξιον,

92 4867 325 4937 σύγγνωθί
367 4891 469 4945 μου
515 4878 584 4946 τῇ
632 4874 902 4947 ἀσθενείᾳ.
953 4876 1063 4930 Καὶ
1117 4876 1225 4950 γὰρ
1280 4878 1401 4932 οὐδὲ
1455 4879 1615 4942 αὐτὸς

142 5004 238 5077 (93)
268 5009 489 5080 Baliari-3
532 5008 600 5063 δὲ
636 5009 814 5080 κάγώ.
866 5010 957 5066 Sic
984 5011 1181 5078 -Harl.,
1232 5011 1397 5076 Med,
1441 5013 1611 5069 Coisl.

87 5081 384 5160 uterquenet
426 5078 626 5160 Regius
652 5078 877 5160 prunus.
908 5081 1055 5160 Editi
1098 5082 1285 5160 Paris:
1323 5084 1521 5160 βεϐαιῷ
1555 5101 1614 5160 σε

87 5148 233 5223 alii).
290 5148 669 5223 [laganoensis'
702 5160 754 5205 et
796 5150 1145 5223 Basileenses
1192 5148 1393 5223 βεϐαιῶ
1437 5154 1610 5223 κάγώ.

280 5220 352 5294 {Et
373 5215 436 5273 ὶι
481 5221 758 5294 ἐγεγᾴνει.
796 5218 872 5294 I_ta
903 5222 1077 5288 Harl"
1102 5215 1242 5280 Med.
1288 5232 1342 5279 et
1368 5215 1612 5279 Cnis|22.

88 5278 325 5366 βιῇιίξες
350 5307 436 5354 τις
487 5278 745 5366 ἐγεγόνει.
800 5290 970 5348 Paulo
992 5278 1143 5366 Αρὸέι
1180 5278 1347 5366 (editi,

87 5350 258 5422 ὲλίθροί.
293 5350 564 5415 Βοίωεέ.
593 5350 657 5415 ut
703 5362 757 5415 in
792 5370 962 5421 textu.
987 5350 1078 5419 Sic
1118 5365 1280 5419 etiam
1323 5350 1490 5422 editio
1515 5350 1616 5419 ini.

88 5435 273 5499 garriet
294 5433 465 5499 prima
500 5430 844 5487 Basileensis.

143 5494 242 5568 (95)
272 5494 682 5573 Κατεπςγσήθη
695 5519 775 5573 ’τι
789 5503 894 5557 τοῦ
918 5503 1154 5573 ἀνδρός.
1199 5504 1280 5560 Ita
1313 5505 1473 5560 iidem
1519 5521 1613 5562 sex

86 5574 221 5629 mss.,
243 5584 431 5631 nempe
467 5570 638 5631 Harl.,

87 5639 311 5713 Uterque.
348 5639 488 5695 Editi
523 5641 664 5695 κατὰ
692 5641 904 5713 ἀνδρός.

288 5713 631 5792 {upper-19.)”
643 5703 962 5792 μιέγίὸςτρέρ.
1019 5714 1093 5792 Ita
1146 5714 1319 5792 Har},
1354 5719 1509 5792 Med.
1557 5726 1612 5775 et

86 5766 479 5851 Coisliprinids.
510 5766 748 5856 Ᾰιίῗτιῖί
776 5766 1098 5859 αύέιῖξηύίξ

717 5572 1037 5648 εφηοοίειζ
1067 5572 1295 5648 uterque
1324 5586 1377 5631 et
1410 5573 1612 5648 Regius
1676 5618 1690 5637 .

1717 4529 1778 4576 ut
1811 4517 2058 4576 te'talem
2095 4518 2272 4573 virum
2306 4508 2642 4580 adamarem',
2674 4515 2809 4569 inita
2835 4521 3014 4567 tamen
3037 4518 3221 4566 tecum
3247 4523 3279 4562 α

1714 4625 1887 4683 puero
1910 4609 2251 4666 consuetudo
2283 4608 2419 4665 satis
2440 4623 2527 4663 me
2548 4615 2654 4662 tua:
2675 4605 3036 4677 agglutinaret
3060 4603 3275 4656 animai.

1714 4702 1988 4769 Quantum
2025 4710 2206 4758 autem
2243 4700 2422 4755 valeat
2465 4699 2532 4753 ad
2574 4697 2871 4751 amicitiam
2906 4692 3275 4757 consuetudo,

1714 4795 1861 4850 haud
1889 4794 2128 4866 ignoras.
2161 4792 2316 4860 Quod
2343 4792 2389 4847 si
2419 4791 2557 4845 nihil
2602 4788 2833 4845 exhibeo
2862 4786 2966 4841 hac
2989 4785 3275 4841 voluntate

1714 4887 1960 4960 dignum,
1982 4886 2050 4941 da
2076 4885 2291 4942 veniam
2323 4898 2455 4939 mea:
2482 4880 2862 4937 imbecillitati.
2897 4876 3084 4949 Neque
3130 4876 3279 4933 enim

1714 5027 2065 5091 praecesserat
2108 5019 2357 5091 epistola.
2392 5016 2537 5091 Editi
2576 5017 2673 5091 τῷ⁸
2697 5018 2856 5091 αὐτῷ
2894 5018 2983 5073 διὰ
3029 5016 3279 5088 διαϐολὴν
3366 5066 3373 5075 ε

1713 5089 1923 5155 ἑαυτοῦ,
1958 5088 2231 5147 Είάεηιόὺ
2259 5089 2577 5143 calumniam
2607 5088 2706 5143 sibi
2733 5088 3067 5143 instructam.

1784 5159 1893 5231 (97)
1950 5160 2272 5226 Ἀκτιακος.
2314 5158 2389 5231 Ita
2420 5157 2594 5223 Harl.,
2631 5159 2807 5231 Cgisl.‘
2846 5159 3077 5231 primus,
3113 5156 3280 5231 Mem,

1712 5227 2016 5301 Vat.,Reg.
2055 5231 2282 5301 primus,
2312 5228 2549 5284 Clarom.
2585 5227 2864 5301 et._Bigotf
2893 5227 3285 5301 Legitur_’4:t-

1711 5300 1889 5364 τιανός
1931 5296 1990 5357 in
2019 5296 2139 5355 aliis
2169 5300 2368 5362 tribus,
2405 5314 2598 5368 nempe
2627 5296 2758 5369 Reg.
2798 5296 3061 5364 secundo,
3107 5296 3279 5353 Coisl.

1713 5370 1952 5427 secundo
1981 5378 2035 5425 et
2063 5369 2238 5425 Paris.
2263 5369 2405 5425 Editi
2437 5369 2707 5425 habebant
2740 5369 3029 5433 Ἀντίοχος.

1740 5440 1889 5530 τ(98)
1923 5440 2118 5507 Οὕτως
2145 5440 2345 5495 αὐτοί.
2384 5439 2551 5496 Coisl.
2582 5442 2792 5511 primus
2829 5448 2883 5495 et
2918 5435 3084 5493 'Ilarl.
3112 5435 3285 5502 οὕτως

1711 5528 1874 5566 ουτοι.
3372 5532 3376 5537 ’

1782 5581 1893 5653 (99)
1924 5580 2396 5653 Παραδέξασθαι.
2435 5579 2603 5653 Coisl.
2660 5581 2870 5653 primus
2901 5577 3280 5653 ἀναδέξασθαι.

1782 5650 2087 5722 (1)⁷Ὂσον
2111 5651 2378 5722 δύναται.
2434 5650 2588 5709 Harl.
2635 5650 2690 5707 et
2728 5650 2867 5707 Med.
2896 5651 2995 5704 ὅσα
3036 5650 3282 5722 δύνατῳ..

1711 5717 1985 5848 Βοεὶᾒίξδε
2024 5721 2326 5782 CCCXXX‘
2359 5723 2574 5795 Scripta
2602 5722 2659 5779 ίυ
2705 5722 2997 5794 pOStremis
3025 5721 3184 5781 annis
3216 5717 3277 5778 S.

1756 5807 1915 5849 asum
