3810 6502
568 313 706 368 100³1

1889 313 1950 369 S.
1989 313 2231 370 BASILII
2271 314 2487 370 MAG-Nl

3637 333 3737 388 ιρις

564 437 683 506 ipse
705 448 842 504 opus
871 447 901 487 ι
923 445 1011 487 me
1035 431 1090 485 in
1119 431 1374 486 amicitiae
1401 432 1677 502 specimen
1701 435 1956 505 exquires
1981 453 1996 489 :
2019 434 2112 490 sed

2218 436 2375 509 ἔργον
2405 439 2532 508 παρ’
2567 435 2702 508 ἐμοῦ
2731 439 2811 500 είς
2843 437 3112 506 ἀπόδειξιν
3145 441 3242 512 τῆς
3277 441 3494 504 εὐνοίας
3523 442 3740 517 ἐπιζητή-

561 526 896 580 voluntatem
943 521 1193 578 videlicet
1241 523 1453 592 optima
1485 538 1711 594 quaque
1741 522 1840 579 tibi
1889 540 2116 596 precan-

562 625 692 672 tem.
716 615 874 669 Absit
901 613 1046 668 enim
1073 620 1132 666 ut
1160 612 1454 683 aliquando
1484 629 1571 670 res
1602 624 1706 670 tuae
1735 631 1800 672 eo
1828 632 2003 688 usque
2023 618 2116 674 de-

559 709 883 778 primantur.
914 712 973 760 ut
1010 705 1143 760 adeo
1187 705 1455 769 tenuium,
1491 709 1670 777 qualis
1697 724 1797 780 ego
1841 725 1984 776 sum,
2017 711 2113 766 be-

558 797 756 854 neficio
791 811 972 868 egeas.

626 887 681 943 2.
723 887 1006 955 Quomodo
1044 887 1209 959 igitur
1241 903 1342 960 ego
1375 899 1566 944 contra
1598 898 1650 945 te
1674 889 1913 946 dicerem
1953 891 2114 962 quid-

555 994 717 1050 quam
745 985 838 1031 aut
865 975 1095 1030 facerem
1119 977 1174 1030 in
1205 976 1496 1033 Memnonii
1520 980 1778 1050 negotio?
1807 980 1931 1036 Haac
1959 982 2104 1037 enim

557 1071 691 1126 mihi
721 1069 964 1124 narravit
993 1069 1278 1124 diaconus.
1309 1070 1592 1135 Quomodo
1627 1071 1980 1128 familiaritati
2009 1083 2114 1128 tua:

557 1163 794 1234 Hymetii
828 1175 958 1232 opes
1008 1147 1464 1231 anteposuissem,
1501 1163 1741 1220 hominis
1772 1165 1848 1218 ita
1889 1166 2112 1236 prodige

556 1270 670 1312 rem
713 1269 865 1310 suam
907 1253 1285 1308 absumentis?
1332 1253 1582 1310 Profecto
1625 1256 1762 1310 nihil
1796 1256 1987 1311 horum
2022 1271 2115 1311 ve-

557 1362 678 1402 rum
719 1354 804 1400 est
833 1365 845 1400 :
877 1361 1056 1414 neque
1084 1344 1221 1410 dixi,
1255 1361 1431 1415 neque
1463 1345 1566 1401 feci
1591 1348 1886 1417 quidquam
1917 1356 2108 1403 contra

556 1446 630 1494 te.
666 1437 830 1509 419
858 1436 996 1492 Illud
1044 1447 1223 1492 autem
1276 1437 1509 1495 fortasse
1569 1441 1910 1495 occasionem
1957 1441 2108 1495 dedit

555 1531 965 1595 mentientibus,
992 1529 1140 1600 quod
1168 1544 1198 1582 a
1221 1545 1307 1585 me
1329 1531 1609 1586 nonnullis
1642 1531 2103 1586 tumultuantibus

558 1619 764 1676 dictum
797 1629 882 1674 est
917 1639 928 1673 :
959 1617 1016 1672 Si
1072 1619 1259 1674 statuit
1288 1620 1378 1675 ille
1421 1620 1504 1674 vir
1533 1620 1600 1675 ad
1643 1636 1780 1691 opus
1814 1621 2115 1690 perducere

559 1709 846 1765 consilium
876 1722 1058 1770 suum,
1093 1709 1206 1761 sive
1232 1709 1654 1772 tumultuemini,
1682 1710 1795 1764 sive
1826 1726 1955 1775 non,
1985 1711 2114 1765 fient

2218 546 2329 592 σεις
2351 528 2448 598 (2)·
2481 529 2616 583 ἀλλὰ
2648 529 2964 601 προαίρεσιν
3005 531 3242 603 δηλονότι
3288 532 3360 585 τὰ
3395 534 3639 603 βέλτιστά
3679 555 3741 591 σοι

2217 622 2634 693 συνευχομένην.
2674 624 2766 693 Μὴ
2797 623 2906 692 γάρ
2933 639 3061 676 ποτε
3103 626 3182 687 εἰς
3208 625 3370 678 τοῦτο
3410 627 3668 698 καταϐαίη
3691 630 3740 683 τὰ

2217 713 2304 777 σὰ,
2334 712 2472 766 ὥστε
2497 713 2595 784 τῆς
2617 714 2766 784 παρά
2807 714 2914 767 τῶν
2942 713 3082 767 οὓτω
3114 718 3342 789 μικρῶν,
3393 719 3578 781 ὁποῖος
3620 722 3741 786 αὐτός

2215 802 2349 871 εἰμι,
2380 801 2698 871 εὐεργεσίας
2727 801 2957 873 προσδεη
2968 801 3140 872 θῆναι.

2284 892 2337 942 Ξ.
2361 887 2496 951 ’Πῶς
2529 886 2620 942 οὖν
2651 889 2873 960 ἔμελλον
2902 889 3012 958 ἐγὼ
3039 892 3352 947 ὑπεναντίον
3378 897 3433 949 τί
3463 913 3548 949 σοι
3585 899 3740 966 λέγειν,

2214 981 2246 1052 ἢ
2303 981 2562 1052 πράττειν
2633 984 2691 1036 ὲν
2742 984 2854 1045 τοῖς
2904 981 3047 1035 κατὰ
3096 985 3399 1054 Μεμνόνιον
3467 990 3739 1058 apiriam;

2216 1072 2398 1127 Ταῦτα
2436 1075 2544 1145 γάρ
2585 1091 2674 1144 μοι
2701 1073 3034 1144 ἀπήγγειλεν
3066 1077 3092 1127 ὁ
3119 1075 3384 1140 διάκονος.
3434 1079 3563 1141 Πῶς
3593 1081 3640 1134 δὲ
3669 1086 3738 1153 τὴν

2227 1162 2486 1234 Ὑμητίου
2527 1165 2602 1235 (5)
2644 1165 2901 1235 εὐπορίαν
2945 1167 3342 1238 προτιμοτέραν
3381 1169 3640 1240 ἐτιθέμην
3668 1174 3735 1242 τῆς

2217 1255 2315 1324 σῆς
2365 1254 2687 1318 οἱκειώσεως
2734 1255 2834 1325 (4),
2876 1255 3064 1326 ἀνδρὸς
3103 1255 3244 1309 οὕτω
3303 1259 3648 1321 δαπανῶντος
3671 1264 3735 1330 τὴν

2213 1346 2430 1410 οὐσίαν;
2489 1346 2624 1399 Ἀλλ’
2667 1347 2768 1399 οὐκ
2805 1346 2918 1400 ἔστι
2965 1347 3166 1400 τούτων
3204 1349 3357 1402 οὐδὲν
3393 1351 3626 1420 ἀληθές·
3651 1354 3736 1406 0%:

2213 1454 2266 1489 τι
2297 1435 2508 1509 εἴρηται
2547 1437 2675 1508 παρ’
2721 1437 2877 1506 ἐμοῦ,
2914 1436 3036 1490 οὔτε
3082 1439 3396 1509 πέπρακται
3432 1441 3735 1496 ὑπεναντίαν.

2227 1527 2430 1581 Ἐκεῖνο
2465 1528 2524 1580 δὲ
2553 1527 2681 1590 ἴσως
2707 1527 2961 1598 ἀφορμὴν
2991 1527 3155 1580 ἔδωκε
3203 1532 3315 1592 τοῖς
3370 1529 3439 1582 τὰ
3478 1531 3640 1599 ψευδῆ

2214 1635 2388 1687 γουσι,
2432 1619 2492 1672 τὸ
2544 1621 2672 1690 παρ’
2708 1617 2839 1689 ἐμοῦ
2880 1618 3015 1689 πρὸς
3041 1621 3189 1684 τινάς
3237 1621 3344 1674 τῶν
3407 1621 3737 1692 θορλόοὐντιεη

2215 1711 2432 1781 λεχθένο
2485 1711 2587 1774 ὅτι,
2645 1711 2706 1763 Ei
2747 1711 2845 1780 μὲν
2893 1709 3209 1780 προείρηται
3249 1715 3329 1774 εἰς
3358 1712 3522 1782 ἔργον
3557 1714 3736 1780 ἀγαγεῖν

554 1800 820 1874 profecto,
843 1807 898 1854 et
920 1799 1270 1868 loquentibus
1293 1799 1447 1854 vobis
1474 1807 1529 1854 et
1555 1800 1883 1863 tacentibus,
1911 1801 2112 1855 nihilo-

2218 1803 2307 1874 τὴν
2353 1803 2545 1857 ἑαυτοῦ
2593 1802 2816 1874 γνώμην
2862 1804 2891 1855 ὁ
2931 1801 3241 1873 ἄνθρωπος,
3291 1803 3396 1856 κᾶν
3441 1802 3735 1872 θορυϐήσητε

553 1893 734 1948 minus
776 1905 896 1960 qua:
935 1889 1039 1944 sibi
1087 1891 1359 1958 proponit.
1413 1889 1510 1944 Sin
1547 1899 1726 1945 autem
1775 1894 2104 1947 sententiam

552 1983 865 2046 mutaverit,
895 1988 1082 2036 cavete
1105 1981 1404 2052 deturpetis
1432 1984 1797 2038 venerandum
1823 1984 1982 2037 amici
2005 1999 2105 2038 no-

555 2076 658 2132 stri
688 2090 883 2130 nomen
915 2092 928 2128 :
963 2075 1138 2143 neque
1170 2073 1271 2128 sub
1310 2074 1490 2144 specie
1533 2075 1701 2130 studii
1737 2077 1793 2130 in
1823 2086 2111 2145 patronum

553 2175 819 2230 vestrum,
845 2164 1001 2220 vobis
1032 2165 1244 2218 lucrum
1271 2180 1367 2234 per
1397 2171 1634 2221 terrores
1664 2180 1727 2220 ac
1750 2165 1947 2230 minas,
1974 2181 2112 2236 quas

552 2257 860 2320 intentatis,
911 2262 1243 2325 comparate.
1289 2254 1371 2309 Ad
1404 2254 1538 2309 illud
1582 2265 1760 2310 autem
1805 2257 1900 2328 qui
1942 2265 2114 2313 testa-

553 2361 732 2410 menta
759 2351 1106 2421 conscripsit,
1139 2365 1314 2420 neque
1344 2365 1440 2420 per
1479 2365 1563 2406 me
1597 2366 1773 2421 neque
1816 2368 1912 2422 per
1941 2353 2110 2407 alium

552 2449 620 2504 de
644 2448 747 2500 hoc
778 2444 995 2516 negotio
1039 2457 1290 2513 magnum
1333 2443 1582 2498 minusve
1622 2443 1921 2515 quidquam
1951 2445 2112 2500 locu-

552 2549 639 2597 tus
672 2554 812 2595 sum.

618 2801 672 2856 3.
711 2797 900 2854 Fidem
925 2805 1105 2852 autem
1133 2793 1220 2850 his
1240 2809 1349 2849 non
1376 2793 1541 2849 debes
1566 2793 1861 2865 denegare,
1891 2793 2002 2849 nisi
2027 2808 2112 2849 me

551 2892 773 2948 omnino
804 2890 1156 2959 desperatum
1186 2901 1308 2940 esse
1340 2892 1522 2955 putes,
1554 2901 1616 2940 ac
1657 2901 1913 2957 magnum
1953 2901 2111 2940 men-

551 2983 692 3038 dacii
732 2994 1013 3054 peccatum
1046 2977 1450 3049 purvipendere.
1488 2977 1595 3033 Sed
1623 2979 1847 3033 omnino
1877 2978 2009 3034 mihi
2058 2987 2113 3033 et

550 3080 616 3134 de
650 3078 753 3133 hoc
808 3075 1026 3145 negotio
1065 3073 1432 3144 suspicionem
1475 3073 1710 3137 remitte,
1763 3083 1817 3129 et
1854 3074 1908 3127 in
1939 3082 2113 3145 poste-

551 3186 671 3228 rum
701 3168 973 3223 calumnia
1004 3166 1149 3220 omni
1180 3165 1439 3235 majorem
1466 3166 1717 3220 existima
1752 3180 1927 3219 meam
1969 3167 2025 3221 in
2057 3174 2111 3220 te

551 3262 715 3319 animi
768 3259 1106 3314 aﬂectionem
1159 3273 1269 3311 :ac
1322 3256 1537 3311 imitare
1585 3257 1973 3321 Alexandrum,
2019 3257 2111 3326 qui

550 3371 674 3411 cum
720 3354 1011 3424 epistolam
1061 3357 1252 3404 contra
1300 3348 1571 3402 medicum
1633 3355 1690 3402 ut
1732 3348 2113 3403 insidiatorem

550 3448 871 3517 accepisset,
923 3451 1085 3513 atque
1133 3443 1235 3496 hoc
1275 3442 1394 3510 ipso
1439 3447 1682 3510 tempore
1733 3439 2111 3495 medicamen-

549 3550 662 3596 tum
689 3538 756 3593 ad
787 3536 1077 3592 bibendum
1111 3541 1369 3598 sumeret,
1402 3541 1612 3585 tantum
1656 3530 1828 3585 abfuit
1858 3539 1913 3584 ut
1952 3530 2110 3586 fidem

549 3632 829 3688 adhiberet
863 3627 1240 3689 calumnianti,
1277 3633 1334 3679 ut
1372 3625 1532 3680 simul
1568 3625 1773 3694 legeret
1800 3625 2109 3694 epistolam,

549 3733 601 3781 et
631 3724 906 3795 potionem
941 3721 1166 3774 biberet.
1200 3716 1359 3771 Nullo
1389 3717 1534 3772 enim
1561 3733 1628 3771 ex
1667 3717 1758 3781 iis,
1790 3717 1884 3787 qui
1917 3717 2109 3772 amici-

548 3816 636 3871 tiae
669 3813 827 3869 laude
860 3811 1087 3882 spectati
1114 3817 1265 3872 sunt,
1301 3807 1679 3876 ignobiliorem
1715 3821 1799 3859 me
1833 3821 1956 3860 esse
1986 3821 2113 3876 pro-

549 3911 728 3973 fiteor,
753 3909 1019 3977 siquidem
1053 3917 1332 3972 nunquam
1359 3901 1414 3954 in
1456 3899 1695 3954 amicitia
1729 3915 1991 3969 peccasse
2017 3899 2113 3954 de-

550 4002 854 4072 prehensus
885 4013 1027 4061 sum,
1055 4010 1116 4047 ac
1145 4002 1406 4064 praeterea
1429 4006 1458 4043 a
1490 3989 1600 4045 Deo
1635 4005 1756 4044 meo
1793 3990 2107 4044 mandatum

550 4091 835 4146 charitatis
869 4089 1050 4157 accepi
1079 4106 1091 4141 :
1129 4087 1288 4155 cujus
1315 4083 1414 4136 tibi
1447 4099 1565 4138 sum
1610 4082 1845 4146 debitor,
1879 4097 1987 4136 non
2029 4097 2112 4136 so-

551 4187 661 4238 lum
703 4182 772 4236 ob
803 4193 1144 4235 communem
1181 4177 1461 4231 hominum
1493 4182 1770 4238 naturam,
1822 4173 1917 4230 sed
1947 4175 2113 4229 etiam

551 4277 680 4348 quia
703 4274 954 4347 privatim
987 4280 1040 4326 te
1076 4280 1190 4324 tum
1216 4270 1272 4323 in
1313 4285 1420 4334 me,
1454 4276 1569 4322 tum
1594 4268 1650 4322 in
1679 4269 1911 4338 patriam
1945 4268 2113 4323 bene-

550 4367 713 4424 ficum
746 4378 1004 4436 agnosco.

953 4491 1290 4551 EPISTOLA
1326 4491 1628 4549 CCLXXI"
1654 4494 1695 4548 '.

2214 1897 2389 1965 ὑμεῖς,
2437 1894 2539 1948 κᾶν
2598 1894 2693 1966 μὴ,
2739 1896 3022 1965 γενήσεται
3078 1897 3290 1957 πάντως
3332 1895 3426 1946 καὶ
3479 1895 3736 1948 λαλούντων

2213 1986 2364 2058 ὑμῶν
2391 1988 2484 2040 καὶ
2511 1985 2836 2041 σιωπώντων
2873 1989 3021 2042 οὐδὲν
3046 1983 3204 2058 ἦττον
3233 1988 3300 2040 τά
3333 1987 3732 2056 σπουδάζομεν

2212 2079 2260 2130 εί
2293 2076 2350 2129 δὲ
2393 2076 2896 2148 μεταϐουλεύσεται,
2929 2079 3002 2149 μὴ
3038 2078 3390 2150 παρασύρητε
3414 2079 3478 2131 τὸ
3515 2080 3733 2148 σεμνότι-

2211 2185 2302 2222 τον
2339 2169 2414 2240 (ὅ)
2452 2169 2620 2238 ὄνομα
2646 2167 2740 2222 τοῦ
2775 2169 2931 2238 φίλου
2963 2170 3138 2240 ἡμῶν,
3173 2170 3304 2241 μηδὲ
3346 2172 3404 2221 ἐν
3432 2176 3734 2241 προσχήματι

2211 2259 2369 2331 δῆθεν
2404 2259 2504 2330 τῆς
2533 2261 2660 2331 περὶ
2705 2261 2794 2313 τὸν
2837 2263 3144 2332 προστάτην
3173 2261 3323 2331 ὑμῶν
3367 2261 3620 2330 σπουδῆς,
3640 2265 3735 2314 ἐτέ-

2211 2354 2323 2415 τοῖς
2352 2368 2404 2404 τι
2435 2351 2622 2423 κέρδος
2662 2350 2928 2416 ἐντεῦθεν,
2961 2352 3020 2419 ἐξ
3064 2348 3135 2404 ὧν
3177 2351 3583 2405 ἐπανατείνεσθε
3610 2353 3734 2420 ᾳόᾱν

2213 2444 2308 2497 καὶ
2336 2443 2585 2514 ἀπειλὴν,
2622 2443 3086 2516 καταπράττεσθε.
3118 2443 3258 2515 Πρὸς
3291 2443 3348 2496 δὲ
3381 2444 3541 2496 αὐτὸν
3569 2447 3734 2495 ἐκεῖνον

2210 2533 2303 2586 τὸν
2332 2534 2430 2597 τὰς
2455 2533 2716 2604 διαθήκας
2742 2535 3020 2604 γράφοντα
3049 2534 3168 2587 οὐτε
3197 2533 3263 2586 δι’
3292 2533 3532 2602 ἐμαυτοῦ
3556 2532 3663 2585 οὐτε
3684 2534 3731 2585 δι’

2213 2624 2397 2696 ἑτέρου
2461 2625 2808 2696 ἐφθεγξάμην
2856 2625 2888 2697 ἥ
2933 2625 3124 2696 μικρὸν
3190 2625 3221 2696 ἦ
3277 2622 3459 2696 μεῖζον
3505 2626 3626 2694 περὶ
3665 2626 3733 2676 τοῦ

2213 2717 2535 2788 πράγματος
2560 2716 2766 2770 τούτου.

2284 2807 2336 2862 '5.
2370 2809 2479 2861 Kal.
2495 2807 2705 2871 τούτοις
2743 2808 2989 2860 ἀπιστεῖν
3035 2807 3132 2860 οὐκ
3161 2807 3414 2876 ὀφείλεις,
3446 2808 3493 2859 εί
3526 2807 3596 2878 μὴ
3628 2824 3738 2858 πιν-

2213 2899 2379 2964 τελῶς
2427 2918 2493 2971 με
2531 2899 2947 2970 ἀπεγνωσμένον
2982 2901 3089 2971 ἡγῇ
3127 2899 3220 2969 (6),
3268 2901 3362 2953 καὶ
3413 2904 3735 2970 καταςρονεῐι

2213 2994 2310 3061 τῆς
2373 2991 2610 3062 μεγάλης
2663 2992 2933 3061 ἁμαρτίας
2989 2992 3080 3044 τοῦ
3128 2992 3369 3061 ψεύδους.
3412 2992 3568 3044 Ἀλλά
3621 2995 3732 3045 πάνυ

2214 3081 2346 3149 ἡμῖν
2377 3079 2536 3143 αὐτὸς
2563 3080 2656 3133 καὶ
2678 3078 2776 3151 τὴν
2803 3080 2895 3132 ἐπὶ
2916 3081 2992 3150 τῷ
3021 3081 3299 3152 πράγματι
3321 3079 3492 3149 τούτῳ
3517 3082 3736 3132 ὑπόνοιαν

2212 3172 2366 3241 ἄφες,
2412 3173 2504 3225 καὶ
2549 3171 2640 3225 τοῦ
2694 3171 2879 3224 λοιποῦ
2927 3171 3104 3242 πάσης
3152 3171 3398 3242 διαϐολῆς
3439 3172 3734 3240 ὑψηλοτέραν

2212 3259 2363 3313 ποιοῦ
2391 3261 2489 3332 τὴν
2523 3262 2659 3333 ἐμὴν
2709 3262 2836 3332 περὶ
2881 3262 2938 3314 σὲ
2970 3261 3045 3333 (7)
3078 3261 3333 3326 διάθεσιν,
3382 3263 3472 3314 τὸν
3526 3263 3734 3326 ’Ᾱλέξινο

2211 3352 2332 3425 δρον
2373 3353 2720 3425 μιμούμενος,
2769 3353 2846 3418 ὃς,
2903 3356 3182 3424 ἐπιστολὴν
3237 3355 3377 3407 κατὰ
3427 3355 3516 3407 τοῦ
3582 3354 3732 3423 ξατμῦ

2210 3444 2494 3516 δεξάμενος
2514 3444 2588 3508 ὡς
2615 3443 3068 3508 ἐπιϐουλεύοντος,
3106 3444 3290 3514 ἐπειδὴ
3317 3444 3500 3513 ἔτυχεν
3536 3445 3590 3498 ἐν
3614 3443 3732 3512 αὐτῷ

2209 3535 2287 3606 τῷ
2345 3535 2520 3607 καιρῷ
2573 3536 2860 3608 φάρμακον
2911 3535 3090 3590 λαϐὼν
3132 3535 3268 3589 ὥστε
3318 3539 3480 3598 πιεῖν,
3521 3537 3730 3588 τοσοῦτεν

2212 3627 2416 3698 ἀπέσχε
2451 3627 2735 3679 πιστεῦσαι
2763 3627 2837 3697 τῷ
2867 3627 3221 3691 διαϐάλλοντι,
3260 3627 3399 3682 ὥστε
3432 3627 3562 3697 ὁμοῦ
3589 3645 3638 3680 τε
3656 3627 3727 3697 τὴν

2213 3718 2499 3787 ἐπιστολὴν
2540 3717 2887 3786 ἀνεγίνωσκε,
2913 3719 3004 3772 καὶ
3031 3719 3090 3772 τὸ
3125 3718 3407 3790 φάρμακον
3437 3719 3618 3771 ἔπινεν.
3645 3721 3726 3769 GL-

2213 3812 2359 3875 δενὸς
2385 3810 2492 3882 γὰρ
2517 3811 2625 3863 τῶν
2649 3812 2739 3864 ἐπὶ
2763 3810 2910 3881 φιλίᾳ⁸
2933 3811 3224 3882 γνωρίμων
3253 3811 3566 3882 ἀτιμότερον
3592 3814 3723 3880 ἐμαυ-

2213 3904 2301 3958 τδν
2337 3903 2470 3971 ἀξιῶ
2497 3903 2758 3963 τίθεσθαι,
2801 3901 2877 3973 τῷ
2912 3904 3046 3974 μήτε
3072 3903 3270 3957 ἁλῶναί
3300 3921 3429 3956 ποτε
3475 3905 3549 3966 είς
3583 3904 3722 3971 ’φιλίαν

2214 3992 2557 4067 ἐξαμαρτὼν,
2581 3995 2674 4047 καὶ
2707 3993 2784 4046 ἔτι
2809 3993 2957 4066 παρά
2995 3993 3089 4046 τοῦ
3139 3993 3273 4047 Θεοῦ
3323 4011 3424 4065 μου
3467 3995 3629 4046 λαϐεῖν
3649 3994 3721 4060 τὴν

2216 4085 2431 4157 ἐντολὴν
2469 4085 2567 4154 τῆς
2597 4085 2836 4156 ἀγάπης,
2888 4080 2955 4154 ἧς
3008 4083 3284 4155 χρεώστης
3343 4084 3459 4155 εἰμὶ
3503 4085 3556 4136 οὐ
3600 4084 3720 4154 prim

2213 4175 2353 4229 κατὰ
2388 4174 2484 4247 τὴν
2521 4176 2703 4247 κοινὴν
2730 4175 2836 4228 τῶν
2875 4173 3172 4246 ἀνθρώπων
3201 4174 3380 4244 φύσιν,
3566 4173 3630 4225 ὅτι
3651 4171 3721 4224 καὶ

2217 4268 2359 4330 ίδίως
2411 4267 2702 4339 εὐεργέτην
2751 4283 2809 4320 σε
2847 4263 3093 4337 γνωρίζω
3145 4265 3380 4337 ἐμαυτοῦ
3427 4282 3488 4318 τε
3527 4265 3609 4318 καὶ
3646 4263 3719 4331 τῆς

2214 4357 2490 4429 πατρίδος.

2729 4492 3070 4547 ΕΠΙΣΤΟΛΗ
3102 4491 3238 4545 ΣΟΡ
3266 4514 3280 4525 ·

1424 4609 1607 4659 Herum
1625 4605 1920 4659 commendat
1940 4603 2122 4658 homini
2132 4603 2241 4672 jam
2256 4621 2383 4673 saepe
2402 4607 2464 4660 de
2482 4622 2533 4661 se
2554 4607 2667 4660 bene
2697 4606 2884 4658 merito.
3295 4648 3332 4657 _.

899 4751 1026 4811 Sine
1067 4750 1426 4818 inscriptione,
1471 4767 1566 4820 pro
1601 4749 1765 4805 Hera.

617 4867 758 4924 Cum
787 4865 1011 4921 omnino
1035 4879 1358 4935 persuasum
1389 4865 1459 4918 sit
1482 4863 1613 4917 mihi
1639 4878 1725 4918 me
1754 4878 1784 4916 a
1809 4871 1902 4917 tua
1931 4863 2113 4934 digni-

550 4967 662 5015 tate
691 4958 768 5012 ita
800 4957 976 5027 diligi,
1000 4967 1056 5010 ut
1081 4971 1202 5025 quae
1232 4953 1300 5009 ad
1330 4969 1416 5009 me
1439 4961 1710 5025 spectant,
1737 4963 1830 5009 tua
1859 4964 2112 5025 reputes;

619 5135 639 5156 ‘
667 5130 818 5189 Alias
860 5129 1086 5187 CCXVI.
1106 5128 1400 5201 Scripta'in
1418 5129 1707 5200 postremis
1737 5129 1894 5184 annis
1931 5128 1987 5183 S.
2023 5127 2119 5182 Ba-

621 5275 696 5345 (ἢ)
735 5269 1176 5345 ξΕπιζητήσεις.
1212 5270 1290 5345 I_la
1320 5269 1494 5345 Harl.,
1527 5267 1667 5325 Med.
1698 5276 1763 5345 _et
1795 5266 1963 5323 Coisl.
2013 5269 2118 5345 pri-

552 5339 694 5400 mus.
732 5342 872 5397 Editi
900 5341 1194 5412 ἐπιζητεῖς.
1225 5340 1393 5395 Paulo
1425 5349 1546 5411 post
1584 5339 1800 5412 eosdem
1828 5345 1942 5412 tres
1971 5339 2117 5412 codi-

553 5429 644 5470 ces
669 5415 841 5469 secuti
880 5410 1207 5484 mutavimus
1223 5412 1366 5484 quod
1397 5410 1516 5466 erat
1553 5411 1607 5464 in
1639 5410 1801 5465 editis
1827 5410 1906 5470 εἰς
1941 5410 2118 5463 τοσοῦ-

552 5501 642 5538 τον
682 5483 975 5553 καταϐαίη.

646 5555 701 5624 5)
742 5550 1030 5624 Ὑμητζὸυ.
1069 5553 1210 5624 Reg.
1248 5551 1454 5622 primus
1481 5559 1534 5606 et
1579 5550 1754 5624 Bigot.
1817 5550 2112 5624 ’Υμιντίου.

647 5623 703 5693 4)
739 5621 1115 5691 Οίκειώσεως.
1155 5621 1344 5678 Ἑοίεῑ.
1397 5621 1809 5693 υιεηιιιυ,1ὶθε.
1841 5621 2114 5678 secundus

553 5703 611 5749 et
638 5693 816 5749 Paris.
845 5695 1040 5758 οἰκίας.
1089 5693 1403 5748 llarlaaanus
1430 5701 1484 5748 et
1518 5693 1609 5747 alii
1637 5707 1759 5746 cum
1789 5693 1948 5748 editis
1982 5708 2116 5747 con-

556 5766 820 5822 aentiunt.
851 5761 1078 5820 Videtur
1108 5779 1216 5821 non
1249 5765 1367 5820 sine
1395 5763 1568 5820 ironia
1611 5761 1844 5820 Basilius
1877 5762 2112 5834 Hymetii

2600 4755 3034 4823 Ἀνεπίγραφος,
3067 4754 3198 4822 περὶ
3237 4753 3400 4822 Ἥρα.

2300 4866 2565 4938 ’Λκριϐῶς
2605 4868 2964 4939 πεπεισμένος
3000 4867 3170 4930 οὐτως
3218 4869 3370 4938 ἡμᾶς
3414 4867 3617 4937 ἀγαπᾷν
3652 4864 3721 4931 τὴν

2218 4957 2315 5029 σὴν
2341 4960 2647 5032 τιμιότητα,
2670 4959 2808 5014 ὥστε
2847 4960 2917 5014 τά
2955 4961 3083 5030 ἡμῖν
3123 4959 3444 5030 διαφέροντα
3485 4959 3638 5012 οἰκεῖα
3661 4955 3723 5005 λο-

2216 5146 2347 5200 opes
2385 5132 2700 5202 praedicare,
2738 5149 2901 5205 quem
2947 5132 3168 5204 prodige
3213 5148 3302 5188 res
3337 5147 3470 5188 suas
3515 5132 3584 5186 ait
3609 5129 3723 5183 abst!»

2216 5217 2381 5352 Τῖἓ).
2406 5272 2475 5352 Τὸ
2495 5273 2882 5352 demi-drawn
2905 5271 2983 5327 lta
3011 5281 3122 5329 tres
3146 5272 3502 5330 vetustissimi
3527 5269 3723 5326 codices.

2215 5339 2358 5396 Εόίιί
2383 5343 2444 5395 τὸ
2482 5339 2694 5414 σεμνόν.

2287 5414 2362 5482 (6)
2406 5410 2881 5484 ᾈπεᾷννωσμένον
2920 5411 3057 5482 ἡγῇ.
3109 5410 3366 5484 lta_Harl.
3407 5421 3459 5468 et
3498 5410 3582 5484 alii
3623 5422 3722 5484 noti-

2213 5478 2368 5536 nulli.
2410 5478 2664 5554 Etilllrd);
2696 5478 3133 5554 ’ἀπεγνωσμένον
3169 5479 3307 5536 εἶναι
3349 5485 3476 5554 ἡγῇ.
3507 5481 3648 5535 DeeSI
3672 5478 3721 5539 ὡς

2215 5554 2458 5676 θιίιιῐῐιῖὶιι
2483 5537 2663 5609 Coisl:
2923 5537 3125 5610 Ibidem
3153 5555 3310 5609 multi
3585 5537 3720 5604 καταέ

2217 5639 2376 5676 amove
2404 5643 2430 5676 ν
2471 5641 2558 5676 με.

2217 5639 2655 5768 {fugias
2679 5693 2831 5768 um.
2853 5703 2907 5768 et
2927 5693 3102 5768 _Coisl.
3124 5695 3332 5768 primus
3351 5694 3481 5766 πρὸς
3502 5693 3573 5748 σέ.
3607 5687 3720 5744 Infra

2216 5763 2376 5822 iidem
2405 5766 2621 5823 codices
2657 5765 2791 5833 πρὸς
2823 5766 3024 5830 φιλίαν.
