3810 6500
67 345 168 403 i009

879 331 1360 389 EPISTOLARUM
1396 329 1680 388 CLASSIS
1712 330 1774 387 ll.
1813 328 2028 386 EPIST.
2065 326 2359 386 CCLXXV.

3069 323 3224 388 {010'

65 461 277 534 τίζεσθαι,
306 459 392 515 τὸν
429 459 849 531 αίδεσιμιῖηατον
883 458 1110 529 ἀδελφὺν
1144 458 1302 530 ἡμῶν
1347 459 1545 530 Ἥραν,
1575 501 1583 521 Α

1677 455 2089 514 mendissimum
2122 454 2346 510 fratrem
2373 461 2620 511 nostrum
2651 452 2874 522 Beram,
2905 467 3066 525 quem
3094 467 3207 510 non

65 555 169 613 ὃνού
199 551 324 606 κατά
366 550 644 624 συνήθειάν
678 569 808 605 τινα·
835 549 1059 621 ἀδελφὸν
1101 550 1257 622 ἡμῶν
1285 567 1550 622 προσαγο-

66 647 260 718 ρεὺομεν,
289 641 417 696 ἀλλὰ
441 641 580 696 κατὰ
599 642 992 713 ἀκριϐεστάτην
1017 642 1111 697 κα)⁸
1136 641 1386 713 οὐδεμίαν
1408 641 1551 712 ἐχου-

67 753 136 789 σαν
155 734 216 803 (8)
239 730 522 803 ὑπερϐολὴν
551 731 644 802 τῆς
673 731 855 799 φιλίας
892 729 1151 793 διάθεσιν,
1187 727 1419 782 συνιστῶ
1448 745 1542 781 σου

68 828 112 894 τῇ
137 824 368 893 ὑπερφυεῖ
393 819 780 892 καλοκαγαθίᾳ,
811 820 904 873 καὶ
930 818 1225 890 παρακαλῶ
1247 818 1461 880 οἰκείως
1477 817 1552 888 (9)

63 933 103 970 τε
128 914 260 969 αὐτὸν
288 913 590 975 θεάσασθαι,
643 914 736 966 καὶ
769 913 868 984 τὴν
897 910 1039 964 κατὰ
1068 911 1294 981 δύναμίν
1327 926 1408 962 σοι
1452 925 1557 961 πα-

69 1005 300 1079 ρασχέσθαι
353 1004 500 1076 αὐτῷ
548 1003 878 1075 προστασίαν
912 1005 969 1056 ὲν
997 998 1079 1066 οἷς
1107 1002 1174 1056 ἂν
1220 1001 1407 1073 δέηται
1453 999 1556 1069 τῆς

67 1098 348 1171 μεγαλονοίας
395 1114 488 1150 σου
508 1114 522 1128 ’
577 1096 717 1150 ῶστε
776 1113 842 1166 με
900 1097 1012 1158 τοῖς
1065 1093 1276 1158 πολλοῖς
1319 1087 1402 1157 οἷς
1452 1091 1554 1162 ἤδη

65 1191 272 1259 τετύχηκα
322 1187 469 1259 παρὰ
508 1189 592 1242 σοὶ
633 1187 857 1256 ἀγαθοῖς
899 1188 991 1241 κα)⁸
1032 1185 1232 1256 ταύτην
1281 1184 1420 1238 ἔνειν
1458 1183 1555 1254 τὴν

66 1281 315 1354 εὐεργεσίαν
337 1280 556 1352 συναριθ
565 1283 702 1352 μεῖν.

501 1413 846 1466 ΕΠΙΣΤΟΛΗ
883 1407 1040 1466 ΣΟΔ’.

1653 565 1719 604 ex
1758 549 1992 620 quadam
2040 545 2440 604 consuetudine
2479 546 2702 603 fratrem
2736 546 2971 619 appello,
3015 544 3113 602 sed
3139 560 3208 602 ex

1654 640 2089 705 accuratissima,
2115 646 2170 694 et
2212 652 2322 708 qua
2354 637 2530 705 major
2566 653 2690 694 esse
2726 652 2837 692 non
2866 637 3039 708 possit
3067 635 3210 692 ami-

1651 731 1794 787 citiae
1826 730 2130 795 affectione,
2158 743 2386 784 summa:
2417 737 2525 784 tua
2560 728 2817 798 probitati
2857 727 3209 794 commendo,

1655 839 1720 879 ac
1762 837 1917 895 rogo,
1968 831 2028 878 ut
2071 832 2126 878 et
2179 822 2329 877 illum
2374 837 2483 877 non
2531 835 2691 876 secus
2741 835 2805 876 ac
2840 823 3210 877 necessarium

1657 923 1808 969 tuum
1848 912 2194 983 conspicias,
2251 912 2411 982 eique
2455 925 2554 982 pro
2595 910 2805 966 viribus
2847 912 3210 981 patrocinium

1657 1003 1964 1073 impendas,
1996 1003 2196 1073 quibus
2223 1002 2278 1057 in
2309 1003 2472 1058 rebus
2508 1017 2646 1072 opus
2675 1002 2726 1058 ei
2757 1001 2920 1057 fuerit
2947 1011 3043 1058 tua
3076 1020 3212 1074 pru-

1663 1095 1845 1150 dentia
1869 1114 1884 1162 ;
1912 1095 2046 1150 adeo
2071 1102 2130 1148 ut
2169 1094 2311 1149 inter
2339 1094 2530 1158 multa,
2555 1109 2677 1164 qua
2704 1093 2817 1164 jam
2847 1094 2914 1150 de
2937 1110 3026 1151 me
3051 1097 3215 1152 meri-

1652 1193 1744 1242 tus
1771 1202 1854 1252 es,
1885 1187 1989 1242 hoc
2011 1187 2173 1241 etiam
2199 1183 2524 1241 beneﬁcium
2553 1200 2842 1242 numerare
2868 1186 3097 1258 possim.

1971 1407 2136 1480 5.20
2154 1405 2486 1463 EPISTOLA
2523 1407 2824 1464 CCLXXIV
2850 1411 2889 1463 °.

351 1525 660 1579 Commendat
681 1523 897 1576 Himerio
918 1523 1138 1576 eumdem
1157 1519 1358 1583 fferam,
1377 1533 1517 1586 quem
1536 1518 1601 1572 ab
1617 1519 1818 1585 infantia
1839 1535 1987 1588 usque
2003 1522 2068 1572 ad
2085 1530 2366 1575 senectutem
2387 1521 2596 1574 amicum
2615 1523 2861 1577 habuerat.

440 1634 653 1704 Ἰμερίῳ
683 1635 792 1704 (10)
815 1633 1139 1703 pavidam).

2175 1631 2412 1688 Himerio
2439 1633 2718 1704 magistro.

120 1751 168 1806 Ἦ
192 1749 312 1819 πρὸς
338 1749 424 1801 τὸν
461 1746 884 1817 αἰδεσιμώτατον
921 1744 1146 1815 ἀδελφὸν
1179 1745 1359 1816 Ἥραν
1407 1741 1557 1812 φιλία

1737 1743 1908 1798 Meam
1943 1757 2065 1798 cum
2113 1743 2281 1799 fratre
2312 1744 2701 1801 colendissimo
2737 1743 2877 1800 Hera
2921 1747 3218 1803 amicitiam

66 1841 238 1914 μοικαὶ
285 1840 553 1909 συνήθεια,
601 1840 683 1893 ὅτι
735 1840 798 1892 ἐκ
856 1838 996 1892 πάνυ
1041 1835 1228 1900 παιδὸς
1258 1835 1356 1907 τὴν
1389 1834 1561 1905 ἀρχὴν

65 1932 194 1995 ίλαϐε,
235 1932 320 1984 καὶ
365 1930 528 2002 μέχρι
566 1931 752 2002 γήρως
787 1928 1192 2001 συμπαρέμεινε
1220 1926 1330 1998 (Η)
1373 1929 1440 1997 τῇ
1467 1923 1560 1978 τοῦ

67 2024 158 2076 Θεοῦ
183 2024 362 2093 χάριτι,
400 2023 602 2085 παντὸς
648 2021 868 2092 ἄμεινον
912 2020 1005 2076 καὶ
1053 2019 1213 2082 αὐτὸς
1245 2019 1557 2072 ἐπίστασαι.

67 2115 202 2184 Σχεῶν
227 2115 324 2184 γὰρ
357 2113 450 2166 καὶ
484 2111 583 2184 τὴν
630 2112 728 2184 τῆς
783 2112 880 2183 σῆς
931 2109 1294 2182 μεγαλοφυῒας
1348 2107 1566 2177 ἀγάπην

67 2207 298 2270 ἑξέκείνου
347 2206 476 2275 ἡμῖν
517 2207 546 2258 ὁ
585 2203 787 2276 Κύριος
835 2203 1143 2275 ἐχαρίσατο,
1202 2201 1260 2268 ἐξ
1299 2201 1421 2254 ὅτου
1471 2199 1564 2253 καὶ

68 2301 131 2369 τὴν
153 2299 264 2369 πρὸς
287 2297 540 2368 ἀλλήλους
577 2298 708 2368 ἡμῖν
729 2296 928 2366 γνῶσιν
981 2295 1358 2370 προεξένησεν.
1415 2293 1567 2346 Ἐπεὶ

67 2387 129 2442 οἷν
161 2390 302 2442 δεῖται
329 2389 424 2459 τῆς
454 2388 605 2459 παρὰ
652 2386 747 2441 σοῦ
798 2387 1150 2459 προστασίας,
1183 2383 1480 2456 παρακαλῶ
1508 2400 1566 2437 σε

68 2480 472 2543 καὶκαθικετεύω,
514 2483 581 2550 τῇ
617 2497 677 2532 τε
717 2478 917 2550 ἀρχαίᾳ
943 2477 1054 2549 (η)
1091 2478 1218 2547 περὶ
1257 2477 1405 2547 ἡμᾶς
1447 2475 1566 2528 δια-

67 2572 168 2625 θέσει
193 2571 546 2643 χαριζόμενον,
583 2573 678 2624 κα).
711 2574 776 2642 τῇ
822 2570 916 2623 νῦν
953 2569 1295 2640 κατασχούσῃ
1353 2567 1564 2638 ἀνάγκῃ

67 2665 322 2734 tres-(tivam,
353 2664 523 2728 οὕτως
549 2662 932 2718 οἰκειώσασθαι
963 2663 1030 2715 τὰ
1075 2663 1192 2716 κατ’
1235 2661 1396 2714 αὐτὸν
1440 2659 1573 2731 πρά·

71 2773 234 2824 tua-:1,
293 2755 425 2810 ὥστε
458 2757 730 2827 μηδεμιᾶς
786 2755 944 2807 αὐτὸν
1005 2755 1193 2824 ἑτέρας
1243 2751 1570 2824 προστασίας

65 2846 274 2915 δεηθῆναι,
295 2848 402 2900 ἀλλ’
432 2846 746 2900 ἐπανελθεῖν
769 2845 902 2916 πρὸς
928 2845 1073 2915 ἡμᾶς
1091 2843 1265 2897 πάντα
1293 2859 1572 2914 καταπρα-

67 2937 239 3005 ξάμενον
264 2939 324 2993 τὰ
360 2941 477 2992 κατ’
533 2938 720 3008 εὐχάς·
759 2937 897 2990 ὥστε
929 2939 1050 2999 ταῖς
1094 2935 1312 2997 πολλαῖς
1340 2928 1427 2998 αἶς
1466 2951 1565 2986 πε-

65 3029 274 3100 πῦνθαμεν
317 3032 463 3104 παρᾶ
524 3029 615 3085 σοῦ
659 3029 1021 3101 εὐεργεσίαις,
1077 3029 1170 3081 καὶ
1193 3027 1393 3095 ταύτην
1427 3027 1572 3097 ἡμᾶς

1660 1844 1714 1892 et
1757 1837 2206 1893 consuetudinem
2241 1853 2271 1892 a
2303 1852 2476 1908 puero
2501 1853 2728 1906 prorsus
2757 1838 3029 1909 incepisse
3065 1847 3122 1894 et
3151 1840 3223 1894 ad

1662 1937 1998 1986 senectutem
2045 1945 2220 2000 usque
2275 1929 2368 1986 Dei
2413 1930 2558 1985 dono
2605 1947 3004 2000 perseverasse,
3060 1949 3224 1991 nemo

1661 2029 1746 2078 est
1793 2023 1886 2092 qui
1921 2021 2115 2078 melius
2144 2036 2306 2092 quam
2352 2029 2409 2076 tu
2442 2024 2798 2092 perspexerit.
2843 2022 3038 2082 Ferme
3076 2027 3223 2084 enim

1663 2122 1716 2168 et
1739 2122 1846 2169 tute
1876 2113 2342 2184 magnanimitatis
2394 2115 2692 2169 amicitiam
2735 2115 2932 2171 abillo
2977 2125 3222 2188 tempore

1665 2205 1824 2260 nobis
1873 2204 2139 2259 Dominus
2188 2204 2417 2274 largitus
2456 2213 2561 2271 est,
2604 2220 2670 2261 ex
2725 2221 2834 2275 quo
2870 2207 3032 2262 etiam
3083 2209 3225 2264 inter

1668 2313 1796 2359 nos.
1844 2312 1912 2353 eo
1950 2298 2210 2358 donante,
2247 2297 2620 2367 cognovimus.
2666 2297 2799 2353 Cum
2852 2299 3018 2370 igitur
3053 2300 3102 2354 ei
3131 2309 3226 2356 tuo

1669 2390 1977 2461 patrocinio
2003 2404 2142 2460 Opus
2175 2389 2267 2454 sit,
2301 2389 2558 2444 adhortor
2584 2397 2638 2445 te
2665 2404 2730 2445 ac
2768 2405 2921 2462 rogo,
2954 2398 3016 2446 ut
3054 2399 3109 2448 et
3133 2407 3228 2448 ve-

1667 2483 1769 2536 tcri
1799 2488 2001 2536 nostra:
2030 2481 2282 2536 amicitiae
2310 2481 2515 2552 aliquid
2545 2482 2814 2547 tribuens,
2841 2490 2896 2538 et
2928 2482 2995 2537 ad
3025 2499 3228 2552 urgen-

1668 2579 1774 2625 tem
1809 2587 1955 2626 nunc
1989 2572 2369 2626 necessitatem
2418 2579 2677 2637 attentus,
2714 2572 2788 2626 ita
2829 2575 3043 2644 negotia
3079 2575 3227 2630 illius

1669 2671 1760 2717 tua
1809 2662 2001 2725 facias,
2059 2670 2118 2715 ut
2174 2662 2326 2716 nullo
2384 2663 2496 2716 alio
2537 2664 2846 2733 patrocinio
2889 2673 3046 2735 egeat
3082 2686 3094 2719 :
3131 2667 3225 2721 sed

1670 2756 1926 2810 omnibus
1960 2769 2024 2809 ex
2057 2753 2330 2810 sententia
2357 2755 2645 2819 coniectis,
2675 2755 2740 2810 ad
2766 2772 2866 2810 nos
2888 2766 3226 2816 revertatur:

1672 2846 1808 2902 adeo
1836 2855 1890 2901 ut
1932 2847 2073 2901 inter
2101 2846 2270 2900 multa
2296 2847 2557 2902 beneﬁcia
2597 2864 2718 2918 qua:
2744 2857 2801 2902 tu
2827 2850 2880 2904 in
2920 2866 3006 2906 me
3037 2829 3228 2906 contu-

1671 2937 1801 3002 iisti,
1862 2937 1996 2992 illud
2049 2939 2211 2993 etiam
2267 2953 2464 3008 queam
2520 2955 2833 3005 numerare,
2883 2958 2994 3013 quo
3048 2943 3228 3013 majus

1673 3031 1843 3093 aliud,
1875 3030 2138 3101 autquod
2167 3032 2342 3102 magis
2365 3047 2484 3088 mea
2512 3033 2735 3100 referat,
2771 3034 2900 3089 mihi
2932 3035 3230 3092 attribuere

65 3119 164 3188 ἔχειν
214 3124 586 3194 σδναριθμεῖν,
636 3115 703 3193 ἧς
750 3123 847 3174 οὐκ
893 3120 959 3174 ἂν
1029 3119 1247 3191 μείζονα
1319 3109 1568 3182 ὲαυτόῖς,

1677 3139 1738 3180 ac
1772 3124 2050 3180 vindicare
2091 3139 2198 3182 non
2236 3125 2462 3195 possim.

65 3207 147 3260 οὐδὲ
172 3211 348 3278 μᾶλλον
396 3213 534 3283 ἡμῖν
577 3211 934 3281 διαφέρουσαν
971 3208 1310 3282 εὑρίσκοντες
1339 3207 1563 3260 οἱκειούυ

66 3300 182 3370 paea.

510 3438 853 3492 ΕΠΙΣΤΟΛΗ
890 3436 1049 3490 ΣΟΕν.

2087 3425 2420 3482 EPISTOLA
2441 3426 2668 3483 CCLXX
2677 3430 2777 3485 V“.

700 3554 869 3607 Eidem
892 3556 1042 3606 Herae
1058 3549 1374 3616 patrocinium
1401 3549 1626 3616 implorat
1643 3546 1874 3600 adversus
1894 3545 2202 3598 inimicorum
2238 3543 2525 3596 calumnias.

375 3682 825 3753 ’Areaiypagcoq,
863 3680 996 3748 περὶ
1027 3680 1200 3748 "Hpa.

114 3808 373 3881 Προέλαϐες
400 3813 503 3876 τὰς
532 3813 658 3882 παρ’
685 3810 842 3882 ἡμῶν
871 3811 982 3881 (15)
1013 3810 1388 3881 παρακλήσεις
1414 3808 1473 3862 ὲν
1498 3811 1564 3880 τῇ

66 3900 163 3968 πρὶς
186 3903 264 3957 τὸν
307 3903 731 3975 αἰδεσιμώτατον
779 3902 1003 3969 ἀδελφὸν
1051 3902 1162 3972 (14)
1209 3902 1364 3972 ἡμῶν
1391 3902 1568 3972 ’Ἦραν

67 3987 263 4059 διαθέσει,
315 3997 406 4050 καὶ
431 3995 665 4065 γέγονας
711 3993 858 4064 αὐτῷ
893 3994 1056 4064 εὐχῆς
1087 3993 1324 4064 ἀμείνων
1359 3993 1465 4047 τῶν
1507 4010 1568 4046 τε

67 4081 194 4147 τιμῶν
221 4085 330 4147 ταῖς
357 4082 683 4155 ὑπερϐολαῖς
710 4077 799 4146 αἷς
840 4082 919 4144 είς
948 4081 1110 4134 αὐτὸν
1155 4080 1412 4146 ἐπεδείξω
1456 4081 1567 4150 (15)

69 4171 132 4220 καὶ
155 4175 257 4236 ταῖς
286 4174 367 4244 ἐφ’
399 4173 630 4227 ἑκάστου
657 4171 848 4243 καιροῦ
892 4171 1268 4244 προστασίαις.
1303 4173 1488 4242 Ὅμως
1513 4172 1569 4225 δὲ

69 4262 131 4312 καὶ
167 4264 326 4332 ἡμεῖς,
371 4264 561 4335 ἐπειδὴ
611 4267 788 4335 σιωπῇ
829 4263 1012 4334 φέρειν
1041 4262 1108 4316 τὰ
1155 4263 1274 4316 κατ’
1310 4262 1468 4316 αὐτὸν
1506 4263 1567 4314 οὐ

68 4350 304 4424 δυνάμεθα,
335 4353 758 4429 παρακαλοῦμεν
796 4372 889 4408 σου
922 4353 1018 4426 τὴν
1047 4353 1450 4424 ἀνυπέρϐλητον
1491 4370 1572 4405 τι-

2025 3670 2152 3728 Sine
2193 3672 2551 3741 inscriptione,
2579 3689 2675 3744 pro
2710 3673 2875 3730 Hera.

1741 3805 2071 3863 Prmertisti
2102 3823 2289 3880 preces
2317 3824 2466 3866 meas
2503 3818 2595 3864 tua
2635 3825 2762 3881 erga
2786 3811 3227 3870 colendissimum

1671 3894 1895 3950 fratrem
1933 3909 2178 3952 nostrum
2220 3897 2416 3953 [ieram
2447 3899 2614 3953 animi
2647 3900 2960 3965 affectione,
2993 3918 3057 3958 ac
3098 3904 3234 3960 libe-

1672 3989 1846 4044 ralius
1875 4003 1997 4043 cum
2028 4003 2094 4043 eo
2121 3989 2302 4060 egisti,
2335 4005 2496 4060 quam
2523 3993 2725 4062 precati
2755 3993 3071 4060 fuissemus,
3099 4011 3229 4051 cum

1669 4078 1888 4134 eximiis
1918 4077 2222 4134 honoribus
2254 4095 2394 4149 quos
2435 4081 2484 4133 ei
2536 4080 2795 4146 habuisti,
2825 4089 2939 4137 tum
2975 4095 3231 4158 suscepto

1667 4168 1832 4231 illius,
1859 4169 2102 4239 quolibet
2132 4176 2396 4240 tempore,
2427 4172 2750 4241 patrocinio.
2777 4171 2882 4229 Sed
2905 4183 3084 4232 tamen
3108 4194 3230 4233 cum

1667 4277 1758 4317 res
1789 4261 1938 4317 illius
1983 4262 2202 4317 silentio
2246 4264 2524 4332 praeterire
2553 4279 2663 4318 non
2714 4268 2941 4336 possim,
2971 4268 3227 4323 eximiam

1668 4357 1819 4404 tuam
1841 4349 2154 4430 dignitatem
2181 4366 2333 4422 rogo,
2361 4360 2420 4406 ut
2447 4361 2500 4407 et
2521 4369 2638 4408 mea
2665 4369 2833 4411 causa
2857 4364 2951 4410 tuo
2979 4355 3035 4411 in
3055 4359 3232 4412 virum

72 4443 248 4514 μιότητα
285 4448 374 4498 καί
402 4447 485 4508 εἰς
528 4445 798 4516 ἡμετέραν
844 4444 1000 4514 χάριν
1031 4441 1342 4513 προσθεῖναι
1375 4441 1440 4510 τῇ
1490 4441 1570 4502 εἰς

1677 4441 1857 4497 studio
1901 4442 2106 4513 aliquid
2137 4443 2323 4508 addas,
2357 4459 2589 4517 eumque
2625 4447 2972 4502 inimicorum
3008 4464 3232 4504 suorum

69 4533 130 4584 τὸν
155 4537 296 4609 ἄνδρα
325 4537 549 4608 σπουδῇ,
578 4537 672 4590 καὶ
703 4533 1025 4604 ἀποπέμψαι
1055 4532 1215 4586 αὐτὸν
1253 4533 1318 4600 τῇ
1356 4529 1569 4600 πατρίδι

69 4627 294 4692 κρείττονα
331 4632 428 4703 τῆς
474 4629 624 4700 παρὰ
671 4627 778 4681 τῶν
828 4626 1034 4697 ἐχθρῶν
1080 4623 1242 4679 αὐτοῦ
1276 4622 1570 4694 ὲπηρείας’

68 4715 155 4770 ἐπεὶ
175 4721 256 4774 νῦν
281 4740 341 4792 γε
379 4724 481 4776 οὐκ
510 4721 612 4799 Eia)
646 4720 762 4773 ἐστὶ
790 4719 958 4789 βελῶν
979 4716 1089 4779 τοῦ¹
1117 4715 1332 4786 φθόνου,
1365 4713 1572 4768 πολλῶν

120 4920 178 4994 (8)
212 4925 534 4994 Ἔχουσαν.
581 4921 720 4994 Editi
749 4921 895 4994 hunc
924 4921 1100 4994 locum
1139 4917 1520 4994 sicAexhibcnt
1557 4937 1568 4972 :

67 4986 414 5065 Kasta};th
438 4993 741 5065 ὑπερϐολὴν
785 4991 1102 5065 τῆς-φιλίας
1136 4988 1573 5065 διάθεσινύπερ-

68 5058 301 5133 εῖομένηνξ
331 5063 500 5121 Coisl.
540 5058 750 5134 primus
775 5069 852 5134 e_t_
872 5058 1156 5134 Medicinas
1192 5059 1338 5134 _nih_il
1369 5058 1574 5134 discre-

69 5127 168 5202 pant
203 5127 262 5187 ab
297 5135 476 5198 editis,
523 5127 628 5187 nisi
670 5131 814 5202 quod
843 5132 1040 5202 habent
1076 5148 1088 5182 :
1121 5127 1354 5202 καὶτῆς
1395 5128 1576 5202 φιλίας

69 5195 260 5276 διάθεσιν
290 5195 705 5276 ὑπερεχόμενονξ
741 5200 1110 5276 _Co_mbefisius
1139 5207 1198 5276 ut
1235 5195 1419 5276 lucem
1448 5199 1576 5252 aﬂ'e-

68 5273 292 5345 {altlegit‘
305 5268 701 5345 nap'sibiiévny.
736 5271 840 5345 sed
854 5279 976 5345 tota
999 5286 1087 5326 res
1108 5268 1362 5345 enitescit
1385 5283 1576 5345 ex__co-

69 5335 240 5414 ditibus
267 5335 430 5414 Regio
449 5335 728 5414 'se'cun'do,
756 5341 939 5414 iCoisl.
979 5340 1250 5414 secundo,
1285 5354 1350 5414 ex
1381 5339 1576 5409 quibus

69 5407 328 5485 addidimus
344 5407 574 5485 ἔχουσαν
601 5423 656 5485 et
685 5412 982 5485 delevimus
1000 5407 1434 5485 ὐπερεχομένηιὶ.

123 5477 184 5562 (Si)
217 5477 462 5562 legéc.
493 5483 582 5562 Sic
608 5481 747 5562 hied.
777 5491 833 5562 et
869 5481 1037 5562 Coisl.
1073 5477 1281 5562 primus
1305 5477 1427 5562 cum
1455 5479 1577 5562 aliis

70 5540 262 5620 (iutilius.
316 5540 456 5608 Editi
502 5556 720 5620 οἰκεῖον.
781 5551 899 5606 Mox
957 5540 1157 5620 Regius
1205 5548 1477 5605 secundus
1521 5558 1576 5603 et

71 5610 209 5693 Coisl.
236 5624 500 5679 secundus
529 5617 612 5686 οἷς
649 5623 750 5693 ήδη
784 5620 1026 5693 πέπονθα
1039 5610 1203 5693 ’παρά
1230 5620 1343 5673 σοῦ.

102 5687 220 5766 ,(10)
275 5693 513 5763 Ἰμερίῳ.
545 5687 712 5750 Coisl.
739 5687 982 5764 'primus
1040 5699 1094 5746 et
1136 5687 1390 5746 'Clarom.
1437 5689 1572 5758 Ἡμε

1671 4532 1958 4589 calumniis
2009 4535 2346 4605 superiorem
2396 4536 2451 4590 in
2508 4539 2738 4608 patriam
2789 4541 3068 4608 remittas;
3121 4556 3231 4596 non

1671 4625 1813 4680 cnim
1843 4641 1989 4682 nunc
2019 4635 2105 4683 est
2135 4640 2289 4682 extra
2323 4629 2540 4685 invidiae
2573 4632 2698 4692 tela.
2732 4632 2920 4687 multis
2943 4633 3089 4689 illius
3109 4634 3236 4690 vitae

1673 4719 2113 4790 tranquillitatem
2138 4722 2456 4791 perturbare
2482 4725 2826 4779 conantibus.
2860 4723 3009 4791 Quos
3037 4735 3231 4782 contra

1747 4918 1858 4993 (li)
1889 4919 2350 4993 Συιίπαρέμεινε.
2379 4919 2519 4993 Med.
2551 4928 2604 4993 ct
2645 4919 2766 4976 Vat.
2812 4936 2934 4976 cum
2966 4921 3100 4993 Reg.
3151 4937 3238 4978 se-

1675 4989 1854 5062 cunde
1883 4997 1953 5062 Aet
1987 4989 2155 5062 Coisl.
2179 4992 2428 5062 secundo
2459 4992 2776 5062 παρέμεινε.
2827 5041 2830 5046 .

1738 5059 1849 5133 (Ῑὲ)
1880 5059 2141 5133 Ἀρχαίᾳ.
2175 5058 2340 5133 [Jeest
2359 5077 2422 5115 ea
2444 5058 2553 5133 vox:
2583 5058 2638 5133 in
2665 5061 3004 5117 Coisliniano
3035 5063 3232 5133 primo.

1747 5129 1858 5198 (l3)
1887 5127 2028 5197 Hap’
2080 5127 2632 5202 manufraapgsitio
2683 5133 2868 5186 addita
2901 5149 2968 5188 ex
3001 5127 3238 5201 quatuor

1675 5215 1836 5271 mss...
1868 5214 2062 5271 nempe
2091 5199 2254 5262 Med.,
2285 5199 2446 5263 Vat.,'
2471 5200 2604 5271 Reg.
2641 5203 2882 5257 secundo
2911 5213 2964 5257 et
2993 5199 3231 5260 Claram.

1747 5268 1858 5345 (μ)
1900 5268 2201 5345 Ἀδεᾼφᾴν.
2230 5271 2401 5328 Coisl.
2427 5268 2703 5329 secundus
2731 5282 2784 5329 et
2808 5272 2938 5345 Reg.
2964 5273 3237 5331 secundus

1676 5345 1731 5394 et
1758 5339 1997 5394 Claram.
2029 5341 2260 5394 ἐταῖοον.

1748 5391 2345 5487 (Ιβ)”⁴1‹2;τςξςξὶξωέμιιρ
2393 5412 2562 5469 Coisl.
2615 5423 2846 5484 uterque
2896 5421 2952 5471 et
2978 5413 3111 5487 Reg.
3145 5429 3234 5469 sc-

1678 5479 1908 5535 cundus.
1951 5479 2091 5533 Editi
2127 5482 2410 5549 ἀπεδείξω.

1679 5551 1948 5676 ερᾶἑῒιξαε
1971 5549 2283 5606 CCCCXVI.
2307 5552 2520 5624 Scripta
2544 5554 2996 5626 eodemtempore
3025 5570 3087 5610 ac
3108 5570 3236 5625 pm.

1753 5695 1790 5712 “
1827 5692 1977 5747 Alias
2006 5691 2255 5748 CCXVII.
2290 5693 2505 5764 Scripta
2537 5693 2724 5752 eodem
2753 5703 3020 5768 tempore.
