3810 6498
59 356 163 417 ιθϋ

814 349 1296 409 ΕΡΙετΟΙΔῊυΙ
1330 348 1615 406 CLASSIS
1650 348 1719 406 ll.
1746 347 1967 406 EPIST.
2007 348 2382 408 CCLXXXIX.

3084 360 3225 418 £026

56 478 208 529 νυνιαν
242 470 479 540 χρήσεως
527 467 816 538 βιωτικῆς,
839 468 938 534 ὡς,
978 472 1044 525 ἐκ
1080 469 1176 524 τοῦ
1213 470 1288 542 μὴ
1326 486 1555 524 συνανα-

1654 469 1826 525 vitam
1864 468 2256 540 pertinentium
2305 457 2671 527 sociétatem:
2721 479 2783 528 ut
2839 488 2907 530 ex
2959 488 3028 531 eo
3076 477 3225 546 quod

56 560 289 699 μίγνυσθὲι
311 560 454 632 ἡμᾶς
476 558 649 631 αὐτῷ,
669 559 893 631 γένηται
919 562 1193 627 παντελῶς
1214 561 1551 635 κατάδρωμα

56 648 120 700 τοῦ
144 648 218 700 δια
251 646 386 700 όλου.

51 648 120 702 τοῦ
144 647 386 701 διασόλου.

504 779 850 837 ΕΠΙΣΤΟΛΗ
889 783 1034 839 2119'
1041 825 1056 839 .

1655 577 1781 618 cum
1833 576 1901 618 eo
1949 576 2060 618 non
2108 562 2583 629 commisceamur,
2628 563 2701 619 sit
2730 579 2962 636 prorsus
3005 567 3217 625 diaboli

1654 651 1937 723 pabulum.
2672 682 2677 687 -

2063 778 2402 836 EPISTOLA
2440 780 2839 841 CCLXXXIX'.

48 918 221 974 lationes
235 916 420 982 exponit
434 931 525 970 cur
543 915 735 983 eripere
750 929 846 968 non
867 916 1017 979 possit
1575 914 1659 987 qui
1675 928 1866 966 sacram
1889 912 2127 987 virginem
2151 913 2335 978 [animo
2354 914 2516 969 libello
2535 918 2849 978 laceraverat,
2867 926 2913 972 et
2935 921 3117 987 legibus
3135 936 3224 987 pu-

274 976 303 1037 .’
621 976 632 983 ’
868 976 879 979 ⁷
1072 976 1203 1028 nitus
1220 976 1487 1028 calumnias
1508 978 1569 1030 de
1588 976 1775 1044 integro
1796 976 2123 1030 renovaverat.

57 1108 421 1177 ’Arezlmagaac
439 1146 456 1169 .
501 1106 637 1176 περί
676 1102 961 1178 γυναικὸς
1000 1104 1548 1175 καταπονουμένης.

106 1219 217 1290 Ἐγὼ
252 1220 357 1274 ίσον
384 1220 693 1292 ἁμάρτημα
730 1223 923 1293 κρίνας
943 1263 957 1287 ,
1007 1222 1102 1275 καὶ
1132 1221 1551 1292 ἀνεπιτιμήτους

47 1315 113 1384 ὲᾷν
133 1311 239 1374 τοὺς
273 1310 704 1381 ἁμαρτάνοντας,
757 1314 849 1365 καὶ
882 1310 1228 1384 ὑπερὸαίνειν
1266 1311 1325 1365 τὸ
1356 1312 1551 1383 μέτρον

46 1406 92 1473 τῇ
126 1402 335 1472 τιμωρία
364 1400 500 1472 (67),
543 1400 644 1473 τὴν
690 1403 811 1473 ἐμοὶ
868 1403 1257 1458 ἐπιϐάλλουσαν
1306 1402 1549 1475 ἐπέθηκα

46 1494 157 1563 δίκην
183 1491 324 1564 τῷδε,
356 1494 609 1566 ἐξορίσας
639 1494 801 1548 αὐτὸν
829 1497 928 1567 τῆς
952 1495 1405 1567 ἐκκλησιαπικῆς
1435 1512 1549 1548 κοι-

46 1585 218 1647 νωνίας·
244 1582 330 1635 καὶ
359 1585 473 1647 τοῖς
516 1582 868 1654 ἠδικημένοις
898 1582 1179 1653 παρῄνεσα
1207 1582 1281 1655 μὴ
1326 1582 1548 1645 ἐαυτοὺς

46 1677 243 1739 ἐκδικεῖν,
274 1674 405 1729 ἀλλά
441 1674 523 1746 τῷ
570 1676 761 1747 Κυρίῳ
803 1675 903 1745 τὴν
934 1674 1289 1730 ἀνταπόδοσιν
1329 1672 1547 1745 ἐπιτρέ-

1880 1101 2005 1159 Sine
2035 1103 2373 1170 inscriptione
2393 1146 2408 1172 ,
2437 1105 2502 1159 de
2533 1106 2754 1161 muliere
2780 1109 2995 1179 amicta.

1729 1213 1840 1286 Ego
1865 1231 1966 1286 par
1997 1227 2277 1287 peccatum
2333 1232 2458 1272 esse
2508 1217 2765 1288 judicans
2812 1229 2867 1275 et
2927 1223 3221 1293 impunitos

1655 1304 1967 1386 relinquere
2035 1306 2414 1378 delinquentes
2445 1348 2461 1372 ,
2500 1318 2575 1363 et.
2628 1310 2844 1363 modum
2917 1316 3220 1384 transgredi

1654 1396 1964 1466 plectendo,
1992 1412 2209 1468 pinnam
2240 1413 2360 1470 quae
2389 1400 2519 1454 mihi
2553 1404 2924 1471 competchat,
2958 1404 3084 1459 huic
3107 1407 3222 1462 viro

1652 1485 1861 1553 innixi,
1915 1503 2114 1544 arcens
2159 1505 2282 1545 eum
2315 1505 2345 1543 a
2391 1492 2775 1548 communione
2819 1496 3219 1564 cccesiastica;

1653 1587 1708 1635 et
1736 1595 1832 1637 eos
1876 1580 1971 1651 qui
2004 1581 2114 1636 laesi
2149 1590 2279 1637 sunt
2313 1583 2563 1638 hortatus
2606 1599 2759 1648 sum,
2786 1595 2843 1639 ut
2873 1602 2933 1641 se
2970 1587 3069 1657 ipsi
3112 1603 3223 1644 non

1654 1675 2069 1739 ulciscerentur,
2103 1674 2198 1730 sed
2231 1676 2461 1729 Domino
2496 1676 2759 1730 ultionem
2811 1682 3214 1748 permitterent.

46 1768 129 1837 ψιι.
155 1767 334 1830 Ὥστε,
370 1770 422 1821 εί
464 1784 520 1821 τι
552 1767 744 1837 ὄφελος
797 1767 953 1839 ἡμῶν
996 1766 1107 1839 (68)
1152 1766 1547 1839 παραγγελμά-

1655 1763 1836 1833 Quare
1867 1767 1913 1821 si
1932 1780 2039 1837 qua
2064 1775 2212 1822 esset
2246 1767 2452 1822 utilitas
2477 1783 2720 1822 mearum
2748 1769 3180 1825 admouitionum
3201 1811 3220 1839 ,

46 1877 134 1922 των,
158 1861 262 1913 τότε
308 1860 373 1914 ἂν
403 1859 717 1932 ἡκούσθην,
753 1860 931 1932 πολλῷ
981 1861 1415 1933 ἀξιοπιστότερον
1464 1876 1555 1913 κε-

1654 1866 1786 1913 tunc
1830 1858 2056 1914 fuissem
2090 1859 2415 1926 exauditus,
2453 1874 2705 1915 sermone
2739 1871 2901 1917 utens
2950 1864 3223 1933 ejusmodi

47 1951 258 2022 χρημὲνος
292 1950 369 2023 τῷ
407 1950 556 2024 λόγῳ
604 1952 637 2023 ἢ
669 1953 793 2005 ὅσον
841 1952 906 2007 ἃν
935 1952 1191 2025 δυνηθείη
1236 1953 1552 2024 δυσωπῆσαι

1652 1950 1741 2020 qui
1770 1950 1941 2005 multo
1970 1958 2118 2005 esset
2167 1950 2233 2005 ad
2272 1951 2430 2005 fidem
2472 1951 2775 2006 faciendam
2828 1954 3027 2024 aptior,
3058 1970 3222 2024 quam

46 2043 92 2095 τὰ
108 2044 392 2114 γράμματα.
424 2043 585 2097 Ἐπεὶ
613 2044 671 2098 δὲ
692 2044 903 2116 ηκουσα
932 2044 1191 2117 ῥημάτων
1219 2044 1417 2117 πολλὴν
1440 2043 1550 2113 (69)

1651 2040 1845 2096 litterze
1889 2038 1957 2093 ad
2015 2040 2362 2097 ﬂectendum.
2405 2037 2512 2095 Sed
2556 2048 2851 2112 postquam
2904 2044 3068 2098 verba
3119 2060 3221 2097 au-

46 2134 218 2203 ὲχόντων
244 2132 553 2206 βαρύτητα,
596 2135 690 2188 καὶ
721 2135 842 2189 τότε
879 2136 1156 2207 ἡσύχασα,
1206 2137 1301 2191 καὶ
1328 2137 1423 2191 νῦν
1452 2138 1553 2191 ούκ

1650 2130 1757 2186 divi
1789 2131 1947 2186 valde
1990 2131 2215 2202 gravia,
2249 2140 2304 2187 et
2356 2140 2489 2186 tunc
2534 2133 2691 2199 silui,
2723 2141 2779 2187 et
2829 2150 2974 2189 nunc
3024 2134 3222 2215 decere

44 2220 153 2294 οἶμαι
178 2226 370 2296 πρέπον
397 2221 539 2280 εἶναί
583 2244 672 2299 μοι
699 2228 831 2300 περὶ
851 2228 960 2281 τῶν
983 2228 1161 2283 αὐτῶν
1188 2227 1547 2298 διαλέγεσθαι.

1649 2233 1735 2273 me
1762 2234 1871 2273 non
1901 2218 2141 2275 arbitror
2167 2220 2236 2275 de
2264 2219 2457 2275 iisdem
2482 2236 2661 2291 agere.
2694 2221 2805 2293 Ego
2827 2224 2994 2287 enim,
3020 2225 3223 2295 inquit,

52 2315 154 2383 Ἐγὼ
168 2316 282 2389 γὰρ,
308 2318 493 2390 φησὶν,
528 2318 723 2389 ἀνδρὸς
753 2318 1053 2391 ὑπερεῖδον,
1089 2320 1184 2373 καὶ
1208 2320 1550 2385 παιδοποιίας

1648 2311 1859 2377 virum,
1893 2311 2302 2382 liberorumque
2355 2315 2794 2383 procreationem
2845 2323 2899 2370 et
2952 2319 3217 2372 szeculum

43 2410 108 2461 καὶ
126 2409 240 2478 βίου,
263 2410 347 2463 ῖνα
374 2410 493 2474 sva;
514 2409 708 2464 τούτου
731 2409 971 2482 τύχοιμι,
992 2411 1091 2483 τῆς
1112 2411 1261 2484 παρὰ
1280 2412 1414 2466 Θεοῦ
1435 2412 1547 2483 (70)

1648 2402 1989 2474 contempsi,
2019 2405 2098 2459 rei
2132 2404 2298 2460 unius
2331 2405 2731 2474 consequendaz
2759 2421 2962 2472 causa,
3010 2417 3068 2462 ut
3111 2407 3222 2465 Deo

43 2499 399 2573 ιῦδοκιμήσεως,
416 2502 513 2556 καὶ
534 2501 687 2576 παρὰ
708 2504 820 2567 τοῖς
842 2501 1259 2576 ἀνθρώποιςτοῦ
1285 2503 1549 2574 βελτίονος

1648 2491 1873 2561 probata
1906 2507 2118 2560 essem,
2167 2502 2223 2550 et
2270 2494 2409 2551 bene
2457 2495 2603 2566 apud
2647 2495 2898 2552 homines
2948 2498 3217 2553 audirem.

42 2589 258 2655 ἀξιοῦσθαι
300 2591 480 2662 λόγου.
528 2574 747 2664 Ἐπειδὴ
785 2574 1068 2668 ἀνθρώπος
1116 2574 1179 2648 ἐκ
1213 2595 1398 2659 παιδὸς
1430 2598 1547 2662 ταῖς

1649 2581 1755 2638 Sed
1796 2595 2084 2656 postquam
2122 2584 2286 2641 homo
2313 2600 2342 2640 a
2384 2602 2552 2657 puero
2579 2588 2633 2641 in
2661 2589 3083 2659 corrumpendis
3116 2591 3217 2645 do-

43 2681 342 2754 olxopoopiat;
383 2683 846 2756 ἐντεθραμμένος,
880 2684 1453 2758 είσδιασάμενὸς-ποτε
1479 2690 1545 2761 τῇ

1648 2674 1826 2731 mibus
1855 2674 2162 2741 institutus,
2198 2677 2359 2732 solita
2393 2674 2735 2746 impudentia
2764 2693 2885 2733 sese
2919 2679 3218 2735 obtrudeus

44 2772 205 2843 συνήθει
246 2774 433 2829 ἐαυτοῦ
478 2775 726 2846 ἀναιδείᾳ
770 2775 1023 2830 ἐνέπεσεν
1067 2777 1225 2850 ημῶν
1268 2779 1347 2849 τῷ
1393 2780 1544 2848 οἴκῳ,

1648 2764 1703 2820 in
1754 2766 1977 2821 domum
2022 2782 2201 2823 meam
2241 2768 2538 2839 aliquando
2576 2769 2810 2839 irrupit,
2856 2769 3097 2841 mihique
3124 2785 3213 2826 co~

41 2863 265 2937 καὶμέχρι
304 2866 465 2939 ψιλῆς
517 2867 811 2937 συντυχίας
842 2862 1058 2937 ἐγένετο
1098 2868 1370 2943 γνώριμος
1393 2873 1543 2942 ημῖν,

1648 2856 1829 2925 gnitus
1857 2863 2069 2910 tantum
2104 2856 2208 2911 fuit
2228 2873 2295 2911 ex
2320 2858 2553 2927 simplici
2579 2860 2873 2929 colloquio,
2906 2876 3028 2931 quae
3057 2864 3218 2932 igno-

43 2954 107 3004 xz!
126 2955 289 3028 ἀγνοίᾳ
310 2956 416 3011 τῶν
449 2958 575 3013 κατ’
600 2958 782 3022 αὐτὸν,
809 2961 904 3014 καὶ
935 2960 1074 3014 αἰδοῖ
1102 2979 1206 3015 τινι
1239 2962 1547 3034 ἀπαιδεύτῳ

1648 2946 1856 3001 ratione
1896 2947 2043 3003 illius
2074 2962 2288 3002 morum
2331 2963 2396 3003 ac
2444 2950 2697 3020 imperito
2744 2951 2980 3021 quodam
3014 2956 3217 3024 pudore

43 3044 272 3112 προφανῶς
295 3046 453 3103 αὑτὸν
488 3048 857 3121 αίσχυνομένη
908 3051 1128 3106 ἐλάσαι·
1176 3054 1254 3118 είς
1292 3053 1544 3109 τοσοῦτόν

1648 3034 1798 3090 illum
1826 3046 2011 3109 aperte
2042 3039 2461 3096 verecundahar
2484 3044 2791 3113 expellere;
2815 3060 2881 3100 eo
2910 3045 3216 3116 impietatis

44 3131 208 3201 ἐξῆλθεν
235 3137 478 3205 ἀσεϐείας
526 3140 623 3194 και)¹
674 3138 905 3211 ὕϐρεως,
938 3140 1079 3196 ὥστε
1131 3144 1402 3218 ἐμπλῆσαι
1445 3146 1571 3218 μένπ

1648 3141 1710 3184 ac
1744 3132 2087 3188 contumelia:
2107 3132 2362 3200 devenit,
2395 3144 2455 3189 ut
2486 3137 2761 3192 civitatem
2792 3146 2957 3193 totam
2988 3138 3217 3209 injuria-

42 3223 111 3293 τὴν
135 3226 265 3281 πόλιν
299 3232 479 3286 πᾶσαν
523 3231 635 3287 τῶν
684 3233 804 3287 κατ’
836 3234 969 3306 ἐμοῦ
1000 3234 1111 3307 (71)
1154 3235 1540 3310 βλασφημιῶν,

1648 3222 1722 3278 sis
1753 3223 1809 3278 in
1851 3239 1937 3280 me
1980 3227 2328 3285 sermonibus
2370 3228 2639 3299 repleret,
2668 3245 2862 3300 meque
2892 3229 3107 3287 famoso
3137 3234 3208 3287 li-

44 3319 371 3391 προγράμματι
395 3324 453 3378 δέ
485 3325 736 3397 δημοσίῳ
767 3327 1131 3400 στηλιτεῦσαι,
1158 3329 1428 3384 ἐκτεθέντι
1452 3331 1543 3383 ἐπὶ

1648 3312 1785 3369 bello
1805 3315 1978 3371 valvis
2000 3318 2246 3373 ecclesia:
2267 3318 2427 3374 aﬂixo
2444 3320 2783 3375 decantaret.
2804 3318 2885 3375 Ob
2907 3336 3027 3391 qua:
3052 3325 3215 3379 etiam

42 3405 118 3458 τῶν
141 3412 399 3486 προθύρων
444 3417 549 3490 τῆς
588 3417 901 3489 ἐκκλησίας.
963 3420 1079 3493 Ἐφ’
1112 3416 1192 3486 οἷς
1225 3422 1320 3475 καὶ
1364 3421 1541 3493 τυχών

42 3512 145 3563 τινος
166 3504 300 3576 παρά
347 3506 455 3563 τῶν
492 3509 674 3580 νόμων
702 3512 1148 3585 ἀγανακτήσεως,
1186 3514 1345 3568 πάλιν
1380 3516 1545 3570 ἐπαν-

44 3588 166 3646 ελθὼν
203 3596 301 3669 (72)
351 3599 689 3655 ἀνενεώσατο
718 3602 817 3666 τὰς
845 3602 1008 3658 αὑτοῦ
1040 3602 1406 3677 βλασφημίας.
1431 3605 1544 3659 Πά-

43 3678 99 3735 λιν
120 3685 210 3741 τῶν
235 3690 374 3762 ἐμῶν
397 3691 679 3766 λοιδοριῶν
712 3693 927 3767 πλήρης
949 3698 983 3767 η
1013 3695 1209 3769 ἀγορὰ,
1238 3698 1307 3751 τὰ
1332 3697 1541 3768 γυμνά-

44 3787 118 3861 tu,
144 3778 201 3833 τὰ
226 3780 436 3856 θέατρα,
467 3787 527 3841 al
559 3787 726 3842 οἰκίαι
752 3786 860 3841 τῶν
887 3787 955 3841 δι’
983 3788 1271 3861 ὁμοιότητα
1299 3789 1392 3843 τοῦ
1420 3789 1535 3860 βίου

42 3860 278 3936 δεχομένων
310 3875 496 3932 αὐτόν.
535 3877 643 3930 Καὶ
688 3877 822 3950 μηδὲ
857 3878 952 3932 ἐπὶ
995 3860 1105 3945 τοῖς
1138 3879 1369 3951 βελτίοσι
1401 3898 1542 3951 γνω-

43 3953 247 4025 ρίζεσθαι,
278 3964 335 4018 ἐν
374 3960 458 4030 οἷς
504 3966 778 4038 εὐπρεπὲς
818 3963 908 4039 ἦν,
959 3968 1167 4041 ὑπῆρξέ
1213 3986 1302 4041 μοι
1332 3971 1398 4024 ὲκ
1433 3969 1542 4025 τῶν

41 4045 300 4117 αἰσχίστων,
346 4054 435 4110 διὰ
477 4055 539 4109 τὸ
585 4055 735 4129 παρά
784 4058 919 4111 πᾶσι
958 4060 1024 4131 τῇ
1074 4058 1357 4131 ἀκολάστῳ
1405 4058 1543 4129 γνῶ-

44 4140 431 4213 μῃ(73)γενέσθαι
454 4150 745 4223 περιφανῆ.
763 4150 885 4205 Ἐπὶ
900 4150 1126 4218 τούτοις,
1148 4154 1332 4225 φησὶν,
1362 4155 1410 4207 οί
1444 4154 1542 4226 μὲν

40 4226 200 4316 ﬂiam:
220 4240 331 4302 ταῖς
353 4239 743 4312 βλασφημίαις,
779 4241 866 4296 διὰ
892 4242 954 4296 τὸ
985 4243 1143 4313 φύσει
1182 4243 1390 4316 χαίρειν
1416 4247 1540 4310 ταῖς

42 4315 264 4395 λοιδορίαις
288 4332 410 4395 τοὺς
448 4330 766 4403 ἀνθρώπους
788 4348 804 4363 ·
832 4332 882 4386 οἱ
914 4332 970 4385 δὲ
1016 4315 1287 4403 ἄχθεσθαι
1323 4334 1421 4404 μὲν
1458 4332 1545 4387 λέ-

42 4424 196 4484 γουσιν,
237 4421 294 4474 οὐ
339 4422 665 4492 συναλγοῦσι
692 4421 750 4475 δέ
773 4439 786 4453 ·
821 4421 970 4477 ἄλλοι
1016 4421 1290 4478 πείθονται
1324 4422 1543 4495 ἀληθεῖς

1643 3402 2075 3474 indignationem
2112 3408 2351 3478 aliquam
2392 3424 2423 3463 a
2453 3409 2667 3481 legibus
2696 3421 2983 3480 expertus,
3016 3413 3217 3468 iterum

1641 3495 1859 3553 rediens
1907 3496 2199 3554 maledicta
2246 3513 2346 3556 sua
2388 3501 2697 3556 renovavit.
2748 3499 2964 3557 Rursus
3011 3502 3215 3557 referta

1641 3586 1907 3643 conviciis
1932 3588 2070 3645 meis
2088 3629 2105 3656 ,
2140 3586 2318 3643 forum
2343 3627 2359 3654 ,
2394 3590 2679 3661 gymnasia
2697 3630 2712 3656 ,
2742 3590 2953 3647 theatra
2976 3604 3040 3646 ac
3068 3592 3214 3648 aedes

1639 3694 1827 3737 eorum
1868 3680 1965 3752 qui
2005 3680 2159 3736 illum
2189 3682 2262 3737 ob
2289 3681 2415 3737 vita
2456 3681 2870 3737 similitudinem
2917 3683 3209 3754 recipiunt.

1639 3772 1750 3829 Nec
1778 3773 1906 3829 mihi
1936 3774 2256 3845 turpissima
2286 3774 2540 3830 convicia
2562 3775 2897 3853 attulerunt,
2920 3781 2981 3829 ut
3005 3790 3070 3830 ex
3100 3791 3216 3832 me-

1640 3865 1869 3922 lioribus
1894 3866 2082 3932 rebus,
2118 3874 2176 3921 ut
2212 3867 2519 3938 oportebat,
2557 3880 2944 3938 cognoscerer,
2964 3880 3031 3922 eo
3063 3868 3213 3937 quod

1642 3956 1788 4028 apud
1821 3972 2013 4014 omnes
2048 3956 2463 4029 intemperantis
2488 3957 2654 4012 animi
2680 3956 2829 4014 notis
2868 3958 3050 4015 inusta
3083 3962 3209 4017 sim.

1640 4045 1700 4102 ln
1733 4047 1841 4117 his,
1874 4048 2094 4119 inquit,
2147 4048 2240 4103 alii
2284 4047 2503 4119 quidem
2554 4047 2809 4104 laetantur
2856 4051 3159 4109 maledictis
3192 4092 3209 4119 ,

1640 4139 2072 4212 proptereaquod
2102 4146 2296 4194 natura
2327 4138 2591 4196 conviciis
2630 4140 2868 4211 gaudent
2898 4142 3149 4200 homines
3184 4160 3201 4195 :

1642 4231 1733 4285 alii
1765 4246 1894 4288 vero
1923 4245 1984 4287 se
2026 4230 2296 4303 indignari
2323 4229 2552 4298 dicunt,
2617 4246 2727 4287 non
2760 4240 2943 4290 tamen
2993 4249 3210 4292 mecum

1641 4324 1868 4392 dolent;
1899 4324 2021 4381 aliis
2068 4338 2393 4395 persuasum
2439 4332 2525 4379 est
2573 4339 2702 4380 vera
2745 4339 2869 4382 esse
2916 4327 3207 4396 convicia;

1642 4415 1892 4472 dubitant
1919 4416 2054 4485 alii,
2095 4416 2224 4472 dum
2254 4416 2305 4473 ei
2348 4415 2508 4473 toties
2527 4416 2736 4487 juranti
2762 4417 3003 4473 animum
3035 4428 3210 4474 atten-

42 4495 140 4557 εἶναι
177 4509 266 4575 τὰς
302 4512 568 4586 λοιδορίας
588 4530 603 4543 ·
656 4512 804 4568 ἄλλοι
838 4512 1126 4585 ἀμφίδολοί
1147 4516 1276 4582 stat,
1303 4514 1383 4585 τῷ
1410 4515 1541 4587 πλή-
1569 4500 1571 4552 Ῑ

1648 4508 1798 4565 dunt.
1868 4507 1987 4564 Non
2040 4516 2126 4565 est
2183 4518 2364 4565 autem
2416 4508 2508 4580 qui
2555 4508 2664 4565 mei
2726 4508 3205 4566 commiserescat:

42 4591 99 4647 θει
132 4601 222 4657 τῶν
260 4605 434 4677 ὅρκων
475 4606 638 4661 αὐτοῦ
673 4606 1047 4678 προσέχοντες.
1087 4606 1144 4659 Ὀ
1167 4605 1224 4659 δὲ
1259 4607 1541 4676 συναλγῶν

42 4686 112 4742 vix
126 4689 249 4749 ἐστιν
267 4715 280 4729 ι
313 4698 610 4762 ἀλλ’ὅντως
630 4696 723 4751 νῦν
748 4698 846 4770 τῆς
869 4698 1104 4769 ἐρημίας
1129 4697 1376 4771 ᾐσθόμην
1404 4697 1539 4771 (74)·

309 4875 570 4951 τιμωρίᾳ.
605 4870 744 4951 Med.
784 4877 839 4926 et
866 4868 990 4924 Vat.
1021 4869 1120 4951 τῂν
1148 4869 1433 4951 τιμωρίανἒ

89 4938 177 5012 (βε)
220 4938 412 5012 nam.
445 4938 581 4997 'Duo
608 4942 824 5012 codices
866 4938 1383 5012 recentiores'épt‘bv.
1420 4939 1542 4995 llo:

40 5007 162 5086 “919.
180 5007 383 5086 οων-ες
418 5014 500 5086 τῷ
530 5012 670 5083 λόγῳ

84 5074 171 5150 (69)
214 5081 365 5139 Ἐπεί
404 5074 540 5141 δὲ’...
575 5074 831 5150 εὶὸλλήν.
891 5079 966 5135 lta
1009 5078 1141 5150 Reg.
1187 5080 1462 5150 secundus
1487 5086 1543 5136 et

39 5137 167 5201 cnsui
192 5137 622 5209 secundusjlllii
652 5161 706 5208 et
737 5137 868 5206 editi
914 5137 1197 5209 *Enusii...
1237 5149 1466 5203 πολλῶν.

90 5215 201 5293 (79)Δ
214 5224 368 5293 Παρὰ
397 5224 566 5280 Θεοῦ.
601 5221 691 5277 Sic
713 5221 865 5293 Med.
883 5228 938 5276 et
960 5215 1141 5293 (ΣοῇςδΙζ⁸
1155 5220 1379 5293 primus.
1400 5219 1542 5275 Editi

41 5287 307 5362 πᾷξὲβῑῷῖ
331 5292 500 5350 Paulo

41 5417 55 5435 ι
89 5353 335 5435 (ﬂight;
368 5353 548 5435 epod:
597 5361 692 5435 Ita!
732 5353 900 5435 Coisl.
951 5364 1176 5435 primus.
1231 5359 1371 5435 Editi
1423 5361 1541 5415 κατ’

40 5428 247 5503 figo-.06.
302 5428 468 5490 Paulo
509 5442 633 5489 ante
681 5428 969 5503 legendum
1005 5429 1296 5503 αἱσχυνομέ

40 5492 377 5575 lal‘0_.‘ut_s:iepe
406 5507 560 5567 alias,
582 5492 831 5575 numero,
860 5503 942 5556 vel
968 5492 1401 5575 αίσχὶἱνομέναίς.

91 5562 186 5643 (72)
230 5562 616 5632 ‘Eiarslodir.
667 5570 748 5627 Ex
781 5562 867 5628 his
901 5580 1048 5642 patet
1063 5562 1545 5627 'auct'orem'libelli

39 5635 190 5691 emilio
216 5641 537 5695 damnatum-

114 5650 190 5691 uio
216 5650 537 5702 damnatum.

93 5701 184 5786 (73)
207 5701 442 5786 Γνώμη.
458 5716 637 5772 Mallet
648 5711 1009 5769 Combeﬂsius
1031 5710 1269 5786 γλώσσῃ.
1304 5708 1412 5786 sed
1431 5725 1543 5767 non

41 5763 187 5833 lavent
206 5763 917 5864 n'fs'i'anEéTpEi
923 5763 1016 5843 Si
1040 5763 1542 5841 Ἱεὸιίὀιὶἆῆ

677 5050 692 5075 ,
737 5011 880 5065 ὅσον.
922 5009 1172 5065 Nonnulli
1206 5009 1299 5063 καὶ
1329 5010 1469 5064 ὅσον.

531 5301 653 5364 post
682 5291 964 5364 legendum
1004 5289 1167 5346 Ἐπεί
1182 5289 1259 5364 δέζ

1301 5447 1385 5502 νην
1424 5445 1544 5485 ιιιιι·
1602 5492 1613 5505 .

1642 4600 1736 4657 sed
1762 4616 1889 4657 vere
1914 4615 2061 4655 nunc
2101 4599 2450 4656 solitudinem
2484 4599 2654 4666 sensi,
2709 4613 2905 4670 meque
2957 4599 3076 4669 ipsa
3125 4600 3209 4655 lu-

1641 4709 1741 4767 geo
1761 4735 1778 4759 ,
1814 4709 1925 4749 non
1951 4692 2175 4750 fratrem
2199 4732 2217 4761 ,
2269 4708 2381 4749 non
2406 4692 2641 4749 amicum
2662 4731 2682 4762 ,
2727 4707 2841 4748 non
2872 4702 3161 4765 cognatum
3187 4732 3204 4759 ,

1639 4870 1950 4928 emendare.
1985 4869 2331 4928 Suhobscura
2360 4878 2537 4925 autem
2571 4870 2736 4939 hujus
2778 4869 2883 4925 loci
2941 4869 3203 4939 sententia

1642 4942 1723 4998 sic
1745 4942 1958 4997 videtur
1985 4942 2243 5011 explicari
2285 4955 2445 5010 posse
2474 4955 2489 4992 :
2531 4935 2667 5011 Erat
2699 4940 2787 4994 illa
2832 4940 2985 5010 virgo
3018 4940 3101 5011 oh
3128 4935 3209 4993 fa-

1641 5026 1826 5068 mosos
1855 5009 2070 5067 libellos
2100 5009 2353 5069 omnibus
2385 5009 2621 5079 cognita,
2656 5010 2729 5065 ita
2777 5018 2838 5064 ut
2870 5009 2936 5064 in’
2957 5009 3205 5079 omnium

1642 5096 1891 5137 sermone
1919 5090 2241 5137 versaretur.
2270 5078 2531 5147 ltaqne’si
2571 5080 2858 5135 calumnia:
2893 5094 3001 5134 non
3031 5078 3202 5147 ipsam

1642 5150 1978 5222 pudicitiam,
2011 5152 2105 5207 sed
2129 5151 2272 5222 aliud
2304 5149 2581 5220 quidpiam
2606 5157 3034 5220 oppugnassent,
3068 5148 3202 5202 illud

1643 5220 1833 5277 saltem
1856 5236 1920 5276 ex
1944 5220 2234 5276 calumniis
2259 5228 2551 5274 consecuta
2583 5229 2749 5278 esset.
2782 5228 2838 5275 ut
2865 5235 2985 5273 eam
3016 5232 3207 5272 omnes

1641 5292 1904 5361 virginem
1929 5308 2051 5347 esse
2088 5290 2311 5361 scirent.
2351 5288 2457 5344 Sed
2486 5298 2609 5344 eum
2642 5292 2927 5345 maledicta
2955 5290 3008 5343 in
3032 5289 3207 5361 ipsam

1641 5358 1957 5431 pudicitiam
1988 5359 2318 5429 erupissent,
2352 5375 2460 5414 non
2505 5360 2616 5429 jam
2657 5376 2755 5415 sua
2800 5361 2945 5415 illam
2975 5358 3205 5431 virgini:

1642 5426 1748 5496 tas,
1778 5437 1967 5499 utpote
1994 5426 2381 5486 incontinentis
2404 5426 2570 5484 animi
2598 5432 2746 5486 notis
2779 5431 3036 5493 inustam,
3062 5426 3207 5499 apud

1640 5501 1889 5558 homines
1922 5500 2303 5569 commendare
2342 5505 2537 5569 potuit.

1714 5571 1825 5643 (74)
1875 5569 2197 5643 ᾘσθόμην.
2231 5565 2511 5643 _Quatu_or_
2562 5570 2778 5627 codices
2835 5569 3027 5643 ἦσθην.
3080 5565 3203 5626 ναι.

1614 5639 2612 5769 Magnessam

2020 5707 2204 5768 XLlX.
2242 5698 2455 5784 Scripta
2476 5698 2902 5786 'in'episcopatu.
