3810 6500
106 298 218 352 105⁸1

922 292 1407 352 EPISTOLARUM
1441 291 1722 352 CLASSIS
1772 288 1860 347 111.
1900 290 2120 349 EPIST.
2158 293 2402 351 CCXCV.

3146 291 3281 345 1υῦὶὲ

102 414 179 469 καὶ
202 408 557 483 προελθοῦσαν
603 408 684 472 είς
720 406 904 479 ἀκμὴν
937 408 1145 464 τελείαν
1164 453 1181 478 ,
1213 412 1307 466 καὶ
1357 413 1438 475 είς
1485 427 1620 482 καρ-

1741 412 2135 471 ncrementum,
2175 412 2524 472 maturosque
2578 400 2790 460 fructus
2842 404 3159 475 perductam
3193 408 3281 463 vi-
3338 412 3343 421 ί

101 503 213 565 ποὺς
236 498 459 571 ὡραίους
481 537 498 564 ,
531 496 1044 570 ωλλαμόανομένης
1084 498 1241 571 ⁴ἡμῶν
1286 504 1405 565 ταῖς
1442 500 1625 572 εὐχαῖς

100 596 178 665 τῆς
209 589 464 662 ὑμετέρας
519 586 890 660 φιλομαθείας.
940 587 1015 644 Εὖ
1053 591 1162 663 γὰρ
1217 591 1332 645 ῐστε
1384 591 1478 645 καὶ
1527 589 1625 662 τὴν

98 683 335 756 ἡμετέραν
361 682 439 744 είς
464 681 609 752 ὑμᾶς
636 679 866 745 εὔνοιαν,
893 683 987 735 καὶ
1020 681 1117 752 τὴν
1142 681 1237 736 τοῦ
1269 681 1403 736 Θεοῦ
1436 700 1625 755 συνερ-

99 776 200 846 γὶαν
216 774 325 837 ταῖς
351 770 642 845 ὑμετέραις
678 773 1054 828 ἐναποκεῖσθαι
1081 774 1327 845 γνώμαις
1344 816 1359 841 ,
1393 769 1467 829 ὧν
1488 775 1624 847 πρὸς

101 867 145 919 τὸ
189 865 295 917 δέον
340 863 709 935 εύθυνομένων
732 904 748 928 ,
804 864 935 930 Θεὸς
984 866 1246 937 συνεργὸς
1296 867 1623 938 καλούμενος

100 956 330 1029 παρέσται
360 955 453 1007 καὶ
504 955 771 1027 ἄκλητος,
802 957 895 1012 καὶ
927 958 1035 1021 πᾶς
1076 958 1317 1027 φιλόθεος
1341 960 1625 1031 ἄνθρωπος

99 1045 209 1117 πρὸς
254 1043 590 1097 διδασκαλίαν
626 1044 1080 1115 αὐτεπάγγελτος.
1127 1047 1403 1119 ’Δνίκητος
1436 1049 1545 1121 γὰρ
1586 1052 1619 1122 ὴ

101 1135 340 1207 πρώυμία
393 1136 503 1188 τῶν
563 1136 834 1191 διδάσκειν
886 1155 939 1191 τι
988 1138 1254 1209 χρήσιμον
1289 1136 1621 1209 δυναμένων,

98 1230 200 1282 ὅταν
223 1227 275 1280 ai
307 1223 414 1279 τῶν
439 1225 812 1296 μανθανόντων
844 1228 1013 1299 ψυχαὶ
1035 1230 1215 1299 πάσης
1247 1228 1623 1301 καθαρεύωσιν

98 1317 396 1381 ἀντιτυπίας.
421 1315 633 1372 Οὐκοῦν
670 1318 791 1373 οὐδὲ
820 1319 1069 1391 σώματος
1100 1318 1297 1373 κωλύει
1327 1322 1621 1393 χωρισμὸς,

98 1410 170 1465 τοῦ
210 1411 703 1483 δημιουργήσαντος
753 1412 903 1482 ἡμᾶς
955 1411 1023 1465 δι’
1071 1412 1373 1485 ὑπερϐολὴν
1432 1414 1623 1483 σοφίας

99 1500 171 1555 καὶ
214 1500 616 1571 φιλανθρωπίας
668 1500 742 1571 μὴ
794 1503 1312 1574 συμπεριορίσαντος
1365 1506 1475 1567 τοῖς
1521 1502 1624 1557 σώ-

100 1610 205 1666 μασι
240 1595 332 1664 τὴν
353 1593 595 1648 διάνοιαν
620 1634 635 1658 ,
673 1594 809 1665 μήτε
840 1592 946 1664 μὴν
978 1596 1043 1667 τῇ
1080 1594 1292 1668 γλώττῃ
1318 1597 1425 1649 τῶν
1449 1597 1622 1666 λόγων

97 1687 173 1757 τὴν
203 1686 414 1756 δύναμιν
437 1702 451 1715 ·
486 1685 670 1750 δόντος
698 1684 755 1738 δέ
791 1702 845 1738 τι
886 1685 1065 1740 πλεῖον
1094 1688 1186 1740 καὶ
1229 1688 1337 1742 άπὸ
1376 1688 1470 1742 τοῦ
1498 1672 1624 1760 χρό-

1724 497 1854 555 dere
1919 497 2205 567 cupimus,
2273 502 2455 550 vestro
2540 494 2783 551 discendi
2844 497 3027 553 studio
3091 508 3277 555 nostra

1724 598 1849 644 vota
1880 588 2192 658 adjuvante.
2238 586 2414 641 Probe
2460 586 2603 640 enim
2657 588 2809 644 scitis
2850 597 2906 645 et
2944 598 3188 646 nostram
3220 593 3275 648 in

1724 696 1820 736 vos
1843 681 2299 745 benevolentiam,
2348 688 2403 734 et
2449 680 2540 735 Dei
2568 682 2827 736 auxilium
2867 684 2922 737 in
2970 684 3169 739 vestris
3212 686 3280 739 si-

1726 782 1841 826 tum
1882 788 2003 827 esse
2045 772 2420 849 voluntatibus
2455 790 2468 826 :
2502 775 2701 843 quibus
2746 774 2809 828 ad
2843 775 2893 829 id
2929 776 3073 846 quod
3123 778 3276 834 decet

1722 865 1971 929 directis,
2002 864 2145 920 Deus
2172 864 2391 934 adjutor
2415 872 2645 920 vocatus
2675 866 2847 921 aderit
2873 876 2925 921 et
2946 868 3235 925 invocatus
3261 860 3287 934 ;“

1722 966 1777 1011 et
1806 957 2055 1027 quisquis
2089 956 2260 1012 Deum
2300 956 2493 1027 diligit.
2531 973 2629 1012 sua
2659 966 2852 1027 sponte
2880 959 2948 1013 ad
2974 960 3278 1015 docendum

1725 1064 1785 1102 se
1815 1048 2026 1103 offeret.
2073 1048 2169 1103 Est
2230 1048 2376 1102 enim
2423 1049 2625 1103 invicta
2674 1049 2928 1105 alacritas
2969 1066 3157 1105 eorum
3186 1051 3279 1121 qui

1725 1138 1858 1192 utile
1888 1138 2090 1208 aliquid
2121 1137 2315 1194 docere
2344 1147 2593 1209 possunt,
2624 1154 2748 1193 cum
2776 1139 3101 1195 discentium
3128 1155 3280 1196 mene

1723 1236 1807 1282 tes
1851 1228 1920 1281 ab
1961 1228 2108 1281 omni
2166 1242 2319 1297 purae
2368 1236 2497 1284 sunt
2540 1227 2853 1283 obluctandi
2897 1229 3049 1283 vitio.
3096 1227 3281 1300 Itaque

1723 1335 1793 1375 ne
1839 1320 2087 1389 corporis
2125 1320 2343 1391 quidem
2386 1321 2679 1390 disjunctio
2718 1327 2805 1376 est
2854 1322 3284 1392 impedimento;

1723 1416 1925 1485 quippe
1972 1430 2095 1471 cum
2134 1414 2395 1470 Conditor
2421 1424 2634 1483 noster,
2663 1415 2734 1471 ob
2761 1416 3043 1487 sapientia:
3079 1432 3144 1472 ac
3184 1417 3283 1472 be-

1722 1505 2007 1577 nignitatis
2071 1506 2523 1578 magnitudinem,
2555 1522 2656 1562 nec
2701 1508 3026 1577 corporibus
3079 1512 3284 1580 cogita-

1723 1596 1961 1659 tionem,
2005 1612 2106 1651 nec
2166 1597 2348 1667 lingua
2409 1596 2623 1652 dicendi
2685 1594 2996 1654 facultatem
3050 1584 3284 1653 circum-
3330 1594 3337 1613 ⁵

1725 1685 2006 1757 scripserit
2039 1704 2054 1750 ;
2087 1685 2181 1742 sed
2228 1693 2283 1741 et
2330 1686 2401 1741 ab
2430 1686 2550 1756 ipso
2578 1696 2822 1757 tempore
2859 1688 3093 1758 amplius
3126 1689 3283 1759 quid-
3326 1706 3346 1757 ς,

97 1794 167 1828 νω
188 1778 289 1839 τοῖς
316 1776 546 1845 ὠφελεῖν
581 1776 898 1847 δυναμένοις
915 1817 930 1842 ,
964 1777 1039 1841 ὡς
1073 1779 1146 1849 μὴ
1182 1779 1342 1849 μόνον
1370 1782 1482 1844 τοῖς
1523 1798 1624 1852 μα-

1737 1777 1849 1831 dam
1893 1777 1981 1841 iis,
2012 1778 2104 1847 qui
2146 1778 2409 1847 prodesse
2443 1786 2696 1848 possunt,
2735 1781 2962 1851 largitus
2991 1780 3084 1843 sit,
3119 1780 3194 1834 ita
3226 1786 3283 1835 ut
3326 1770 3349 1829 ζ

97 1867 208 1938 κρὰν
242 1866 576 1939 διεστηκόσιν
599 1907 614 1931 ,
641 1866 777 1920 ἀλλὰ
802 1867 869 1940 δὴ
901 1869 995 1922 καὶ
1041 1872 1155 1932 τοῖς
1204 1869 1322 1924 λίαν
1352 1871 1622 1940 ὁψιγόνοις

101 1959 446 2031 παραπέμπειν
473 1959 735 2014 δύνασθαι
762 1960 859 2033 τὴν
897 1961 1264 2016 διδασκαλίαν.
1294 1964 1404 2016 Καὶ
1434 1962 1624 2016 τοῦτον

98 2052 202 2121 ἡμῖν
243 2052 468 2123 ήπεῖρα
514 2050 799 2107 πιστοῦται
831 2054 922 2108 τὸν
972 2054 1159 2123 λόγον’
1197 2054 1425 2125 ἐπείπερ
1473 2054 1527 2107 οἵ
1564 2071 1623 2107 τε

100 2141 272 2206 πολλοῖς
303 2144 570 2216 πρότερον
620 2144 763 2199 ἔτεσι
817 2146 1093 2217 γενόμενοι
1144 2145 1449 2202 διδάσκουσι
1499 2146 1622 2211 τοὺς

101 2232 251 2297 νέους,
293 2235 607 2307 σωζομένης
639 2239 698 2291 ὲν
748 2237 1037 2309 γράμμασι
1089 2238 1187 2309 τῆς
1238 2236 1619 2301 διδασκαλίας’

100 2326 227 2394 ἡμεῖς
268 2341 324 2379 τε
375 2330 772 2401 κεχωρισμένοι
816 2330 1071 2384 τοσοῦτον
1108 2334 1220 2395 τοῖς
1269 2331 1518 2402 σώμασι,
1558 2332 1622 2402 τῇ

101 2414 269 2487 διανοίᾳ
288 2416 550 2490 σύνεσμεν
573 2420 678 2485 ἀεὶ,
707 2420 802 2473 καὶ
830 2420 1262 2492 προσομιλοῦμεν
1284 2420 1499 2492 ῥαδίως,
1528 2420 1627 2490 τῆς

97 2505 398 2573 διδασκαλίας
420 2509 544 2564 οὔτε
574 2511 679 2564 ὑπὸ
710 2512 812 2583 γῆς
829 2510 950 2565 οὔτε
982 2514 1087 2566 ὑπὸ
1121 2512 1391 2584 θαλάσσης
1422 2511 1626 2565 κωλυο-

104 2597 278 2669 μένης,
309 2600 362 2654 εῐ
393 2602 476 2666 τίς
506 2603 655 2656 ἐστιν
689 2603 817 2661 ὑμῖν
844 2603 950 2657 τῶν
978 2604 1128 2658 ίδίων
1171 2603 1357 2675 ψυχῶν
1383 2603 1621 2676 φροντῖςο

574 2721 920 2775 amarem
956 2722 1110 2789 2m.

1726 1885 1836 1924 non
1874 1871 2049 1925 solum
2076 1870 2236 1940 longe
2265 1869 2497 1935 dissitis,
2522 1870 2617 1926 sed
2647 1872 2810 1926 etiam
2845 1885 2969 1926 sero
2994 1870 3283 1927 admodum
3324 1858 3345 1889 ’έ

1726 1961 2024 2017 nascituris
2070 1962 2374 2016 doctrinam
2424 1962 2793 2018 transmittere
2827 1963 3061 2018 valeant.
3110 1963 3283 2032 Atque

1728 2053 1868 2107 hanc
1943 2053 2099 2108 nobis
2160 2055 2483 2107 sententiam
2548 2054 2835 2108 confirmat
2906 2053 3281 2125 experientia:

1730 2145 2162 2216 quandoquidem
2188 2144 2347 2217 433
2372 2153 2427 2201 et
2448 2146 2539 2215 qui
2573 2146 2758 2201 multis
2784 2155 2912 2201 ante
2945 2148 3105 2202 annis
3139 2146 3281 2201 vixe-

1729 2246 1878 2302 runt,
1942 2235 2198 2291 erudiunt
2251 2237 2519 2306 jnniores.
2572 2247 2897 2293 conservata
2951 2238 3006 2291 in
3072 2237 3280 2307 scriptis
3329 2220 3337 2229 ‘

1731 2312 1978 2383 dectrina
2006 2344 2018 2381 :
2053 2336 2107 2380 et
2138 2342 2504 2399 nos,corpore
2521 2328 2605 2397 ita
2634 2327 2835 2395 dissiti,
2854 2322 3045 2384 animo
3077 2345 3279 2399 semper

1733 2418 2027 2481 adsumus,
2068 2433 2135 2473 ac
2182 2418 2341 2475 facile
2388 2420 2803 2492 colloquimur;
2859 2436 2985 2476 cum
3042 2422 3283 2476 doctrina

1733 2526 1908 2581 neque
1949 2520 2096 2566 terra
2131 2526 2307 2581 neque
2334 2512 2468 2566 mari
2506 2513 2881 2582 prohibeatur,
2916 2514 2961 2567 si
3002 2528 3107 2584 qua
3135 2514 3281 2569 vobis

1732 2590 2035 2658 vestrarum
2062 2605 2366 2659 animarum
2396 2619 2526 2658 cura
2551 2619 2614 2659 ac
2647 2604 2977 2661 sollicitudo.

2180 2717 2512 2773 EPISTOLA
2551 2718 2777 2774 CCXCV
2806 2722 2844 2773 ‘.

456 2834 693 2885 Hortatur
710 2840 765 2884 ut
782 2833 1105 2885 cambiticam
1127 2833 1275 2885 vitam
1294 2834 1659 2894 muleetantur,
1682 2836 1965 2895 caveantque
1980 2845 2044 2882 ne
2078 2834 2187 2896 quis
2213 2844 2294 2881 eos
2315 2845 2343 2881 α
2365 2832 2567 2880 Patrum
2589 2830 2686 2893 ﬁde
2702 2831 2919 2883 abducat.

613 2941 949 3004 Μοινάζουσι
979 2944 1082 3015 (7).

169 3052 412 3127 Ἥγοῦμαι
448 3056 548 3127 μὲν
580 3057 847 3128 μηδεμιᾶς
885 3058 1076 3129 ἐτέρας
1106 3058 1249 3129 ὑμᾶς
1276 3061 1341 3130 τῇ
1372 3057 1465 3113 τοῦ
1495 3059 1629 3112 Θεοῦ

108 3146 254 3217 χάριτι
294 3148 686 3219 παρακλήσεως
712 3147 917 3200 δεῖσθαι
937 3188 951 3212 ,
998 3147 1133 3219 μετὰ
1164 3149 1288 3211 τοὺς
1320 3148 1511 3217 λόγους
1540 3147 1633 3212 οὓς

106 3237 159 3290 δι’
186 3240 322 3310 ἡμῶν
354 3240 534 3294 αὐτῶν
562 3239 938 3311 ἐποιησάμεθα
982 3241 1117 3311 πρὸς
1154 3241 1327 3311 ὑμᾶς,
1378 3256 1633 3312 παρακα-

107 3328 286 3396 λοῦντες
322 3333 464 3405 ὑμᾶς
498 3332 709 3395 πάντας
741 3331 839 3403 τὴν
868 3334 961 3385 ἐπὶ
1003 3333 1064 3385 τὸ
1110 3332 1241 3385 αὐτὸ
1293 3333 1436 3404 ζωὴν
1468 3350 1635 3387 κατα-

107 3421 318 3486 δέξασθαι
367 3427 446 3489 εῖς
501 3425 728 3496 μίμημα
774 3423 872 3495 τῆς
918 3424 1278 3494 ἀποστολικῆς
1328 3423 1632 3487 πολιτείας,

108 3512 230 3567 dicat
272 3516 518 3581 ἐδέξασθε
550 3516 626 3580 ὡς
664 3515 863 3585 ἀγαθὸν
896 3514 1156 3585 δίδαγμα,
1186 3515 1279 3568 καὶ
1308 3515 1636 3586 ηύχαριστή-

112 3621 211 3659 σατε
252 3607 312 3660 δι’
342 3609 472 3663 αὐτὸ
524 3607 605 3679 τῷ
654 3607 863 3680 Κυρίῳ.
916 3607 1070 3660 Ἐπεὶ
1119 3602 1212 3659 οῦν
1250 3606 1369 3676 οὐχὶ
1418 3606 1634 3675 ῥήματα

107 3690 160 3766 ἦν
184 3697 245 3751 τὰ
272 3688 395 3771 παρ’
428 3699 590 3770 ἡμῶν
623 3697 922 3769 λαληθέντα
946 3737 962 3761 ,
1019 3697 1155 3751 ἀλλὰ
1203 3696 1510 3764 διδάγματα
1557 3696 1635 3758 εἰς

107 3784 238 3855 ἔργον
257 3789 535 3859 προελθεῖν
559 3788 635 3858 (8)
665 3787 947 3857 ὀφείλοντα
973 3787 1064 3840 ἐπὶ
1086 3786 1324 3856 ὠφελείᾳ
1359 3786 1453 3856 μὲν
1482 3785 1661 3856 ὑμῶν·

106 3874 190 3929 τῶν
230 3879 601 3952 ἀνεχομένων,
652 3881 739 3932 ἐπ’
786 3879 1089 3933 ἀναπαύσει
1133 3878 1190 3931 δὲ
1239 3878 1481 3949 ἡμετέρᾳ
1529 3877 1637 3930 τῶν

108 3966 413 4040 ὑποθεμένων
454 3971 559 4043 τὴν
598 3969 859 4042 γνώμην,
892 3972 972 4034 είς
1006 3968 1163 4034 δόξαν
1193 3969 1250 4022 δὲ
1293 3969 1387 4022 καὶ
1420 3967 1637 4021 ἔπαινον

107 4055 180 4109 τοῦ
218 4059 484 4131 Χριστοῦ,
540 4055 601 4117 οῦ
643 4061 703 4114 τὸ
749 4060 919 4131 ὄνομα
954 4059 1305 4129 ἐπικέκληται
1344 4059 1428 4129 ἐφ’
1456 4060 1633 4129 ἡμᾶς·

108 4147 263 4203 τούτου
289 4151 445 4224 χάριν
470 4150 773 4206 *ἀπέστειλα
793 4150 884 4206 τὸν
915 4150 1288 4205 ποθεινότατον
1314 4151 1346 4220 ἡ
1354 4149 1468 4220 μῶν
1491 4149 1641 4203 ἁδελ-

111 4237 214 4306 φδν,
238 4241 319 4297 ἶνα
353 4246 447 4299 καὶ
483 4245 545 4297 τὸ
576 4242 855 4316 πρόθυμον
888 4242 1129 4315 γνωρίσῃ
1152 4285 1166 4309 ,
1203 4244 1297 4297 καὶ
1338 4243 1396 4296 τὸ
1432 4242 1637 4315 νωθρὸν

111 4301 308 4407 διεγείρη
326 4376 341 4399 ,
370 4338 466 4390 καὶ
511 4335 572 4389 τὸ
612 4301 913 4391 άντιτεῖνον
941 4301 1071 4403 φανε
1201 4337 1333 4406 ἡμῖν
1357 4301 1631 4405 καταστή-
1664 4301 1712 4359 D

113 4436 179 4492 σῃ.
207 4426 367 4500 Πολλὴ
396 4429 510 4500 γὰρ
541 4430 575 4500 ἡ
602 4428 865 4500 ἐπιθυμία
900 4429 997 4484 καὶ
1030 4428 1157 4482 ἰδεῖν
1182 4430 1327 4500 ὑμᾶς
1366 4428 1635 4500 συνηγμέ⁴

112 4526 238 4577 νους.
264 4518 352 4571 καὶ
386 4518 617 4572 ἀκοῦσαι
651 4520 777 4589 περὶ
810 4518 964 4591 ὑμῶν
989 4558 1004 4581 ,
1034 4519 1115 4573 ὅτι
1152 4520 1271 4590 οὐχὶ
1321 4519 1411 4572 τὸν
1448 4519 1635 4591 ἀμάρ-

113 4618 240 4675 τδρον
269 4608 516 4677 ἀγαπᾶτε
543 4610 656 4681 βίον
680 4650 694 4675 ,
722 4609 859 4665 ἀλλὰ
889 4610 1091 4682 μᾶλλον
1116 4610 1479 4681 καταδέχεσθε
1502 4611 1636 4666 πάν-

112 4706 182 4755 τες
212 4698 298 4751 καὶ
326 4701 563 4771 φύλακες
590 4703 690 4773 τῆς
727 4701 971 4773 ἀλλήλων
1004 4700 1288 4772 ἀκριϐείας
1321 4696 1461 4755 εἶναι
1482 4740 1498 4765 ,
1540 4701 1636 4755 καὶ

116 4782 349 4860 μάρτυρες
393 4792 504 4846 τῶν
543 4793 1007 4866 κατορθουμένων.
1042 4793 1198 4848 Οὕτω
1252 4793 1362 4866 γὰρ
1406 4794 1635 4860 ἕκαστος

114 4872 282 4930 καὶτὸν
312 4880 397 4950 ἐφ’
418 4881 597 4952 ἑαυτῷ
619 4882 808 4952 μισθὸν
824 4881 1026 4935 τέλειον
1045 4880 1386 4952 ἀπολήψεται
1405 4880 1506 4952 (9),
1540 4880 1636 4935 καὶ

113 4956 184 5011 τὸν
217 4964 299 5019 ἐπὶ
324 4970 388 5040 τῇ
421 4968 514 5023 τοῦ
552 4969 779 5040 ἀδελφοῦ
811 4973 1060 5042 προκοπῇ
1091 4989 1104 5002 ·
1143 4971 1201 5025 ὃν
1244 4971 1337 5026 καὶ
1368 4970 1513 5042 λόγῳ
1540 4970 1636 5025 καὶ

166 5070 223 5105 ⁸⁸⁸
243 5075 433 5135 Jerem.
466 5097 578 5148 xw,
612 5082 668 5138 9.

170 5182 233 5260 (7)
256 5189 603 5267 Μοτάξουσςι.
628 5190 721 5267 Sic
735 5191 1106 5267 _H_arl.,_Coisl.
1132 5193 1341 5266 primus
1359 5204 1412 5251 et
1434 5195 1636 5267 Regius

115 5260 311 5372 ﬁgimus.
342 5259 412 5314 At
434 5259 633 5332 Regius
658 5263 800 5318 2897
836 5272 889 5319 et
910 5259 1087 5319 'Coisl.
1125 5259 1397 5322 secundus
1423 5259 1634 5323 sic'ha-

173 5329 251 5372 nt:
283 5328 418 5372 nam
472 5331 795 5372 ιωνάγηυτηρ
861 5330 1016 5372 κρῖ..
1059 5335 1388 5372 ξηρηηηινρ.
1442 5338 1634 5372 ...ιιι-ηε...

118 5328 251 5377 Dent:
283 5328 418 5399 Πρὸς
471 5328 815 5401 μονάζοντας,
861 5333 926 5387 δι’
950 5330 1016 5407 ἦς
1058 5335 1393 5407 ὲπιστηρίζει
1441 5338 1635 5403 αὐτοὺς

118 5390 227 5457 πρὸς
248 5397 338 5469 τὴν
366 5401 423 5453 ὲν
448 5401 667 5469 Χριστῷ
699 5402 968 5457 πολιτείαν
999 5405 1095 5458 καὶ
1126 5406 1335 5459 πίστινο
1364 5404 1634 5462 Monaclu's

117 5471 232 5580 E198.
246 5471 513 5580 conﬁrmat
543 5474 596 5526 in
619 5471 730 5527 vita
749 5472 1028 5527 secundum
1059 5471 1326 5529 Christum
1353 5487 1402 5531 et
1432 5477 1485 5531 in
1509 5478 1631 5547 ﬁde.

184 5539 232 5580 ιιι
257 5536 316 5580 ad
357 5551 445 5580 nm
476 5542 568 5580 νηί
590 5560 751 5580 ωηηιυ
798 5544 875 5580 κη
907 5544 939 5580 4η
970 5544 1149 5580 ηερξηερ
1170 5546 1314 5580 ιρι-ι..
1336 5548 1368 5580 ,ι
1393 5546 1631 5580 -.τινων-

184 5536 450 5654 ἱιξὶαάάιιηι
476 5542 569 5596 καί
590 5560 771 5613 φησιν,
798 5544 878 5596 ὅτι
890 5544 940 5666 ἒ
970 5544 1149 5626 πίστις
1169 5546 1314 5599 ἐστὶν
1336 5548 1369 5619 ἡ
1392 5536 1637 5613 σώζουσα

184 5616 190 5651 ι
252 5606 422 5666 γάπης
463 5613 842 5666 ἐνεογουιιένη’
940 5622 959 5666 t
1007 5624 1081 5666 ait
1125 5614 1279 5666 fidem
1322 5634 1436 5666 aut:
1467 5616 1636 5666 salvat

116 5593 445 5689 etiamne
463 5593 851 5689 tuastuas:
866 5593 875 5595 ἡ
890 5593 959 5666 ἐι
978 5593 1091 5667 "iiii
1104 5593 1284 5682 ’ἢᾶἑᾶ
1296 5593 1306 5599 ’
1322 5593 1636 5689 ᾤιῖἷῖἇῖυᾶ

119 5678 216 5723 “ﬁt
238 5689 338 5732 me
366 5678 477 5749 quas
504 5678 925 5752 pér'churita'tem
958 5678 1221 5741 oneratur.

310 5401 423 5473 v_év
448 5401 667 5473 Χριστῷ
699 5401 984 5473 πολιτείαν
999 5405 1095 5473 καὶ.
1126 5401 1335 5459 πίστὶνο
1364 5401 1634 5462 Monaclu's
1680 5420 1687 5425 '

2361 2940 2655 2995 Monachis.

1807 3054 2055 3110 Arbitror
2096 3054 2347 3125 equidem
2383 3054 2589 3108 nullam
2627 3055 2786 3109 aliam
2812 3056 2968 3114 vobis
3000 3057 3093 3115 Dei
3120 3061 3282 3132 gratia

1734 3160 1871 3215 opus
1903 3160 2026 3199 esse
2052 3142 2511 3208 adhortationem,
2536 3153 2661 3214 post
2697 3162 2791 3201 eos
2819 3163 3123 3216 sermones,
3153 3166 3283 3221 quos

1734 3254 1830 3309 per
1857 3253 1942 3292 me
1975 3239 2092 3308 ipse
2122 3238 2264 3307 apud
2303 3252 2398 3293 vos
2436 3237 2624 3303 habui,
2664 3254 2786 3293 cum
2814 3256 2912 3295 vos
2941 3256 3131 3299 omnes
3167 3244 3281 3299 hora

1734 3340 1901 3392 tarer,
1931 3337 1990 3382 ut
2018 3329 2182 3381 vitam
2211 3344 2547 3382 communem
2575 3329 2640 3383 ad
2671 3332 2976 3401 exemplum
3006 3335 3283 3403 apostolic‘

1736 3418 1973 3473 instituti
2027 3418 2535 3487 amplecteremini;
2585 3418 2729 3488 quod
2783 3431 2836 3475 et
2894 3425 3182 3493 accepistis
3234 3438 3284 3481 u'

1735 3512 1935 3565 bonum
1960 3510 2372 3571 documentum,
2400 3518 2452 3563 et
2483 3508 2551 3564 de
2583 3511 2687 3564 hoc
2722 3511 2841 3581 ipso
2868 3515 3039 3582 gratis
3068 3513 3283 3573 Domint

1734 3603 1941 3671 egistis.
1969 3600 2105 3655 Cum
2142 3601 2309 3671 igitur
2333 3602 2498 3655 verba
2544 3617 2651 3656 non
2682 3601 2885 3657 fuerint
2919 3621 3038 3672 qua:
3067 3621 3097 3659 a
3136 3607 3284 3662 nohit

1737 3694 1881 3748 dicta
1915 3702 2062 3758 sunt,
2092 3692 2189 3747 sed
2232 3691 2556 3747 documenta
2600 3693 2654 3747 in
2701 3709 2813 3747 rem
2860 3697 3184 3753 conferenda
3228 3700 3297 3757 ad

1738 3785 2029 3840 utilitatem
2060 3791 2319 3846 vestram,
2351 3782 2443 3853 qui
2474 3799 2561 3838 me
2588 3782 2943 3838 disserentem
2968 3787 3300 3856 pertulistis,

1737 3884 1788 3932 et
1820 3877 1885 3930 ad
1911 3876 2337 3931 consolationem
2375 3889 2572 3938 meam,
2614 3876 2705 3944 qui
2740 3876 2794 3931 id
2824 3876 3018 3932 dabam
3054 3880 3297 3947 consilii,

1738 3982 1802 4020 ac
1851 3967 2069 4022 tandem
2113 3966 2181 4019 ad
2228 3964 2455 4036 gloriam
2499 3972 2553 4020 et
2607 3965 2821 4021 laudem
2868 3968 3096 4035 Christi,
3139 3973 3297 4039 cujus

1738 4072 1937 4115 nomen
1960 4074 2125 4129 super
2146 4074 2247 4116 nos
2261 4059 2572 4113 invocatum
2601 4068 2687 4114 est
2704 4060 2770 4091 δ”
2786 4078 2801 4127 ;
2820 4061 2960 4117 hanc
2985 4062 3055 4116 ob
3077 4079 3297 4120 causam

1738 4151 2268 4207 desideratissimum
2335 4158 2583 4205 nostrum
2653 4150 2879 4206 fratrem
2944 4154 3089 4218 misi,
3141 4165 3201 4210 ut
3244 4164 3332 4216 et:

1739 4243 1885 4314 quod
1911 4243 2092 4298 alacre
2121 4250 2205 4298 est
2236 4248 2553 4313 cognoscat,
2585 4250 2640 4298 et
2666 4243 2811 4312 quod
2834 4244 3048 4315 pigrum
3074 4248 3296 4311 excitet,

1738 4344 1791 4391 et
1816 4335 1959 4405 quod
2003 4335 2305 4390 reluctatur
2330 4337 2490 4391 nobis
2534 4335 2756 4391 indicet.
2785 4335 2919 4391 Nam
2953 4338 3300 4396 vehementer

1738 4427 1899 4497 cupio
1939 4434 2052 4480 tum
2082 4426 2263 4482 videre
2294 4441 2391 4482 vos
2431 4427 2787 4496 coadunatos,
2817 4437 2932 4482 tum
2962 4429 3017 4484 id
3047 4429 3115 4485 de
3142 4432 3297 4487 vobis

1739 4519 1927 4573 audire
1968 4533 2076 4572 non
2113 4518 2225 4588 jam
2268 4519 2422 4575 vobis
2468 4521 2706 4577 testibus
2751 4529 3026 4575 carentem
3085 4523 3300 4592 placere

1739 4611 1927 4671 vitam,
1978 4608 2073 4663 sed
2127 4608 2179 4663 id
2212 4610 2394 4679 potius
2441 4626 2632 4666 omnes
2674 4611 2947 4681 amplecti,
3002 4618 3062 4665 ut
3108 4620 3161 4667 et
3208 4600 3300 4667 cu-

1741 4700 1927 4756 stodes
1975 4702 2098 4757 sitis
2131 4712 2325 4757 vestras
2378 4702 2521 4758 inter
2557 4717 2656 4759 vos
2698 4702 2991 4773 diligentia:
3025 4712 3079 4759 et
3126 4712 3296 4761 testes

1741 4790 1998 4858 praeclare
2035 4788 2322 4844 factorum.
2348 4789 2437 4845 Sic
2466 4790 2609 4846 enim
2635 4792 3010 4862 unusquisque
3029 4803 3083 4847 et
3113 4809 3212 4864 pro
3238 4810 3296 4850 se

1742 4878 1859 4947 ipse
1897 4879 2204 4935 mercedem
2244 4880 2543 4950 perfectum
2595 4881 2821 4952 accipiet
2862 4889 2917 4938 et
2964 4898 3060 4953 pro
3114 4883 3295 4939 fratris
3338 4950 3343 4955 _

1741 4984 2030 5041 progressu
2059 4986 2075 5035 ;
2108 4985 2270 5041 quam
2296 4971 2514 5043 quidem
2554 4987 2655 5041 par
2682 4981 2766 5031 est
2793 4982 2853 5028 ut
2874 4974 3031 5031 vobis
3063 4974 3293 5030 invicem

1816 5201 1893 5279 (8)
1931 5204 2268 5279 Προελρεῒν.
2306 5203 2382 5279 I_ta
2429 5204 2609 5279 Πανὶ,
2651 5207 2815 5279 Med.,
2858 5208 2987 5279 Reg.
3035 5215 3294 5277 uterque,

1816 5201 1893 5326 (εἴ
1931 5204 2268 5273 Προελθεῒν.
2306 5203 2382 5285 Ita
2429 5204 2603 5271 Harl.,
2651 5207 2815 5290 Medt,
2858 5208 2987 5291 Reg.
3035 5215 3294 5277 uterque,

1740 5271 1910 5353 cois.
1942 5273 2225 5353 secundus
2240 5282 2294 5353 e_t
2316 5275 2490 5344 Bigot.
2514 5277 2687 5334 Habet
2699 5277 2867 5334 COIsl.
2894 5293 3101 5349 primus
3126 5294 3294 5349 7:906-

1741 5342 1935 5398 ελθεῖν.
1966 5343 2106 5398 Editi
2140 5343 2336 5398 ἐλθεῖν.

1813 5413 1888 5485 (9)
1930 5412 2347 5489 Ἀπολήψεται.
2370 5414 2486 5489 Duo
2518 5433 2658 5489 mss,
2696 5417 2939 5489 λήψεται.
2980 5417 3147 5489 Paulo
3177 5424 3300 5489 post

1739 5483 2017 5559 tres'mss.
2045 5483 2414 5559 παρασχέσθαι
2435 5488 2597 5559 ὑμᾶς.
2625 5486 2731 5544 Sed
2749 5483 2902 5545 Harl.
2933 5497 2985 5545 et
3010 5488 3147 5546 Med.
3173 5483 3300 5544 cum
3370 5506 3387 5531 ι

1742 5552 1903 5611 editis
1931 5552 2301 5609 consentiunt.

1814 5623 2010 5694 ‘,Alias
2037 5622 2285 5681 ccxcv.
