3904 6492
1022 392 1510 452 EPISTOLARUM
1547 362 1831 445 omser
1871 384 1954 441 ιιι.
2001 383 2215 439 EPIST.
2255 384 2412 440 cae.
3191 372 3325 429 me

1756 505 1916 574 longo
1942 503 2035 558 illo
2057 517 2119 556 ac
2149 501 2295 559 tristi
2330 495 2553 554 silentio
2579 493 2950 551 conticentem
2978 498 3322 559 receperunt.

1759 595 1863 652 Sed
1921 598 2033 651 haec
2089 609 2191 649 nos
2236 590 2479 663 quidem,
2507 597 2767 657 tanquam
2810 584 3094 646 homines,
3144 579 3327 634 statim

1756 694 2206 751 commoverunt,
2264 680 2705 752 illacrymatique
2763 691 2957 733 sumus
3015 670 3326 734 immodice,

1758 796 1821 835 ac
1848 780 2107 852 gemitum
2130 776 2415 833 emisimus
2436 788 2504 828 ex
2526 769 2708 826 medio
2723 768 2888 823 corde
2911 782 3021 822 non
3045 766 3328 827 decorum,

1758 890 1882 928 cum
1916 872 2098 930 subito
2129 884 2316 935 casus,
2345 866 2515 922 veluti
2543 861 2794 934 quaedam
2828 860 3028 922 nubes,
3059 856 3331 912 rationem

1758 972 2005 1021 nostram
2038 968 2383 1033 occupasset.
2418 958 2487 1012 At
2516 956 2610 1012 ubi
2641 954 2710 1008 ad
2738 967 2839 1007 nos
2869 950 3077 1006 reversi
3115 962 3329 1011 sumus,

1761 1072 1823 1112 ac
1872 1055 2214 1126 respeximus
2267 1050 2465 1107 mentis
2514 1048 2675 1104 oculo
2724 1045 2792 1099 ad
2842 1050 3093 1098 naturam
3149 1038 3331 1096 rerum

1760 1150 2158 1211 humanarum,
2191 1144 2404 1200 veniam
2439 1141 2662 1213 quidem
2690 1154 2720 1192 a
2750 1137 2983 1191 Domino
3017 1135 3331 1205 petivimus,

1762 1241 1906 1311 quod
1942 1241 2166 1309 abrepta
2200 1251 2355 1292 meus
2386 1240 2577 1289 nostra
2607 1232 2692 1287 sic
2736 1237 2995 1285 eventum
3022 1228 3175 1281 illum
3205 1241 3335 1281 scn—

1764 1336 1968 1400 sisset;
2003 1348 2105 1388 nos
2136 1334 2288 1402 ipsos
2315 1343 2449 1385 vero
2477 1329 2827 1391 monuimus,
2860 1331 2920 1378 ut
2968 1321 3248 1377 moderate
3272 1336 3339 1376 ea

1764 1430 2038 1493 feramus,
2087 1442 2210 1497 qua:
2240 1441 2305 1479 ex
2356 1423 2579 1493 antiqua
2623 1419 2720 1474 Dei
2770 1417 3039 1475 sententia
3083 1416 3340 1469 humanae

138 1508 318 1599 tiu—.05;
342 1533 395 1586 δὲ
416 1508 867 1598 ’ἐνουθετήσαμεν
905 1523 1140 1595 μετρίως
1177 1521 1363 1591 φέρειν
1384 1517 1575 1580 ταῦτα,
1599 1515 1663 1566 ὲκ

1793 1531 1975 1577 natura:
2027 1536 2149 1576 sors
2187 1519 2485 1574 exsistunt.
2541 1514 2788 1569 Mortuus
2829 1518 2914 1565 est
2937 1525 3072 1579 puer
3121 1508 3337 1561 vitalem

134 1635 210 1702 τῆς
245 1625 464 1686 παλαιᾶς
510 1621 607 1675 τοῦ
662 1621 794 1675 Θεοῦ
835 1618 1160 1686 ἀποφάσεως
1208 1606 1663 1681 συγκληρωθέντα

1793 1631 1940 1686 psam
1987 1622 2202 1669 aetatem
2250 1627 2437 1682 agens,
2470 1609 2650 1663 clarus
2697 1605 2751 1658 in
2793 1602 3082 1673 aequalium
3127 1599 3339 1662 choris,

135 1694 185 1792 τῖξ
234 1716 331 1787 ζωῇ
380 1713 486 1768 τῶν
541 1713 865 1784 ἀνθρώπων.
908 1707 1126 1778 Οῖχεται
1184 1707 1313 1767 παῖς
1381 1699 1513 1754 αὐτὸ
1565 1698 1666 1767 τῆς

1793 1708 2047 1779 nagistris
2078 1706 2280 1759 charos
2323 1722 2335 1757 :
2378 1701 2607 1755 idoneus
2638 1698 2728 1768 qui
2774 1712 2841 1751 ex
2895 1694 3013 1750 solo
3043 1707 3344 1762 congressu

132 1785 328 1881 ἡλικίας
359 1802 507 1871 ἄγων
559 1801 622 1854 τὸ
671 1799 968 1871 βιώσιμον,
1007 1794 1325 1865 διαπρέπων
1382 1793 1439 1843 ἐν
1484 1789 1663 1859 χοροῖς

1793 1801 1853 1853 'cl
1910 1797 2309 1854 ferocissimum
2351 1793 2420 1848 ad
2472 1790 2910 1848 benevolentiam
2965 1785 3341 1858 pertraheret;

133 1859 690 1970 δήλίκῶνξποθεινδέ.
706 1859 1066 1953 διδασκάλοις,
1093 1859 1200 1941 ἀπὸ
1244 1883 1406 1955 ψιλῆς
1451 1884 1549 1951 τῆς
1580 1882 1666 1932 ὲν-

1793 1908 1966 1955 uentus
1994 1899 2054 1952 in
2093 1894 2423 1966 disciplinis,
2457 1891 2678 1963 ingenio
2713 1888 2886 1953 mitis,
2933 1900 3100 1956 supra
3127 1890 3345 1938 aetatem

130 1989 323 2055 τεύξεως
356 1988 435 2050 είς
467 1982 684 2038 εὖνοιαν
715 1982 1012 2052 δυνάμενος
1052 1975 1145 2031 καὶ
1190 1975 1280 2029 τὸν
1330 1975 1686 2044 ἀγριώτατον·

1794 1999 2151 2062 emperatus:
2193 1997 2247 2043 et
2298 1988 2345 2044 si
2399 1987 2522 2057 quis
2576 1984 2732 2054 plura
2782 1981 3009 2042 dixerit,
3060 1977 3344 2033 veritatem

132 2077 533 2137 ἑπισπάσασθαι’
568 2075 692 2140 ὀξὺς
734 2076 793 2127 ὲν
846 2069 1375 2145 μαθήμασιηπρᾶος
1412 2065 1473 2118 τὸ
1513 2060 1666 2136 ἦθος,

1796 2075 1952 2138 amen
1975 2080 2208 2137 dicendo
2234 2095 2343 2134 non
2372 2085 2696 2147 assequetur
2722 2091 2735 2127 :
2764 2073 2859 2130 sed
2883 2080 3067 2126 tamen
3089 2070 3258 2123 homo
3279 2083 3345 2122 ex

130 2174 243 2244 ὑπὲρ
271 2169 362 2241 τὴν
409 2167 632 2240 ἠλικίαν
676 2162 1113 2233 κατεσταλμένος
1171 2159 1315 2230 (57)’
1354 2157 1450 2211 καὶ
1501 2154 1671 2208 πλείω

1793 2174 1993 2227 nomine
2042 2171 2277 2242 genitus.
2332 2167 2473 2235 Quid
2523 2167 2689 2236 igitur
2741 2164 2869 2220 talis
2923 2162 3079 2232 pueri
3134 2168 3347 2230 patrem

128 2265 297 2319 τούτων
326 2258 519 2322 εἰπὼν,
568 2258 776 2312 ἐλάττω
813 2258 877 2312 ἄν
915 2272 996 2318 τις
1040 2255 1183 2307 εῖποι
1240 2251 1341 2320 τῆς
1381 2246 1666 2317 ἀληθείας·

1793 2264 2021 2335 :Ogitare
2052 2262 2245 2317 decet?
2273 2260 2414 2326 Quid
2444 2257 2612 2321 aliud,
2644 2255 2752 2311 nisi
2783 2261 2844 2309 ut
2873 2254 2959 2308 sui
2977 2251 3151 2322 ipsius
3177 2249 3349 2320 patris

126 2358 220 2413 ἀλλ’
244 2357 385 2427 ὅμως
415 2351 708 2422 ἄνθρωπος
743 2350 871 2420 παρ’
897 2344 1183 2417 ἀνθρώπου
1214 2344 1508 2414 γενόμενος
1532 2340 1670 2409 (58).

1793 2354 2115 2419 'ecordetur,
2160 2354 2253 2425 qui
2299 2360 2550 2407 mortuus
2576 2348 2697 2404 est?
2732 2347 2875 2414 Quid
2926 2346 3092 2416 igitur
3119 2342 3347 2404 mirum,

125 2450 178 2502 Τί
201 2448 364 2502 τοίνυν
396 2444 715 2513 λογίζεσθαι
750 2443 840 2497 τὸν
869 2440 1083 2513 πατέρα
1111 2439 1206 2493 τοῦ
1232 2437 1475 2492 τοιούτου
1508 2451 1674 2506 προσ-

1793 2462 1841 2500 εκ
1875 2443 2093 2499 mortali
2129 2443 2394 2513 genitum,
2429 2437 2681 2494 mortalis
2714 2445 2927 2508 patrem
2959 2435 3163 2489 factum
3193 2431 3351 2488 esse?

123 2542 236 2613 ἧκες
263 2539 323 2592 Τί
347 2538 474 2593 ἄλλο
507 2554 576 2605 γε
605 2537 637 2608 ἢ
662 2534 1076 2606 ἀναμνησθῆναι
1101 2531 1196 2585 τοῦ
1221 2528 1414 2584 ἑαυτοῦ
1446 2526 1672 2598 πατρὸς,

1793 2536 1931 2602 luod
1966 2543 2147 2591 autem
2182 2535 2507 2597 immature,
2541 2539 2595 2587 et
2626 2531 2947 2601 priusquam
2974 2527 3087 2581 vita
3115 2525 3351 2582 satiare-

122 2636 187 2688 ὅτι
227 2631 488 2701 τέθνηκε;
527 2628 597 2683 Τί
629 2624 723 2681 οὖν
757 2624 1090 2699 θαυμαστὸν,
1130 2627 1194 2678 ἐκ
1251 2620 1446 2696 θνητοῦ
1481 2637 1675 2691 γεννη-

1793 2645 1903 2693 .ur;
1935 2630 2251 2698 priusquam
2290 2625 2358 2680 ad
2388 2624 2567 2680 anatis
2598 2637 2909 2678 mensuram
2943 2619 3271 2692 perveniret,
3300 2625 3353 2671 et

123 2727 275 2793 θέντα,
308 2722 506 2795 θνητοῦ
538 2720 795 2791 γενέσθαι
835 2718 1084 2789 πατέρα;
1136 2716 1210 2769 Τὸ
1246 2714 1303 2768 δὲ
1353 2712 1458 2785 πρὸ
1504 2711 1673 2782 ὧρας,

1802 2726 2147 2777 nuo’tesceret
2216 2719 2563 2782 hominibus,
2620 2732 2685 2770 ac
2737 2714 2954 2787 generis
3017 2713 3356 2783 relinqueret

121 2820 197 2873 καὶ
223 2817 343 2889 πρὶν
390 2814 732 2887 κορεσθῆναι
764 2810 857 2865 τοῦ
890 2811 1007 2883 βίου
1027 2850 1042 2875 ,
1073 2808 1168 2862 καὶ
1205 2807 1334 2879 πρὶν
1369 2807 1449 2868 είς
1485 2802 1678 2874 μέτρον

1793 2814 2191 2870 successionem
2228 2831 2241 2867 :
2275 2825 2618 2881 nequaquam
2664 2809 2781 2862 haec
2831 2807 3038 2862 doloris
3081 2806 3354 2867 accessio,

123 2915 309 2987 ἡλικίας
335 2912 537 2974 ἐλθεῖν,
572 2911 669 2965 καὶ
692 2912 926 2981 φανῆναι
950 2909 1061 2971 τοῖς
1090 2904 1418 2979 ἀνθρώποις,
1449 2901 1541 2955 καὶ
1567 2900 1681 2953 δια-

1793 2915 1842 2960 ut
1888 2905 2022 2960 mihi
2080 2906 2198 2975 ipse
2236 2903 2565 2974 persuadeo,
2607 2900 2704 2957 sed
2743 2906 2974 2955 eventus
3026 2904 3155 2954 sunt
3206 2898 3354 2952 sola-

119 3009 253 3080 δοχὴν
298 3006 392 3061 τοῦ
434 3007 638 3077 γένους
688 3003 1040 3058 καταλιπεῖν·
1097 2998 1270 3054 ταῦτα
1309 2998 1408 3051 οὐκ
1454 2994 1681 3065 αὔξησις

1793 3001 1941 3054 ιίιιιη.
1965 2997 2167 3053 Gratiae
2189 2998 2411 3069 agendae
2435 3004 2563 3051 sunt
2588 2995 2786 3050 divinae
2814 2991 3184 3063 dispositioni,
3210 2990 3358 3062 quod

121 3101 197 3153 τοῦ
242 3098 470 3165 πάθους,
525 3098 607 3161 ὡς
660 3095 896 3166 ἐμαυτὸν
933 3092 1125 3156 πείθω,
1180 3090 1316 3146 ἀλλά
1360 3086 1682 3162 παραμυθία

1793 3109 1893 3148 ηοη
1939 3091 2224 3162 reliquerit
2256 3091 2311 3145 in
2346 3097 2496 3145 terra
2523 3088 2727 3143 liberos
2753 3086 2917 3142 orbos
2942 3126 2956 3150 ,
3001 3100 3104 3141 nec
3132 3084 3358 3140 viduam

116 3191 195 3244 τοῦ
240 3192 532 3261 γεγονότος
591 3189 762 3243 ἐστίν.
820 3184 1275 3258 Εὐχάριστεῑσθαι
1332 3183 1535 3253 ὀφείλει
1588 3178 1681 3232 τοῦ

1793 3203 1882 3248 aut
1910 3194 2169 3247 :erumnis
2203 3190 2479 3246 diuturnis
2527 3187 2854 3251 obnoxiam,
2905 3191 2999 3239 aut
3029 3199 3154 3239 cum
3188 3182 3363 3238 altero
3423 3206 3432 3237 ι

144 423 248 487 1033

145 539 258 611 αὑτῷ
280 531 347 593 τῷ
370 527 508 585 ἄνθει
538 525 636 595 τῆς
654 522 871 594 ἠλικιας
896 517 987 570 ἐπὶ
1021 515 1197 585 λόγων
1228 514 1481 584 ἄσκησιν,
1520 512 1651 563 ὑπο·
1682 510 1727 567 Α

140 603 341 697 δέξασθαι
386 613 666 670 σιωπῶντα
699 610 797 683 τὴν
835 605 1051 681 μακρὰν
1094 606 1298 672 ταύτην
1343 603 1436 658 καὶ
1482 604 1652 656 ἀπευ-

144 691 290 779 κταίαν
334 705 550 777 σιωπήν.
608 701 769 755 Ἀλλὰ
818 697 992 753 ταῦτα
1049 696 1148 766 μὲν
1209 696 1285 758 ὡς
1335 691 1655 763 ἀνθρώπους

141 812 257 885 ἡμᾶς
282 802 425 863 εὐθὺς
472 795 727 865 ἐκίνησε·
768 791 864 845 καὶ
907 788 1140 859 δάκρυον
1190 784 1483 855 ἐξεχὲαμεν
1518 798 1655 852 προ-

142 874 282 960 πετὲς,
312 892 397 947 καὶ
420 884 721 954 στεναγμὸν
759 882 1050 953 ἀφήκαμεν
1085 879 1151 931 ὲκ
1188 876 1360 948 μέσης
1389 874 1488 944 τῆς
1522 888 1656 943 καρ-

139 995 228 1053 δίας
254 982 549 1041 ἀπαίδευτον
568 993 582 1006 ο
614 973 710 1029 τοῦ
735 973 943 1036 πάθους
969 972 1035 1024 ἀθ
1046 970 1182 1042 ρόως
1213 960 1484 1039 (ὃδὴ-οἷόν
1510 980 1657 1027 τινος

138 1081 341 1153 νεφέλης,
369 1072 453 1126 τὸν
494 1068 757 1139 λογισμὸν
806 1064 962 1137 ἡμῶν
998 1061 1366 1135 περισχόντος.
1406 1057 1559 1119 Ἐπεὶ
1600 1055 1657 1108 δὲ

138 1148 263 1249 ἡμῶν
305 1164 469 1223 αὐτῶν
530 1157 849 1230 ἐγενόμεθα,
898 1157 991 1210 καὶ
1022 1153 1381 1223 διεὸλέψαμεν
1433 1148 1513 1221 τῷ
1558 1148 1660 1218 τῆς

315 1255 569 1330 ὀφθαλμῷ
620 1253 755 1327 πρὸς
788 1250 885 1322 τὴν
924 1248 1083 1319 φύσιν
1128 1246 1236 1301 τῶν
1280 1242 1658 1315 ἀνθρωπίνων,

137 1331 308 1428 τῷημὲν
348 1346 532 1419 Κυρίῳ
580 1340 1078 1413 ἀπελογησάμεθα,
1129 1339 1213 1406 ἐφ’
1239 1331 1321 1400 οἷς
1367 1332 1505 1389 κατά
1537 1349 1661 1385 συν-

66 1494 68 1501 ,
136 1424 346 1520 αρπαγὴν
395 1442 426 1511 ή
480 1437 628 1509 ψυχὴ
669 1435 829 1507 ἡμῶν
877 1432 1086 1502 διετέθη
1121 1428 1258 1500 πρὸς
1307 1428 1369 1480 τὸ
1416 1424 1658 1496 συμϐὰν,

119 3284 290 3355 Θεοῦὴ
322 3282 603 3348 διάταξις,
636 3283 718 3336 ὅτι
751 3281 824 3353 μὴ
857 3280 1146 3335 κατέλιπεν
1180 3278 1319 3349 ὑπὲρ
1347 3278 1449 3347 γῆς
1473 3272 1684 3347 ὀρφανά

116 3377 289 3430 τέκνω
326 3377 410 3429 ὅτι
442 3375 523 3447 μὴ
563 3376 801 3443 γυναῖκα
836 3373 1010 3443 χήραν
1039 3369 1215 3440 θλίψει
1257 3369 1442 3441 μακρᾷ
1471 3365 1685 3419 ἔκδοτον

117 3468 327 3539 ἀφῆκεν,
360 3469 396 3540 ἢ
430 3466 601 3537 ἀνδρὶ
621 3466 792 3537 ἑτέρῳ
823 3465 1266 3535 συνοικήσουσαν,
1289 3462 1383 3515 καὶ
1414 3459 1521 3512 τῶν
1552 3474 1686 3529 προ-

113 3559 264 3631 τέρων
289 3561 504 3614 τέκνων
540 3556 1052 3629 καταμελήσουσαν.
1095 3554 1168 3608 Τὸ
1201 3553 1279 3618 δὲ,
1308 3553 1390 3607 ὅτι
1436 3552 1497 3605 οὐ
1547 3568 1689 3623 παρ-

116 3653 258 3723 ετάθη
283 3652 363 3724 τῷ
405 3652 517 3724 βίῳ
556 3650 738 3721 τούτῳ
772 3650 805 3720 ἡ
844 3647 958 3719 ζωὴ
1003 3647 1093 3701 τοῦ
1147 3645 1355 3709 παιδὸς,
1392 3644 1477 3706 τίς
1517 3642 1691 3705 οὕτως

112 3745 397 3816 ἀγνώμων,
437 3744 523 3808 ὡς
579 3741 658 3814 μὴ
705 3742 766 3795 τὸ
814 3740 1070 3812 μέγιστον
1116 3737 1225 3791 τῶν
1259 3734 1480 3804 ἀγαθῶν
1532 3732 1692 3786 τοῦτο

115 3838 335 3906 νομίζειν
365 3834 520 3891 εἶναι
548 3853 565 3903 ;
602 3836 669 3888 Ἥ
696 3834 805 3907 γὰρ
838 3835 931 3887 ἐπὶ
974 3833 1156 3887 πλεῖον
1185 3829 1419 3883 ἐνταῦθα
1442 3825 1690 3898 διατριϐὴ

112 3930 354 3984 πλειόνων
394 3928 607 3984 κακῶν
637 3929 786 3981 ἐστιν
811 3928 1057 3999 ἀφορμή.
1090 3925 1205 3978 Οὐκ
1237 3922 1462 3993 ἐποίησε
1491 3919 1687 3973 κακόν·

113 4024 195 4075 οὐκ
214 4023 426 4095 ἒρῤαψε
458 4022 628 4077 δόλον
663 4020 739 4092 τῷ
765 4019 992 4089 πλησίον
1013 4035 1026 4048 ⁸
1058 4018 1158 4071 οὐκ
1185 4018 1265 4078 εἰς
1294 4014 1540 4084 ἀνάγκην
1562 4008 1692 4081 ἦλθε

111 4113 384 4188 φρατρίαις
419 4113 545 4185 (59)
582 4105 1443 4183 καταμιγῆναιπονηρευομὲνων·
1482 4104 1582 4157 οὐκ
1609 4104 1697 4155 ὲν-

112 4206 298 4277 επλάκη
311 4210 433 4271 τοῖς
453 4207 593 4260 κατ’
620 4204 827 4277 ἀγορὰν
856 4205 1047 4266 κακοῖς
1067 4220 1080 4234 ·
1104 4202 1202 4272 οὐχ
1236 4199 1527 4270 ὑπέμεινεν
1562 4196 1697 4249 ἀνά-
1760 4210 1763 4217 ·

109 4313 228 4370 γκην
269 4296 718 4372 ἁμαρτημάτων
753 4334 768 4361 ,
803 4295 862 4348 οὐ
895 4293 1109 4364 ψεῦδος,
1154 4292 1253 4345 οὐκ
1282 4287 1697 4359 ἀγνωμοσύνην,

109 4388 157 4439 οὗ
178 4388 526 4455 πλεονεξίαν,
560 4388 630 4440 οὐ
647 4386 980 4457 φιληδονίαν,
1002 4385 1060 4437 οὐ
1084 4384 1152 4438 τά
1178 4382 1277 4452 τῆς
1309 4379 1508 4451 σαρκὸς
1528 4377 1698 4447 πάθη,

106 4479 191 4534 ὅσα
219 4484 344 4545 ταῖς.
369 4478 709 4549 ἀναγώγοις
733 4478 931 4555 ψυχαῖς
960 4475 1271 4545 ἐγγίνεσθαι
1301 4473 1542 4542 πέφυκεν
1560 4489 1575 4503 ⁸
1610 4473 1703 4526 οὺς

1785 3287 1903 3340 viro
1941 3285 2308 3339 liabitaturam
2356 3290 2409 3337 et
2458 3281 2664 3336 liberos
2707 3268 2927 3349 priores
2965 3276 3356 3347 neglecturam.

1786 3377 1942 3445 Quod
1977 3385 2159 3432 autem
2191 3377 2303 3430 vita
2337 3376 2495 3447 pueri
2522 3373 2740 3444 longius
2775 3372 2831 3425 in
2867 3371 2969 3426 hoc
3002 3369 3365 3438 smculopro-

1787 3471 1953 3526 ducta
1991 3485 2099 3524 non
2151 3467 2289 3534 fuit;
2325 3468 2451 3537 quis
2499 3465 2635 3520 adeo
2668 3461 3147 3525 inconsideratus,
3196 3467 3256 3512 ut
3309 3457 3366 3512 id

1788 3562 2085 3617 maximum
2113 3560 2273 3633 437
2306 3560 2577 3614 bonorum
2625 3570 2750 3612 esse
2796 3569 2906 3609 non
2936 3552 3182 3623 judicet?
3216 3548 3365 3604 Lon-

1791 3654 1914 3725 gior
1937 3653 2080 3708 enim
2115 3652 2207 3707 hic
2231 3651 2614 3714 commoratio,
2641 3647 2913 3703 malorum
2939 3644 3176 3716 plurium
3206 3657 3367 3697 occa-

1792 3749 1875 3804 sio
1907 3756 2010 3804 est.
2058 3746 2179 3802 Non
2226 3745 2446 3802 admisit
2496 3744 2734 3807 malum,
2768 3756 2879 3797 non
2928 3739 3131 3795 struxit
3177 3736 3367 3792 dolum

1793 3842 2042 3913 proximo
2065 3857 2088 3907 ;~
2111 3855 2223 3896 non
2267 3840 2323 3894 in
2365 3839 2419 3893 id
2468 3837 2815 3894 necessitatis
2840 3834 3010 3898 venit,
3054 3838 3113 3885 ut
3146 3830 3367 3898 iniquo-

1794 3950 1915 3989 rum
1959 3932 2214 3989 societati
2265 3931 2707 3995 admisceretur;
2758 3943 2869 3983 non
2920 3922 3236 3995 implicatus
3285 3926 3371 3974 est

1798 4034 1957 4089 malis
2000 4032 2342 4097 forensibus;
2373 4045 2487 4084 non
2532 4027 2795 4084 sustinuit
2828 4023 3213 4080 necessitatem
3242 4032 3373 4091 pec.—

1799 4126 1985 4190 candi,
2017 4141 2123 4182 non
2171 4123 2541 4186 mendacium,
2575 4136 2687 4175 non
2720 4117 2888 4175 animi
2915 4114 3113 4186 ingrati
3152 4111 3371 4176 vilium,

1801 4233 1910 4272 non
1970 4216 2289 4282 avaritiam,
2350 4229 2460 4269 non
2521 4226 2767 4267 amorem
2802 4208 3212 4277 voluptatum,
3262 4216 3375 4257 non

1801 4311 1934 4365 vitia
1987 4311 2209 4375 carnis,
2267 4323 2610 4381 quaecunque
2676 4288 2876 4360 animis
2936 4297 3229 4356 dissolutis
3290 4296 3380 4350 in-

1804 4401 1957 4455 nasci
2007 4401 2220 4465 solent;
2254 4399 2403 4453 nulla
2434 4396 2647 4451 macula
2691 4395 2911 4448 inustus
2959 4389 3145 4444 animo
3176 4386 3378 4457 migra-

1804 4494 1905 4561 vit,
1934 4494 2025 4550 sed
2054 4508 2228 4564 purus
2258 4490 2529 4548 abscessit
2561 4488 2630 4544 ad
2678 4495 2883 4544 sortem
2916 4483 3220 4539 meliorem.
3260 4476 3382 4531 Non

107 4571 248 4645 δεμιᾷ
272 4574 389 4645 (40)
447 4544 653 4644 κηλίδι
692 4544 944 4642 (ἀλλ-τὴν
985 4544 1163 4639 ψυχὴν
1197 4566 1407 4638 ἀπῆλθε
1451 4582 1686 4618 κατεστι·

1809 4588 2053 4641 contexit
2076 4597 2221 4642 terra
2251 4584 2532 4650 dilectum,
2564 4580 2663 4638 sed
2696 4581 2896 4637 coelum
2930 4576 3192 4646 suscepit.
3239 4571 3383 4627 Deus

106 4665 306 4734 τμένος,
340 4665 494 4720 ἀλλά
536 4662 788 4735 καθαρὸς
827 4660 1141 4733 ἀνεχώρησε
1184 4660 1320 4731 πρὸς
1357 4657 1455 4729 τὴν
1492 4656 1702 4728 ἀμείνω

106 4756 259 4826 λῆξιν.
290 4760 369 4812 Οὐ
402 4754 494 4828 γῆ
518 4755 847 4827 κατέκρυψε
870 4754 960 4807 τὸν
992 4752 1295 4825 ἀγαπητὸν,
1329 4750 1446 4805 ἀλλ’
1476 4748 1703 4822 οὐρανὸς

106 4849 410 4917 ὑπεδέξατο.
455 4847 613 4911 Θεὸς
645 4848 674 4900 6
695 4845 763 4900 τὰ
790 4844 1035 4916 ἡμέτερα
1070 4842 1389 4913 οἰκονομῶν,
1418 4842 1447 4893 6
1476 4839 1574 4903 τάς
1592 4839 1704 4892 τῶν

1812 4695 1906 4764 qui
1954 4709 2046 4749 res
2100 4701 2324 4748 nostras
2373 4692 2709 4755 moderatur,
2763 4688 2857 4760 qui
2911 4684 3210 4754 unicuique
3245 4689 3384 4736 tem-

1814 4817 2009 4874 porum
2063 4800 2328 4856 terminos
2382 4799 2709 4870 praestituit,
2764 4794 2859 4866 qui
2914 4794 2971 4847 in
3026 4792 3169 4845 hanc
3216 4789 3384 4843 vitam

1815 4905 1962 4959 hunc
1992 4902 2323 4971 deduxerat,
2373 4902 2516 4956 idem
2554 4899 2718 4955 etiam
2755 4895 3060 4952 transtulit.
3111 4890 3388 4946 Habemus

1815 5007 2206 5063 documentum
2235 5007 2290 5061 in
2337 5005 2592 5060 maximis
2634 5000 3056 5067 calamitatibus,
3098 4995 3390 5051 celeberri-

1816 5123 1960 5163 mam
2017 5108 2163 5162 illam
2216 5105 2401 5176 magni
2448 5103 2571 5159 Jobi
2617 5116 2806 5157 vocem
2851 5117 2863 5153 :
2907 5098 3163 5154 Dominus
3211 5092 3388 5159 dedit,

1818 5201 2077 5257 Dominus
2123 5199 2391 5255 abstulit:
2423 5198 2562 5252 sicut
2607 5194 2832 5250 Domino
2859 5193 3030 5247 visum
3076 5197 3175 5253 est,
3221 5189 3297 5240 ita
3339 5194 3391 5239 et

104 4941 293 5010 χρόνων
319 4939 646 5014 ὁροθεσίας
685 4938 899 5006 ἑκάστῳ
930 4933 1258 5006 νομοθετῶν,
1293 4933 1321 4985 6
1370 4930 1594 5001 ἀγαγὼν
1626 4931 1704 4993 είς

104 5033 189 5105 τὴν
217 5033 368 5106 ζωὴν
423 5032 690 5101 ταύτην,
730 5029 892 5093 αὐτὸς
943 5027 1038 5081 καὶ
1083 5026 1431 5097 μετέστησεν.
1470 5025 1707 5094 Ἐχομεν

104 5128 443 5185 διδασκάλων
479 5127 617 5198 (42)
656 5128 713 5179 ἐν
742 5126 864 5188 ταῖς
892 5121 1219 5195 ὑπερϐολαῖς
1245 5119 1353 5173 τῶν
1388 5116 1704 5190 συμφορῶν,

103 5220 187 5290 τὴν
231 5223 598 5296 περιϐόητον
648 5217 864 5288 ἐκείνην
911 5215 1095 5287 φωνὴν
1148 5212 1241 5267 τοῦ
1279 5212 1515 5286 μεγάλου
1558 5208 1706 5263 16:6-

1894 5406 2004 5477 (59)
2035 5398 2693 5477 sperplqtcﬂlsdicss's
2720 5393 2889 5477 codex
2921 5388 3180 5477 φρατρςξιέ

1894 5443 2005 5546 ξῖδς
2039 5443 3176 5546 azsgzlag‘enfasingsaag;nata
3204 5457 3396 5539 harum

1825 5529 2003 5603 reruni
2032 5529 2397 5598 macula.'Sed
2420 5556 2485 5596 ea
2511 5554 2617 5595 vox
2646 5536 2842 5593 melius
2869 5532 3086 5588 videtur
3116 5531 3308 5586 deesse
3339 5529 3394 5581 in

1824 5620 2011 5687 codice
2041 5615 2344 5687 Harlzeano:

1896 5671 2008 5759 (ινιῇ
2039 5682 2402 5759 Κηλίδιηείε
2433 5683 2677 5759 plerique
2704 5694 2839 5759 mss.
2870 5674 3009 5759 Editi
3035 5671 3260 5759 κηλίδει,

1897 5743 2009 5828 (4⁵ὶῇ
2040 5743 2457 5828 Αίδαο-κάλιοῆ
2508 5743 2762 5810 Nonnulli
2804 5748 3024 5805 codices
3066 5743 3403 5801 recentiores

1826 5827 2207 5887 διδασκαλεῖον.

163 5426 273 5492 ἱὲϐ)
321 5427 637 5496 Ἀθρόως.
661 5419 812 5496 Harl.
841 5427 895 5474 et
927 5416 1066 5496 Med.
1095 5414 1306 5490 ἀθρόονἴ

163 5482 272 5569 (⁸57)
318 5482 883 5562 Κὰὲεστὶιλμένος.
933 5487 1069 5558 Reg.
1115 5482 1390 5542 secundus
1438 5491 1491 5539 et
1535 5482 1707 5555 Bigot.

102 5567 328 5621 καθεστα
335 5570 541 5630 μένος.

167 5587 328 5621 οεπα
380 5587 541 5630 ενος.

164 5638 273 5709 (‘58)
305 5587 707 5709 #Wdngc.
732 5627 999 5709 ltaMedz,
1027 5626 1174 5681 Harl.
1207 5625 1452 5709 ethisl.

101 5695 233 5781 Ed‘iti
254 5695 563 5781 γενηθείς.
602 5695 741 5781 Reg.
775 5700 1049 5781 secundus
1079 5695 1379 5781 γεννηθείς.
1411 5695 1558 5781 Infra
1584 5711 1709 5781 eos.-

100 5780 215 5832 dem
246 5765 485 5835 codices
511 5765 725 5831 vsecui'i
767 5765 1099 5825 mutavimus
1160 5765 1304 5838 quod
1362 5778 1479 5823 erat
1518 5765 1571 5820 in
1601 5767 1716 5822 edi.-

100 5849 167 5906 tis
190 5851 284 5906 ἐπὶ
312 5853 425 5922 γῆς
459 5858 522 5907 et
552 5845 679 5901 τῶν
720 5843 996 5914 προτέρων
1027 5840 1257 5911 γάμων,

1485 5624 1706 5694 primus.
