3904 6492
168 371 275 435 ἱθίθ

982 318 1472 423 ΕΡιεΤοιΑΒὺΜ
1511 366 1794 424 CLASSIS
1831 366 1916 423 Ill.
1956 364 2174 422 EPiST.
2213 362 2410 421 CCCII.

3210 360 3350 418 1050

168 480 454 553 τὸλυπηρῶς
484 479 722 547 ἐνεγκεῖν
761 478 858 551 τὴν
899 479 1173 548 διάζευξιν
1217 484 1277 537 οὐ
1314 486 1509 557 μικρόν
1555 488 1672 540 ἐστι

1788 487 1988 542 ratione
2018 485 2173 541 dolor
2206 499 2318 539 non
2360 497 2587 553 parvum
2635 482 2709 538 sit
2754 479 2851 539 Dei
2880 481 3107 545 donum,
3138 480 3225 537 bis
3253 483 3349 551 qui

169 582 251 636 τῶν
273 587 327 629 εκ
359 567 482 625 Θεοῦ
508 568 726 639 δωρεῶν
757 572 870 632 τοῖς
904 570 1261 641 εὐγνωμόνως
1284 571 1672 645 λογιζομένοις.

166 668 355 730 Πολλοὺς
389 662 489 733 γὰρ
534 659 778 730 ἔγνωμεν
819 659 917 732 τὴν
958 661 1199 715 διάλυσιν
1240 663 1339 733 τῆς
1373 664 1678 738 ἀκαταλλή-

165 769 234 820 λου
259 759 354 832 (55)
386 754 739 824 συνοικήσεως
767 751 953 815 ὥσπερ
994 752 1194 825 βάρους
1227 754 1482 808 ἀπόθεσιν
1520 756 1676 821 δεξα-

163 857 337 931 μένους.
372 845 691 916 Ἀπόδλεψον
739 845 874 915 πρὸς
926 847 1017 900 τὸν
1050 847 1276 919 οὐρανὸν
1319 848 1538 913 τοῦτον,
1587 850 1679 903 xei.

160 951 231 1004 rbv
274 943 436 1015 ἣλιον,
488 937 580 991 καὶ
627 940 805 992 πᾶσαν
858 938 1183 1009 περίσκεψαι
1230 938 1326 1011 τὴν
1388 942 1562 993 κτίσιν
1622 944 1679 996 ἐν

156 1038 324 1107 κύκλῳ,
343 1034 416 1085 ότι
449 1028 617 1082 ταῦτα
648 1030 768 1099 μὲν,
795 1028 1033 1083 τοσαῦτα
1063 1029 1191 1082 ὄντα
1228 1032 1323 1084 καὶ
1355 1032 1676 1102 τηλικαῦτα,

159 1127 319 1202 μικρὸν
342 1123 554 1191 ὕστερον
581 1121 639 1174 οὐ
671 1122 996 1191 φανήσεται·
1023 1122 1116 1175 καὶ
1143 1125 1207 1176 ὲκ
1238 1123 1453 1177 πάντων
1475 1123 1679 1178 τούτων

153 1219 295 1271 ἐκεῖνο
318 1210 603 1278 συνάγαγε,
621 1210 722 1273 ὅτι,
744 1208 908 1281 μέρος
938 1209 1087 1275 ὅντες
1109 1212 1206 1283 τῆς
1234 1212 1680 1284 ἀποθνησκούσης

154 1309 363 1369 κτίσεως,
397 1302 454 1354 τὸ
490 1303 553 1354 ἐκ
595 1302 693 1372 τῆς
748 1301 937 1372 κοινῆς
970 1303 1182 1371 φύσεως
1229 1304 1340 1377 (54)
1394 1305 1679 1361 ἐπιϐάλλον

153 1402 259 1471 ἡμῖν
299 1390 696 1463 ὑπεδεξάμεθα·
743 1394 866 1446 ἐπεὶ
925 1396 1019 1449 καὶ
1071 1398 1099 1448 ό
1150 1396 1326 1467 γάμος
1380 1397 1538 1460 αὐτὸς
1584 1399 1678 1451 τοῦ

151 1488 470 1558 ἀποθνήσκειν
504 1485 621 1537 ἐστὶ
650 1485 988 1555 παραμυθία.
1022 1485 1164 1540 Διότι
1192 1487 1300 1558 γάρ
1334 1490 1413 1551 εἰς
1455 1489 1515 1540 τὸ
1544 1506 1680 1542 παν-

150 1583 272 1646 τελὲς
303 1577 631 1651 παραμένειν
660 1578 759 1631 οὐκ
805 1578 948 1648 ἐνῆν,
984 1580 1050 1649 τῇ
1092 1578 1308 1651 διαδοχῇ
1353 1580 1445 1634 τοῦ
1491 1581 1683 1649 γένους

148 1677 194 1729 rb
220 1674 336 1745 πρὸς
364 1671 450 1725 τὸν
482 1669 595 1739 βίον
618 1669 835 1741 διαρκὲς
863 1672 893 1723 ὁ
913 1672 1250 1743 Δημιουργὸς
1275 1673 1677 1744 ἐμηχανήσατο.

148 1746 196 1822 lii
223 1766 290 1828 δὲ,
328 1764 405 1816 ὄτι
438 1759 633 1814 θᾶττον
677 1762 994 1834 προαπῆρεν
1038 1762 1216 1834 ἡμῶν,
1264 1763 1564 1835 ἀνιώμεθα,
1606 1764 1682 1837 μὴ

1779 594 1893 634 rem
1922 592 2079 648 aequo
2107 576 2290 630 animo
2330 580 2607 644 reputant.
2640 574 2776 629 Novi
2810 573 2955 630 enim
2998 575 3223 639 multos,
3253 575 3349 644 qui

1779 677 2041 741 tanquam
2070 667 2259 723 oneris
2281 664 2700 736 depositionem,
2726 666 3059 722 matrimonii
3091 682 3197 722 non
3224 683 3351 722 con-

1778 760 2028 831 gruentis
2080 757 2499 815 dissolutionem
2548 756 2783 825 amplexi
2833 764 2980 811 sunt.
3021 755 3251 827 Respice
3291 757 3347 811 in

1778 853 1976 907 coelum
2028 862 2082 907 et
2121 853 2289 908 solem
2327 869 2339 904 :
2375 856 2429 904 et
2491 855 2775 904 creaturas
2829 863 3018 905 omnes
3072 849 3349 906 undelibet

1778 943 2071 1010 collustra,
2116 943 2232 998 haec
2252 957 2374 1013 quae
2403 949 2484 995 tot
2530 948 2585 996 et
2634 948 2786 995 tanta
2818 949 2976 1006 sunt,
3022 942 3187 1012 paulo
3225 948 3351 1012 post

1778 1050 1887 1093 non
1924 1036 2350 1106 comparebunt;
2386 1043 2548 1106 atque
2572 1050 2637 1090 ex
2667 1034 2754 1088 bis
2792 1034 3047 1089 omnibus
3079 1033 3212 1088 illud
3238 1035 3350 1088 col-

1780 1128 1907 1199 lige,
1942 1142 2066 1194 nos,
2116 1142 2240 1181 cum
2290 1128 2547 1197 peritura:
2593 1136 2858 1183 creaturae
2901 1139 3029 1195 pars
3069 1126 3263 1191 simus,
3295 1125 3352 1181 id

1778 1220 1925 1291 quod
1948 1221 2105 1276 nobis
2128 1235 2195 1274 ex
2217 1222 2494 1279 comnmni
2525 1227 2718 1275 natura
2742 1219 3020 1282 convenit,
3048 1218 3349 1289 accepisse;

1780 1311 2052 1382 siquidem
2087 1318 2142 1368 et
2183 1311 2497 1383 conjugium
2529 1310 2710 1381 ipsum
2752 1311 2947 1365 mortis
2971 1316 3057 1365 est
3083 1309 3349 1365 solamen.

1778 1403 1915 1460 Nam
1942 1405 2071 1475 quia
2103 1419 2321 1474 semper
2350 1418 2672 1472 permanere
2700 1416 2810 1458 non
2854 1401 3105 1465 dabatur,
3137 1416 3354 1456 succes-

1782 1497 1937 1553 sione
1969 1497 2186 1566 generis
2228 1496 2647 1566 perpetuitatem
2678 1495 2804 1551 vitae
2829 1493 3057 1550 Greater
3091 1495 3352 1550 concilia-

1781 1588 1879 1643 vit.
1937 1586 2093 1661 Quod
2142 1588 2190 1643 si
2245 1588 2300 1642 id
2355 1587 2631 1658 angimur,
2679 1586 2825 1657 quod
2869 1589 3033 1643 citius
3077 1596 3202 1642 ante
3251 1602 3352 1643 nos

1782 1681 1998 1743 abierit,
2026 1680 2101 1734 illi
2126 1696 2197 1736 ne
2215 1680 2580 1745 invideamus,
2612 1680 2755 1750 quod
2780 1680 3046 1736 molestiis
3066 1680 3192 1736 vita:
3206 1680 3352 1735 haud

1784 1772 2014 1825 multum
2038 1771 2255 1841 oppleta
2290 1771 2472 1836 fuerit,
2498 1772 2593 1827 sed
2624 1773 2800 1826 instar
2826 1771 3023 1826 ﬂorum
3061 1772 3352 1827 nitentium

147 1856 486 1930 βασκαίνωμεν
517 1856 585 1925 τῇ
622 1854 695 1925 μὴ
727 1854 818 1906 ἐπὶ
849 1854 983 1908 πολὺ
1022 1854 1131 1909 τῶν
1158 1855 1405 1927 ὀχληρῶν
1436 1856 1530 1909 τοῦ
1564 1857 1677 1927 βίου

1788 1879 1884 1920 nos
1909 1878 2031 1918 eam
2063 1864 2243 1918 adhuc
2275 1863 2650 1919 desiderantes
2677 1865 2984 1934 reliquerit.
3019 1863 3125 1919 Sed
3148 1871 3201 1918 te
3228 1873 3354 1920 ante

144 1945 538 2017 ἁναπλησθείσῃ,
571 1945 705 1999 ἀλλά
734 1945 873 2000 κατά
910 1947 1009 2018 τὴν
1032 1947 1191 2020 χάριν
1219 1949 1318 2021 τὴν
1356 1949 1465 2003 τῶν
1502 1950 1677 2004 ἀνθῶν

144 2042 206 2094 ἔτι
232 2038 514 2102 ποθοῦντας
549 2040 698 2110 ἡμᾶς
729 2039 1055 2112 ἐπιλιπούσῃ
1237 2041 1351 2113 Πρὸ
1381 2042 1596 2097 πάντων
1621 2043 1678 2096 δέ.

145 2151 190 2186 σε
225 2133 277 2186 rb
304 2132 396 2202 τῆς
441 2131 790 2195 ἀναστάσεως
821 2132 996 2203 δόγμα
1031 2133 1505 2207 ψυχαγωγησάτω,
1541 2138 1678 2208 Χρι-

142 2220 322 2277 στιανὸν
349 2219 497 2283 ὄντα,
536 2220 632 2272 καὶ
666 2220 756 2272 ἐπ’
788 2219 964 2274 ἐλπίδι
991 2221 1099 2274 τῶν
1129 2221 1426 2293 μελλόντων
1456 2224 1677 2293 ἀγαθῶν

140 2313 217 2384 τὴν
251 2310 384 2382 ζωὴν
424 2311 765 2380 διεξάγοντα.
801 2311 987 2377 Οὕτως
1026 2309 1118 2367 οὖν
1147 2313 1471 2369 διανοεῖσθαι
1510 2333 1678 2387 προσ-

136 2405 263 2475 ῆκεν.
301 2402 373 2465 ὼς
403 2402 523 2456 όδόν
559 2420 682 2457 τινα
720 2404 1094 2476 παρελθούσης
1119 2405 1254 2473 (56),
1284 2406 1352 2476 ἢν
1396 2408 1490 2460 καὶ
1529 2409 1693 2479 ἡμᾶς.

134 2500 286 2570 δεήσει
325 2499 679 2571 πορεύεσθαι.
726 2503 790 2555 Ei
819 2502 895 2567 δὲ,
924 2503 1006 2557 ὅτι
1036 2504 1141 2576 πρὸ
1181 2505 1356 2576 ἡμῶν,
1389 2505 1487 2558 οὐκ
1519 2506 1676 2577 ὀδυρ-

135 2593 228 2661 μῶν
244 2591 396 2645 τοῦτο
416 2591 597 2658 ἀξιον.
628 2594 841 2666 Μικρὸν
869 2596 976 2668 γὰρ
1005 2595 1229 2668 ὕστερον
1251 2597 1411 2667 τυχὸν
1447 2598 1508 2650 rb
1543 2597 1679 2669 ἡμέ-

132 2702 259 2756 τερον
304 2685 701 2761 ἐλεεινότερον,
741 2690 822 2753 εί,
876 2689 970 2742 ἐπὶ
1009 2689 1191 2745 πλεῖον
1240 2689 1680 2762 παραταθὲντες,

135 2776 312 2831 πλείοσι
356 2777 659 2849 γενοίμεθα
719 2779 991 2852 τιμωρίας
1041 2781 1317 2852 ὑπόχρεοι.
1379 2780 1539 2834 Ἀλλά
1584 2782 1682 2852 τῆς

1784 1956 1969 2011 omnia
2036 1965 2250 2011 recreet
2312 1954 2736 2011 resurrectionis
2797 1954 3027 2025 dogma,
3079 1954 3352 2009 hominem

1783 2047 2181 2112 Christianum,
2215 2054 2379 2117 atque
2411 2047 2466 2100 in
2503 2046 2810 2111 futurorum
2840 2046 3109 2100 bonorum
3150 2061 3248 2116 spe
3270 2044 3356 2100 vi-

1784 2146 2020 2195 ventem.
2061 2137 2240 2205 Quare
2280 2154 2380 2209 par
2406 2136 2572 2192 fuerit
2610 2137 2677 2193 de
2701 2152 2766 2192 ea
2806 2139 2876 2191 ita
2908 2139 3168 2208 cogitare,
3198 2138 3353 2208 quasi

1786 2232 1927 2285 riam
1958 2230 2250 2300 quamdam
2284 2230 2606 2295 confecerit,
2651 2246 2814 2300 quam
2855 2238 2909 2285 et
2947 2246 3048 2286 nos
3081 2231 3354 2302 oportebit

1738 2352 1739 2359 η
1784 2323 2016 2393 ingredi.
2053 2321 2208 2387 Quod
2244 2323 2290 2379 si
2329 2322 2486 2378 nobis
2524 2322 2756 2391 praaivit,
2791 2321 2844 2377 id
2883 2322 3085 2392 gemitu
3128 2322 3354 2392 dignum

1785 2429 1895 2469 non
1927 2423 2031 2469 est.
2065 2412 2200 2468 Nam
2232 2414 2370 2469 forte
2417 2415 2580 2485 paulo
2613 2423 2735 2484 post
2763 2430 2883 2470 sors
2909 2421 3093 2468 nostra
3123 2414 3354 2467 misera-

1783 2506 1945 2562 bilior
1974 2506 2115 2569 erit,
2151 2506 2199 2561 si
2244 2505 2453 2561 diutius
2481 2506 2634 2560 dilati
2654 2494 2950 2576 ,‘pluribus
2997 2504 3192 2560 [lamus
3226 2520 3358 2574 sup-

1786 2598 1969 2670 pliciis
2038 2599 2284 2655 obnoxii.
2350 2599 2585 2656 Proinde
2629 2601 2771 2654 ratio
2829 2608 3054 2665 nostra,
3104 2600 3356 2656 maeroris

1786 2702 2022 2746 excusso
2059 2707 2258 2757 onere,
2305 2691 2357 2745 id
2397 2701 2581 2757 curet,
2627 2692 2901 2762 quomodo
2937 2691 3127 2748 deceat
3163 2706 3264 2746 nos
3298 2690 3356 2744 in

1787 2794 2065 2854 posterum
2102 2783 2330 2840 Domino
2361 2787 2598 2856 placere.

133 2870 281 2943 λύπης
306 2873 366 2926 τὸ
391 2872 564 2946 βάρος
590 2875 619 2929 ό
646 2873 906 2945 λογισμὸς
923 2874 1077 2946 ὴμῶν
1103 2876 1554 2947 ἀποσεισάμενος,
1588 2878 1689 2949 τὴν
1717 2880 1847 2951 περὶ
1875 2879 1972 2934 τοῦ
2002 2879 2120 2943 πῶς
2147 2881 2293 2951 ἡμᾶς
2326 2881 2569 2951 προσῆκε
2627 2882 2763 2953 πρὸς
2824 2880 2885 2934 rb
2922 2880 3119 2951 ἐφεξῆς
3166 2880 3358 2950 εὐαρε-

131 2966 251 3017 στεῖν
282 2963 357 3035 τῷ
383 2965 588 3038 Κυρίῳ
619 2968 875 3039 φροντίδα
912 2968 1262 3037 μεταλαδὲτω
1289 2968 1424 3037 (57).

634 3080 981 3134 ΕΠΙΣΤΟΛΗ
1019 3078 1140 3135 TB'.

2247 3080 2583 3136 EPISTOLA
2623 3081 2799 3138 CCCI!
2838 3086 2877 3138 ‘.

1260 3195 1480 3248 Brisonis
1503 3203 1679 3248 mortui
1702 3210 1908 3249 uxorem
1926 3198 2215 3248 consolatur.

125 3305 250 3374 Πρὶς
295 3308 404 3376 τὴν
447 3307 750 3378 όμόζυγον
800 3308 1112 3392 Βρίοςωνος
1167 3308 1280 3381 (58)
1333 3315 1748 3381 :zapavan-C

819 3394 971 3446 τικη.

176 3493 324 3545 Ὅσον
350 3491 452 3562 μὲν
486 3493 862 3563 ἐστενάξαμεν
889 3492 980 3545 ἐπὶ
1016 3496 1082 3565 τῇ
1109 3494 1337 3567 ἀγγελίᾳ
1356 3496 1450 3549 τοῦ
1475 3496 1677 3561 πάθους

125 3583 192 3635 τοῦ
221 3583 355 3637 κατά
403 3584 500 3637 τὸν
532 3584 761 3655 ἄριστον
795 3583 902 3637 τῶν
942 3584 1152 3656 ἀνδρῶν
1193 3587 1460 3657 Βρίσωνα,
1494 3589 1547 3641 τί
1577 3589 1681 3660 χρὴ

123 3673 196 3724 καὶ
241 3673 457 3741 λέγειν;
522 3673 758 3736 Πάντως
816 3674 922 3746 γὰρ
974 3675 1147 3739 οὐδεὶς
1196 3675 1369 3740 οὕτως
1412 3678 1529 3731 ἐστὶ
1567 3680 1677 3750 (59)

120 3766 293 3835 λιθίνην
322 3767 467 3838 ἔχων
490 3767 600 3837 τὴν
632 3767 880 3838 καρδίαν,
911 3768 987 3832 ὃς,
1018 3770 1098 3831 είς
1128 3770 1318 3837 πεῖραν
1352 3769 1682 3841 ἀφικόμενος

123 3857 191 3909 τοῦ
229 3859 417 3931 ἀνδρὸς
452 3859 678 3912 ἐκείνου
701 3900 715 3923 ,
752 3855 847 3913 εἴτ’
881 3860 1120 3924 ἀκούσας
1167 3860 1328 3914 αὐτόν
1371 3860 1580 3932 ἀθρόως
1622 3860 1683 3926 ἐξ

119 3950 387 4021 ἀνθρώπων
420 3952 897 4024 ἀνηρπασμένον,
938 3952 1077 4023 οὐχὶ,
1126 3952 1201 4015 ὡς
1243 3952 1431 4022 κοινὴν
1476 3951 1680 4023 ζημίαν

120 4042 188 4093 τοῦ
210 4042 339 4111 βίου,
377 4045 485 4115 τὴν
515 4043 621 4097 τοῦ
649 4044 840 4114 ἀνδρὸς
872 4044 1122 4116 στέρησιν
1148 4044 1452 4112 ἐλογίσατο.
1493 4045 1680 4114 Ἠμῶν

117 4134 154 4186 se
189 4135 343 4200 εὐθὺς
398 4136 508 4209 τὴν
548 4135 798 4208 λύπηνή
850 4136 940 4189 ἐπὶ
998 4137 1079 4189 col.
1123 4139 1342 4208 φροντὶς
1389 4136 1678 4201 διεδέξατο,

118 4229 474 4299 ςογιζομένων,
517 4232 649 4291 ὅτι,
696 4232 745 4282 εί
806 4232 918 4293 τοῖς
952 4229 1142 4302 πόρῤω
1200 4232 1297 4301 τῆς
1354 4230 1682 4300 οἰκειότητος

117 4319 225 4374 ιῦτω
252 4321 393 4394 βαρὺ
428 4324 533 4377 καὶ
575 4322 847 4393 δύσφορον
881 4322 942 4375 τὸ
976 4321 1211 4393 συμϐὰν,
1244 4324 1360 4386 πῶς
1399 4323 1544 4386 εἰκὸς
1579 4322 1683 4375 ὑπὸ

118 4411 183 4464 τοῦ
228 4415 437 4478 πάθους
464 4416 577 4486 τὴν
636 4414 735 4485 σὴν
780 4413 1088 4485 διατεθῆναι
1141 4413 1355 4485 ψυχὴν,
1404 4413 1547 4466 οὕτω
1585 4414 1683 4484 μὲν

114 4505 241 4573 ρὺσει
290 4508 558 4580 χρηστὴν
617 4503 822 4572 οὖσαν,
860 4506 955 4560 καὶ
1008 4506 1145 4577 πρὸς
1193 4507 1291 4569 τὰς
1346 4505 1685 4576 συμπαθείας

2140 3310 2306 3366 Uxori
2343 3310 2587 3366 Brisonis
2622 3309 3002 3365 consolatorie.

1852 3494 2125 3560 Quantum
2157 3491 2538 3563 ingemuerim,
2573 3487 2830 3543 nuntiato
2850 3483 3040 3555 Optimi
3071 3483 3353 3537 hominum

1782 3584 2029 3641 Brisonis
2060 3597 2222 3647 casu,
2255 3581 2387 3652 quid
2418 3581 2501 3635 vel
2543 3578 2728 3632 dicere
2761 3572 3025 3629 attineat?
3058 3574 3194 3626 Nam
3226 3588 3356 3642 pro-

1784 3677 1926 3731 fecto
1951 3690 2115 3731 nemo
2143 3675 2214 3727 ita
2239 3672 2403 3728 corde
2434 3672 2667 3741 lapideo,
2694 3676 2754 3723 ut
2782 3667 2959 3722 virum
2990 3665 3139 3718 illum
3161 3680 3355 3735 exper-

1785 3777 1872 3823 tus
1900 3783 1964 3822 ac
1987 3766 2184 3821 deinde
2212 3766 2442 3821 audiens
2463 3780 2529 3819 ex
2562 3760 2877 3817 hominibus
2907 3757 3088 3813 subito
3108 3764 3353 3826 ereptum

1783 3876 1935 3924 esse,
1979 3876 2088 3914 non
2123 3874 2414 3914 commune
2461 3859 2713 3912 humanae
2744 3853 2867 3908 vitae
2899 3852 3159 3907 damnum
3204 3850 3351 3904 illius

1777 3953 2049 4023 jacturam
2065 3951 2478 4007 existimaverit.
2502 3950 2792 4003 Mmrorem
2807 3946 2986 4000 autem
3012 3957 3191 3998 meum
3215 3942 3334 3996 solli

1783 4045 1964 4100 citudo
1992 4045 2060 4099 de
2096 4052 2146 4099 te
2175 4045 2358 4099 statim
2393 4042 2642 4112 excepit,
2674 4056 2797 4095 cum
2831 4038 3167 4111 cogitarem,
3197 4035 3245 4091 si
3270 4034 3356 4088 his

1782 4136 1872 4207 qui
1893 4151 2000 4191 non
2028 4144 2151 4191 sunt
2172 4136 2430 4191 aliinitate
2446 4130 2749 4202 conjuncti,
2769 4131 2824 4186 id
2842 4130 2985 4203 quod
3004 4126 3203 4183 accidit
3223 4125 3357 4180 adeo
3376 4154 3385 4159 -

1782 4246 1945 4299 grave
1984 4238 2039 4284 et
2082 4229 2146 4283 ad
2180 4227 2565 4298 perferendum
2600 4224 2765 4297 439
2793 4222 3044 4284 dillicile,
3076 4218 3353 4290 quomodo

1784 4322 2077 4377 verisimile
2112 4322 2184 4377 sit
2210 4321 2447 4374 animam
2484 4328 2645 4387 tuam
2667 4320 2722 4372 in
2753 4317 2857 4371 hoc
2886 4330 3017 4370 casu
3046 4314 3207 4378 allici,
3235 4325 3355 4381 qua:

1784 4422 1837 4469 et
1879 4421 2073 4469 natura
2104 4412 2239 4468 adeo
2268 4414 2505 4484 benigna
2535 4420 2619 4468 est
2648 4418 2701 4465 et
2723 4411 2805 4477 ,ad
2847 4408 3355 4464 commiserationes

1787 4520 2056 4575 propensa
2087 4516 2306 4576 propter
2352 4520 2565 4559 morum
2614 4503 2895 4557 lenitatem
2923 4541 2938 4565 ,
2982 4510 3038 4555 et
3071 4499 3172 4569 ipsi
3201 4498 3355 4552 casui

118 4596 299 4654 ιῦκολον
349 4602 447 4655 διὰ
499 4601 634 4671 τὴν,
668 4598 764 4653 τοῦ
813 4599 1016 4671 τρόπου
1050 4599 1394 4671 ἡμερότητα,
1441 4597 1582 4651 οὕτω
1629 4597 1678 4650 δὲ

1788 4598 1860 4652 ila
1902 4599 2171 4672 subjecta,
2207 4607 2267 4653 ut
2301 4598 2467 4653 veluti
2503 4597 2818 4666 bipartitam
2839 4593 3133 4666 quamdam
3164 4591 3357 4646 sectio-

113 4693 457 4763 )ποκειμὲνην
492 4692 583 4764 τῷ
614 4690 800 4756 πάθει,
831 4689 975 4744 ὥστε
1005 4691 1167 4744 οἱονεὶ
1202 4690 1514 4762 διχοτομίας
1543 4689 1678 4753 τινὸς

1789 4705 1911 4744 nem
1954 4691 2008 4743 in
2054 4690 2306 4760 conjugis
2354 4689 2699 4760 separatione
2747 4685 3000 4744 senserit.
3047 4682 3260 4738 Etenim
3307 4682 3355 4737 si

113 4784 435 4840 ιῐσθάνεσθαι
471 4788 539 4839 ὲν
571 4783 659 4855 τῷ
691 4784 955 4856 χωρισμῷ
981 4782 1074 4837 τοῦ
1097 4782 1385 4855 ὁμόζυγος.
1412 4783 1521 4837 Καὶ
1550 4782 1678 4855 γὰρ,

111 4875 140 4927 ιί
172 4875 243 4947 τῷ
272 4877 390 4933 ὄντι
438 4878 599 4933 κατά
633 4877 726 4930 τὸν
764 4874 858 4930 τοῦ
898 4875 1103 4947 Κυρίου
1145 4874 1302 4945 λόγον
1345 4875 1529 4929 οὐκέτι
1576 4875 1683 4928 εἰσὶ

154 5055 194 5087 ⁸³
213 5055 409 5113 Matth.
449 5071 587 5111 nx.
632 5053 688 5109 6.

157 5213 260 5285 (55)
291 5212 797 5282 Ἀκαταλλήλου.
821 5212 977 5285 Harl.
1003 5220 1059 5270 et
1079 5211 1219 5285 Med.
1248 5211 1367 5285 κατ’
1398 5211 1679 5285 ἀλλήλους.

100 5276 279 5339 ibidem
309 5288 481 5342 multi
516 5276 755 5340 codices
779 5284 1112 5340 recentiores
1144 5276 1482 5353 δεχομένους.
1514 5276 1684 5336 Paulo

106 5364 204 5427 )ost
230 5355 363 5410 editi
394 5357 623 5427 εἰςτὸν
635 5354 896 5427 ρὺρανόν.
924 5355 1059 5410 Tres
1083 5353 1439 5427 vetustissimi
1466 5353 1685 5427 codices

1787 4799 2017 4846 revera,
2078 4783 2379 4838 secundum
2438 4782 2649 4836 Domini
2699 4793 3034 4843 sermonem,
3083 4777 3195 4846 jam
3247 4789 3354 4829 non

1789 4885 1918 4933 sunt
1950 4877 2080 4940 duo,
2106 4876 2200 4931 sed
2232 4891 2335 4929 una
2369 4890 2499 4929 caro
2528 4874 2595 4940 δ’,
2635 4872 2881 4944 profecto
2906 4868 3180 4940 separatio
3204 4868 3353 4939 ejus—

1855 5209 1967 5281 (56)
1996 5207 2440 5281 ΠιρρελθορσηςΖ
2472 5204 2620 5259 Harl.
2662 5204 3051 5281 προελθοόσης.

1863 5272 1976 5350 ἷ57)
1998 5272 2403 5350 Μέταλαϐἐτω.
2424 5275 2499 5329 lta
2520 5282 2613 5329 se!
2632 5272 2763 5350 mss.
2787 5274 2929 5350 Editi
2954 5272 3347 5350 μεταϐαλλέτω.

1865 5343 1976 5421 (58)
2004 5350 2325 5421 Βρίσωφςος.
2352 5344 2487 5421 Reg.
2511 5344 2786 5421 secundus
2808 5354 2861 5399 et
2887 5345 3052 5421 Coisl.
3079 5343 3353 5400 secundus

104 5414 147 5495 at
169 5424 216 5479 in
240 5432 416 5483 textu.
450 5414 595 5482 Mox
630 5414 834 5492 Regius
861 5432 1109 5495 uterque,
1136 5423 1607 5495 Coisl.secundus
1631 5430 1678 5477 et

1790 5414 2118 5495 Bploo'wvog,
2149 5418 2371 5495 Addunt
2397 5414 2525 5471 editi
2553 5414 2912 5487 χηρεύουσαν,
2952 5414 3185 5483 viduam,
3232 5430 3355 5485 quae

102 5492 382 5554 Vaticanus
420 5501 495 5553 ὲκ
528 5496 767 5551 πάντων
790 5492 1016 5561 τούτων,
1053 5497 1172 5550 sine
1202 5494 1608 5562 conjunctione.

158 5566 264 5636 (54)
282 5570 573 5634 Φύσεως.
616 5564 767 5636 Med.
783 5566 1031 5630 κτίσεως.
1055 5564 1224 5621 Paulo
1244 5573 1367 5635 post
1388 5565 1530 5619 idem
1555 5578 1679 5617 cum

95 5632 415 5693 ΗονίζΔιότι
447 5632 557 5693 ενά
596 5637 685 5699 είς
715 5635 794 5697 τό,
827 5644 930 5690 etc.

157 5708 263 5772 (55)
294 5707 754 5773 Ἐστιλιπούσῃ.
809 5705 899 5760 Sic
941 5707 1104 5764 iidem
1153 5714 1265 5762 tres
1316 5703 1679 5775 antiquissimi

42 5838 51 5847 ν
94 5778 317 5839 codices.
344 5778 500 5837 Editi
542 5776 912 5847 ἀπολιπούση.
976 5782 981 5787 ’

1787 5489 1890 5547 vox
1915 5491 2067 5545 deest
2096 5490 2151 5542 in
2186 5489 2460 5557 plerisque
2486 5501 2620 5557 mss.

1859 5559 1969 5633 (59)
2001 5553 2205 5633 ρῦτωςῖ
2225 5553 2387 5633 ἐοζτζξ
2410 5557 2502 5633 S_ic_
2529 5555 2679 5633 Harl.
2697 5564 2771 5633 _et
2797 5555 2933 5633 Med.
2960 5553 3127 5633 Deest
3149 5554 3266 5633 ἐστί
3293 5554 3351 5633 in

1787 5625 1969 5687 editis.
1997 5628 2190 5684 Statim
2218 5628 2351 5699 editi
2387 5628 2548 5691 αὐτὸς
2577 5626 2804 5699 ἁθρόως.
2840 5627 2966 5699 Mss.
2998 5627 3181 5684 αὐτόν.
3211 5625 3351 5683 Sub~

1787 5702 1912 5758 inde
1940 5700 2088 5753 Harl.
2122 5707 2175 5753 et
2201 5698 2357 5769 Med.
2373 5696 2784 5769 ἀναρπασθέντα
2814 5697 2912 5769 οὐχ
2937 5696 3032 5761 ὼς.

1862 5775 1879 5796 “
1900 5771 2047 5828 Alias
2073 5766 2408 5825 CCCXLVII.
