3810 6582
582 392 715 452 1051

1854 426 1863 436 ’
1936 403 1994 462 S.
2033 403 2276 461 BASILII
2309 403 2522 463 MAGNI

3613 401 3709 457 1ῡῖιὲ

576 507 881 599 modinon
937 508 1117 566 minus
1168 509 1332 567 habet
1375 511 1624 581 doloris,
1657 531 1819 588 quam
1869 518 1917 575 si
1970 521 2146 577 media

2251 521 2362 589 δύο,
2386 522 2524 577 ἀλλὰ
2549 520 2686 594 σὰρξ
2712 520 2829 593 μία,
2851 520 3094 592 δηλονότι
3117 494 3221 591 οὐχ’
3237 514 3389 591 ἧττόν
3413 519 3541 571 ἔστιν
3555 517 3700 587 ἀλγειῆ

577 598 753 653 nostri
778 600 1025 669 corporis
1065 615 1194 671 pars
1237 601 1659 662 discinderetur.
1705 607 1784 664 Ac
1811 609 1988 665 tristia
2019 612 2144 683 qui-

578 686 700 743 dem
727 688 1021 758 ejusmodi,
1056 702 1110 748 et
1140 692 1229 749 his
1257 694 1467 764 majora
1495 715 1509 752 :
1542 698 1635 753 sed
1661 715 1783 769 quae
1805 715 1993 755 eorum
2022 717 2144 772 qua:

577 791 878 838 evenerunt
910 787 1258 842 consolatio?
1287 786 1528 845 Primum
1561 792 1804 864 quidem,
1840 795 2027 865 vigens
2050 795 2143 850 illa

580 875 650 930 ab
676 876 836 931 initio
878 878 966 935 lex
1016 878 1110 936 Dei
1160 881 1363 946 nostri,
1395 897 1623 940 necesse
1654 886 1877 942 omnino
1906 903 2046 954 esse,
2083 896 2143 943 ut

579 968 832 1039 quisquis
864 978 1030 1027 natus
1063 971 1250 1037 fuerit,
1282 982 1427 1030 stato
1462 985 1705 1048 tempore
1740 978 1809 1033 de
1833 980 1941 1034 vita
1964 987 2141 1036 exeat.

581 1057 641 1113 Si
662 1060 829 1131 igitur
858 1061 938 1117 sic
966 1077 1056 1118 res
1084 1064 1338 1121 humame
1367 1066 1437 1121 ab
1464 1067 1635 1122 Adam
1663 1068 1731 1122 ad
1761 1077 1947 1125 nostra
1970 1085 2144 1140 usque

579 1156 823 1220 tempora
853 1152 1164 1207 constituta:
1209 1162 1358 1222 sunt,
1400 1170 1721 1212 communes
1754 1166 1976 1213 natura!
1998 1159 2142 1230 leges

582 1237 766 1293 animo
812 1238 1002 1310 iniquo
1031 1257 1102 1297 ne
1138 1242 1400 1308 feramus,
1436 1245 1533 1300 sed
1580 1244 1676 1300 Dei
1723 1261 1851 1317 erga
1886 1262 1988 1303 nos
2029 1247 2144 1303 dis-

581 1324 961 1400 pensationem
984 1334 1412 1404 amplectamur:
1447 1338 1540 1407 qui
1565 1338 1731 1408 jussit
1769 1340 1962 1394 fortem
1995 1339 2143 1394 illam

584 1420 821 1476 animam
853 1437 916 1478 ac
948 1422 1205 1479 invictam
1225 1464 1241 1489 ,
1271 1440 1381 1481 non
1416 1439 1741 1499 consumpto
1784 1429 1991 1486 morbis
2022 1446 2144 1486 cor-

582 1526 715 1583 pore
736 1524 832 1569 aut
861 1522 1020 1572 etate
1048 1517 1300 1574 confecto
1325 1521 1564 1591 migrare
1600 1537 1664 1577 ex
1692 1525 1927 1588 saeculo;
1959 1524 2053 1580 sed
2088 1525 2144 1579 in

584 1602 707 1672 ipso
746 1598 924 1662 aetatis
952 1607 1084 1663 llore
1117 1615 1172 1664 et
1217 1610 1274 1664 in
1308 1612 1596 1681 splendore
1625 1628 1806 1668 rerum
1854 1617 2067 1685 egregie
2088 1616 2143 1670 in

582 1693 729 1750 bello
768 1704 1046 1767 gestarum
1088 1700 1256 1755 vitam
1303 1701 1479 1758 ﬁnire.
1523 1702 1886 1769 Quamobrem
1921 1706 2146 1761 moleste

585 1785 739 1859 illud,-
767 1788 909 1845 ferre
952 1804 1063 1846 non
1088 1791 1384 1858 debemus,
1430 1794 1576 1865 quod
1613 1810 1646 1848 a
1676 1797 1770 1851 tali
1794 1797 1912 1852 viro
1955 1813 2145 1853 sumus

2249 616 2284 686 ή
2308 613 2530 686 τοιαύτη
2562 612 2851 678 διάζευξις,
2879 612 2914 684 ἦ
2943 614 2990 665 εί
3022 611 3082 666 τὸ
3110 612 3275 683 ἥμισυ
3305 609 3452 681 ἡμῶν
3488 609 3566 662 τοῦ
3588 608 3707 679 cup:-

2248 724 2339 771 τος
2369 706 2773 780 ἀπερρήγνυτο.
2798 703 2962 758 Ἀλλά
2983 704 3053 758 τά
3087 704 3184 774 μὲν
3205 701 3417 772 λυπηρά
3440 699 3636 765 τοιαῦτα,
3654 702 3708 751 nl

2253 797 2427 868 μείζω
2468 796 2706 851 τούτων’
2745 798 2780 868 ἡ
2825 795 2883 849 δὲ
2915 795 3007 848 ἐπὶ
3058 796 3172 858 τοῖς
3204 793 3435 864 συμδᾶσι
3480 789 3709 861 παραμυθίθ
3772 814 3773 868 Ῐ

2248 864 2368 956 sig;
2400 882 2622 962 Πρῶτον
2651 864 2778 961 μὲν,
2799 890 2833 960 ἡ
2864 887 2923 953 ἐξ
2954 885 3126 958 ἀρχῆς
3151 885 3505 955 κεκρατηκυία
3530 880 3604 934 τοῦ
3625 881 3711 933 Θεώ
3772 864 3773 883 “

2249 980 2407 1051 ἡμῶν
2438 978 2729 1051 νομοθεσία
2752 996 2768 1011 ο
2804 979 2866 1032 τὸ
2894 977 3091 1050 χρῆναι
3120 977 3337 1039 πάντως
3371 973 3459 1027 τὸν
3483 973 3551 1036 είς
3572 971 3714 1040 γένεσιν

2252 1069 2588 1141 παρελθόντα
2606 1073 2719 1135 τοῖς
2747 1068 3045 1140 καθήκουσι
3064 1068 3286 1139 ιχρόνοις
3312 1065 3519 1120 ἀπιέναι
3536 1062 3609 1116 τοῦ
3628 1063 3713 1132 βίω.

2250 1162 2312 1215 Εἰ
2340 1157 2434 1217 οὖν
2464 1161 2636 1227 οὕτως
2673 1162 2781 1217 ἀπὸ
2841 1161 3013 1232 ’Δδάμ
3061 1161 3253 1232 μέχρις
3290 1157 3442 1230 ἡμῶν
3475 1156 3535 1208 τὰ
3576 1154 3706 1225 ἀνθῴ

2251 1269 2380 1306 πινα
2402 1252 2767 1317 διατέτακται,
2808 1252 2882 1324 μὴ
2917 1248 3314 1321 ἀγανακτῶμεν
3343 1247 3433 1301 ἐπὶ
3464 1249 3562 1309 τοῖς
3590 1249 3715 1305 κοινῶς

2250 1342 2346 1412 τῆς
2389 1341 2603 1411 φύσεως
2649 1343 2833 1412 νόμοις
2869 1341 3013 1413 (60),
3060 1340 3195 1395 ἀλλά
3248 1336 3633 1409 καταδεχὼμεθσ
3660 1338 3717 1406 τὴν

2250 1435 2333 1504 ἐφ’
2358 1436 2492 1505 ἡμῖν
2522 1435 2615 1487 τοῦ
2648 1433 2782 1505 Θεοῦ
2819 1433 3153 1504 οἰκονομίαν,
3182 1430 3243 1494 ὃς
3281 1429 3549 1484 ἐκέλευσεν
3579 1429 3717 1495 ἐκείνῃ

2250 1524 2346 1597 τὴν
2385 1526 2633 1594 γενναίαν
2669 1525 2846 1597 ψυχὴν
2880 1525 2975 1579 καὶ
3004 1526 3303 1596 ἀήττητον,
3349 1520 3424 1592 μὴ
3458 1520 3579 1590 νόσῳ
3611 1520 3719 1572 δοται

2251 1615 2501 1686 νηθέντος
2527 1616 2620 1670 τοῦ
2667 1615 2938 1687 σώματος,
2984 1613 3119 1686 μηδὲ
3154 1613 3334 1683 χρόνῳ
3373 1606 3720 1679 καταμαρίννθένι

2250 1723 2361 1770 τος,
2392 1707 2739 1778 ἀναχωρῆσαι
2775 1703 2867 1760 τοῦ
2901 1705 3036 1776 βίου,
3060 1704 3176 1758 ἀλλ’
3210 1705 3267 1756 ὲν
3299 1704 3453 1771 ἀκμῇ
3469 1700 3560 1769 τῆς
3583 1700 3719 1769 ἡλικίας

2252 1798 2345 1850 καὶ
2373 1797 2432 1850 ὲν
2473 1799 2539 1867 τῇ
2573 1795 2916 1870 λαμπρότητι
2944 1794 3052 1848 τῶν
3085 1792 3227 1847 κατά
3275 1791 3510 1860 πόλεμον
3532 1788 3723 1857 κατορθο-

586 1882 861 1951 separati;
898 1884 996 1939 sed
1047 1883 1279 1942 Domino
1320 1889 1529 1958 gratias
1569 1904 1818 1961 agamus,
1847 1891 1990 1961 quod
2025 1892 2148 1947 talis

2253 1890 2434 1960 μάτων
2464 1888 2572 1959 (61)
2602 1888 2698 1959 τὴν
2727 1889 2870 1959 ζωὴν
2902 1885 3227 1940 καταλῦσαι.
3250 1883 3418 1935 Ὥστε
3441 1880 3533 1949 οὐχ
3556 1880 3721 1950 attigu—

583 1969 689 2024 viri
743 1972 996 2028 convictu
1044 1973 1252 2047 dignati
1304 1976 1609 2042 fuerimus,
1667 1979 1827 2049 cujus
1875 1979 2146 2049 iacturam

582 2067 759 2124 totum
802 2062 914 2119 fere
965 2065 1251 2134 imperium
1305 2066 1610 2122 Romanum
1657 2070 1956 2139 persensit;
1986 2084 2147 2140 quem

582 2159 641 2208 et
665 2152 965 2224 imperator
990 2155 1109 2226 ipse
1128 2156 1479 2225 desideravit,
1508 2169 1562 2214 et
1587 2160 1789 2215 milites
1805 2160 2148 2229 planxerunt,

585 2258 642 2306 et
674 2250 778 2305 viri
816 2251 871 2306 in
911 2251 1167 2306 maximis
1208 2251 1566 2321 dignitatibus
1609 2250 1893 2306 constituti
1936 2259 1995 2304 ut
2030 2265 2152 2320 ger-

586 2356 809 2397 manum
866 2342 1041 2397 ﬁlium
1092 2341 1447 2398 deﬂeverunt.
1499 2341 1636 2397 Cum
1679 2341 1844 2412 igitur
1890 2340 1990 2396 tibi
2039 2356 2152 2398 sum

584 2435 760 2506 ipsius
791 2419 1011 2490 virtutis
1044 2435 1322 2506 reliquerit
1367 2443 1814 2501 monumentum,
1859 2434 1994 2489 satis
2032 2448 2151 2487 ma»

585 2543 751 2598 gnum
775 2529 1025 2583 existima
1052 2528 1257 2584 habere
1283 2537 1334 2582 te
1355 2527 1435 2581 tui
1463 2527 1670 2582 doloris
1694 2526 1972 2583 solatium.
1997 2524 2155 2580 Dein-

584 2622 654 2677 de
684 2628 740 2676 et
770 2621 903 2677 illud
944 2622 1085 2678 scire
1115 2629 1169 2676 te
1211 2622 1357 2686 volo,
1389 2637 1513 2676 eum
1563 2623 1655 2692 qui
1693 2635 1799 2675 non
1847 2619 2154 2676 succumbit

586 2713 994 2779 amictionibus,
1026 2713 1121 2769 sed
1157 2729 1255 2784 per
1287 2729 1441 2783 spem
1470 2714 1524 2768 in
1559 2712 1726 2768 Deum
1776 2712 1982 2767 doloris
2017 2726 2152 2782 pon-

585 2804 690 2860 dus
720 2806 937 2869 tolerat,
968 2819 1220 2874 magnam
1263 2803 1466 2859 habere
1503 2801 1646 2873 apud
1680 2802 1847 2857 Deum
1881 2801 2153 2872 patientia:

583 2897 911 2953 mercedem.
957 2895 1143 2966 Neque
1186 2896 1332 2950 enim
1376 2895 1535 2950 nobis
1564 2894 1752 2949 itidem
1785 2905 1844 2949 ut
1874 2893 2113 2950 externis
2134 2934 2149 2958 ,

584 2988 714 3044 licet
758 2986 1073 3042 contristari
1119 2984 1188 3041 de
1234 2984 1635 3040 dormientibus
1681 3000 1778 3055 per
1822 2993 2151 3054 praeceptum

584 3080 932 3151 Apostoli‘”.
959 3076 1147 3147 Sintjet
1172 3076 1327 3131 liberi
1343 3076 1419 3130 tui
1438 3084 1693 3145 tanquam
1710 3074 1974 3146 imagines
1995 3073 2148 3137 vivae,

585 3168 890 3225 absentiam
911 3168 1056 3224 illius
1071 3182 1233 3237 quem
1254 3165 1534 3222 desideras
1553 3166 1945 3223 demulcentes.
1970 3166 2151 3231 Quare

2253 1980 2513 2052 ρίσθημεν
2547 1979 2736 2051 ἀνδρὸς
2780 1978 3053 2040 τοιούτου,
3089 1975 3464 2046 δυσχεραίνειν
3491 1969 3722 2041 ὀφείλομεν

2248 2071 2362 2126 ἀλλ’
2398 2073 2480 2125 ὅτι
2525 2074 2623 2143 τῆς
2671 2070 2805 2142 πρὸς
2842 2069 2933 2122 τὸν
2970 2066 3209 2121 τοιοῦτον
3248 2064 3421 2136 ἄνδρα
3462 2060 3724 2129 συνοικήσεις

2249 2164 2687 2237 κατηξιώθημεν,
2713 2162 3197 2234 εὐχαριστήσωμεν
3226 2157 3305 2227 τῷ
3344 2154 3545 2227 Κυρίῳ,
3571 2147 3726 2205 obsis:

2251 2258 2489 2328 σχεδὸνῆ
2523 2254 2804 2326 Ῥωμαῖκὴ
2836 2253 2978 2326 ἀρχὴ
3002 2252 3101 2323 τῆς
3130 2249 3337 2321 ζημίας
3377 2242 3725 2318 ὲπῄσθητοωὲγ

2248 2348 2307 2402 ὃν
2355 2348 2449 2403 καὶ⁸
2503 2349 2533 2401 ὁ
2585 2346 2837 2418 βασιλεὺς
2893 2344 3276 2406 ἀνεκαλέσατο,
3336 2340 3435 2395 καὶ
3492 2334 3729 2409 στρατιῶται

2249 2440 2545 2512 ὠδύραντο,
2579 2439 2674 2493 καὶ
2704 2440 2754 2492 οἱ
2794 2436 3021 2490 ἐπὶτῶν
3056 2434 3329 2507 μεγίστων
3379 2429 3660 2499 ἀξιωμάτων
3685 2424 3730 2485 ὡς

2250 2534 2470 2604 γνήσιον
2505 2533 2618 2586 υἱὸν
2656 2528 3087 2600 κατεπένθησαν.
3130 2526 3281 2580 Ἐπεὶ
3312 2520 3412 2578 οὖν
3448 2519 3664 2576 κατέλιπέ
3683 2533 3733 2569 τις

2249 2622 2347 2694 τὴν
2381 2624 2597 2693 μνήμην
2622 2622 2721 2692 τῆς
2746 2620 2949 2683 οίκείας
2979 2617 3141 2671 αὑτοῦ
3161 2616 3269 2687 (63)
3299 2614 3520 2686 ἀρετῆς,
3542 2606 3733 2680 ἀρκοῦσαν

2250 2711 2435 2782 νόμιζε
2482 2710 2625 2781 ἔχειν
2665 2709 3019 2782 παραμυθίαν
3050 2706 3144 2760 τοῦ
3174 2704 3406 2768 πάθους.
3446 2702 3643 2754 Ἔπειτα
3677 2698 3733 2746 καὶ

2251 2805 2426 2857 ἐκεῖνο
2454 2802 2650 2856 εἰδέναι
2686 2819 2743 2854 σε
2786 2799 3063 2870 βούλομαι,
3098 2798 3180 2850 ὅτι
3205 2798 3232 2850 ό
3267 2796 3343 2867 μὴ
3390 2790 3644 2846 ὑποπεσὼν
3662 2788 3734 2845 τιῖς

2252 2894 2512 2965 θλίψεσιν,
2537 2893 2673 2947 ἀλλὰ
2709 2893 2799 2947 διὰ
2828 2893 2926 2963 τῆς
2952 2892 3088 2964 πρὸς
3110 2890 3240 2944 Θεὸν
3267 2889 3485 2952 ἐλπίδος
3507 2884 3597 2953 τῆς
3621 2881 3736 2947 λύπης

2249 2985 2311 3037 τὸ
2344 2984 2508 3056 βάρος
2543 2982 2883 3052 ἀπενεγκὼν,
2925 2982 3164 3053 μεγάλην
3215 2980 3325 3051 ἔχει
3381 2978 3528 3049 παρὰ
3572 2974 3634 3044 τῷ
3665 2969 3737 3035 ita}

2249 3078 2349 3150 τῆς
2368 3078 2645 3148 ὑπομονῆς
2669 3076 2766 3148 τὴν
2788 3074 3223 3130 ἀντίδοσιν.οὖδὲ
3240 3073 3351 3145 γὰρ
3374 3072 3465 3124 ίσα
3486 3071 3586 3131 τοῖς
3608 3064 3737 3129 ἐξωθεῖ

2252 3168 2641 3240 ὲπετράπημεν
2662 3167 2947 3220 λυπεῖσθαι
2975 3167 3066 3219 ἐπὶ
3088 3168 3198 3227 τοῖς
3223 3162 3626 3233 κεκοιμημένοις
3642 3156 3738 3225 πιεώ

583 3258 991 3315 educandorum
1028 3256 1320 3312 liberorum
1350 3270 1483 3311 cura
1515 3256 1755 3311 animum
1789 3247 1938 3310 tuum
1963 3271 1993 3309 a
2017 3269 2150 3310 mna-

2252 3260 2351 3329 τῆς
2401 3259 2723 3331 νομοθεσίας
2770 3257 2864 3312 τοῦ
2922 3257 3261 3311 Ἀποστόλου.
3294 3256 3575 3308 Ἔστωσαν
3612 3250 3682 3301 καὶ
3712 3250 3737 3296 ιλ

585 3362 715 3403 rore
760 3353 989 3409 avocet;
1030 3354 1086 3402 et
1132 3345 1367 3402 sollicita
1413 3344 1686 3416 quomodo
1734 3345 2006 3417 reliquum
2049 3346 2150 3401 tibi

583 3442 802 3504 tempus
829 3432 908 3488 sic
933 3433 1225 3504 transigas,
1261 3441 1320 3487 ut
1350 3432 1566 3503 placeas
1594 3432 1726 3499 Deo,
1754 3435 1971 3507 egregia
1994 3450 2153 3491 occu-

584 3524 809 3594 patione
839 3523 1197 3594 cogitationes
1228 3529 1352 3577 tuas
1375 3522 1626 3579 delinies.
1667 3521 1801 3577 Nam
1832 3525 2154 3594 praeparatio

584 3615 656 3671 ad
705 3630 928 3672 causam
981 3630 1167 3672 coram
1219 3614 1454 3671 Domino
1503 3623 1698 3671 uestro
1747 3615 1873 3671 Jesu
1934 3616 2155 3672 Christo

585 3708 898 3775 dicendam,
931 3724 995 3764 ac
1016 3707 1257 3764 studium
1284 3707 1537 3763 veniendi
1561 3708 1616 3762 in
1648 3723 1940 3763 numerum
1965 3724 2155 3765 eorum

584 3800 679 3871 qui
715 3800 868 3855 illum
913 3799 1169 3870 diligunt,
1205 3799 1401 3854 idonea
1426 3806 1556 3853 sunt
1583 3813 1706 3868 quae
1736 3800 1963 3854 maerori
2004 3808 2157 3856 tene-

583 3896 714 3949 bras
758 3891 1076 3957 oﬂundant,
1122 3898 1182 3945 ut
1238 3891 1308 3946 ab
1355 3905 1420 3945 eo
1469 3888 1694 3944 minime
1745 3890 2153 3947 absorbeamur.

586 3981 874 4054 Largiatur
902 3990 1083 4037 autem
1115 3980 1376 4037 Dominus
1416 3982 1570 4037 cordi
1596 3988 1692 4037 tuo
1721 3983 2152 4040 consolationem

584 4091 652 4132 ex
676 4074 831 4130 bono
855 4089 957 4131 suo
992 4074 1236 4145 Spiritu;
1273 4086 1333 4131 ut
1361 4082 1416 4130 et
1442 4090 1564 4139 nos,
1606 4075 1793 4131 audito
1818 4092 1999 4132 rerum
2033 4085 2155 4133 tua-

586 4181 711 4221 rum
754 4172 933 4231 statu,
973 4181 1308 4231 recreemur,
1341 4175 1397 4222 et
1435 4167 1693 4224 omnibus
1724 4167 1832 4222 tuis
1856 4168 2157 4239 aequalibus

588 4258 898 4329 exemplum
928 4258 1006 4314 sis
1049 4258 1373 4329 praeclarum
1404 4258 1529 4314 vita:
1569 4260 1869 4315 secundum
1902 4261 2156 4317 virtutem

588 4351 868 4408 institute.

2248 3346 2435 3411 παῖδές
2471 3365 2562 3401 σου
2587 3348 2777 3418 ὥσπερ
2806 3346 3012 3411 εἰκόνες
3036 3346 3287 3418 ἔμψυχοι,
3307 3345 3411 3416 τὴν
3436 3340 3669 3396 ἀπουσίαν
3686 3332 3739 3386 rei

2249 3439 2585 3509 ποθουμένου
2628 3438 3132 3510 παραμυθούμενοι.
3164 3438 3325 3489 Ὥστε
3361 3439 3396 3507 ἡ
3444 3433 3566 3506 περὶ
3587 3431 3663 3499 τὴν
3688 3442 3739 3477 τε·

2249 3533 2573 3606 κνοτροφίαν
2603 3520 2827 3603 ἀσχολία
2852 3530 3111 3601 ἀπαγέτω
3137 3548 3228 3583 σου
3258 3530 3357 3600 τὴν
3382 3526 3553 3598 ψυχὴν
3577 3518 3741 3577 ἀπὸτιὶιτι

2250 3625 2537 3697 λυπηρῶν·
2584 3626 2680 3679 καὶ
2712 3623 3035 3697 μεριμνῶσα
3064 3622 3121 3676 δὲ
3162 3622 3288 3696 περ)⁸
3334 3620 3433 3673 τοῦ
3474 3618 3581 3679 πῶς

2253 3733 2391 3779 στως
2419 3715 2497 3787 τῷ
2534 3715 2724 3787 Κυρίῳ
2777 3716 2867 3769 τὸν
2913 3714 3226 3785 λειπόμενον
3275 3711 3482 3780 ἑαυτῆς
3518 3708 3674 3780 χρόνον
3695 3703 3742 3754 6:-

2250 3809 2482 3882 ενέγκῃς
2504 3850 2518 3873 ,
2543 3808 2711 3880 καλὴν
2739 3807 2992 3879 ἀσχολίαν
3037 3804 3341 3875 ἐπινοήσεις
3378 3802 3490 3872 (64)
3527 3802 3625 3861 τοῖς
3654 3797 3743 3859 ἰατι-

2252 3904 2425 3971 σμοίς.
2463 3895 2527 3954 Ἦ
2554 3901 2663 3972 γὰρ
2702 3899 2987 3969 ὲτοιμασία
3018 3898 3118 3969 τῆς
3148 3896 3239 3949 ἐπὶ
3280 3892 3377 3947 τοῦ
3425 3892 3618 3963 Κυρίου
3644 3883 3743 3957 ἡμῶν

2265 3992 2441 4064 Ἰησοῦ
2473 3991 2709 4064 Χριστοῦ
2750 3992 3066 4060 ἀπολογίας,
3094 3989 3189 4044 καὶ
3216 3990 3249 4059 ἡ
3296 3986 3503 4056 σπουδὴ
3542 3981 3624 4035 τοῦ
3645 3979 3744 4046 εὑρί-

2254 4082 2411 4153 θῆναι
2442 4070 2588 4155 ἡμᾶς
2616 4083 2961 4154 ὲναριθμίους
2989 4084 3099 4146 τοῖς
3128 4078 3416 4149 ἀγαπῶσιν
3444 4074 3615 4136 αὑτὸν,
3644 4065 3743 4131 iam:

2253 4175 2400 4230 ἐστιν
2447 4176 2803 4247 ἐπισκοτῆσαι
2846 4177 2914 4247 τῇ
2943 4173 3119 4245 λύπῃ,
3153 4172 3292 4226 ὥστε
3337 4171 3416 4241 μὴ
3446 4163 3743 4228 καταποθῆνίε

2253 4270 2400 4339 ἡμᾶς
2429 4269 2519 4322 ὑπ’
2542 4269 2727 4340 αὐτῆς.
2745 4268 3021 4339 Παράσχοι
3046 4267 3103 4320 δὲ
3129 4268 3157 4320 ό
3190 4263 3387 4336 Κύριος
3406 4262 3517 4333 (65)
3534 4262 3593 4330 τῇ
3613 4253 3743 4343 καῷλξ

2255 4375 2348 4412 σου
2382 4358 2480 4428 τὴν
2525 4359 2590 4412 ὲκ
2639 4356 2730 4411 τοῦ
2767 4356 3079 4428 Πνεύματος
3122 4353 3284 4409 αὐτοῦ
3328 4350 3653 4423 παράκλησιν
3689 4355 3745 4391 του

585 4446 935 4519 ἀγαθοῦ,οίνα
987 4446 1083 4500 καὶ
1120 4446 1280 4517 ἡμεῖς
1321 4444 1651 4511 ἀκούσαντες
1685 4446 1753 4501 τὰ
1796 4449 1925 4520 περὶ
1955 4448 2050 4502 σοῦ
2100 4452 2402 4526 ἀνεθῶμεν,
2436 4454 2531 4509 καὶ
2578 4454 2779 4518 πάσαις
2832 4456 2950 4517 ταῖς
2990 4451 3110 4507 καθ’
3138 4452 3349 4524 ἡλικίαν
3399 4449 3483 4502 σοι
3540 4440 3745 4515 euasit-mi

585 4540 889 4611 ὑπόδειγμα
912 4535 977 4613 ᾖς
1011 4536 1212 4607 ἀγαθὸν
1239 4536 1332 4590 τοῦ
1366 4536 1486 4590 κατ’
1514 4538 1715 4609 ἀρετὴν
1743 4538 1879 4610 βίου.

949 4632 1115 4706 45.0
1143 4629 1479 4686 EPISTOLA
1515 4631 1716 4686 eccm
1739 4633 1778 4688 θ.

2778 4633 3125 4689 ΕΠΙΣΤΟΛΗ
3156 4630 3273 4684 'IT'.

1229 4750 1380 4813 Rogat
1400 4752 1451 4798 ut
1473 4745 1698 4812 imposita
1716 4746 1773 4797 ob
1793 4746 1944 4811 falsas
1969 4747 2326 4804 criminationes
2347 4764 2584 4816 equarum
2605 4746 2851 4815 prastatio
2893 4744 3179 4835 dimittatur.

1071 4862 1271 4918 Comiti
1314 4863 1663 4931 privatarum.
1898 4926 1901 4931 ι

653 4957 806 5011 illius
838 4955 942 5011 loci
990 4955 1185 5010 incolae
1219 4971 1288 5010 ex
1320 4954 1481 5018 falsa,
1513 4954 1730 5024 opinor,
1761 4956 2036 5012 calumnia
2071 4957 2151 5013 di~

585 5051 777 5122 gnitati
811 5058 920 5104 tua:
948 5057 1366 5118 persuaserunt,
1392 5055 1451 5101 ut
1472 5046 1597 5103 istis
1631 5061 1897 5117 equarum
1928 5058 2158 5119 praesta-

658 5168 730 5200 δθ·
762 5165 780 5220 l
805 5164 1003 5222 Thess.
1032 5181 1107 5230 ιν,
1133 5164 1220 5220 12.

662 5283 679 5304 ⁶
706 5279 857 5335 Alias
885 5276 1249 5334 CCCCXXIII.
1366 5304 1373 5309 -

664 5350 772 5419 (ϐυ)
816 5349 930 5417 Τῆς
956 5350 1193 5418 φύσεως
1230 5348 1453 5419 νόμοις.
1486 5345 1636 5402 Harl.
1665 5346 1889 5419 etAMed.
1924 5347 2023 5418 τῆς
2052 5347 2153 5418 φύ-

591 5416 735 5492 σεῴςν
756 5416 914 5492 ἡμῶν
945 5416 1313 5492 παθήμασιν(
1342 5488 1387 5492 __
1455 5489 1468 5492 _
1634 5485 1682 5492 __
1720 5416 1737 5426 ’

636 5485 1307 5613 ἐϐίγΚατορθωλιάι-ων.
1342 5488 1492 5543 Harl.
1533 5496 1588 5544 et
1633 5485 1775 5543 Med.
1818 5487 2160 5561 ἀνδραγαθη-

669 5576 797 5613 των.

669 5576 797 5613 των.

594 5577 1151 5702 ξιῗϐοὲςζεπῂσθητο.
1176 5628 1311 5702 Reg.
1332 5630 1627 5695 secundus,
1650 5628 1886 5702 Claram.
1906 5637 1959 5684 et
1982 5629 2155 5700 Bigot.

594 5699 879 5772 ζπῄσθετο,
917 5699 1037 5772 Mox
1073 5700 1233 5772 deest
1251 5699 1518 5757 articulus
1550 5701 1604 5772 in
1646 5701 1925 5756 nonnullis
1952 5699 2160 5757 codici-

594 5769 718 5834 bus,
749 5771 1063 5841 conjunctio
1088 5771 1142 5824 in
1170 5770 1293 5826 aliis
1327 5771 1627 5826 nonnullis.

668 5841 779 5915 (63)
835 5839 1064 5907 Οίκείας
1112 5841 1320 5897 αὐτοῦ.
1382 5841 1563 5899 Codex
1616 5843 1906 5900 Medicaus
1952 5842 2157 5906 οἰκείας

2184 4870 2231 4924 D

2755 4862 2975 4930 Κόμητι
3000 4855 3312 4928 πριόατῶν.
3674 4940 3686 4944 Δ
3713 4936 3727 4944 .

2323 4960 2385 5013 Ol
2429 4956 2522 5012 τοῦ
2563 4956 2761 5030 χωρίου
2802 4953 2955 5008 τοῦδε
2985 4955 3049 5006 ὲκ
3084 4951 3355 5021 διαϐολῆς,
3385 4945 3555 5020 οἶμαι,
3585 4940 3745 5014 demi;

2253 5051 2472 5105 ἔπεισαν
2523 5052 2622 5122 τὴν
2670 5045 2958 5120 τιμιότητά
3015 5062 3106 5098 σου
3162 5042 3403 5114 φοράδων
3442 5030 3743 5108 τὲλιειινμιιῷίῧἮ

3313 5232 3345 5262 Ο

2259 5273 2471 5329 ἑαυτοῦ.

2331 5345 2441 5414 (64)
2476 5342 2871 5414 Ἐπινοήσεις.
2897 5336 3028 5414 Reg.
3047 5336 3350 5414 secundus.
3378 5335 3655 5405 ἐπιθήσεις.
3682 5413 3687 5414 7
3716 5396 3721 5401 _

2330 5407 2441 5485 (65)
2478 5414 2540 5465 '0
2562 5407 2796 5480 Κύριος.
2828 5407 3187 5465 Bestiiuimus
3211 5422 3278 5462 ex
3311 5422 3409 5461 sex
3441 5420 3565 5460 mss.
3591 5413 3692 5455 cum
3716 5407 3743 5441 ι

2257 5484 2427 5541 editis
2460 5485 2690 5541 deesset.
3680 5538 3687 5545 θ

2330 5540 2442 5626 (66)
2476 5552 2753 5622 Φορὰδων
2779 5553 3059 5626 (ἐλεσμρι.
3086 5546 3254 5626 Recte
3270 5546 3561 5626 scultetun}
3578 5540 3743 5626 ca§li§ff

2257 5608 2618 5683 Co‘mb'elisius
2675 5621 2820 5693 quod
2869 5608 3060 5693 rap'tint
3115 5618 3330 5687 vectigal
3380 5612 3668 5690 reddiderit.
3708 5608 3743 5693 ii

2258 5699 2401 5753 idem
2449 5690 2720 5748 immerito
2772 5699 2926 5762 putat
2977 5690 3368 5762 ob__equarurn
3412 5690 3741 5762 possessioinaj

2259 5709 2401 5753 idem
2449 5709 2720 5748 Immerito
2808 5709 2926 5746 mat
2977 5709 3050 5745 οι)
3100 5709 3362 5754 equarum
3412 5709 3723 5757 possess-mw

2259 5769 2523 5822 tributum
2571 5709 2805 5831 aliquod)
2831 5759 3100 5831 ejusmodi
3144 5758 3458 5831 hominibus
3502 5756 3723 5831 ἱηιροςιιιίε

2259 5838 2448 5894 fuisse.
2488 5824 2957 5908 Perspicuum'est
2989 5845 3156 5902 equas
3190 5831 3336 5900 ipsas
3374 5828 3461 5892 iis,
3496 5824 3739 5896 quib"s

3130 5946 3774 6492 HJ
