3810 6500
31 411 119 469 ιοδδ
794 385 1281 459 Episrom‘nuu
1317 399 1537 459 GLASS

1639 398 1728 454 IlI.
1770 394 1989 453 EPIST.
2030 391 2255 451 CCCVI.
3040 385 3178 442 1056

31 520 142 575 mimis
163 514 465 585 ἐπαγαγεῖν.
497 513 649 567 Ἐπεὶ
677 508 772 567 οὖν
795 515 888 568 καὶ
913 515 975 568 τὸ
1007 515 1287 586 γινόμενον
1312 515 1514 577 ἄδικον,

1632 511 1826 566 Lionem
1871 507 2167 564 indiceres.
2201 503 2339 559 Cum
2385 500 2550 572 igitur
2577 499 2633 555 id
2660 500 2807 570 quod
2832 496 3031 585 factum
3068 506 3178 563 est,

31 604 170 665 εαὶδιὰ
192 606 337 660 τοῦτο
369 605 706 677 ἀπαρέσκειν
742 606 952 676 ὀφεῖλον
978 610 1045 679 τῇ
1087 607 1359 679 τιμιότητί
1397 624 1513 672 σου,

31 704 79 756 nl
111 700 223 768 ἡμῖν
243 696 481 766 λυπηρὸν
525 695 614 750 διὰ
660 696 758 768 τὴν
807 697 944 770 πρὸς
982 699 1110 760 τοὺς
1154 697 1514 769 ἠδικημένους

31 797 105 863 ςμῖν
124 788 446 858 ὑπάρχουσαν
488 787 826 859 οίκειότητα’
882 788 1226 860 ὲσπεύσαμεν
1267 804 1517 860 παρακα-

32 882 227 951 έσαιτὴν
269 879 612 952 χρηστότητά
646 897 739 933 σου
787 879 861 952 μὴ
891 882 1046 936 ἐᾶσαι
1098 880 1363 953 προϐῆναι
1403 884 1516 946 τοῖς

31 974 161 1026 νεικεῖν
182 968 503 1041 ἐπιχειροῦσι
536 969 634 1040 τὴν
662 969 944 1041 ἐπήρειαν.

466 1191 812 1248 ΕΠΙΣΤΟΛΗ
864 1194 960 1247 ΤΔ¹

1620 600 1885 671 iniustum
1913 599 2009 662 sit,
2043 605 2098 653 et
2126 594 2334 651 idcirco
2365 589 2663 661 displicere
2698 578 2906 645 debens
2930 588 3178 659 dignitati

1620 700 1747 758 tuae,
1794 699 1851 748 et
1908 690 2043 746 mihi
2094 687 2383 744 molestum
2441 690 2665 753 propter
2719 680 3180 738 necessitudinem

1620 784 1910 840 mihicum
1951 783 2021 837 iis
2051 782 2145 852 qui
2168 779 2284 835 laesi
2324 782 2455 833 sunt
2497 773 2962 840 intercedentem;
2988 787 3179 844 rogare

1619 876 1874 933 festinavi
1909 873 2299 944 benignitatem
2331 876 2505 931 tuam,
2544 873 2607 921 ut
2635 880 2705 920 ne
2738 864 3051 920 hominibus
3078 878 3179 918 no-

1619 984 1745 1025 cere
1795 965 2108 1023 volentibus
2152 961 2410 1032 iniuriam
2462 973 2533 1014 ex
2570 954 2846 1013 sententia
2884 957 3179 1027 procedere

1619 1059 1873 1132 patiaris.
2224 1070 2229 1075 '
2694 1132 2699 1135 γ

2076 1181 2409 1242 EPISTOLA
2456 1178 2655 1238 CCCIV
2678 1181 2738 1235 θ’.

918 1306 1225 1359 Commendat
1240 1304 1450 1371 aliquem
1470 1302 1531 1355 de
1556 1314 1651 1369 quo
1671 1307 1809 1353 antea
1828 1298 1987 1366 fuerat
2008 1300 2206 1349 locutus.

150 1466 162 1479 ,
568 1416 626 1469 Ἀ
634 1416 904 1486 δουργίῳ.

58 1524 187 1591 Οὗτός
212 1527 351 1580 ἐστιν
396 1526 540 1598 ὑπὲρ
586 1522 647 1582 οὗ
697 1529 790 1581 καὶ
839 1529 1101 1601 πρότερον
1131 1527 1406 1600 διελέχθην
1433 1544 1517 1581 σοι

31 1622 70 1674 ιὰ
88 1620 160 1673 τοῦ
179 1619 432 1673 διακόνου.
480 1618 698 1690 Ἐπειδὴ
735 1616 827 1673 οὖν
854 1619 989 1690 ἔχων
1032 1617 1135 1692 ἦκε
1168 1620 1268 1689 τὴν
1296 1622 1515 1675 ἐπιστο-

32 1710 77 1780 ὴν
105 1709 211 1779 παρ’
238 1706 411 1779 ἡμῶν,
455 1706 683 1760 ἀπέλθοι
711 1707 847 1778 ἔχων
876 1707 911 1761 ἃ
938 1708 1178 1779 βούλεται
1217 1708 1368 1781 παρὰ
1398 1707 1513 1761 σοῦ.

463 1814 810 1871 ΕΠΙΣΤΟΛΗ
861 1818 905 1869 Τ
908 1815 982 1871 Ε’.

2274 1403 2526 1476 Aburgio.

1690 1519 1791 1575 Hic
1828 1527 1916 1576 est
1940 1519 2051 1586 ille,
2082 1518 2151 1574 de
2177 1533 2287 1588 quo
2321 1516 2455 1572 mihi
2491 1526 2667 1597 tecum
2697 1521 2862 1571 etiam
2898 1520 3056 1569 antea
3084 1528 3183 1585 per

1621 1613 1915 1668 diaconum
1948 1626 2127 1667 sermo
2156 1611 2279 1665 fuit.
2309 1609 2443 1665 Cum
2483 1609 2613 1679 ergb
2655 1622 2686 1662 a
2729 1622 2815 1662 me
2841 1607 2941 1662 tibi
2972 1607 3183 1662 litteras

1622 1703 1854 1771 deferat,
1888 1718 1920 1757 a
1945 1710 2000 1757 te
2037 1702 2124 1758 his
2156 1716 2278 1772 quae
2306 1700 2458 1771 cupit
2484 1698 2788 1769 impetratis
2809 1696 3055 1754 discedat

2090 1809 2429 1866 EPISTULA
2465 1807 2592 1863 000
2601 1808 2706 1864 ψ’.

824 1928 1135 1980 Commendat
1151 1926 1323 1978 amicis
1342 1924 1443 1978 suis
1463 1922 1701 1976 hominem
1725 1920 1836 1973 bene
1860 1920 1921 1972 de
1943 1919 2044 1971 illis
2063 1918 2306 1970 inuitum.

126 2040 556 2109 Ἀνεπίγραφος,
584 2037 682 2091 ἐπὶ
715 2036 1015 2107 ἐναρέτοις
1051 2036 1362 2106 ἀνδράσιν.

58 2215 163 2284 Ἤδη
190 2213 455 2285 γνώριμος
488 2214 620 2283 ὑμῖν
667 2215 813 2267 ἐστιν
859 2214 887 2265 ὁ
926 2214 1091 2276 δεῖνα,
1126 2213 1202 2277 ὡς
1239 2212 1377 2266 αὐτὰ
1420 2212 1515 2285 δη-

31 2310 64 2360 si
81 2306 133 2359 τὰ
156 2306 452 2377 διηγήματα
483 2304 583 2358 τοῦ
611 2306 801 2377 ἀνδρός
820 2345 834 2359 .
875 2306 997 2358 Ἐπὶ
1030 2306 1208 2376 πάσης
1237 2306 1345 2377 γὰρ
1374 2307 1516 2376 ὑμᾶς

31 2399 264 2469 poeniceo);
292 2397 401 2467 ἔχει
431 2399 466 2467 ἡ
497 2396 719 2466 γλῶσσα
744 2395 928 2463 αὑτοῦ,
976 2399 1032 2449 ὲν
1066 2396 1356 2469 ὁρθοδόξων
1385 2398 1518 2470 μνή-

31 2504 76 2562 μη,
100 2492 144 2542 ὲν
167 2488 406 2559 ἀσκητῶν
443 2488 737 2559 φιλοξενίᾳ,
780 2491 836 2540 ὲν
879 2488 1028 2561 πάσῃ
1071 2490 1237 2560 ἀρετῇ
1270 2486 1516 2559 πρώτους

32 2583 169 2651 μᾰςὸ
214 2582 345 2652 ἀνὴρ
392 2581 541 2649 ἄγει.
592 2580 710 2633 Κᾶν
763 2580 1093 2633 διδασκάλων
1143 2598 1227 2644 τις
1281 2579 1513 2652 μνησθῇ,

31 2672 75 2725 ix
114 2673 340 2742 ἀνέχεται
387 2671 674 2744 προθεῖναι
708 2672 859 2743 ὑμῶν
900 2673 1147 2745 ἑτέρους·
1190 2673 1282 2726 ἐὰν
1316 2674 1516 2741 ἀγωνι-

32 2764 100 2829 id;
120 2767 202 2837 τῆς
226 2766 527 2829 εὐσεϐείας,
559 2767 652 2819 καὶ
699 2767 913 2830 ἱκανοὺς
950 2767 1010 2819 τὸ
1050 2766 1275 2821 πιθανὸν
1308 2766 1405 2838 τῆς
1431 2769 1515 2820 ai-

32 2854 157 2918 ἑσεως
200 2856 482 2925 διελέγξαι,
537 2856 637 2910 οὐκ
665 2855 731 2910 ἂν
776 2857 948 2909 ἕλοιτο
994 2857 1177 2929 ἕτερον
1221 2856 1326 2924 πρὸ
1365 2856 1516 2928 ὑμῶν

32 2945 261 3018 ριθμῆσαι,
282 2948 414 3020 πρὸς
446 2947 630 3001 πάντα
658 2948 790 3019 (67)|
808 2950 1017 3020 ἄμαχον
1043 2950 1169 3018 ὑμῖν
1202 2950 1297 3003 καὶ⁹
1323 2949 1515 3003 ἀναντ-

32 3037 239 3103 γὼνιστον
282 3040 379 3109 τὴν
431 3038 638 3110 ἀρετὴν
702 3037 1015 3112 μαρτυρῶν.
1079 3038 1205 3092 Καὶ
1240 3038 1299 3091 οὐ
1349 3038 1516 3104 πολὺς

32 3128 114 3199 ὑτῷ
150 3130 293 3194 πόνος
344 3132 555 3194 πεῖσαι,
608 3128 779 3183 ταῦτα
829 3129 1059 3198 λέγοντι.
1104 3132 1377 3201 Διηγεῖται
1407 3130 1516 3203 γὰρ

31 3222 145 3282 mi;
175 3220 386 3290 μείζονα
415 3220 796 3291 ἐπισταμένων
829 3219 1148 3292 ἀνθρώπων,
1176 3220 1209 3292 ἢ
1239 3213 1313 3274 ὧν
1341 3222 1405 3275 ἄν
1432 3238 1516 3284 τις

31 3310 223 3384 ομισθείη
249 3313 363 3383 μεθ’
390 3312 701 3385 ὑπερϐολῆς
725 3310 1109 3382 ἀπαγγέλλειν.
1146 3306 1313 3376 Οὗτος
1337 3312 1516 3365 τοίνυν

1540 2040 1589 2101 Β
1619 2029 1745 2085 Siue
1785 2031 2152 2098 inscriptione,
2205 2044 2379 2101 causa
2413 2027 2645 2081 virorum
2694 2025 3041 2097 quorumdam
3076 2027 3182 2082 vir—

2178 2108 2288 2151 tute
2330 2099 2620 2151 clarorum.

1688 2213 1805 2270 .Iam
1848 2223 2013 2269 notus
2062 2212 2218 2268 vobis
2262 2204 2356 2267 ille
2394 2218 2499 2277 est,
2554 2219 2613 2265 ut
2662 2210 2835 2281 ipsius
2887 2209 3182 2266 ostendunt

1616 2306 1982 2361 narrationes.
2035 2303 2171 2359 Nam
2221 2303 2291 2358 ad
2337 2318 2553 2358 omnem
2601 2317 2699 2357 vos
2740 2302 3084 2357 occasionem
3124 2301 3182 2355 in

1616 2414 1712 2455 ore
1743 2398 1905 2453 habet
1935 2417 1948 2452 :
1976 2398 2031 2451 in
2060 2397 2493 2451 ortliodoxorum
2524 2395 2925 2458 recordatione,
2950 2393 3006 2447 in
3029 2407 3185 2449 asce-

1617 2490 1689 2544 tis
1717 2490 1963 2559 hospitio
1994 2489 2332 2563 excipiendis
2363 2476 2435 2542 ac‘
2456 2488 2511 2542 in
2553 2487 2704 2542 omni
2745 2487 2948 2541 virtute
2976 2486 3183 2555 primas

1615 2583 1775 2639 vobis
1802 2582 1997 2637 defert.
2032 2581 2090 2635 Si
2124 2583 2249 2653 quis
2270 2582 2337 2636 de
2365 2580 2687 2635 doctoribus
2730 2583 3064 2634 mentionem
3092 2578 3180 2633 in-

1611 2676 1787 2745 jiciat,
1818 2692 1927 2730 non
1954 2676 2159 2745 patitur
2193 2674 2332 2728 alios
2364 2673 2517 2728 vobis
2547 2671 2805 2742 anteponi
2845 2690 2859 2726 :
2893 2673 2940 2726 si
2975 2672 3043 2726 de
3064 2672 3181 2743 pie-

1615 2770 1748 2824 tatis
1780 2767 2281 2839 propugnatoribus
2304 2775 2359 2820 et
2388 2766 2454 2820 ad
2488 2764 2851 2820 conlutandas
2892 2764 3182 2818 bmretico-

1616 2876 1739 2915 rum
1767 2860 2143 2914 cavillationes
2175 2858 2407 2921 idoneis,
2435 2858 2599 2911 alium
2628 2863 2754 2911 ante
2776 2871 2873 2911 vos
2894 2871 3184 2913 numerare

1616 2953 1774 3015 nolit,
1821 2951 2201 3006 testiinonium
2242 2951 2400 3006 vobis
2455 2950 2702 3005 tribuens
2733 2948 2975 3015 virtutis,
3017 2964 3182 3017 quam

1617 3060 1778 3100 nemo
1812 3045 2033 3099 vincere
2056 3052 2111 3099 et
2138 3057 2453 3115 expugnare
2482 3041 2673 3113 possit.
2699 3039 2809 3097 Nec
2832 3056 3063 3113 magnus
3080 3106 3083 3109 _
3101 3040 3183 3097 illi

1615 3136 1769 3191 labor
1800 3136 1913 3190 haec
1948 3135 2180 3191 dicendo
2210 3134 2562 3205 persuadere.
2599 3134 2869 3205 Loquitur
2893 3134 3040 3189 enim
3080 3148 3180 3188 au-

1615 3228 1775 3283 ribus
1820 3227 2129 3292 bominuin,
2174 3226 2268 3299 qui
2320 3235 2526 3281 norunt
2573 3226 2805 3296 majora,
2860 3240 3020 3297 quam
3065 3241 3186 3299 qua:

1616 3317 1740 3386 quis
1777 3332 2043 3372 enarrans
2071 3330 2400 3388 exaggerare
2423 3316 2691 3370 videatur.
2720 3317 2770 3371 Is
2802 3316 2966 3387 igitur
2989 3316 3058 3370 ad
3086 3332 3185 3372 vos

31 3402 187 3456 τανιὼν
216 3405 344 3474 πρὸς
372 3406 522 3477 ὑμᾶς
561 3404 864 3476 γράμματα
911 3404 1129 3476 ᾔτησεν,
1158 3405 1255 3475 οὐχ
1287 3404 1372 3458 ἵνα
1395 3406 1520 3457 ἑαυ-

1632 3407 1839 3463 rediens
1874 3407 2035 3478 petiit
2068 3386 2301 3472 litteras,
2332 3422 2442 3462 non
2482 3417 2541 3461 ut
2579 3423 2639 3463 se
2681 3422 2799 3462 mea
2823 3386 2985 3478 opera
3012 3408 3068 3462 in
3092 3424 3188 3462 ve-

31 3492 71 3545 δν
95 3495 201 3565 ὑμῖν
236 3496 492 3569 οἱκειώσῃ
518 3496 584 3550 δι’
612 3495 790 3567 ἡμῶν,
819 3495 933 3549 ἀλλ’
972 3495 1059 3549 ἴνα
1091 3496 1193 3567 ἐμὲ.
1232 3496 1519 3568 εὐεργετή-

31 3600 70 3657 ῃ,
112 3587 190 3641 τοῦ
230 3588 705 3661 προσφθέγξασθαι
749 3592 861 3654 τοῖς
907 3591 1206 3662 ἀγαπητοῖς
1256 3608 1355 3662 μου
1401 3591 1514 3664 (68)

32 3677 202 3749 φορμὴν
228 3680 640 3751 παρασχόμενος
657 3697 670 3712 ο
698 3681 757 3735 ὃν
784 3681 1071 3753 ἀμείψαιτο
1114 3684 1142 3736 ὁ
1188 3681 1393 3754 Κύριος
1421 3683 1521 3754 τῆς

32 3769 166 3840 rubi};
190 3768 575 3845 προαιρέσεως.
605 3774 715 3827 Καὶ
757 3775 915 3845 ὑμεῖς
954 3774 1011 3827 δὲ
1042 3774 1189 3847 αὑτῷ
1214 3776 1400 3847 εὐχαῖς
1428 3777 1522 3829 καὶ

31 3859 222 3933 ᾔάγαθῇ
260 3861 412 3934 ὑμῶν
462 3863 595 3935 περὶ
636 3865 846 3929 πάντας
890 3867 1203 3938 προαιρέσει
1240 3868 1340 3939 τὴν
1381 3867 1521 3921 κατά

31 3944 180 4019 ύναμιν
222 3954 377 4025 χάριν
421 3954 737 4026 διανείματε
766 3954 896 4028 (69).
924 3957 1225 4028 Σημαίνετε
1259 3959 1389 4029 ἡμῖν
1429 3960 1521 4012 καὶ

32 4038 165 4095 ica»
198 4045 529 4112 Ἐκκλησιῶν
561 4048 709 4112 ὅπως
737 4048 867 4119 ἔχει.

477 4201 819 4261 ΕΠιΣΤυΑΗ
855 4201 991 4271 Tq'.

1621 3509 1792 3557 stram
1828 3500 2252 3556 familiaritatem
2287 3501 2613 3564 insinuaret,
2648 3498 2743 3554 sed
2770 3511 2829 3553 ut
2862 3498 3186 3555 beneﬁcium

1618 3592 1673 3646 in
1706 3607 1791 3647 me
1849 3591 2148 3656 conferret,
2183 3591 2531 3647 occasionem
2580 3590 2833 3660 praebens
2865 3589 3187 3645 salutando-

1622 3698 1743 3738 rum
1784 3685 2083 3739 amicorum
2113 3702 2125 3737 :
2155 3683 2317 3758 cujusr
2356 3688 2739 3737 remuneretur
2780 3680 3046 3737 Dominus
3088 3680 3189 3736 bo—

1622 3790 1746 3831 nam
1783 3777 2137 3833 voluntatem.
2175 3774 2284 3831 Vos
2326 3780 2510 3830 autem
2563 3774 2613 3829 ei
2659 3773 2916 3843 precibus
2959 3783 3016 3827 et
3042 3771 3186 3828 bona

1620 3874 1803 3922 vestra
1843 3882 1973 3938 erga
2024 3882 2219 3922 omnes
2267 3856 2549 3922 voluntate
2583 3867 2786 3937 gratias
2838 3880 2936 3936 pro
2977 3866 3187 3922 viribus

1620 3960 1936 4030 persolvite.
1988 3958 2304 4030 Signiﬁcate
2345 3960 2508 4014 etiam
2553 3957 2719 4015 nobis
2764 3973 2874 4029 quo
2912 3957 3023 4015 sint
3066 3958 3189 4014 loco

1620 4067 1710 4108 res
1745 4051 2135 4109 Ecclesiarum.

1974 4206 2134 4280 441
2170 4205 2509 4262 EPISTULA
2547 4205 2834 4264 CCCVI'“.

31 4303 119 4371 loga!
148 4316 194 4362 ut
211 4311 388 4368 civibus
423 4312 774 4367 Alexandrinis
800 4313 1062 4380 prapinqui
1082 4330 1278 4391 corpus,
1317 4315 1547 4391 Sebustiw
1574 4317 1993 4391 ηιονιιιὶηῃιιίζίξερ
2024 4320 2251 4391 mandato
2287 4322 2643 4387 exportantium
2666 4322 2915 4388 concedat,
2940 4330 2986 4377 et
3003 4324 3189 4391 aliquid

1054 4377 1263 4430 subsidii
1284 4391 1347 4430 ea;
1366 4380 1555 4444 publica
1594 4393 1742 4433 cursu
1757 4377 1895 4443 rem
1909 4379 2096 4445 jubeat.

331 4482 599 4554 Ἡγεμόνι
633 4481 744 4554 (70)
773 4482 1151 4549 Σεϐαστείας.

57 4568 353 4645 Αίσθάνομαι
381 4575 485 4645 τῆς
513 4574 821 4646 τιμιότητός
850 4591 942 4627 σου
973 4572 1142 4644 ἡδέως
1179 4572 1277 4637 τὰς
1304 4574 1521 4628 ἐπιστο-

2038 4498 2045 4517 ¹
2102 4486 2404 4559 Principali
2434 4488 2709 4546 Sebastiw.

1697 4577 1944 4650 Intelligo
1991 4579 2313 4652 dignitatem
2343 4591 2493 4637 tuam
2531 4584 2763 4639 libenter
2796 4584 3008 4639 litteras
3041 4599 3190 4641 meas

32 4656 77 4757 ἆξ
116 4664 255 4735 ἡμῶν
298 4668 685 4741 προσιεμένης,
738 4668 831 4721 καὶ
877 4667 974 4739 τὴν
1029 4665 1204 4719 αἰτίαν
1240 4666 1520 4737 γνωρίζω.

1632 4669 1898 4740 accipere,
1952 4685 2052 4725 nec
2097 4686 2318 4727 causam
2367 4673 2577 4743 ignoro.
2620 4674 2827 4730 Amans
2868 4674 3013 4729 enim
3062 4674 3190 4730 boni

31 4750 250 4822 ἰλάγαθος
291 4760 399 4833 γὰρ
442 4759 540 4827 ὢν,
593 4760 688 4813 καὶ
733 4758 868 4830 πρὸς
923 4756 1164 4820 εὐποιίας
1214 4757 1519 4829 πρόχειρος,

32 4844 151 4916 πειδή
189 4866 302 4905 τινα
341 4852 601 4907 ἑκάστοτε
630 4850 762 4922 ὓλην
811 4848 1162 4922 παρεχόμεθά
1205 4866 1286 4902 σοι
1333 4850 1521 4921 ἱκανὴν

31 4980 265 5057 tocinatur
316 4987 576 5051 Basilius,
632 4986 929 5057 imperatas
982 4984 1178 5057 fuisse,
1233 4984 1401 5057 idque
1462 4984 1518 5040 in

31 5049 155 5105 “ulla:
187 5058 354 5130 magis
395 5049 573 5130 quam;
606 5057 665 5130 in
704 5049 893 5130 t'ributi
943 5057 1062 5130 loco
1078 5049 1393 5130 ;__siquidém
1424 5071 1520 5112 eos

32 5130 156 5176 ames
182 5127 255 5181 rei
280 5126 507 5199 privatae
548 5126 703 5184 falsis
740 5126 1216 5182 criminationibus
1259 5126 1519 5195 deceptus

31 5182 330 5254 lamnaverat.
374 5199 467 5254 Sic
497 5199 661 5254 etiam
692 5196 995 5254 Gregorius.
1028 5196 1160 5251 Naz.
1208 5196 1366 5254 epist.
1418 5197 1519 5252 184

259 5213 330 5254 at.
374 5213 467 5254 510
497 5213 661 5254 etiam
692 5213 995 5254 Gregorius.
1028 5213 1160 5251 uaz.
1208 5213 1366 5254 θυιει.

31 5211 330 5254 umnaverat.
374 5211 467 5254 Sic
497 5211 661 5254 etiam
692 5211 995 5269 Gregorius
1028 5211 1160 5251 ΜΖ.
1208 5211 1366 5265 θριει.
1418 5211 1519 5252 1M

31 5252 269 5339 Iemesiurn
298 5269 514 5326 ﬂectere
544 5277 795 5331 conatur,
827 5269 920 5339 qui
951 5266 1328 5339 Valentiniano
1352 5282 1520 5339 equo-

31 5339 105 5405 “!!!
139 5338 349 5395 multam
397 5342 468 5396 ob
512 5340 728 5405 aliquod
772 5336 1028 5394 delictum
1076 5338 1362 5393 inﬂixerat.
1400 5336 1520 5392 Nec

31 5408 170 5484 iiIi-uin
196 5418 274 5463 est
302 5410 364 5484 in,
388 5408 752 5484 Cappadocia,
793 5426 913 5484 quae
950 5409 1191 5484 pptimos
1214 5422 1385 5479 equos
1408 5408 1520 5464 ale-

31 5474 371 5551 ntﬁjumpdi
404 5474 603 5551 multas
634 5474 917 5551 impositas
942 5474 1130 5551 fuisse.

66 5538 160 5609 (6η
195 5549 342 5617 Πρὸς
377 5550 591 5605 πάντα.
644 5538 730 5604 1ιεί
772 5551 941 5616 Med.,
980 5549 1150 5605 Coisl.
1199 5559 1426 5621 uterque
1465 5555 1519 5607 et

31 5600 590 5692 ιεξηᾲεςιῖιίᾱυέῗείὶἧί
612 5600 1003 5692 agema;

69 5679 526 5765 (63)_'Ara:rntoi'q
728 5679 876 5765 Beg.
929 5679 1226 5765 secundus
1251 5698 1306 5746 et
1346 5690 1516 5765 Coisl.

31 5755 577 5837 εξεωιιιιεεάγαὲπηςτὸῖς
594 5778 705 5837 μοι.
740 5755 905 5818 Paulo
933 5755 1054 5837 post
1084 5762 1250 5820 Coisl.
1286 5763 1514 5832 primus,

31 5811 110 5875 ist.
121 5831 180 5893 ,ει
195 5811 422 5889 ciaiéiii.‘
432 5811 755 5903 ἷιλὲῗῷέῖἀιῖ

1630 4776 1752 4815 cum
1787 4762 1887 4826 sis,
1928 4771 1982 4817 et
2025 4762 2093 4817 ad
2120 4763 2539 4819 beneﬁcentiam
2567 4780 2896 4835 prapensus,
2930 4766 3190 4836 quoniam

1628 4848 1726 4905 tibi
1760 4851 1999 4921 aliquam
2039 4852 2271 4907 subinde
2297 4853 2582 4908 materiam
2619 4854 3033 4925 suppeditamus
3075 4854 3194 4910 ido-

1716 4985 1806 5062 εἶθ)
1841 4987 2332 5062 ΔιανείματεᾏΙ-ιιι-
2357 4987 2530 5062 Med.,
2556 4988 2727 5045 Coisl.
2775 4997 3026 5062 uterque,
3065 4989 3188 5047 Vat.

1624 5063 1679 5111 et
1704 5056 1838 5130 Reg.
1854 5056 2336 5130 _secundus._l‘3diti
2363 5058 2753 5130 διανείμαντες.

1697 5124 1809 5196 (70)
1853 5128 2138 5201 Ἠγεμύνι.
2168 5124 2303 5182 Vide
2339 5140 2499 5185 notas
2531 5124 2598 5184 ad
2628 5132 2794 5201 epist.
2837 5129 2926 5198 67,
2968 5130 3059 5185 ubi
3098 5145 3191 5187 ea-

1626 5196 1750 5272 dem
1778 5196 2052 5272 voce'non
2085 5199 2277 5272 ducem
2313 5207 2406 5272 aut
2443 5196 2752 5272 praeside—tn,
2789 5201 2883 5256 sed
2912 5196 3193 5272 principa-

1625 5267 1729 5322 lem
1762 5284 1856 5324 seu
1887 5268 2325 5340 primumcuriae
2365 5267 2639 5340 designari
2676 5267 3052 5327 observamus.
3083 5267 3190 5325 Ne-

1626 5353 1735 5413 que
1762 5340 1944 5413 obstat
1973 5339 2100 5413 buic
2127 5339 2566 5413 interpretationi
2606 5342 2861 5413 precatio;
2874 5340 3093 5413 Basilii,
3133 5353 3191 5398 ut

1627 5409 1761 5479 viris
1794 5410 1901 5464 illis
1937 5409 2140 5478 aliquid
2174 5408 2404 5464 subsidii
2438 5425 2504 5465 ex
2538 5408 2704 5466 cursu
2740 5411 2955 5479 publico
2994 5426 3190 5467 conce-

1624 5478 1804 5535 datur.
1835 5480 1971 5534 Nam
1991 5480 2276 5552 curialium
2298 5482 2587 5552 nonnullas
2617 5478 2788 5537 fuisse
2809 5489 2992 5552 partes
3022 5483 3075 5536 in
3107 5497 3180 5538 re-

1660 5552 1799 5607 endo
1839 5566 2004 5605 cursu
2040 5549 2261 5610 publico
2316 5550 2571 5608 observat
2608 5549 2971 5609 Gothofredus
3006 5553 3061 5609 iu
3101 5553 3169 5610 tit

1671 5565 1799 5607 endo
1839 5566 2004 5605 cursu
2040 5565 2261 5672 publico
2316 5565 2571 5608 onservat
2608 5565 2971 5609 uctnoueuus
3006 5567 3061 5609 tu
3101 5565 3155 5610 ιιι

1671 5637 1701 5677 e
1735 5637 1899 5677 cursu
1929 5621 2040 5690 pub
2065 5623 2166 5690 ico.
2187 5633 2308 5690 pag.
2340 5621 2462 5676 508.
3152 5652 3155 5653 ν

1696 5699 1715 5720 ⁹
1744 5691 1894 5746 Alias
1919 5688 2207 5745 CCCLVII.

1696 5770 1737 5792 “
1768 5762 1918 5816 Alias
1938 5757 2237 5816 CCXXXII.

1695 5842 1761 5909 “ﬁ
1779 5831 1928 5889 Alias
1960 5829 2317 5889 CCCCXXIV.
