3904 6478
910 76 923 113 ι

144 334 241 395 ιοθι
925 312 1413 371 EPISTOLARUM
1449 309 1737 368 CLASSlS
1768 310 1857 366 ιιι.
1900 308 2117 365 EPIST.
2159 307 2434 366 cccxnv.
3176 314 3325 374 1002‘

140 452 275 516 αὐτῶν
297 436 594 501 ἀπώσασθαι
625 439 724 510 τὴν
755 436 1036 509 ἐπήρειαν.
1068 435 1225 509 Οὕτω
1269 436 1377 508 γὰρ
1420 436 1635 507 ὠνομά-
1664 452 1682 503 λ

1749 434 1935 501 iuriam
1964 434 2431 504 propulsaremus.
2458 431 2550 489 Sic
2569 434 2717 491 enim
2740 449 2856 493 rem
2884 434 3291 507 appellabamus

143 555 266 620 ζομεν
287 538 340 592 τὸ
361 533 599 606 πρᾶγμα.
640 529 800 583 Ἀλλά
822 528 917 585 νῦν
935 531 1066 602 ὁρᾷς
1092 532 1250 584 ὁποῖα
1278 529 1349 583 τὰ
1373 528 1636 594 παρόντα.

1775 525 1851 582 ied
1904 526 2054 581 ’nunc
2110 525 2262 583 vides
2308 526 2491 597 qualia
2553 526 2664 583 sint
2712 531 3024 599 praesentia.
3076 528 3317 587 Praebuit

137 616 332 710 Πέρέσχε
350 625 447 697 γάρ
472 639 554 675 σοι
582 623 611 674 ὁ
638 621 771 685 Θεὸς
800 621 1053 694 ἀφορμὴν
1083 620 1178 675 τοῦ
1207 620 1305 693 τὴν
1328 620 1638 689 καλοκαγα-

1775 617 1887 671 nim
1918 618 2015 673 tibi
2048 616 2191 674 Deus
2234 618 2582 674 occasionem
2625 634 2840 675 morum
2885 620 3217 693 integritatis
3256 622 3315 679 in

139 733 228 786 θίαν
248 722 337 779 τῶν
365 717 569 789 τρόπων
603 716 683 780 είς
709 714 941 786 φανερὸν
975 714 1224 784 ἀγαγεῖν,
1254 714 1349 768 καὶ
1378 717 1540 769 παντὶ
1562 712 1641 784 τῷ

1769 724 1923 765 ucem
1969 710 2331 782 proferenda,
2374 711 2587 782 totique
2638 713 2945 782 posteritati
2989 723 3311 787 argumenta

135 818 288 892 ἑφεξῆς
346 809 436 882 βίφ
484 806 693 878 ἀγαθῆς
756 808 976 878 μνήμης
1030 807 1283 879 ἀφορμὰς
1339 810 1636 877 ἐναφεῖναι.

1772 816 1902 856 route
1946 802 2224 857 memoriae
2269 802 2635 873 relinquendi.
2685 802 2887 872 Quales
2923 808 3072 863 enim
3102 809 3314 865 descri-

144 890 308 968 ’ὁποῖαι
334 901 432 975 γὰρ
456 899 521 954 ἂν
544 893 681 954 ὦσιν
725 900 781 954 αἱ
831 900 1190 972 ἀποτιμήσεις
1223 894 1404 966 αὗται,
1459 901 1642 954 τοιαῦ-

1772 890 1957 946 itiones
2000 907 2264 948 censuum
2316 891 2449 962 ipsae
2493 892 2717 960 fuerint,
2764 895 2890 951 talis
2932 898 3095 952 etiam
3128 913 3314 954 earum

132 1024 197 1060 ται
245 998 325 1054 καὶ
370 994 422 1048 αἱ
460 992 545 1045 ἐπ’
576 977 765 1055 αὑταῖς
817 992 1027 1063 μνῆμαι
1054 991 1205 1061 παρά
1246 991 1354 1045 τῶν
1401 994 1640 1059 ἐπιγινο-

1774 985 2047 1039 ecordatio
2078 1000 2109 1038 a
2132 986 2368 1055 posteris
2399 986 2720 1041 conservari
2768 986 2930 1042 solet.
2963 986 3094 1044 Mihi
3134 1000 3316 1047 autem

135 1096 270 1168 μένων
293 1080 631 1145 διασώζεσθαι
660 1080 967 1150 πεφύκασιν
1001 1080 1132 1152 (8⁸7).
1165 1082 1316 1135 Ἐπεὶ
1330 1082 1385 1135 δὲ
1404 1082 1523 1134 οὐδὲ
1552 1082 1641 1134 εὑ-

1766 1075 1965 1132 ἶιιιιιιεε
2021 1093 2093 1133 ne
2157 1078 2400 1149 optando
2451 1077 2671 1149 quidem
2720 1078 2968 1148 potuisse
3028 1081 3308 1152 ingenium

129 1166 329 1260 χυμένας
370 1175 629 1235 Γαλάταις
690 1173 930 1245 ὑπῆρξεν
1002 1174 1069 1228 ἂν
1131 1172 1637 1246 φιλανθρωποτέρου

1771 1169 2038 1224 ιυιηειιίυε
2097 1170 2345 1225 nancisci
2376 1169 2717 1239 exploratum
2759 1176 2813 1224 et
2858 1185 3181 1240 persuasum
3209 1180 3313 1228 est.

129 1257 253 1350 ἦθους
288 1268 566 1337 ἐπιτυχεῖν,
603 1265 844 1337 ἀκριὸὦς
880 1265 990 1335 ἐγὼ
1035 1266 1358 1337 πέπεισμαι.
1403 1266 1552 1336 Ἔχω
1582 1265 1638 1318 δὲ

1778 1257 1857 1315 lec
1899 1257 2120 1316 Galatas
2162 1261 2339 1317 solum
2376 1259 2568 1316 beatos
2615 1261 2914 1331 praedicare
2968 1277 3194 1332 possum
3245 1264 3320 1321 ob

128 1370 172 1423 οὐ
190 1362 401 1422 Γαλάτας
445 1355 766 1428 μακαρίζειν
809 1356 907 1427 τῆς
953 1355 1054 1427 σῆς
1095 1356 1414 1420 ἐπιστασίας
1456 1356 1636 1426 μόνον,

1772 1366 1888 1405 nam
1921 1350 2473 1416 administrationem,
2507 1352 2601 1407 sed
2638 1361 2692 1407 et
2723 1352 3011 1423 meipsum.
3042 1353 3142 1409 Est
3170 1354 3314 1409 enim

127 1460 231 1515 ἀλλὰ
247 1455 328 1509 καὶ
348 1450 503 1514 αὐτὸς
537 1449 774 1519 ἐμαυτόν
793 1448 927 1520 (88).
964 1449 1119 1501 Ἔστι
1148 1447 1259 1519 γὰρ
1293 1447 1462 1518 κάμοὶ
1493 1444 1640 1512 οἶκος

1774 1444 1882 1498 nini
1918 1446 2082 1499 etiam
2104 1443 2300 1500 domus
2323 1445 2377 1499 in
2399 1444 2615 1499 Galatia
2642 1461 2658 1511 ;
2689 1460 2753 1499 ac
2783 1444 3069 1500 domorum
3099 1446 3316 1517 quiden

127 1555 170 1606 ἐν
190 1545 414 1614 Γαλατίᾳ,
454 1541 549 1595 καὶ
568 1542 732 1594 οἴκων
764 1558 827 1609 γε
869 1543 897 1594 ὁ
930 1539 1313 1611 λαμπρότατος
1367 1540 1463 1594 σὺν
1495 1538 1635 1611 Θεῷ,

1771 1535 1834 1591 lci
1885 1535 2031 1591 dono
2076 1536 2240 1608 longe
2296 1536 2762 1607 splendidissima,
2794 1538 2850 1592 in
2896 1553 3059 1609 quam
3089 1536 3313 1609 quidem

125 1645 184 1703 εἰς
202 1640 249 1691 ὃν
267 1638 310 1689 εί
330 1634 542 1703 τύχοιμι
565 1631 716 1703 παρά
748 1630 841 1683 σοῦ
889 1647 1033 1693 τινος
1060 1628 1313 1700 βοηθείας
1359 1628 1638 1701 (τεύξομαι

1786 1674 1788 1681 ι
1840 1628 1974 1689 mihi
2035 1629 2239 1699 aliquid
2306 1628 2547 1700 praesidii
2607 1630 2951 1685 concesseris
3012 1628 3328 1699 (concedes

124 1733 165 1785 δὲ
182 1730 267 1791 ἓως
290 1727 349 1780 ἂν
380 1723 586 1795 ἡφιλία
614 1724 711 1795 τὴν
735 1722 940 1777 οἰκείαν
993 1723 1145 1791 ἰσχὺν
1192 1721 1335 1794 ἔχῃ),
1394 1722 1637 1793 μεγάλην

1778 1728 1924 1775 utem
1972 1721 2216 1790 quan’diu
2268 1721 2511 1776 amicitia
2559 1735 2663 1776 suo
2701 1721 2873 1776 stabit
2922 1722 3180 1791 robore),
3229 1722 3316 1776 in-

122 1823 294 1891 είσομαι
318 1815 389 1888 τῷ
410 1814 529 1886 Θεῷ
559 1814 656 1887 τὴν
683 1814 862 1886 χάριν.
896 1814 959 1867 Ei
985 1810 1078 1867 οὖν
1096 1830 1182 1877 τις
1209 1813 1367 1881 λόγος
1393 1813 1543 1885 παρὰ
1570 1815 1637 1884 τῇ

1779 1820 1933 1866 entes
1982 1810 2095 1867 Deo
2132 1811 2338 1883 gratias
2384 1812 2674 1868 habiturus
2717 1827 2863 1868 sum.
2913 1810 2977 1866 Si
3006 1827 3114 1883 qua
3150 1812 3319 1883 igitur

125 1909 440 1983 οῇτιμιότητι
470 1906 571 1977 τῆς
612 1906 753 1977 ἐμῆς
799 1904 999 1974 φιλίας,
1035 1904 1470 1976 ὁμολογουμένην
1515 1904 1641 1958 τινὰ

1777 1906 1885 1958 atio
1951 1904 2098 1975 apud
2154 1912 2306 1959 tuam
2362 1903 2684 1974 dignitatem
2746 1905 3005 1960 amicitiae
3052 1918 3207 1969 meae,
3257 1912 3319 1959 ut

121 2001 336 2071 ὠφέλειαν
359 1992 734 2066 παρασχέσθαι
767 1994 846 2065 τῷ
883 1994 1017 2064 οἴκῳ
1063 1993 1158 2046 τοῦ
1190 1994 1640 2065 θαυμασιωτάτου

1776 2006 1925 2049 atum
1981 1995 2258 2066 quoddam
2309 1995 2633 2052 beneﬁcium
2686 1996 2902 2053 tribuas
2952 1996 3141 2052 domui
3195 2012 3316 2052 ma-

121 2097 330 2165 ἄρχοντος
353 2088 673 2142 Σουλπικίου
698 2087 832 2155 (89),
856 2086 1013 2159 ἡμῶν
1031 2086 1216 2140 ἕνεκεν
1237 2085 1638 2158 παρακλήθητιο

1776 2089 2011 2147 1istratus
2068 2089 2304 2146 maxime
2362 2090 2668 2146 admirandi
2727 2090 2980 2164 Sulpicii,
3044 2090 3132 2146 fac
3197 2105 3318 2145 mea

119 2187 227 2240 ὥστε
250 2182 453 2253 ὑφελεῖν
479 2198 535 2234 τι
568 2183 667 2252 τῆς
696 2180 792 2234 νῦν
831 2178 998 2251 οὔσης
1034 2179 1380 2250 ἀπογραφῆς,
1414 2179 1649 2249 μάλιστα

1776 2197 1919 2237 :ausa
1942 2184 2190 2238 exoreris
2228 2200 2243 2239 :
2280 2184 2415 2239 adeo
2444 2191 2500 2238 ut
2535 2183 2601 2240 de
2623 2200 2791 2242 censu
2822 2184 3075 2255 presenti
3110 2183 3318 2254 aliquid

122 2280 197 2349 μὲν
242 2274 539 2343 ἀξιόλογον,
598 2273 691 2327 καὶ
746 2274 845 2345 τῆς
897 2272 998 2343 σῆς
1051 2272 1406 2343 μεγαλονοίας
1460 2270 1644 2338 ἀξιον,

1774 2274 1959 2340 lemas,
2027 2273 2265 2330 maxime
2317 2273 2537 2346 quidem
2588 2276 2734 2346 quod
2797 2274 3154 2331 memorabile
3222 2275 3316 2340 sit,

116 2368 364 2442 προσθήσω
400 2367 479 2429 δὲ,
514 2367 599 2420 ὅτι
631 2365 845 2435 καὶτῆς
893 2365 1169 2437 ἡμετέρας
1220 2364 1512 2437 πρεσϐείας
1536 2361 1646 2432 (90)

1778 2374 1804 2419 :t
1863 2376 1954 2421 tua
2010 2368 2461 2438 magnanimitate
2510 2367 2757 2439 dignum,
2818 2367 3013 2423 addant
3056 2367 3218 2423 etiam
3263 2375 3320 2422 et

114 2462 199 2516 τῶν
223 2458 551 2529 ἀγαπώντων
586 2476 673 2512 σε·
707 2460 755 2512 εί
799 2458 854 2512 δὲ
887 2459 982 2529 μὴ,
1014 2457 1142 2511 ἀλλ’
1171 2458 1292 2511 ὅσον
1335 2457 1389 2510 οἴ
1432 2473 1491 2509 τε
1521 2473 1643 2509 και-

1774 2467 1935 2513 losIra
1972 2458 2067 2528 qui
2115 2469 2166 2515 te
2232 2459 2514 2532 diligimus
2564 2460 2899 2531 precatione.
2952 2459 3049 2516 Sin
3098 2460 3316 2525 minus,

116 2554 297 2628 ροὶ(91)
328 2551 691 2624 συγχωροῦσι,
744 2551 838 2605 καὶ
876 2553 909 2622 ὴ
952 2550 1060 2604 τῶν
1094 2532 1432 2623 πραγμάτων
1467 2548 1646 2602 ἔπιδε-

1776 2552 1945 2607 .altem
2004 2558 2269 2622 quantum
2342 2562 2589 2623 tempora
2640 2552 2973 2621 concedunt,
3029 2561 3084 2608 et
3134 2560 3318 2608 rerum

113 2665 232 2717 χεται
260 2645 444 2714 φύσις
478 2645 697 2708 πάντως
744 2643 801 2697 δὲ
830 2644 1064 2713 ὑφελεῖν,
1110 2646 1206 2697 καὶ
1248 2642 1321 2714 μὴ
1354 2644 1508 2695 ἐᾶσαι
1553 2641 1646 2694 ἐπὶ

1773 2650 1946 2695 natura
1998 2643 2205 2713 patitur
2256 2662 2269 2697 :
2321 2644 2548 2699 omnino
2595 2652 2775 2700 autem
2830 2642 3037 2715 aliquid
3092 2642 3315 2707 demas,

110 2739 187 2808 τῆς
210 2737 559 2807 ταυτότητος’
601 2734 739 2788 ὥστε
762 2737 911 2807 ἡμᾶς
935 2736 1046 2807 (92)
1084 2735 1291 2806 μυρίων
1331 2727 1405 2787 ὧν
1451 2733 1645 2804 ἔχομεν

1779 2749 1854 2788 nec
1889 2734 1944 2787 in
1984 2734 2173 2790 eodem
2214 2743 2358 2789 statu
2403 2736 2684 2807 relinquas
2717 2752 2732 2788 :
2768 2743 2828 2791 ut
2876 2751 2977 2808 pro
3006 2736 3321 2791 innumera-

111 2828 231 2898 παρὰ
258 2828 345 2882 τοῦ
383 2826 596 2897 ἀγαθοῦ
648 2828 905 2899 ἄρχοντος
949 2827 1274 2900 εὐεργεσιῶν
1324 2826 1452 2897 μίαν
1494 2824 1651 2897 χάριν

1779 2827 1958 2882 tilibus
2000 2827 2304 2892 beneﬁciis,
2345 2843 2465 2898 qua:
2508 2830 2576 2884 ab
2617 2828 2835 2899 egregio
2873 2828 2967 2883 illo
2996 2827 3321 2899 magistratu

109 2918 278 2992 ταύτην
303 2918 389 2975 διὰ
419 2918 524 2991 τῆς
553 2921 650 2991 σῆς
678 2918 1004 2990 σεμνότητος
1032 2917 1366 2972 ἀντεκτίσαι.

1774 2919 2105 2989 iccepimus,
2162 2918 2305 2973 hanc
2354 2934 2521 2974 unam
2571 2920 2805 2991 gratiam
2867 2925 2977 2975 tua;
3029 2916 3316 2992 gravitatis

1750 3022 1915 3077 opera
1946 3009 2268 3065 referamus.

604 3115 951 3174 ΕΠΙΣΤΟΛΗ
981 3118 1121 3169 TIA'.

2200 3116 2537 3173 EPISTOLA
2563 3117 2813 3175 CCCXIV
2841 3122 2881 3176 ‘.

589 3234 737 3297 Rogat
758 3238 810 3283 ut
832 3244 921 3283 sua
943 3244 1092 3281 causa
1113 3242 1329 3281 amarem
1351 3242 1467 3292 erga
1487 3230 1708 3294 fratrem,
1730 3228 1814 3297 qui
1836 3230 1960 3283 hanc
1981 3229 2235 3296 epistolam
2260 3230 2459 3294 ferebat,
2482 3228 2782 3295 multiplicet.

434 3341 865 3411 ’Arcximasaoc
884 3379 899 3404 ,
935 3338 1034 3391 ἐπὶ
1074 3338 1298 3421 οἰκέτῃ..
1676 3344 1719 3403 C.

1676 3344 1719 3403 α
2067 3337 2189 3393 Sine
2227 3338 2605 3407 inscriptione,
2646 3356 2742 3409 pro
2783 3339 3011 3409 famulo.

157 3458 253 3511 Καὶ
277 3456 392 3521 πῶς
425 3455 659 3528 ἔμελλον
698 3452 809 3523 ἐγὼ
848 3451 1192 3524 γραμμάτων
1221 3452 1426 3506 οἰκείαν
1477 3453 1648 3525 ἀφορ-

1820 3449 1886 3504 Et
1937 3451 2212 3521 quomodo
2256 3466 2355 3522 ego
2410 3450 2769 3507 domesticam
2825 3454 3100 3510 scribendi
3156 3471 3319 3514 occa-

106 3551 189 3623 μὴν
208 3548 572 3621 παρόψεσθαι,
603 3548 698 3602 καὶ
727 3546 802 3618 μὴ
826 3547 1114 3619 προσερεῖν
1149 3545 1260 3616 (95)
1289 3544 1389 3615 τὴν
1432 3544 1529 3616 σὴν
1572 3562 1648 3598 τι-

1783 3542 1962 3598 ionem
2018 3543 2371 3613 negligerem,
2412 3558 2515 3598 nec
2561 3550 2711 3598 tuam
2759 3545 3054 3602 salutarem
3087 3549 3325 3621 dignita-

107 3644 323 3716 μιὸτητα,
350 3642 512 3696 τοῦδε
544 3640 681 3713 πρὸς
707 3641 851 3710 ὑμᾶς
880 3638 1278 3709 ἀφικνουμένου
1305 3654 1319 3703 ;
1353 3639 1448 3702 Ὃς
1486 3636 1649 3709 ἑξήρ-

1785 3654 1881 3707 em,
1916 3638 2021 3693 hoc
2074 3638 2142 3693 ad
2172 3653 2270 3693 vos
2307 3638 2736 3708 prolicisccnte?
2766 3638 2869 3707 Qui
2907 3642 3126 3712 quidem
3148 3652 3199 3701 et
3229 3660 3327 3716 per

102 3752 169 3787 κει
192 3735 284 3806 μὲν
300 3734 394 3787 καὶ
410 3733 508 3802 ἀφ’
534 3730 730 3785 ἑαυτοῦ
754 3733 927 3785 εἰπεῖν
949 3730 1019 3783 τά
1032 3730 1297 3801 ἡμέτερα,
1322 3730 1415 3783 καὶ
1435 3729 1535 3801 τὴν
1554 3730 1644 3801 τῆς

1783 3746 1813 3785 e
1870 3737 2060 3801 posset
2120 3737 2312 3786 nostra
2371 3744 2637 3799 narrare,
2692 3732 3112 3806 litterarumque
3150 3737 3325 3792 vicem

104 3825 355 3897 ἐπιστολῆς
377 3822 784 3895 ἀποπληρῶσαι
811 3822 920 3893 (94)
941 3821 1129 3893 χρείαν
1151 3836 1166 3850 '
1192 3820 1461 3891 ἠϐουλήθη
1488 3820 1545 3874 δὲ
1560 3820 1646 3873 καὶ

1781 3821 1981 3891 ιιριοινο
2052 3837 2066 3875 :
2129 3820 2304 3876 voluit
2349 3827 2531 3876 tamen
2583 3821 2797 3880 litteras
2839 3826 2998 3879 ctiam
3061 3827 3323 3895 perferre.

100 3919 415 3989 γραμμάτων
459 3915 713 3979 διάκονος
759 3914 1031 3983 γενέσθαι,
1061 3914 1148 3967 διά
1182 3913 1243 3966 τὸ
1277 3912 1480 3985 σφόδρα
1507 3914 1642 3983 ἡμᾶς

1786 3927 1819 3966 o
1856 3911 2002 3981 quod
2053 3925 2141 3967 me
2188 3911 2542 3967 vehementer
2578 3910 2790 3983 diligat,
2842 3929 2906 3969 ac
2936 3915 3074 3972 mihi
3113 3933 3179 3973 ex
3211 3927 3326 3974 toto

102 4012 309 4083 ἀγαπᾷν,
340 4012 439 4065 καὶ
486 4010 553 4078 eg
589 4010 715 4081 ὅλης
745 4008 921 4080 ψυχῆς
953 4007 1309 4080 προσκεῖσθαι
1337 4009 1487 4078 ἡμῖν.
1512 4008 1644 4059 Παν-

1792 4004 1939 4058 nimo
1973 4002 2165 4060 allixus
2200 4003 2291 4059 sit.
2340 4003 2502 4075 Cupit
2535 4004 2760 4059 omnino
2802 4014 2858 4061 et
2912 4017 3066 4062 tuum
3095 4024 3327 4080 respon-

99 4106 138 4156 τὶ
150 4105 246 4176 (95)
268 4104 461 4177 τρόπῳ
485 4105 590 4157 καὶ
616 4104 684 4157 τὰ
708 4102 950 4173 ὑμέτερα
972 4102 1193 4172 ῥήματα
1242 4097 1641 4171 ἐπικομίζεσθαι

1789 4110 1879 4149 um
1917 4094 2155 4160 referre,
2205 4101 2260 4151 et
2299 4094 2398 4149 tibi
2442 4110 2596 4149 suam
2634 4111 2857 4167 operam
2900 4108 3182 4168 praestare.
3218 4102 3330 4156 lta-

102 4195 338 4264 βούλεται,
366 4199 467 4251 καὶ
494 4196 630 4267 ὑμῖν
650 4192 1028 4249 διακονεῖσθαι.
1064 4191 1370 4262 Ἐδώκαμεν
1392 4186 1484 4245 οὖν
1507 4190 1644 4262 αὑτᾷ

1787 4203 1864 4257 (με
1915 4188 1965 4243 ei
2013 4187 2139 4244 dedi
2189 4187 2515 4258 epistolam,
2564 4204 2671 4257 qua
2724 4189 2824 4243 tibi
2879 4190 3117 4261 primum
3191 4193 3329 4249 bona

97 4281 177 4354 τὴν
221 4284 542 4356 ἐπιστολὴν,
594 4282 660 4336 δι’
704 4277 771 4355 ἧς
806 4281 1021 4355 πρῶτον
1079 4282 1178 4353 μὲν
1229 4283 1356 4352 ὑμῖν
1388 4281 1639 4352 εὐχόμεθα

1789 4281 1941 4335 unnia
1997 4295 2212 4351 precor,
2274 4288 2393 4335 tum
2449 4296 2572 4351 qua:
2630 4280 2745 4337 haec
2809 4282 2920 4337 vita
2975 4284 3162 4350 habet,
3214 4294 3331 4343 tum

98 4374 248 4428 πάντα
272 4375 342 4430 τά
369 4375 589 4446 ἀγαθὰ,
625 4374 718 4428 ἆτε
745 4376 773 4427 ὁ
798 4373 909 4445 βίος
939 4368 1094 4438 οὗτος
1126 4372 1260 4444 ἔχει,
1306 4373 1400 4427 καὶ
1441 4373 1541 4426 ὅσα
1567 4372 1640 4425 τὸς

1785 4386 1882 4442 [uae
1935 4372 2264 4442 promissam
2310 4372 2705 4429 beatitudinem
2751 4376 2993 4446 reposita
3040 4388 3262 4434 servant
3313 4398 3327 4433 :

98 4468 145 4519 ἐν
182 4472 295 4534 ταῖς
349 4468 469 4541 (96)
510 4466 871 4537 ἐπαγγελίαις
918 4464 1266 4538 μακαρισμὸν
1315 4463 1640 4535 ἀποκείμενα

1791 4462 1956 4518 leinde
1988 4463 2153 4519 etiam
2194 4463 2364 4519 Deum
2401 4471 2652 4520 sanctum
2694 4482 2850 4539 rogo,
2891 4476 2950 4521 ut
2994 4484 3059 4523 eo
3103 4468 3180 4523 ita
3219 4469 3333 4527 dis-

97 4561 353 4627 φυλάσσεν
401 4563 610 4616 ἔπειτα
633 4561 727 4615 καὶ
760 4558 991 4631 δεόμεθα
1024 4557 1118 4611 τοῦ
1152 4556 1314 4626 ἀγίου⁶
1346 4556 1480 4609 Θεοῦ
1513 4558 1639 4610 οἰκοι

1818 4561 2053 4611 ιηεαιιιθ.
2083 4556 2281 4611 iterum
2347 4557 2632 4613 vobiscum
2709 4560 3148 4630 congrediamur,
3205 4562 3333 4619 dum

99 4648 371 4722 νομηθῆναι
398 4649 671 4721 δεύτερον
699 4649 832 4720 ἡμῖν
870 4647 968 4720 τὴν
1004 4646 1295 4718 συντυχίαν
1340 4645 1511 4717 ὑμῶν,
1556 4645 1641 4705 ἕως

1791 4662 1827 4701 ιι
1872 4654 2021 4702 terra
2075 4662 2384 4705 versamur.
2441 4649 2746 4717 Caeterum,
2791 4652 2924 4722 quin
2968 4667 3097 4721 erga
3140 4670 3333 4712 memo-

154 4803 255 4879 (8_'l)
297 4805 657 4879 (emoriri...
697 4805 1055 4879 πεφύκασιν,
1091 4802 1211 4879 _Sic
1243 4809 1366 4879 _tres
1407 4804 1665 4879 vetustis-
1695 4814 1696 4864 j

1570 4804 1665 4860 tis-
1695 4810 1740 4866 1)
1766 4805 1954 4879 ctrina:
1985 4804 2210 4879 Patrum
2244 4809 2450 4879 uerique
2474 4825 2656 4863 eorum
2684 4825 2866 4879 sensus
2897 4810 3112 4865 arbiter.

94 4876 200 4953 simi
217 4873 465 4953 codices=
490 4874 643 4953 Editi
669 4874 999 4953 nomian
1029 4876 1063 4945 ἠ
1080 4875 1175 4953 ἐπ’
1197 4873 1634 4953 αὐτοῖςμνήμη..

1584 4895 1660 4944 ι...
1836 4876 1950 4953 till)
1988 4878 2211 4953 Ιςαιροὶ.
2253 4873 2723 4953 ξὶοςηονςιηλφεε.
2754 4878 2895 4953 Editi
2927 4881 3126 4953 χρόνοι,

95 4945 596 5021 πέρυκεηέίαὺοηι
630 4944 792 5021 etiam
827 4944 912 4998 ἐπ’
942 4944 1131 5008 αὐταῖς
1177 4959 1285 5021 εει.
1310 4944 1402 5021 alii
1425 4944 1637 5021 codices

1838 4944 1948 5021 (92)
2014 4944 2191 5002 "om
2247 4947 2426 5019 ἡμᾶς.
2480 4948 2649 5005 Coisl.
2708 4944 3023 5021 primusmet
3080 4951 3216 5007 Med.
3264 4952 3340 5014 ὠς

154 5013 254 5090 (88)
321 5015 654 5090 Ἑμαυτόν.
700 5013 792 5070 Sic
843 5023 954 5070 tres
1009 5014 1366 5070 vetustissimi
1424 5014 1660 5071 codices.

370 5015 654 5090 ytavtdr.
700 5013 792 5070 Sic
843 5023 954 5070 tres
1009 5014 1366 5070 vetustissimi
1424 5014 1660 5071 codices.
1768 5013 1912 5090 ἡμᾷς

93 5083 465 5167 milliaria
598 5156 609 5167 .
748 5155 784 5167 ,Α
880 5153 1004 5167 ...
1130 5154 1142 5167 .
1523 5153 1635 5167 .....

1794 5083 1975 5167 "(93).
2016 5086 2115 5167 Μὴ
2136 5088 2511 5167 ἔρυσερεῖνκ
2541 5087 2770 5162 Negatio
2821 5088 3005 5146 addita
3049 5106 3117 5147 ex
3168 5091 3336 5148 Coisl.

153 5158 253 5226 (89)
291 5156 707 5213 Σουλπικίου.
748 5155 825 5211 lta
878 5153 1025 5210 Harl.
1061 5154 1235 5226 prima
1295 5168 1481 5210 manu.
1523 5153 1662 5210 Editi

1061 5154 1235 5226 prima
1295 5168 1481 5210 manu.
1523 5153 1662 5210 Editi
1772 5153 2014 5213 secundo
2046 5153 2111 5213 et
2136 5153 2269 5227 Reg.
2308 5153 2569 5215 secundo.

96 5227 393 5300 Οὐλπικίου.
678 5295 699 5300 _
946 5298 955 5300 _
1178 5298 1189 5300 _
1285 5296 1296 5300 _
1405 5296 1418 5300 Α

1804 5296 1820 5300 _
1844 5227 1956 5300 (94)
1984 5229 2493 5300 ρἈποπληρῶσαι.
2546 5229 2715 5289 Iidem
2776 5228 2887 5288 duo
2956 5231 3174 5289 codices
3216 5248 3342 5290 cum

152 5299 255 5369 (90)
285 5299 655 5367 Πρεσϐείας.
678 5295 960 5369 Immorari
984 5314 1093 5354 non
1113 5298 1264 5369 soleo
1283 5296 1338 5352 in
1355 5296 1664 5369 observan-

705 5298 960 5369 mmorari
984 5314 1093 5354 non
1113 5298 1264 5369 soleo
1283 5296 1338 5352 in
1355 5296 1664 5369 ‘ohservan-
1771 5295 1911 5354 Med.
1936 5295 2244 5369 πληρῶσαι.

93 5366 168 5423 dis
196 5366 579 5445 interpretum
609 5369 839 5445 erratis;
868 5368 965 5445 se_d
1010 5377 1189 5445 tamen
1222 5368 1327 5423 hoc
1354 5367 1474 5445 loco
1497 5383 1635 5445 appo

1842 5369 1955 5445 (95)
2004 5366 2197 5445 ᾟμῖν.
2225 5370 2411 5425 Παντὶ
2450 5373 2667 5440 τρόπῳ.
2703 5372 2943 5445 Uterque
2996 5370 3165 5428 Cois].
3209 5374 3337 5444 ἡμῖν

92 5454 202 5513 nam
248 5439 504 5512 speciem
543 5440 872 5513 eruditionis
908 5440 1164 5513 Sculteti,
1189 5447 1274 5513 _ut
1322 5439 1634 5513 quisquevi

612 5440 872 5513 uditionis
908 5440 1164 5513 Sculteti,
1189 5447 1274 5513 _ut
1322 5439 1665 5513 quisquevi-
1768 5441 1931 5513 παντί
1949 5441 2151 5513 τρόπῳ.

92 5509 205 5594 deat
255 5508 543 5582 quantum
567 5511 926 5594 huicnhomini
954 5508 1301 5594 tribuendum
1323 5509 1413 5564 sit.
1451 5508 1542 5594 Sic
1565 5510 1634 5581 igi

1799 5581 1810 5594 _
1844 5510 1956 5594 (99)
1986 5508 2155 5564 ’Ὅσα
2175 5510 2402 5594 ’τὸν-ἐν
2437 5512 2602 5594 ταῖς..
2630 5520 2739 5571 etc.
2765 5513 2913 5594 _Beg.
2971 5512 3245 5594 secundus
3286 5514 3341 5594 fit

93 5531 201 5564 (18111.
255 5531 543 5582 quantum
568 5531 696 5567 DlllC
717 5531 920 5566 nonum
955 5531 1301 5565 ιηυιιθηυυω
1323 5531 1413 5564 διι.
1452 5531 1542 5564 δια
1566 5531 1635 5581 lg]

93 5587 172 5633 tur
194 5582 648 5655 interpretatur:
681 5581 833 5655 Quod
865 5580 954 5655 ille
977 5582 1045 5655 sit
1070 5595 1147 5655 ear
1175 5579 1358 5655 ordine
1401 5579 1635 5655 presbyte

1844 5531 1956 5594 (δυ)
2027 5531 2155 5564 υσα
2194 5531 2301 5565 τον
2330 5531 2402 5566 εν
2437 5531 2587 5580 ταις,
2630 5531 2739 5571 etc.
2781 5531 2913 5638 Heg.
2971 5531 3245 5569 secundus
3288 5531 3340 5567 et

1798 5581 1942 5636 lorsl.
1984 5580 2260 5655 secundus
2303 5584 2401 5655 ὅσα
2432 5584 2539 5637 τῶν
2585 5586 2642 5655 ὲν
2693 5589 2815 5649 ταῖς
2896 5583 3217 5654 παγγελίαις
3250 5584 3340 5637 τὸν

92 5667 256 5724 rerum
296 5649 645 5709 nostrorum.
681 5651 835 5708 Unde
862 5650 1268 5724 Comheilsius:
1308 5649 1526 5724 _Va‘putet
1559 5649 1632 5724 tir

1308 5649 1526 5724 _Vapulet
1559 5649 1665 5724 tiro
1774 5649 2118 5724 μακαρισμὸν
2134 5650 2506 5724 ἀποκείμενον
2537 5654 2819 5723 φυλάσσει.

90 5723 263 5791 quisic
286 5724 484 5779 deliret
520 5741 542 5779 :
574 5725 772 5795 eritque
811 5721 959 5778 nobis
996 5720 1150 5777 homo
1190 5721 1265 5776 sic
1300 5721 1537 5799 inﬁcetus
1568 5722 1664 5777 do-
1775 5719 1787 5724 ’
1842 5725 1859 5746 ’
1886 5719 2037 5777 Alias
2080 5719 2354 5778 CCXXXI.
