3904 6480
137 330 238 391 1065

897 309 1376 370 msrounuu
1413 283 1695 372 CLASSIS
1736 317 1826 370 ιιι.
1867 317 2080 374 EPIST.
2122 318 2368 376 cccxx.

3151 325 3288 382 l066

134 443 237 516 μεθα
272 431 582 506 γράμμασιν,
619 429 716 500 οὐχ
751 430 947 499 ἥκιστα
980 430 1036 484 δὲ
1078 432 1177 502 τὴν
1217 432 1494 504 παροῦσαν
1533 433 1620 486 διὰ

1732 432 1908 497 vices;
1961 433 2065 489 ista
2091 433 2364 505 inprimis,
2387 444 2612 506 propter
2633 438 2780 494 hunc
2801 438 3100 500 hominem.
3126 453 3285 507 quem

132 532 260 590 τόνδε,
297 526 346 578 δν
388 520 474 573 καὶ
521 520 1068 590 παρακατατιθέμεθά
1101 537 1203 580 σοι,
1239 523 1335 576 καὶ
1365 522 1623 592 ἀξιοῦμεν

1732 523 1826 577 tibi
1861 527 2186 582 commendo
2216 542 2280 581 ac
2309 542 2468 597 rogo,
2513 540 2572 583 ut
2602 547 2661 586 se
2694 547 2842 588 meas
2875 533 2941 588 ad
2987 541 3038 587 te
3071 533 3288 586 litteras

129 623 271 678 λαϐεῖν
298 628 401 668 τινα
421 611 578 664 αὐτὸν
608 611 706 681 τῆς
730 609 837 664 τῶν
862 612 1202 682 γραμμάτων
1221 613 1378 684 ἡμῶν
1405 615 1480 684 (2)
1510 615 1625 667 δια-

129 713 271 772 κονίας
292 703 542 772 αἴσθησιν.

584 818 923 871 ΕΠιΣΤοΑΗ
949 820 1081 872 ΤΙΗ⁹

1731 629 1842 671 non
1875 616 2076 674 frustra
2111 619 2403 691 pertulisse
2437 622 2658 678 sentiat.

2047 824 2212 896 446
2247 825 2578 881 EPISTOLA
2607 827 2903 884 cccxvm
2930 835 2969 885 ο.

812 940 959 1004 Rogat
979 945 1031 990 ut
1053 938 1303 1004 epistolam
1323 940 1494 1003 ferenti
1511 947 1557 992 et
1585 955 1676 993 sua
1708 949 1754 994 et
1786 943 1958 1006 patria:
1978 941 2129 1006 prosit
2146 943 2512 995 commendatio.

199 1048 504 1110 Βασιλείου,
537 1047 957 1119 ἀνεπίγραφος,
987 1049 1137 1118 ὑπὲρ
1169 1049 1517 1118 πατριώτου.

176 1165 288 1227 Τοὺς
313 1162 370 1214 ἐκ
387 1158 482 1228 τῆς
515 1159 769 1229 πατρίδος
800 1162 831 1230 ἡ
840 1161 954 1230 μῶν
973 1162 1333 1233 ἀφικομένους
1369 1163 1626 1233 συνίστη·

1922 1051 2140 1116 Basilii,
2169 1067 2355 1105 carens
2387 1053 2566 1114 titulo,
2589 1067 2685 1120 pro
2721 1063 3086 1110 conterraneo.

1791 1159 1900 1215 Eos
1945 1159 2039 1231 qui
2072 1175 2104 1215 e
2145 1161 2320 1230 patria
2359 1168 2547 1217 nostra
2595 1163 2916 1229 adveniunt,
2963 1165 3140 1234 ipsum
3182 1166 3283 1220 tibi

123 1259 162 1310 σί
179 1272 242 1308 σοι
268 1249 386 1304 αὐτὸ
407 1249 502 1318 τῆς
536 1248 790 1318 πατρίδος
825 1249 1030 1303 δίκαιον
1050 1267 1063 1282 ·
1099 1253 1148 1304 εἰ
1187 1254 1280 1305 καὶ
1312 1253 1395 1305 ὅτι
1430 1255 1495 1323 τῇ
1529 1252 1624 1305 τοῦ

1732 1248 2071 1304 couituendat
2089 1251 2280 1319 patriae
2302 1249 2394 1318 jus
2422 1268 2436 1304 :
2467 1252 2683 1306 tametsi
2709 1267 2922 1307 morum
2952 1253 3287 1324 benignitate

123 1347 280 1420 τρόπου
317 1338 629 1412 χρηστότητι
677 1340 882 1404 πάντας
941 1342 1046 1395 ὑπὸ
1087 1342 1184 1414 τὴν
1234 1343 1426 1398 ἑαυτοῦ
1476 1345 1628 1412 ἄγεις

1732 1348 1952 1395 cunctos
1989 1339 2082 1410 qui
2112 1340 2606 1412 quomodocunque
2660 1350 2754 1399 tuo
2783 1345 2988 1398 auxilio
3018 1345 3284 1416 indigent.

122 1439 343 1512 πρόνοιαν,
370 1433 490 1494 τοὺς
522 1433 766 1486 ὁπωσοῦν
801 1433 1082 1505 δεομένους
1101 1437 1244 1498 τινὸς
1267 1437 1622 1508 ἀντιλήψεως.

122 1533 204 1586 Καὶ
227 1529 302 1582 τὸν
336 1525 698 1594 ἐγχειρίζοντα
743 1526 922 1579 τοίνυν
961 1526 1060 1596 τὴν
1097 1527 1384 1598 ἐπιστολὴν
1431 1532 1497 1600 τῇ
1529 1548 1622 1583 κο-

1727 1431 1830 1486 ευιι
1864 1440 2012 1484 tuam
2051 1430 2280 1486 adducis
2319 1432 2740 1501 providentiam.
2784 1434 2942 1491 Hunc
2980 1436 3166 1508 itaque
3190 1439 3286 1508 qui

1727 1517 2015 1588 epistolam
2051 1519 2294 1573 comitati
2325 1529 2431 1576 tuae
2459 1522 2765 1579 traditurus
2800 1532 2905 1590 est,
2935 1524 3105 1580 lilium
3141 1527 3288 1581 illius

120 1617 320 1692 σμιάιητί
346 1634 454 1678 σου,
478 1616 569 1669 τὸν
596 1617 710 1669 υἱὸν
736 1616 911 1678 τοῦδε,
937 1617 1107 1682 δέξαι,
1143 1619 1235 1671 καὶ
1266 1618 1342 1682 ὡς
1382 1620 1622 1690 πατριώ-

1732 1609 1970 1680 suscipe,
2001 1618 2056 1664 et
2088 1618 2346 1680 tanquam
2395 1615 2733 1684 popularem,
2769 1623 2825 1671 et
2864 1627 3123 1688 tanquam
3166 1621 3287 1688 opis

118 1734 208 1784 την,
233 1711 314 1765 καὶ
343 1708 416 1770 ὡς
439 1707 688 1778 δεόμενον
711 1708 1066 1779 ἀντιλήψεως,
1093 1711 1186 1762 καὶ
1211 1710 1284 1774 ὡς
1316 1713 1441 1781 παρ’
1465 1711 1622 1780 ἡμῶν

1732 1702 1993 1773 indigum,
2028 1701 2263 1772 denique
2291 1713 2548 1775 tanquam
2584 1722 2682 1777 per
2725 1724 2829 1765 nos
2866 1710 2962 1765 tibi
3008 1725 3286 1767 commen-

118 1797 446 1869 συνιστάμενόν
488 1813 572 1849 σοι
593 1814 604 1825 ·
653 1797 748 1850 καὶ
784 1799 849 1850 ὲκ
896 1797 1112 1851 πάντων
1141 1799 1346 1851 τούτων
1385 1799 1443 1851 ἓν
1481 1799 1628 1870 αὐτῷ

1732 1794 1913 1846 datum
1943 1809 1958 1858 ;
1991 1800 2158 1864 atque
2192 1792 2260 1849 iis
2291 1809 2356 1849 ex
2386 1796 2643 1853 omnibus
2687 1813 2855 1853 unum
2889 1800 3163 1868 quoddam
3205 1801 3284 1854 illi

116 1893 374 1964 ὁπαρξάτω,
413 1891 596 1960 τυχεῖν
631 1889 729 1958 τῆς
758 1889 1108 1960 ἐνδεχομένης
1150 1890 1301 1962 παρὰ
1349 1891 1442 1945 σοῦ
1494 1893 1614 1962 βοη-

113 1985 228 2046 Θείας
251 1984 321 2044 είς
349 1979 412 2033 τὰ
437 1979 790 2050 προκείμενα.
822 1979 990 2048 Δῆλον
1019 1981 1096 2043 δὲ,
1129 1981 1210 2034 ὅτι
1241 1983 1334 2035 ἐπὶ
1354 1985 1464 2045 τοῖς
1487 1984 1625 2050 ἀγα-

113 2077 198 2137 Θοίς
223 2073 383 2143 ἔργοις
407 2071 463 2124 αἱ
516 2070 914 2134 ἀνταποδόσεις,
945 2072 1008 2124 οὺ
1039 2075 1168 2142 παρ’
1212 2073 1366 2143 ἡμῶν
1395 2074 1501 2126 τῶν
1534 2092 1625 2143 μι-

111 2164 242 2234 κρῶν,
300 2162 427 2215 ἀλλὰ
481 2163 638 2233 παρὰ
687 2162 780 2214 τοῦ
844 2162 1072 2229 Κυοίου,
1125 2163 1217 2216 τοῦ
1263 2164 1362 2227 τὰς
1416 2165 1624 2233 ἀγαθὰς

110 2253 402 2326 προαιρέσεις
433 2251 822 2321 ἀμειὸομένου.

590 2443 931 2496 ΕΠιΣΤοΑιι
955 2410 1098 2495 Ἰίιοι.

1728 1882 2033 1952 contingat,
2065 1893 2126 1937 ut
2154 1884 2363 1940 scilicet
2393 1886 2656 1941 auxilium
2686 1903 2717 1942 a
2757 1898 2812 1945 te
2853 1899 3120 1960 quantum
3171 1890 3284 1947 fieri

1731 1971 1933 2040 poterit
1973 1983 2342 2042 consequatur
2364 1974 2420 2029 in
2448 1976 2680 2048 negotiis
2709 1978 2842 2034 suis.
2871 1978 3068 2050 Liquet
3106 1990 3284 2035 autem

1729 2063 1890 2118 bonis
1947 2065 2207 2134 operibus
2258 2077 2502 2137 paratam
2559 2085 2682 2125 esse
2744 2073 3284 2133 remunerationem,

1729 2170 1837 2209 non
1894 2171 1992 2226 per
2044 2171 2144 2210 nos
2189 2158 2410 2228 quidem
2458 2161 2688 2230 pusillos
2732 2160 3002 2225 homines,
3058 2161 3153 2218 sed
3194 2178 3284 2233 per

1730 2243 2041 2310 Dominum,
2085 2247 2178 2317 qui
2228 2250 2509 2318 praeclaris
2560 2251 2828 2307 institutis
2873 2253 3177 2308 mercedem
3210 2267 3278 2306 re

1729 2337 1936 2408 pendit.
2871 2394 2888 2413 ,

2157 2450 2491 2506 EPISTOLA
2535 2452 2784 2506 CCCXIX

847 2562 1151 2613 Commendat
1170 2561 1403 2627 hospitem
1427 2561 1555 2614 omni
1575 2563 1789 2617 subsidio
1811 2567 1862 2618 in
1886 2575 2016 2618 terra
2037 2577 2269 2621 extranea
2286 2578 2514 2635 egentem.

547 2671 769 2739 Ομοίως
791 2670 942 2739 ὑπὲρ
964 2670 1164 2736 ξένου.

150 2785 284 2840 Κατὰ
312 2783 476 2846 πόδας
527 2783 628 2854 τῆς
677 2782 1076 2855 ἀναχωρήσεώς
1123 2801 1217 2837 σου
1250 2786 1452 2857 ἐπέστη
1495 2787 1626 2858 ἡμῖν

99 2878 236 2937 buli);
268 2870 416 2939 οὗτος
445 2877 474 2928 ὁ
510 2876 612 2946 τὴν
643 2875 926 2947 ἐπιστολήν
967 2891 1050 2929 σοι
1081 2876 1285 2947 ταύτην
1323 2877 1625 2943 ἀποδιδοὺς,

96 2968 246 3038 χρείαν
279 2966 434 3036 ἔχων,
466 2964 546 3028 ὡς
576 2965 715 3036 ἀνὴρ
763 2966 822 3017 ἐν
866 2964 1134 3036 ἀλλοδαπῇ
1182 2966 1403 3035 διάγων,
1447 2969 1628 3039 πάσης

2183 2677 2441 2733 Similiter
2482 2695 2576 2748 pro
2613 2681 2833 2747 hospite.

1798 2787 1840 2843 Ε
1893 2794 2120 2861 vestigio
2171 2805 2426 2847 recessus
2479 2793 2558 2846 tui
2610 2796 2843 2849 accessit
2890 2794 2958 2849 ad
3004 2810 3090 2850 me
3139 2794 3284 2851 ﬁlius

1723 2878 1847 2943 iste,
1897 2880 1993 2950 qui
2037 2881 2182 2934 hanc
2225 2881 2511 2951 epistolam
2559 2881 2657 2936 tibi
2707 2884 2935 2954 porrigit
2985 2903 3000 2940 :
3054 2886 3104 2940 is
3134 2888 3287 2942 velut

1721 2971 1892 3025 'homo
1943 2970 1999 3024 in
2048 2978 2193 3026 terra
2239 2981 2496 3028 extranea
2531 2972 2760 3044 degens,
2809 2977 2957 3031 omni
2989 2986 3111 3048 eget
3159 2981 3286 3039 sub-

93 3060 170 3126 τῆς
198 3059 332 3128 παρὰ
361 3057 470 3109 τῶν
517 3056 858 3128 Χριστιανῶν
901 3056 1250 3129 ὀφειλομένης
1296 3063 1409 3122 τοῖς
1455 3053 1626 3125 ξένοις

1732 3062 1892 3124 sidio,
1935 3062 2080 3131 quod
2137 3063 2444 3132 hospitibus
2502 3065 2736 3121 debetur
2781 3081 2882 3137 per
2920 3067 3287 3126 Christianos.

92 3149 426 3219 παραμυθίας.
467 3149 544 3200 Τὸ
599 3147 696 3218 μὲν
740 3143 834 3201 οὖν
875 3149 1109 3219 πρᾶγμα
1156 3145 1309 3212 οὗτός
1349 3167 1431 3204 σοι
1473 3153 1605 3220 ὲναρ

91 3243 310 3312 γέστερον
332 3242 692 3312 διηγήσεται·
735 3240 832 3313 τὴν
861 3241 918 3293 δὲ
952 3241 1206 3312 βοήθειαν
1249 3241 1410 3306 αὐτὸς
1480 3259 1594 3313 παρ

30 3331 32 3336 ’
87 3333 218 3396 ἔξεις,
240 3335 334 3404 τήν
364 3350 448 3386 σοι
473 3333 621 3386 κατὰ
647 3332 1001 3403 δύναμιν,κα“ι
1025 3334 1326 3402 ἀναγκαίαν
1352 3335 1464 3395 τοῖς
1495 3350 1600 3403 προ

87 3425 339 3494 κειμένοις.
389 3425 521 3479 Ἐὰν
557 3425 654 3495 μὲν
686 3421 780 3479 οὖν
819 3428 966 3497 παρῇ
1000 3427 1028 3479 ὁ
1061 3423 1304 3496 ἡγεμὼν,
1337 3425 1497 3487 αὐτὸς
1539 3425 1625 3490 ξε-

85 3517 306 3585 ναγήσεις
341 3515 482 3588 πρὸς
511 3516 679 3568 αὐτὸν
710 3515 969 3586 δηλονότι.
1014 3516 1166 3568 Ἐπεὶ
1206 3516 1294 3568 διὰ
1332 3515 1442 3567 τῶν
1479 3515 1626 3568 πολι-

83 3609 349 3678 τευομένων
388 3607 655 3678 παρέξεις
689 3607 836 3678 αὐτῷ
863 3609 931 3661 τὰ
973 3607 1394 3678 σπουδαζόμενα.
1422 3608 1496 3660 Οὐ
1518 3608 1625 3679 γὰρ

84 3698 262 3768 μικρῶς
309 3717 401 3772 μοι
450 3701 612 3771 μέλει
667 3700 727 3752 τὸ
789 3699 966 3753 πάντα
1008 3699 1170 3752 αὑτὸν
1217 3700 1357 3753 κατὰ
1405 3698 1628 3769 γνώμην

81 3788 324 3858 πράξαντα
355 3793 702 3846 ἐπανελθεῖν.

582 3948 923 4002 ΕΠΙΣΤΟΛΗ
965 3948 1092 4001 ΤΚ’.

1720 3151 1793 3204 Et
1836 3153 2114 3222 negotium
2162 3155 2380 3224 quidem
2431 3155 2550 3226 ipse
2584 3156 2682 3211 tibi
2723 3157 2926 3214 clarius
2957 3162 3237 3216 enarrabit
3273 3183 3285 3216 :

1727 3251 1786 3298 tu
1838 3259 1968 3300 vero
2026 3247 2289 3300 auxilium
2356 3250 2621 3318 praibebis
2678 3266 2778 3320 pro
2836 3251 3070 3316 viribus,
3127 3265 3288 3327 atque

1726 3336 2100 3390 necessarium
2150 3339 2314 3393 rebus
2355 3343 2738 3408 praesentibus.
2779 3341 2837 3397 Si
2894 3345 3076 3416 itaque
3115 3349 3289 3404 aderit

1726 3438 1950 3494 praeses,
1994 3426 2111 3496 ipse
2162 3428 2414 3484 videlicet
2461 3432 2528 3485 ad
2587 3446 2712 3488 eum
2769 3432 2938 3492 duces
2992 3437 3286 3508 hospitem.

1725 3516 1970 3586 Alioqui,
2030 3531 2127 3586 per
2164 3532 2261 3574 eos
2314 3521 2409 3590 qui
2462 3523 2854 3592 rempublicam
2907 3536 3104 3596 gerunt
3156 3543 3289 3582 con-

1731 3607 1880 3663 ﬁcies
1915 3609 1966 3662 ei
2006 3623 2126 3678 qua:
2153 3611 2374 3680 expetit.
2410 3610 2528 3666 Non
2572 3615 2714 3667 enim
2764 3615 3110 3672 mediocriter
3157 3621 3286 3674 mihi

1731 3714 1876 3754 cura:
1906 3705 2024 3763 est,
2059 3707 2118 3754 ut
2154 3702 2392 3771 peractis
2419 3719 2486 3757 ex
2518 3705 2684 3757 animi
2727 3708 2998 3760 sententia
3033 3710 3288 3764 omnibus

1733 3799 2059 3846 revertatur.

2179 3945 2510 4003 EPISTOLA
2540 3948 2666 4006 CCC
2675 3949 2768 4003 XX
2793 3953 2877 4005 “'.

82 4057 266 4109 Testatur
283 4072 396 4109 eum
414 4057 506 4123 qui
526 4060 600 4109 ad
621 4057 807 4123 negotia
828 4060 1134 4122 procuranda
1153 4073 1329 4110 missus
1361 4061 1534 4172 fi‘terat,
1549 4057 1638 4172 εῗὶ
1662 4074 1714 4112 re
2096 4072 2190 4110 non
2228 4067 2384 4111 tamen
2425 4058 2637 4127 pigritiae
2665 4067 3004 4117 accusandum.
3031 4069 3170 4122 Scire
3187 4084 3288 4126 avet

1271 4135 1365 4174 auo
1408 4136 1493 4172 aco
1523 4137 1547 4172 ε
1636 4136 1713 4174 res
2070 4159 2082 4170 .

1271 4135 1365 4179 quo
1390 4135 1493 4172 loco
1523 4135 1617 4172 ειηι
1636 4136 1713 4174 1⁵88
1730 4135 2082 4174 εοοιεειασιιεαι.
2113 4183 2116 4186 ἢ

331 4233 789 4300 Ἁνεπίτραφος,
821 4233 919 4286 ἐπὶ
954 4236 1340 4302 προσηγορίᾳ.

122 4344 207 4397 Διὰ
243 4343 464 4415 μακροῦ
509 4345 650 4414 ἡμῖν
683 4342 889 4413 ὑπῆρξε
933 4345 1248 4413 προσειπεῖν
1294 4342 1393 4413 τὴν
1445 4342 1622 4413 τιμιό-

71 4435 180 4503 τητά
206 4451 318 4498 σου,
355 4434 438 4506 τῷ
463 4435 567 4488 τὸν
603 4433 1002 4504 άνακομίζοντα
1034 4433 1132 4496 τὰς
1163 4434 1484 4506 ἀποκρίσεις
1519 4450 1620 4487 πο-

67 4523 140 4574 λὺν
180 4525 365 4594 χρόνον
432 4522 782 4592 ὲνδιατρίψαι
835 4524 898 4595 τῇ
950 4521 1212 4594 ἡμετέρᾳ,
1264 4522 1358 4575 καὶ
1398 4522 1622 4593 ἀνδράσι

67 4615 140 4665 καὶ
209 4617 511 4686 πράγμασι
598 4613 1038 4685 δυσχερεστέροις
1122 4613 1198 4683 (5)
1282 4615 1616 4684 περιπεσεῖν.

73 4705 314 4760 Ἐνιαυτὺν
370 4707 491 4778 γὰρ
556 4706 680 4759 ὅλον
732 4703 1042 4775 ἀπεξενώθη
1107 4705 1206 4771 τῆς
1272 4703 1619 4773 ἐνεγκούσης.

72 4794 302 4860 Ἀπάταις
324 4797 653 4866 ἀνθρώπων
684 4796 778 4849 καὶ
795 4794 1095 4850 διαλύσεσιν
1128 4795 1410 4866 ὑπαχθεὶς,
1444 4797 1492 4847 εί
1524 4793 1622 4863 τῆς

59 4886 306 4958 παρούσης
343 4885 510 4957 αὑτῷ
545 4885 885 4956 κακουργίας
924 4884 1240 4955 κρατήσειε,
1284 4883 1380 4936 τοῦ
1419 4883 1621 4948 παντὸς

58 4977 402 5045 περιέσεσθαι,
439 4978 553 5048 ὀψὲ
593 4975 687 5030 τοῦ
720 4976 1014 5046 κεφαλαίου
1034 4976 1133 5046 τῆς
1157 4975 1355 5047 ζημίας
1387 4974 1621 5047 ἐπῄσθε-

54 5083 116 5126 το,
144 5069 198 5121 ἐν
227 5072 294 5140 τῇ
317 5069 474 5124 κατὰ
502 5068 707 5140 μικρὸν
731 5069 914 5139 ἀπάτῃ
943 5067 1042 5136 τῆς
1069 5068 1372 5138 αἰσθήσεως
1393 5067 1633 5121 κλεπτοο·

55 5157 213 5226 μένης.
256 5159 419 5213 Ἐπεὶ
448 5156 557 5211 οὖν
592 5157 856 5219 ἐπάνεισι,
878 5155 984 5209 τῶν
1025 5173 1086 5210 τε
1129 5156 1218 5209 τοῦ
1256 5156 1415 5228 ἀέρος
1454 5156 1618 5229 ὀχλη-

109 5335 174 5403 (Ξ)
212 5335 435 5405 ’Πρῶνα
470 5334 657 5389 Coisl.
705 5333 911 5406 primus
940 5334 1088 5404 ἡμῖν.
1122 5332 1289 5406 Paulo
1316 5345 1455 5406 ante
1487 5336 1615 5406 legit

48 5397 386 5485 .Coin'ltelisius
421 5407 580 5485 πεζὸς
604 5397 780 5485 ariis-av
812 5397 1097 5485 πρόφᾷσιν.
1123 5403 1240 5485 ξ(ξᾴ
1257 5405 1434 5461 minus
1451 5397 1614 5461 intél-

47 5472 152 5528 lexit
183 5477 312 5547 illud
337 5472 730 5547 ἀμεὶὁόμεθα,
782 5472 941 5543 cujus
970 5473 1083 5527 haec
1107 5473 1318 5547 videtur
1339 5490 1460 5547 esse
1497 5492 1614 5531 sen-

45 5547 186 5612 tentia
221 5561 235 5596 :
267 5544 422 5612 Quot
480 5544 818 5600 occasiones
860 5552 1180 5608 occurrunt,
1217 5544 1441 5599 totidem
1483 5548 1614 5602 scri-

43 5610 182 5668 bendi
205 5610 356 5672 viccs
389 5629 647 5684 usurpo.

100 5686 166 5752 (ὅ)
202 5680 753 5754 Δυσχερεσέἐροις.
780 5680 870 5735 Sic
899 5688 1124 5752 uterque
1157 5681 1345 5751 (mist,
1374 5683 1512 5745 Med.
1555 5693 1610 5742 et

250 5781 553 5839 PATROL.
592 5777 711 5838 Gn.
749 5779 1011 5841 XXXII.

1971 4233 2095 4286 Sine
2115 4231 2480 4300 inscriptione,
2514 4235 2788 4289 salutandi
2818 4242 3018 4307 gratia.

1795 4341 1982 4413 Longo
2014 4343 2301 4397 intervallo
2333 4345 2490 4400 nobis
2523 4348 2754 4419 contigit
2789 4359 2938 4407 tuam
2969 4353 3288 4424 dignitatem

1729 4437 1966 4489 salutare
2000 4452 2015 4499 ;
2052 4448 2120 4488 eo
2161 4435 2305 4504 quod
2350 4437 2445 4506 qui
2473 4453 2738 4508 responsa
2767 4441 2955 4508 refert,
2979 4445 3071 4498 diu
3116 4447 3170 4500 in
3201 4464 3285 4502 no

1727 4537 1840 4581 stra
1886 4527 2110 4597 regione
2161 4537 2535 4586 commoratus
2589 4532 2680 4596 sit,
2739 4549 2804 4588 ac
2853 4543 2968 4589 tum
3036 4539 3090 4592 in
3141 4541 3287 4596 viros

1727 4618 2156 4684 morosissimos,
2191 4627 2304 4674 tum
2330 4621 2387 4675 in
2416 4625 2635 4694 negotia
2669 4624 2981 4681 difﬁcillima
3016 4629 3287 4688 inciderit.

1726 4708 1860 4763 Nam
1899 4726 2100 4765 annum
2129 4721 2304 4767 totum
2332 4713 2506 4769 abl‘uit
2529 4717 2725 4786 patria.
2758 4718 2810 4774 Is
2840 4720 3117 4776 hominum
3149 4724 3295 4795 dolis

1725 4809 1780 4856 et
1807 4803 2274 4859 transactionibus
2329 4805 2384 4860 in
2431 4823 2550 4862 eam
2605 4825 2754 4878 spem
2804 4810 3061 4868 inductus
3111 4831 3190 4877 se,
3242 4819 3286 4871 si

1725 4904 2046 4964 pnesentem
2090 4898 2390 4968 nequitiam
2447 4909 2753 4970 superaret,
2808 4903 2884 4959 rei
2925 4907 3094 4962 totius
3134 4924 3288 4962 sum-

1723 5001 1868 5040 mam
1917 4987 2291 5054 obtenturum,
2337 5006 2461 5046 sero
2507 4991 2689 5047 damni
2737 5005 2901 5066 caput
2953 5000 3224 5068 persensit
3271 5019 3284 5054 :

1722 5089 1844 5129 cum
1897 5075 2049 5134 fraus
2097 5081 2357 5148 paulatim
2393 5085 2746 5153 progrediens
2795 5101 3015 5144 sensum
3063 5099 3286 5160 praatero

1722 5165 1974 5238 fugisset.
2011 5169 2148 5224 Cum
2196 5171 2363 5242 igitur
2409 5174 2596 5229 redeat
2627 5183 2681 5230 et
2715 5177 2786 5232 ab
2824 5180 2970 5235 aeris
3020 5183 3286 5240 molestiis

1719 5337 1852 5423 μσς.
1887 5343 2177 5423 secundus.
2213 5343 2370 5423 'Editi
2417 5347 2882 5423 δυσχερεστάτοις.
2913 5350 3106 5408 Statim
3151 5358 3282 5413 editi

1717 5409 1952 5496 Ξπάταις
1980 5413 2110 5496 γάρ,
2166 5415 2260 5469 sed
2293 5418 2494 5496 _vo_cu_la
2520 5409 2786 5496 'déestjn
2841 5409 2982 5496 mss.
3028 5409 3280 5496 quatuor;

1716 5475 1910 5563 Plures
1934 5475 2112 5563 autem
2142 5487 2581 5563 non__.habuimu_s
2611 5475 3175 5563 itt_ltanc:epi'st01lani:

1788 5555 1808 5573 ⁸
1841 5550 1919 5604 Ex
1947 5552 2199 5609 Cotelerii
2235 5554 2465 5621 Monum,
2517 5558 2607 5614 Ec.
2635 5559 2721 5615 Gr.
2759 5571 2800 5618 t.
2827 5550 2978 5636 ll,-p.
3007 5567 3093 5622 οι.

1787 5622 1828 5642 “
1858 5619 2014 5679 Ibid..
2049 5638 2102 5679 ι).
2136 5625 2218 5679 95
2967 5639 2970 5642 ’
3005 5629 3015 5638 ’

1786 5638 2264 5749 ιη’,ἳὶἳειέιὲίςὲῗιι

2886 5797 2965 5859 3δ
