3810 6500
567 319 589 374 Ι
599 315 700 372 067

1741 293 1744 296 ’
1792 314 1848 371 s.
1888 315 2129 371 BASILII
2167 315 2378 371 MAGNI

3635 319 3736 375 1068

565 445 620 492 et
673 435 742 489 ab
779 431 1054 487 hominum
1091 430 1333 500 nequitia
1370 430 1628 488 liberatus
1662 450 1676 486 :
1717 433 2018 488 salutamus
2063 441 2116 488 te

2246 435 2331 488 νῶν
2374 435 2469 487 καὶ
2514 433 2613 504 τῆς
2659 434 2768 488 τῶν
2819 434 3025 507 ἀνδρῶν
3073 435 3377 508 μοχθηρίας
3425 434 3735 501 amilum,

567 544 664 600 per
693 527 864 590 illum,
897 533 1150 594 rogantes
1194 530 1256 576 ut
1302 523 1474 577 nostri
1521 523 1832 577 memineris
1860 525 1915 577 in
1946 525 2120 593 preci-

568 621 670 674 bus
700 619 846 687 (nam
876 628 1097 682 precum
1136 611 1342 666 auxilio
1391 611 1545 667 valde
1578 612 1933 682 indigemus).
1963 612 2128 668 simul

566 711 732 766 etiam
783 707 1074 762 certiorem
1113 713 1167 759 te
1218 704 1377 770 facio,
1429 721 1568 775 quos
1615 705 1805 760 beatus
1839 705 2127 776 episcopus

567 802 752 858 debito
809 796 1072 854 solvendo
1127 796 1396 851 obnoxios
1460 796 1755 864 reliquerat
1817 795 2128 866 (siquidem

569 897 626 950 in
679 910 781 949 suo
815 897 1143 947 testamento
1187 897 1241 943 et
1284 888 1452 942 debiti
1498 887 1625 942 fecit
1683 887 2034 954 mentionem,
2075 892 2130 941 et

569 987 714 1043 unde
763 995 816 1039 et
865 998 894 1036 a
949 983 1148 1052 quibus
1197 979 1330 1034 illud
1383 979 1544 1050 447
1616 979 1751 1033 solvi
1796 981 2128 1050 oporteret),

568 1095 664 1134 eos
720 1076 909 1130 amicis
956 1071 1415 1127 admonitionibus
1482 1072 1684 1141 spretis
1748 1072 2131 1127 necessitatem

570 1169 922 1224 tribunalium
971 1173 1307 1235 exspectare.
1362 1162 1543 1228 Quare
1586 1163 1792 1220 sodalis
1835 1175 2022 1220 noster
2071 1179 2133 1219 re

570 1263 771 1317 infecta
823 1259 1009 1321 rediit,
1061 1265 1225 1326 atque
1269 1256 1383 1309 haec
1424 1256 1541 1325 ipsa
1592 1257 1805 1326 rogavit
1839 1267 1900 1310 ut
1951 1258 2018 1312 de
2066 1271 2134 1311 eo

569 1361 918 1414 testarentur,
967 1364 1035 1403 ne
1085 1347 1330 1417 segnitiei
1386 1357 1479 1401 aut
1527 1348 1757 1416 pigritiae
1805 1349 1947 1419 apud
1983 1357 2132 1403 tuam

570 1443 887 1511 dignitatem
921 1440 1288 1493 incusaretur.
1325 1437 1402 1493 De
1431 1438 1516 1492 bis
1545 1439 1828 1494 hactenus.
1863 1439 2132 1495 Caeterum

569 1551 680 1604 quo
709 1536 764 1588 in
792 1541 938 1590 statu
967 1533 1078 1588 sint
1110 1547 1196 1586 res
1229 1531 1622 1596 Ecclesiarum,
1655 1538 1834 1586 utrum
1865 1533 2135 1588 conceda-

570 1637 662 1682 tur
692 1635 750 1681 ut
781 1628 835 1680 in
864 1625 1052 1680 eodem
1077 1633 1220 1680 statu
1250 1632 1628 1694 permaneant,
1660 1641 1726 1680 an
1753 1626 1808 1680 in
1833 1626 1987 1696 pejus
2010 1642 2134 1681 ver-

572 1731 718 1792 gant,
760 1729 853 1773 aut
880 1734 1031 1788 spem
1069 1717 1308 1788 aliquam
1344 1717 1581 1773 habeant
1625 1716 1822 1772 futura:
1853 1718 1908 1772 in
1938 1718 2132 1774 melius

2226 523 2582 596 ἀσπαζόμεθά
2605 541 2666 577 σε
2691 526 2758 578 δι’
2788 527 2977 589 αὐτοῦ,
3015 527 3460 597 παρακαλοῦντες
3480 526 3735 595 μεμνῆσθαι

2226 616 2383 686 ἡμῶν
2416 615 2510 668 ἐπὶ
2539 615 2646 670 τῶν
2694 616 3008 686 προσευχῶν
3035 616 3258 688 (πολλῆς
3295 617 3406 686 γὰρ
3441 615 3539 684 τῆς
3573 616 3631 665 ἐκ

2227 706 2401 776 εὐχῶν
2441 706 2688 778 βοηθείας
2727 706 3000 777 δεόμεθα),
3032 709 3128 760 καὶ
3158 708 3274 777 ἅμα
3333 706 3738 775 σημαίνομεηῖπι

2225 798 2276 850 οἱ
2327 796 2616 851 ὑπεύθυνοι
2655 798 3106 868 καταλειφθέντες
3139 798 3276 869 πρὸς
3299 797 3400 867 τὴν
3424 796 3518 848 τοῦ
3550 796 3739 866 senap-

2226 907 2317 953 τος
2365 889 2569 943 ἔκτισιν
2613 889 2764 962 παρά
2813 889 2907 943 τοῦ
2962 892 3230 962 μακαρίου
3290 891 3607 950 ἐπισκόπου.
3657 894 3738 942 ἑπι-

2233 978 2558 1050 μνησθέντος
2590 981 2646 1034 ἐν
2675 982 2793 1043 ταῖς
2819 980 3101 1052 διαθήκαις
3143 979 3308 1034 αὑτοῦ
3355 997 3414 1032 τε
3457 979 3550 1031 τοῦ
3580 979 3740 1049 χρέικ,

2230 1071 2324 1122 καὶ
2352 1069 2474 1124 ὅθεν
2506 1070 2780 1143 προσῆκεν
2834 1071 3142 1141 ἐκτισθῆναι
3181 1071 3293 1140 (4),
3338 1071 3434 1123 καὶ
3477 1070 3565 1122 διὰ
3605 1071 3740 1130 τίνων,

2231 1161 2576 1234 ὑπεριδόντες
2622 1163 2732 1216 τῶν
2771 1163 2999 1233 φιλικῶν
3038 1164 3419 1233 ὐπομνήσεων,
3453 1163 3554 1224 τὰς
3589 1163 3645 1212 ἐκ
3677 1162 3742 1212 τῶν

2230 1253 2592 1325 δικαστηρίων
2667 1255 2911 1323 ἀνάγκας
2981 1253 3312 1324 ἐκδέχονται.
3379 1255 3470 1306 Διὸ
3524 1255 3744 1324 dapem;

2232 1346 2531 1416 ἐπανῆλθεν
2560 1349 2588 1400 ὁ
2616 1348 2829 1418 ἑταῖρος
2864 1346 3042 1417 ήμῶν,
3082 1347 3176 1398 καὶ
3225 1345 3400 1399 ταῦτα
3448 1345 3591 1398 αὐτὰ
3629 1345 3738 1412 ἠξίω-

2235 1451 2325 1488 σεν
2353 1435 2510 1487 αὑτὸν
2542 1436 2616 1504 (5)
2660 1438 2787 1507 παρ’
2818 1436 2978 1506 ἡμῶν
3016 1435 3444 1508 μαρτυρηθῆναι,
3495 1435 3574 1496 ὡς
3604 1435 3670 1504 μὴ
3690 1438 3744 1503 ἀρ

2233 1526 2357 1594 γίας
2385 1528 2518 1598 μηδέ
2558 1528 2832 1599 ῥᾳθυμίας
2869 1529 3119 1599 ἔγκλημα
3150 1532 3297 1598 σχεῖν
3333 1528 3488 1598 παρὰ
3522 1529 3586 1596 τῇ
3619 1531 3744 1594 τιμιό-

2233 1619 2356 1688 τητί
2379 1636 2492 1674 σου.
2520 1618 2705 1674 Ταῦτα
2741 1621 2836 1690 μὲν
2857 1622 2938 1684 είς
2959 1619 3230 1674 τοσοῦτον.
3265 1619 3345 1671 Τά
3367 1618 3425 1671 δὲ
3451 1618 3562 1670 τῶν
3575 1619 3747 1684 Ἐκκλη-

2237 1710 2368 1764 σιῶν
2388 1711 2535 1774 ὅπως
2567 1711 2699 1780 ἔχει,
2751 1710 2859 1764 εἴτε
2905 1709 3314 1781 συγκεχώρηται
3372 1709 3556 1779 μένειν
3585 1709 3666 1760 ἐτά
3684 1709 3746 1774 τῆς

572 1809 909 1876 mutationis,
933 1825 1028 1879 per
1043 1809 1278 1881 aliquem
1303 1825 1335 1866 e
1359 1811 1542 1867 charis
1569 1809 1829 1865 fratribus
1849 1810 2135 1867 certiorem

2246 1800 2571 1870 ὁμοιότητος,
2610 1799 2719 1852 εἴτε
2754 1799 2849 1852 καὶ
2883 1799 3017 1872 πρὸς
3049 1799 3110 1852 τὸ
3145 1802 3321 1868 χεῖρον
3368 1794 3746 1860 ἐκτυὲπτωκεν,ἢ

573 1918 659 1958 Ine
689 1902 868 1960 facere
894 1903 1157 1974 digneris.

1009 2161 1345 2219 EPISTOLA
1381 2162 1634 2219 CCCXXI
1669 2165 1710 2216 ⁹.

574 2279 754 2327 Auctor
774 2273 858 2327 hui

2239 1893 2359 1946 τίνα
2387 1891 2460 1962 (6)
2490 1890 2680 1945 ἐλπίδα
2711 1890 2810 1960 τῆς
2840 1891 2931 1944 ἐπὶ
2958 1890 3020 1944 τὸ
3066 1889 3268 1960 βέλτιον
3322 1889 3437 1958 ἔχει
3482 1886 3744 1958 perﬁdia

2239 1981 2500 2052 γνωρίσαι
2519 1983 2650 2052 ἡμῖν
2677 1979 2766 2035 διὰ
2794 1981 2937 2044 τινὸς
2961 1981 3071 2035 τῶν
3095 1981 3333 2051 γνησίων
3363 1975 3606 2046 ἀδελφῶν
3634 1992 3746 2028 κατι-

2243 2070 2432 2135 ξίωσον

2745 2169 3088 2222 ΕΠΙΣΤΟΛΗ
3113 2168 3289 2223 TKA'.

933 2271 1162 2344 epistoltp,
1179 2288 1333 2344 .quem
1354 2275 1637 2341 Gregorium
1660 2278 1707 2326 Ν
1710 2273 2020 2344 asianzenum
2053 2292 2155 2330 esse
2174 2283 2486 2344 non‘obscure
2508 2277 2815 2344 perspicitur,
2847 2295 2939 2344 non
2965 2280 3068 2331 sine
3106 2279 3245 2344 solito
3284 2281 3452 2344 tepore
3475 2281 3683 2344 Thecla
3699 2292 3748 2344 rs-

637 2344 807 2413 gat,_ut
825 2336 1000 2413 liis‘qui
1020 2336 1234 2388 ecclesia:
1254 2336 1524 2400 conseptum
1543 2339 1864 2400 exstruebant,
1888 2340 2050 2390 vinum
2082 2339 2368 2405 suppeditet,
2404 2336 2658 2406 propterea
2680 2336 2811 2407 quod
2847 2343 3092 2413 uehemens
3116 2341 3231 2392 anni
3253 2336 3490 2406 praeteriti
3514 2341 3658 2406 frigus
3675 2340 3750 2388 sim

637 2397 922 2448 iucciderat.

1244 2480 1466 2537 Tltecla’.

648 2573 925 2629 Praeterito
955 2589 1120 2641 anno,
1152 2582 1258 2630 etc.

2929 2485 3142 2554 Θέκλῃ.

2319 2573 2395 2627 Τὸ
2417 2574 2804 2645 παριππεῦσαν
2830 2575 2968 2643 ἔτος,
3020 2593 3073 2628 κ.
3101 2593 3152 2627 τ.
3181 2575 3230 2628 λ.
3720 2613 3736 2642 ,

1386 2691 1516 2747 Vide
1537 2671 1676 2748 inter
1701 2693 1760 2750 S.
1799 2693 2035 2764 Gregorii
2065 2691 2397 2747 Nazianzeni
2427 2691 2698 2762 epistolas,
2721 2693 2874 2762 epist.
2917 2691 3005 2747 57.

1000 2806 1331 2863 EPISTOLA
1361 2808 1706 2866 CCCXXII“.

2704 2810 2708 2814 ⁷
2750 2805 3093 2859 ΕΠΙΣΤΟΛΗ
3121 2803 3293 2858 TKB‘.

634 2904 883 2955 Rationem
910 2900 1070 2953 reddit
1099 2915 1185 2952 cur
1209 2916 1318 2954 sero
1349 2904 1635 2967 respondeat
1669 2919 1688 2956 :
1721 2911 1858 2971 rogat
1878 2909 1929 2954 ut
1963 2910 2066 2969 post
2087 2904 2280 3015 longis!
2299 2898 2471 2953 hiemis
2491 2898 2754 2951 absentiam
2773 2898 2944 2951 saltem
2963 2900 3026 2949 ad
3048 2899 3253 2950 Pascha:
3274 2896 3404 2948 diem
3422 2911 3529 2948 cum
3550 2911 3718 2962 easy-gs

2096 2980 2150 3015 re
2268 3001 2282 3014 .

2096 2980 2282 3017 redeas.

635 3052 762 3106 Sine
793 3049 1148 3118 inscriptione,
1179 3058 1235 3102 ut
1260 3066 1376 3103 cum
1414 3052 1583 3105 amico
1603 3050 1812 3106 Pascha
1837 3052 2074 3108 celebret.
2166 3059 2210 3117 ο

647 3140 899 3208 Acceptis
957 3146 1062 3192 tua:
1119 3138 1405 3208 dignitatis
1435 3140 1677 3206 alitteris,
1723 3140 1944 3208 gavisus
1990 3155 2136 3204 sum,

578 3243 637 3287 ut
671 3247 768 3302 par
801 3240 940 3294 erat,
974 3240 1026 3286 et
1059 3230 1286 3285 Domino
1331 3231 1536 3302 gratias
1567 3233 1674 3302 egi.
1706 3241 1870 3304 atque
1917 3242 2142 3305 paratus

571 3339 727 3377 eram
782 3322 1149 3392 respondere,
1189 3323 1236 3376 si
1275 3323 1400 3393 quis
1456 3332 1761 3394 opportune
1821 3324 1890 3380 de
1941 3325 2144 3381 rescri-

578 3416 754 3472 bendo
831 3415 1259 3471 submonuissct.
1323 3414 1458 3469 Nam
1513 3418 1786 3487 negotium
1852 3417 2028 3484 illud,
2074 3416 2144 3474 de

577 3521 686 3575 quo
725 3504 856 3558 mihi
902 3504 1257 3558 mandaveras
1289 3544 1306 3568 ,
1353 3505 1614 3574 temporis
1659 3520 1949 3576 progressu
1982 3507 2145 3562 abso-

580 3599 749 3650 lutum
771 3603 874 3652 est.
908 3595 1028 3650 Non
1056 3604 1173 3650 erat
1216 3595 1384 3667 M8
1426 3606 1630 3664 autem,
1686 3606 1975 3669 antequam
2012 3613 2145 3655 con-

578 3690 830 3746 liceretur
855 3727 869 3752 ,
911 3695 1086 3742 tutum
1137 3687 1436 3757 quidquam
1484 3691 1838 3758 respondere.
1872 3687 1999 3744 Haec
2037 3691 2144 3745 mei

578 3779 778 3834 silentii
842 3777 946 3832 fuit
990 3793 1153 3834 causa
1201 3797 1213 3833 :
1263 3795 1373 3833 non
1425 3779 1571 3834 enim
1614 3780 1913 3850 segnities,
1965 3797 2145 3853 neque

575 3872 736 3926 ollicii
787 3872 1076 3943 ignoratio.
1125 3871 1349 3927 Etiamsi
1387 3873 1533 3927 enim
1582 3874 1804 3929 omnino
1860 3876 2010 3946 piger
2056 3891 2147 3932 cs-

577 3979 714 4030 sem,
747 3971 928 4017 tamen
956 3963 1082 4017 vitia
1119 3979 1238 4018 mea
1283 3978 1466 4017 coram
1506 3974 1598 4018 tua
1629 3965 1893 4037 dignitate
1959 3969 2148 4023 occul-

576 4063 694 4110 tare
737 4054 886 4109 omni
939 4055 1102 4108 modo
1133 4054 1486 4110 studuissem.
1522 4053 1680 4110 Nunc
1723 4072 1852 4112 vero
1875 4073 1982 4113 non
2016 4075 2147 4129 pos-

578 4161 699 4200 sum
756 4161 856 4216 ego
911 4146 991 4198 tui
1053 4145 1345 4209 oblivisci,
1396 4162 1465 4201 ne
1537 4147 1860 4204 brevissimo
1925 4150 2145 4219 quidem

579 4236 838 4305 temporis
884 4237 1096 4304 spatio:
1136 4245 1230 4289 aut
1259 4246 1404 4291 certe
1445 4237 1716 4307 quispiam
1772 4253 1831 4294 se
1880 4239 1999 4308 ipse
2050 4255 2148 4310 po-

579 4326 688 4380 tius
743 4325 998 4394 ignoret:
1057 4325 1150 4380 sed
1189 4325 1302 4382 sive
1347 4327 1580 4380 scribam
1605 4365 1622 4391 ,
1657 4327 1769 4382 sive
1818 4343 1929 4382 non
1953 4368 1970 4394 ,
2024 4328 2148 4384 inli-

2391 3047 2838 3116 Ἀνεπίτραφος,
2871 3045 2971 3098 ἐπὶ
3017 3047 3172 3114 φίλῳ
3209 3045 3656 3114 συμπασχόσαι.

2312 3139 2614 3210 Δεξάμενος
2685 3139 2754 3192 τὰ
2816 3137 3119 3209 γράμματα
3175 3139 3275 3206 τῆς
3334 3138 3434 3207 σῆς
3495 3137 3761 3207 τιμιότητος

2241 3231 2434 3303 ἥσθην,
2489 3231 2566 3294 ὡς
2593 3230 2760 3292 εἰκὸς.
2805 3231 2901 3283 καὶ
2951 3228 3316 3300 εὐχαρίστησα
3357 3227 3437 3299 τῷ
3478 3228 3762 3298 Κυρίῳ,ιιιὶ

2243 3321 2538 3393 προθύμως
2575 3317 2718 3391 εἶχον
2763 3319 3236 3389 ἀντιφθέγξασθαι,
3270 3320 3364 3373 ἐὰν
3396 3337 3478 3384 τις
3513 3322 3644 3372 κατά
3671 3337 3761 3371 και-

2244 3413 2342 3486 ρὸν
2386 3415 2514 3484 περὶ
2565 3412 2912 3484 ἀντιγράφων
2962 3412 3265 3482 ὑπέμνησε.
3305 3412 3376 3463 Τὸ
3418 3413 3525 3483 γὰρ
3571 3415 3762 3481 πρᾶγμ-ι

2246 3507 2384 3578 ὑπὲρ
2411 3500 2472 3560 οὗ
2503 3507 2582 3578 (7)
2616 3503 2882 3569 ἐπέταξας
2903 3507 3054 3576 ἡμῖν,
3084 3505 3260 3576 χρόνῳ
3283 3504 3552 3574 ἐλάμϐανε
3583 3508 3670 3574 τὴν
3693 3521 3761 3554 u-

2241 3600 2523 3653 τάστασιν.
2557 3600 2671 3652 Οὐκ
2723 3599 2850 3668 ἐνῆν
2899 3597 2957 3650 δὲ
2996 3597 3102 3668 πρὸ
3128 3597 3222 3650 τοῦ
3283 3597 3515 3668 πέρατος
3564 3595 3764 3664 ἀσφαλὲς

2241 3691 2394 3744 οὐδὲν
2420 3688 2837 3760 ἀποκρίνασθαι.
2865 3685 3012 3757 Αὕτη
3034 3689 3066 3757 ἡ
3088 3687 3237 3740 αἰτία
3260 3687 3358 3757 τῆς
3380 3687 3585 3755 σιωπῆς
3605 3686 3760 3755 ήμῶν·

2243 3781 2306 3835 οὐ
2335 3781 2442 3852 γὰρ
2487 3779 2552 3851 δὴ
2601 3779 2860 3850 ῥᾳθυμία,
2907 3777 3027 3830 οὐδὲ
3051 3778 3241 3845 ἄγνοια
3282 3778 3374 3830 τοῦ
3421 3780 3762 3850 προσήκοντος.

2245 3873 2308 3926 Ei
2350 3871 2458 3941 γὰρ
2507 3869 2602 3924 καί⁵
2648 3868 2784 3932 ὅλως
2811 3864 2952 3939 ἦμεν
2997 3867 3072 3937 (8)
3116 3867 3368 3939 ρᾁυμοι,
3401 3867 3761 3933 ἐσπουδάσαμεν

2245 3963 2460 4024 πάντως
2490 3961 2582 4014 ἐπὶ
2608 3961 2709 4030 τῆς
2755 3961 2855 4031 σῆς
2892 3958 3204 4030 τιμιότητος
3237 3961 3521 4014 συσκιάσαι
3550 3957 3682 4029 ἡμῶν
3709 3956 3762 4005 :‘1

2245 4054 2626 4124 ἐλαττώματα.
2686 4051 2801 4104 Νῦν
2833 4051 2891 4102 δὲ
2933 4050 3033 4103 οὐκ
3067 4049 3212 4103 ἐστιν
3260 4050 3418 4120 ἡμῶν
3461 4045 3762 4102 ἐπιλαθέσθαι

2247 4164 2337 4202 σου
2377 4146 2498 4200 οὐδὲ
2540 4144 2601 4198 τὸ
2642 4141 2972 4214 βραχύτατον
3000 4141 3054 4210 (ἢ
3104 4141 3364 4212 πρότερον
3402 4141 3468 4194 ἀν
3507 4158 3579 4201 τις
3602 4139 3762 4191 satis

2246 4237 2614 4310 ἀγνοήσειεν)·
2658 4235 2794 4290 ἀλλὰ
2834 4235 2939 4288 κᾶν
2979 4233 3399 4304 ἐπιστέλλωμεν,
3434 4233 3530 4287 κᾶν
3563 4233 3650 4302 μὴ,
3695 4232 3764 4281 ἐπες

2249 4331 2528 4402 ιδρυμένον
2561 4345 2621 4381 σε
2657 4329 2775 4389 ταῖς
2799 4325 3045 4398 καρδίαις
3073 4325 3280 4379 ἑαυτῶν
3308 4327 3664 4395 περιφέρομεν,
3687 4321 3761 4372 καὶ

579 4431 706 4470 xum
743 4423 796 4470 te
836 4431 957 4470 meo
1012 4417 1163 4471 cordi
1206 4418 1580 4474 circumfero:
1620 4426 1674 4473 et
1729 4419 1944 4488 longam
1999 4421 2141 4476 illam

2252 4424 2386 4495 πρὸς
2412 4422 2508 4491 τὴν
2536 4418 2748 4491 μακρὰν
2798 4416 3080 4486 ἀπόλειψιν
3106 4417 3201 4469 τοῦ
3238 4419 3498 4488 χειμῶνος
3520 4417 3642 4469 οὕτω
3661 4415 3762 4465 5‘s:-

579 4507 773 4562 biemis
811 4509 1113 4563 absentiam
1139 4509 1213 4564 ita
1243 4510 1468 4565 moleste
1515 4510 1633 4566 fero
1665 4550 1681 4576 ,
1723 4519 1780 4564 ut
1831 4528 2042 4581 precer,
2101 4514 2150 4570 si

533 4661 537 4665 1
579 4601 850 4670 integrum
877 4600 974 4655 tibi
1009 4601 1112 4672 ipsi
1142 4617 1251 4656 non
1298 4609 1382 4656 est
1422 4601 1494 4654 ob
1538 4616 1667 4664 eas,
1711 4601 1778 4656 de
1808 4603 2007 4672 quibus
2051 4619 2150 4658 au-

579 4690 712 4756 divi,
753 4692 1136 4762 occupationes
1157 4733 1171 4757 ,
1203 4693 1442 4748 rusticos
1489 4693 1832 4762 relinquere,
1867 4694 1999 4748 mihi
2053 4708 2147 4749 oc-

580 4780 855 4835 casionem
891 4781 1009 4836 dari
1061 4781 1129 4835 ad
1163 4781 1280 4836 loca
1317 4781 1408 4834 illa
1456 4781 1748 4844 veniendi,
1793 4796 1858 4836 ac
1892 4797 2020 4836 vera
2053 4781 2146 4836 illa

579 4878 801 4925 tuorum
865 4886 1078 4925 morum
1127 4870 1436 4942 integritate
1500 4887 1564 4926 ac
1624 4872 1963 4927 ornamentis
2034 4872 2144 4928 tuis

580 4961 917 5031 pcrfruendi.
1000 4959 1238 5016 Omnino
1309 4970 1489 5017 autem
1557 4963 1855 5018 salutarem
1922 4962 2144 5018 Pascha:

579 5052 722 5108 diem
783 5053 1068 5108 nobiscum
1115 5052 1403 5110 conaberis
1468 5053 1801 5125 transigere,
1865 5068 1973 5109 una
2017 5069 2145 5110 cum

650 5213 670 5230 '
700 5207 849 5263 Alias
886 5206 1086 5264 CCXII.

650 5279 693 5301 "
723 5277 872 5334 Alias
911 5275 1187 5332 CCXXIII.

649 5347 727 5417 (4)
783 5347 1179 5416 Ἐκτισθῆναι.
1238 5347 1354 5404 Duo
1404 5347 1620 5404 codices
1663 5347 1926 5402 ἐκτίσθαι.
1974 5344 2148 5406 Paulo

583 5419 870 5491 postgmale
896 5419 950 5491 in
981 5419 1144 5491 editis
1167 5417 1370 5491 ἕτερος.
1400 5417 1793 5491 Μειέταϊρος.

654 5488 730 5625 (ὅῖ
755 5487 967 5542 Αὐτόν.
1011 5487 1132 5544 Νοη
1163 5487 1301 5543 male
1332 5489 1483 5544 deest
1532 5488 1588 5542 in
1639 5488 1827 5543 codice
1859 5487 2142 5544 Vaticano.

654 5557 706 5624 t6
769 5559 841 5612 Ἦ
865 5560 1018 5613 τίνα.
1042 5558 1159 5616 Duo
1189 5559 1408 5615 codices
1456 5558 1568 5610 εἴτε
1604 5558 1746 5611 τίνα.
1790 5557 1992 5614 Ibidem
2014 5559 2142 5614 editi

651 5557 726 5624 t6)
769 5559 841 5612 Ἦ
865 5560 1018 5613 τίνα.
1042 5558 1159 5616 Duo
1189 5559 1408 5615 codices
1456 5558 1568 5610 εἴτε
1604 5558 1746 5611 τίνα.
1790 5557 1992 5614 Ibidem
2014 5559 2148 5614 editi

581 5627 890 5748 γνευῚρίεζαις.
919 5627 1163 5719 Quattuor
1189 5646 1322 5686 mss.
1356 5638 1414 5683 ut
1438 5629 1492 5683 in
1525 5635 1698 5715 textu.

649 5715 664 5748 ι
711 5697 727 5748 )
799 5698 950 5748 Υπὲο
980 5717 1074 5748 ου.
1100 5699 1216 5748 Duo
1239 5716 1397 5748 mnu
1426 5699 1554 5748 περὶ
1579 5715 1660 5748 ου.
1688 5697 1698 5748 1

649 5692 727 5766 (7)
773 5692 958 5766 ’Υπὲρ
980 5695 1074 5756 οὗ.
1100 5699 1216 5755 Duo
1238 5716 1398 5766 mss.,
1426 5699 1554 5770 περὶ
1579 5692 1660 5754 οὗ.
1688 5695 1858 5756 Paulo
1879 5706 2004 5771 post
2027 5698 2144 5756 edi-

2253 4514 2424 4576 κόλως
2471 4511 2688 4582 ἔχομεν,
2743 4508 2883 4561 ὥστε
2930 4507 3204 4578 εὔχεσθαι,
3247 4511 3295 4562 εί
3336 4509 3408 4579 μὴ
3438 4506 3566 4575 αὐτῷ
3597 4522 3670 4557 σοι
3697 4503 3757 4564 (9³

2251 4603 2493 4667 δυνατὸν,
2535 4601 2622 4654 διὰ
2660 4599 2756 4661 τὰς
2795 4599 3128 4668 ἀκουομένας
3173 4599 3447 4670 ἀσχολίας,
3492 4597 3762 4650 καταλιπεῖν

2251 4696 2375 4756 τοὺς
2403 4693 2713 4764 ἀγροίκους,
2743 4689 2873 4758 ἡμῖν
2895 4689 3210 4756 ἐγγενέσθαι
3232 4691 3495 4761 πρόφασιν
3516 4685 3761 4750 ἐπιστῆναι

2250 4787 2363 4847 τοῖς
2388 4785 2592 4850 τόποις,
2643 4786 2738 4838 καὶ
2787 4788 2887 4856 τῆς
2922 4782 3180 4853 ἀληθινῆς
3220 4780 3519 4842 εὐσταθείας
3543 4778 3646 4828 τῶν
3677 4775 3764 4825 σιξ-ι

2249 4874 2469 4944 τρόπων
2497 4874 2704 4946 καὶτῆς
2747 4875 3101 4946 κοσμιότητος
3146 4872 3459 4926 ἀπολαῦσαι.
3485 4869 3689 4925 Πάντως
3719 4865 3762 4913 δὲ

2245 4965 2348 5034 τὴν
2380 4966 2645 5037 σωτήριον
2673 4966 2881 5038 ἡμέραν
2903 4965 2997 5019 τοῦ
3036 4965 3224 5035 Πάσχα
3263 4964 3380 5034 μεθ’
3406 4962 3540 5033 ἡμῶν

2247 5057 2666 5131 προθυμηθήσῃ,
2718 5060 2857 5132 μετά
2898 5062 2998 5131 τῆς
3027 5060 3398 5129 κοσμιωτάτης
3424 5053 3636 5124 συμὸίου
3667 5065 3762 5104 που

2258 5208 2333 5264 tio
2361 5207 2560 5276 Paris.,
2590 5211 2690 5265 οὐκ
2731 5212 2849 5282 εῐην
2897 5211 2977 5265 δέ.
3009 5211 3137 5268 Mss.
3180 5212 3317 5282 uthin
3348 5218 3500 5265 textu.
3526 5203 3760 5282 _Subin_dc

2252 5289 2487 5353 quatuor
2528 5282 2767 5353 codices,
2799 5276 3007 5353 σιωπῆς
3030 5280 3373 5353 ἡμῶνηΕάὶιί
3404 5276 3590 5353 cunni;
3629 5276 3756 5345 ἡμῖν·

2324 5351 2399 5421 (8)
2433 5347 2641 5420 Ἦμεν.
2670 5341 2828 5408 Deest
2857 5367 2920 5407 ea
2944 5341 3129 5406 vox'in
3159 5341 3296 5406 Med.
3331 5360 3382 5407 et
3408 5341 3555 5404 Coisl.
3585 5341 3758 5416 prii-0.

2249 5418 2632 5501 Duolcodices,
2657 5425 2704 5501 et
2739 5423 2844 5501 γὰρ
2885 5421 3181 5501 καὶκάλλως
3207 5421 3384 5501 ἐσμέν.
3441 5490 3470 5501 η
3555 5486 3569 5501 _
3630 5484 3698 5501 Α,

2322 5491 2398 5562 (9)
2432 5484 2784 5560 Εὶμὴιιύτῷ
2811 5484 2932 5548 ὸνοι.
2982 5484 3182 5546 Sanum
3216 5484 3383 5562 locum
3437 5484 3750 5542 (Iombeisios

2248 5561 2571 5633 corrumpit,
2589 5563 2718 5616 dum
2739 5563 3030 5618 emendare
3055 5563 3228 5633 cupit.
3255 5561 3528 5633 Legenduin
3549 5565 3696 5633 putat
3717 5570 3752 5601 ει

2251 5631 2350 5706 μέν
2370 5631 2519 5702 αὐτῷ
2545 5649 2648 5699 σοι,
2664 5635 3096 5706 repugnantibus
3125 5631 3394 5690 codicibus
3413 5643 3529 5684 mss.
3564 5641 3630 5681 ac
3658 5631 3749 5692 ipsa

2247 5703 2410 5758 etiam
2443 5704 2733 5759 sententia.
