3810 6500
58 322 136 378 1159

785 307 1269 370 EPISTQLARUM
1308 306 1590 364 CLASSIS
1612 306 1699 362 111.
1740 305 1957 362 EPIST.
2001 304 2318 363 CCCXXIV.

3018 303 3154 358 1070

57 454 82 505 ,ν
107 432 178 483 καὶ
215 425 656 498 προσαγορεύομεν
695 425 783 478 διὰ
812 425 926 488 σοῦ,
955 424 1050 476 καὶ
1079 420 1498 492 παρακαλοῦμεν
1527 454 1538 483 λ

1624 420 1950 474 ιιιιιιιίεείιιιιι
1999 427 2092 472 tua
2147 419 2383 487 conjuge
2416 437 2427 471 :
2481 431 2642 487 quam
2677 431 2773 486 per
2812 423 2868 470 te
2899 416 3077 472 saluto
3101 425 3152 469 et

57 519 279 592 υμπρᾱξαι
301 520 419 588 ἡμῖν
446 519 524 579 εἰς
554 516 614 568 τὸ
643 514 852 580 ὲπείξαί
884 532 943 568 σε
981 515 1114 585 πρὸς
1153 514 1318 583 ἡμᾶς.

457 711 796 766 ΕΠΙΣΤΟΛΗ
822 711 993 764 TKI".

1600 524 1754 579 rogo,
1786 517 1843 561 ut
1877 507 2074 561 tradita
2111 507 2242 561 mihi
2268 521 2430 576 opera
2463 515 2610 560 tuam
2643 507 2709 560 ad
2750 520 2849 560 nos
2869 505 3153 575 profectio—

1603 615 1725 655 netn
1755 607 1960 670 urgeat.

2027 708 2360 764 EPISTOLA
2399 707 2740 765 CCCXXIH'.

57 834 173 895 :miias
185 833 268 895 agit
300 830 406 895 Deo,
577 822 816 895 Philagri:
840 834 1087 874 servorum
1105 821 1220 886 fuga
1241 821 1394 895 ipsius
1416 821 1598 893 litteras
1621 823 2100 895 stotconcg‘tiaverit:
2132 822 2351 895 lgortajur
2371 829 2424 872 ut
2458 811 2670 895 προικί
2689 835 2762 895 se
2779 821 2957 895 scribat
2992 822 3054 874 de
3075 836 3149 895 ae

77 884 232 947 Μὶςὶἱ
250 898 287 942 ct
305 884 623 949 ecclesiasticis
647 884 880 949 rebus,_a_c
896 896 1094 949 operam
1108 884 1599 949 'suam‘Ecclesjm-um
1620 884 1944 949 paciﬁcationi
1965 884 2225 947 impendat.
2249 888 2481 935 Cancrum
2504 884 2596 933 sibi
2621 884 2871 947 epistolam
2904 896 3014 934 sero
3049 885 3154 935 red-

77 943 190 1008 ditam
204 967 231 1003 α
251 949 468 1018 (Syriaco;
489 947 572 999 sed
593 955 749 997 tamen
767 943 1067 1012 diligentiam
1089 957 1228 995 suam
1245 958 1337 994 non
1357 944 1582 1009 defuisse.

355 1055 645 1126 Φιλαπρίῳ
684 1055 940 1123 Ἀρκήνῳ
967 1053 1096 1123 (10).

82 1179 214 1247 Χάρις
250 1172 321 1244 τῷ
366 1169 504 1240 ἁγίῳ
549 1167 700 1239 Θεῷ·
732 1167 796 1220 οὐ
848 1165 958 1238 γὰρ
1005 1163 1070 1218 ἂν
1097 1165 1306 1236 εἴποιμι
1345 1163 1504 1234 χάριν

58 1289 136 1342 χειν
154 1270 244 1330 τοῖς
264 1262 533 1334 ἠδικηκόσι
550 1277 631 1325 σε,
654 1260 734 1313 ὅτι
769 1275 860 1330 μοι
887 1257 1141 1326 γεγόνασι
1163 1255 1505 1326 γραμμάτων

63 1361 236 1421 πόθεσις.
263 1355 389 1409 Ἀλλ’
405 1355 433 1406 ὁ
459 1349 787 1422 πανταχόθεν
810 1348 1108 1419 εὐεργετῶν
1127 1347 1273 1418 ἡμᾶς
1301 1344 1504 1416 Κύριος

57 1452 108 1506 ἴδε
127 1452 200 1506 καὶ
242 1447 323 1503 διὰ
362 1446 468 1500 τῶν
513 1442 773 1514 λυπηρῶν
832 1441 1070 1513 πληροῦν
1102 1439 1360 1503 πολλάκις
1403 1438 1506 1502 τὰς

57 1542 343 1614 παρακλήσεις.
391 1535 551 1591 Ὅθεν
604 1534 700 1588 καὶ
741 1534 875 1603 ἡμῖν
905 1531 1003 1604 τὴν
1045 1530 1357 1602 εἰκαιότητα
1390 1529 1504 1601 (11)

58 1635 107 1686 ὧν
129 1631 433 1703 ἀποδράντων
454 1643 514 1680 σε
544 1624 679 1697 (12),
709 1622 1045 1694 εὐφροσύνης
1067 1621 1324 1692 ἐποίησεν
1343 1621 1505 1691 ἀφορ-

57 1730 122 1797 ιήν.
155 1724 290 1779 Ἀλλὰ
333 1723 561 1794 γράφοις
616 1719 746 1789 ἡμῖν
797 1714 885 1769 διὰ
917 1717 1099 1786 πάσης
1145 1713 1500 1786 προφάσεωςο

57 1819 192 1872 suam
240 1815 473 1886 γράφων,
503 1810 648 1865 οὕτω
699 1809 796 1880 μὲν
821 1807 928 1862 ἀπὸ
975 1806 1214 1879 χρηστῆς
1256 1804 1503 1876 γνώμης.

58 1911 130 1962 itu
153 1911 197 1962 δὲ
218 1908 312 1961 ἀπὸ
342 1904 584 1974 γλώττης
613 1900 1048 1972 κεκαθαρμένης.
1075 1899 1186 1952 Καὶ
1214 1898 1323 1969 γὰρ
1354 1899 1403 1951 εἰ
1429 1899 1503 1969 μή

57 2019 163 2070 ;αμεν
205 1997 596 2071 προσποιεῖσθαι
628 1994 690 2048 τὸ
726 1995 784 2046 ὲν
804 1995 870 2064 τῇ
923 1992 1066 2057 λέξει
1111 1989 1362 2062 τερπνὸν,
1392 1989 1504 2043 ἀλλ’

58 2089 98 2145 ὗν
120 2090 319 2159 φυσικῶς
367 2104 482 2150 πως
527 2083 983 2156 κατακηλούμεθα
1028 2080 1156 2152 παρ’
1182 2079 1369 2144 αὑτοῦ,
1411 2081 1507 2133 καὶ

57 2182 148 2246 ire-.2
186 2181 332 2249 ἡμᾶς,
379 2177 429 2230 οἱ
476 2175 568 2228 τὸν
599 2174 755 2243 λόγον
789 2172 1088 2243 χαρίεντες,
1113 2170 1299 2242 ῶσπερ
1329 2171 1378 2224 οἱ
1407 2170 1506 2233 τὰς

57 2272 229 2334 elisae;
281 2269 362 2324 διὰ
406 2267 513 2321 τῶν
548 2264 870 2336 κρουμάτων
922 2261 1055 2334 (15).
1084 2261 1289 2325 Πολλάς
1319 2277 1382 2329 γε
1414 2255 1507 2313 οὖν

57 2363 167 2430 iam
188 2362 273 2423 τὰς
312 2357 614 2421 ἐπιστολὰς,
648 2356 744 2410 καὶ
775 2353 990 2425 μακρὰς
1021 2351 1096 2417 ὡς
1133 2353 1212 2406 ἔνι
1240 2351 1504 2423 μάλισταο

59 2451 179 2522 ὖγὰρ
205 2451 258 2523 δὴ
301 2451 460 2522 ἀρετὴ
494 2447 786 2516 ἐπιπολῆς
817 2448 851 2517 ἡ
883 2445 1176 2517 βραχύτης,
1213 2445 1274 2498 οὐ
1311 2443 1508 2516 μᾶλλόν

57 2561 80 2594 σε
99 2542 406 2615 ἦὰνθρώπου.
436 2541 625 2616 Γράφε
651 2540 709 2594 δὲ
733 2541 863 2610 ἡμῖν
889 2539 959 2590 τά
977 2555 1036 2590 τε
1062 2537 1202 2590 κατὰ
1221 2537 1313 2591 τὸν
1339 2533 1504 2600 οἷκον,

58 2635 404 2698 πωςδιάκειται,
437 2633 538 2687 καὶ
583 2629 712 2684 αὐτό
751 2647 831 2682 σοι
872 2628 932 2681 τδ
962 2629 1118 2697 σῶμα
1142 2628 1288 2692 ὅπως
1321 2628 1510 2696 ὑγείας

57 2742 135 2794 χει⁶
175 2728 268 2793 καὶ,
322 2727 369 2779 εἰ
406 2725 473 2779 τὰ
503 2723 616 2778 τῶν
658 2720 989 2791 Ἐκκλησιῶν
1033 2720 1292 2790 ἡσυχάζει
1317 2737 1331 2751 ο
1359 2719 1512 2790 μέλει

57 2818 111 2886 ’ἀρ
135 2835 197 2871 σοι
212 2817 294 2871 καὶ
319 2817 518 2871 τούτων
553 2813 730 2876 καλῶς
758 2811 1013 2866 ποιοῦντι.
1050 2812 1160 2864 Καὶ
1205 2811 1386 2882 μέντοι
1417 2812 1511 2866 καὶ

58 2911 73 2960 l
98 2926 160 2972 τις
191 2909 394 2981 δύναμις
440 2907 822 2978 συμπονεῖντῇ
861 2904 1052 2977 εἰρήνῃ
1087 2903 1180 2956 καὶ
1215 2906 1282 2974 τῇ
1321 2903 1512 2956 ὲνωσει

58 2999 112 3051 ’ὧν
129 2999 460 3071 διεστηκότων,
496 2999 578 3070 μὴ
623 2993 913 3068 παραιτοῦ.
969 2995 1029 3047 ’0
1052 2993 1109 3046 δὲ
1139 2993 1372 3065 χρηστὸς
1400 2994 1515 3046 Κυ-

57 3091 173 3152 sub;
209 3091 363 3161 ἥψατο
409 3090 675 3164 πρότερον
706 3088 806 3158 τῆς
830 3086 1081 3157 σπουδῆς,
1109 3087 1204 3140 καὶ
1228 3086 1349 3139 τότε
1381 3087 1512 3157 ἡμῖν

2121 1053 2396 1121 Philagrio
2425 1055 2644 1108 Arcano.

1676 1165 1873 1219 Gratiae
1901 1165 2010 1221 Deo
2050 1178 2240 1221 sancto
2271 1183 2286 1233 ;
2326 1181 2435 1220 non
2467 1169 2612 1222 enim
2664 1166 2896 1222 dixerim
2923 1181 3009 1223 me
3037 1182 3164 1238 gra-

1606 1255 1736 1308 tiam
1764 1253 1964 1310 habere
1996 1254 2086 1309 his
2111 1254 2204 1324 qui
2238 1261 2292 1309 te
2319 1254 2576 1310 laeserunt
2603 1292 2619 1319 ,
2651 1254 2798 1324 quod
2841 1253 2974 1308 mihi
3021 1254 3165 1308 litte-

1605 1361 1788 1400 rarum
1836 1347 2054 1401 occasio
2082 1346 2408 1403 exstiterint.
2469 1346 2576 1402 Sed
2608 1349 2699 1417 qui
2738 1361 2839 1402 nos
2887 1345 3166 1401 undecun-

1605 1451 1712 1504 que
1762 1435 2040 1490 beneliciis
2091 1435 2258 1490 allicit
2312 1433 2614 1500 Dominus,
2671 1435 2822 1490 novit
2873 1450 2971 1506 per
3016 1434 3166 1506 ipsas

1605 1525 1765 1580 etiam
1801 1526 2080 1581 molestias
2133 1525 2358 1596 implere
2389 1542 2530 1596 saepe
2553 1527 2976 1584 consolationes.
3012 1526 3168 1582 Unde

1606 1624 1660 1670 et
1715 1617 1846 1671 mihi
1900 1617 2174 1672 levitatem
2221 1632 2410 1674 eorum
2458 1619 2551 1689 qui
2601 1635 2631 1672 a
2687 1628 2744 1675 te
2793 1619 3162 1690 aufugerunt,

1605 1705 1786 1775 gaudii
1826 1707 2167 1764 occasionem
2209 1708 2407 1766 elfecit.
2445 1708 2667 1776 Verum,
2702 1712 2943 1782 qualibet
2984 1711 3166 1767 oblata

1606 1801 1893 1854 occasione
1922 1839 1938 1865 ,
1977 1799 2044 1855 ad
2078 1816 2163 1856 me
2219 1802 2396 1858 scribe
2423 1843 2451 1870 ,ι
2474 1818 2598 1859 cum
2634 1805 2846 1860 scribas
2885 1804 3013 1859 talia
3035 1844 3053 1872 ,
3097 1819 3167 1860 ex

1612 1887 1885 1943 voluntate
1913 1891 2047 1943 adeo
2103 1889 2264 1952 bona,
2305 1898 2359 1946 et
2401 1891 2584 1964 lingua
2627 1893 2764 1949 adeo
2796 1906 2952 1962 pura.
2981 1891 3166 1958 Quan-

1610 1993 1772 2050 quam
1799 1979 1944 2033 enim
1992 1981 2255 2036 orationis
2312 1983 2636 2040 suavitatem
2694 1985 2891 2040 sectari
2940 1999 3026 2040 me
3055 1998 3164 2038 non

1611 2070 1815 2124 allirmo
1838 2109 1854 2132 ,
1905 2079 2084 2125 tamen
2117 2080 2315 2127 natura
2351 2072 2488 2128 duce
2516 2090 2614 2145 per
2642 2074 2788 2130 illam
2819 2074 3163 2141 demulceor;

1610 2170 1664 2217 et
1691 2177 1785 2218 vos
1817 2177 2046 2233 quorum
2076 2165 2252 2220 oratio
2281 2167 2466 2222 suavis
2504 2176 2588 2222 est
2632 2183 2695 2222 ac
2743 2167 2985 2236 jucunda
3016 2207 3033 2232 ,
3079 2184 3166 2222 me

1611 2252 1833 2323 perinde
1906 2253 2137 2320 ducitis,
2219 2269 2284 2311 ac
2337 2270 2466 2327 apes
2525 2255 2811 2314 tinnitibus
2867 2257 3162 2313 ducuntur.

1613 2344 1810 2400 Multas
1863 2345 2028 2417 igitur
2077 2346 2230 2402 mitte
2288 2347 2588 2417 epistolas,
2643 2357 2698 2404 et
2754 2365 2917 2420 quam
2965 2350 3167 2419 poteris

1614 2438 1992 2509 longissimas;
2025 2453 2136 2494 non
2175 2439 2320 2494 enim
2370 2441 2544 2496 virtus
2602 2442 2845 2512 epistolae
2887 2442 3125 2497 brevitas
3149 2481 3164 2505 .

1613 2545 1722 2584 non
1750 2544 1881 2585 sane
1915 2530 2089 2601 magis
2117 2545 2278 2600 quam
2319 2531 2577 2588 hominis.
2610 2531 2800 2589 Scribe
2837 2543 3016 2588 autem
3069 2546 3170 2586 no-

1614 2621 1702 2676 bis
1742 2629 1797 2676 et
1824 2621 1891 2677 de
1917 2622 2088 2678 rebus
2127 2622 2237 2677 tuis
2267 2623 2606 2688 domesticis,
2640 2640 2750 2696 quo
2783 2625 2892 2681 sint
2929 2626 3087 2689 loco;
3116 2631 3173 2679 et

1615 2728 1813 2783 corpus
1869 2722 2023 2768 tuum
2057 2721 2117 2768 ut
2143 2715 2336 2779 valeat,
2374 2721 2430 2769 et
2456 2723 2636 2770 utrum
2678 2731 2766 2772 res
2801 2714 3170 2772 Ecclesiarum

1615 2803 1922 2874 tranquille
1953 2805 2083 2860 sint.
2121 2803 2255 2858 Nam
2301 2814 2357 2861 et
2385 2805 2500 2861 haec
2539 2806 2636 2862 tibi
2685 2821 2832 2862 cura:
2863 2816 3028 2871 sunt,
3071 2822 3172 2862 nec

1615 2895 1910 2950 immerito.
1972 2893 2084 2950 lmo
2135 2896 2352 2951 etiamsi
2413 2912 2522 2967 qua
2566 2897 2801 2954 facultas
2838 2899 2904 2954 de
2947 2913 3082 2969 pace
3118 2907 3174 2954 et

1616 2985 1994 3042 dissidentium
2060 2987 2444 3056 conjunctione
2481 2989 2819 3045 allaborandi
2849 3031 2864 3053 ,
2910 3006 2978 3046 ne
3025 2991 3175 3048 refu-

1618 3080 1755 3148 gias.
1791 3077 2057 3134 Caeterum
2109 3079 2286 3134 bonus
2330 3079 2420 3134 ille
2447 3079 2708 3151 Cyriacus
2759 3084 2911 3153 prius
2948 3082 3177 3154 diligen-

57 3181 217 3235 ιπέὸωκε
248 3183 336 3254 τὴν
357 3182 645 3252 ἐπιστολήν
666 3197 682 3211 ·
714 3179 807 3233 ἐπὶ
836 3177 892 3231 δὲ
920 3177 1032 3248 (14)
1069 3176 1138 3230 τὰ
1168 3177 1393 3247 λείψανα
1417 3175 1512 3231 τοῦ

1624 3173 1688 3227 lia
1715 3189 1849 3228 usus
1889 3179 1995 3238 est,
2027 3179 2082 3226 et
2110 3179 2241 3228 tunc
2284 3173 2414 3228 mihi
2445 3174 2679 3230 reddidit
2725 3175 3004 3245 epistolam
3033 3195 3046 3230 :
3079 3175 3176 3231 de-

57 3272 287 3342 εράγματος
339 3275 456 3346 ἔσχε
505 3267 954 3344 συναιρομένους,
1000 3270 1068 3324 τὰ
1105 3273 1240 3342 ἡμῖν
1293 3271 1508 3325 δυνατά.

58 3362 388 3437 Ἐπεστεῐλαμεν
412 3367 527 3438 γὰρ
545 3365 623 3436 τῷ
663 3362 1059 3436 χωρεπισκόπῳ
1082 3362 1188 3416 τῶν
1225 3362 1402 3416 τόπων
1417 3379 1430 3390 '
1454 3356 1513 3424 ὃς

58 3450 106 3503 ἂν
128 3458 291 3530 ποιήσῃ
321 3476 369 3512 τι
397 3458 510 3512 τῶν
551 3452 1056 3528 προστεταγμένων,
1096 3453 1234 3506 αὐτὰ
1259 3450 1512 3522 γνωρίσει

57 3545 86 3599 ιὰ
109 3550 371 3620 πράγματα.

459 3787 806 3842 ΕΠΙΣΤΟΛΗ
830 3787 999 3841 TKA'.

1618 3265 1746 3320 inde
1769 3265 1837 3319 ad
1864 3263 1917 3318 id
1943 3265 2088 3334 quod
2116 3273 2398 3335 supererat
2426 3267 2627 3337 negotii
2652 3267 2927 3337 adjutores
2949 3282 3049 3324 nos
3085 3267 3176 3322 ba-

1617 3357 1735 3412 buit
1769 3371 1868 3426 pro
1895 3356 2102 3412 nostris
2135 3355 2362 3412 viribus.
2410 3355 2740 3426 Scripsimus
2777 3358 2918 3412 enim
2947 3357 3013 3412 ad
3036 3359 3175 3412 loco-

1617 3463 1738 3501 rum
1768 3447 2213 3517 cborepiscopum
2241 3462 2256 3499 :
2285 3448 2380 3518 qui
2407 3448 2623 3518 quidem
2657 3456 2838 3503 utrum
2868 3448 3070 3518 aliquid
3107 3463 3176 3502 ex

1620 3539 1709 3603 iis,
1731 3555 1851 3610 quae
1875 3540 1931 3594 in
1961 3538 2228 3595 mandatis
2263 3539 2425 3596 habet
2448 3541 2787 3611 perfecturus
2807 3541 2910 3606 sit,
2940 3554 3028 3596 res
3055 3540 3172 3609 ipsa

1622 3631 2060 3687 demonstratum
2093 3639 2198 3688 est.

1950 3784 2113 3858 ω
2139 3783 2470 3840 EPISTOLA
2493 3785 2856 3842 cccxxrv“.

867 3923 911 3971 11
916 3927 1101 3973 artatur
1121 3928 1171 3972 ut
1193 3919 1284 3973 sibi
1308 3928 1468 3972 caveat
1484 3934 1516 3971 a
1542 3919 1758 3972 Patricio
1776 3920 1964 3974 homine
1985 3915 2261 3986 vaferrimo.

379 4030 685 4097 Πασινίκῳ
749 4030 860 4102 (15)
909 4031 1102 4099 ἰατρῷ.

89 4142 250 4212 Δεῖγμα
270 4143 374 4214 (16)
397 4144 491 4199 τοῦ
531 4145 604 4216 μὴ
630 4142 921 4214 παρέργως
950 4159 1008 4196 σε
1033 4142 1176 4212 ἔχειν
1208 4144 1333 4214 περὶ
1352 4145 1516 4216 ἡμᾶς,

57 4232 84 4280 ἢ
117 4235 247 4298 εὐθὺς
269 4237 357 4290 ἀπ’
393 4236 594 4299 αὐτῶν,
616 4236 690 4299 ὡς
711 4237 907 4299 εἰπεῖν,
936 4234 1043 4287 τῶν
1077 4234 1254 4304 θυρῶν
1288 4239 1387 4306 τῆς
1411 4237 1523 4289 εἰσ-

2160 4031 2407 4086 Pasinico
2443 4034 2660 4087 medico.

1692 4146 2026 4217 Argumento
2085 4154 2168 4201 est
2211 4161 2296 4200 me
2355 4161 2384 4199 a
2456 4156 2509 4202 te
2565 4164 2670 4203 non
2730 4152 2968 4222 negligi,
3030 4158 3170 4225 quod

1625 4240 1808 4292 statim
1865 4239 1935 4292 ab
1990 4237 2126 4308 ipsis
2171 4237 2387 4306 judicii,
2446 4248 2505 4292 ut
2539 4239 2614 4294 ita
2645 4240 2843 4307 dicam,
2873 4244 3058 4314 januis
3091 4264 3177 4304 me

57 4321 124 4375 ἰδου
152 4327 244 4397 (17)
271 4327 737 4401 προσφθέγγεσθαι
780 4328 949 4398 ἡμᾶς.
981 4327 1135 4378 Ἔστι
1181 4327 1277 4396 μὲν
1311 4322 1400 4380 οὖν
1431 4327 1523 4380 καὶ

1625 4328 1892 4384 salutasti.
1943 4327 2120 4398 Atque
2164 4328 2296 4383 illud
2349 4329 2565 4400 quidem
2624 4331 2860 4401 Optabile
2912 4343 3035 4398 est,
3090 4338 3180 4389 lit-

57 4409 133 4462 ῐῦτδ
157 4417 364 4487 σπουδῆς
389 4417 560 4483 ἄξιον,
591 4417 650 4468 τὸ
673 4415 914 4484 ἐντυχεῖν
941 4413 1230 4484 γράμμασι
1255 4412 1484 4482 φιλικοῖς
1507 4430 1520 4442 ο

58 4499 107 4551 Liv
135 4503 179 4556 δὲ
202 4509 284 4561 καὶ
326 4509 423 4580 τὴν
473 4509 570 4562 ἐπὶ
616 4510 727 4574 τοῖς
767 4510 1044 4580 μεγίστοις
1075 4509 1256 4583 χρείαν
1296 4509 1432 4581 ἀνύῃ
1456 4508 1524 4562 τὰ

91 4674 175 4752 (10)
212 4683 489 4752 Φιλαγρίφ
529 4682 801 4750 Ἁρκήνφ.
856 4683 949 4740 Sic
1004 4692 1117 4740 tres
1172 4684 1526 4740 vetustissimi

58 4744 416 4824 fodices,itider'ri
445 4744 506 4808 ut
543 4744 696 4807 editi.
751 4744 882 4824 Reg.
934 4755 1208 4809 secundus
1263 4763 1318 4809 et
1355 4754 1522 4811 Coisl.

57 4819 284 4896 sectrndus,
329 4823 605 4896 thgypiqr
631 4819 886 4896 ξΑρκίνῴ.
933 4824 1066 4896 Beg.
1116 4825 1345 4896 primus,
1377 4825 1531 4878 Φιλα-

57 4893 398 4996 tantum.
427 4893 547 4947 Duo
574 4893 734 4948 iidem
764 4909 897 4948 mss.
932 4893 1088 4948 initio
1108 4893 1372 4964 epistolas,
1398 4896 1530 4948 ὑπο-

90 5025 179 5100 (11)
218 5027 572 5104 Εᾳαιότηίτα.
608 5032 698 5086 Sic
723 5040 950 5104 uterque
970 5033 1156 5104 _Coisl.
1199 5032 1532 5104 cum_Regio

57 5099 173 5149 trimo
195 5107 242 5172 et
271 5099 440 5172 Paris.
470 5099 612 5157 Huic
650 5099 934 5172 scripturae
960 5102 1100 5158 favet
1123 5104 1287 5159 etiam
1311 5099 1530 5158 Vatica-

58 5176 132 5244 ius,
160 5169 446 5244 quighabet,
486 5169 828 5244 ἐκκαιότητα.
876 5173 1026 5228 Harl.
1055 5183 1110 5228 et
1159 5173 1295 5244 Reg.
1326 5175 1533 5244 primus

57 5236 315 5313 lelllhtldllls,
347 5243 654 5313 σκαιότητα.

93 5302 180 5372 με)
227 5302 861 5384 ᾉποδράιςτών-ᾳεηδὶο
898 5310 1069 5384 H_arl.,
1092 5312 1268 5384 Cois].
1297 5314 1530 5384 primus,

58 5366 141 5453 leg.
166 5366 449 5453 'prinrus_'et
476 5380 597 5434 Vat.
628 5382 792 5447 Editi,
826 5366 1267 5453 dmdpaa'dvrwn
1294 5366 1533 5438 ἓεζςιάέ

57 5449 126 5528 ‘oIlu
137 5481 176 5528 Β.
190 5448 518 5528 ἀποδράντων
557 5468 668 5528 σου.

94 5507 181 5576 (15)
208 5507 566 5588 Κροίλμάτων.
624 5521 699 5574 Ita
751 5529 866 5575 tres
916 5522 1269 5579 vetustissimi
1321 5523 1534 5578 codices

58 5589 334 5661 "az-natam
376 5589 502 5661 ςιςιος
537 5590 700 5652 Eum.
730 5592 1103 5661 κρουσμάτωνο

95 5650 181 5709 (Ml
222 5655 339 5712 Ἐπὶ
364 5658 446 5714 δέ.
478 5659 566 5716 Sic
589 5650 720 5716 mss.
757 5650 917 5723 Editi;
937 5661 1054 5714 ἐπεὶ
1082 5663 1154 5717 δέ.

1625 4427 1773 4474 teras
1799 4419 2003 4474 amicas
2032 4418 2322 4489 accipere:
2364 4420 2457 4475 sed
2501 4420 2547 4475 si
2575 4436 2695 4491 quae
2737 4422 3070 4483 scribuntur.
3122 4426 3178 4480 in

1625 4510 1790 4566 rebus
1841 4510 2092 4566 maximis
2145 4510 2267 4566 usui
2329 4513 2434 4566 sint
2465 4553 2480 4578 ,
2539 4520 2683 4568 certe
2728 4513 2782 4566 in
2816 4513 2991 4583 pretio
3023 4514 3182 4586 longe

1697 4686 1809 4754 (15)
1854 4689 2173 4753 Πασινικῳ.
2196 4687 2456 4750 Clarom.,
2487 4688 2788 4752 Παιωνίκῳ.

1700 4755 1810 4825 (16)
1839 4757 2066 4825 Δεῖγμα.
2094 4756 2232 4810 Editi
2262 4758 2486 4821 addunt,
2512 4758 2783 4826 μέγιστον,
2808 4757 2899 4812 sed
2922 4757 3073 4812 deest
3095 4759 3183 4813 illa

1628 4839 1729 4898 vos
1762 4827 1815 4880 in
1845 4841 1940 4898 sex
1965 4827 2268 4898 codicibus.
2311 4827 2508 4881 Ibidem
2558 4828 2724 4898 Co_isl.
2761 4829 2987 4896 primus,
3039 4828 3184 4898 ἔχειν

1629 4895 1768 4969 πρὸς
1792 4897 1968 4969 ἡμᾶςζ
2000 4895 2168 4952 Coisl.
2209 4898 2482 4952 secundus
2517 4905 2570 4950 et
2616 4895 3186 4969 Reg.’secundus,"p.'lj

1630 4982 1704 5017 πα
1711 4964 2031 5035 ρέργωςῂέχε
2041 4984 2107 5019 ιν.

1701 5031 1828 5104 (17)
1867 5031 2272 5100 Τῆςίέισόδου.
2327 5033 2497 5106 Magis
2553 5034 2737 5090 arrisit
2769 5035 2880 5106 haec
2913 5036 3187 5106 scriptura

1631 5104 1763 5172 Reg.
1792 5106 2078 5175 secunruliet
2106 5107 2272 5161 Coisl.
2297 5104 2720 5175 secu'udi.quam
2739 5105 2884 5171 quod
2918 5104 3111 5175 legitur
3131 5108 3184 5160 in

1632 5176 1753 5228 aliis
1768 5243 1775 5244 ί
1792 5174 2074 5228 codicibus
2099 5187 2152 5228 et
2179 5175 2360 5235 editis,
2380 5175 2476 5243 τῆς
2489 5174 2629 5240 ὀδοῦ,
2648 5173 2711 5228 ab
2731 5175 2856 5243 ipsis
2878 5173 3184 5244 viaﬁanuis.

1633 5243 1846 5304 Εῖσοδος
1873 5244 1924 5296 in
1947 5245 2107 5310 epist.
2128 5245 2234 5299 289
2255 5253 2307 5298 et
2320 5245 2422 5298 307
2452 5245 2590 5300 idem
2621 5254 2777 5300 sonat
2812 5259 2875 5298 ac
2894 5243 3186 5313 judicium,

1635 5313 2086 5384 siveintroitusin
2112 5329 2355 5378 causam,
2376 5315 2467 5381 qui
2492 5316 2709 5384 quidem
2743 5330 2936 5369 sensus
2964 5315 3189 5368 miriﬁce

1633 5383 1862 5456 quadrat
1878 5398 1998 5456 cum
2014 5383 3004 5456 liacepistola.lbirlbrpCoislprimus,
3026 5401 3188 5456 προσ-

1635 5451 1984 5525 φθέγξασθαι.
2009 5451 2336 5525 Paulopost
2369 5454 2483 5509 Med
2516 5494 2529 5517 ,
2565 5451 2919 5521 llarl.,Coisl.
2952 5451 3184 5525 primus,

1635 5524 1683 5574 el.
1708 5521 1766 5573 δὲ
1787 5523 1878 5574 καὶ
1906 5523 2072 5591 τὴν...
2104 5521 2272 5578 ἀνύει.

1705 5593 1721 5610 ⁹
1752 5593 1898 5645 Alias
1946 5591 2184 5646 CCCLV.

1710 5663 1750 5682 "
1769 5663 1917 5716 Alias
1949 5661 2286 5716 CCCLXXV.
