3810 6500
49 374 134 432 1075
753 366 1239 423 EPISTULARUM
1275 367 1561 424 CLASSIS
1596 367 1684 424 Ill.
1724 368 1942 425 EPIST.
1981 365 2299 425 CCCXXIX.

3041 370 3182 426 1οη

49 512 110 548 ξων
135 488 226 558 (Si)
254 483 511 548 uadOsatV,
538 462 865 554 τονάδελφδν
885 486 1032 538 τόνδε
1060 485 1333 557 γνωρίσας
1360 488 1514 558 ἡμῖν,
1542 548 1545 557 η

1637 502 1853 542 erarum
1887 486 2231 540 occasionem
2265 503 2278 538 :
2310 483 2404 553 qui
2435 483 2566 538 mihi
2611 483 2758 536 hunc
2807 481 3030 538 fratrem
3079 499 3180 538 no-

49 586 97 636 τὸν
120 580 274 650 ἄνδρα.
314 569 355 645 ᾧ
387 574 525 628 κατὰ
564 575 662 645 τὴν
707 574 962 629 ἐπάνοδον
994 576 1092 648 τὴν
1135 577 1271 648 πρὸς
1294 576 1390 648 τὴν
1419 578 1518 650 σὴν

49 675 252 744 τιμεάτητει
301 665 643 739 ιέχρησέιμεθοι
690 665 788 737 τῆς
820 667 1099 739 ἐγγράφου
1135 666 1269 738 (51')
1316 667 1519 740 ταύτης

49 763 191 836 ,μελίας
229 759 372 831 ἡμῶν
399 757 650 827 διακόνῳ·
693 757 973 829 εὐχόμενοι
1006 758 1082 831 τῷ
1113 758 1250 830 Θεῷ,
1282 761 1374 814 ἐπὶ
1403 763 1521 827 μεῖ-

49 861 97 921 ζόν
123 872 167 908 σε
193 850 519 925 περιφανείας
549 849 637 903 καὶ
661 849 819 918 δόξης
857 851 1140 921 προϊόντα,
1173 854 1399 921 κοσμεῖν
1425 853 1519 904 καὶ

49 949 137 1019 ξφ
169 946 246 997 καὶ
289 943 382 1014 τὴν
429 941 658 1014 πατρίδα
710 943 890 995 πᾶσαν
933 944 1001 1014 τῇ
1065 943 1241 1013 οἰκείᾳ.
1298 941 1518 994 σεαυτοῦ

49 1042 153 1111 ιρετῇ
187 1037 302 1106 (32).
353 1031 782 1106 Παρακαλοῦμεν
830 1033 889 1086 δέ
932 1050 992 1086 σε
1023 1032 1173 1106 παρά
1219 1033 1399 1088 πάντα
1430 1033 1523 1086 τὸν

49 1138 114 1198 βίον
133 1129 400 1203 μεμνῆσθαι
441 1128 536 1182 τοῦ
584 1127 862 1192 κτίσαντός
893 1144 951 1181 σε
988 1125 1122 1180 Θεοῦ
1150 1127 1243 1180 καὶ
1271 1129 1526 1198 τιμήσαν-

153 1226 223 1278 ἵνα
241 1223 367 1295 πρὸς
408 1225 474 1294 τῇ
523 1221 617 1274 τοῦ
661 1219 777 1292 βίου
819 1219 1009 1274 τούτου
1058 1219 1400 1292 λαμπρότητι
1446 1219 1526 1273 ἔτι

49 1320 100 1371 ut
140 1315 221 1387 τῆς
244 1315 369 1385 (32°)
413 1313 665 1386 οὐρανίου
717 1312 877 1383 δόξης
935 1311 1194 1384 ἁξιωθῇς,
1241 1307 1310 1383 ἦς
1345 1311 1529 1364 ἕνεκεν

49 1413 162 1463 tim.
183 1405 408 1479 ποιητέον
427 1407 580 1477 ἡμῖν,
605 1406 719 1468 τοῖς
744 1404 880 1475 πρὸς
905 1405 1004 1476 τὴν
1029 1403 1302 1477 μακαρίαν
1329 1401 1520 1456 ἐλπίδα

49 1502 101 1570 dp
119 1500 235 1570 ζωὴν
261 1497 408 1569 ἡμῶν
433 1495 850 1551 ἁπευθύνουσιν.

450 1651 798 1705 ΕΠΙΣΤΟΛΗ
843 1649 1014 1703 ΤΚΖ⁹.

1618 589 1736 635 tum
1767 580 1912 645 fecit,
1947 579 2123 633 virum
2156 591 2351 646 nempe
2397 575 2546 630 illum
2569 614 2587 640 ,
2618 591 2727 647 quo
2760 575 2829 631 ad
2897 583 3046 630 tuam
3093 577 3180 630 di-

1619 673 1878 743 gnitatem
1929 678 2228 725 revertente
2279 669 2441 738 hujus
2511 683 2608 738 per
2661 669 2868 723 litteras
2925 668 3180 738 colloquii

1619 759 1869 814 ministro
1922 773 2052 812 usus
2103 772 2270 811 sum:
2315 755 2483 811 Deum
2545 770 2760 826 rogans,
2817 764 2876 811 ut
2911 757 3085 828 magis
3120 773 3185 814 ac

1623 849 1796 920 magis
1833 849 2094 920 dignitate
2122 863 2186 902 ac
2218 847 2390 918 gloria
2431 862 2720 912 crescens,
2760 855 2812 901 et
2849 863 2984 914 nos,
3006 857 3062 903 et
3089 862 3182 917 pa-

1622 942 1780 994 triam
1838 955 2055 996 omnem
2118 941 2336 1011 propria
2387 947 2476 993 tua
2527 939 2724 993 virtute
2771 953 3025 994 exornes.
3067 939 3183 992 Ad-

1619 1033 1811 1087 hortor
1832 1040 2010 1088 autem
2037 1040 2110 1096 te,
2150 1037 2210 1085 ut
2254 1046 2349 1101 per
2392 1037 2562 1084 totam
2611 1029 2775 1083 vitam
2835 1028 2931 1083 Dei
2995 1031 3186 1084 memia

1621 1125 1792 1189 neris,
1839 1125 1931 1195 qui
1966 1133 2019 1179 te
2047 1123 2309 1187 condidit,
2363 1137 2426 1176 ae
2479 1122 2683 1176 honore
2721 1121 3019 1176 cumulavit
3072 1140 3085 1174 :
3131 1132 3186 1175 ut

1623 1225 1820 1288 praeter
1879 1217 2042 1286 hujus
2094 1216 2216 1270 vita:
2270 1213 2614 1284 splendorem
2661 1213 2840 1268 adhuc
2871 1213 3034 1268 etiam
3065 1214 3180 1283 glo-

1625 1307 1764 1361 riam
1803 1306 2080 1361 cmlestem
2119 1302 2479 1374 consequaris
2517 1317 2531 1353 :
2577 1301 2649 1356 ob
2688 1315 2852 1372 quam
2884 1300 3064 1364 nobis,
3096 1301 3186 1369 qui

1625 1397 1692 1452 ad
1720 1398 1932 1452 beatam
1965 1412 2116 1467 spem
2142 1396 2309 1450 vitam
2339 1404 2581 1449 nostram
2605 1392 2912 1464 dirigimus,
2941 1389 3188 1446 facienda

1625 1499 1752 1546 sunt
1775 1490 1978 1545 omnia.

2046 1641 2378 1698 EPISTOLA
2408 1639 2773 1697 CCCXXVII‘.

113 1771 210 1822 Viro
231 1765 498 1834 prapotenti
519 1768 634 1819 bene
658 1773 906 1829 precatur,
925 1765 982 1816 ob
1003 1763 1232 1816 honorem
1249 1762 1342 1815 sibi
1358 1765 1420 1813 ab
1451 1761 1538 1813 illo
1554 1761 1784 1814 habitum.
1810 1763 2047 1812 Hortatur
2070 1767 2122 1810 ut
2142 1759 2208 1808 ad
2231 1757 2460 1810 Ecclesia:
2480 1755 2804 1822 defensionem
2823 1755 3063 1809 incumbat

252 1858 683 1926 Ἀνεπίγιοαφος,
713 1855 812 1909 ἐπὶ
843 1853 1248 1923 παρακλήσει.

91 1973 222 2043 ’Υπὲρ
245 1963 314 2026 ὧν
341 1969 614 2042 ,παρόντας
651 1969 799 2039 ἡμᾶς
845 1966 1132 2037 ἐτίμησας,
1158 1963 1250 2018 καὶ
1276 1964 1524 2018 ἀπόντων

49 2063 271 2135 ιεμνῆσθαι
319 2059 591 2127 καταξιοῖς
631 2060 746 2132 (55)
801 2053 953 2130 (ἦλθε
1002 2055 1110 2128 γὰρ
1163 2057 1242 2118 εἰς
1280 2055 1428 2126 ἡμᾶς
1489 2056 1524 2125 ἡ

49 2158 164 2228 non),
188 2154 322 2228 παρὰ
366 2153 458 2208 τοῦ
506 2151 717 2224 ἀγαθοῦ
772 2150 1043 2204 Δεσπότου
1081 2147 1292 2218 γένοιτό
1321 2163 1405 2202 σοι
1437 2147 1525 2201 ἀν·

49 2249 176 2312 τίδοσις
193 2265 204 2278 ·
229 2247 313 2300 καί
337 2263 394 2301 σε
428 2245 636 2318 ἴδοιμεν
660 2243 774 2316 (54)
809 2244 864 2297 ἐν
890 2245 956 2314 τῇ
987 2241 1199 2314 μεγάλῃ
1218 2239 1400 2312 ἡμέρᾳ
1426 2238 1526 2307 τῆς

49 2340 349 2412 Βικαιοκρισίας
402 2337 495 2394 τοῦ
535 2335 674 2391 Θεοῦ
728 2335 882 2408 ἡμῶν
940 2335 1034 2388 ἐπὶ
1078 2334 1261 2406 ἔργοις
1302 2329 1524 2402 ἀγαθοῖς

49 2432 282 2502 ίύδὸκιμον·
335 2433 420 2486 ἵνα
478 2429 673 2502 ὥσπερ
717 2429 819 2499 τῆς
874 2425 1106 2482 ἐνταῦθα
1168 2422 1526 2497 περιφανείας

49 2524 219 2590 ⁶,ξίωται,
243 2523 373 2578 οὕτω
400 2523 492 2578 καὶ
538 2519 691 2593 παρὰ
714 2519 792 2591 τῷ
833 2518 1066 2591 οὐρανίῳ
1097 2516 1303 2588 βασιλεῖ
1331 2513 1524 2585 σεμνό-

49 2633 146 2686 τητος
193 2617 500 2691 ἀπολαύσῃς.
558 2612 988 2688 Παρακαλοῦμεν
1039 2607 1133 2665 οῦν
1180 2607 1521 2682 προηγουμέο

49 2727 121 2775 tot,
140 2713 194 2782 τῇ
224 2711 498 2783 Ἐκκλησία
522 2708 616 2762 τοῦ
643 2707 776 2763 Θεοῦ
800 2705 996 2777 διαρκῆ
1026 2702 1404 2776 παρασχέσθαι
1427 2700 1527 2773 τὴν

49 2799 239 2870 τποώήν·
269 2801 448 2856 ἔπειτα
502 2800 601 2854 καὶ
643 2798 704 2853 τὸ
750 2801 830 2861 είς
860 2798 1008 2868 ἡμᾶς
1045 2793 1269 2865 εὐμενὲς
1299 2791 1530 2862 ἐπαυξῆ-

49 2907 113 2952 ῖαι,
131 2894 314 2965 μνήμης
329 2911 384 2947 τε
408 2892 594 2964 πάσης
609 2891 702 2946 κα)⁵
731 2887 1061 2962 προστασίας
1078 2888 1222 2958 ἡμᾶς
1253 2882 1527 2950 ἀξιοῦντα,

49 2984 230 3053 τεμνῦναι
275 2988 411 3058 ἡμᾶς
478 2986 581 3039 καὶ
637 2983 991 3056 γράμμασινο
1066 2978 1207 3033 ὥστε
1259 2975 1528 3042 ἀπόδειξιν

49 3077 139 3142 illi;
179 3077 372 3150 ἔχοντας
398 3119 412 3144 ,
463 3080 550 3132 ὅτι
597 3077 659 3130 οὐ
726 3072 934 3147 βαρῦνῃ
988 3073 1136 3143 ἡμᾶς
1185 3068 1528 3124 ἐπιστέλλον-

49 3182 104 3229 τας
123 3169 231 3240 (35),
264 3169 638 3242 συνεχέστερόν
666 3185 757 3221 σου
786 3169 851 3239 τῇ
890 3163 1210 3238 μεγαλονοίᾳ
1249 3159 1525 3230 καταθαῤ-

49 3260 186 3328 tiatur.

456 3417 806 3474 ΕΠΙΣΤΟΛΗ
839 3416 1018 3470 TKH’.

1945 1849 2073 1907 Sine
2096 1849 2454 1918 inscriptione,
2475 1846 2854 1901 exhortatoria.

1693 1963 1798 2018 Pro
1848 1977 1917 2019 eo
1968 1961 2113 2032 quod
2156 1961 2411 2031 praesenti
2440 1960 2574 2014 mihi
2611 1960 2876 2016 honorem
2907 1961 3186 2026 habuisti,

1623 2063 1678 2112 et
1714 2053 1954 2110 absentis
1994 2051 2308 2106 meminisse
2353 2049 2600 2121 dignaris
2636 2050 2730 2122 (ita
2774 2051 2919 2106 enim
2959 2051 3192 2105 auditio-

1624 2163 1692 2203 ne
1751 2145 2004 2216 accepi),
2059 2143 2554 2198 remunerationem
2611 2143 2966 2215 consequaris
3023 2159 3052 2197 a
3085 2143 3191 2199 Do-

1625 2237 1774 2290 mino
1839 2233 2091 2304 optimo:
2159 2241 2321 2301 teque
2398 2229 2679 2286 videamus
2741 2231 2798 2285 in
2853 2246 3046 2302 magna
3082 2231 3192 2287 illa

1619 2325 1753 2396 justi
1803 2322 1998 2394 judicii
2050 2319 2142 2375 Dei
2185 2319 2360 2374 nostri
2421 2319 2509 2373 die
2569 2319 2639 2374 ob
2680 2320 2824 2375 bona
2864 2335 3029 2390 opera
3065 2336 3193 2392 pro-

1625 2415 1806 2470 batum
1855 2421 1910 2467 et
1948 2419 2251 2482 spectatum
2301 2428 2314 2464 :
2369 2417 2428 2464 ut
2482 2409 2938 2482 quemadmodum
2990 2411 3041 2466 in
3089 2412 3191 2466 hac

1623 2509 1734 2563 vita
1789 2507 2092 2562 inelaruisti
2120 2545 2135 2569 ,
2199 2505 2272 2558 ita
2314 2509 2478 2560 etiam
2515 2502 2862 2572 splendorem
2888 2503 3033 2572 apud
3072 2519 3186 2559 cm-

1626 2599 1817 2654 lestem
1862 2612 2040 2668 regem
2108 2595 2456 2666 adipiscaris.
2508 2592 2880 2647 Adhortamur
2930 2593 3094 2663 igitur
3138 2604 3190 2648 te

1629 2698 1754 2746 ante
1808 2690 2028 2756 omnia,
2065 2697 2124 2743 ut
2152 2689 2205 2743 in
2259 2686 2355 2743 Dei
2399 2685 2699 2741 Ecclesiam
2757 2684 2887 2754 juge
2934 2684 3193 2741 conferas

1627 2783 1866 2840 studium
1907 2800 1920 2834 :
1961 2781 2159 2837 deinde
2224 2780 2386 2834 etiam
2423 2819 2440 2844 ,
2514 2785 2573 2832 ut
2656 2777 3086 2832 benevolentiam
3139 2779 3192 2830 in

1627 2893 1730 2932 nos
1783 2875 2054 2946 adaugeas
2083 2913 2100 2934 .
2151 2887 2346 2942 meque
2395 2869 2772 2926 recordatione
2811 2870 2960 2924 omni
3003 2884 3068 2924 ac
3098 2885 3194 2939 pa-

1629 2970 1861 3026 trocinio
1891 2969 2184 3038 dignatus,
2237 2963 2434 3019 litteris
2488 2963 2650 3018 etiam
2709 2962 3076 3028 cohonestes,
3121 2960 3193 3014 ita

1630 3073 1690 3120 ut
1749 3062 1836 3117 ubi
1888 3068 2228 3133 compertum
2274 3057 2379 3113 erit
2446 3070 2532 3109 me
2569 3054 2668 3109 tibi
2733 3055 3017 3110 molestum
3081 3068 3193 3106 non

1630 3172 1790 3218 esse,
1823 3153 2050 3209 audeam
2099 3150 2164 3204 ad
2203 3158 2351 3203 tuam
2399 3145 2897 3218 magnanimitatem
2947 3143 3192 3200 crebrius

1627 3247 1884 3305 scribere.

2020 3393 2355 3451 EPISTOLA
2383 3391 2725 3448 CCCXXV"!
2744 3394 2806 3447 “.

782 3559 787 3567 -
809 3529 998 3581 Salutat
1024 3525 1398 3595 Hyperechium,
1422 3535 1565 3589 seque
1601 3517 1670 3571 ait
1692 3530 1787 3568 non
1808 3512 1980 3566 melius
2002 3512 2141 3564 solito
2161 3511 2341 3562 valere.

573 3633 587 3651 '
599 3633 912 3702 Υπερεχίῳ.

84 3742 165 3796 Kal
205 3744 578 3817 προσαγορεύω
623 3744 723 3816 τὴν
772 3742 1067 3815 τιμιότητὰ
1107 3759 1220 3806 σου,
1248 3740 1344 3794 καὶ
1374 3737 1528 3810 εὖχο-

49 3834 106 3899 μί
127 3851 188 3888 σοι
209 3837 269 3891 τὰ
293 3837 466 3906 ἀγαθά
489 3855 504 3868 ο
561 3837 797 3908 ἐμαυτὸν
835 3836 892 3890 δὲ
926 3834 1260 3907 καταμηνύω
1294 3831 1527 3902 σπουδὴν

49 3925 160 3994 ἔχοντι
195 3931 390 3996 πάντως
417 3930 618 3986 εἰδέναι
649 3929 720 3983 τὰ
762 3928 885 3982 καθ’
916 3928 1082 3998 ἡμᾶς.
1111 3925 1276 3997 μηδὲν
1308 3923 1529 3994 ἄμεινον

49 4018 105 4087 ti};
140 4023 393 4094 συνηθείας
467 4023 780 4094 πράττοντα
833 4019 969 4090 (56).
1034 4018 1154 4073 Τῶν
1177 4018 1283 4089 γὰρ
1323 4017 1528 4087 δυσφη-

50 4109 217 4180 ωτέρων
257 4113 522 4184 φείδομαι,
571 4111 647 4175 ὡς
688 4111 758 4165 ἂν
789 4111 864 4183 μὴ
887 4111 1027 4166 πάνυ
1059 4110 1284 4180 λυποίην
1333 4107 1422 4162 τὸν
1460 4107 1530 4160 τὰ

49 4196 222 4262 mnam
251 4206 372 4277 ἡμῖν
401 4205 809 4275 συνευχόμενον.

461 4359 808 4415 ΕΠΙΣΤΟΛΗ
840 4312 1010 4411 ΤΚΘθ.

2257 3609 2600 3682 Hyperechio.

1597 3703 1604 3711 I
1703 3731 1768 3784 Et
1805 3729 1983 3786 saluto
2047 3733 2195 3780 tuam
2246 3722 2568 3795 dignitatem
2599 3761 2614 3788 ,
2667 3727 2720 3775 et
2762 3719 2860 3774 tibi
2897 3719 3034 3775 bene
3064 3735 3190 3790 pre-

1631 3841 1744 3881 cor.
1811 3821 1956 3876 Meas
1997 3827 2182 3874 autem
2242 3832 2333 3872 res
2385 3815 2526 3870 scire
2589 3813 2750 3868 etiam
2805 3821 2967 3882 atque
3030 3813 3193 3866 etiam

1635 3918 1859 3983 aventi,
1934 3915 2156 3971 declaro
2207 3910 2403 3966 melius
2453 3907 2615 3963 solito
2672 3905 2802 3959 mihi
2872 3920 2981 3958 non
3048 3919 3190 3958 esse.

1633 4012 1810 4067 Nolim
1859 4009 2006 4066 enim
2046 4007 2267 4079 gravius
2313 4001 2607 4073 quidquam
2653 3998 2868 4062 dicere,
2916 4013 2985 4053 ne
3036 4012 3192 4067 pror-

1635 4121 1730 4162 sus
1767 4118 1912 4169 eum,
1954 4100 2046 4172 qui
2087 4098 2221 4154 mihi
2257 4096 2463 4167 optima
2502 4099 2780 4164 precatur,
2821 4089 3049 4146 alliciam
3091 4089 3194 4144 tri-

1635 4198 1806 4256 stitia.

1930 4349 2087 4424 451
2129 4345 2462 4403 EPISTOLA
2489 4343 2869 4402 cccxxrx

726 4471 918 4525 Gratias
937 4469 1039 4536 agit
1057 4472 1117 4521 ob
1143 4469 1297 4535 pisces
1314 4468 1380 4520 ad
1403 4481 1457 4519 se
1477 4466 1667 4530 missos,
1690 4466 1776 4518 sed
1794 4465 1943 4518 multo
1963 4463 2118 4529 magis
2140 4463 2199 4516 ob
2217 4463 2419 4515 litteras.

599 4586 883 4653 Φαλερίῳ.

82 4697 195 4752 Πάνυ
211 4700 371 4772 ἡδέως
396 4699 666 4771 ὲτέρφθην
691 4701 806 4760 τοῖς
839 4695 1126 4766 ποταμίοις
1168 4693 1364 4766 ἰχθύσι,
1395 4710 1527 4764 μνη-

49 4793 270 4864 ηκακήσας
324 4794 435 4866 (57)
487 4791 665 4846 αὐτῶν
706 4790 805 4862 τὴν
866 4788 1041 4860 φυγὴν
1074 4789 1140 4859 ἢν
1166 4787 1362 4857 ἔφυγον
1390 4785 1525 4838 ὑπο-

80 4947 166 5022 (ἔνι)
186 4953 549 5022 Πρατμὰτων.
579 4949 1070 5022 commodissimam
1099 4945 1416 5022 negotiorum
1429 4959 1526 5022 ex-

49 5013 343 5098 edienaorum'
369 5025 731 5098 occasionem._
762 5018 1073 5098 Ιλθεεξιεωῐι]
1113 5024 1265 5085 Pum-
1292 5013 1523 5098 Q°"'_I.’e'

49 5085 160 5164 isius,
201 5094 554 5164 γραμμάτων.
602 5090 767 5146 Valde
811 5085 1015 5164 arridet
1043 5088 1171 5164 hinc
1223 5085 1525 5164 sententia;

50 5157 102 5239 ﬁ!
121 5157 225 5228 quia
240 5157 431 5220 'millus
473 5164 614 5218 favet
639 5177 742 5218 ms.
774 5161 967 5226 codex,
1003 5157 1138 5212 nihil
1185 5158 1304 5211 ausi
1337 5169 1528 5211 sumus

49 5240 70 5278 ο
92 5244 186 5294 lvso
209 5243 451 5290 contextu
471 5241 702 5289 mutare.

80 5298 186 5372 (δν)
220 5304 555 5376 Ἐγηοάφοω
579 5303 655 5357 Ita
701 5317 835 5359 mss.
890 5315 1100 5369 omnes.
1139 5297 1302 5361 Editi,
1330 5294 1531 5366 ἐγγρά-

49 5384 107 5416 ἲῗῖε

49 5397 166 5519 "132)
193 5445 457 5519 I_I_&o’ar..._
490 5441 838 5519 ἀρετῇ.
865 5440 1046 5496 addita
1075 5455 1140 5493 ex
1175 5436 1334 5500 Med..
1361 5434 1532 5492 Coisl.

50 5513 182 5576 trimo.
206 5513 321 5571 Vat.
347 5527 400 5572 et
429 5513 642 5573 duobus
672 5517 812 5568 aliis.

81 5581 190 5660 (52³)
217 5588 338 5642 Ἔτι
363 5587 611 5657 καὶτῆς.
646 5584 882 5640 Primam
915 5595 1102 5636 vocem
1129 5579 1437 5634 addidimus
1461 5593 1525 5634 ex

49 5663 217 5722 [unique
234 5673 361 5714 mss.

64 5723 171 5795 _(_53)
206 5728 520 5795 Καταξιοῖς.
571 5727 646 5782 Ita
693 5741 826 5780 mss.
872 5730 1104 5795 quatuor
1114 5736 1163 5795 _:_
1180 5718 1308 5795 editi
1338 5759 1375 5795 ,_
1400 5736 1528 5795 κατ-

49 5787 190 5858 ιξῐους.
218 5787 385 5854 Ρειιιό
427 5787 544 5857 post
579 5798 861 5854 Mediczeus
890 5787 1084 5849 'codex.
1114 5787 1274 5845 imm
1320 5790 1425 5841 γὰο
1454 5788 1526 5841 ὡς

2261 4573 2528 4629 Phalerio.

1705 4687 1959 4745 Suaviter
2028 4687 2252 4742 omnino
2324 4685 2629 4741 delectatus
2696 4695 2821 4735 sum
2885 4677 3196 4734 ﬂuvlalihus

1632 4783 1876 4855 piscibus
1904 4821 1920 4845 ,
1969 4781 2263 4853 fugamque
2336 4778 2483 4833 ultus
2548 4788 2712 4837 sum,
2763 4786 2927 4842 quam
2971 4785 3200 4825 concre-

1631 4938 1797 5008 ἡμῖὶς,
1839 4927 1843 4931 “

1703 4976 1816 5072 δέ)
1841 5005 2108 5072 Ἰδοιμεν.
2144 5003 2234 5056 Sic
2261 5002 2371 5057 duo
2403 5016 2536 5059 mss.
2574 4997 2751 5066 Editi,
2787 4996 3004 5068 ἴδωμεν.
3032 4995 3200 5052 Paulo

1633 5083 1758 5147 post
1791 5091 1924 5133 mss.
1964 5083 2098 5147 tres,
2140 5073 2388 5147 ἠξίωσεν.

1705 5145 1816 5217 (55)
1848 5137 2362 5210 Ἐπιστέλλὸντας.
2385 5140 2525 5197 Editi
2539 5139 2776 5217 addunt,
2803 5155 2908 5217 σοι,
2936 5138 3029 5217 sed
3048 5137 3201 5217 deest

1635 5209 1749 5272 haec
1768 5209 1960 5272 vocula
1992 5217 2046 5270 in
2079 5209 2331 5286 quatuori
2359 5228 2491 5268 mss.
2539 5209 2698 5268 Deest
2746 5211 2907 5268 etiam
2961 5210 3106 5280 ἡμᾶς
3139 5209 3198 5262 in

1615 5287 1823 5344 codice
1864 5285 2148 5341 Vaticano.

1709 5359 1821 5430 (56)
1853 5356 2211 5430 Πράττονταξ.
2239 5352 2318 5408 lla
2339 5369 2472 5430 mss.
2500 5351 2665 5430 Editi,
2696 5352 3005 5430 πράττοντι.

1710 5418 1819 5500 (57)
1842 5418 2334 5496 Μᾶησικακήσας.
2358 5422 2480 5478 Haec
2497 5418 2787 5500 scriptura,
2813 5436 2935 5492 quae
2961 5423 3012 5473 in
3040 5418 3200 5474 editis

1639 5508 1693 5557 et
1718 5494 1998 5555 nonnullis
2045 5506 2220 5553 exstat
2258 5512 2390 5550 mss.
2423 5512 2486 5549 ac
2524 5495 2650 5548 olim
2693 5494 2865 5564 prima
2890 5505 3071 5564 finanu‘
3107 5504 3201 5543 ex-

1639 5571 1778 5627 stitit
1805 5575 1857 5625 in
1887 5569 2192 5632 Harlaaann,
2234 5567 2483 5635 displicet
2510 5559 2856 5630 Combeﬁsio,
2888 5559 3200 5633 legendum—

1709 5647 1725 5660 ⁴
1753 5641 1901 5696 Alias
1932 5637 2188 5695 CCXXV.

1710 5717 1747 5736 “
1771 5714 1921 5766 Alias
1943 5707 2282 5766 CCCLXV”.

1708 5788 1770 5807 '“
1806 5785 1954 5837 Alias
1974 5778 2318 5836 CCLXXXIL
