  <div class='ocr_page' id='page_1' title='image "/cluster/home/n/w/nwhite01/storage/ocr_20150623/32/hvd.32044020606729/548.png"; bbox 0 0 3810 6500; ppageno 0'>
   <div class='ocr_carea' id='block_1_1' title="bbox 61 357 159 414">
    <p class='ocr_par' dir='ltr' id='par_1_1' title="bbox 61 357 159 414">
     <span class='ocr_line' id='line_1_1' title="bbox 61 357 159 414; baseline -0.02 -2"><span class='ocrx_word' id='word_1_1' title='bbox 61 357 159 414; x_wconf 71' lang='grc' dir='ltr'><strong>1οΠ</strong></span> 
     </span>
    </p>
   </div>
   <div class='ocr_carea' id='block_1_2' title="bbox 501 481 1045 536">
    <p class='ocr_par' dir='ltr' id='par_1_2' title="bbox 501 481 1045 536">
     <span class='ocr_line' id='line_1_2' title="bbox 501 481 1045 536; baseline -0.009 0"><span class='ocrx_word' id='word_1_2' title='bbox 501 481 840 536; x_wconf 79' lang='grc' dir='ltr'><strong>ΕΠΙΣΤΟΛΗ</strong></span> <span class='ocrx_word' id='word_1_3' title='bbox 880 481 1023 534; x_wconf 77' lang='grc' dir='ltr'><strong>ΤΔΔ’</strong></span> <span class='ocrx_word' id='word_1_4' title='bbox 1034 519 1045 531; x_wconf 91' lang='grc'><strong>.</strong></span> 
     </span>
    </p>
   </div>
   <div class='ocr_carea' id='block_1_3' title="bbox 805 346 2375 406">
    <p class='ocr_par' dir='ltr' id='par_1_3' title="bbox 805 346 2375 406">
     <span class='ocr_line' id='line_1_3' title="bbox 805 346 2375 406; baseline 0.001 -4"><span class='ocrx_word' id='word_1_5' title='bbox 805 346 1290 404; x_wconf 78' lang='lat' dir='ltr'><strong>EPISTOLARUM</strong></span> <span class='ocrx_word' id='word_1_6' title='bbox 1328 346 1610 406; x_wconf 74' lang='lat' dir='ltr'><strong>CLASSIS</strong></span> <span class='ocrx_word' id='word_1_7' title='bbox 1646 347 1734 404; x_wconf 91' lang='lat' dir='ltr'><strong>lll.</strong></span> <span class='ocrx_word' id='word_1_8' title='bbox 1775 347 1989 404; x_wconf 86' lang='lat' dir='ltr'><strong>EPIST.</strong></span> <span class='ocrx_word' id='word_1_9' title='bbox 2029 347 2375 404; x_wconf 76' lang='lat' dir='ltr'><strong>CCCXXXV’.</strong></span> 
     </span>
    </p>
   </div>
   <div class='ocr_carea' id='block_1_4' title="bbox 3083 347 3221 400">
    <p class='ocr_par' dir='ltr' id='par_1_4' title="bbox 3083 347 3221 400">
     <span class='ocr_line' id='line_1_4' title="bbox 3083 347 3221 400; baseline 0.029 -4"><span class='ocrx_word' id='word_1_10' title='bbox 3083 347 3221 400; x_wconf 65' lang='lat'>{0725</span> 
     </span>
    </p>
   </div>
   <div class='ocr_carea' id='block_1_5' title="bbox 2041 479 2817 542">
    <p class='ocr_par' dir='ltr' id='par_1_5' title="bbox 2041 479 2817 542">
     <span class='ocr_line' id='line_1_5' title="bbox 2041 479 2817 542; baseline 0.008 -6"><span class='ocrx_word' id='word_1_11' title='bbox 2041 479 2378 537; x_wconf 84' lang='lat' dir='ltr'><strong>EPISTOLA</strong></span> <span class='ocrx_word' id='word_1_12' title='bbox 2417 480 2765 536; x_wconf 65' lang='lat' dir='ltr'><strong>CCCXXXIV</strong></span> <span class='ocrx_word' id='word_1_13' title='bbox 2789 484 2817 542; x_wconf 76' lang='lat'><strong>.‘</strong></span> 
     </span>
    </p>
   </div>
   <div class='ocr_carea' id='block_1_6' title="bbox 1095 608 2104 673">
    <p class='ocr_par' dir='ltr' id='par_1_6' title="bbox 1095 608 2104 673">
     <span class='ocr_line' id='line_1_6' title="bbox 1095 608 2104 673; baseline 0.001 -13"><span class='ocrx_word' id='word_1_14' title='bbox 1095 610 1246 661; x_wconf 75' lang='lat' dir='ltr'><strong>Multa</strong></span> <span class='ocrx_word' id='word_1_15' title='bbox 1266 610 1414 661; x_wconf 83' lang='lat' dir='ltr'><strong>tradit</strong></span> <span class='ocrx_word' id='word_1_16' title='bbox 1435 616 1674 673; x_wconf 74' lang='lat' dir='ltr'><strong>prwcepta</strong></span> <span class='ocrx_word' id='word_1_17' title='bbox 1695 617 1820 662; x_wconf 84' lang='lat' dir='ltr'><strong>recte</strong></span> <span class='ocrx_word' id='word_1_18' title='bbox 1845 608 2104 662; x_wconf 74' lang='lat' dir='ltr'><strong>scribendi.</strong></span> 
     </span>
    </p>
   </div>
   <div class='ocr_carea' id='block_1_7' title="bbox 501 735 1066 808">
    <p class='ocr_par' dir='ltr' id='par_1_7' title="bbox 501 735 1066 808">
     <span class='ocr_line' id='line_1_7' title="bbox 501 735 1066 808; baseline -0.004 -15"><span class='ocrx_word' id='word_1_19' title='bbox 501 736 894 806; x_wconf 66' lang='grc' dir='ltr'>Καὶλιγρὰφῳ</span> <span class='ocrx_word' id='word_1_20' title='bbox 931 735 1066 808; x_wconf 78' lang='grc'><strong>(47).</strong></span> 
     </span>
    </p>
   </div>
   <div class='ocr_carea' id='block_1_8' title="bbox 119 867 1566 952">
    <p class='ocr_par' dir='ltr' id='par_1_8' title="bbox 119 867 1566 952">
     <span class='ocr_line' id='line_1_8' title="bbox 119 867 1566 952; baseline -0.01 -17"><span class='ocrx_word' id='word_1_21' title='bbox 119 878 257 952; x_wconf 88' lang='grc' dir='ltr'><strong>Ὁρθά</strong></span> <span class='ocrx_word' id='word_1_22' title='bbox 292 875 488 947; x_wconf 80' lang='grc' dir='ltr'>γράφε,</span> <span class='ocrx_word' id='word_1_23' title='bbox 540 873 634 927; x_wconf 75' lang='grc' dir='ltr'>καὶ</span> <span class='ocrx_word' id='word_1_24' title='bbox 677 871 793 943; x_wconf 87' lang='grc' dir='ltr'><strong>χρῶ</strong></span> <span class='ocrx_word' id='word_1_25' title='bbox 825 874 937 936; x_wconf 84' lang='grc' dir='ltr'>τοῖς</span> <span class='ocrx_word' id='word_1_26' title='bbox 972 869 1173 940; x_wconf 82' lang='grc' dir='ltr'><strong>στίχοις</strong></span> <span class='ocrx_word' id='word_1_27' title='bbox 1218 867 1426 941; x_wconf 80' lang='grc' dir='ltr'>ὀρθῶςο</span> <span class='ocrx_word' id='word_1_28' title='bbox 1473 868 1566 922; x_wconf 77' lang='grc' dir='ltr'>καὶ</span> 
     </span>
    </p>
   </div>
   <div class='ocr_carea' id='block_1_9' title="bbox 62 958 1568 1046">
    <p class='ocr_par' dir='ltr' id='par_1_9' title="bbox 62 958 1568 1046">
     <span class='ocr_line' id='line_1_9' title="bbox 62 958 1568 1046; baseline 0.005 -23"><span class='ocrx_word' id='word_1_29' title='bbox 62 976 166 1046; x_wconf 71' lang='grc' dir='ltr'>μήτε</span> <span class='ocrx_word' id='word_1_30' title='bbox 210 965 504 1037; x_wconf 82' lang='grc' dir='ltr'>αίωρείσθω</span> <span class='ocrx_word' id='word_1_31' title='bbox 547 963 680 1035; x_wconf 76' lang='grc' dir='ltr'>πρὸς</span> <span class='ocrx_word' id='word_1_32' title='bbox 717 961 850 1031; x_wconf 63' lang='grc' dir='ltr'>ὕψος</span> <span class='ocrx_word' id='word_1_33' title='bbox 877 965 912 1032; x_wconf 77' lang='grc' dir='ltr'>ὴ</span> <span class='ocrx_word' id='word_1_34' title='bbox 961 963 1102 1032; x_wconf 54' lang='grc' dir='ltr'><strong>Χεῖρν</strong></span> <span class='ocrx_word' id='word_1_35' title='bbox 1138 962 1274 1032; x_wconf 72' lang='grc' dir='ltr'><strong>μήτε</strong></span> <span class='ocrx_word' id='word_1_36' title='bbox 1321 958 1568 1029; x_wconf 78' lang='grc' dir='ltr'><strong>φερέσθω</strong></span> 
     </span>
    </p>
   </div>
   <div class='ocr_carea' id='block_1_10' title="bbox 61 1048 1568 1129">
    <p class='ocr_par' dir='ltr' id='par_1_10' title="bbox 61 1048 1568 1129">
     <span class='ocr_line' id='line_1_10' title="bbox 61 1048 1568 1129; baseline -0.011 -11"><span class='ocrx_word' id='word_1_37' title='bbox 61 1063 165 1117; x_wconf 72' lang='grc' dir='ltr'><strong>κατά</strong></span> <span class='ocrx_word' id='word_1_38' title='bbox 192 1055 455 1129; x_wconf 79' lang='grc' dir='ltr'><strong>κρημνῶν.</strong></span> <span class='ocrx_word' id='word_1_39' title='bbox 487 1053 638 1124; x_wconf 83' lang='grc' dir='ltr'><strong>Μηδὲ</strong></span> <span class='ocrx_word' id='word_1_40' title='bbox 686 1052 872 1123; x_wconf 80' lang='grc' dir='ltr'><strong>βιάζου</strong></span> <span class='ocrx_word' id='word_1_41' title='bbox 903 1052 994 1107; x_wconf 80' lang='grc' dir='ltr'>τὸν</span> <span class='ocrx_word' id='word_1_42' title='bbox 1021 1051 1266 1121; x_wconf 85' lang='grc' dir='ltr'>κάλαμον</span> <span class='ocrx_word' id='word_1_43' title='bbox 1309 1049 1439 1114; x_wconf 82' lang='grc' dir='ltr'><strong>λοξὰ</strong></span> <span class='ocrx_word' id='word_1_44' title='bbox 1471 1048 1568 1119; x_wconf 86' lang='grc' dir='ltr'>βα-</span> 
     </span>
    </p>
   </div>
   <div class='ocr_carea' id='block_1_11' title="bbox 61 1139 1567 1217">
    <p class='ocr_par' dir='ltr' id='par_1_11' title="bbox 61 1139 1567 1217">
     <span class='ocr_line' id='line_1_11' title="bbox 61 1139 1567 1217; baseline -0.009 -10"><span class='ocrx_word' id='word_1_45' title='bbox 61 1155 205 1216; x_wconf 75' lang='grc' dir='ltr'>δίζειν,</span> <span class='ocrx_word' id='word_1_46' title='bbox 259 1147 441 1217; x_wconf 87' lang='grc' dir='ltr'>ῶσπερ</span> <span class='ocrx_word' id='word_1_47' title='bbox 501 1145 593 1199; x_wconf 84' lang='grc' dir='ltr'>τὸν</span> <span class='ocrx_word' id='word_1_48' title='bbox 645 1146 774 1216; x_wconf 85' lang='grc' dir='ltr'>παρ’</span> <span class='ocrx_word' id='word_1_49' title='bbox 820 1141 1056 1214; x_wconf 76' lang='grc' dir='ltr'>Αἰσώπῳ</span> <span class='ocrx_word' id='word_1_50' title='bbox 1105 1142 1394 1212; x_wconf 76' lang='grc' dir='ltr'>καρκίνον’</span> <span class='ocrx_word' id='word_1_51' title='bbox 1452 1139 1567 1194; x_wconf 88' lang='grc' dir='ltr'>ἀλλ’</span> 
     </span>
    </p>
   </div>
   <div class='ocr_carea' id='block_1_12' title="bbox 62 1231 1566 1312">
    <p class='ocr_par' dir='ltr' id='par_1_12' title="bbox 62 1231 1566 1312">
     <span class='ocr_line' id='line_1_12' title="bbox 62 1231 1566 1312; baseline -0.01 -13"><span class='ocrx_word' id='word_1_52' title='bbox 62 1247 156 1299; x_wconf 73' lang='grc' dir='ltr'>εὐθὺ</span> <span class='ocrx_word' id='word_1_53' title='bbox 193 1240 364 1312; x_wconf 81' lang='grc' dir='ltr'>χώρει,</span> <span class='ocrx_word' id='word_1_54' title='bbox 399 1237 589 1307; x_wconf 89' lang='grc' dir='ltr'>ῶσπερ</span> <span class='ocrx_word' id='word_1_55' title='bbox 632 1235 730 1289; x_wconf 74' lang='grc' dir='ltr'><strong>ἐπὶ</strong></span> <span class='ocrx_word' id='word_1_56' title='bbox 772 1233 1020 1306; x_wconf 80' lang='grc' dir='ltr'><strong>στάθμης</strong></span> <span class='ocrx_word' id='word_1_57' title='bbox 1059 1231 1287 1304; x_wconf 80' lang='grc' dir='ltr'><strong>βαδίζων</strong></span> <span class='ocrx_word' id='word_1_58' title='bbox 1324 1249 1566 1286; x_wconf 77' lang='grc' dir='ltr'>τεκτονιο</span> 
     </span>
    </p>
   </div>
   <div class='ocr_carea' id='block_1_13' title="bbox 63 1322 1569 1403">
    <p class='ocr_par' dir='ltr' id='par_1_13' title="bbox 63 1322 1569 1403">
     <span class='ocr_line' id='line_1_13' title="bbox 63 1322 1569 1403; baseline -0.007 -16"><span class='ocrx_word' id='word_1_59' title='bbox 63 1336 138 1403; x_wconf 53' lang='lat' dir='ltr'><strong>xi};</strong></span> <span class='ocrx_word' id='word_1_60' title='bbox 167 1330 286 1402; x_wconf 82' lang='grc'><strong>(48),</strong></span> <span class='ocrx_word' id='word_1_61' title='bbox 332 1329 365 1399; x_wconf 75' lang='grc' dir='ltr'>ἠ</span> <span class='ocrx_word' id='word_1_62' title='bbox 420 1325 698 1396; x_wconf 86' lang='grc' dir='ltr'>πανταχοῦ</span> <span class='ocrx_word' id='word_1_63' title='bbox 743 1325 1000 1395; x_wconf 82' lang='grc' dir='ltr'><strong>φυλάττει</strong></span> <span class='ocrx_word' id='word_1_64' title='bbox 1039 1323 1101 1378; x_wconf 85' lang='grc' dir='ltr'><strong>τό</strong></span> <span class='ocrx_word' id='word_1_65' title='bbox 1147 1325 1280 1389; x_wconf 84' lang='grc' dir='ltr'>ῐσον,</span> <span class='ocrx_word' id='word_1_66' title='bbox 1324 1322 1419 1376; x_wconf 76' lang='grc' dir='ltr'>καὶ</span> <span class='ocrx_word' id='word_1_67' title='bbox 1460 1323 1569 1376; x_wconf 79' lang='grc' dir='ltr'>πᾶν</span> 
     </span>
    </p>
   </div>
   <div class='ocr_carea' id='block_1_14' title="bbox 64 1414 1571 1494">
    <p class='ocr_par' dir='ltr' id='par_1_14' title="bbox 64 1414 1571 1494">
     <span class='ocr_line' id='line_1_14' title="bbox 64 1414 1571 1494; baseline -0.008 -15"><span class='ocrx_word' id='word_1_68' title='bbox 64 1426 233 1494; x_wconf 80' lang='grc' dir='ltr'>ἀναιρεῖ</span> <span class='ocrx_word' id='word_1_69' title='bbox 267 1421 326 1474; x_wconf 86' lang='grc' dir='ltr'><strong>τὺ</strong></span> <span class='ocrx_word' id='word_1_70' title='bbox 369 1417 678 1489; x_wconf 86' lang='grc' dir='ltr'>ἀνώμαλον.</span> <span class='ocrx_word' id='word_1_71' title='bbox 711 1417 787 1470; x_wconf 85' lang='grc' dir='ltr'><strong>Τὸ</strong></span> <span class='ocrx_word' id='word_1_72' title='bbox 828 1417 936 1488; x_wconf 90' lang='grc' dir='ltr'><strong>γάρ</strong></span> <span class='ocrx_word' id='word_1_73' title='bbox 977 1415 1148 1482; x_wconf 80' lang='grc' dir='ltr'><strong>λοξὸν,</strong></span> <span class='ocrx_word' id='word_1_74' title='bbox 1184 1415 1462 1486; x_wconf 76' lang='grc' dir='ltr'>ἀπρεπέςο</span> <span class='ocrx_word' id='word_1_75' title='bbox 1510 1414 1571 1468; x_wconf 82' lang='grc' dir='ltr'><strong>τὺ</strong></span> 
     </span>
    </p>
   </div>
   <div class='ocr_carea' id='block_1_15' title="bbox 64 1505 1570 1581">
    <p class='ocr_par' dir='ltr' id='par_1_15' title="bbox 64 1505 1570 1581">
     <span class='ocr_line' id='line_1_15' title="bbox 64 1505 1570 1581; baseline -0.007 -12"><span class='ocrx_word' id='word_1_76' title='bbox 64 1519 104 1570; x_wconf 79' lang='grc' dir='ltr'>δὲ</span> <span class='ocrx_word' id='word_1_77' title='bbox 143 1514 278 1576; x_wconf 77' lang='grc' dir='ltr'>εὐθὺ,</span> <span class='ocrx_word' id='word_1_78' title='bbox 322 1510 554 1581; x_wconf 82' lang='grc' dir='ltr'>τερπνὸν</span> <span class='ocrx_word' id='word_1_79' title='bbox 600 1511 714 1573; x_wconf 82' lang='grc' dir='ltr'>τοῖς</span> <span class='ocrx_word' id='word_1_80' title='bbox 755 1508 979 1580; x_wconf 79' lang='grc' dir='ltr'><strong>ὁρῶσιν,</strong></span> <span class='ocrx_word' id='word_1_81' title='bbox 1013 1507 1115 1561; x_wconf 84' lang='grc' dir='ltr'>οὑκ</span> <span class='ocrx_word' id='word_1_82' title='bbox 1157 1507 1263 1561; x_wconf 66' lang='grc' dir='ltr'>ἐῶν</span> <span class='ocrx_word' id='word_1_83' title='bbox 1292 1505 1570 1561; x_wconf 82' lang='grc' dir='ltr'>ἀνανεύειν</span> 
     </span>
    </p>
   </div>
   <div class='ocr_carea' id='block_1_16' title="bbox 67 1598 1571 1673">
    <p class='ocr_par' dir='ltr' id='par_1_16' title="bbox 67 1598 1571 1673">
     <span class='ocr_line' id='line_1_16' title="bbox 67 1598 1571 1673; baseline -0.007 -11"><span class='ocrx_word' id='word_1_84' title='bbox 67 1610 132 1663; x_wconf 72' lang='grc' dir='ltr'>καὶ</span> <span class='ocrx_word' id='word_1_85' title='bbox 165 1603 483 1666; x_wconf 85' lang='grc' dir='ltr'>κατανεύειν,</span> <span class='ocrx_word' id='word_1_86' title='bbox 519 1601 714 1673; x_wconf 82' lang='grc' dir='ltr'>ὥσπερ</span> <span class='ocrx_word' id='word_1_87' title='bbox 753 1601 826 1654; x_wconf 85' lang='grc' dir='ltr'><strong>τὰ</strong></span> <span class='ocrx_word' id='word_1_88' title='bbox 867 1599 1158 1671; x_wconf 83' lang='grc' dir='ltr'>κηλώνεια,</span> <span class='ocrx_word' id='word_1_89' title='bbox 1203 1599 1330 1663; x_wconf 79' lang='grc' dir='ltr'>τοὺς</span> <span class='ocrx_word' id='word_1_90' title='bbox 1369 1598 1571 1668; x_wconf 82' lang='grc' dir='ltr'>ὀφθαλ-</span> 
     </span>
    </p>
   </div>
   <div class='ocr_carea' id='block_1_17' title="bbox 68 1692 1569 1770">
    <p class='ocr_par' dir='ltr' id='par_1_17' title="bbox 68 1692 1569 1770">
     <span class='ocr_line' id='line_1_17' title="bbox 68 1692 1569 1770; baseline -0.007 -16"><span class='ocrx_word' id='word_1_91' title='bbox 68 1703 166 1770; x_wconf 64' lang='grc' dir='ltr'>μοὺς</span> <span class='ocrx_word' id='word_1_92' title='bbox 201 1697 301 1752; x_wconf 83' lang='grc' dir='ltr'><strong>τῶν</strong></span> <span class='ocrx_word' id='word_1_93' title='bbox 329 1693 811 1764; x_wconf 78' lang='grc' dir='ltr'>ἀναγινωσκόντων</span> <span class='ocrx_word' id='word_1_94' title='bbox 829 1710 848 1725; x_wconf 76' lang='grc' dir='ltr'><strong><em>ο</em></strong></span> <span class='ocrx_word' id='word_1_95' title='bbox 902 1692 1085 1748; x_wconf 81' lang='grc' dir='ltr'>ὁποῖόν</span> <span class='ocrx_word' id='word_1_96' title='bbox 1125 1711 1177 1747; x_wconf 87' lang='grc' dir='ltr'><strong>τι</strong></span> <span class='ocrx_word' id='word_1_97' title='bbox 1219 1692 1388 1762; x_wconf 81' lang='grc' dir='ltr'>κάμοὶ</span> <span class='ocrx_word' id='word_1_98' title='bbox 1431 1709 1569 1762; x_wconf 88' lang='grc' dir='ltr'>συμ-</span> 
     </span>
    </p>
   </div>
   <div class='ocr_carea' id='block_1_18' title="bbox 67 1781 1574 1856">
    <p class='ocr_par' dir='ltr' id='par_1_18' title="bbox 67 1781 1574 1856">
     <span class='ocr_line' id='line_1_18' title="bbox 67 1781 1574 1856; baseline -0.003 -18"><span class='ocrx_word' id='word_1_99' title='bbox 67 1787 222 1856; x_wconf 70' lang='grc' dir='ltr'>ϐέϐηκε</span> <span class='ocrx_word' id='word_1_100' title='bbox 269 1785 376 1847; x_wconf 79' lang='grc' dir='ltr'>τοῖς</span> <span class='ocrx_word' id='word_1_101' title='bbox 415 1781 742 1854; x_wconf 87' lang='grc' dir='ltr'>γράμμασιν</span> <span class='ocrx_word' id='word_1_102' title='bbox 791 1782 1064 1852; x_wconf 78' lang='grc' dir='ltr'>ἐντυχόντι</span> <span class='ocrx_word' id='word_1_103' title='bbox 1107 1783 1219 1845; x_wconf 86' lang='grc' dir='ltr'>τοῖς</span> <span class='ocrx_word' id='word_1_104' title='bbox 1267 1783 1402 1846; x_wconf 83' lang='grc' dir='ltr'>σοῖς.</span> <span class='ocrx_word' id='word_1_105' title='bbox 1453 1781 1574 1835; x_wconf 85' lang='grc' dir='ltr'><strong>Τῶν</strong></span> 
     </span>
    </p>
   </div>
   <div class='ocr_carea' id='block_1_19' title="bbox 67 1871 1577 1946">
    <p class='ocr_par' dir='ltr' id='par_1_19' title="bbox 67 1871 1577 1946">
     <span class='ocr_line' id='line_1_19' title="bbox 67 1871 1577 1946; baseline -0.002 -17"><span class='ocrx_word' id='word_1_106' title='bbox 67 1877 144 1946; x_wconf 77' lang='grc' dir='ltr'><strong>γὰρ</strong></span> <span class='ocrx_word' id='word_1_107' title='bbox 183 1874 364 1944; x_wconf 87' lang='grc' dir='ltr'>στίχων</span> <span class='ocrx_word' id='word_1_108' title='bbox 408 1873 679 1944; x_wconf 82' lang='grc' dir='ltr'>κειμένων</span> <span class='ocrx_word' id='word_1_109' title='bbox 725 1871 1080 1943; x_wconf 82' lang='grc' dir='ltr'>κλιμακηδὸν,</span> <span class='ocrx_word' id='word_1_110' title='bbox 1118 1872 1280 1943; x_wconf 68' lang='grc' dir='ltr'><strong>⁴ίινίκα</strong></span> <span class='ocrx_word' id='word_1_111' title='bbox 1326 1872 1434 1926; x_wconf 76' lang='grc' dir='ltr'>ἔδει</span> <span class='ocrx_word' id='word_1_112' title='bbox 1483 1890 1577 1944; x_wconf 77' lang='grc' dir='ltr'>με-</span> 
     </span>
    </p>
   </div>
   <div class='ocr_carea' id='block_1_20' title="bbox 67 1961 1578 2036">
    <p class='ocr_par' dir='ltr' id='par_1_20' title="bbox 67 1961 1578 2036">
     <span class='ocr_line' id='line_1_20' title="bbox 67 1961 1578 2036; baseline -0.002 -15"><span class='ocrx_word' id='word_1_113' title='bbox 67 1967 286 2022; x_wconf 76' lang='grc' dir='ltr'>ταδαίνειν</span> <span class='ocrx_word' id='word_1_114' title='bbox 331 1966 418 2035; x_wconf 76' lang='grc' dir='ltr'><strong>ἐφ’</strong></span> <span class='ocrx_word' id='word_1_115' title='bbox 467 1965 657 2036; x_wconf 71' lang='grc' dir='ltr'>ἕτερον</span> <span class='ocrx_word' id='word_1_116' title='bbox 711 1964 803 2032; x_wconf 82' lang='grc' dir='ltr'>ἀφ’</span> <span class='ocrx_word' id='word_1_117' title='bbox 854 1964 1040 2034; x_wconf 79' lang='grc' dir='ltr'>ἐτέρου</span> <span class='ocrx_word' id='word_1_118' title='bbox 1069 1963 1202 2034; x_wconf 89' lang='grc'><strong>(49),</strong></span> <span class='ocrx_word' id='word_1_119' title='bbox 1249 1964 1461 2036; x_wconf 81' lang='grc' dir='ltr'>ἀνάγκη</span> <span class='ocrx_word' id='word_1_120' title='bbox 1508 1961 1578 2036; x_wconf 86' lang='grc' dir='ltr'>ἦν</span> 
     </span>
    </p>
   </div>
   <div class='ocr_carea' id='block_1_21' title="bbox 1587 780 1637 836">
    <p class='ocr_par' dir='ltr' id='par_1_21' title="bbox 1587 780 1637 836">
     <span class='ocr_line' id='line_1_21' title="bbox 1587 780 1637 836; baseline 0 0"><span class='ocrx_word' id='word_1_121' title='bbox 1587 780 1637 836; x_wconf 86' lang='grc' dir='ltr'>Λ</span> 
     </span>
    </p>
   </div>
   <div class='ocr_carea' id='block_1_22' title="bbox 2299 737 2567 792">
    <p class='ocr_par' dir='ltr' id='par_1_22' title="bbox 2299 737 2567 792">
     <span class='ocr_line' id='line_1_22' title="bbox 2299 737 2567 792; baseline 0 0"><span class='ocrx_word' id='word_1_122' title='bbox 2299 737 2567 792; x_wconf 80' lang='lat' dir='ltr'><strong>Librario.</strong></span> 
     </span>
    </p>
   </div>
   <div class='ocr_carea' id='block_1_23' title="bbox 1734 867 3225 935">
    <p class='ocr_par' dir='ltr' id='par_1_23' title="bbox 1734 867 3225 935">
     <span class='ocr_line' id='line_1_23' title="bbox 1734 867 3225 935; baseline 0.005 -13"><span class='ocrx_word' id='word_1_123' title='bbox 1734 867 1901 925; x_wconf 81' lang='lat' dir='ltr'><strong>Recta</strong></span> <span class='ocrx_word' id='word_1_124' title='bbox 1933 870 2134 935; x_wconf 88' lang='lat' dir='ltr'><strong>scribe,</strong></span> <span class='ocrx_word' id='word_1_125' title='bbox 2170 885 2235 925; x_wconf 87' lang='lat' dir='ltr'><strong>ac</strong></span> <span class='ocrx_word' id='word_1_126' title='bbox 2279 871 2448 928; x_wconf 86' lang='lat' dir='ltr'><strong>rectis</strong></span> <span class='ocrx_word' id='word_1_127' title='bbox 2476 878 2630 926; x_wconf 88' lang='lat' dir='ltr'><strong>utere</strong></span> <span class='ocrx_word' id='word_1_128' title='bbox 2651 871 2898 926; x_wconf 80' lang='lat' dir='ltr'><strong>versibus</strong></span> <span class='ocrx_word' id='word_1_129' title='bbox 2923 891 2937 928; x_wconf 88' lang='lat'><strong>:</strong></span> <span class='ocrx_word' id='word_1_130' title='bbox 2963 888 3065 929; x_wconf 89' lang='lat' dir='ltr'><strong>nec</strong></span> <span class='ocrx_word' id='word_1_131' title='bbox 3095 888 3225 930; x_wconf 87' lang='lat' dir='ltr'><strong>eve-</strong></span> 
     </span>
    </p>
   </div>
   <div class='ocr_carea' id='block_1_24' title="bbox 1665 961 3221 1037">
    <p class='ocr_par' dir='ltr' id='par_1_24' title="bbox 1665 961 3221 1037">
     <span class='ocr_line' id='line_1_24' title="bbox 1665 961 3221 1037; baseline 0.003 -21"><span class='ocrx_word' id='word_1_132' title='bbox 1665 961 1830 1016; x_wconf 88' lang='lat' dir='ltr'><strong>hatur</strong></span> <span class='ocrx_word' id='word_1_133' title='bbox 1877 962 1936 1017; x_wconf 89' lang='lat' dir='ltr'><strong>in</strong></span> <span class='ocrx_word' id='word_1_134' title='bbox 1977 963 2149 1017; x_wconf 89' lang='lat' dir='ltr'><strong>altum</strong></span> <span class='ocrx_word' id='word_1_135' title='bbox 2177 977 2394 1026; x_wconf 89' lang='lat' dir='ltr'><strong>manus,</strong></span> <span class='ocrx_word' id='word_1_136' title='bbox 2431 977 2533 1018; x_wconf 91' lang='lat' dir='ltr'><strong>nec</strong></span> <span class='ocrx_word' id='word_1_137' title='bbox 2561 963 2768 1016; x_wconf 82' lang='lat' dir='ltr'><strong>feratur</strong></span> <span class='ocrx_word' id='word_1_138' title='bbox 2796 963 2852 1017; x_wconf 91' lang='lat' dir='ltr'><strong>in</strong></span> <span class='ocrx_word' id='word_1_139' title='bbox 2901 965 3221 1037; x_wconf 69' lang='lat' dir='ltr'><strong>pmcipitia.</strong></span> 
     </span>
    </p>
   </div>
   <div class='ocr_carea' id='block_1_25' title="bbox 1667 1053 3224 1126">
    <p class='ocr_par' dir='ltr' id='par_1_25' title="bbox 1667 1053 3224 1126">
     <span class='ocr_line' id='line_1_25' title="bbox 1667 1053 3224 1126; baseline 0.004 -19"><span class='ocrx_word' id='word_1_140' title='bbox 1667 1053 1854 1124; x_wconf 83' lang='lat' dir='ltr'><strong>Neque</strong></span> <span class='ocrx_word' id='word_1_141' title='bbox 1923 1069 2089 1126; x_wconf 89' lang='lat' dir='ltr'><strong>cogas</strong></span> <span class='ocrx_word' id='word_1_142' title='bbox 2166 1056 2440 1112; x_wconf 80' lang='lat' dir='ltr'><strong>calamum</strong></span> <span class='ocrx_word' id='word_1_143' title='bbox 2509 1055 2731 1125; x_wconf 86' lang='lat' dir='ltr'><strong>oblique</strong></span> <span class='ocrx_word' id='word_1_144' title='bbox 2800 1056 2974 1113; x_wconf 85' lang='lat' dir='ltr'><strong>instar</strong></span> <span class='ocrx_word' id='word_1_145' title='bbox 3042 1061 3224 1113; x_wconf 84' lang='lat' dir='ltr'><strong>cancri</strong></span> 
     </span>
    </p>
   </div>
   <div class='ocr_carea' id='block_1_26' title="bbox 1669 1143 3227 1217">
    <p class='ocr_par' dir='ltr' id='par_1_26' title="bbox 1669 1143 3227 1217">
     <span class='ocr_line' id='line_1_26' title="bbox 1669 1143 3227 1217; baseline 0.003 -18"><span class='ocrx_word' id='word_1_146' title='bbox 1669 1143 1914 1216; x_wconf 68' lang='grc' dir='ltr'><strong>Αἰδορίρὶ</strong></span> <span class='ocrx_word' id='word_1_147' title='bbox 1964 1144 2261 1214; x_wconf 84' lang='lat' dir='ltr'><strong>procedere</strong></span> <span class='ocrx_word' id='word_1_148' title='bbox 2299 1160 2314 1198; x_wconf 92' lang='lat'><strong>:</strong></span> <span class='ocrx_word' id='word_1_149' title='bbox 2360 1144 2453 1201; x_wconf 91' lang='lat' dir='ltr'><strong>sed</strong></span> <span class='ocrx_word' id='word_1_150' title='bbox 2505 1157 2652 1201; x_wconf 89' lang='lat' dir='ltr'><strong>recta</strong></span> <span class='ocrx_word' id='word_1_151' title='bbox 2703 1161 2901 1217; x_wconf 86' lang='lat' dir='ltr'><strong>perge,</strong></span> <span class='ocrx_word' id='word_1_152' title='bbox 2956 1150 3103 1204; x_wconf 91' lang='lat' dir='ltr'><strong>velut</strong></span> <span class='ocrx_word' id='word_1_153' title='bbox 3159 1151 3227 1204; x_wconf 91' lang='lat' dir='ltr'><strong>ad</strong></span> 
     </span>
    </p>
   </div>
   <div class='ocr_carea' id='block_1_27' title="bbox 1669 1235 3231 1310">
    <p class='ocr_par' dir='ltr' id='par_1_27' title="bbox 1669 1235 3231 1310">
     <span class='ocr_line' id='line_1_27' title="bbox 1669 1235 3231 1310; baseline 0.005 -21"><span class='ocrx_word' id='word_1_154' title='bbox 1669 1236 1933 1290; x_wconf 83' lang='lat' dir='ltr'><strong>amussim</strong></span> <span class='ocrx_word' id='word_1_155' title='bbox 1966 1235 2326 1305; x_wconf 76' lang='lat' dir='ltr'><strong>progrediens</strong></span> <span class='ocrx_word' id='word_1_156' title='bbox 2356 1236 2639 1304; x_wconf 80' lang='lat' dir='ltr'><strong>fabrilem,</strong></span> <span class='ocrx_word' id='word_1_157' title='bbox 2669 1254 2791 1308; x_wconf 64' lang='lat' dir='ltr'><strong>qua:</strong></span> <span class='ocrx_word' id='word_1_158' title='bbox 2820 1239 3019 1310; x_wconf 90' lang='lat' dir='ltr'><strong>ubique</strong></span> <span class='ocrx_word' id='word_1_159' title='bbox 3051 1252 3231 1297; x_wconf 89' lang='lat' dir='ltr'><strong>servat</strong></span> 
     </span>
    </p>
   </div>
   <div class='ocr_carea' id='block_1_28' title="bbox 1669 1327 3230 1399">
    <p class='ocr_par' dir='ltr' id='par_1_28' title="bbox 1669 1327 3230 1399">
     <span class='ocr_line' id='line_1_28' title="bbox 1669 1327 3230 1399; baseline 0.004 -17"><span class='ocrx_word' id='word_1_160' title='bbox 1669 1327 2059 1395; x_wconf 68' lang='lat' dir='ltr'><strong>aequalitatem,</strong></span> <span class='ocrx_word' id='word_1_161' title='bbox 2089 1334 2145 1383; x_wconf 86' lang='lat' dir='ltr'><strong>et</strong></span> <span class='ocrx_word' id='word_1_162' title='bbox 2179 1329 2600 1399; x_wconf 71' lang='lat' dir='ltr'><strong>inmqualitatem</strong></span> <span class='ocrx_word' id='word_1_163' title='bbox 2631 1345 2846 1386; x_wconf 86' lang='lat' dir='ltr'><strong>omnem</strong></span> <span class='ocrx_word' id='word_1_164' title='bbox 2883 1331 3043 1387; x_wconf 91' lang='lat' dir='ltr'><strong>tollit.</strong></span> <span class='ocrx_word' id='word_1_165' title='bbox 3075 1331 3230 1399; x_wconf 82' lang='lat' dir='ltr'><strong>Quod</strong></span> 
     </span>
    </p>
   </div>
   <div class='ocr_carea' id='block_1_29' title="bbox 1669 1418 3232 1492">
    <p class='ocr_par' dir='ltr' id='par_1_29' title="bbox 1669 1418 3232 1492">
     <span class='ocr_line' id='line_1_29' title="bbox 1669 1418 3232 1492; baseline 0.003 -20"><span class='ocrx_word' id='word_1_166' title='bbox 1669 1418 1817 1472; x_wconf 90' lang='lat' dir='ltr'><strong>enim</strong></span> <span class='ocrx_word' id='word_1_167' title='bbox 1877 1418 2206 1489; x_wconf 90' lang='lat' dir='ltr'><strong>obliquum,</strong></span> <span class='ocrx_word' id='word_1_168' title='bbox 2266 1418 2583 1474; x_wconf 89' lang='lat' dir='ltr'><strong>indecorum</strong></span> <span class='ocrx_word' id='word_1_169' title='bbox 2643 1429 2728 1475; x_wconf 88' lang='lat' dir='ltr'><strong>est</strong></span> <span class='ocrx_word' id='word_1_170' title='bbox 2777 1439 2790 1476; x_wconf 92' lang='lat'><strong>:</strong></span> <span class='ocrx_word' id='word_1_171' title='bbox 2839 1423 2984 1492; x_wconf 92' lang='lat' dir='ltr'><strong>quod</strong></span> <span class='ocrx_word' id='word_1_172' title='bbox 3051 1431 3232 1478; x_wconf 88' lang='lat' dir='ltr'><strong>autem</strong></span> 
     </span>
    </p>
   </div>
   <div class='ocr_carea' id='block_1_30' title="bbox 1669 1509 3234 1580">
    <p class='ocr_par' dir='ltr' id='par_1_30' title="bbox 1669 1509 3234 1580">
     <span class='ocr_line' id='line_1_30' title="bbox 1669 1509 3234 1580; baseline 0.004 -18"><span class='ocrx_word' id='word_1_173' title='bbox 1669 1515 1917 1574; x_wconf 90' lang='lat' dir='ltr'><strong>rectum,</strong></span> <span class='ocrx_word' id='word_1_174' title='bbox 1948 1509 2252 1578; x_wconf 90' lang='lat' dir='ltr'><strong>jucundum</strong></span> <span class='ocrx_word' id='word_1_175' title='bbox 2302 1510 2733 1580; x_wconf 76' lang='lat' dir='ltr'><strong>aspicientibus,</strong></span> <span class='ocrx_word' id='word_1_176' title='bbox 2770 1528 2877 1568; x_wconf 91' lang='lat' dir='ltr'><strong>non</strong></span> <span class='ocrx_word' id='word_1_177' title='bbox 2929 1513 3116 1569; x_wconf 91' lang='lat' dir='ltr'><strong>sinens</strong></span> <span class='ocrx_word' id='word_1_178' title='bbox 3152 1516 3234 1569; x_wconf 83' lang='lat' dir='ltr'><strong>le-</strong></span> 
     </span>
    </p>
   </div>
   <div class='ocr_carea' id='block_1_31' title="bbox 1669 1601 3236 1671">
    <p class='ocr_par' dir='ltr' id='par_1_31' title="bbox 1669 1601 3236 1671">
     <span class='ocr_line' id='line_1_31' title="bbox 1669 1601 3236 1671; baseline 0.004 -16"><span class='ocrx_word' id='word_1_179' title='bbox 1669 1601 1915 1671; x_wconf 90' lang='lat' dir='ltr'><strong>gentium</strong></span> <span class='ocrx_word' id='word_1_180' title='bbox 1952 1601 2144 1657; x_wconf 89' lang='lat' dir='ltr'><strong>oculos</strong></span> <span class='ocrx_word' id='word_1_181' title='bbox 2189 1617 2410 1657; x_wconf 85' lang='lat' dir='ltr'><strong>sursum</strong></span> <span class='ocrx_word' id='word_1_182' title='bbox 2447 1617 2513 1656; x_wconf 85' lang='lat' dir='ltr'><strong>ac</strong></span> <span class='ocrx_word' id='word_1_183' title='bbox 2555 1604 2812 1658; x_wconf 90' lang='lat' dir='ltr'><strong>deorsum</strong></span> <span class='ocrx_word' id='word_1_184' title='bbox 2862 1605 3037 1660; x_wconf 84' lang='lat' dir='ltr'><strong>instar</strong></span> <span class='ocrx_word' id='word_1_185' title='bbox 3082 1606 3236 1661; x_wconf 90' lang='lat' dir='ltr'><strong>tolle-</strong></span> 
     </span>
    </p>
   </div>
   <div class='ocr_carea' id='block_1_32' title="bbox 1673 1694 3238 1765">
    <p class='ocr_par' dir='ltr' id='par_1_32' title="bbox 1673 1694 3238 1765">
     <span class='ocr_line' id='line_1_32' title="bbox 1673 1694 3238 1765; baseline 0.004 -21"><span class='ocrx_word' id='word_1_186' title='bbox 1673 1705 1880 1744; x_wconf 88' lang='lat' dir='ltr'><strong>nonum</strong></span> <span class='ocrx_word' id='word_1_187' title='bbox 1929 1705 2287 1748; x_wconf 86' lang='lat' dir='ltr'><strong>commeare:</strong></span> <span class='ocrx_word' id='word_1_188' title='bbox 2322 1694 2484 1763; x_wconf 84' lang='lat' dir='ltr'><strong>quale</strong></span> <span class='ocrx_word' id='word_1_189' title='bbox 2522 1703 2607 1749; x_wconf 90' lang='lat' dir='ltr'><strong>est</strong></span> <span class='ocrx_word' id='word_1_190' title='bbox 2657 1695 2801 1765; x_wconf 86' lang='lat' dir='ltr'><strong>quod</strong></span> <span class='ocrx_word' id='word_1_191' title='bbox 2853 1695 2986 1749; x_wconf 88' lang='lat' dir='ltr'><strong>mihi</strong></span> <span class='ocrx_word' id='word_1_192' title='bbox 3038 1697 3238 1751; x_wconf 89' lang='lat' dir='ltr'><strong>accidit</strong></span> 
     </span>
    </p>
   </div>
   <div class='ocr_carea' id='block_1_33' title="bbox 1675 1781 3239 1852">
    <p class='ocr_par' dir='ltr' id='par_1_33' title="bbox 1675 1781 3239 1852">
     <span class='ocr_line' id='line_1_33' title="bbox 1675 1781 3239 1852; baseline 0.004 -16"><span class='ocrx_word' id='word_1_193' title='bbox 1675 1782 1880 1850; x_wconf 81' lang='lat' dir='ltr'><strong>scripta</strong></span> <span class='ocrx_word' id='word_1_194' title='bbox 1941 1790 2032 1835; x_wconf 85' lang='lat' dir='ltr'><strong>tua</strong></span> <span class='ocrx_word' id='word_1_195' title='bbox 2076 1781 2298 1852; x_wconf 89' lang='lat' dir='ltr'><strong>legenti.</strong></span> <span class='ocrx_word' id='word_1_196' title='bbox 2349 1783 2484 1839; x_wconf 85' lang='lat' dir='ltr'><strong>Cum</strong></span> <span class='ocrx_word' id='word_1_197' title='bbox 2532 1787 2678 1840; x_wconf 87' lang='lat' dir='ltr'><strong>enim</strong></span> <span class='ocrx_word' id='word_1_198' title='bbox 2728 1800 2920 1840; x_wconf 88' lang='lat' dir='ltr'><strong>versus</strong></span> <span class='ocrx_word' id='word_1_199' title='bbox 2969 1787 3023 1839; x_wconf 91' lang='lat' dir='ltr'><strong>in</strong></span> <span class='ocrx_word' id='word_1_200' title='bbox 3077 1789 3239 1843; x_wconf 73' lang='lat' dir='ltr'><strong>scala:</strong></span> 
     </span>
    </p>
   </div>
   <div class='ocr_carea' id='block_1_34' title="bbox 1676 1870 3238 1942">
    <p class='ocr_par' dir='ltr' id='par_1_34' title="bbox 1676 1870 3238 1942">
     <span class='ocr_line' id='line_1_34' title="bbox 1676 1870 3238 1942; baseline 0.004 -17"><span class='ocrx_word' id='word_1_201' title='bbox 1676 1870 1897 1925; x_wconf 88' lang='lat' dir='ltr'><strong>modum</strong></span> <span class='ocrx_word' id='word_1_202' title='bbox 1940 1871 2402 1942; x_wconf 86' lang='lat' dir='ltr'><strong>disponerentur;</strong></span> <span class='ocrx_word' id='word_1_203' title='bbox 2446 1873 2539 1928; x_wconf 87' lang='lat' dir='ltr'><strong>ubi</strong></span> <span class='ocrx_word' id='word_1_204' title='bbox 2571 1875 2641 1930; x_wconf 87' lang='lat' dir='ltr'><strong>ab</strong></span> <span class='ocrx_word' id='word_1_205' title='bbox 2685 1875 2854 1930; x_wconf 88' lang='lat' dir='ltr'><strong>altero</strong></span> <span class='ocrx_word' id='word_1_206' title='bbox 2895 1876 2962 1930; x_wconf 89' lang='lat' dir='ltr'><strong>ad</strong></span> <span class='ocrx_word' id='word_1_207' title='bbox 3007 1877 3238 1931; x_wconf 86' lang='lat' dir='ltr'><strong>alterum</strong></span> 
     </span>
    </p>
   </div>
   <div class='ocr_carea' id='block_1_35' title="bbox 1675 1963 3240 2038">
    <p class='ocr_par' dir='ltr' id='par_1_35' title="bbox 1675 1963 3240 2038">
     <span class='ocr_line' id='line_1_35' title="bbox 1675 1963 3240 2038; baseline 0.003 -21"><span class='ocrx_word' id='word_1_208' title='bbox 1675 1969 1793 2017; x_wconf 89' lang='lat' dir='ltr'><strong>erat</strong></span> <span class='ocrx_word' id='word_1_209' title='bbox 1834 1963 2263 2029; x_wconf 87' lang='lat' dir='ltr'><strong>transeundum,</strong></span> <span class='ocrx_word' id='word_1_210' title='bbox 2300 1980 2526 2021; x_wconf 89' lang='lat' dir='ltr'><strong>necesse</strong></span> <span class='ocrx_word' id='word_1_211' title='bbox 2553 1974 2674 2022; x_wconf 87' lang='lat' dir='ltr'><strong>erat</strong></span> <span class='ocrx_word' id='word_1_212' title='bbox 2709 1967 2777 2021; x_wconf 89' lang='lat' dir='ltr'><strong>ad</strong></span> <span class='ocrx_word' id='word_1_213' title='bbox 2811 1967 2968 2022; x_wconf 87' lang='lat' dir='ltr'><strong>linem</strong></span> <span class='ocrx_word' id='word_1_214' title='bbox 3005 1969 3240 2038; x_wconf 77' lang='lat' dir='ltr'><strong>proximi</strong></span> 
     </span>
    </p>
   </div>
   <div class='ocr_carea' id='block_1_36' title="bbox 69 2051 1610 2131">
    <p class='ocr_par' dir='ltr' id='par_1_36' title="bbox 69 2051 1578 2129">
     <span class='ocr_line' id='line_1_36' title="bbox 69 2051 1578 2129; baseline 0 -19"><span class='ocrx_word' id='word_1_215' title='bbox 69 2058 270 2129; x_wconf 76' lang='grc' dir='ltr'>ἑξορθοῦν</span> <span class='ocrx_word' id='word_1_216' title='bbox 299 2058 433 2129; x_wconf 74' lang='grc' dir='ltr'>πρὸς</span> <span class='ocrx_word' id='word_1_217' title='bbox 473 2057 538 2110; x_wconf 83' lang='grc' dir='ltr'>τὸ</span> <span class='ocrx_word' id='word_1_218' title='bbox 575 2055 727 2118; x_wconf 82' lang='grc' dir='ltr'>τέλος</span> <span class='ocrx_word' id='word_1_219' title='bbox 769 2052 863 2109; x_wconf 80' lang='grc' dir='ltr'><strong>τοῦ</strong></span> <span class='ocrx_word' id='word_1_220' title='bbox 897 2055 1210 2126; x_wconf 84' lang='grc' dir='ltr'>προσιόντος</span> <span class='ocrx_word' id='word_1_221' title='bbox 1239 2056 1374 2128; x_wconf 83' lang='grc'><strong>(50).</strong></span> <span class='ocrx_word' id='word_1_222' title='bbox 1420 2057 1508 2111; x_wconf 84' lang='grc' dir='ltr'>Ἐν</span> <span class='ocrx_word' id='word_1_223' title='bbox 1533 2051 1578 2124; x_wconf 82' lang='grc' dir='ltr'>ᾦ</span> 
     </span>
    </p>
   </div>
   <div class='ocr_carea' id='block_1_37' title="bbox 1696 2051 3239 2131">
    <p class='ocr_par' dir='ltr' id='par_1_37' title="bbox 1696 2055 3239 2131">
     <span class='ocr_line' id='line_1_37' title="bbox 1696 2055 3239 2131; baseline 0.005 -23"><span class='ocrx_word' id='word_1_224' title='bbox 1696 2069 1964 2126; x_wconf 63' lang='lat' dir='ltr'><strong>resurgere</strong></span> <span class='ocrx_word' id='word_1_225' title='bbox 1999 2074 2013 2110; x_wconf 91' lang='lat'><strong>:</strong></span> <span class='ocrx_word' id='word_1_226' title='bbox 2055 2055 2109 2109; x_wconf 93' lang='lat' dir='ltr'><strong>in</strong></span> <span class='ocrx_word' id='word_1_227' title='bbox 2165 2072 2279 2127; x_wconf 88' lang='lat' dir='ltr'><strong>quo</strong></span> <span class='ocrx_word' id='word_1_228' title='bbox 2327 2058 2504 2115; x_wconf 80' lang='lat' dir='ltr'><strong>series</strong></span> <span class='ocrx_word' id='word_1_229' title='bbox 2553 2073 2678 2113; x_wconf 92' lang='lat' dir='ltr'><strong>cum</strong></span> <span class='ocrx_word' id='word_1_230' title='bbox 2729 2075 3009 2130; x_wconf 87' lang='lat' dir='ltr'><strong>nunquam</strong></span> <span class='ocrx_word' id='word_1_231' title='bbox 3065 2075 3239 2131; x_wconf 88' lang='lat' dir='ltr'><strong>appa-</strong></span> 
     </span>
    </p>
   </div>
   <div class='ocr_carea' id='block_1_38' title="bbox 73 2133 1610 2222">
    <p class='ocr_par' dir='ltr' id='par_1_38' title="bbox 73 2134 1610 2221">
     <span class='ocr_line' id='line_1_38' title="bbox 73 2134 1610 2221; baseline 0.001 -19"><span class='ocrx_word' id='word_1_232' title='bbox 73 2147 268 2220; x_wconf 86' lang='grc' dir='ltr'>μηδαμοῦ</span> <span class='ocrx_word' id='word_1_233' title='bbox 314 2148 646 2220; x_wconf 81' lang='grc' dir='ltr'>φαινομένης</span> <span class='ocrx_word' id='word_1_234' title='bbox 698 2147 798 2218; x_wconf 84' lang='grc' dir='ltr'><strong>τῆς</strong></span> <span class='ocrx_word' id='word_1_235' title='bbox 845 2148 1162 2213; x_wconf 79' lang='grc' dir='ltr'>ἀκολουθίας</span> <span class='ocrx_word' id='word_1_236' title='bbox 1183 2189 1198 2214; x_wconf 91' lang='grc'><strong>,</strong></span> <span class='ocrx_word' id='word_1_237' title='bbox 1257 2134 1610 2221; x_wconf 50' lang='grc' dir='ltr'>ἀνατρέχεινί</span> 
     </span>
    </p>
   </div>
   <div class='ocr_carea' id='block_1_39' title="bbox 1696 2133 3240 2222">
    <p class='ocr_par' dir='ltr' id='par_1_39' title="bbox 1696 2149 3240 2222">
     <span class='ocr_line' id='line_1_39' title="bbox 1696 2149 3240 2222; baseline 0.004 -22"><span class='ocrx_word' id='word_1_238' title='bbox 1696 2152 1855 2208; x_wconf 78' lang='lat' dir='ltr'><strong>&#39;eret,</strong></span> <span class='ocrx_word' id='word_1_239' title='bbox 1889 2151 2009 2200; x_wconf 77' lang='lat' dir='ltr'><strong>er‘at</strong></span> <span class='ocrx_word' id='word_1_240' title='bbox 2059 2161 2256 2202; x_wconf 89' lang='lat' dir='ltr'><strong>rursus</strong></span> <span class='ocrx_word' id='word_1_241' title='bbox 2301 2149 2732 2218; x_wconf 84' lang='lat' dir='ltr'><strong>recurrendum,</strong></span> <span class='ocrx_word' id='word_1_242' title='bbox 2771 2150 3014 2221; x_wconf 84' lang='lat' dir='ltr'><strong>ordoque</strong></span> <span class='ocrx_word' id='word_1_243' title='bbox 3056 2153 3240 2222; x_wconf 80' lang='lat' dir='ltr'><strong>inqui-</strong></span> 
     </span>
    </p>
   </div>
   <div class='ocr_carea' id='block_1_40' title="bbox 69 2235 1610 2314">
    <p class='ocr_par' dir='ltr' id='par_1_40' title="bbox 69 2235 1578 2309">
     <span class='ocr_line' id='line_1_40' title="bbox 69 2235 1578 2309; baseline 0.001 -18"><span class='ocrx_word' id='word_1_244' title='bbox 69 2240 146 2291; x_wconf 70' lang='grc' dir='ltr'>ἔδει</span> <span class='ocrx_word' id='word_1_245' title='bbox 185 2238 332 2293; x_wconf 88' lang='grc' dir='ltr'>πάλιν</span> <span class='ocrx_word' id='word_1_246' title='bbox 363 2239 457 2292; x_wconf 81' lang='grc' dir='ltr'>καὶ</span> <span class='ocrx_word' id='word_1_247' title='bbox 507 2237 608 2309; x_wconf 83' lang='grc' dir='ltr'><strong>τὴν</strong></span> <span class='ocrx_word' id='word_1_248' title='bbox 652 2235 805 2302; x_wconf 82' lang='grc' dir='ltr'>τάξιν</span> <span class='ocrx_word' id='word_1_249' title='bbox 850 2238 1143 2308; x_wconf 75' lang='grc' dir='ltr'>ἐπιζητεῖν,</span> <span class='ocrx_word' id='word_1_250' title='bbox 1191 2238 1578 2303; x_wconf 75' lang='grc' dir='ltr'>ἀναποδίζοντα</span> 
     </span>
    </p>
   </div>
   <div class='ocr_carea' id='block_1_41' title="bbox 1696 2235 3242 2314">
    <p class='ocr_par' dir='ltr' id='par_1_41' title="bbox 1696 2236 3242 2314">
     <span class='ocr_line' id='line_1_41' title="bbox 1696 2236 3242 2314; baseline 0.008 -29"><span class='ocrx_word' id='word_1_251' title='bbox 1696 2236 1885 2291; x_wconf 62' lang='lat' dir='ltr'><strong>rendus</strong></span> <span class='ocrx_word' id='word_1_252' title='bbox 1913 2236 2313 2294; x_wconf 85' lang='lat' dir='ltr'><strong>retrocedendo</strong></span> <span class='ocrx_word' id='word_1_253' title='bbox 2330 2279 2346 2304; x_wconf 95' lang='lat'><strong>,</strong></span> <span class='ocrx_word' id='word_1_254' title='bbox 2376 2241 2702 2311; x_wconf 87' lang='lat' dir='ltr'><strong>sulcumque</strong></span> <span class='ocrx_word' id='word_1_255' title='bbox 2729 2243 3028 2312; x_wconf 89' lang='lat' dir='ltr'><strong>sequendo,</strong></span> <span class='ocrx_word' id='word_1_256' title='bbox 3053 2259 3242 2314; x_wconf 88' lang='lat' dir='ltr'><strong>quem-</strong></span> 
     </span>
    </p>
   </div>
   <div class='ocr_carea' id='block_1_42' title="bbox 70 2323 1610 2406">
    <p class='ocr_par' dir='ltr' id='par_1_42' title="bbox 70 2329 1579 2406">
     <span class='ocr_line' id='line_1_42' title="bbox 70 2329 1579 2406; baseline -0.001 -22"><span class='ocrx_word' id='word_1_257' title='bbox 70 2332 136 2384; x_wconf 71' lang='lat' dir='ltr'><strong>nl</strong></span> <span class='ocrx_word' id='word_1_258' title='bbox 151 2331 506 2406; x_wconf 81' lang='grc' dir='ltr'>παρεπόμενον</span> <span class='ocrx_word' id='word_1_259' title='bbox 550 2329 630 2400; x_wconf 80' lang='grc' dir='ltr'>τῷ</span> <span class='ocrx_word' id='word_1_260' title='bbox 659 2329 875 2392; x_wconf 72' lang='grc' dir='ltr'>αὔλακι,</span> <span class='ocrx_word' id='word_1_261' title='bbox 907 2329 1156 2400; x_wconf 84' lang='grc' dir='ltr'>καθάπερ</span> <span class='ocrx_word' id='word_1_262' title='bbox 1184 2331 1274 2382; x_wconf 86' lang='grc' dir='ltr'>τὸν</span> <span class='ocrx_word' id='word_1_263' title='bbox 1298 2329 1480 2401; x_wconf 82' lang='grc' dir='ltr'>Θησέα</span> <span class='ocrx_word' id='word_1_264' title='bbox 1502 2329 1579 2400; x_wconf 83' lang='grc' dir='ltr'><strong>τῷ</strong></span> 
     </span>
    </p>
   </div>
   <div class='ocr_carea' id='block_1_43' title="bbox 1696 2323 3240 2406">
    <p class='ocr_par' dir='ltr' id='par_1_43' title="bbox 1696 2323 3240 2386">
     <span class='ocr_line' id='line_1_43' title="bbox 1696 2323 3240 2386; baseline 0.006 -8"><span class='ocrx_word' id='word_1_265' title='bbox 1696 2323 1974 2380; x_wconf 63' lang='lat' dir='ltr'><strong>admodum</strong></span> <span class='ocrx_word' id='word_1_266' title='bbox 2047 2323 2324 2382; x_wconf 86' lang='lat' dir='ltr'><strong>Theseum</strong></span> <span class='ocrx_word' id='word_1_267' title='bbox 2395 2329 2666 2386; x_wconf 82' lang='lat' dir='ltr'><strong>Ariadnes</strong></span> <span class='ocrx_word' id='word_1_268' title='bbox 2758 2330 2909 2386; x_wconf 76' lang='lat' dir='ltr'><strong>illum</strong></span> <span class='ocrx_word' id='word_1_269' title='bbox 2990 2339 3240 2386; x_wconf 87' lang='lat' dir='ltr'><strong>secutum</strong></span> 
     </span>
    </p>
   </div>
   <div class='ocr_carea' id='block_1_44' title="bbox 72 2417 1610 2494">
    <p class='ocr_par' dir='ltr' id='par_1_44' title="bbox 72 2422 1581 2494">
     <span class='ocr_line' id='line_1_44' title="bbox 72 2422 1581 2494; baseline 0.002 -21"><span class='ocrx_word' id='word_1_270' title='bbox 72 2423 174 2493; x_wconf 81' lang='grc' dir='ltr'>μίτῳ</span> <span class='ocrx_word' id='word_1_271' title='bbox 197 2423 284 2494; x_wconf 84' lang='grc' dir='ltr'>τῆς</span> <span class='ocrx_word' id='word_1_272' title='bbox 318 2422 604 2494; x_wconf 84' lang='grc' dir='ltr'>’Δριάδνης</span> <span class='ocrx_word' id='word_1_273' title='bbox 636 2423 788 2492; x_wconf 83' lang='grc' dir='ltr'>φασί.</span> <span class='ocrx_word' id='word_1_274' title='bbox 820 2423 1002 2494; x_wconf 84' lang='grc' dir='ltr'>Γράφε</span> <span class='ocrx_word' id='word_1_275' title='bbox 1030 2422 1209 2475; x_wconf 83' lang='grc' dir='ltr'>τοίνυν</span> <span class='ocrx_word' id='word_1_276' title='bbox 1246 2422 1441 2493; x_wconf 82' lang='grc' dir='ltr'>ὀρθῶς,</span> <span class='ocrx_word' id='word_1_277' title='bbox 1487 2423 1581 2476; x_wconf 68' lang='grc' dir='ltr'><strong>κα.)⁸</strong></span> 
     </span>
    </p>
   </div>
   <div class='ocr_carea' id='block_1_45' title="bbox 1696 2417 3246 2494">
    <p class='ocr_par' dir='ltr' id='par_1_45' title="bbox 1696 2417 3246 2491">
     <span class='ocr_line' id='line_1_45' title="bbox 1696 2417 3246 2491; baseline 0.003 -16"><span class='ocrx_word' id='word_1_278' title='bbox 1696 2418 1855 2475; x_wconf 49' lang='lat' dir='ltr'><strong>luisse</strong></span> <span class='ocrx_word' id='word_1_279' title='bbox 1883 2417 2084 2473; x_wconf 79' lang='lat' dir='ltr'><strong>ferunt.</strong></span> <span class='ocrx_word' id='word_1_280' title='bbox 2111 2418 2301 2476; x_wconf 88' lang='lat' dir='ltr'><strong>Scribe</strong></span> <span class='ocrx_word' id='word_1_281' title='bbox 2325 2419 2492 2491; x_wconf 79' lang='lat' dir='ltr'><strong>igitur</strong></span> <span class='ocrx_word' id='word_1_282' title='bbox 2520 2431 2693 2487; x_wconf 87' lang='lat' dir='ltr'><strong>recta,</strong></span> <span class='ocrx_word' id='word_1_283' title='bbox 2723 2437 2825 2478; x_wconf 87' lang='lat' dir='ltr'><strong>nec</strong></span> <span class='ocrx_word' id='word_1_284' title='bbox 2851 2430 3085 2478; x_wconf 87' lang='lat' dir='ltr'><strong>mentem</strong></span> <span class='ocrx_word' id='word_1_285' title='bbox 3108 2425 3246 2479; x_wconf 86' lang='lat' dir='ltr'><strong>obli-</strong></span> 
     </span>
    </p>
   </div>
   <div class='ocr_carea' id='block_1_46' title="bbox 72 2509 1610 2586">
    <p class='ocr_par' dir='ltr' id='par_1_46' title="bbox 72 2509 1582 2582">
     <span class='ocr_line' id='line_1_46' title="bbox 72 2509 1582 2582; baseline 0 -18"><span class='ocrx_word' id='word_1_286' title='bbox 72 2513 125 2581; x_wconf 78' lang='grc' dir='ltr'>μὴ</span> <span class='ocrx_word' id='word_1_287' title='bbox 155 2512 308 2566; x_wconf 83' lang='grc' dir='ltr'>πλάνα</span> <span class='ocrx_word' id='word_1_288' title='bbox 329 2512 416 2566; x_wconf 80' lang='grc' dir='ltr'>τὸν</span> <span class='ocrx_word' id='word_1_289' title='bbox 444 2510 572 2566; x_wconf 80' lang='grc' dir='ltr'>νοῦν</span> <span class='ocrx_word' id='word_1_290' title='bbox 597 2510 682 2582; x_wconf 82' lang='grc' dir='ltr'>τῷ</span> <span class='ocrx_word' id='word_1_291' title='bbox 709 2511 922 2581; x_wconf 78' lang='grc' dir='ltr'>πλαγίῳ</span> <span class='ocrx_word' id='word_1_292' title='bbox 945 2511 1040 2564; x_wconf 64' lang='grc' dir='ltr'><strong>καὶ⁴</strong></span> <span class='ocrx_word' id='word_1_293' title='bbox 1072 2509 1209 2581; x_wconf 83' lang='grc' dir='ltr'>λοξῷ</span> <span class='ocrx_word' id='word_1_294' title='bbox 1235 2510 1344 2564; x_wconf 90' lang='grc' dir='ltr'><strong>τῶν</strong></span> <span class='ocrx_word' id='word_1_295' title='bbox 1377 2527 1582 2582; x_wconf 83' lang='grc' dir='ltr'>γραφο-</span> 
     </span>
    </p>
   </div>
   <div class='ocr_carea' id='block_1_47' title="bbox 1696 2509 3242 2586">
    <p class='ocr_par' dir='ltr' id='par_1_47' title="bbox 1696 2510 3242 2586">
     <span class='ocr_line' id='line_1_47' title="bbox 1696 2510 3242 2586; baseline 0.006 -22"><span class='ocrx_word' id='word_1_296' title='bbox 1696 2510 1895 2580; x_wconf 77' lang='lat' dir='ltr'><strong>quitate</strong></span> <span class='ocrx_word' id='word_1_297' title='bbox 1943 2511 2278 2584; x_wconf 86' lang='lat' dir='ltr'><strong>scriptorum</strong></span> <span class='ocrx_word' id='word_1_298' title='bbox 2310 2521 2475 2584; x_wconf 87' lang='lat' dir='ltr'><strong>atque</strong></span> <span class='ocrx_word' id='word_1_299' title='bbox 2505 2514 2872 2586; x_wconf 79' lang='lat' dir='ltr'><strong>inaequalitate</strong></span> <span class='ocrx_word' id='word_1_300' title='bbox 2914 2518 2970 2572; x_wconf 91' lang='lat' dir='ltr'><strong>in</strong></span> <span class='ocrx_word' id='word_1_301' title='bbox 3003 2532 3242 2574; x_wconf 87' lang='lat' dir='ltr'><strong>errorem</strong></span> 
     </span>
    </p>
   </div>
   <div class='ocr_carea' id='block_1_48' title="bbox 73 2601 1610 2671">
    <p class='ocr_par' dir='ltr' id='par_1_48' title="bbox 73 2605 225 2671">
     <span class='ocr_line' id='line_1_48' title="bbox 73 2605 225 2671; baseline 0 -15"><span class='ocrx_word' id='word_1_302' title='bbox 73 2605 225 2671; x_wconf 82' lang='grc' dir='ltr'>μένων.</span> 
     </span>
    </p>
   </div>
   <div class='ocr_carea' id='block_1_49' title="bbox 1696 2601 1940 2671">
    <p class='ocr_par' dir='ltr' id='par_1_49' title="bbox 1696 2601 1940 2658">
     <span class='ocr_line' id='line_1_49' title="bbox 1696 2601 1940 2658; baseline 0.008 -2"><span class='ocrx_word' id='word_1_303' title='bbox 1696 2601 1940 2658; x_wconf 86' lang='lat' dir='ltr'><strong>inducas.</strong></span> 
     </span>
    </p>
   </div>
   <div class='ocr_carea' id='block_1_50' title="bbox 517 2756 1610 2818">
    <p class='ocr_par' dir='ltr' id='par_1_50' title="bbox 517 2756 1063 2810">
     <span class='ocr_line' id='line_1_50' title="bbox 517 2756 1063 2810; baseline -0.002 0"><span class='ocrx_word' id='word_1_304' title='bbox 517 2756 860 2810; x_wconf 81' lang='grc' dir='ltr'><strong>ΕΠΙΣΤΟΛΗ</strong></span> <span class='ocrx_word' id='word_1_305' title='bbox 897 2756 1063 2810; x_wconf 84' lang='grc' dir='ltr'><strong>ΤΛΕ¹.</strong></span> 
     </span>
    </p>
   </div>
   <div class='ocr_carea' id='block_1_51' title="bbox 1696 2756 2860 2818">
    <p class='ocr_par' dir='ltr' id='par_1_51' title="bbox 2089 2756 2860 2818">
     <span class='ocr_line' id='line_1_51' title="bbox 2089 2756 2860 2818; baseline 0.009 -7"><span class='ocrx_word' id='word_1_306' title='bbox 2089 2756 2427 2814; x_wconf 84' lang='lat' dir='ltr'><strong>EPISTOLA</strong></span> <span class='ocrx_word' id='word_1_307' title='bbox 2463 2758 2790 2816; x_wconf 79' lang='lat' dir='ltr'><strong>CCCXXXV</strong></span> <span class='ocrx_word' id='word_1_308' title='bbox 2821 2765 2860 2818; x_wconf 78' lang='lat'><strong>&#39;.</strong></span> 
     </span>
    </p>
   </div>
   <div class='ocr_carea' id='block_1_52' title="bbox 74 2888 3278 3018">
    <p class='ocr_par' dir='ltr' id='par_1_52' title="bbox 74 2888 3278 3018">
     <span class='ocr_line' id='line_1_52' title="bbox 74 2888 3278 3018; baseline 0.001 -74"><span class='ocrx_word' id='word_1_309' title='bbox 74 2893 272 2958; x_wconf 73' lang='lat' dir='ltr'><strong>Signiﬁcat</strong></span> <span class='ocrx_word' id='word_1_310' title='bbox 295 2894 508 2946; x_wconf 74' lang='lat' dir='ltr'><strong>Basilius</strong></span> <span class='ocrx_word' id='word_1_311' title='bbox 529 2907 580 2947; x_wconf 73' lang='lat' dir='ltr'><strong>se</strong></span> <span class='ocrx_word' id='word_1_312' title='bbox 599 2892 796 2947; x_wconf 79' lang='lat' dir='ltr'><strong>libenter</strong></span> <span class='ocrx_word' id='word_1_313' title='bbox 814 2904 977 2943; x_wconf 75' lang='lat' dir='ltr'><strong>onmes</strong></span> <span class='ocrx_word' id='word_1_314' title='bbox 999 2888 2158 3018; x_wconf 42' lang='lat' dir='ltr'><strong>Camgecggﬂgxgsgmnmx‘:</strong></span> <span class='ocrx_word' id='word_1_315' title='bbox 2180 2904 2304 2943; x_wconf 84' lang='lat' dir='ltr'><strong>nunc</strong></span> <span class='ocrx_word' id='word_1_316' title='bbox 2325 2898 2485 2943; x_wconf 77' lang='lat' dir='ltr'><strong>autem</strong></span> <span class='ocrx_word' id='word_1_317' title='bbox 2503 2892 2643 2943; x_wconf 74' lang='lat' dir='ltr'><strong>mittit</strong></span> <span class='ocrx_word' id='word_1_318' title='bbox 2661 2893 2865 2946; x_wconf 79' lang='lat' dir='ltr'><strong>nobilem</strong></span> <span class='ocrx_word' id='word_1_319' title='bbox 2882 2894 3249 2960; x_wconf 76' lang='lat' dir='ltr'><strong>aaolescenlem,</strong></span> <span class='ocrx_word' id='word_1_320' title='bbox 3275 2964 3278 2971; x_wconf 33' lang='grc' dir='ltr'><strong>Ι</strong></span> 
     </span>
    </p>
   </div>
   <div class='ocr_carea' id='block_1_53' title="bbox 485 3080 1110 3147">
    <p class='ocr_par' dir='ltr' id='par_1_53' title="bbox 485 3080 1110 3147">
     <span class='ocr_line' id='line_1_53' title="bbox 485 3080 1110 3147; baseline -0.008 -10"><span class='ocrx_word' id='word_1_321' title='bbox 485 3081 805 3147; x_wconf 74' lang='grc' dir='ltr'>Βασίλειος</span> <span class='ocrx_word' id='word_1_322' title='bbox 837 3080 1110 3143; x_wconf 75' lang='grc' dir='ltr'>Λιϐανίῳ.</span> 
     </span>
    </p>
   </div>
   <div class='ocr_carea' id='block_1_54' title="bbox 122 3214 1591 3293">
    <p class='ocr_par' dir='ltr' id='par_1_54' title="bbox 122 3214 1591 3293">
     <span class='ocr_line' id='line_1_54' title="bbox 122 3214 1591 3293; baseline -0.007 -17"><span class='ocrx_word' id='word_1_323' title='bbox 122 3221 421 3293; x_wconf 74' lang='grc' dir='ltr'>Αἰσχύνομαι</span> <span class='ocrx_word' id='word_1_324' title='bbox 463 3219 590 3275; x_wconf 86' lang='grc' dir='ltr'>καθ’</span> <span class='ocrx_word' id='word_1_325' title='bbox 622 3219 718 3273; x_wconf 72' lang='grc' dir='ltr'>ἕνα</span> <span class='ocrx_word' id='word_1_326' title='bbox 752 3234 834 3271; x_wconf 89' lang='grc' dir='ltr'><strong>σοι</strong></span> <span class='ocrx_word' id='word_1_327' title='bbox 863 3214 1154 3289; x_wconf 82' lang='grc' dir='ltr'>προσάγων</span> <span class='ocrx_word' id='word_1_328' title='bbox 1183 3214 1308 3276; x_wconf 83' lang='grc' dir='ltr'>τοὺς</span> <span class='ocrx_word' id='word_1_329' title='bbox 1352 3214 1591 3266; x_wconf 84' lang='grc' dir='ltr'>Καππα-</span> 
     </span>
    </p>
   </div>
   <div class='ocr_carea' id='block_1_55' title="bbox 71 3305 1594 3385">
    <p class='ocr_par' dir='ltr' id='par_1_55' title="bbox 71 3305 1594 3385">
     <span class='ocr_line' id='line_1_55' title="bbox 71 3305 1594 3385; baseline -0.005 -18"><span class='ocrx_word' id='word_1_330' title='bbox 71 3315 214 3379; x_wconf 80' lang='grc' dir='ltr'>δόκας,</span> <span class='ocrx_word' id='word_1_331' title='bbox 242 3314 368 3369; x_wconf 88' lang='grc' dir='ltr'><strong>ἀλλά</strong></span> <span class='ocrx_word' id='word_1_332' title='bbox 405 3313 484 3385; x_wconf 80' lang='grc' dir='ltr'>μὴ</span> <span class='ocrx_word' id='word_1_333' title='bbox 535 3313 744 3373; x_wconf 87' lang='grc' dir='ltr'>πάντας</span> <span class='ocrx_word' id='word_1_334' title='bbox 778 3311 903 3373; x_wconf 82' lang='grc' dir='ltr'>τοὺς</span> <span class='ocrx_word' id='word_1_335' title='bbox 941 3311 998 3362; x_wconf 81' lang='grc' dir='ltr'>ὲν</span> <span class='ocrx_word' id='word_1_336' title='bbox 1039 3307 1224 3378; x_wconf 70' lang='grc' dir='ltr'>ἡλικίᾳ</span> <span class='ocrx_word' id='word_1_337' title='bbox 1253 3305 1475 3371; x_wconf 87' lang='grc' dir='ltr'>πείθων,</span> <span class='ocrx_word' id='word_1_338' title='bbox 1509 3305 1594 3360; x_wconf 84' lang='grc' dir='ltr'>λό-</span> 
     </span>
    </p>
   </div>
   <div class='ocr_carea' id='block_1_56' title="bbox 75 3398 1595 3475">
    <p class='ocr_par' dir='ltr' id='par_1_56' title="bbox 75 3398 1595 3475">
     <span class='ocr_line' id='line_1_56' title="bbox 75 3398 1595 3475; baseline -0.005 -18"><span class='ocrx_word' id='word_1_339' title='bbox 75 3423 157 3472; x_wconf 87' lang='grc' dir='ltr'><strong>γων</strong></span> <span class='ocrx_word' id='word_1_340' title='bbox 178 3406 260 3458; x_wconf 79' lang='grc' dir='ltr'>καὶ</span> <span class='ocrx_word' id='word_1_341' title='bbox 285 3405 617 3467; x_wconf 85' lang='grc' dir='ltr'>παιδεύσεως</span> <span class='ocrx_word' id='word_1_342' title='bbox 643 3403 755 3475; x_wconf 81' lang='grc'><strong>(51)</strong></span> <span class='ocrx_word' id='word_1_343' title='bbox 797 3398 1208 3463; x_wconf 84' lang='grc' dir='ltr'>ἀντιποιεῖσθαι,</span> <span class='ocrx_word' id='word_1_344' title='bbox 1237 3398 1330 3450; x_wconf 80' lang='grc' dir='ltr'>καὶ</span> <span class='ocrx_word' id='word_1_345' title='bbox 1375 3398 1458 3450; x_wconf 76' lang='grc' dir='ltr'><strong>σοὶ</strong></span> <span class='ocrx_word' id='word_1_346' title='bbox 1504 3415 1595 3451; x_wconf 91' lang='grc' dir='ltr'>κε-</span> 
     </span>
    </p>
   </div>
   <div class='ocr_carea' id='block_1_57' title="bbox 2223 3077 2731 3134">
    <p class='ocr_par' dir='ltr' id='par_1_57' title="bbox 2223 3077 2731 3134">
     <span class='ocr_line' id='line_1_57' title="bbox 2223 3077 2731 3134; baseline 0.002 -1"><span class='ocrx_word' id='word_1_347' title='bbox 2223 3077 2460 3133; x_wconf 75' lang='lat' dir='ltr'><strong>Basilius</strong></span> <span class='ocrx_word' id='word_1_348' title='bbox 2490 3078 2731 3134; x_wconf 85' lang='lat' dir='ltr'><strong>Libanio.</strong></span> 
     </span>
    </p>
   </div>
   <div class='ocr_carea' id='block_1_58' title="bbox 1762 3211 3251 3284">
    <p class='ocr_par' dir='ltr' id='par_1_58' title="bbox 1762 3211 3251 3284">
     <span class='ocr_line' id='line_1_58' title="bbox 1762 3211 3251 3284; baseline 0.002 -18"><span class='ocrx_word' id='word_1_349' title='bbox 1762 3212 1936 3269; x_wconf 85' lang='lat' dir='ltr'><strong>Pudet</strong></span> <span class='ocrx_word' id='word_1_350' title='bbox 1966 3227 2052 3268; x_wconf 91' lang='lat' dir='ltr'><strong>me</strong></span> <span class='ocrx_word' id='word_1_351' title='bbox 2081 3219 2180 3266; x_wconf 78' lang='lat' dir='ltr'><strong>tim</strong></span> <span class='ocrx_word' id='word_1_352' title='bbox 2219 3211 2571 3282; x_wconf 84' lang='lat' dir='ltr'><strong>Cappadoces</strong></span> <span class='ocrx_word' id='word_1_353' title='bbox 2597 3212 2912 3284; x_wconf 75' lang='lat' dir='ltr'><strong>singulatim</strong></span> <span class='ocrx_word' id='word_1_354' title='bbox 2946 3214 3215 3270; x_wconf 89' lang='lat' dir='ltr'><strong>adducere</strong></span> <span class='ocrx_word' id='word_1_355' title='bbox 3234 3255 3251 3280; x_wconf 94' lang='lat'><strong>,</strong></span> 
     </span>
    </p>
   </div>
   <div class='ocr_carea' id='block_1_59' title="bbox 1694 3303 3253 3374">
    <p class='ocr_par' dir='ltr' id='par_1_59' title="bbox 1694 3303 3253 3374">
     <span class='ocr_line' id='line_1_59' title="bbox 1694 3303 3253 3374; baseline -0.001 -14"><span class='ocrx_word' id='word_1_356' title='bbox 1694 3320 1759 3360; x_wconf 85' lang='lat' dir='ltr'><strong>ac</strong></span> <span class='ocrx_word' id='word_1_357' title='bbox 1808 3319 1918 3359; x_wconf 89' lang='lat' dir='ltr'><strong>non</strong></span> <span class='ocrx_word' id='word_1_358' title='bbox 1968 3303 2226 3359; x_wconf 88' lang='lat' dir='ltr'><strong>omnibus</strong></span> <span class='ocrx_word' id='word_1_359' title='bbox 2279 3303 2720 3358; x_wconf 85' lang='lat' dir='ltr'><strong>adolescentibus</strong></span> <span class='ocrx_word' id='word_1_360' title='bbox 2775 3304 3138 3374; x_wconf 82' lang='lat' dir='ltr'><strong>persuadere,</strong></span> <span class='ocrx_word' id='word_1_361' title='bbox 3193 3316 3253 3358; x_wconf 93' lang='lat' dir='ltr'><strong>ut</strong></span> 
     </span>
    </p>
   </div>
   <div class='ocr_carea' id='block_1_60' title="bbox 1694 3394 3252 3466">
    <p class='ocr_par' dir='ltr' id='par_1_60' title="bbox 1694 3394 3252 3466">
     <span class='ocr_line' id='line_1_60' title="bbox 1694 3394 3252 3466; baseline -0.001 -14"><span class='ocrx_word' id='word_1_362' title='bbox 1694 3397 1894 3452; x_wconf 88' lang='lat' dir='ltr'><strong>litteris</strong></span> <span class='ocrx_word' id='word_1_363' title='bbox 1943 3411 2008 3451; x_wconf 86' lang='lat' dir='ltr'><strong>ac</strong></span> <span class='ocrx_word' id='word_1_364' title='bbox 2054 3395 2317 3450; x_wconf 75' lang='lat' dir='ltr'><strong>doctrinae</strong></span> <span class='ocrx_word' id='word_1_365' title='bbox 2366 3394 2494 3449; x_wconf 90' lang='lat' dir='ltr'><strong>dent</strong></span> <span class='ocrx_word' id='word_1_366' title='bbox 2534 3409 2792 3464; x_wconf 87' lang='lat' dir='ltr'><strong>operam,</strong></span> <span class='ocrx_word' id='word_1_367' title='bbox 2837 3405 2995 3466; x_wconf 89' lang='lat' dir='ltr'><strong>teque</strong></span> <span class='ocrx_word' id='word_1_368' title='bbox 3029 3405 3252 3451; x_wconf 86' lang='lat' dir='ltr'><strong>utantur</strong></span> 
     </span>
    </p>
   </div>
   <div class='ocr_carea' id='block_1_61' title="bbox 76 3484 1610 3568">
    <p class='ocr_par' dir='ltr' id='par_1_61' title="bbox 76 3488 1596 3568">
     <span class='ocr_line' id='line_1_61' title="bbox 76 3488 1596 3568; baseline -0.01 -14"><span class='ocrx_word' id='word_1_369' title='bbox 76 3497 262 3566; x_wconf 77' lang='grc' dir='ltr'>χρῆσθαι</span> <span class='ocrx_word' id='word_1_370' title='bbox 311 3500 408 3568; x_wconf 79' lang='grc' dir='ltr'>τῆς</span> <span class='ocrx_word' id='word_1_371' title='bbox 480 3497 772 3565; x_wconf 81' lang='grc' dir='ltr'>ἀσκήσεως</span> <span class='ocrx_word' id='word_1_372' title='bbox 820 3491 1140 3560; x_wconf 79' lang='grc' dir='ltr'>διδασκάλῳ.</span> <span class='ocrx_word' id='word_1_373' title='bbox 1217 3488 1355 3542; x_wconf 81' lang='grc' dir='ltr'>Ἀλλ’</span> <span class='ocrx_word' id='word_1_374' title='bbox 1411 3488 1596 3560; x_wconf 81' lang='grc' dir='ltr'>ἐπειδὴ</span> 
     </span>
    </p>
   </div>
   <div class='ocr_carea' id='block_1_62' title="bbox 1696 3484 3253 3568">
    <p class='ocr_par' dir='ltr' id='par_1_62' title="bbox 1696 3485 3253 3558">
     <span class='ocr_line' id='line_1_62' title="bbox 1696 3485 3253 3558; baseline -0.003 -12"><span class='ocrx_word' id='word_1_375' title='bbox 1696 3488 2108 3546; x_wconf 82' lang='lat' dir='ltr'><strong>exercitationis</strong></span> <span class='ocrx_word' id='word_1_376' title='bbox 2157 3488 2440 3558; x_wconf 87' lang='lat' dir='ltr'><strong>magistro.</strong></span> <span class='ocrx_word' id='word_1_377' title='bbox 2499 3485 2609 3542; x_wconf 87' lang='lat' dir='ltr'><strong>Sed</strong></span> <span class='ocrx_word' id='word_1_378' title='bbox 2665 3487 2794 3556; x_wconf 90' lang='lat' dir='ltr'><strong>quia</strong></span> <span class='ocrx_word' id='word_1_379' title='bbox 2847 3503 3035 3543; x_wconf 89' lang='lat' dir='ltr'><strong>omnes</strong></span> <span class='ocrx_word' id='word_1_380' title='bbox 3089 3488 3253 3542; x_wconf 91' lang='lat' dir='ltr'><strong>simul</strong></span> 
     </span>
    </p>
   </div>
   <div class='ocr_carea' id='block_1_63' title="bbox 75 3580 1590 3657">
    <p class='ocr_par' dir='ltr' id='par_1_63' title="bbox 75 3580 1590 3657">
     <span class='ocr_line' id='line_1_63' title="bbox 75 3580 1590 3657; baseline -0.009 -13"><span class='ocrx_word' id='word_1_381' title='bbox 75 3589 245 3643; x_wconf 79' lang='grc' dir='ltr'>πάντων</span> <span class='ocrx_word' id='word_1_382' title='bbox 289 3587 526 3652; x_wconf 74' lang='grc' dir='ltr'>εἰσάπαξ</span> <span class='ocrx_word' id='word_1_383' title='bbox 568 3587 864 3657; x_wconf 77' lang='grc' dir='ltr'>ἐπιτυχεῖν,</span> <span class='ocrx_word' id='word_1_384' title='bbox 899 3583 968 3636; x_wconf 87' lang='grc' dir='ltr'><strong>τά</strong></span> <span class='ocrx_word' id='word_1_385' title='bbox 1022 3582 1363 3652; x_wconf 75' lang='grc' dir='ltr'>προσήκοντα</span> <span class='ocrx_word' id='word_1_386' title='bbox 1411 3580 1590 3648; x_wconf 78' lang='grc' dir='ltr'>σφίσιν</span> 
     </span>
    </p>
   </div>
   <div class='ocr_carea' id='block_1_64' title="bbox 74 3670 1594 3752">
    <p class='ocr_par' dir='ltr' id='par_1_64' title="bbox 74 3670 1594 3752">
     <span class='ocr_line' id='line_1_64' title="bbox 74 3670 1594 3752; baseline -0.004 -23"><span class='ocrx_word' id='word_1_387' title='bbox 74 3679 217 3742; x_wconf 78' lang='grc' dir='ltr'>αὐτοῖς</span> <span class='ocrx_word' id='word_1_388' title='bbox 245 3678 604 3752; x_wconf 78' lang='grc' dir='ltr'>αἱρουμένων,</span> <span class='ocrx_word' id='word_1_389' title='bbox 632 3676 729 3746; x_wconf 79' lang='grc' dir='ltr'>οὐχ</span> <span class='ocrx_word' id='word_1_390' title='bbox 759 3670 870 3730; x_wconf 77' lang='grc' dir='ltr'>οἶόν</span> <span class='ocrx_word' id='word_1_391' title='bbox 907 3691 964 3727; x_wconf 89' lang='grc' dir='ltr'><strong>τε</strong></span> <span class='ocrx_word' id='word_1_392' title='bbox 984 3691 997 3705; x_wconf 87' lang='grc'><strong>·</strong></span> <span class='ocrx_word' id='word_1_393' title='bbox 1033 3675 1158 3737; x_wconf 77' lang='grc' dir='ltr'>τοὺς</span> <span class='ocrx_word' id='word_1_394' title='bbox 1189 3673 1442 3726; x_wconf 79' lang='grc' dir='ltr'>ἑκάστοτε</span> <span class='ocrx_word' id='word_1_395' title='bbox 1477 3689 1594 3724; x_wconf 86' lang='grc' dir='ltr'>πει-</span> 
     </span>
    </p>
   </div>
   <div class='ocr_carea' id='block_1_65' title="bbox 74 3765 1594 3842">
    <p class='ocr_par' dir='ltr' id='par_1_65' title="bbox 74 3765 1594 3842">
     <span class='ocr_line' id='line_1_65' title="bbox 74 3765 1594 3842; baseline -0.003 -22"><span class='ocrx_word' id='word_1_396' title='bbox 74 3767 287 3838; x_wconf 77' lang='grc' dir='ltr'>θομένους</span> <span class='ocrx_word' id='word_1_397' title='bbox 332 3767 776 3842; x_wconf 85' lang='grc' dir='ltr'>παραπέμπομέν</span> <span class='ocrx_word' id='word_1_398' title='bbox 826 3766 940 3837; x_wconf 75' lang='grc'><strong>(52)</strong></span> <span class='ocrx_word' id='word_1_399' title='bbox 975 3784 1076 3831; x_wconf 88' lang='grc' dir='ltr'>σοι,</span> <span class='ocrx_word' id='word_1_400' title='bbox 1119 3765 1369 3820; x_wconf 78' lang='grc' dir='ltr'>τοσοῦτον</span> <span class='ocrx_word' id='word_1_401' title='bbox 1412 3765 1594 3828; x_wconf 76' lang='grc' dir='ltr'>αὐτοῖς</span> 
     </span>
    </p>
   </div>
   <div class='ocr_carea' id='block_1_66' title="bbox 73 3857 1593 3935">
    <p class='ocr_par' dir='ltr' id='par_1_66' title="bbox 73 3857 1593 3935">
     <span class='ocr_line' id='line_1_66' title="bbox 73 3857 1593 3935; baseline -0.005 -18"><span class='ocrx_word' id='word_1_402' title='bbox 73 3865 398 3935; x_wconf 72' lang='grc' dir='ltr'>χαριζόμενος,</span> <span class='ocrx_word' id='word_1_403' title='bbox 432 3866 560 3918; x_wconf 82' lang='grc' dir='ltr'>ὅσον</span> <span class='ocrx_word' id='word_1_404' title='bbox 601 3863 698 3916; x_wconf 71' lang='grc' dir='ltr'>καὶ</span> <span class='ocrx_word' id='word_1_405' title='bbox 737 3864 787 3916; x_wconf 77' lang='grc' dir='ltr'>οἱ</span> <span class='ocrx_word' id='word_1_406' title='bbox 831 3865 942 3927; x_wconf 83' lang='grc' dir='ltr'>τοῖς</span> <span class='ocrx_word' id='word_1_407' title='bbox 973 3861 1166 3932; x_wconf 80' lang='grc' dir='ltr'>διψῶσι</span> <span class='ocrx_word' id='word_1_408' title='bbox 1197 3857 1593 3930; x_wconf 88' lang='grc' dir='ltr'>καθηγούμενοι</span> 
     </span>
    </p>
   </div>
   <div class='ocr_carea' id='block_1_67' title="bbox 75 3949 1593 4028">
    <p class='ocr_par' dir='ltr' id='par_1_67' title="bbox 75 3949 1593 4028">
     <span class='ocr_line' id='line_1_67' title="bbox 75 3949 1593 4028; baseline -0.006 -18"><span class='ocrx_word' id='word_1_409' title='bbox 75 3955 179 4023; x_wconf 73' lang='grc' dir='ltr'>πρὸς</span> <span class='ocrx_word' id='word_1_410' title='bbox 211 3957 304 4020; x_wconf 88' lang='grc' dir='ltr'><strong>τάς</strong></span> <span class='ocrx_word' id='word_1_411' title='bbox 354 3956 542 4028; x_wconf 85' lang='grc' dir='ltr'>πηγάς</span> <span class='ocrx_word' id='word_1_412' title='bbox 576 3956 710 4027; x_wconf 78' lang='grc'><strong>(55).</strong></span> <span class='ocrx_word' id='word_1_413' title='bbox 753 3955 810 4009; x_wconf 92' lang='lat'><strong>&#39;0</strong></span> <span class='ocrx_word' id='word_1_414' title='bbox 848 3954 905 4008; x_wconf 82' lang='grc' dir='ltr'>δὲ</span> <span class='ocrx_word' id='word_1_415' title='bbox 948 3953 1045 4007; x_wconf 83' lang='grc' dir='ltr'>νῦν</span> <span class='ocrx_word' id='word_1_416' title='bbox 1087 3949 1348 4022; x_wconf 87' lang='grc' dir='ltr'>προσιὼν,</span> <span class='ocrx_word' id='word_1_417' title='bbox 1401 3949 1593 4021; x_wconf 82' lang='grc' dir='ltr'>μικρὸν</span> 
     </span>
    </p>
   </div>
   <div class='ocr_carea' id='block_1_68' title="bbox 74 4041 1598 4118">
    <p class='ocr_par' dir='ltr' id='par_1_68' title="bbox 74 4041 1598 4118">
     <span class='ocr_line' id='line_1_68' title="bbox 74 4041 1598 4118; baseline -0.002 -21"><span class='ocrx_word' id='word_1_418' title='bbox 74 4043 256 4118; x_wconf 68' lang='grc' dir='ltr'>ὕστερον</span> <span class='ocrx_word' id='word_1_419' title='bbox 281 4049 474 4102; x_wconf 80' lang='grc' dir='ltr'>ἑαυτοῦ</span> <span class='ocrx_word' id='word_1_420' title='bbox 505 4047 693 4100; x_wconf 75' lang='grc' dir='ltr'>ἕνεκεν</span> <span class='ocrx_word' id='word_1_421' title='bbox 733 4044 1219 4116; x_wconf 82' lang='grc' dir='ltr'>σπουδασθήσεται,</span> <span class='ocrx_word' id='word_1_422' title='bbox 1261 4041 1476 4096; x_wconf 77' lang='grc' dir='ltr'>ἐπειδάν</span> <span class='ocrx_word' id='word_1_423' title='bbox 1513 4057 1598 4095; x_wconf 90' lang='grc' dir='ltr'><strong>σοι</strong></span> 
     </span>
    </p>
   </div>
   <div class='ocr_carea' id='block_1_69' title="bbox 75 4133 1596 4208">
    <p class='ocr_par' dir='ltr' id='par_1_69' title="bbox 75 4133 1596 4208">
     <span class='ocr_line' id='line_1_69' title="bbox 75 4133 1596 4208; baseline -0.001 -18"><span class='ocrx_word' id='word_1_424' title='bbox 75 4137 374 4208; x_wconf 72' lang='grc' dir='ltr'>συγγένηται.</span> <span class='ocrx_word' id='word_1_425' title='bbox 401 4137 521 4192; x_wconf 82' lang='grc' dir='ltr'><strong>Νῦν</strong></span> <span class='ocrx_word' id='word_1_426' title='bbox 544 4138 601 4191; x_wconf 76' lang='grc' dir='ltr'>δὲ</span> <span class='ocrx_word' id='word_1_427' title='bbox 618 4137 724 4191; x_wconf 80' lang='grc' dir='ltr'>ἀπὸ</span> <span class='ocrx_word' id='word_1_428' title='bbox 751 4138 954 4208; x_wconf 89' lang='grc' dir='ltr'>πατρός</span> <span class='ocrx_word' id='word_1_429' title='bbox 986 4137 1102 4189; x_wconf 74' lang='grc' dir='ltr'>ἐστι</span> <span class='ocrx_word' id='word_1_430' title='bbox 1131 4135 1424 4206; x_wconf 85' lang='grc' dir='ltr'>γνώριμος,</span> <span class='ocrx_word' id='word_1_431' title='bbox 1452 4133 1596 4205; x_wconf 83' lang='grc' dir='ltr'>μέγα</span> 
     </span>
    </p>
   </div>
   <div class='ocr_carea' id='block_1_70' title="bbox 76 4223 1597 4299">
    <p class='ocr_par' dir='ltr' id='par_1_70' title="bbox 76 4223 1597 4299">
     <span class='ocr_line' id='line_1_70' title="bbox 76 4223 1597 4299; baseline 0.001 -25"><span class='ocrx_word' id='word_1_432' title='bbox 76 4226 144 4276; x_wconf 79' lang='grc' dir='ltr'><strong>ἐπὶ</strong></span> <span class='ocrx_word' id='word_1_433' title='bbox 176 4227 410 4299; x_wconf 81' lang='grc' dir='ltr'>ὀρθότητι</span> <span class='ocrx_word' id='word_1_434' title='bbox 453 4228 572 4299; x_wconf 89' lang='grc' dir='ltr'>βίου</span> <span class='ocrx_word' id='word_1_435' title='bbox 613 4227 708 4280; x_wconf 79' lang='grc' dir='ltr'>καὶ</span> <span class='ocrx_word' id='word_1_436' title='bbox 755 4225 982 4296; x_wconf 87' lang='grc' dir='ltr'>δυνάμει</span> <span class='ocrx_word' id='word_1_437' title='bbox 1009 4224 1258 4295; x_wconf 83' lang='grc' dir='ltr'>πολιτικῇ</span> <span class='ocrx_word' id='word_1_438' title='bbox 1303 4223 1432 4295; x_wconf 82' lang='grc' dir='ltr'>παρ’</span> <span class='ocrx_word' id='word_1_439' title='bbox 1466 4224 1597 4292; x_wconf 78' lang='grc' dir='ltr'>ἡμῖν</span> 
     </span>
    </p>
   </div>
   <div class='ocr_carea' id='block_1_71' title="bbox 74 4313 1600 4390">
    <p class='ocr_par' dir='ltr' id='par_1_71' title="bbox 74 4313 1600 4390">
     <span class='ocr_line' id='line_1_71' title="bbox 74 4313 1600 4390; baseline -0.001 -23"><span class='ocrx_word' id='word_1_440' title='bbox 74 4313 284 4383; x_wconf 79' lang='grc' dir='ltr'>λαϐόντος</span> <span class='ocrx_word' id='word_1_441' title='bbox 320 4319 494 4390; x_wconf 74' lang='grc' dir='ltr'>ὄνομα</span> <span class='ocrx_word' id='word_1_442' title='bbox 515 4336 529 4350; x_wconf 87' lang='grc'><strong>·</strong></span> <span class='ocrx_word' id='word_1_443' title='bbox 563 4317 622 4380; x_wconf 80' lang='grc' dir='ltr'>ὃς</span> <span class='ocrx_word' id='word_1_444' title='bbox 652 4317 746 4370; x_wconf 76' lang='grc' dir='ltr'>καὶ</span> <span class='ocrx_word' id='word_1_445' title='bbox 783 4316 906 4387; x_wconf 73' lang='grc' dir='ltr'>ἐμοὶ</span> <span class='ocrx_word' id='word_1_446' title='bbox 934 4315 1044 4386; x_wconf 78' lang='grc'><strong>(54)</strong></span> <span class='ocrx_word' id='word_1_447' title='bbox 1071 4317 1150 4378; x_wconf 87' lang='grc' dir='ltr'><strong>είς</strong></span> <span class='ocrx_word' id='word_1_448' title='bbox 1178 4314 1275 4386; x_wconf 82' lang='grc' dir='ltr'>τὴν</span> <span class='ocrx_word' id='word_1_449' title='bbox 1313 4314 1485 4385; x_wconf 81' lang='grc' dir='ltr'>ἄκραν</span> <span class='ocrx_word' id='word_1_450' title='bbox 1512 4332 1600 4384; x_wconf 82' lang='grc' dir='ltr'>φι-</span> 
     </span>
    </p>
   </div>
   <div class='ocr_carea' id='block_1_72' title="bbox 73 4405 1600 4484">
    <p class='ocr_par' dir='ltr' id='par_1_72' title="bbox 73 4405 1600 4484">
     <span class='ocr_line' id='line_1_72' title="bbox 73 4405 1600 4484; baseline -0.001 -22"><span class='ocrx_word' id='word_1_451' title='bbox 73 4407 163 4462; x_wconf 75' lang='grc' dir='ltr'>λίαν</span> <span class='ocrx_word' id='word_1_452' title='bbox 197 4413 481 4484; x_wconf 69' lang='grc' dir='ltr'>ἥρμοσται.</span> <span class='ocrx_word' id='word_1_453' title='bbox 535 4405 642 4473; x_wconf 85' lang='grc' dir='ltr'>Ἧς</span> <span class='ocrx_word' id='word_1_454' title='bbox 687 4409 1046 4481; x_wconf 77' lang='grc' dir='ltr'>ἀμειϐόμενος</span> <span class='ocrx_word' id='word_1_455' title='bbox 1095 4407 1276 4472; x_wconf 82' lang='grc' dir='ltr'>αὐτὸν,</span> <span class='ocrx_word' id='word_1_456' title='bbox 1323 4406 1400 4477; x_wconf 82' lang='grc' dir='ltr'><strong>τῷ</strong></span> <span class='ocrx_word' id='word_1_457' title='bbox 1450 4405 1600 4461; x_wconf 70' lang='grc' dir='ltr'>παιδὶ</span> 
     </span>
    </p>
   </div>
   <div class='ocr_carea' id='block_1_73' title="bbox 72 4499 1596 4576">
    <p class='ocr_par' dir='ltr' id='par_1_73' title="bbox 72 4499 1596 4576">
     <span class='ocr_line' id='line_1_73' title="bbox 72 4499 1596 4576; baseline 0 -24"><span class='ocrx_word' id='word_1_458' title='bbox 72 4501 238 4575; x_wconf 80' lang='grc' dir='ltr'>ταύτην</span> <span class='ocrx_word' id='word_1_459' title='bbox 257 4503 351 4575; x_wconf 81' lang='grc' dir='ltr'>τὴν</span> <span class='ocrx_word' id='word_1_460' title='bbox 381 4505 544 4576; x_wconf 88' lang='grc' dir='ltr'>χάριν</span> <span class='ocrx_word' id='word_1_461' title='bbox 571 4502 781 4572; x_wconf 90' lang='grc' dir='ltr'>δίδωμι,</span> <span class='ocrx_word' id='word_1_462' title='bbox 814 4501 896 4554; x_wconf 74' lang='grc' dir='ltr'>σοὶ</span> <span class='ocrx_word' id='word_1_463' title='bbox 922 4499 1090 4554; x_wconf 86' lang='grc' dir='ltr'>ποιῶν</span> <span class='ocrx_word' id='word_1_464' title='bbox 1113 4501 1274 4554; x_wconf 84' lang='grc' dir='ltr'>αὑτὸν</span> <span class='ocrx_word' id='word_1_465' title='bbox 1295 4499 1566 4570; x_wconf 84' lang='grc' dir='ltr'>γνώριμον</span> <span class='ocrx_word' id='word_1_466' title='bbox 1582 4517 1596 4532; x_wconf 76' lang='grc' dir='ltr'><strong>ο</strong></span> 
     </span>
    </p>
   </div>
   <div class='ocr_carea' id='block_1_74' title="bbox 74 4589 1599 4665">
    <p class='ocr_par' dir='ltr' id='par_1_74' title="bbox 74 4589 1599 4665">
     <span class='ocr_line' id='line_1_74' title="bbox 74 4589 1599 4665; baseline 0.001 -23"><span class='ocrx_word' id='word_1_467' title='bbox 74 4595 266 4664; x_wconf 80' lang='grc' dir='ltr'>πρᾶγμα</span> <span class='ocrx_word' id='word_1_468' title='bbox 302 4595 566 4665; x_wconf 86' lang='grc' dir='ltr'>μεγίστης</span> <span class='ocrx_word' id='word_1_469' title='bbox 609 4593 773 4663; x_wconf 86' lang='grc' dir='ltr'>εύχῆς</span> <span class='ocrx_word' id='word_1_470' title='bbox 805 4591 952 4657; x_wconf 79' lang='grc' dir='ltr'>ἄξιον</span> <span class='ocrx_word' id='word_1_471' title='bbox 999 4593 1110 4656; x_wconf 87' lang='grc' dir='ltr'>τοῖς</span> <span class='ocrx_word' id='word_1_472' title='bbox 1162 4590 1362 4662; x_wconf 79' lang='grc' dir='ltr'>ἀρετὴν</span> <span class='ocrx_word' id='word_1_473' title='bbox 1407 4589 1599 4660; x_wconf 86' lang='grc' dir='ltr'>ἀνδρὸς</span> 
     </span>
    </p>
   </div>
   <div class='ocr_carea' id='block_1_75' title="bbox 74 4684 674 4757">
    <p class='ocr_par' dir='ltr' id='par_1_75' title="bbox 74 4684 674 4757">
     <span class='ocr_line' id='line_1_75' title="bbox 74 4684 674 4757; baseline 0.008 -22"><span class='ocrx_word' id='word_1_474' title='bbox 74 4684 241 4754; x_wconf 84' lang='grc' dir='ltr'>κρίνειν</span> <span class='ocrx_word' id='word_1_475' title='bbox 274 4685 674 4757; x_wconf 68' lang='grc' dir='ltr'>ἐπισταμένοις.</span> 
     </span>
    </p>
   </div>
   <div class='ocr_carea' id='block_1_76' title="bbox 129 4833 1677 4952">
    <p class='ocr_par' dir='ltr' id='par_1_76' title="bbox 129 4833 1677 4952">
     <span class='ocr_line' id='line_1_76' title="bbox 129 4833 1677 4952; baseline -0.003 -18"><span class='ocrx_word' id='word_1_476' title='bbox 129 4879 226 4952; x_wconf 79' lang='grc' dir='ltr'>(ιη</span> <span class='ocrx_word' id='word_1_477' title='bbox 249 4880 658 4952; x_wconf 67' lang='grc' dir='ltr'><strong>κωλιτράφφ.</strong></span> <span class='ocrx_word' id='word_1_478' title='bbox 677 4879 845 4952; x_wconf 82' lang='lat' dir='ltr'><strong>Addit</strong></span> <span class='ocrx_word' id='word_1_479' title='bbox 861 4877 1010 4952; x_wconf 77' lang='lat' dir='ltr'><strong>Harl.</strong></span> <span class='ocrx_word' id='word_1_480' title='bbox 1032 4876 1320 4952; x_wconf 72' lang='grc' dir='ltr'>στρεϐλρὺς</span> <span class='ocrx_word' id='word_1_481' title='bbox 1346 4877 1588 4952; x_wconf 74' lang='grc' dir='ltr'>ποιοῦντι</span> <span class='ocrx_word' id='word_1_482' title='bbox 1626 4833 1677 4892; x_wconf 71' lang='grc' dir='ltr'><strong>θ</strong></span> 
     </span>
    </p>
   </div>
   <div class='ocr_carea' id='block_1_77' title="bbox 69 4947 1595 5024">
    <p class='ocr_par' dir='ltr' id='par_1_77' title="bbox 69 4947 1595 5024">
     <span class='ocr_line' id='line_1_77' title="bbox 69 4947 1595 5024; baseline -0.001 -18"><span class='ocrx_word' id='word_1_483' title='bbox 69 4951 173 5024; x_wconf 56' lang='grc' dir='ltr'>τους</span> <span class='ocrx_word' id='word_1_484' title='bbox 197 4947 423 5024; x_wconf 81' lang='grc' dir='ltr'>στίχους,</span> <span class='ocrx_word' id='word_1_485' title='bbox 446 4947 713 5024; x_wconf 49' lang='grc' dir='ltr'>ἰονιξαοεοξ</span> <span class='ocrx_word' id='word_1_486' title='bbox 743 4950 955 5018; x_wconf 75' lang='lat' dir='ltr'><strong>facienti</strong></span> <span class='ocrx_word' id='word_1_487' title='bbox 990 4947 1187 5003; x_wconf 70' lang='lat' dir='ltr'><strong>versus.</strong></span> <span class='ocrx_word' id='word_1_488' title='bbox 1213 4947 1462 5013; x_wconf 85' lang='lat' dir='ltr'><strong>Quinaue</strong></span> <span class='ocrx_word' id='word_1_489' title='bbox 1501 4950 1595 5004; x_wconf 84' lang='lat' dir='ltr'><strong>alii</strong></span> 
     </span>
    </p>
   </div>
   <div class='ocr_carea' id='block_1_78' title="bbox 72 5020 834 5095">
    <p class='ocr_par' dir='ltr' id='par_1_78' title="bbox 72 5020 834 5095">
     <span class='ocr_line' id='line_1_78' title="bbox 72 5020 834 5095; baseline 0 -22"><span class='ocrx_word' id='word_1_490' title='bbox 72 5020 257 5095; x_wconf 69' lang='lat' dir='ltr'><strong>codices</strong></span> <span class='ocrx_word' id='word_1_491' title='bbox 277 5020 422 5095; x_wconf 53' lang='lat'><strong>3:92;;</strong></span> <span class='ocrx_word' id='word_1_492' title='bbox 450 5021 834 5095; x_wconf 76' lang='grc' dir='ltr'>καλλιγράφον.</span> 
     </span>
    </p>
   </div>
   <div class='ocr_carea' id='block_1_79' title="bbox 130 5086 1595 5161">
    <p class='ocr_par' dir='ltr' id='par_1_79' title="bbox 130 5086 1595 5161">
     <span class='ocr_line' id='line_1_79' title="bbox 130 5086 1595 5161; baseline 0.001 -18"><span class='ocrx_word' id='word_1_493' title='bbox 130 5090 227 5161; x_wconf 74' lang='grc'><strong>(48)</strong></span> <span class='ocrx_word' id='word_1_494' title='bbox 275 5086 764 5161; x_wconf 18' lang='grc' dir='ltr'>Ἐ’πὶνστὰθμήςᾴ.</span> <span class='ocrx_word' id='word_1_495' title='bbox 800 5087 1166 5158; x_wconf 76' lang='grc' dir='ltr'>τεκτονικῆς.</span> <span class='ocrx_word' id='word_1_496' title='bbox 1201 5086 1455 5143; x_wconf 81' lang='lat' dir='ltr'><strong>Nonnunt</strong></span> <span class='ocrx_word' id='word_1_497' title='bbox 1497 5103 1595 5144; x_wconf 82' lang='lat' dir='ltr'><strong>co-</strong></span> 
     </span>
    </p>
   </div>
   <div class='ocr_carea' id='block_1_80' title="bbox 73 5155 839 5252">
    <p class='ocr_par' dir='ltr' id='par_1_80' title="bbox 73 5155 839 5252">
     <span class='ocr_line' id='line_1_80' title="bbox 73 5155 839 5252; baseline 0.005 -44"><span class='ocrx_word' id='word_1_498' title='bbox 73 5155 350 5252; x_wconf 49' lang='lat' dir='ltr'><strong>dices</strong></span> <span class='ocrx_word' id='word_1_499' title='bbox 359 5178 456 5252; x_wconf 65' lang='grc' dir='ltr'><strong>μη.</strong></span> <span class='ocrx_word' id='word_1_500' title='bbox 467 5203 479 5218; x_wconf 92' lang='grc'><strong>.</strong></span> <span class='ocrx_word' id='word_1_501' title='bbox 488 5200 507 5217; x_wconf 94' lang='grc'><strong>.</strong></span> <span class='ocrx_word' id='word_1_502' title='bbox 537 5155 722 5252; x_wconf 57' lang='grc' dir='ltr'>τεκτρν</span> <span class='ocrx_word' id='word_1_503' title='bbox 729 5162 815 5252; x_wconf 54' lang='grc' dir='ltr'>(κῇ</span> <span class='ocrx_word' id='word_1_504' title='bbox 826 5199 839 5213; x_wconf 92' lang='grc'><strong>.</strong></span> 
     </span>
    </p>
   </div>
   <div class='ocr_carea' id='block_1_81' title="bbox 130 5226 1598 5302">
    <p class='ocr_par' dir='ltr' id='par_1_81' title="bbox 130 5226 1598 5302">
     <span class='ocr_line' id='line_1_81' title="bbox 130 5226 1598 5302; baseline -0.001 -19"><span class='ocrx_word' id='word_1_505' title='bbox 130 5230 226 5302; x_wconf 79' lang='grc'><strong>(49)</strong></span> <span class='ocrx_word' id='word_1_506' title='bbox 261 5226 381 5302; x_wconf 54' lang='grc' dir='ltr'><em>Ἑβ</em></span> <span class='ocrx_word' id='word_1_507' title='bbox 408 5226 618 5299; x_wconf 59' lang='grc' dir='ltr'>ἕτερον</span> <span class='ocrx_word' id='word_1_508' title='bbox 648 5232 749 5301; x_wconf 68' lang='grc' dir='ltr'><strong>ἀφ’</strong></span> <span class='ocrx_word' id='word_1_509' title='bbox 781 5226 1006 5300; x_wconf 75' lang='grc' dir='ltr'>ἔτέρου.</span> <span class='ocrx_word' id='word_1_510' title='bbox 1049 5229 1129 5284; x_wconf 90' lang='lat' dir='ltr'><strong>lta</strong></span> <span class='ocrx_word' id='word_1_511' title='bbox 1171 5243 1268 5284; x_wconf 80' lang='lat' dir='ltr'><strong>sex</strong></span> <span class='ocrx_word' id='word_1_512' title='bbox 1299 5243 1432 5285; x_wconf 87' lang='lat' dir='ltr'><strong>mss.</strong></span> <span class='ocrx_word' id='word_1_513' title='bbox 1457 5226 1598 5283; x_wconf 83' lang='lat' dir='ltr'><strong>Editi</strong></span> 
     </span>
    </p>
   </div>
   <div class='ocr_carea' id='block_1_82' title="bbox 75 5295 690 5373">
    <p class='ocr_par' dir='ltr' id='par_1_82' title="bbox 75 5295 690 5373">
     <span class='ocr_line' id='line_1_82' title="bbox 75 5295 690 5373; baseline 0.002 -19"><span class='ocrx_word' id='word_1_514' title='bbox 75 5295 252 5373; x_wconf 61' lang='lat' dir='ltr'><strong>d9&#39;__é_&#39;té</strong></span> <span class='ocrx_word' id='word_1_515' title='bbox 260 5295 350 5372; x_wconf 72' lang='grc' dir='ltr'><strong>ρου</strong></span> <span class='ocrx_word' id='word_1_516' title='bbox 385 5304 464 5366; x_wconf 83' lang='grc' dir='ltr'><strong>είς</strong></span> <span class='ocrx_word' id='word_1_517' title='bbox 484 5295 570 5354; x_wconf 55' lang='lat' dir='ltr'><strong>ita</strong></span> <span class='ocrx_word' id='word_1_518' title='bbox 577 5318 690 5373; x_wconf 86' lang='grc' dir='ltr'>ρον.</span> 
     </span>
    </p>
   </div>
   <div class='ocr_carea' id='block_1_83' title="bbox 133 5367 1601 5442">
    <p class='ocr_par' dir='ltr' id='par_1_83' title="bbox 133 5367 1601 5442">
     <span class='ocr_line' id='line_1_83' title="bbox 133 5367 1601 5442; baseline -0.005 -14"><span class='ocrx_word' id='word_1_519' title='bbox 133 5369 230 5442; x_wconf 84' lang='lat'><strong>(50)</strong></span> <span class='ocrx_word' id='word_1_520' title='bbox 262 5367 371 5427; x_wconf 73' lang='grc' dir='ltr'><strong>Τοῦ</strong></span> <span class='ocrx_word' id='word_1_521' title='bbox 407 5367 786 5442; x_wconf 74' lang='grc' dir='ltr'>προσὶόντος.</span> <span class='ocrx_word' id='word_1_522' title='bbox 825 5369 901 5442; x_wconf 84' lang='lat' dir='ltr'><strong>Ita</strong></span> <span class='ocrx_word' id='word_1_523' title='bbox 922 5379 1040 5442; x_wconf 75' lang='lat' dir='ltr'><strong>tres</strong></span> <span class='ocrx_word' id='word_1_524' title='bbox 1063 5367 1601 5442; x_wconf 53' lang='lat' dir='ltr'><strong>vetustissilnicodi:</strong></span> 
     </span>
    </p>
   </div>
   <div class='ocr_carea' id='block_1_84' title="bbox 73 5437 1598 5562">
    <p class='ocr_par' dir='ltr' id='par_1_84' title="bbox 73 5437 1598 5562">
     <span class='ocr_line' id='line_1_84' title="bbox 73 5437 1598 5562; baseline 0.001 -73"><span class='ocrx_word' id='word_1_525' title='bbox 73 5437 289 5562; x_wconf 60' lang='lat' dir='ltr'><strong>ces_c6um</strong></span> <span class='ocrx_word' id='word_1_526' title='bbox 315 5437 463 5514; x_wconf 44' lang='lat' dir='ltr'><strong>Regi</strong></span> <span class='ocrx_word' id='word_1_527' title='bbox 488 5441 727 5498; x_wconf 89' lang='lat' dir='ltr'><strong>secundo</strong></span> <span class='ocrx_word' id='word_1_528' title='bbox 744 5437 811 5498; x_wconf 84' lang='lat' dir='ltr'><strong>et</strong></span> <span class='ocrx_word' id='word_1_529' title='bbox 837 5441 1008 5497; x_wconf 87' lang='lat' dir='ltr'><strong>Coisl.</strong></span> <span class='ocrx_word' id='word_1_530' title='bbox 1043 5439 1303 5496; x_wconf 89' lang='lat' dir='ltr'><strong>secundo.</strong></span> <span class='ocrx_word' id='word_1_531' title='bbox 1333 5439 1477 5494; x_wconf 87' lang='lat' dir='ltr'><strong>Editi</strong></span> <span class='ocrx_word' id='word_1_532' title='bbox 1501 5437 1598 5492; x_wconf 82' lang='grc' dir='ltr'>τοῦ</span> 
     </span>
     <span class='ocr_line' id='line_1_85' title="bbox 78 5521 341 5562; baseline 0.023 -6"><span class='ocrx_word' id='word_1_533' title='bbox 78 5521 182 5562; x_wconf 82' lang='grc' dir='ltr'>προι</span> <span class='ocrx_word' id='word_1_534' title='bbox 210 5529 341 5562; x_wconf 78' lang='grc' dir='ltr'>ντος.</span> 
     </span>
    </p>
   </div>
   <div class='ocr_carea' id='block_1_85' title="bbox 78 5513 341 5566">
    <p class='ocr_par' dir='ltr' id='par_1_85' title="bbox 78 5513 341 5566">
     <span class='ocr_line' id='line_1_86' title="bbox 78 5513 341 5566; baseline 0.038 -10"><span class='ocrx_word' id='word_1_535' title='bbox 78 5513 341 5566; x_wconf 75' lang='grc' dir='ltr'>προίόντος.</span> 
     </span>
    </p>
   </div>
   <div class='ocr_carea' id='block_1_86' title="bbox 111 5523 1598 5652">
    <p class='ocr_par' dir='ltr' id='par_1_86' title="bbox 111 5523 1598 5652">
     <span class='ocr_line' id='line_1_87' title="bbox 111 5523 1598 5652; baseline -0.002 -19"><span class='ocrx_word' id='word_1_536' title='bbox 111 5523 637 5652; x_wconf 50' lang='grc' dir='ltr'>ρῖἑῖἶτῗιῖλιδεύσεως.</span> <span class='ocrx_word' id='word_1_537' title='bbox 668 5579 804 5637; x_wconf 86' lang='lat' dir='ltr'><strong>Editi</strong></span> <span class='ocrx_word' id='word_1_538' title='bbox 823 5579 1028 5636; x_wconf 86' lang='lat' dir='ltr'><strong>addunt</strong></span> <span class='ocrx_word' id='word_1_539' title='bbox 1045 5580 1144 5650; x_wconf 81' lang='grc' dir='ltr'>τῆς</span> <span class='ocrx_word' id='word_1_540' title='bbox 1163 5579 1280 5651; x_wconf 80' lang='grc' dir='ltr'>σῆς,</span> <span class='ocrx_word' id='word_1_541' title='bbox 1304 5596 1421 5651; x_wconf 74' lang='lat' dir='ltr'><strong>qua:</strong></span> <span class='ocrx_word' id='word_1_542' title='bbox 1439 5579 1598 5636; x_wconf 82' lang='lat' dir='ltr'><strong>verba</strong></span> 
     </span>
    </p>
   </div>
   <div class='ocr_carea' id='block_1_87' title="bbox 1692 3576 3254 3650">
    <p class='ocr_par' dir='ltr' id='par_1_87' title="bbox 1692 3576 3254 3650">
     <span class='ocr_line' id='line_1_88' title="bbox 1692 3576 3254 3650; baseline -0.002 -13"><span class='ocrx_word' id='word_1_543' title='bbox 1692 3580 1939 3637; x_wconf 89' lang='lat' dir='ltr'><strong>nancisci</strong></span> <span class='ocrx_word' id='word_1_544' title='bbox 1968 3596 2076 3635; x_wconf 88' lang='lat' dir='ltr'><strong>non</strong></span> <span class='ocrx_word' id='word_1_545' title='bbox 2115 3593 2406 3650; x_wconf 89' lang='lat' dir='ltr'><strong>possumus</strong></span> <span class='ocrx_word' id='word_1_546' title='bbox 2450 3578 2525 3632; x_wconf 88' lang='lat' dir='ltr'><strong>ita</strong></span> <span class='ocrx_word' id='word_1_547' title='bbox 2557 3576 2800 3640; x_wconf 73' lang='lat' dir='ltr'><strong>all‘ectos,</strong></span> <span class='ocrx_word' id='word_1_548' title='bbox 2835 3587 2893 3632; x_wconf 93' lang='lat' dir='ltr'><strong>ut</strong></span> <span class='ocrx_word' id='word_1_549' title='bbox 2927 3579 3254 3634; x_wconf 86' lang='lat' dir='ltr'><strong>convenien-</strong></span> 
     </span>
    </p>
   </div>
   <div class='ocr_carea' id='block_1_88' title="bbox 1693 3666 3250 3740">
    <p class='ocr_par' dir='ltr' id='par_1_88' title="bbox 1693 3666 3250 3740">
     <span class='ocr_line' id='line_1_89' title="bbox 1693 3666 3250 3740; baseline 0 -17"><span class='ocrx_word' id='word_1_550' title='bbox 1693 3671 1769 3723; x_wconf 87' lang='lat' dir='ltr'><strong>tia</strong></span> <span class='ocrx_word' id='word_1_551' title='bbox 1818 3669 1922 3724; x_wconf 88' lang='lat' dir='ltr'><strong>sibi</strong></span> <span class='ocrx_word' id='word_1_552' title='bbox 1951 3668 2086 3739; x_wconf 90' lang='lat' dir='ltr'><strong>ipsis</strong></span> <span class='ocrx_word' id='word_1_553' title='bbox 2118 3668 2357 3740; x_wconf 87' lang='lat' dir='ltr'><strong>eligant;</strong></span> <span class='ocrx_word' id='word_1_554' title='bbox 2390 3667 2591 3738; x_wconf 86' lang='lat' dir='ltr'><strong>quibus</strong></span> <span class='ocrx_word' id='word_1_555' title='bbox 2637 3666 2868 3724; x_wconf 90' lang='lat' dir='ltr'><strong>subinde</strong></span> <span class='ocrx_word' id='word_1_556' title='bbox 2911 3669 3212 3738; x_wconf 88' lang='lat' dir='ltr'><strong>persuadeo</strong></span> <span class='ocrx_word' id='word_1_557' title='bbox 3236 3710 3250 3729; x_wconf 91' lang='lat'><em>.</em></span> 
     </span>
    </p>
   </div>
   <div class='ocr_carea' id='block_1_89' title="bbox 1693 3756 3254 3824">
    <p class='ocr_par' dir='ltr' id='par_1_89' title="bbox 1693 3756 3254 3824">
     <span class='ocr_line' id='line_1_90' title="bbox 1693 3756 3254 3824; baseline -0.002 -8"><span class='ocrx_word' id='word_1_558' title='bbox 1693 3775 1790 3816; x_wconf 91' lang='lat' dir='ltr'><strong>eos</strong></span> <span class='ocrx_word' id='word_1_559' title='bbox 1819 3759 1888 3813; x_wconf 89' lang='lat' dir='ltr'><strong>ad</strong></span> <span class='ocrx_word' id='word_1_560' title='bbox 1917 3768 1970 3813; x_wconf 92' lang='lat' dir='ltr'><strong>te</strong></span> <span class='ocrx_word' id='word_1_561' title='bbox 2000 3759 2178 3824; x_wconf 90' lang='lat' dir='ltr'><strong>mitto,</strong></span> <span class='ocrx_word' id='word_1_562' title='bbox 2212 3766 2425 3813; x_wconf 88' lang='lat' dir='ltr'><strong>tantum</strong></span> <span class='ocrx_word' id='word_1_563' title='bbox 2473 3758 2529 3813; x_wconf 92' lang='lat' dir='ltr'><strong>in</strong></span> <span class='ocrx_word' id='word_1_564' title='bbox 2578 3773 2673 3814; x_wconf 92' lang='lat' dir='ltr'><strong>eos</strong></span> <span class='ocrx_word' id='word_1_565' title='bbox 2715 3756 3004 3813; x_wconf 81' lang='lat' dir='ltr'><strong>conferens</strong></span> <span class='ocrx_word' id='word_1_566' title='bbox 3051 3759 3254 3814; x_wconf 74' lang='lat' dir='ltr'><strong>benefi-</strong></span> 
     </span>
    </p>
   </div>
   <div class='ocr_carea' id='block_1_90' title="bbox 1693 3848 3250 3922">
    <p class='ocr_par' dir='ltr' id='par_1_90' title="bbox 1693 3848 3250 3922">
     <span class='ocr_line' id='line_1_91' title="bbox 1693 3848 3250 3922; baseline -0.001 -16"><span class='ocrx_word' id='word_1_567' title='bbox 1693 3852 1801 3916; x_wconf 84' lang='lat' dir='ltr'><strong>cii,</strong></span> <span class='ocrx_word' id='word_1_568' title='bbox 1851 3857 2112 3922; x_wconf 91' lang='lat' dir='ltr'><strong>quantum</strong></span> <span class='ocrx_word' id='word_1_569' title='bbox 2159 3850 2252 3921; x_wconf 90' lang='lat' dir='ltr'><strong>qui</strong></span> <span class='ocrx_word' id='word_1_570' title='bbox 2300 3850 2549 3906; x_wconf 87' lang='lat' dir='ltr'><strong>sitientes</strong></span> <span class='ocrx_word' id='word_1_571' title='bbox 2601 3849 2669 3903; x_wconf 89' lang='lat' dir='ltr'><strong>ad</strong></span> <span class='ocrx_word' id='word_1_572' title='bbox 2729 3848 2909 3906; x_wconf 77' lang='lat' dir='ltr'><strong>fontes</strong></span> <span class='ocrx_word' id='word_1_573' title='bbox 2952 3848 3250 3905; x_wconf 89' lang='lat' dir='ltr'><strong>deducunt.</strong></span> 
     </span>
    </p>
   </div>
   <div class='ocr_carea' id='block_1_91' title="bbox 1695 3941 3254 4012">
    <p class='ocr_par' dir='ltr' id='par_1_91' title="bbox 1695 3941 3254 4012">
     <span class='ocr_line' id='line_1_92' title="bbox 1695 3941 3254 4012; baseline 0 -16"><span class='ocrx_word' id='word_1_574' title='bbox 1695 3943 1800 4009; x_wconf 86' lang='lat' dir='ltr'><strong>Qui</strong></span> <span class='ocrx_word' id='word_1_575' title='bbox 1828 3958 1958 3997; x_wconf 83' lang='lat' dir='ltr'><strong>vero</strong></span> <span class='ocrx_word' id='word_1_576' title='bbox 1989 3956 2135 3997; x_wconf 89' lang='lat' dir='ltr'><strong>nunc</strong></span> <span class='ocrx_word' id='word_1_577' title='bbox 2165 3950 2219 3998; x_wconf 90' lang='lat' dir='ltr'><strong>te</strong></span> <span class='ocrx_word' id='word_1_578' title='bbox 2248 3941 2384 4006; x_wconf 86' lang='lat' dir='ltr'><strong>adit,</strong></span> <span class='ocrx_word' id='word_1_579' title='bbox 2421 3941 2584 4012; x_wconf 89' lang='lat' dir='ltr'><strong>paulo</strong></span> <span class='ocrx_word' id='word_1_580' title='bbox 2614 3950 2736 4011; x_wconf 91' lang='lat' dir='ltr'><strong>post</strong></span> <span class='ocrx_word' id='word_1_581' title='bbox 2765 3955 2861 3995; x_wconf 88' lang='lat' dir='ltr'><strong>sua</strong></span> <span class='ocrx_word' id='word_1_582' title='bbox 2894 3941 3067 4011; x_wconf 90' lang='lat' dir='ltr'><strong>ipsius</strong></span> <span class='ocrx_word' id='word_1_583' title='bbox 3088 3957 3254 3996; x_wconf 84' lang='lat' dir='ltr'><strong>causa</strong></span> 
     </span>
    </p>
   </div>
   <div class='ocr_carea' id='block_1_92' title="bbox 1696 4031 3252 4104">
    <p class='ocr_par' dir='ltr' id='par_1_92' title="bbox 1696 4031 3252 4104">
     <span class='ocr_line' id='line_1_93' title="bbox 1696 4031 3252 4104; baseline 0.001 -15"><span class='ocrx_word' id='word_1_584' title='bbox 1696 4034 1752 4089; x_wconf 90' lang='lat' dir='ltr'><strong>in</strong></span> <span class='ocrx_word' id='word_1_585' title='bbox 1791 4034 1968 4104; x_wconf 88' lang='lat' dir='ltr'><strong>pretio</strong></span> <span class='ocrx_word' id='word_1_586' title='bbox 2010 4035 2150 4100; x_wconf 90' lang='lat' dir='ltr'><strong>erit,</strong></span> <span class='ocrx_word' id='word_1_587' title='bbox 2202 4040 2493 4103; x_wconf 90' lang='lat' dir='ltr'><strong>postquam</strong></span> <span class='ocrx_word' id='word_1_588' title='bbox 2539 4040 2718 4087; x_wconf 89' lang='lat' dir='ltr'><strong>tecum</strong></span> <span class='ocrx_word' id='word_1_589' title='bbox 2770 4031 2933 4086; x_wconf 79' lang='lat' dir='ltr'><strong>fuerit</strong></span> <span class='ocrx_word' id='word_1_590' title='bbox 2979 4040 3252 4090; x_wconf 84' lang='lat' dir='ltr'><strong>versatus.</strong></span> 
     </span>
    </p>
   </div>
   <div class='ocr_carea' id='block_1_93' title="bbox 1695 4124 3258 4196">
    <p class='ocr_par' dir='ltr' id='par_1_93' title="bbox 1695 4124 3258 4196">
     <span class='ocr_line' id='line_1_94' title="bbox 1695 4124 3258 4196; baseline 0 -16"><span class='ocrx_word' id='word_1_591' title='bbox 1695 4124 1851 4180; x_wconf 85' lang='lat' dir='ltr'><strong>Nunc</strong></span> <span class='ocrx_word' id='word_1_592' title='bbox 1889 4133 2070 4180; x_wconf 83' lang='lat' dir='ltr'><strong>autem</strong></span> <span class='ocrx_word' id='word_1_593' title='bbox 2103 4142 2168 4180; x_wconf 82' lang='lat' dir='ltr'><strong>ex</strong></span> <span class='ocrx_word' id='word_1_594' title='bbox 2214 4134 2366 4195; x_wconf 91' lang='lat' dir='ltr'><strong>patre</strong></span> <span class='ocrx_word' id='word_1_595' title='bbox 2397 4132 2561 4180; x_wconf 88' lang='lat' dir='ltr'><strong>notus</strong></span> <span class='ocrx_word' id='word_1_596' title='bbox 2595 4133 2709 4188; x_wconf 90' lang='lat' dir='ltr'><strong>est,</strong></span> <span class='ocrx_word' id='word_1_597' title='bbox 2748 4139 3004 4195; x_wconf 85' lang='lat' dir='ltr'><strong>magnum</strong></span> <span class='ocrx_word' id='word_1_598' title='bbox 3031 4125 3258 4196; x_wconf 84' lang='lat' dir='ltr'><strong>integri-</strong></span> 
     </span>
    </p>
   </div>
   <div class='ocr_carea' id='block_1_94' title="bbox 1697 4215 3258 4286">
    <p class='ocr_par' dir='ltr' id='par_1_94' title="bbox 1697 4215 3258 4286">
     <span class='ocr_line' id='line_1_95' title="bbox 1697 4215 3258 4286; baseline 0.001 -14"><span class='ocrx_word' id='word_1_599' title='bbox 1697 4226 1808 4274; x_wconf 88' lang='lat' dir='ltr'><strong>tate</strong></span> <span class='ocrx_word' id='word_1_600' title='bbox 1845 4221 1972 4274; x_wconf 71' lang='lat' dir='ltr'><strong>vitae</strong></span> <span class='ocrx_word' id='word_1_601' title='bbox 2012 4233 2076 4272; x_wconf 88' lang='lat' dir='ltr'><strong>ac</strong></span> <span class='ocrx_word' id='word_1_602' title='bbox 2104 4217 2249 4272; x_wconf 88' lang='lat' dir='ltr'><strong>civili</strong></span> <span class='ocrx_word' id='word_1_603' title='bbox 2282 4217 2520 4286; x_wconf 89' lang='lat' dir='ltr'><strong>potentia</strong></span> <span class='ocrx_word' id='word_1_604' title='bbox 2565 4215 2706 4286; x_wconf 89' lang='lat' dir='ltr'><strong>apud</strong></span> <span class='ocrx_word' id='word_1_605' title='bbox 2754 4232 2856 4273; x_wconf 86' lang='lat' dir='ltr'><strong>nos</strong></span> <span class='ocrx_word' id='word_1_606' title='bbox 2896 4217 3127 4273; x_wconf 89' lang='lat' dir='ltr'><strong>habente</strong></span> <span class='ocrx_word' id='word_1_607' title='bbox 3161 4234 3258 4273; x_wconf 83' lang='lat' dir='ltr'><strong>no-</strong></span> 
     </span>
    </p>
   </div>
   <div class='ocr_carea' id='block_1_95' title="bbox 1697 4303 3258 4378">
    <p class='ocr_par' dir='ltr' id='par_1_95' title="bbox 1697 4303 3258 4378">
     <span class='ocr_line' id='line_1_96' title="bbox 1697 4303 3258 4378; baseline -0.001 -15"><span class='ocrx_word' id='word_1_608' title='bbox 1697 4323 1844 4373; x_wconf 88' lang='lat' dir='ltr'><strong>men,</strong></span> <span class='ocrx_word' id='word_1_609' title='bbox 1896 4309 2134 4378; x_wconf 87' lang='lat' dir='ltr'><strong>mihique</strong></span> <span class='ocrx_word' id='word_1_610' title='bbox 2163 4321 2374 4362; x_wconf 88' lang='lat' dir='ltr'><strong>summa</strong></span> <span class='ocrx_word' id='word_1_611' title='bbox 2406 4305 2647 4359; x_wconf 88' lang='lat' dir='ltr'><strong>amicitia</strong></span> <span class='ocrx_word' id='word_1_612' title='bbox 2694 4305 2966 4360; x_wconf 90' lang='lat' dir='ltr'><strong>devincto.</strong></span> <span class='ocrx_word' id='word_1_613' title='bbox 3017 4303 3124 4359; x_wconf 88' lang='lat' dir='ltr'><strong>Pro</strong></span> <span class='ocrx_word' id='word_1_614' title='bbox 3151 4321 3258 4375; x_wconf 85' lang='lat' dir='ltr'><strong>qua</strong></span> 
     </span>
    </p>
   </div>
   <div class='ocr_carea' id='block_1_96' title="bbox 1697 4398 3263 4465">
    <p class='ocr_par' dir='ltr' id='par_1_96' title="bbox 1697 4398 3263 4465">
     <span class='ocr_line' id='line_1_97' title="bbox 1697 4398 3263 4465; baseline -0.003 -8"><span class='ocrx_word' id='word_1_615' title='bbox 1697 4409 1759 4458; x_wconf 91' lang='lat' dir='ltr'><strong>ut</strong></span> <span class='ocrx_word' id='word_1_616' title='bbox 1788 4402 1939 4456; x_wconf 91' lang='lat' dir='ltr'><strong>illum</strong></span> <span class='ocrx_word' id='word_1_617' title='bbox 1972 4415 2313 4465; x_wconf 89' lang='lat' dir='ltr'><strong>remunerer,</strong></span> <span class='ocrx_word' id='word_1_618' title='bbox 2346 4399 2449 4454; x_wconf 90' lang='lat' dir='ltr'><strong>hoc</strong></span> <span class='ocrx_word' id='word_1_619' title='bbox 2478 4400 2588 4453; x_wconf 86' lang='lat' dir='ltr'><strong>ﬁlio</strong></span> <span class='ocrx_word' id='word_1_620' title='bbox 2622 4398 2944 4454; x_wconf 80' lang='lat' dir='ltr'><strong>beneﬁcium</strong></span> <span class='ocrx_word' id='word_1_621' title='bbox 2971 4399 3176 4465; x_wconf 88' lang='lat' dir='ltr'><strong>tribuo,</strong></span> <span class='ocrx_word' id='word_1_622' title='bbox 3203 4408 3263 4453; x_wconf 90' lang='lat' dir='ltr'><strong>ut</strong></span> 
     </span>
    </p>
   </div>
   <div class='ocr_carea' id='block_1_97' title="bbox 1699 4491 3260 4564">
    <p class='ocr_par' dir='ltr' id='par_1_97' title="bbox 1699 4491 3260 4564">
     <span class='ocr_line' id='line_1_98' title="bbox 1699 4491 3260 4564; baseline -0.001 -15"><span class='ocrx_word' id='word_1_623' title='bbox 1699 4494 1880 4564; x_wconf 88' lang='lat' dir='ltr'><strong>ipsum</strong></span> <span class='ocrx_word' id='word_1_624' title='bbox 1921 4493 2019 4548; x_wconf 88' lang='lat' dir='ltr'><strong>tibi</strong></span> <span class='ocrx_word' id='word_1_625' title='bbox 2052 4491 2382 4563; x_wconf 90' lang='lat' dir='ltr'><strong>discipulum</strong></span> <span class='ocrx_word' id='word_1_626' title='bbox 2429 4491 2666 4558; x_wconf 76' lang='lat' dir='ltr'><strong>faciam;</strong></span> <span class='ocrx_word' id='word_1_627' title='bbox 2699 4506 2813 4547; x_wconf 89' lang='lat' dir='ltr'><strong>rem</strong></span> <span class='ocrx_word' id='word_1_628' title='bbox 2850 4505 2981 4546; x_wconf 90' lang='lat' dir='ltr'><strong>sane</strong></span> <span class='ocrx_word' id='word_1_629' title='bbox 3007 4491 3260 4548; x_wconf 82' lang='lat' dir='ltr'><strong>maximis</strong></span> 
     </span>
    </p>
   </div>
   <div class='ocr_carea' id='block_1_98' title="bbox 1699 4583 3261 4656">
    <p class='ocr_par' dir='ltr' id='par_1_98' title="bbox 1699 4583 3261 4656">
     <span class='ocr_line' id='line_1_99' title="bbox 1699 4583 3261 4656; baseline -0.003 -14"><span class='ocrx_word' id='word_1_630' title='bbox 1699 4587 1839 4642; x_wconf 85' lang='lat' dir='ltr'><strong>votis</strong></span> <span class='ocrx_word' id='word_1_631' title='bbox 1872 4586 2091 4655; x_wconf 89' lang='lat' dir='ltr'><strong>dignam</strong></span> <span class='ocrx_word' id='word_1_632' title='bbox 2122 4585 2266 4656; x_wconf 87' lang='lat' dir='ltr'><strong>apud</strong></span> <span class='ocrx_word' id='word_1_633' title='bbox 2293 4600 2408 4652; x_wconf 91' lang='lat' dir='ltr'><strong>eos,</strong></span> <span class='ocrx_word' id='word_1_634' title='bbox 2449 4584 2544 4654; x_wconf 91' lang='lat' dir='ltr'><strong>qui</strong></span> <span class='ocrx_word' id='word_1_635' title='bbox 2573 4584 2641 4639; x_wconf 90' lang='lat' dir='ltr'><strong>de</strong></span> <span class='ocrx_word' id='word_1_636' title='bbox 2673 4583 2773 4638; x_wconf 86' lang='lat' dir='ltr'><strong>viri</strong></span> <span class='ocrx_word' id='word_1_637' title='bbox 2796 4583 2994 4638; x_wconf 88' lang='lat' dir='ltr'><strong>virtute</strong></span> <span class='ocrx_word' id='word_1_638' title='bbox 3021 4583 3261 4640; x_wconf 87' lang='lat' dir='ltr'><strong>scienter</strong></span> 
     </span>
    </p>
   </div>
   <div class='ocr_carea' id='block_1_99' title="bbox 1693 4679 1962 4749">
    <p class='ocr_par' dir='ltr' id='par_1_99' title="bbox 1693 4679 1962 4749">
     <span class='ocr_line' id='line_1_100' title="bbox 1693 4679 1962 4749; baseline -0.011 -15"><span class='ocrx_word' id='word_1_639' title='bbox 1693 4679 1962 4749; x_wconf 88' lang='lat' dir='ltr'><strong>judicant.</strong></span> 
     </span>
    </p>
   </div>
   <div class='ocr_carea' id='block_1_100' title="bbox 1701 4867 3264 4997">
    <p class='ocr_par' dir='ltr' id='par_1_100' title="bbox 1701 4867 3264 4997">
     <span class='ocr_line' id='line_1_101' title="bbox 1701 4867 3264 4997; baseline -0.004 -70"><span class='ocrx_word' id='word_1_640' title='bbox 1701 4873 1874 4997; x_wconf 60' lang='lat' dir='ltr'><strong>mlulto</strong></span> <span class='ocrx_word' id='word_1_641' title='bbox 1899 4873 2094 4930; x_wconf 91' lang='lat' dir='ltr'><strong>melius</strong></span> <span class='ocrx_word' id='word_1_642' title='bbox 2113 4875 2312 4930; x_wconf 89' lang='lat' dir='ltr'><strong>absunt</strong></span> <span class='ocrx_word' id='word_1_643' title='bbox 2335 4873 2405 4927; x_wconf 89' lang='lat' dir='ltr'><strong>ab</strong></span> <span class='ocrx_word' id='word_1_644' title='bbox 2434 4871 2686 4928; x_wconf 89' lang='lat' dir='ltr'><strong>omnibus</strong></span> <span class='ocrx_word' id='word_1_645' title='bbox 2717 4867 2922 4926; x_wconf 88' lang='lat' dir='ltr'><strong>nostris</strong></span> <span class='ocrx_word' id='word_1_646' title='bbox 2947 4881 3082 4924; x_wconf 85' lang='lat' dir='ltr'><strong>mss.</strong></span> <span class='ocrx_word' id='word_1_647' title='bbox 3107 4867 3264 4922; x_wconf 82' lang='lat' dir='ltr'><strong>codi-</strong></span> 
     </span>
     <span class='ocr_line' id='line_1_102' title="bbox 1701 4956 1876 4997; baseline 0 0"><span class='ocrx_word' id='word_1_648' title='bbox 1701 4956 1750 4997; x_wconf 78' lang='lat' dir='ltr'><strong>ci</strong></span> <span class='ocrx_word' id='word_1_649' title='bbox 1790 4960 1876 4997; x_wconf 90' lang='lat' dir='ltr'><strong>us.</strong></span> 
     </span>
    </p>
   </div>
   <div class='ocr_carea' id='block_1_101' title="bbox 1698 4956 1876 4998">
    <p class='ocr_par' dir='ltr' id='par_1_101' title="bbox 1698 4956 1876 4998">
     <span class='ocr_line' id='line_1_103' title="bbox 1698 4956 1876 4998; baseline 0.006 -1"><span class='ocrx_word' id='word_1_650' title='bbox 1698 4956 1876 4998; x_wconf 76' lang='lat' dir='ltr'><strong>CIDUS.</strong></span> 
     </span>
    </p>
   </div>
   <div class='ocr_carea' id='block_1_102' title="bbox 1770 5008 3264 5085">
    <p class='ocr_par' dir='ltr' id='par_1_102' title="bbox 1770 5008 3264 5085">
     <span class='ocr_line' id='line_1_104' title="bbox 1770 5008 3264 5085; baseline -0.003 -18"><span class='ocrx_word' id='word_1_651' title='bbox 1770 5013 1884 5085; x_wconf 71' lang='grc'><strong>(52)</strong></span> <span class='ocrx_word' id='word_1_652' title='bbox 1936 5013 2428 5085; x_wconf 74' lang='grc' dir='ltr'>Παραπέμπομεν.</span> <span class='ocrx_word' id='word_1_653' title='bbox 2485 5011 2576 5066; x_wconf 91' lang='lat' dir='ltr'><strong>Sic</strong></span> <span class='ocrx_word' id='word_1_654' title='bbox 2619 5024 2752 5066; x_wconf 88' lang='lat' dir='ltr'><strong>mss.</strong></span> <span class='ocrx_word' id='word_1_655' title='bbox 2804 5008 3020 5065; x_wconf 87' lang='lat' dir='ltr'><strong>codices</strong></span> <span class='ocrx_word' id='word_1_656' title='bbox 3065 5022 3264 5078; x_wconf 89' lang='lat' dir='ltr'><strong>magno</strong></span> 
     </span>
    </p>
   </div>
   <div class='ocr_carea' id='block_1_103' title="bbox 1700 5082 2957 5160">
    <p class='ocr_par' dir='ltr' id='par_1_103' title="bbox 1700 5082 2957 5160">
     <span class='ocr_line' id='line_1_105' title="bbox 1700 5082 2957 5160; baseline 0.011 -23"><span class='ocrx_word' id='word_1_657' title='bbox 1700 5082 2665 5160; x_wconf 56' lang='lat' dir='ltr'><strong>consensu._Edit_i7:apa1§éwgoy~ato</strong></span> <span class='ocrx_word' id='word_1_658' title='bbox 2885 5148 2900 5160; x_wconf 85' lang='lat'>_</span> <span class='ocrx_word' id='word_1_659' title='bbox 2925 5148 2957 5160; x_wconf 79' lang='grc'><strong>,,</strong></span> 
     </span>
    </p>
   </div>
   <div class='ocr_carea' id='block_1_104' title="bbox 1773 5148 3262 5227">
    <p class='ocr_par' dir='ltr' id='par_1_104' title="bbox 1773 5148 3262 5227">
     <span class='ocr_line' id='line_1_106' title="bbox 1773 5148 3262 5227; baseline -0.004 -18"><span class='ocrx_word' id='word_1_660' title='bbox 1773 5155 1888 5227; x_wconf 63' lang='grc' dir='ltr'><strong>(5εῇ</strong></span> <span class='ocrx_word' id='word_1_661' title='bbox 1919 5154 2073 5223; x_wconf 82' lang='grc' dir='ltr'>Πρὸς</span> <span class='ocrx_word' id='word_1_662' title='bbox 2101 5155 2208 5221; x_wconf 85' lang='grc' dir='ltr'>τὰς</span> <span class='ocrx_word' id='word_1_663' title='bbox 2243 5148 2458 5224; x_wconf 67' lang='grc' dir='ltr'>πὴτάςῖ.</span> <span class='ocrx_word' id='word_1_664' title='bbox 2485 5148 2805 5224; x_wconf 72' lang='lat' dir='ltr'><strong>Praepositio</strong></span> <span class='ocrx_word' id='word_1_665' title='bbox 2835 5148 3020 5205; x_wconf 87' lang='lat' dir='ltr'><strong>addita</strong></span> <span class='ocrx_word' id='word_1_666' title='bbox 3061 5162 3131 5204; x_wconf 81' lang='lat' dir='ltr'><strong>ex</strong></span> <span class='ocrx_word' id='word_1_667' title='bbox 3167 5161 3262 5203; x_wconf 93' lang='lat' dir='ltr'><strong>co-</strong></span> 
     </span>
    </p>
   </div>
   <div class='ocr_carea' id='block_1_105' title="bbox 1701 5225 2150 5281">
    <p class='ocr_par' dir='ltr' id='par_1_105' title="bbox 1701 5225 2150 5281">
     <span class='ocr_line' id='line_1_107' title="bbox 1701 5225 2150 5281; baseline -0.004 -1"><span class='ocrx_word' id='word_1_668' title='bbox 1701 5225 1821 5281; x_wconf 83' lang='lat' dir='ltr'><strong>dice</strong></span> <span class='ocrx_word' id='word_1_669' title='bbox 1847 5225 2150 5279; x_wconf 65' lang='lat' dir='ltr'><strong>llarlaaano.</strong></span> 
     </span>
    </p>
   </div>
   <div class='ocr_carea' id='block_1_106' title="bbox 1773 5287 3340 5368">
    <p class='ocr_par' dir='ltr' id='par_1_106' title="bbox 1773 5287 3340 5368">
     <span class='ocr_line' id='line_1_108' title="bbox 1773 5287 3340 5368; baseline -0.005 -18"><span class='ocrx_word' id='word_1_670' title='bbox 1773 5295 1886 5368; x_wconf 77' lang='grc'><strong>(54)</strong></span> <span class='ocrx_word' id='word_1_671' title='bbox 1928 5297 2029 5368; x_wconf 75' lang='grc' dir='ltr'>Ὣς</span> <span class='ocrx_word' id='word_1_672' title='bbox 2061 5293 2343 5368; x_wconf 44' lang='lat' dir='ltr'><strong>ambiget.</strong></span> <span class='ocrx_word' id='word_1_673' title='bbox 2376 5292 2542 5368; x_wconf 62' lang='lat' dir='ltr'><strong>goisl.</strong></span> <span class='ocrx_word' id='word_1_674' title='bbox 2572 5297 2878 5368; x_wconf 55' lang='lat' dir='ltr'><strong>uterqtleet</strong></span> <span class='ocrx_word' id='word_1_675' title='bbox 2901 5287 3034 5362; x_wconf 81' lang='lat' dir='ltr'><strong>Reg.</strong></span> <span class='ocrx_word' id='word_1_676' title='bbox 3067 5303 3264 5368; x_wconf 50' lang='lat' dir='ltr'><strong>secunf</strong></span> <span class='ocrx_word' id='word_1_677' title='bbox 3331 5357 3340 5362; x_wconf 5' lang='grc' dir='ltr'><strong>γ</strong></span> 
     </span>
    </p>
   </div>
   <div class='ocr_carea' id='block_1_107' title="bbox 1702 5361 3263 5435">
    <p class='ocr_par' dir='ltr' id='par_1_107' title="bbox 1702 5361 3263 5435">
     <span class='ocr_line' id='line_1_109' title="bbox 1702 5361 3263 5435; baseline -0.004 -16"><span class='ocrx_word' id='word_1_678' title='bbox 1702 5361 1807 5421; x_wconf 83' lang='lat' dir='ltr'><strong>dus</strong></span> <span class='ocrx_word' id='word_1_679' title='bbox 1838 5361 1896 5429; x_wconf 75' lang='grc' dir='ltr'>ὃς</span> <span class='ocrx_word' id='word_1_680' title='bbox 1925 5364 2112 5435; x_wconf 86' lang='grc' dir='ltr'>κάμοί.</span> <span class='ocrx_word' id='word_1_681' title='bbox 2149 5361 2348 5435; x_wconf 75' lang='lat' dir='ltr'><strong>Ibidem</strong></span> <span class='ocrx_word' id='word_1_682' title='bbox 2378 5363 2688 5435; x_wconf 66' lang='lat' dir='ltr'><strong>Medicmus,</strong></span> <span class='ocrx_word' id='word_1_683' title='bbox 2712 5361 2881 5435; x_wconf 61' lang='lat' dir='ltr'><strong>Coisl.</strong></span> <span class='ocrx_word' id='word_1_684' title='bbox 2908 5361 3182 5435; x_wconf 80' lang='lat' dir='ltr'><strong>seCundus</strong></span> <span class='ocrx_word' id='word_1_685' title='bbox 3207 5365 3263 5414; x_wconf 87' lang='lat' dir='ltr'><strong>et</strong></span> 
     </span>
    </p>
   </div>
   <div class='ocr_carea' id='block_1_108' title="bbox 1703 5429 3189 5506">
    <p class='ocr_par' dir='ltr' id='par_1_108' title="bbox 1703 5429 3189 5506">
     <span class='ocr_line' id='line_1_110' title="bbox 1703 5429 3189 5506; baseline -0.003 -14"><span class='ocrx_word' id='word_1_686' title='bbox 1703 5435 1834 5506; x_wconf 79' lang='lat' dir='ltr'><strong>Reg.</strong></span> <span class='ocrx_word' id='word_1_687' title='bbox 1860 5429 2241 5506; x_wconf 61' lang='lat' dir='ltr'><strong>seetlnduss};</strong></span> <span class='ocrx_word' id='word_1_688' title='bbox 2268 5434 2363 5506; x_wconf 86' lang='grc' dir='ltr'>τὴν</span> <span class='ocrx_word' id='word_1_689' title='bbox 2385 5435 2558 5506; x_wconf 85' lang='grc' dir='ltr'>ἀκραν</span> <span class='ocrx_word' id='word_1_690' title='bbox 2596 5434 2689 5488; x_wconf 74' lang='grc' dir='ltr'>καὶ</span> <span class='ocrx_word' id='word_1_691' title='bbox 2725 5431 2966 5504; x_wconf 82' lang='grc' dir='ltr'>μεγάλην</span> <span class='ocrx_word' id='word_1_692' title='bbox 2990 5429 3189 5500; x_wconf 85' lang='grc' dir='ltr'>φιλίαν.</span> 
     </span>
    </p>
   </div>
   <div class='ocr_carea' id='block_1_109' title="bbox 1776 5503 2244 5559">
    <p class='ocr_par' dir='ltr' id='par_1_109' title="bbox 1776 5503 2244 5559">
     <span class='ocr_line' id='line_1_111' title="bbox 1776 5503 2244 5559; baseline 0 -1"><span class='ocrx_word' id='word_1_693' title='bbox 1776 5503 1806 5530; x_wconf 66' lang='lat'>&quot;</span> <span class='ocrx_word' id='word_1_694' title='bbox 1816 5507 1965 5559; x_wconf 85' lang='lat' dir='ltr'><strong>Alias</strong></span> <span class='ocrx_word' id='word_1_695' title='bbox 1989 5503 2166 5558; x_wconf 73' lang='lat' dir='ltr'><strong>CLXX</strong></span> <span class='ocrx_word' id='word_1_696' title='bbox 2179 5504 2244 5558; x_wconf 89' lang='grc' dir='ltr'>Χ.</span> 
     </span>
    </p>
   </div>
   <div class='ocr_carea' id='block_1_110' title="bbox 1787 5573 2238 5633">
    <p class='ocr_par' dir='ltr' id='par_1_110' title="bbox 1787 5573 2238 5633">
     <span class='ocr_line' id='line_1_112' title="bbox 1787 5573 2238 5633; baseline -0.002 -3"><span class='ocrx_word' id='word_1_697' title='bbox 1787 5579 1824 5598; x_wconf 77' lang='grc'><strong>³⁸</strong></span> <span class='ocrx_word' id='word_1_698' title='bbox 1852 5576 2000 5633; x_wconf 82' lang='lat' dir='ltr'><strong>Alias</strong></span> <span class='ocrx_word' id='word_1_699' title='bbox 2036 5573 2238 5630; x_wconf 77' lang='lat' dir='ltr'><strong>CXLII.</strong></span> 
     </span>
    </p>
   </div>
  </div>
