3810 6492
75 367 174 423 1081

814 363 1296 422 El’lSTOLARUM
1334 367 1614 424 CLASSIS
1649 369 1736 424 lll.
1764 368 1978 423 EPIST.
2004 365 2414 423 CCCXXXVIII.

3111 371 3246 426 l082

75 485 144 536 iul
170 480 309 550 μόνον
332 477 430 530 ὑπὸ
460 477 566 531 τῶν
597 477 704 531 σῶν
737 479 1026 552 ὑϐρίζομαι
1059 481 1310 535 πολιτῶν.
1356 484 1431 536 Οὐ
1479 485 1576 554 μὴν

1688 483 1912 537 miniam
1942 483 2010 538 ad
2043 483 2224 554 ipsum
2261 483 2575 537 mitterent?
2613 481 2778 538 Vides
2807 497 2891 537 me
2921 497 2949 535 a
2977 481 3112 537 solis
3139 485 3243 539 tuis

75 576 210 642 ἔγωγε
252 569 336 623 τοῦ
369 570 535 640 φιλεῖν
578 572 671 623 καὶ
701 572 944 625 ἐπαινεῖν
978 573 1346 638 Καππαδόκας
1379 573 1582 628 παύσο-

75 680 177 737 μαιο
219 663 322 716 ἀλλ’
367 661 589 732 εὔχομαι
637 663 737 732 μὲν
788 665 984 727 αὐτοὺς
1029 665 1283 735 ἀμείνους
1329 666 1580 734 γενέσθαι

73 757 170 828 περὶ
197 755 302 825 ἐμὲ,
333 753 583 825 μένοντας
615 754 672 808 δὲ
706 756 800 808 ἐπὶ
836 756 942 810 τῶν
971 757 1152 810 αὐτῶν
1184 759 1338 811 οῐσω.
1382 759 1578 828 Φιρμῖ-

72 867 137 911 νος
151 847 199 900 δὲ
226 847 386 920 μῆνας
421 848 548 918 ἡμῖν
582 847 896 914 συνεγένετο
933 848 1230 920 τέτταραςο
1262 850 1472 922 ἡμέραν
1519 851 1577 904 δὲ

71 941 263 1008 ῇργησεν
289 935 552 1007 οὐδεμίαν.
598 937 670 990 Τὸ
701 937 758 990 δὲ
790 938 1198 1011 συνειλεγμένον
1240 941 1363 994 ὅσον
1407 943 1573 1005 ἐστὶν,

72 1041 195 1092 αυτὸς
222 1028 351 1100 εἴσῃ,
394 1029 486 1081 καὶ
531 1027 660 1091 ἴσως
700 1029 762 1081 οὐ
799 1029 1009 1102 μέμψῃ.
1042 1029 1182 1102 Πρὸς
1209 1030 1266 1084 δὲ
1309 1031 1370 1084 τὸ
1417 1032 1576 1086 πάλιν

72 1121 194 1174 αὑτὸν
216 1119 359 1190 δεῦρο
399 1119 688 1191 δυνηθῆναι
727 1121 919 1183 ἐλθεῖν,
950 1121 1080 1176 ,τίνα
1119 1123 1223 1192 χρὴ
1254 1140 1574 1195 προσπαρα-

73 1212 212 1264 καλεῖν
245 1210 547 1281 σύμμαχον;
588 1209 761 1282 Εἴπερ
807 1211 915 1283 γὰρ
944 1209 1002 1265 εὖ
1043 1209 1329 1283 φρονοῦσιν
1366 1214 1416 1266 oi
1446 1213 1571 1284 βουο

71 1303 260 1365 λεύοντες
288 1302 390 1371 (64)
423 1302 642 1372 (πρέποι
672 1303 717 1356 δ’
755 1302 820 1356 ἂν
863 1301 1168 1374 ἀνθρώποις
1209 1303 1571 1374 πεπαιδευμέ-

1688 573 1901 628 civibus
1933 575 2130 644 injuria
2161 573 2320 628 allici.
2359 573 2550 643 Neque
2595 581 2776 628 tamen
2823 588 2926 644 ego
2965 583 3243 644 propterea

1687 665 2034 734 Cappadoces
2087 680 2271 720 amare
2327 679 2392 718 ac
2451 663 2671 719 laudare
2719 665 2985 720 desinam.
3044 664 3244 721 Verum

1685 757 1920 825 optarim
1947 755 2168 827 quidem
2202 755 2326 811 illos
2369 755 2425 809 in
2469 770 2557 810 me
2597 754 2761 826 454
2789 755 2902 811 fieri
2931 756 3198 826 aequiores
3226 773 3242 810 :

1683 846 1777 900 sed
1804 847 1850 900 si
1878 846 2042 902 iidem
2071 847 2491 917 permanserint,
2512 845 2704 902 feram.
2731 846 3005 903 Firminus
3031 863 3246 902 menses

1681 945 1920 1006 quatuor
1963 937 2107 1008 apud
2151 953 2254 994 nos
2300 946 2673 994 commoratus
2710 950 2792 994 est
2829 957 2845 995 :
2879 940 3022 994 diem
3065 953 3244 995 autem

1682 1027 1888 1082 nullam
1918 1031 2131 1086 otiosus
2157 1030 2448 1101 transegit.
2473 1029 2746 1096 Quantum
2775 1040 2956 1086 autem
2977 1031 3078 1086 sibi
3101 1046 3246 1086 com-

1682 1120 1980 1187 paraverit,
2014 1121 2136 1192 ipse
2163 1136 2487 1193 cognosces,
2517 1130 2572 1175 et
2609 1121 2844 1176 fortasse
2872 1135 2981 1175 non
3009 1135 3248 1191 conque-

1684 1207 1846 1263 reris.
1902 1207 2019 1265 Huc
2075 1219 2256 1266 autem
2305 1220 2365 1265 ut
2410 1211 2528 1281 ipse
2580 1211 2778 1265 iterum
2820 1211 3007 1266 venire
3051 1211 3244 1280 possit,

1681 1299 1905 1368 quinam
1944 1301 2166 1371 adjutor
2217 1302 2617 1358 advocandus?
2659 1302 2947 1358 Enimvero
3002 1302 3050 1356 si
3101 1311 3247 1356 recte

72 1393 183 1458 νοις),
223 1393 497 1463 τιμήσουσι
543 1392 656 1463 (65)
701 1395 813 1456 τοῖς
859 1392 1164 1463 δευτέροις,
1217 1393 1404 1463 ἐπειδὴ
1457 1396 1569 1458 τοῖς

1686 1392 1840 1446 sentit
1879 1395 2033 1448 curia
2067 1395 2208 1464 (hoc
2259 1384 2441 1450 adtem
2488 1395 2734 1450 decuerit
2777 1395 3024 1450 homines
3061 1395 3247 1450 erudi-

71 1483 254 1553 πρώτοις
283 1482 571 1555 ἐλύπησαν.

514 1658 854 1712 ΕΠΙΣΤΟΛΗ
894 1659 1058 1713 ΤΛΖ⁸.

1675 1482 1806 1551 tos),
1841 1483 2134 1539 honorabit
2183 1501 2268 1540 me
2325 1486 2766 1557 posterioribus:
2807 1486 3242 1558 quandoquidem

1671 1574 1944 1644 prioribus
1968 1577 2192 1653 tristitia
2225 1576 2420 1632 all‘ecit.

2045 1669 2381 1728 EPISTULA
2421 1670 2796 1728 CCCXXXVII
2827 1674 2865 1727 ‘.

531 1767 905 1848 Ειῇιιξι-[ιῖίξςιιιῖο
930 1769 1328 1848 desilies,qu
1343 1773 1499 1848 ﬁliuni
1513 1791 1662 1848 suum
1679 1780 1908 1848 appellat,
1930 1789 2092 1848 utpote
2113 1783 2163 1834 in
2185 1797 2242 1834 ea
2261 1783 2492 1848 dignitate
2517 1782 2817 1848 constitutus,
2835 1796 2944 1848 qua:
2967 1783 3122 1848 ipsum
3144 1800 3249 1836 om~

165 1830 280 1880 niani
294 1830 474 1895 patrem
493 1830 742 1896 eﬂiciebat.
769 1833 808 1880 Η
817 1845 906 1882 unc
924 1830 1238 1885 comitabatur
1259 1830 1387 1888 alitis
1409 1830 1908 1902 adolesceits,'iiabilis'
1925 1830 2097 1910 έῐῗρὲὶ
2116 1830 2820 1906 ὁϊὲάέίἵίἑῖξᾱεὲὲἀῖἧιξζὲὲἀ
2839 1830 2935 1896 ἶιῦιῖ
2951 1830 3083 1898 diu};

463 1942 786 2009 Βασίλειος
828 1943 1102 2008 Λιϐανίῳ.

128 2051 232 2105 ’1δοὺ
265 2068 341 2105 σοι
383 2055 473 2105 καὶ
508 2053 694 2124 ἔτερος
726 2053 851 2124 ἥκει
885 2056 1277 2126 Καππαδόκης,
1303 2058 1415 2122 υίὸς
1448 2059 1578 2130 ὲμδς

70 2144 136 2195 καὶ
157 2143 294 2206 αὑτός
317 2159 331 2173 ·
364 2143 572 2207 πάντας
608 2143 716 2216 γὰρ
742 2148 874 2216 ἡμῖν
905 2148 1137 2200 εἰσποιεῖ
1168 2148 1278 2217 (66)
1306 2150 1367 2202 τὸ
1395 2153 1578 2221 σχῆμα

69 2233 199 2296 τοῦτο,
220 2235 270 2286 ὲν
291 2227 331 2302 ᾧ
361 2234 454 2288 νῦν
479 2237 669 2305 ἐσμεν.
699 2237 862 2290 Ὥστε
890 2238 1032 2292 κατά
1061 2255 1126 2308 γε
1161 2239 1319 2293 τοῦτο
1352 2242 1578 2311 ἀδελφὸς

70 2325 115 2376 ἂν
151 2325 218 2395 είη
266 2325 352 2378 τοῦ
403 2325 801 2397 προλαϐόντος.
837 2331 930 2382 καὶ⁸
974 2329 1075 2399 τῆς
1119 2331 1290 2402 αὐτῆς
1337 2334 1576 2404 σπουδῆς

70 2417 194 2481 ἄξιος,
217 2417 327 2488 ὲμοί
346 2434 404 2470 τε
429 2417 511 2488 τῷ
543 2419 709 2488 πατρὶ
735 2420 830 2471 καὶ
859 2420 940 2472 σοὶ
963 2419 1036 2492 τῷ
1056 2421 1360 2499 διδασκάλῳ
1379 2441 1393 2455 ο
1416 2423 1576 2496 εἴπερ

69 2524 103 2558 τι
127 2507 237 2570 ὅλως
278 2507 431 2560 πλέον
481 2507 708 2561 δυνατὸν
746 2508 888 2578 ἔχειν
922 2508 1030 2582 (67)
1074 2514 1200 2575 τοὺς
1249 2515 1376 2583 παρ’
1422 2515 1577 2584 ἡμῶν

69 2599 350 2668 ἐρχομένους.
387 2599 562 2652 Τοῦτο
601 2599 657 2653 δὲ
695 2598 860 2668 λέγω,
885 2601 983 2672 οὐχ
1014 2601 1090 2665 ὡς
1126 2603 1226 2656 οὐκ
1257 2603 1322 2657 ἂν
1349 2605 1448 2674 τῆς
1478 2605 1578 2674 σῆς

67 2689 315 2761 λογιότητος
370 2691 556 2745 πλεῖόν
611 2710 666 2745 τι
687 2701 693 2708 ’
717 2696 830 2756 τοῖς
895 2693 1144 2759 παλαιοῖς
1193 2695 1300 2749 τῶν
1348 2697 1580 2766 ἑταίρων

68 2782 400 2854 χαριζομένης,
451 2784 572 2838 ἀλλ’
605 2785 681 2848 ὡς
719 2785 949 2854 ἀφθόνου
1001 2789 1136 2840 πᾶσι
1179 2787 1278 2858 τῆς
1314 2787 1578 2858 ὠφελείας

69 2889 133 2926 σου
162 2878 525 2949 προκειμένης.
571 2877 799 2950 Ἀρκοῢν
829 2877 873 2930 δ’
923 2877 990 2932 ἂν
1027 2879 1110 2951 εἴη
1161 2879 1241 2952 τῷ
1288 2881 1575 2951 νεανίσκῳ,

67 2966 142 3035 πρὸ
166 2967 248 3039 τῆς
273 2971 334 3022 ὲκ
361 2968 454 3023 τοῦ
507 2969 702 3041 χρόνου
737 2971 930 3042 πείρας
955 3011 968 3035 ,
1003 2973 1062 3024 έν
1087 2974 1200 3036 τοῖς
1227 2973 1446 3036 οἰκείοις
1486 2990 1578 3025 τε-

65 3060 211 3127 τάχθαι
227 3077 240 3091 ·
264 3061 318 3115 δν
343 3063 702 3134 ἁποπέμψαιο
730 3067 882 3136 ἡμῖν,
907 3064 1053 3129 ἄξιον
1081 3065 1188 3118 τῶν
1212 3083 1270 3118 τε
1295 3065 1579 3136 ἡμετέρων

66 3147 194 3218 εὐχῶν
217 3151 302 3205 καὶ
330 3152 429 3224 τῆς
461 3153 662 3208 σαυτοῦ
689 3154 865 3225 δόξης,
892 3156 958 3227 ἢν
981 3155 1124 3226 ἔχεις
1151 3158 1208 3209 ὲν
1233 3159 1345 3220 τοῖς
1379 3157 1575 3226 λόγοις.

75 3238 312 3308 Ἐπάγεται
339 3243 396 3297 δὲ
435 3243 534 3297 καὶ
581 3243 875 3315 ἡλικιώτην
922 3245 1020 3314 τὴν
1058 3245 1177 3316 ίσην
1220 3245 1414 3317 ἔχοντα
1449 3246 1578 3318 περὶ

66 3332 156 3393 τοὺς
189 3333 360 3402 λόγους
407 3335 678 3406 σπουδὴν,
730 3336 1058 3408 εὐπατρίδην
1111 3336 1204 3389 καὶ
1267 3335 1428 3389 αὐτὸν
1484 3337 1578 3390 καὶ

67 3423 162 3489 ἡμῖν
186 3427 396 3479 οἰκεῖον·
443 3426 508 3479 δν
556 3425 706 3479 οὐδὲν
754 3426 972 3480 ἔλαττον
1010 3427 1153 3492 ἕξειν
1210 3424 1536 3496 πιστεύομεν
1557 3464 1572 3489 ,

67 3514 140 3564 xiv
185 3515 411 3572 πλεῖστον
473 3517 586 3571 τῶν
641 3517 816 3572 ἄλλων
871 3521 984 3581 τοῖς
1031 3520 1305 3587 χρήμασιν
1355 3515 1572 3570 ἀπολεί-

69 3621 193 3660 ποιτο.

509 3785 859 3838 ΕΠΙΣΤΟΛΗ
896 3784 1072 3839 ΤΛΗ¹.
1161 3739 1164 3742 ί

2203 1954 2442 2008 Basilius
2487 1953 2728 2008 Libania.

1749 2044 1890 2102 Ecce
1922 2044 2019 2100 tibi
2056 2051 2110 2099 et
2147 2046 2290 2099 alius
2318 2046 2466 2100 venit
2498 2044 2814 2114 Cappadox,
2847 2060 3000 2100 meus
3033 2053 3089 2100 ct
3129 2047 3247 2118 ipse

1680 2137 1856 2205 filius;
1889 2153 2081 2193 omnes
2127 2138 2273 2193 enim
2319 2137 2478 2193 nobis
2508 2137 2730 2207 adoptat
2778 2137 3016 2207 dignitas
3061 2139 3153 2191 illa
3189 2139 3242 2192 in

1680 2245 1786 2298 qua
1821 2245 1965 2283 nunc
2003 2245 2220 2285 sumus.
2265 2228 2634 2296 Quamobrem
2666 2229 2771 2284 hoc
2825 2229 3046 2284 nomine
3081 2229 3247 2286 frater

1679 2319 1752 2373 sit
1809 2318 1957 2373 illius
1989 2318 2082 2389 qui
2121 2319 2274 2389 prius
2321 2318 2388 2372 ad
2441 2326 2492 2372 te
2538 2318 2721 2380 venit,
2773 2327 2828 2371 et
2876 2332 3010 2370 cura
3054 2319 3246 2373 eadem

1679 2409 1900 2480 dignus,
1939 2418 2049 2462 tam
2099 2409 2231 2463 mihi
2281 2409 2445 2480 patri,
2472 2424 2636 2478 quam
2671 2408 2767 2462 tibi
2804 2409 3158 2478 praeceptori;
3199 2411 3246 2464 si

1679 2498 1795 2551 ﬁeri
1842 2498 2066 2552 omnino
2105 2505 2318 2566 potest,
2371 2507 2430 2552 ut
2465 2498 2672 2566 aliquid
2715 2498 2950 2568 amplius
2983 2499 3244 2564 habeant,

1677 2589 1835 2657 quia
1883 2588 2043 2643 nobis
2087 2589 2336 2643 veniunt.
2371 2587 2483 2642 Hoc
2531 2598 2709 2643 autem
2741 2589 2898 2655 dico,
2946 2605 3054 2643 non
3103 2588 3248 2658 quod

1679 2679 1932 2734 facundia
1983 2687 2076 2734 tua
2131 2695 2242 2733 non
2299 2680 2422 2750 plus
2475 2680 2678 2749 aliquid
2729 2680 2922 2735 amicis
2971 2661 3248 2735 veteribus

1678 2771 1914 2837 tribuat;
1958 2772 2054 2826 sed
2105 2772 2250 2842 quod
2295 2773 2566 2827 uberrima
2613 2771 2822 2826 utilitas
2863 2782 2953 2826 tua
2994 2773 3248 2826 omnibus

1679 2864 1956 2933 proposita
2001 2863 2094 2918 sit.
2145 2863 2291 2919 Satis
2339 2873 2520 2917 autem
2577 2862 2741 2918 fuerit
2786 2863 3148 2928 adolescenti,
3200 2862 3248 2918 si

1681 2965 1806 3008 ante
1849 2956 2112 3024 temporis
2139 2955 2571 3025 experimentum
2614 2955 2759 3009 inter
2794 2953 3090 3009 familiares
3130 2956 3248 3010 col-

1681 3045 1896 3100 locetur
1929 3065 1942 3102 :
1982 3064 2142 3118 quem
2179 3048 2246 3102 ad
2281 3063 2382 3102 nos
2435 3047 2684 3103 remittas
2715 3048 2906 3112 velim,
2938 3048 3160 3118 dignum
3195 3057 3248 3102 et

1680 3139 1886 3192 nostris
1935 3141 2117 3202 votis,
2157 3149 2211 3194 et
2264 3140 2436 3210 gloria
2494 3141 2598 3196 ista
2638 3149 2766 3205 tua,
2809 3157 2970 3212 quam
3024 3155 3083 3195 es
3133 3141 3249 3194 elo-

1680 3230 1897 3297 quentia
1946 3238 2300 3286 consecutus.
2352 3231 2512 3286 Ducit
2566 3244 2742 3287 autem
2791 3249 2978 3289 secum
3017 3241 3071 3288 et
3110 3248 3250 3286 eoa:-

1604 3301 1645 3357 (ἶ
1681 3326 1925 3384 taneum,
1973 3322 2093 3389 pari
2141 3322 2448 3376 litterarum
2499 3323 2680 3378 studio
2712 3325 3037 3394 praeditum,
3086 3331 3138 3378 et
3169 3324 3250 3393 ip-

1681 3428 1802 3467 sum
1835 3427 2052 3483 quoque
2084 3429 2149 3469 ex
2192 3415 2360 3469 nobili
2407 3416 2609 3470 familia
2659 3426 3018 3488 prognatum,
3060 3417 3246 3469 nobis-

1679 3519 1786 3574 que
1833 3507 2204 3560 necessarium
2239 3526 2252 3561 :
2290 3525 2448 3578 quem
2485 3511 2632 3562 nulla
2685 3525 2743 3564 re
2793 3508 3101 3563 inferiorem
3135 3507 3249 3562 fore

1678 3599 2048 3664 confidimus;
2100 3601 2314 3658 etiamsi
2373 3603 2665 3673 plurimum
2719 3603 2789 3657 ab
2837 3603 2960 3658 aliis
3015 3604 3245 3674 pecunia

1678 3699 1986 3760 superetur.

2054 3785 2388 3842 EPISTOLA
2425 3785 2820 3842 ClJCXXXVIlI
2838 3790 2894 3841 “.

66 3893 208 3968 Gratias
225 3900 316 3964 agit
344 3897 570 3950 Libanius
590 3897 718 3963 quod
740 3899 1126 3968 Cappadoces‘ad
1145 3912 1197 3968 se
1217 3898 1370 3949 mittat
1391 3897 1621 3968 Basilius.
1647 3899 1836 3968 Narrat
1855 3913 1905 3968 s_e
1927 3899 2046 3968 lecta
2067 3900 2291 3968 privatim
2318 3901 2451 3952 illius
2472 3899 2879 3968 epistolae-ictum
2906 3915 2958 3952 se
2984 3903 3044 3968 at;
3062 3916 3117 3952 eo
3133 3916 3248 3968 ςοηο

104 3956 381 4030 lgtsttm'esse.
408 3969 454 4012 et
475 3974 587 4012 cum
603 3956 766 4026 postea
787 3956 1004 4030 eamdem
1025 3960 1228 4030 Alypius
1251 3974 1417 4030 eorum
1434 3959 1650 4030 pluribus
1672 3961 1923 4030 honoratis
1949 3956 2303 4030 viris-legisset,
2343 3956 2510 4030 omnes
2546 3963 2728 4013 Basilio
2749 3965 2959 4027 palmam
3002 3962 3246 4016 detulisse.

110 4020 293 4074 vectarat
311 4038 360 4076 se
378 4037 473 4074 non
495 4020 671 4074 curare
691 4035 836 4085 quam
855 4020 1026 4073 divites
1049 4020 1146 4073 siiit
1164 4021 1412 4088 discipuli,
1434 4020 1520 4074 sed
1541 4029 1586 4073 et
1605 4035 1794 4085 egenos,
1812 4025 1956 4074 modo
1973 4020 2179 4076 studioii
2199 4020 2311 4087 sint,
2330 4024 2558 4076 divitibus
2575 4020 2876 4090 aiuepoiiere.

470 4129 749 4198 Λιϐἁνιος
784 4133 1094 4200 Βασιλείᾳ).

111 4241 232 4311 Οἶδα,
275 4249 352 4302 ὅτι
395 4247 655 4312 πολλάκις
700 4246 860 4300 τοῦτο
890 4248 1140 4320 γράψεις,
1187 4250 1267 4312 τὸ,
1311 4247 1441 4302 Ἰδού
1490 4263 1574 4300 σοι

64 4337 309 4412 καὶὲτερος
351 4342 481 4412 ἥκει
530 4339 920 4410 Καππαδόκης.
951 4341 1185 4406 Πολλοὺς
1219 4343 1348 4413 γὰρ,
1398 4336 1571 4409 οἶμαι,

65 4427 251 4497 πέμψεις
271 4449 283 4465 ι
308 4435 394 4487 ἀεὶ
421 4436 522 4506 μὲν
566 4436 660 4489 καὶ
693 4433 965 4504 πανταχοῦ
999 4436 1110 4496 τοῖς
1145 4433 1437 4504 ἐγκωμίοις
1464 4434 1575 4495 τοῖς

65 4522 150 4572 κατ’
181 4524 303 4594 ἐμοῦ
347 4527 628 4599 χρώμενος
654 4567 669 4589 ,
721 4525 896 4598 τούτῳ
936 4526 993 4579 δὲ
1025 4525 1173 4597 αὑτῷ
1197 4526 1290 4580 καὶ
1332 4525 1576 4596 πατέρας

2209 4129 2463 4186 Libanius
2497 4131 2718 4186 Basilio.

1748 4237 1876 4294 Scio
1901 4250 1953 4296 te
1985 4241 2090 4297 hoc
2121 4243 2316 4298 crebro
2337 4243 2667 4313 scripturum
2698 4262 2711 4298 :
2740 4242 2874 4299 Ecce
2909 4244 3007 4300 tibi
3033 4252 3086 4299 et
3107 4245 3248 4301 alius

1675 4332 1824 4386 venit
1871 4331 2190 4404 Cappadox.
2250 4334 2450 4390 Multos
2487 4351 2742 4404 namque,
2779 4344 2944 4406 puto,
2979 4338 3248 4393 missurus

1678 4439 1772 4490 es;
1809 4439 2022 4495 semper
2057 4434 2111 4482 et
2139 4427 2341 4497 ubique
2373 4443 2460 4483 me
2487 4426 2742 4483 laudibus
2773 4428 3004 4483 ellerens
3025 4467 3041 4492 ,
3085 4436 3248 4499 atque

1684 4515 1788 4570 hoc
1811 4517 1931 4587 ipso
1948 4526 2004 4570 et
2029 4529 2212 4588 patres
2229 4527 2283 4574 et
2304 4536 2502 4590 pueros
2526 4535 2852 4590 provocans.
2877 4520 2948 4572 At
2967 4520 3095 4590 quid
3123 4537 3247 4576 eve-

65 4612 188 4666 κινῶν
215 4617 300 4670 καὶ
324 4619 538 4683 παῖδας.
576 4619 713 4672 Ἀλλ’
751 4619 780 4672 ὃ
804 4635 868 4688 γε
916 4618 1132 4687 ἐγένετο
1161 4619 1292 4690 περὶ
1315 4617 1411 4689 τὴν
1453 4620 1576 4672 ἐπι-

1686 4609 1765 4662 ηἱι
1813 4609 1868 4663 in
1911 4611 2198 4679 epistolam
2243 4621 2390 4666 tuam
2441 4612 2759 4683 pulchram,
2804 4627 2914 4666 non
2960 4611 3246 4681 pulchrum

64 4702 215 4775 στολήν
252 4723 340 4762 σου
391 4709 493 4782 τὴν
523 4711 714 4781 καλὴν,
763 4711 824 4764 οὐ
883 4710 1046 4765 καλὸν
1086 4710 1381 4781 σιωπῆσαι.
1429 4711 1578 4781 Παρ-

1681 4700 1847 4756 fuerit
1865 4702 2086 4758 silentio
2114 4705 2416 4774 praeterire.
2453 4704 2784 4760 Assidebant
2813 4702 2947 4757 mihi
2971 4718 3036 4757 ex
3071 4702 3247 4758 hono-

63 4792 277 4866 ικάθηντὸ
307 4817 398 4870 μοι
420 4801 530 4854 τῶν
553 4803 610 4854 ὲν
636 4804 775 4873 ἀρχῇ
812 4802 1191 4873 γεγενημένων
1214 4800 1364 4856 ἄλλοι
1395 4819 1454 4855 τε
1476 4803 1576 4856 οὐκ

1686 4793 1839 4856 ratis,
1864 4809 1989 4848 cum
2028 4796 2117 4850 alii
2147 4811 2257 4851 non
2285 4797 2444 4867 pauci
2465 4837 2478 4858 ,
2505 4805 2620 4850 tum
2654 4797 2811 4866 longe
2843 4795 3080 4866 cptimus
3117 4797 3245 4867 Aly-

62 4881 210 4951 ὀλὶγοι,
250 4892 340 4944 καὶ
386 4894 416 4945 ό
461 4893 640 4946 πάντα
687 4893 906 4964 ἄριστος
942 4893 1194 4957 Ἀλύπιος
1254 4893 1576 4964 Ἱεροκλέους

1686 4887 1805 4956 pius
1853 4885 2120 4944 Hieroclis
2171 4889 2318 4945 illius
2363 4889 2752 4945 consobrinus.
2787 4886 2856 4942 Ut
2885 4902 3015 4958 ergo
3047 4888 3252 4958 episto-

62 4973 236 5044 ἀνεψιὸς
276 4984 505 5037 ἐκείνου.
557 4985 645 5048 Ὠς
693 4980 786 5038 οὖν
828 4985 1014 5040 ἔδοσαν
1068 4987 1118 5038 οἱ
1169 4985 1425 5057 φέροντες
1479 4985 1576 5057 τὴν

1686 4977 1788 5032 lam
1816 4977 2192 5045 reddiderunt,
2218 4981 2312 5050 qui
2344 4980 2639 5034 attulerant
2665 4996 2680 5045 ;
2728 4978 2942 5033 silentio
2967 4985 3078 5030 tota
3122 4993 3248 5048 per-

63 5063 322 5144 ὲπιστολὴν,
347 5078 471 5147 σιγῇ
494 5074 582 5128 διὰ
603 5075 782 5147 πάσης
807 5075 994 5141 ἐλθὼν,
1022 5075 1392 5148 Νενικήμεθα,
1420 5075 1576 5148 ἔφην,

1686 5069 1847 5133 lecta,
1879 5071 2063 5127 ridens
2102 5072 2263 5127 simul
2296 5081 2348 5127 et
2389 5070 2634 5142 gaudens
2657 5070 2769 5125 dixi
2801 5089 2813 5125 :
2845 5067 2986 5123 Victi
3033 5085 3243 5123 sumus.

1685 5162 2103 5235 lnterrogabant
2144 5173 2323 5219 autem
2358 5164 2434 5218 illi
2465 5182 2478 5217 :
2509 5161 2626 5229 Qua
2664 5163 2842 5218 victus
2885 5177 2945 5218 es
2981 5159 3254 5216 victoria?

1683 5263 1738 5311 ct
1769 5257 2043 5326 quomodo
2072 5259 2249 5313 victus
2274 5272 2382 5312 non
2409 5255 2601 5311 doles?
2627 5254 2813 5310 Victus
2837 5269 2979 5320 sum,
3015 5253 3249 5318 aiebam,

64 5157 239 5219 μειδιῶν
268 5181 325 5217 τε
353 5165 472 5236 ἅμα
501 5167 596 5220 καὶ
638 5168 860 5239 χαίρων.
905 5169 1012 5221 Καὶ
1047 5167 1168 5222 τίνα
1203 5169 1266 5222 σὺ
1301 5167 1578 5238 νενίκησαι

62 5243 214 5320 νίκηη
260 5254 479 5326 ηροντο·
530 5257 624 5312 καὶ
655 5257 772 5321 πῶς
816 5259 916 5312 οὐκ
954 5258 1140 5328 ἀλγεῖς
1183 5259 1574 5328 νενικημένοςς

1757 5433 1868 5504 {67)
1902 5434 2098 5499 ’Ὂλως
2119 5431 2307 5504 πλέον
2333 5430 2592 5504 δυνατόν
2623 5432 2804 5504 ἔχειν.
2832 5429 2939 5504 Sic
2959 5439 3068 5483 tres
3093 5435 3248 5504 velit:

1686 5497 1911 5560 stissiini
1932 5497 2165 5559 codices.
2191 5503 2325 5557 Tres
2362 5504 2450 5556 alii
2483 5502 2641 5555 πλέον
2670 5500 2888 5554 δυνατὸν
2916 5499 3078 5570 ἔχειν.
3107 5497 3251 5555 Editl

1685 5575 1844 5646 cii-:59
1881 5591 1934 5627 τι
1980 5573 2137 5646 πλέον
2168 5573 2595 5646 ἔχεινᾼδυνατόν.
2629 5571 2749 5625 Mox
2794 5571 2923 5629 editi
2948 5569 3133 5624 πλέον
3173 5585 3252 5627 τι.

1684 5643 1823 5700 Tres
1849 5643 2206 5698 vetustissimi
2238 5644 2456 5700 codices
2489 5653 2546 5698 ut
2577 5643 2629 5697 in
2659 5650 2827 5699 textu.

1757 5719 1770 5734 ‘
1802 5714 1951 5768 Alias
1977 5713 2204 5768 CXLIV.

1752 5786 1943 5841 "Alias
1964 5783 2164 5840 CXLV.

117 5425 210 5508 (fit)
235 5436 651 5508 Βρυλεύοντες.
681 5435 832 5491 Harl.
877 5435 1170 5506 βουλευταί.
1203 5434 1405 5490 lbldcm
1442 5449 1577 5488 non-

65 5499 412 5578 nulli._codices,
446 5499 662 5578 πρέπει.
878 5499 888 5506 ’
984 5575 993 5578 Α
1194 5576 1216 5578 _
1261 5575 1271 5578 _
1309 5509 1345 5578 _'

119 5568 210 5636 (65)
241 5568 582 5647 Τιμήσουὶγι.
613 5578 745 5647 Reg.
794 5575 1066 5647 secundus
1097 5582 1150 5630 et
1179 5574 1345 5647 Coisl.
1387 5589 1580 5628 secun-

66 5634 432 5717 dusntigﬁsmiai
462 5664 546 5717 με.
574 5634 949 5702 Αιιίἶιοηηιιιιὶ
976 5645 1262 5717 τιμήσουσι
1288 5661 1367 5717 σε.

66 5707 413 5847 Μξὲθῆὲὲιέῖν
445 5707 706 5772 ἑίσποιεῑ.
745 5718 911 5773 Coisl.
952 5707 1158 5788 primus
1201 5725 1256 5773 et
1295 5714 1413 5770 Med
1476 5716 1575 5770 ba»

171 5819 181 5840 ν
229 5819 258 5847 Α.
352 5825 365 5836 ⁸

171 5819 181 5840 ν
218 5819 365 5852 Ἀβιά».
