3810 6502
523 347 661 405 1083

1864 351 1919 407 S.
1962 351 2200 408 BASlLll
2241 353 2451 411 MAGNI

3575 367 3684 414 μοι

514 466 928 536 pulchritudine
949 467 1304 535 epistolarum
1333 489 1344 522 :
1373 472 1500 526 vicit
1530 487 1659 526 vero
1681 473 1937 530 Basilius.
1993 473 2084 528 Vir

2200 477 2286 530 Ἐν
2336 450 2526 530 κάλλει.
2571 477 2701 547 μὲν,
2757 476 2929 549 ἔφην,
2977 476 3273 530 ἐπιστολῶν
3316 478 3537 548 ῆττημαι
3571 478 3685 548 (68)’

525 566 708 613 autem
754 558 847 612 ille
882 559 1092 614 amicus
1135 570 1247 627 est,
1291 569 1346 616 et
1385 578 1504 618 eam
1546 565 1618 619 ob
1665 580 1883 621 causam
1919 569 2087 622 laetor.

519 647 652 702 llaec
683 663 783 717 ego
815 663 939 702 cum
971 647 1233 705 dixissem
1253 690 1270 712 .
1302 667 1367 706 ex
1416 653 1552 722 ipsis
1603 656 1803 712 litteris
1847 659 2094 727 judicare

529 739 818 792 voluerunt
849 739 917 793 de
952 740 1204 794 victoria.
1239 742 1317 796 Ac
1350 742 1562 813 legebat
1593 746 1814 815 quidem
1843 748 2092 819 Alypius,

528 827 826 882 audiebant
852 827 1016 900 ‘55
1051 845 1180 885 vero
1204 833 1297 901 qui
1327 833 1574 891 aderant.
1605 834 1738 891 Lata
1768 845 1945 894 autem
1969 855 2094 896 sen-

528 920 700 974 tentia
728 927 848 989 est,
881 934 968 976 me
993 923 1130 976 nihil
1176 940 1300 981 esse
1345 927 1656 984 mentitum.
1699 929 1768 984 Et
1810 932 2093 1002 epistolam

531 1011 741 1068 habens
787 1012 836 1067 is
889 1013 985 1083 qui
1020 1015 1262 1085 legerat,
1291 1019 1456 1083 exiit,
1485 1019 1610 1077 aliis
1639 1021 1836 1088 etiam,
1879 1024 2093 1093 opinor,

531 1109 883 1168 ostensurus,
912 1102 1112 1174 vixque
1141 1106 1402 1162 reddidit.
1434 1107 1626 1166 Scribe
1659 1112 1843 1181 itaque
1869 1113 2091 1180 similia,

531 1201 588 1246 et
629 1193 818 1260 vince;
851 1194 935 1249 sic
978 1196 1122 1250 enim
1153 1197 1273 1267 ipse
1302 1199 1539 1258 vincam.
1569 1201 1838 1258 Caeterum
1867 1215 1924 1260 et
1959 1205 2092 1261 illud

534 1293 686 1340 recte
712 1285 963 1355 conjicis,
997 1302 1108 1341 non
1139 1289 1389 1355 pecuniis
1417 1306 1508 1346 res
1536 1301 1756 1350 nostras
1783 1296 2046 1350 aestimari
2073 1314 2088 1351 :

535 1375 631 1429 sed
685 1375 824 1431 satis
873 1390 997 1431 esse
1031 1376 1082 1431 ei
1124 1377 1218 1447 qui
1270 1377 1402 1434 dare
1445 1395 1555 1435 non
1600 1390 1813 1453 potest,
1859 1393 1917 1440 ut
1964 1386 2093 1441 velit

532 1467 801 1536 accipere.
837 1466 897 1522 Si
927 1484 1087 1538 quem
1121 1470 1266 1524 enim
1312 1473 1588 1529 rescivero
1613 1490 1861 1544 egenum,
1887 1477 1984 1533 sed
2012 1487 2094 1532 ta-

534 1571 662 1610 men
694 1557 997 1614 litterarum
1025 1561 1372 1629 studiosum;
1421 1563 1485 1628 is;
1509 1564 1772 1622 divitibus
1809 1569 2094 1640 anteponi-

533 1655 640 1700 tur.
689 1647 1011 1720 Quanquam
1063 1668 1166 1707 nos
1209 1653 1346 1708 tales
1397 1656 1690 1725 magistros
1732 1661 1940 1728 experti
1980 1675 2092 1716 non

2190 567 2466 632 Βασίλειος
2494 567 2552 622 δὲ
2605 569 2932 640 κεκράτηκε.
2968 570 3126 633 Φίλος
3160 568 3219 621 δὲ
3267 570 3296 621 ὁ
3329 567 3480 638 ἀνὴρ,
3521 570 3600 621 καὶ
3621 571 3690 622 διὰ

2143 705 2147 708 .
2188 658 2345 711 τοῦτο
2365 659 2743 730 εὐφραίνομαι.
2763 659 2946 716 Ταῦτα
2973 662 3213 723 εἰπόντος
3241 661 3395 731 ἐμοῦ,
3415 661 3532 730 παρ’
3553 663 3692 715 αὐτῶν

2195 749 2383 818 μαθεῖν
2411 749 2786 823 ἠϐουλήθησαν
2815 751 2924 805 τῶν
2951 753 3294 824 γραμμάτων
3315 751 3413 822 τὴν
3436 753 3593 822 νίκην.
3610 755 3694 806 Καὶ

2191 843 2522 911 ἀνεγίνωσκε
2557 845 2656 914 μὲν
2694 847 2724 897 ὁ
2757 844 3027 908 Ἀλύπιος,
3055 846 3250 915 ἢκουον
3283 843 3341 896 δὲ
3378 845 3425 896 oi
3459 844 3693 913 παρόιηες.

2204 933 2269 986 Ἦ
2302 933 2479 1004 ψῆφος
2509 934 2565 987 δὲ
2609 935 2810 1005 ἠνέχθη
2832 975 2847 999 ,
2898 934 3064 1006 μηδέν
3115 952 3180 1005 με
3215 933 3491 1002 ἐψεῦσθαι.
3541 935 3697 986 Καὶτὲ

2192 1023 2490 1092 γράμματα
2514 1022 2651 1094 ἔχων
2677 1026 2705 1077 ὁ
2731 1025 2996 1092 ἀναγνοὺς
3039 1022 3205 1094 ἐξῄει,
3235 1023 3426 1088 δείξων
3470 1019 3604 1091 οἶμαι
3628 1026 3699 1075 καὶ

2191 1113 2390 1180 ἄλλοις,
2423 1117 2516 1168 καὶ
2556 1115 2707 1186 μόλις
2733 1116 3002 1170 ἀπέδωκε.
3042 1115 3224 1186 Γράφε
3257 1115 3434 1168 τοίνυν
3465 1116 3700 1185 παραπλῄ-

2193 1223 2304 1270 σια,
2335 1207 2429 1260 καὶ
2461 1206 2616 1262 νίκα’
2646 1209 2795 1261 τουτὶ
2829 1207 2938 1279 γάρ
2983 1209 3129 1262 ἐστιν
3176 1207 3276 1278 ἐμὲ
3328 1209 3504 1278 νικᾷν.
3551 1208 3701 1268 Καλῶς

2191 1295 2249 1348 δὲ
2273 1297 2494 1348 κάκεῖνο
2525 1295 2794 1361 εἰκάζεις,
2820 1296 2896 1359 ὡς
2931 1296 2993 1348 ού
3042 1297 3286 1366 χρήμασι
3328 1298 3594 1366 μετρεῖται
3618 1294 3702 1362 (69)

2189 1386 2259 1440 τὰ
2291 1388 2419 1458 παρ’
2449 1386 2604 1457 ἡμῶν
2625 1405 2638 1418 ·
2676 1386 2790 1440 ἀλλ’
2824 1388 2984 1458 ἀρκεῖ
3011 1387 3090 1456 τῷ
3124 1386 3199 1456 μὴ
3233 1386 3513 1455 δυναμένῳ
3540 1384 3700 1446 δοῦναι,

2190 1479 2252 1531 τὸ
2296 1477 2623 1548 βουληθῆναι
2669 1477 2871 1533 λαϐεῖν.
2917 1476 3032 1533 Κᾶν
3074 1478 3182 1549 γὰρ
3224 1477 3499 1547 αἴσθωμαι
3527 1493 3630 1528 τινα
3663 1479 3705 1528 ὲν

2192 1570 2375 1641 πενία,
2415 1569 2588 1639 λόγων
2622 1571 2850 1642 ἐρῶντα,
2883 1570 2988 1642 πρὸ
3017 1568 3123 1622 τῶν
3167 1568 3539 1622 πλουτούντων

2192 1661 2384 1714 Καίτοι
2414 1661 2474 1714 οὺ
2523 1660 2774 1714 τοιούτων
2823 1658 3201 1730 πεπειράμεθα
3243 1658 3595 1712 διδασκάλων

535 1753 759 1803 sumus;
803 1749 858 1794 at
908 1743 1045 1797 nihil
1096 1746 1406 1816 prohibebit
1463 1763 1564 1803 nos
1617 1749 1719 1805 hac
1766 1760 1918 1821 parte
1971 1769 2093 1812 esse

2200 1753 2343 1806 οὐδὲν
2369 1751 2603 1805 κωλύσει
2629 1751 2739 1822 (70)
2769 1749 2939 1823 ταύτῃ
2969 1767 3034 1818 γε
3063 1746 3204 1802 εἶναι
3229 1748 3521 1818 βελτίονας.
3547 1748 3707 1816 Μηδεὶς

534 1829 812 1886 meliores.
845 1831 1032 1904 Itaque
1065 1837 1246 1891 nullus
1281 1853 1484 1908 pauper
1515 1839 1622 1894 huc
1663 1819 1903 1912 pigretur
1935 1859 2091 1902 acce-

2200 1841 2287 1899 οὖν
2347 1844 2516 1915 πένης
2571 1819 2795 1896 ὀκνείτω
2845 1819 3002 1913 δεύρο
3059 1842 3328 1913 βαδίζειν,
3392 1843 3440 1894 εἰ
3481 1841 3537 1893 ἓν
3573 1842 3710 1893 Etsi-tr.

531 1917 691 1982 dere,
736 1921 783 1974 si
821 1921 922 1978 hoc
948 1941 1114 1980 unum
1165 1927 1432 1983 duntaxat
1475 1933 1807 2000 possederit,
1853 1942 1912 1989 ut
1955 1936 2093 1992 sciat

531 2008 826 2066 elaborare.

913 2127 1253 2185 EPISTOLA
1291 2131 1638 2189 CCCXXXIX
1666 2141 1704 2190 '.

2193 1937 2451 2008 κέκτηται
2483 1936 2665 2006 μόνον,
2692 1934 2753 1988 τὸ
2784 1933 3104 1989 ἐπίστασθαι
3137 1935 3337 1988 πονεῖν.

2700 2131 3043 2186 ΕΠΙΣΤΟΛΗ
3080 2131 3249 2185 ΤΛΘν.

534 2263 748 2319 Basilius
768 2267 960 2320 Libanio
979 2268 1219 2336 signiﬁcat
1236 2286 1287 2324 se
1306 2273 1501 2327 laudem
1523 2275 1804 2340 eloquentia:
1831 2276 1906 2329 illi
1927 2278 2204 2343 concedere,
2222 2291 2280 2327 ac
2293 2271 2587 2343 jamdtt'dum
2609 2268 2835 2342 oblivioni
2861 2267 3070 2331 traditis,
3090 2281 3197 2334 qua
3215 2266 3348 2331 apud
3365 2266 3590 2331 sophistas
3607 2264 3713 2316 didi-

1589 2337 1737 2400 c'erat,
1757 2353 1866 2390 cum
1889 2343 2022 2392 Mosa
2048 2348 2094 2392 et
2113 2339 2225 2392 aliis
2243 2337 2488 2404 prophetis
2507 2337 2710 2387 versari.

1047 2462 1282 2517 Basilius
1321 2463 1565 2522 Libanio.

601 2569 742 2634 Quid
772 2587 880 2626 non
909 2573 1104 2629 dixerit
1125 2578 1394 2648 80phista,
1426 2588 1480 2634 et
1502 2581 1625 2637 talis
1647 2583 1914 2653 sophista,
1936 2585 2096 2655 cujus

534 2659 668 2714 artis
702 2665 979 2732 proprium
1029 2681 1151 2722 esse
1206 2677 1455 2738 constat,
1497 2681 1549 2726 et
1580 2687 1647 2728 ex
1692 2675 1903 2742 magnis
1932 2690 2095 2745 parva

535 2748 718 2806 facere
766 2769 891 2808 cum
921 2756 1176 2822 voluerit,
1225 2768 1279 2814 et
1320 2776 1483 2830 parva
1523 2763 1888 2832 ampliﬁcare?
1925 2764 2096 2830 Quale

531 2849 618 2897 est
649 2843 795 2912 quod
823 2852 878 2900 et
916 2846 970 2899 in
1003 2862 1103 2903 nos
1129 2848 1438 2906 declarasti.
1467 2851 1600 2905 Nam
1627 2853 1912 2922 epistolam
1947 2855 2092 2909 illam

535 2933 850 3000 sordidam,
903 2945 962 2989 ut
1002 2953 1100 2993 vos
1135 2938 1384 2995 dixeritis
1417 2942 1509 3010 qui
1557 2942 1824 2998 orationis
1872 2942 2094 3000 delicias

535 3022 771 3090 habetis,
799 3026 972 3081 nihilo
1004 3044 1092 3091 ea,
1121 3044 1281 3100 quam
1313 3030 1366 3084 in
1401 3032 1653 3088 manibus
1685 3033 1875 3102 habes,
1902 3035 2097 3090 tolera-

535 3112 809 3179 biliorem,
846 3117 1028 3174 verbis
1060 3095 1156 3172 ita-
1182 3122 1449 3187 extulisti,
1483 3130 1542 3177 ut
1572 3123 1642 3178 ab
1667 3124 1760 3178 illa
1788 3095 2096 3196 superatus,
2123 3095 2166 3154 C

535 3204 697 3260 nobis
759 3207 964 3276 primas
1020 3209 1075 3264 in
1137 3211 1431 3266 scribendo
1481 3214 1813 3270 concederes
1863 3235 1876 3270 :
1925 3217 2100 3273 simile

536 3296 795 3366 quiddam
830 3297 1038 3357 faciens
1079 3302 1290 3358 lusibus
1319 3308 1709 3374 patrum,’cum
1740 3305 1808 3361 de
1832 3307 2096 3374 victoriis,

535 3399 674 3453 quas
714 3387 815 3455 ipsi
847 3398 1041 3457 sponte
1071 3401 1379 3456 cesserunt,
1411 3394 1611 3450 liberos
1641 3394 1828 3450 sinunt
1855 3397 2098 3467 gloriari,

537 3491 640 3531 nec
672 3477 854 3533 damni
885 3481 1181 3554 quidquam
1212 3485 1455 3555 sibiipsis
1480 3487 1796 3551 inferentes,
1819 3498 1874 3544 et
1905 3490 2099 3544 libero-

539 3582 658 3621 rum
713 3571 1018 3628 nutrientes
1060 3575 1481 3633 emulationem.
1533 3577 1648 3632 Dici
1702 3579 1947 3649 profecto
1992 3596 2100 3633 non

537 3665 745 3728 potest,
785 3670 1049 3731 quantum
1099 3666 1392 3736 voluptatis
1437 3667 1688 3724 habuerit
1733 3671 1938 3734 oratio,
1971 3670 2101 3724 dum

537 3765 750 3804 mecum
784 3753 1096 3822 jocareris:
1136 3759 1286 3812 velut
1329 3760 1375 3814 si
1422 3761 1546 3830 quis
1594 3760 1955 3832 Polydamas,
2007 3773 2101 3817 aut

538 3843 687 3909 Milo,
715 3849 983 3916 pancratii
1009 3851 1093 3905 vel
1125 3852 1282 3908 lucta:
1307 3864 1583 3910 certamen
1612 3871 1824 3911 mecum
1858 3859 1977 3928 ipso
2006 3858 2102 3914 de-

538 3945 772 4004 trectet;
824 3956 950 3994 nam
995 3944 1165 3997 multa
1211 3945 1605 4011 considerans,
1659 3949 1874 4002 nullum
1922 3951 2098 4019 reperi

539 4028 874 4085 inﬁrmitatis
898 4034 1230 4103 exemplum.
1262 4037 1449 4107 Itaque
1475 4039 1567 4108 qui
1597 4042 1886 4095 verborum
1911 4041 2103 4112 hyper-

542 4119 695 4174 bolas
743 4131 1155 4190 consectantur,
1204 4133 1353 4181 tuam
1402 4127 1491 4182 hic
1544 4131 1717 4200 magis
1767 4131 2102 4186 admirantur

543 4213 860 4279 potentiam,
898 4215 990 4284 qui
1039 4215 1115 4270 ita
1160 4223 1213 4271 te
1261 4218 1379 4289 ipse
1409 4220 1478 4274 ad
1512 4236 1614 4276 nos
1642 4221 1879 4290 iocando
1908 4221 2102 4277 demit-

543 4305 658 4352 tere
687 4301 950 4370 potueris,
981 4319 1145 4372 quam
1174 4307 1221 4361 si
1259 4307 1552 4363 barbarum
1581 4324 1748 4380 super
1771 4311 1915 4366 Atho
1947 4311 2102 4364 navi-

2651 2463 2968 2528 Βασίλειος
3023 2460 3229 2516 Λιϐανί
3230 2476 3294 2523 ῳ.

2262 2583 2326 2635 Τί
2373 2583 2476 2638 οὐκ
2527 2579 2594 2634 ἂν
2649 2577 2792 2631 εἴποι
2832 2574 3096 2645 σοφιστὴς
3133 2572 3314 2644 ἀνὴρ,
3360 2573 3453 2625 καὶ
3500 2572 3722 2639 coam};

2193 2674 2454 2738 τοιοῦτος,
2497 2666 2542 2740 ᾧ
2583 2687 2648 2739 γε
2677 2669 2808 2723 ἴδιον
2837 2662 2975 2720 εἶναι
3011 2665 3112 2735 τῆς
3155 2664 3348 2735 τέχνης
3389 2663 3719 2734 ὡμολόγηται,

2198 2764 2386 2819 καὶτὰ
2419 2762 2628 2836 μεγάλα
2667 2759 2836 2832 μικρά
2877 2760 3050 2811 ποιεῖν
3100 2757 3188 2809 ὅτε
3233 2754 3477 2826 βούλεται
3499 2755 3622 2824 (Ἡ),
3647 2760 3722 2807 xa‘:

2195 2858 2309 2920 τοῖς
2341 2857 2558 2926 μικροῖς
2586 2850 2923 2925 περιτιθέναι
2971 2849 3234 2920 μέγεθος;
3273 2849 3456 2902 ὁποῖον
3486 2847 3549 2918 δή
3575 2865 3623 2899 τι
3648 2850 3722 2901 καὶ

2199 2949 2327 3018 περ).
2371 2948 2518 3018 ἡμᾶς
2563 2943 2841 3009 ἐπεδείξω.
2891 2942 3003 3013 Τὴν
3053 2941 3162 3012 γὰρ
3212 2941 3499 3011 ἐπιστολὴν
3544 2939 3722 3008 ἐκείνην

2197 3041 2296 3111 τὴν
2337 3037 2613 3110 ρυπῶσαν,
2638 3035 2714 3098 ὡς
2747 3035 2813 3088 ἂν
2842 3034 2999 3104 ὑμεῖς
3026 3033 3075 3085 οί
3115 3033 3242 3106 περὶ
3267 3034 3395 3096 τοὺς
3429 3032 3610 3100 λόγους
3633 3030 3721 3097 (7‘2)

2196 3129 2510 3203 τρυφῶντες
2554 3129 2796 3191 εἴποιτε,
2827 3125 2978 3178 οὐδὲν
3027 3120 3191 3177 οὖσαν
3236 3125 3336 3194 τῆς
3387 3127 3446 3177 ὲν
3479 3124 3625 3194 χερσί
3650 3139 3722 3174 σω

2197 3221 2401 3292 ταύτης
2445 3215 2839 3289 ἀνεκτοτέραν,
2891 3215 3144 3270 τοσοῦτον
3173 3209 3313 3286 ἦρας
3363 3215 3440 3285 τῷ
3482 3214 3635 3283 λόγῳ,
3665 3213 3723 3274 ὡς

2197 3313 2498 3385 ἡττηθῆναι
2532 3311 2692 3381 δῆθεν
2720 3309 2911 3378 αὐτῆς,
2937 3309 3032 3362 καὶ
3058 3309 3188 3378 ἡμῖν
3214 3306 3321 3360 τῶν
3353 3308 3630 3377 πρωτείων
3649 3306 3724 3357 τοῦ

2198 3406 2429 3477 γράφειν
2463 3404 2808 3476 παραχωρεῖν
2827 3419 2841 3432 υ
2870 3401 3053 3470 ὅμοιον
3096 3398 3262 3452 ποιῶν
3295 3401 3417 3461 ταῖς
3443 3398 3554 3452 τῶν
3582 3400 3720 3450 πατέ-

2203 3513 2312 3569 ρων
2353 3495 2613 3557 παιδιαῖς,
2644 3494 2770 3545 ὅταν
2801 3492 2921 3554 ταῖς
2954 3492 3084 3561 παρ’
3128 3489 3335 3542 ὲαυτῶν
3364 3489 3546 3552 νίκαις
3583 3507 3726 3559 παρα-

2199 3589 2417 3661 χωρῶσι
2442 3588 2552 3659 (75)
2583 3591 2696 3651 τοῖς
2729 3585 2916 3639 παισὶν
2948 3583 3355 3655 ὲναὸρύνεσθαι,
3386 3583 3510 3636 οὔτε
3535 3583 3725 3642 ἑαυτούς

2197 3699 2250 3734 τι
2283 3679 2626 3752 ζημιοῦντες,
2667 3679 2758 3732 καὶ
2783 3678 2892 3730 τῶν
2922 3677 3126 3730 παίδων
3152 3676 3444 3747 τρέφοντες
3471 3675 3533 3727 τὸ
3560 3676 3725 3743 φιλότι-

2203 3791 2322 3846 μον.
2362 3771 2452 3843 Τῷ
2494 3773 2606 3827 ὄντι
2633 3771 2690 3823 δὲ
2723 3769 2815 3823 κα)⁸
2856 3767 3133 3840 ἀμύθητον
3157 3768 3288 3837 ὅσην
3326 3765 3518 3836 ἡδονὴν
3555 3762 3726 3834 εἶχενό

2199 3864 2353 3933 λόγος
2377 3865 2434 3916 ὲν
2477 3865 2542 3933 τῇ
2593 3860 2729 3932 πρὸς
2769 3861 2918 3930 ἡμᾶς
2959 3858 3175 3928 παιδιᾷ’
3205 3853 3314 3910 οἷον
3347 3853 3722 3925 Πολυδάμαπὰ

2197 3969 2344 4016 τινος
2393 3953 2426 4023 ἢ
2478 3951 2721 4014 Μίλωνος
2744 3991 2759 4018 ,
2812 3950 3152 4022 παγκρατίου
3204 3949 3237 4018 ῆ
3293 3947 3472 4018 πάλης
3521 3947 3721 4014 ἀγωνίαν

2200 4043 2633 4116 παραιτουμένου
2666 4043 2764 4114 τὴν
2797 4043 2932 4114 πρὸς
2963 4043 3061 4111 ἐμὲ
3092 4041 3253 4094 αὐτόν
3276 4039 3384 4109 (74)
3407 4056 3420 4068 ⁵
3451 4037 3617 4091 πολλὰ
3642 4039 3723 4106 γὰρ

2200 4134 2690 4206 περισκεψάμενος,
2730 4134 2879 4187 οὐδὲν
2921 4127 3077 4204 εὗρον
3105 4131 3390 4193 ἀσθενείας
3418 4130 3721 4198 ὑπόδειγμα”

2199 4228 2338 4282 ὥστε
2384 4229 2511 4291 τοὺς
2543 4226 2642 4291 τὰς
2679 4226 2982 4298 ὑπερϐολὰς
3011 4225 3118 4278 τῶν
3150 4224 3326 4292 λόγων
3368 4222 3725 4292 ἐπιζητοῦντας

2201 4319 2432 4374 ἐνταῦθά
2477 4336 2536 4373 σε
2588 4317 2785 4390 μᾶλλον
2832 4317 3058 4387 ἄγανται
3107 4315 3203 4383 τῆς
3251 4315 3571 4385 δυνάμεως,
3613 4313 3725 4366 eius

542 4398 757 4462 gantem
782 4393 1055 4451 duxisses.
1091 4396 1201 4454 Nos
1231 4400 1468 4468 quidem,
1498 4417 1532 4456 ο
1562 4403 1816 4471 praeclare
1844 4404 1947 4470 vir,
1977 4419 2097 4458 cum

2201 4411 2490 4484 δυνηθέντα
2521 4414 2641 4475 ταῖς
2673 4411 2916 4473 παιδιαῖς
2967 4408 3104 4479 πρὸς
3152 4409 3299 4478 ἡμᾶς
3347 4406 3666 4475 καταϐῆναι,
3699 4403 3724 4466 ἦ

544 4481 694 4538 Mose
730 4493 784 4538 et
815 4483 951 4550 Elia,
996 4486 1379 4559 similibusque
1422 4490 1597 4546 beatis
1631 4491 1764 4546 viris
1793 4506 2095 4556 versamur,

539 4576 634 4645 qui
670 4591 768 4630 sua
799 4579 954 4634 nobis
981 4595 1113 4634 voce
1135 4581 1364 4636 barbara
1388 4582 1632 4648 tradunt,
1657 4599 1870 4652 nosque
1891 4583 1959 4638 ab
1991 4583 2098 4641 illis

544 4667 740 4722 tradita
776 4669 1069 4740 loquimur,
1107 4688 1272 4729 sensu
1311 4675 1528 4744 quidem
1572 4691 1732 4738 vera,
1781 4674 1876 4750 sed
1919 4675 2101 4730 verbis

544 4757 735 4823 rudia,
766 4761 1220 4829 quemadmodum
1271 4764 1385 4819 [nec
1418 4765 1532 4836 ipsa
1582 4765 1847 4820 indicant.
1877 4763 2012 4820 Nam
2051 4767 2099 4820 si

546 4849 792 4903 nonnihil
818 4866 849 4904 a
887 4853 1042 4908 vobis
1085 4853 1482 4922 didiceramus,
1527 4856 1582 4910 id
1619 4856 1706 4912 die
1733 4857 2101 4912 oblitteratum

544 4949 649 4995 est.
696 4938 780 4994 Tu
822 4956 950 4996 vero
987 4943 1144 4998 nobis
1177 4945 1387 5013 scribe,
1416 4946 1522 5001 alia
1550 4947 1904 5018 epistolarum
1944 4946 2102 5002 adbi-

617 5099 638 5122 ⁶
662 5098 812 5155 Alias
839 5100 1064 5156 CXLVI.

617 5168 730 5292 (:38)
751 5172 1049 5241 Ἢττημαι.
1076 5171 1166 5228 Sic
1195 5182 1306 5231 tres
1325 5175 1682 5230 vetustissimi
1699 5175 1932 5232 codices.
1958 5175 2102 5234 Editi

617 5259 634 5291 ν
661 5259 852 5292 κηααι.

545 5258 728 5311 νενικη
736 5259 852 5311 μαι.

641 5310 1108 5388 ρεηζίζετρεῒταιζ
1115 5313 1368 5388 Nonnulli
1402 5315 1615 5388 codices
1649 5315 1962 5388 πράττεται.

641 5312 730 5378 69)
763 5312 1085 5380 Μετρεῒται.
1115 5313 1368 5369 Nonnulli
1402 5315 1615 5371 codices
1649 5315 1962 5388 πράττεται.

619 5312 732 5501 ζ’ῐρ)
755 5384 1045 5437 Κωλύσει.
1076 5383 1166 5440 Sic
1193 5395 1302 5442 trcs
1333 5387 1682 5441 vetustissimi
1705 5387 1940 5444 codices.
1963 5388 2102 5444 Editi

619 5471 630 5501 i
665 5468 765 5501 υει.

550 5466 765 5506 κωλύει.

625 5520 734 5590 (71)
771 5522 907 5576 Ὀτε
929 5524 1233 5597 βούλεται.
1260 5525 1350 5579 Sic
1379 5525 1568 5597 llarl.,
1592 5525 1756 5582 Coisl.
1790 5534 2016 5597 uterque
2052 5541 2106 5584 et

554 5588 687 5668 ᾖδε.
715 5588 1032 5668 ’ςιρςιιηιίυεζ
1080 5595 1239 5668 Editi,
1289 5596 1447 5668 ὁπᾷτε
1484 5588 1744 5667 βούλεται.
1787 5588 1949 5650 Paulo
1988 5611 2107 5668 post

553 5660 877 5737 iidfglj‘editi
907 5665 1086 5737 ὁποῖον
1221 5668 1305 5720 σύ.
1338 5660 1734 5737 Μδε.ἰιιιὶη(ιιιρ
1769 5677 1825 5721 ut
1856 5669 1905 5720 in
1937 5660 2101 5723 textu.

625 5729 738 5799 (72)
776 5734 838 5786 Ol
877 5735 1006 5800 περὶ
1052 5729 1185 5803 τρὺςῖ
1213 5741 1450 5806 λόγους.
1479 5729 1612 5795 Τι’ιέ
1644 5729 1774 5796 mss.
1803 5751 1910 5795 non
1956 5750 2104 5796 vctu-

2199 4505 2246 4556 εί
2272 4503 2362 4555 τὸν
2393 4502 2665 4574 βάρϐαρον
2705 4497 2839 4570 ἦγες
2869 4499 2980 4568 (75)
3024 4499 3161 4568 ὑπὲρ
3193 4498 3282 4551 τὸν
3321 4497 3472 4550 Ἀθω
3508 4496 3723 4548 πλέοντα.

2211 4593 2348 4647 Ἀλλ’
2375 4595 2537 4664 ἡμεῖς
2569 4592 2688 4663 μὲν,
2728 4586 2774 4644 ὧ
2807 4590 3097 4661 θαυμάσιε,
3127 4589 3318 4644 Minos?
3350 4590 3443 4642 καί
3477 4587 3625 4656 Ἠλία
3658 4586 3728 4636 καὶ

2197 4688 2308 4749 τοῖς
2345 4683 2486 4739 οὕτω
2521 4683 2810 4756 μακαρίοις
2840 4682 3064 4753 ἀνδράσι
3097 4681 3384 4751 σύνεσμεν,
3413 4681 3478 4732 ὲκ
3503 4680 3597 4749 τῆς
3626 4678 3728 4746 βαρ-

2200 4777 2368 4850 ϐάρου
2395 4776 2578 4846 φωνῆς
2619 4774 3022 4844 διαλεγομένοις
3049 4774 3182 4843 ἡμῖν
3213 4771 3281 4824 τὰ
3318 4771 3548 4835 ἑαυτῶν,
3575 4769 3658 4822 καὶ
3677 4768 3732 4817 sit

2201 4870 2330 4941 παρ’
2383 4868 2606 4922 ἐκείνων
2655 4864 3025 4936 φθεγγόμεθα,
3057 4865 3180 4918 νοῦν
3229 4863 3330 4933 μὲν
3366 4863 3574 4932 ἀληθῆ,
3612 4858 3730 4922 λέξιν

2199 4961 2257 5014 δὲ
2291 4959 2499 5031 ἀμαθῆ,
2526 4959 2602 5022 ὡς
2625 4957 2765 5011 αὐτὰ
2793 4956 2968 5011 ταῦτα
3003 4955 3170 5026 δηλοῖ.
3193 4955 3256 5008 Et
3281 4955 3390 5023 γάρ
3426 4971 3479 5006 τι
3505 4955 3597 5005 καὶ

2202 5110 2424 5166 stissimi
2443 5111 2506 5182 οἱ
2533 5109 2601 5164 τὰ
2627 5111 2754 5182 περὶ
2781 5109 2906 5173 τοὺς
2930 5108 3134 5182 λόγους.
3166 5109 3369 5182 ibidem
3395 5107 3730 5182 editio_Paris.

2203 5182 2412 5249 εἴπητε.
2442 5180 2570 5236 Mss.
2586 5178 2774 5236 omnes
2801 5190 2856 5234 et
2885 5180 3052 5234 editio
3073 5178 3234 5234 Basil.
3269 5189 3496 5249 utraque
3529 5178 3726 5249 εἷπξετε.

2273 5244 2382 5320 (75)
2417 5251 2831 5319 Παραχωρῶσι.
2854 5249 2988 5305 Tres
3019 5265 3174 5310 mss.,
3206 5244 3582 5320 nempe-Fat”
3621 5244 3726 5311 Reg.

2204 5318 2477 5399 seCundus
2505 5329 2559 5399 et
2587 5318 2754 5399 Qo'isl.
2782 5321 3064 5399 secundus
3092 5319 3388 5399 παρέχωσι.
3425 5318 3590 5399 Paulo

2204 5392 2312 5443 duo
2346 5391 2709 5461 antiquissimi
2730 5389 2946 5446 codices
2973 5390 3138 5445 Coisl.
3169 5388 3222 5444 et
3249 5388 3383 5443 Med.
3416 5389 3518 5440 τῶν
3548 5389 3728 5454 νηπίων

2202 5461 2506 5524 τρέφοντες.

2599 5529 2704 5600 ἐμὲ
2725 5529 2928 5602 αὐτόν.
2952 5527 3115 5602 _Coi_sl.
3147 5529 3349 5602 primus
3379 5527 3509 5602 πρδς

2205 5590 2326 5654 Mox
2362 5590 2490 5655 editi
2515 5590 2839 5661 εύσὸενείας,
2885 5599 3104 5652 roboris.
3148 5590 3346 5652 'Melins
3375 5590 3539 5650 multo
3574 5590 3718 5646 Coisl.

2207 5671 2478 5740 secundus
2507 5679 2560 5724 et
2591 5669 2725 5740 Reg.
2756 5669 3048 5740 secundus,
3079 5684 3216 5740 quos
3246 5668 3409 5722 secuti
3451 5678 3645 5722 sumus.

2278 5742 2386 5812 (75)
2422 5738 2616 5810 Ἦγες.
2649 5735 2930 5799 llicdicams
2957 5735 3118 5795 codex
3146 5735 3304 5801 εἷγες.
