3810 6514
496 319 634 374 1081
1861 323 1918 378 S.
1939 323 2178 379 BASILII
2211 321 2422 378 MAGNI
3573 319 3684 374 1088

492 437 845 494 Scribenaum
882 445 1078 492 tremo.
1117 439 1273 505 Quod
1313 439 1360 495 si
1391 441 1674 507 remisisti,
1703 443 2044 512 quamobretr

2160 442 2438 513 γράφοντα
2471 438 2718 510 τρέμειν.
2753 437 2892 491 Ἀλλ’
2921 437 2969 488 εί
3000 434 3100 506 μὲν
3121 433 3361 503 ἀφῆκας,
3398 433 3452 485 τί
3478 433 3568 484 οὐκ
3588 434 3685 486 ἔτι·

491 543 604 583 non
655 529 884 592 scribis.
937 531 1180 601 optime?
1226 531 1313 588 sin
1365 541 1547 590 autem
1603 535 1780 590 adhuc
1826 536 2028 591 retines

2171 531 2442 595 στέλλεις,
2490 529 2535 584 ὦ
2581 529 2803 602 ᾶριστες
2835 530 2885 582 εί
2933 528 2992 582 δὲ
3039 527 3120 580 ἔτι
3152 525 3431 595 κατέχεις,
3473 523 3503 576 ὂ
3542 526 3688 593 πάσης

484 619 546 676 id
579 621 725 691 quod
756 637 878 675 cum
929 621 1001 676 ab
1044 624 1194 677 omni
1240 625 1454 680 erudita
1507 627 1719 692 anima,
1761 637 1874 680 tum
1903 642 1933 680 a
1969 634 2044 682 tu:

2167 625 2351 693 λογίας
2395 623 2572 695 ψυχῆς
2616 622 2712 675 καὶ
2757 622 2857 693 τῆς
2913 620 3012 691 σῆς
3061 620 3206 671 ἐστιν
3257 616 3554 686 ἀλλότριον,
3595 617 3689 680 πῶς

491 714 726 767 alienum
779 720 901 780 est;
941 715 1215 785 quomodo
1267 732 1393 771 cum
1445 718 1567 774 aliis
1620 719 1880 789 praedices
1925 719 2044 773 iraa

2165 717 2343 780 ἄλλοις
2394 715 2680 787 κηρύττων
2706 755 2722 779 ,
2761 716 2837 785 μὴ
2876 713 3072 784 χρῆναι
3108 710 3270 782 μέχρι
3311 707 3526 779 δυσμῶν
3569 708 3690 777 ﬁlias

493 804 560 858 ad
587 805 722 860 solis
756 822 932 877 usque
958 822 1217 863 occasum
1248 810 1458 866 servari
1506 828 1615 866 non
1654 823 1942 881 oportere,
2002 821 2044 866 tt

2163 807 2343 878 λύπην
2369 805 2678 876 φυλάττειν,
2707 805 2870 868 αὐτὸς
2897 805 2960 856 ὲν
2993 801 3205 864 πολλοῖς
3231 799 3403 871 ὴλίοις
3432 798 3689 868 training;

492 897 641 950 illam
669 912 764 966 per
794 899 993 955 multos
1016 900 1159 955 soles
1183 901 1457 957 servasti?
1478 900 1617 956 Num
1640 901 1784 958 forte
1803 902 2044 957 damnun

2169 900 2242 953 "H
2266 899 2414 970 ⁸τάχα
2452 897 2725 970 ζημιῶσαί
2768 913 2835 968 με
2881 894 3132 968 προείλου
3168 893 3302 964 (84),
3332 892 3432 962 τῆς
3473 892 3692 962 μελιχρὶς

491 987 624 1042 mihi
683 989 888 1046 inferre
936 992 1190 1058 voluisti,
1251 993 1474 1068 mellita_
1514 1003 1608 1049 tua
1659 1011 1795 1051 voce
1845 993 2044 1050 delrau

2166 1006 2260 1043 σου
2301 989 2488 1059 φωνῆς
2517 985 2867 1058 ἀποστερῶνς
2897 985 2990 1055 Μὴ
3021 983 3084 1037 σύ
3111 1000 3196 1053 γε,
3231 975 3277 1035 ὦ
3321 984 3552 1051 γενναῖε,

486 1078 667 1136 dans?
702 1082 883 1144 Absit,
912 1097 946 1137 ο
974 1099 1238 1154 generose
1265 1104 1277 1139 :
1307 1085 1403 1140 sed
1431 1085 1614 1141 animo
1650 1087 1729 1143 sis
1759 1087 1971 1157 placido
1999 1099 2062 1139 ac

489 1171 609 1226 miti
635 1189 650 1237 ;
685 1181 740 1227 et
773 1173 1026 1245 largiare,
1051 1184 1111 1230 ut
1141 1177 1325 1248 lingua
1352 1186 1467 1242 tua,
1491 1194 1614 1248 qua:
1633 1187 1745 1234 tota
1765 1193 1930 1234 aurea
1950 1183 2054 1241 est,

489 1261 761 1333 perfruar.

816 1378 976 1452 457
1003 1379 1340 1436 EPISTOLA
1379 1381 1650 1437 CCCXL“
1677 1385 1716 1434 ‘.

2164 1082 2322 1150 γενοῦ
2349 1083 2544 1152 πρᾶος,
2575 1080 2671 1134 καὶ
2706 1078 2795 1143 δὺς
2820 1075 3125 1144 ἀπολαῦσαι
3154 1075 3264 1146 (85)
3287 1075 3387 1146 τῆς
3415 1070 3692 1144 παγχρύσων

2165 1190 2260 1226 σου
2286 1171 2552 1242 γλώττης.

2668 1374 3010 1428 ΕΠΙΣΤΟΛΗ
3045 1376 3226 1432 TMB’.

1161 1495 1419 1556 Comparat
1443 1491 1656 1544 Basilius
1675 1499 2024 1557 praaceaemem
2050 1488 2232 1541 Libanii
2250 1485 2503 1553 epistolam
2524 1499 2634 1538 cum
2654 1500 2768 1538 rosa
2784 1494 2830 1539 et
2855 1486 3025 1552 spinis.

1013 1593 1251 1650 Basilius
1285 1595 1527 1650 Libanio.

557 1703 660 1772 Qui
695 1719 821 1760 rosa
853 1705 1216 1771 delectantur,
1254 1717 1315 1761 ut
1366 1722 1467 1777 par
1501 1716 1585 1763 est
1623 1707 1908 1777 elegantia:
1934 1714 2054 1762 stu-

483 1797 674 1851 diosos
725 1796 1008 1861 delectari,
1051 1814 1120 1853 ne
1146 1798 1296 1868 ipsas
1324 1797 1545 1867 quidem
1587 1797 1798 1869 spinas,
1835 1813 1902 1853 ex
1941 1797 2058 1868 qui-

480 1886 584 1942 bus
617 1884 719 1941 llos
745 1887 1046 1952 enascitur,
1088 1887 1343 1942 oderunt.
1376 1887 1574 1942 Audivi
1617 1896 1798 1942 autem
1823 1902 1890 1941 ex
1916 1901 2053 1956 quo-

480 1979 628 2044 dam,
674 1993 798 2033 cum
849 1979 897 2034 is
946 1982 1182 2034 l'ortasse
1208 1979 1400 2049 iocans
1433 1979 1516 2033 vel
1556 1979 1722 2032 etiam
1769 1979 1914 2032 serio
1944 1977 2052 2032 tale

480 2072 686 2142 aliquid
719 2073 786 2128 de
817 2073 961 2129 rosis
992 2073 1224 2137 diceret,
1246 2074 1416 2130 veluti
1458 2075 1756 2130 amatorios
1781 2073 2049 2144 quosdam

479 2165 732 2220 stimulos
775 2167 1138 2234 amatoribus,
1185 2167 1260 2221 ita
1293 2174 1487 2222 tenues
1521 2167 1645 2223 illas
1672 2167 1858 2237 spinas
1890 2174 2052 2221 natu-

465 2264 593 2312 ram
638 2257 759 2312 llori
799 2259 1141 2328 adjunxisse,
1176 2268 1234 2313 ut
1273 2259 1342 2313 ad
1385 2260 1562 2329 majus
1593 2259 1926 2316 desiderium
1966 2260 2050 2314 in-

477 2350 636 2405 nexis
674 2358 799 2420 apte
828 2351 1034 2407 aculeis
1065 2353 1307 2422 legentes
1338 2353 1740 2409 exstimularet.
1780 2353 1887 2408 Sed
1917 2351 2049 2422 quid

477 2441 583 2496 sibi
611 2443 726 2496 vult
766 2458 893 2499 rosa
929 2444 984 2498 in
1015 2444 1228 2499 litteras
1262 2445 1617 2500 introducta?
1639 2443 1783 2498 Nihil
1823 2460 2050 2515 prorsus

476 2549 705 2590 necesse
731 2544 818 2590 est
845 2545 900 2590 te
926 2536 1168 2600 edoceri,
1202 2553 1325 2592 cum
1359 2537 1606 2607 epistolae
1635 2545 1745 2592 tuae
1785 2536 2050 2591 memine-

475 2626 553 2682 ris
586 2645 598 2680 :
629 2643 750 2697 qua:
773 2629 959 2684 ﬂorem
1001 2631 1222 2700 quidem
1269 2632 1503 2686 habebat
1538 2647 1700 2694 rosae,
1741 2638 1918 2685 totum
1948 2644 2050 2683 no-

475 2717 562 2771 bis
587 2716 953 2774 disertissima
986 2721 1173 2792 lingua
1202 2737 1296 2776 ver
1325 2721 1644 2793 expandens
1679 2741 1692 2777 :
1725 2721 1820 2776 sed
1850 2735 2046 2791 quere-

475 2809 545 2864 lis
567 2809 897 2879 quibusdam
934 2820 987 2866 et
1018 2815 1559 2883 expostulationibus
1601 2813 1892 2869 adversum
1922 2827 2045 2874 nos.

475 2901 698 2970 spinosa
732 2913 872 2958 erat.
906 2902 1012 2958 Sed
1043 2905 1175 2958 mihi
1207 2907 1477 2961 orationis
1505 2915 1610 2959 tuae
1643 2905 1727 2959 vel
1763 2903 1920 2973 spina
1951 2917 2047 2956 vo-

474 2991 669 3061 luptati
717 3001 839 3058 est,
906 2994 975 3049 ad
1034 2995 1213 3065 majus
1254 2996 1511 3052 amicitia:
1566 2994 1901 3052 desiderium
1958 2994 2046 3048 in—

471 3080 780 3138 ﬂammans.

900 3199 1234 3257 EPISTOLA
1275 3201 1453 3258 CCCX
1463 3201 1569 3257 LIII

2642 1591 2955 1658 Βασίλειος
2986 1593 3258 1658 Λιϐανίῳ.

2231 1704 2292 1755 Ol
2341 1701 2478 1773 πρὸς
2524 1701 2586 1755 τὸ
2635 1701 2788 1772 ῥόδον
2837 1701 3052 1773 ἔχοντες
3073 1742 3087 1766 ,
3119 1704 3196 1768 ὼς
3230 1705 3363 1769 τοὺς
3411 1707 3694 1775 φιλοκάλως

2088 1759 2132 1819 Β
2159 1795 2306 1858 εἰκὸς
2325 1835 2340 1859 ,
2371 1759 2491 1848 οὐδέ
2518 1759 2657 1869 πρὸς
2707 1759 3007 1858 αὑτὰςῧτὰς
3029 1759 3285 1860 -ἁΠκάντοας
3306 1838 3320 1862 ,
3340 1759 3435 1851 ’ὧᾷ

2157 1885 2440 1956 ὲκφύεται,
2468 1885 2900 1958 δυσχεραίνουσι.
2927 1887 3044 1941 ’Καί
3069 1905 3216 1953 τινος
3248 1889 3464 1960 ηκουσα
3491 1892 3693 1947 τοιοῦτόν

2153 1993 2207 2028 τι
2241 1976 2370 2048 περὶ
2398 1975 2579 2030 αὐτῶν
2611 1975 2900 2040 παίζοντος
2925 1977 3065 2048 τάχα
3085 2018 3103 2036 .
3128 1977 3161 2048 ἢ
3195 1979 3289 2031 καὶ
3313 1980 3690 2046 σπουδάζοντος·

2153 2069 2234 2122 δτι
2257 2108 2272 2132 ,
2304 2067 2558 2138 καθάπερ
2597 2069 2839 2139 ἐρωτικὰ
2861 2085 2981 2122 τινα
3009 2069 3281 2140 κνίσματα
3304 2074 3424 2134 τοῖς
3449 2074 3692 2142 ἐρασταῖς,

2151 2159 2252 2224 τὰς
2280 2159 2482 2224 λεπτὰς
2512 2161 2726 2224 ὲκείνας
2759 2159 3047 2232 ἀκάνθαςή
3082 2160 3245 2230 φύσις
3279 2162 3359 2232 τῷ
3385 2163 3534 2217 ἄνθει
3565 2181 3693 2233 προσ-

2151 2253 2353 2323 έφυσε,
2411 2253 2548 2326 πρὸς
2601 2253 2823 2325 μείζονα
2884 2252 3049 2306 πόθον
3095 2256 3208 2318 τοῖς
3249 2254 3576 2325 εὐπλήκτοις
3605 2255 3693 2325 (86)

2151 2347 2402 2416 κέντροις
2448 2347 2578 2410 τοὺς
2622 2345 2989 2417 δρεπομένους
3043 2345 3462 2416 ὑπερεθίζουσα.
3504 2347 3567 2399 Τί
3596 2347 3694 2417 βού-

2149 2440 2298 2493 λεταί
2339 2457 2428 2511 μοι
2465 2438 2578 2508 (87)
2611 2439 2673 2491 τὺ
2719 2438 2870 2510 ῥόδον
2895 2481 2910 2505 ,
2940 2439 3052 2502 τοῖς
3079 2437 3405 2510 γράμμασιν
3433 2442 3691 2508 ἐπεισαγό-

2153 2548 2309 2602 μενον
2335 2547 2349 2597 ;
2382 2531 2608 2593 Πάντως
2636 2530 2787 2585 οὐδὲν
2811 2529 2892 2583 δεῖ
2914 2547 2974 2583 σε
3011 2531 3352 2602 διδαχθῆναι,
3389 2533 3489 2603 τῆς
3515 2536 3693 2587 ἐπιστο-

2148 2623 2246 2692 λῆς
2277 2622 2627 2693 μεμνημένον
2657 2622 2758 2692 τῆς
2787 2622 2920 2692 σῆς,
2961 2622 2996 2694 ἢ
3037 2623 3098 2675 τὸ
3133 2623 3232 2694 μὲν
3276 2624 3437 2688 ἄνθος
3483 2621 3589 2695 εἶχε
3615 2625 3691 2678 τοῦ

2151 2716 2305 2786 ῥόδου
2326 2755 2341 2780 ,
2373 2715 2492 2769 ὃλον
2533 2717 2666 2787 ἡμῖν
2703 2715 2763 2768 τὸ
2794 2714 2894 2786 ἔαρ
2936 2718 3002 2786 τῇ
3032 2715 3332 2787 εὐγλωττίτξ⁵
3365 2715 3477 2787 (88)
3528 2717 3692 2771 διαπε-

2146 2809 2362 2863 τάσασα
2386 2849 2400 2874 ,
2436 2807 2678 2879 μέμψεσι
2707 2807 2765 2860 δέ
2787 2824 2894 2860 τισι
2935 2809 3027 2861 καὶ
3052 2807 3359 2878 ἐγκλήμασι
3407 2807 3530 2861 καθ’
3559 2807 3690 2878 ἡμῶν

2147 2899 2513 2971 ὲξηκὰνθωτο.
2557 2901 2696 2954 Ἀλλ’
2728 2901 2851 2972 ἐμοὶ
2883 2900 2993 2954 τῶν
3028 2900 3135 2954 σῶν
3166 2901 3339 2970 λόγων
3382 2901 3502 2955 καθ’
3527 2902 3690 2972 ἡδονήν

2146 2991 2384 3045 ἐστικαὶ
2417 2992 2724 3064 ήᾶκανθα,
2773 2992 2910 3064 πρὸς
2949 2992 3168 3064 μείζονα
3195 2992 3357 3047 πόθον
3401 2994 3502 3064 τῆς
3537 2993 3691 3063 φιλίας

2146 3081 2464 3139 ἐκκαίουσα.

2657 3199 2999 3253 ΕΠΙΣΤΟΛΗ
3033 3199 3208 3257 TMI".

1599 3323 1784 3370 Laudat
1802 3318 2026 3369 Libanius
2055 3315 2230 3369 Basilii
2252 3315 2587 3382 eloquentiam.

1002 3421 1256 3479 Libanius
1288 3423 1514 3480 Basilio.

542 3529 602 3585 Si
631 3531 734 3585 ista
772 3543 900 3588 sunt
946 3535 1146 3606 lingua:
1176 3537 1419 3604 incultae,
1460 3537 1642 3607 qualis
1670 3550 1842 3600 esses,
1891 3535 2039 3590 illam

469 3621 516 3674 si
560 3625 821 3680 acueres?
850 3625 967 3680 Tuo
1001 3629 1148 3682 enim
1199 3629 1254 3683 in
1303 3644 1399 3685 ore
1444 3630 1770 3700 eloquentia:
1800 3629 2042 3685 resident

470 3713 653 3771 fontes
695 3719 996 3773 rivulorum
1030 3719 1255 3777 liuentis
1296 3723 1710 3792 praestantiores
1738 3740 1751 3776 :
1781 3737 1884 3778 nos
1911 3736 2040 3777 vero

467 3806 574 3862 nisi
607 3809 852 3877 quotidie
881 3810 1196 3880 irrigemur,
1228 3823 1480 3884 superest
1503 3813 1810 3868 silentium.

885 4009 1220 4068 EPISTOLA
1242 4013 1536 4071 CCCXLIV
1563 4018 1650 4071 “'.

2619 3423 2896 3490 Λιϐάνιος
2938 3423 3248 3490 Βασιλείᾳ).

2215 3535 2279 3587 Εί
2310 3533 2481 3588 ταῦτα
2507 3533 2753 3605 γλώττης
2786 3536 3118 3606 ἀργοτέρας,
3163 3536 3247 3599 τίς
3291 3536 3355 3590 ἄν
3402 3537 3518 3608 εἴης
3545 3536 3688 3607 αὐτὴν

2145 3627 2400 3692 ἀκονῶν;
2440 3625 2543 3680 Σοῦ
2595 3627 2694 3698 μὲν
2739 3627 2848 3700 γὰρ
2895 3628 3004 3699 (89)
3051 3629 3110 3684 ὲν
3149 3629 3228 3701 τῷ
3279 3631 3510 3702 στόματι
3540 3631 3687 3698 λόγων

2145 3717 2353 3772 οἰκοῦσι
2421 3720 2637 3790 πηγαὶ,
2716 3719 3004 3791 κρείσσους
3071 3721 3330 3791 ναμάτων
3407 3722 3680 3795 ἐπιρροῆς·

2146 3813 2306 3881 ἡμεῖς
2335 3809 2392 3862 δὲ
2425 3811 2474 3863 εί
2529 3810 2604 3881 μὴ
2657 3810 2779 3864 καθ’
2824 3811 3036 3884 ἡμέραν
3087 3813 3421 3885 ἀρδοίμεθα,
3472 3815 3684 3868 λείπεται

2146 3903 2206 3955 τὸ
2238 3904 2416 3973 σιγᾷν.

2656 4019 2998 4073 ΕΠΙΣΤΟΛΗ
3038 4019 3210 4072 ΤΜΔθ.

1170 4123 1392 4184 Basilius
1405 4132 1780 4186 inexcusabilem
1798 4147 1903 4187 esse
1924 4133 2171 4188 Libanium
2195 4133 2453 4198 contendit,
2471 4134 2516 4185 si
2532 4134 2598 4185 ad
2615 4149 2667 4186 se
2690 4149 2782 4186 non
2814 4134 3008 4185 scribat.

991 4217 1232 4273 Basilius
1262 4218 1497 4277 Libanio.

537 4301 616 4355 Ad
655 4301 1020 4358 eruditionem
1064 4315 1210 4359 tuam
1259 4318 1319 4361 ut
1366 4326 1474 4364 non
1528 4310 1727 4366 crebro
1772 4313 2031 4378 scribam,

2613 4222 2930 4289 Βασίλειος
2963 4223 3232 4288 Λιϐανίῳ.

2213 4316 2285 4369 Τὸ
2338 4315 2412 4388 μὴ
2464 4313 2702 4385 συνεχῶς
2749 4331 2815 4384 με
2854 4313 3086 4384 γράφειν
3124 4314 3257 4385 πρὸς
3303 4315 3402 4385 τὴν
3448 4317 3545 4386 σὴν
3575 4315 3679 4367 παί-

2137 4409 2316 4462 δευσιν
2334 4448 2349 4472 ,
2382 4405 2624 4461 πείθουσι
2654 4406 2713 4459 τό
2753 4423 2814 4458 τε
2842 4404 2961 4468 δέος
2991 4405 3085 4458 καὶ
3121 4407 3154 4476 ἡ
3181 4405 3392 4476 ἀμαθία
3418 4424 3431 4436 ’
3472 4409 3531 4460 τὸ
3559 4408 3608 4460 δέ
3631 4423 3678 4459 σι

2137 4499 2585 4573 καρτερικώτατα
2643 4500 2888 4570 σιωπᾷν,
2943 4497 2995 4551 τί
3042 4498 3142 4569 τῆς
3185 4499 3452 4568 μέμψεως
3489 4499 3679 4571 ἐξαιρή-

465 4393 698 4449 ςυοὰοηι
740 4403 794 4451 et
823 4395 989 4450 timor
1015 4407 1069 4453 et
1103 4399 1416 4470 imperitia:
1444 4403 1591 4472 quod
1631 4420 1761 4460 vero
1812 4417 1869 4459 tu
1902 4420 2035 4460 con-

463 4485 801 4542 stantissime
834 4487 987 4555 siles,
1037 4491 1316 4561 quomodo
1363 4495 1846 4564 reprehensionem
1895 4497 2033 4553 ellu-

461 4580 578 4649 gies
599 4580 622 4632 ’ἔ
645 4577 806 4646 Quod
838 4582 884 4636 si
919 4581 1045 4652 quis
1076 4594 1149 4646 te,
1174 4584 1229 4638 in
1258 4584 1456 4640 litteris
1486 4587 1780 4654 viventem,
1815 4588 1881 4644 ad
1903 4592 2032 4645 scri-

2160 4605 2329 4656 rerat;
2381 4592 2445 4644 El
2498 4589 2556 4643 δέ
2605 4607 2691 4653 τις
2742 4587 3019 4658 λογίσαιτο
3065 4589 3125 4642 τὸ
3175 4591 3268 4642 καὶ
3321 4593 3380 4643 ὲν
3422 4591 3592 4660 λόγοις
3631 4605 3677 4642 σε

461 4669 699 4727 bendum
751 4649 968 4729 tardum
1017 4691 1142 4730 esse
1195 4691 1260 4730 ac
1306 4677 1519 4747 pigrum
1561 4649 2026 4750 consideraverit;

2160 4649 2355 4736 ιιοῦντα
2428 4682 2604 4735 ὀκνεῖν
2671 4649 3010 4735 έπιστέλλειν
3039 4721 3054 4744 ,
3123 4649 3546 4752 καταψηφιεῖταί
3573 4649 3678 4734 -σου

458 4764 558 4817 tibi
585 4765 916 4822 oblivionem
955 4768 1132 4823 nostri
1170 4769 1433 4825 ascribet.
1456 4769 1589 4824 Nam
1625 4772 1713 4826 cui
1745 4771 1928 4828 dicere
1973 4774 2029 4828 in

2160 4775 2303 4848 ,ἠθην
2334 4775 2432 4848 τὴν
2464 4775 2602 4847 πρὸς
2647 4776 2814 4847 ἡμᾶς.
2849 4768 2918 4846 ᾯ
2957 4773 3066 4845 γὰρ
3092 4774 3154 4826 τὸ
3179 4774 3360 4842 λέγειν
3392 4776 3676 4846 πρόχειρον,

458 4864 713 4928 promptu
747 4867 853 4924 est,
877 4860 923 4916 is
949 4876 1050 4916 nec
1072 4859 1139 4915 ad
1172 4861 1524 4917 scribendum
1550 4865 1870 4934 imparatus.
1903 4866 2030 4923 Haec

2160 4869 2231 4923 ta‘t
2280 4869 2340 4923 τὸ
2400 4867 2734 4922 ἐπιστέλλειν
2779 4868 2881 4922 οὐκ
2932 4868 3236 4939 ἀνέτοιμον.
3303 4868 3364 4921 'U
3420 4868 3480 4921 δὲ
3530 4865 3677 4921 ταῦτα

528 5079 707 5135 ‘Alias
741 5079 971 5137 CXLIX.

526 5153 565 5172 “
600 5151 750 5206 Alias
779 5152 884 5206 CL.

621 5223 771 5276 Alias
800 5222 926 5280 CLI.

523 5289 636 5359 (84)
669 5294 980 5364 Προείλου.
1012 5293 1154 5350 Editi
1184 5305 1308 5364 post
1339 5297 1480 5352 hanc
1504 5315 1689 5354 vocem
1719 5299 1925 5356 addunt
1945 5319 2024 5356 τι-

455 5361 753 5436 μῳρεῖσθαί
783 5381 850 5434 με
881 5364 1095 5436 βούλειν
1124 5361 1246 5436 quae
1279 5368 1477 5423 desunt
1507 5370 1560 5423 in
1605 5372 1858 5426 omnibus
1887 5389 2020 5428 mss.

453 5501 467 5512 ξ
525 5431 634 5514 (85)
677 5431 1058 5493 Ἀπὸλαῦσαι.
1083 5431 1160 5490 Ita
1186 5453 1278 5492 sex
1311 5455 1441 5494 mss.
1465 5440 1703 5497 codices.
1733 5442 1870 5496 Editi
1892 5445 2025 5496 ἁπο-

454 5513 707 5582 ι.αυ¹ειν.-
860 5575 873 5582 Δ
1095 5575 1114 5582 _
2129 5513 2411 5582 γλωττίας.

525 5571 636 5640 (86)
662 5574 1060 5654 ῌύπλήνςτοις.
1095 5575 1401 5654 legendum
1435 5579 1647 5654 videtur
1685 5582 2018 5648 εὐπλέκτοις.

2200 5583 2312 5654 (89)
2344 5571 2462 5654 Σοῦ
2495 5583 2612 5652 μὲν
2645 5586 2788 5654 γάρ.
2811 5580 3124 5654 Harlzeanus
3153 5589 3206 5654 et
3250 5581 3558 5654 Anglicanus

454 5637 1056 5725 lieg._'pritnus:liabét
1091 5637 1404 5725 ὀιπλήκτοις.
1458 5650 1922 5725 Regrsecundus
1969 5637 2023 5708 et

2160 5637 2229 5708 ιὲν
2255 5637 2384 5725 γᾶρ.
2422 5637 3040 5725 ίηίτιήείὰἑεέινὲπιρῤοῆς
3064 5653 3120 5725 i_n
3155 5637 3402 5707 Medicz'éo
3427 5660 3482 5725 et
3505 5649 3649 5701 Coisl.

453 5711 624 5768 Coisl.
661 5715 933 5772 secundus
985 5711 1305 5788 ἀπράκτοις,
1341 5711 1460 5789 quae
1509 5711 1779 5793 scriptura
1819 5724 2021 5780 arridet
2130 5711 2390 5780 Secuiid'o.
2424 5723 2624 5781 Ibidem
2646 5724 2776 5781 editi
2802 5711 2931 5794 ἡμῖν
2950 5711 3033 5776 δέ’.
3059 5722 3162 5778 Sex
3193 5738 3321 5778 mss.
3352 5730 3405 5775 ut
3430 5723 3480 5775 in
3500 5727 3647 5774 testa.

2132 5090 2483 5153 Combelisio,
2515 5106 2579 5145 ac
2604 5089 2937 5146 reddendum
2962 5097 3136 5160 putat,
3163 5089 3375 5160 Arateis
3395 5107 3544 5144 casso
3573 5089 3672 5143 ul-

2132 5178 2253 5215 nere
2275 5162 2671 5216 deterrentibus.
2705 5161 2871 5216 Coisl.
2900 5159 3106 5230 primus
3137 5159 3453 5230 ἀπλήστοις.

2205 5232 2316 5303 (87)
2352 5233 2717 5296 Τίβούλεταί
2731 5249 2854 5300 μοι,
2886 5228 2992 5285 etc.
3033 5229 3172 5283 Editi
3197 5228 3379 5300 τίμοι
3416 5228 3667 5353 Emped};-

2205 5321 2220 5353 ι
2251 5305 2364 5353 τοῖς
2395 5303 2682 5353 γράμμασι
2713 5301 2775 5353 τὸ
2809 5301 2956 5353 ῥόδον
2989 5301 3436 5353 ἐπεισαγόμενονε
3517 5314 3666 5353 am

2132 5320 2220 5374 ται
2240 5301 2364 5374 τοῖς
2395 5303 2682 5374 γράμμασι
2713 5301 2775 5354 τὸ
2808 5301 2956 5373 ῥόδον
2989 5301 3436 5374 ἐπεισαγόμενονς
3472 5301 3666 5358 Πάντως

2131 5371 2524 5453 οὐδέν-σειρῇ
2553 5371 2962 5453 Quatuor‘r'r‘tss.
2990 5379 3050 5424 ut
3079 5371 3132 5424 in
3169 5379 3339 5453 textu;

2202 5443 2310 5513 (88)
2346 5438 2444 5511 Τῇ·
2467 5438 2809 5512 ἐὺγλωττίᾳ.
2846 5441 2937 5496 Sic
2975 5457 3106 5496 mss.
3145 5456 3258 5496 sex.
3311 5439 3448 5494 Editi
3473 5443 3564 5510 τῆς
3588 5438 3663 5490 si;-
