3810 6480
76 353 183 410 1099

891 345 1373 403 Εριετυιλιιωι
1405 346 1789 403 CLASSISIII.
1823 345 2036 402 EPIST.
2068 346 2362 403 CCCXLV.

3112 346 3133 399 Ι
3144 341 3252 402 090

75 468 387 540 κεκτημένος,
439 462 558 521 εἶτα
607 465 806 536 σιγῶν,
854 463 1077 538 εὔδηλον
1108 466 1184 530 ὡς
1231 465 1501 538 ὑπεροψίᾳ
1545 465 1578 537 ἢ

1682 472 1867 521 autem
1897 465 1989 536 qui
2014 466 2278 536 possidet,
2315 475 2370 520 et
2389 472 2571 520 tamen
2601 464 2748 526 silet.
2778 464 3132 536 perspicuum
3165 474 3253 520 est

73 563 180 634 λήθῃ
220 558 367 614 τοῦτο
411 562 575 614 ποιεῖ.
621 557 761 627 Ἐγὼ
793 557 851 611 δέ
906 574 1002 611 σου
1048 557 1148 629 τὴν
1185 557 1396 630 σιωπὴν
1425 557 1584 628 ἀμεί-

71 653 207 721 ψομαι
233 653 544 721 προσρήσει.
599 649 773 720 Χαῖρε
821 648 1001 702 τοίνυν
1033 687 1049 712 ,
1109 648 1404 719 τιμιώτατε
1430 689 1446 714 ,
1491 647 1585 701 καὶ

72 741 214 812 γράφε
257 743 302 794 εί
353 739 558 810 βούλοιο
587 754 602 770 ⁶
651 740 748 794 καὶ
797 741 872 812 μὴ
923 739 1142 811 γράφε,
1195 741 1246 794 εί
1298 738 1455 794 τοῦτό
1501 755 1585 792 σοι

73 832 337 905 προσφιλές.

519 990 860 1047 ΕΠΙΣΤΟΛΗ
903 991 1084 1048 TME’.

1687 570 1812 612 eum
1853 564 1949 613 aut
1986 573 2054 612 ex
2101 564 2423 627 contemptu
2463 565 2559 611 aut
2596 572 2662 612 ex
2712 557 2991 611 oblivione
3037 556 3142 611 hoc
3173 554 3255 609 fa-

1687 663 1832 708 cere.
1860 648 1974 720 Ego
2021 657 2204 704 autem
2235 649 2458 705 silentio
2500 656 2596 703 tuo
2629 648 3013 705 salutationem
3065 662 3254 717 repen-

1686 739 1834 794 dam.
1869 740 2032 796 Salve
2065 740 2271 810 itaque,
2300 740 2386 795 vir
2413 739 2666 811 inprimis
2703 739 2953 804 colende,
2984 746 3038 794 et
3068 737 3252 794 scribe

1687 831 1735 887 si
1760 831 1999 888 volueris
2030 849 2044 887 :
2075 841 2131 887 et
2160 847 2230 887 ue
2269 832 2506 896 scribas,
2537 833 2592 887 id
2630 833 2677 888 si
2713 833 2812 888 tibi
2847 833 2922 886 ita
2957 829 3245 902 placuerit.

2111 991 2448 1048 EPISTOLA
2487 991 2663 1053 CCCX
2673 992 2757 1046 LV
2783 997 2822 1050 '.

72 1127 104 1178 Ν
111 1137 181 1176 ιιηι
193 1119 386 1186 primum
413 1119 632 1173 Libanius
655 1121 818 1191 scribit
844 1122 1039 1196 Basilio.
1066 1122 1350 1196 Meminit”
1368 1120 1640 1196 olimjllius
1663 1122 1852 1196 eloquio
1875 1123 2015 1194 uelde
2034 1125 2336 1196 delectatum,
2357 1125 2443 1176 sed
2463 1132 2632 1196 tamen.
2641 1125 2904 1190 aliquando
2925 1125 3157 1192 injuriam
3186 1127 3252 1181 ab

517 1197 574 1236 eo
595 1185 852 1248 accepisse,
876 1186 1002 1248 quod
1028 1199 1080 1236 se
1103 1183 1152 1236 in
1173 1186 1468 1251 profundum
1484 1185 1734 1238 Homerici
1751 1183 1938 1250 luroris
1962 1194 2158 1252 rogatus
2177 1186 2480 1237 introducere
2501 1183 2742 1238 noluisset.

493 1317 764 1385 Λιϐάνιος
797 1318 1110 1384 Βασιλείᾳ).

125 1454 310 1510 Μᾶλλον
361 1454 444 1507 ὅτι
506 1451 583 1524 μὴ
633 1452 800 1507 πάλαι
855 1469 937 1506 σοι
995 1453 1230 1524 γράφειν
1285 1452 1578 1526 ἠρξάμην,

69 1543 184 1617 οἶμαί
219 1562 302 1616 μοι
332 1546 440 1600 δεῖν
477 1543 872 1629 άπολογίας,ἧ
910 1544 1008 1598 νῦν
1048 1545 1466 1616 παραιτήσεως,
1495 1546 1579 1598 ὅτι

69 1640 188 1692 τοῦτο
217 1639 318 1708 (90)
357 1639 529 1690 ποιεῖν
577 1635 850 1707 ἠρξάμην.
914 1635 1054 1706 Ἐγὼ
1111 1637 1218 1707 γὰρ
1266 1637 1471 1698 ἐκεῖνος
1498 1678 1512 1702 ,
1549 1637 1579 1688 ὁ

71 1731 330 1804 τροσθέων,
363 1729 527 1783 ὁπότε
573 1729 832 1800 φανείης,
875 1729 970 1784 κα).
1001 1729 1077 1792 ὡς
1127 1729 1316 1799 ἣδιστα
1363 1727 1577 1798 ὑπέχων

2208 1315 2463 1369 Libanius
2495 1314 2722 1371 Basilio.

1757 1451 1929 1523 Magis
1959 1451 2199 1506 arbitror
2231 1451 2362 1505 milii
2387 1466 2525 1522 cpus
2555 1467 2678 1509 esse
2706 1454 3082 1520 excusatione,
3103 1455 3254 1528 quod

1684 1557 1793 1597 non
1837 1543 1967 1597 olim
2010 1541 2079 1596 ad
2126 1550 2179 1598 te
2223 1543 2466 1598 scribere
2520 1545 2864 1614 incmperim,
2897 1563 3063 1617 quam
3107 1565 3254 1605 nunc

1681 1634 2048 1696 recusatione,
2080 1634 2226 1703 quod
2253 1633 2498 1689 scribere
2534 1634 2812 1704 incipiam.
2840 1635 2954 1707 Ego
2984 1639 3129 1694 enim
3162 1641 3256 1696 ille

1683 1741 1826 1789 sum,
1851 1725 1947 1795 qui
1975 1725 2352 1791 accurrebam,
2378 1725 2544 1797 458
2563 1728 2780 1797 quoties
2805 1729 2861 1783 in
2895 1740 3254 1801 conspectum

69 1826 117 1878 τὰ
140 1817 236 1877 ὦτα
261 1823 335 1894 τῷ
364 1821 598 1895 ῥεύματι
648 1821 744 1892 τῆς
777 1819 1053 1892 γλώττης,
1089 1820 1182 1874 καὶ
1213 1819 1460 1888 λέγοντος
1496 1819 1584 1871 εύ-

1683 1817 1955 1889 prodires,
1979 1827 2034 1872 et
2059 1832 2220 1887 quam
2259 1820 2590 1874 suavissime
2611 1834 2775 1875 aures
2810 1823 3117 1890 pmbebam
3143 1825 3254 1880 lin-

72 1913 371 1987 ςραινόμενος
388 1951 404 1976 ,
447 1915 544 1965 καὶ
583 1911 735 1983 μόλις
773 1909 1275 1980 ἀπαλλαττόμενος,
1319 1910 1416 1964 κα)⁵
1445 1908 1581 1982 πρὸς

70 2007 163 2069 τοὺς
195 2005 426 2076 ἑταίρους
456 2003 668 2072 λέγων,
701 2001 777 2066 ὡς
814 1997 981 2064 Οὗτος
1008 2002 1147 2075 ἀνὴρ
1183 2001 1421 2074 τοσούτῳ
1452 2002 1585 2057 καλ-

70 2097 163 2149 λίων
209 2095 307 2150 τῶν
367 2094 634 2166 Ἀχελῴου
687 2093 1000 2164 θυγατέρων
1024 2133 1040 2157 ,
1097 2095 1206 2164 ὅσῳ
1252 2095 1429 2164 θέλγει
1484 2094 1582 2165 μὲν

71 2181 176 2257 ᾗπερ
201 2185 296 2256 (91)
330 2187 536 2238 ἐκεῖναι
563 2223 578 2248 ,
621 2183 847 2254 βλάπτει
875 2183 933 2236 δὲ
983 2184 1080 2254 οὐχ
1131 2184 1318 2257 ὥσπερ
1352 2187 1579 2242 ἐκεῖναι.

71 2279 148 2330 Καὶ
173 2278 348 2348 μικοόν
375 2294 437 2347 γε
468 2277 534 2330 τὸ
590 2277 664 2348 μὴ
698 2277 989 2348 βλάπτεινο
1029 2277 1145 2331 ἀλλ’
1179 2278 1262 2332 ὅτι
1312 2277 1380 2332 τὰ
1426 2278 1582 2332 τοῦδε

72 2371 173 2440 μέλη
207 2369 382 2442 κέρδὸς
419 2370 501 2442 τῷ
547 2368 848 2440 δεξαμένῳ.
892 2369 995 2422 Τὸν
1036 2365 1129 2423 οὖν
1180 2369 1349 2433 οὕτως
1391 2369 1584 2440 ἔχοντά

71 2477 119 2530 με
142 2461 336 2533 γνώμης
361 2500 375 2526 ,
406 2460 696 2532 νομίζοντα
729 2459 786 2512 δὲ
825 2461 919 2514 καὶ
965 2459 1268 2530 φιλεῖσθαι,
1307 2460 1484 2531 λέγειν
1524 2463 1583 2516 δέ

69 2551 275 2606 δοκοῦντα
313 2552 384 2624 μὴ
433 2551 640 2624 τολμᾷν
683 2551 1050 2618 ἐπιστέλλειν,
1097 2552 1328 2623 ἐσχάτης
1361 2552 1578 2625 ἀργίας,

68 2644 136 2695 καὶ
157 2644 280 2697 τοῦτ’
311 2645 375 2699 ἂν
407 2645 494 2717 εἴη
531 2645 647 2716 ἃμα
694 2643 1017 2715 ζημιοῦντος
1057 2645 1219 2698 αὐτόν
1247 2645 1379 2715 (9%).
1413 2645 1581 2717 Δῆλον

69 2735 171 2805 γὰρ,
202 2737 269 2801 ὡς
297 2737 500 2809 ἀμείψῃ
535 2755 633 2808 μου
659 2737 757 2808 τὴν
790 2736 1077 2808 ἐπιστολὴν
1104 2736 1201 2807 τὴν
1251 2735 1454 2806 μικρὰν
1485 2738 1581 2792 καὶ

67 2827 232 2900 φαύλην
260 2830 391 2901 καλῇ
429 2847 492 2883 τε
525 2831 618 2883 καὶ
650 2829 858 2901 μεγάλῃ
879 2869 894 2890 ,
923 2829 1018 2882 καὶ
1043 2827 1253 2900 φυλάξῃ
1281 2827 1472 2898 δήπου,
1503 2830 1578 2901 μή

70 2935 117 2987 με
159 2920 238 2973 καὶ
289 2920 540 2991 δεύτερον
571 2920 782 2991 ἀδικῇς.
826 2915 994 2991 Οἶμαι
1040 2917 1149 2989 γὰρ
1183 2918 1296 2990 (95)
1349 2919 1581 2984 πολλοὺς

67 3007 302 3080 Macen:
351 3013 487 3084 πρὸς
522 3012 583 3064 τὸ
635 3012 787 3082 ῥῆμα
835 3011 926 3064 καὶ
970 3009 1393 3082 περιστήσεσθαι
1442 3011 1581 3081 πρὸς

66 3100 115 3151 τὰ
135 3102 401 3173 πράγματα
435 3103 806 3174 κεκραγότας·
835 3101 1113 3164 Βασίλειος
1136 3101 1362 3174 ἠδίκηκέ
1390 3119 1442 3154 τι
1473 3102 1576 3155 κᾶν

69 3193 284 3263 σμικρόν;
331 3194 529 3247 οὐκοῦν
581 3195 676 3247 καὶ
723 3193 956 3258 Αἰακὸς,
1009 3193 1104 3246 καὶ
1148 3193 1368 3258 Μίνως,
1414 3194 1508 3247 καὶ
1548 3195 1578 3246 ὁ

67 3280 213 3334 τούτου
240 3283 290 3336 δὲ
319 3285 564 3354 ἁδελφός.
603 3283 743 3352 Ἐγὼ
776 3285 833 3338 δέ
873 3302 931 3337 σε
973 3286 1038 3355 τῇ
1077 3284 1174 3355 μὲν
1205 3283 1338 3355 ἄλλῃ
1370 3300 1579 3355 νενικη-

68 3372 182 3425 κέναι
205 3376 455 3449 συγχωρῶ
477 3392 492 3406 ο
525 3375 609 3439 τίς
635 3376 691 3429 δὲ
727 3375 848 3429 ίδὼν
885 3374 944 3429 τέ
973 3392 1030 3428 σε
1052 3415 1067 3440 ,
1100 3375 1194 3429 καὶ
1235 3375 1295 3428 ού
1324 3374 1531 3444 φθονῶν
1558 3367 1588 3442 ;’

71 3462 140 3513 Ἔν
162 3463 210 3517 δέ
230 3465 278 3518 τί
312 3483 390 3519 σοι
423 3465 777 3538 ἡμαρτῆσθαι
816 3465 951 3537 πρὸς
984 3466 1129 3536 ἡμᾶς
1149 3505 1163 3529 ,
1199 3465 1301 3519 κάν
1334 3482 1393 3518 σε
1432 3463 1575 3518 τοῦτ’

67 3552 308 3628 ἀναμνήσω
327 3599 343 3625 ,
403 3556 561 3611 πεῖθε
610 3557 735 3621 τοὺς
790 3556 1231 3625 ἀγανακτοῦντας
1288 3557 1362 3628 μὴ
1426 3557 1574 3629 βοᾷν.

67 3643 210 3708 Obesi;
239 3662 314 3700 σοι
359 3645 676 3718 προσελθὼν
730 3648 826 3700 καὶ
870 3646 1030 3718 χάριν
1064 3647 1392 3716 ἐπαγγείλας
1430 3647 1574 3718 (94),

67 3733 111 3803 ἦν
130 3735 284 3792 δοῦναι
315 3741 512 3811 ῥᾷστον
532 3778 547 3802 ,
573 3740 776 3812 ἀτυχὴς
804 3739 1066 3811 ἀπῆλθεν.
1101 3742 1231 3811 Εἰμὶ
1262 3741 1438 3795 τοίνυν
1464 3741 1573 3812 (95)

66 3824 142 3878 τῶν
171 3827 311 3900 χάριν
339 3830 681 3902 αἰτησάντων
711 3831 839 3902 μὲν,
865 3832 925 3884 ού
960 3831 1232 3886 λαϐόντων
1268 3831 1344 3886 δέ.
1382 3831 1446 3885 Τί
1482 3828 1576 3886 οὖν

65 3916 219 3984 (tow;
248 3921 511 3986 Πολλάκις
537 3923 595 3975 ἐν
641 3923 952 3996 στρατηγίῳ
986 3923 1098 3995 (96)
1130 3939 1212 3977 σοι
1241 3924 1576 3994 συγγενόμε-

66 4023 152 4070 νος,
177 4009 468 4085 ἠϐουλήθην
499 4013 610 4083 (97)
644 4013 732 4069 διὰ
771 4015 872 4084 τῆς
908 4015 1011 4086 σῆς
1043 4016 1235 4086 σοφίας
1265 4018 1344 4080 εἰς
1373 4017 1434 4070 τὸ
1477 4016 1574 4088 βά-

66 4093 130 4156 θος
150 4097 236 4168 τῆς
271 4101 508 4176 Ὀμήρου
555 4102 750 4173 μανίας
793 4104 1072 4159 είσελθεῖν.
1107 4106 1169 4158 Εί
1197 4105 1254 4158 δὲ
1290 4106 1353 4160 τὸ
1382 4108 1486 4161 πᾶν
1513 4107 1574 4161 οὐ

63 4182 264 4255 δυνατὸν,
293 4191 355 4244 σὺ
406 4193 464 4246 δὲ
498 4191 614 4246 ἀλλ’
651 4194 732 4256 είς
778 4193 941 4265 μέρος
995 4196 1140 4266 ἡμᾶς
1174 4195 1432 4266 εἰσάγαγε
1479 4197 1574 4250 τοῦ

64 4275 242 4348 κλήρου.
271 4284 484 4352 Μέρους
512 4284 569 4337 δὲ
606 4285 946 4357 ἐπεθύμουν,
979 4286 1037 4340 ἐν
1073 4279 1118 4356 ᾧ
1158 4287 1264 4340 τῶν
1306 4288 1574 4360 Ἑλλήνων

64 4369 207 4432 κακῶς
249 4377 600 4448 πεπραχότων
649 4378 758 4448 (98)
778 4419 794 4446 ,
843 4379 901 4433 ὃν
954 4379 1173 4452 ὕϐρισεν
1216 4381 1574 4452 Ἀγαμέμνων

1602 3153 1644 3212 C

1681 1925 1800 1980 gua:
1840 1908 2084 1973 ﬂuentis,
2113 1918 2274 1980 teque
2300 1910 2518 1968 dicente
2550 1911 2884 1980 delectabar,
2923 1916 3126 1986 vixque
3157 1933 3254 1973 se-

1681 2002 1965 2065 cedebam,
2001 2011 2168 2073 atque
2192 2003 2260 2057 ad
2292 2003 2510 2059 sodales
2537 2003 2784 2058 dicebam
2816 2023 2829 2060 :
2863 2005 2963 2060 llic
2995 2008 3078 2061 vir
3099 2015 3254 2063 tanto

1681 2093 2032 2161 praestantior
2071 2094 2294 2148 Acheloi
2344 2093 2582 2158 filiabus,
2621 2104 2828 2166 quanto
2877 2099 3080 2156 mulcet
3122 2101 3253 2172 qui-

1681 2184 1803 2238 dem
1836 2194 1894 2239 ut
1926 2184 2046 2247 illae,
2103 2201 2206 2240 nec
2240 2193 2422 2241 tamen
2456 2194 2518 2240 ut
2548 2188 2656 2243 illa:
2687 2189 2857 2244 laedit.
2890 2189 2957 2244 Et
2984 2206 3120 2250 sane
3151 2208 3253 2264 pa—

1682 2289 1804 2328 rum
1857 2284 1942 2331 est
1980 2291 2089 2331 non
2142 2277 2357 2343 laedere,
2414 2277 2522 2332 imo
2571 2279 2718 2337 illius
2764 2283 3055 2340 cantilenae
3094 2286 3251 2341 lucro

1682 2373 1812 2421 sunt
1852 2365 2114 2422 audienti.
2149 2367 2286 2421 Cum
2331 2368 2496 2439 igitur
2522 2370 2597 2424 ita
2631 2371 2745 2425 ~sim
2777 2374 2965 2430 animo
2995 2375 3246 2442 affectus,

1681 2473 1875 2528 meque
1903 2458 2058 2529 diligi
2087 2460 2399 2516 existimem
2431 2470 2485 2518 et
2515 2462 2733 2519 dicendi
2764 2464 3023 2524 facultate
3049 2473 3250 2540 praedi-

1683 2557 1772 2604 tus
1817 2549 2028 2614 videar,
2059 2551 2302 2607 scribere
2335 2569 2443 2607 non
2489 2556 2690 2611 audere
2733 2565 2996 2616 extremae
3035 2562 3252 2619 inertia)

1681 2639 1868 2705 fuerit,
1894 2641 2169 2711 simulque
2193 2642 2435 2699 hominis
2469 2645 2683 2715 sibiipsi
2709 2646 2970 2704 damnum
3005 2650 3252 2709 inferen-

1679 2730 1772 2784 tis.
1809 2728 2003 2802 Liquet
2033 2733 2176 2788 enim
2211 2731 2349 2798 fore,
2399 2744 2458 2789 ut
2491 2752 2667 2792 meam
2693 2739 2981 2808 epistolam
3022 2759 3249 2813 parvam

1680 2828 1734 2875 et
1765 2821 1929 2876 vilem
1952 2823 2178 2892 pulchra
2200 2831 2254 2879 et
2277 2825 2470 2895 grandi
2498 2831 2893 2893 remunereris,
2924 2847 3248 2903 caveasque,

1680 2928 1750 2969 ne
1780 2915 1913 2968 mihi
1945 2914 2143 2970 iterum
2173 2916 2433 2985 injuriam
2471 2917 2664 2975 facias.
2712 2919 2975 2991 Equidem
3013 2925 3252 2982 arbitror

1682 3006 1882 3063 multos
1911 3008 2320 3063 exclamaturos
2349 3024 2474 3065 esse
2497 3009 2564 3064 ad
2593 3011 2696 3066 hoc
2717 3014 2964 3079 verbum,
2992 3025 3045 3072 et
3074 3018 3141 3072 ad
3162 3035 3251 3075 res

1682 3098 1830 3167 ipsas
1874 3115 2265 3166 concursuros,
2301 3102 2706 3160 vociferantes:
2743 3105 3053 3166 Basiliusne
3105 3112 3251 3182 inju-

1677 3190 1816 3244 riain
1855 3192 1938 3246 vel
1969 3193 2139 3248 levem
2179 3195 2403 3249 intulit?
2433 3195 2575 3267 Ergo
2601 3207 2656 3253 et
2696 3197 2923 3267 Alaeus,
2953 3212 3008 3258 et
3047 3202 3250 3270 Minos,

1677 3292 1731 3338 et
1763 3285 1922 3353 hujus
1967 3285 2153 3341 frater.
2183 3287 2299 3358 Ego
2341 3297 2523 3344 autem
2556 3298 2609 3347 te
2655 3291 2712 3345 in
2759 3295 2985 3365 reliquis
3029 3297 3249 3367 quidem

1675 3375 1939 3431 victorem
1972 3375 2144 3434 fuisse
2195 3381 2478 3446 concedo;
2533 3383 2658 3453 quis
2700 3384 2846 3439 enim
2899 3394 2952 3441 te
2998 3387 3153 3453 vidit,
3195 3397 3249 3446 et

1675 3478 1786 3520 non
1815 3465 2055 3520 invidit?
2085 3465 2192 3522 Sed
2224 3474 2406 3523 tamen
2452 3486 2620 3524 unum
2651 3471 2704 3524 in
2736 3487 2840 3527 nos
2878 3477 3141 3543 peccasti.
3173 3476 3249 3535 De

1676 3569 1786 3624 quo
1816 3555 2037 3626 quidem
2075 3558 2122 3617 si
2150 3564 2204 3612 te
2232 3557 2582 3624 admoneam,
2613 3563 2884 3632 persuade
2914 3565 3249 3638 indignantia

1675 3647 1780 3704 bus
1821 3653 1881 3701 ut
1926 3663 1996 3705 ne
2029 3649 2425 3706 vociferentur.
2477 3650 2650 3708 Nemo
2696 3663 2783 3709 est
2822 3656 2916 3724 qui
2955 3665 3008 3712 te
3047 3673 3247 3715 conve-

1677 3739 1837 3796 niens
1861 3753 1925 3795 ac
1965 3740 2294 3797 beneficium
2335 3751 2552 3814 petens,
2595 3748 2741 3817 quod
2775 3747 2892 3802 dari
2926 3749 3089 3806 facile
3112 3768 3247 3823 pos-

1676 3833 1769 3897 sit,
1810 3833 1924 3888 voti
1950 3847 2178 3905 compos
2217 3851 2326 3890 non
2357 3837 2574 3894 abierit.
2606 3840 2772 3910 Atqui
2813 3857 2916 3910 ego
2946 3858 3014 3898 ex
3049 3859 3242 3902 eorum

1676 3940 1909 3981 numero
1955 3941 2102 3991 sum,
2151 3929 2246 3998 qui
2295 3929 2619 3986 beneficium
2666 3933 2943 4003 petierunt
3003 3937 3243 4007 quidem,

1676 4018 1773 4076 sed
1801 4034 1911 4074 non
1942 4031 2298 4092 acceperunt.
2331 4022 2475 4089 Quid
2508 4024 2676 4095 igitur
2703 4027 3015 4096 postulavi?
3042 4031 3246 4088 Tecum

1675 4112 1730 4166 in
1765 4113 2021 4183 praztorio
2070 4129 2195 4169 cum
2231 4131 2375 4185 saepe
2403 4132 2671 4183 versarer,
2717 4122 2902 4190 optavi
2928 4133 2988 4179 ut
3035 4123 3249 4196 sabien-

1675 4205 1764 4259 tia:
1794 4212 1900 4260 tua;
1917 4221 2019 4277 ope
2044 4206 2099 4261 in
2138 4207 2471 4277 profundum
2507 4207 2780 4266 Homerici
2817 4212 3024 4271 furoris
3068 4216 3244 4272 intro-

1675 4295 1831 4350 irem.
1856 4296 2008 4362 Quod
2038 4299 2106 4360 si,
2131 4299 2367 4365 aiebam,
2395 4307 2571 4355 totum
2603 4302 2658 4358 id
2676 4303 2866 4373 perlici
2898 4321 3007 4360 non
3034 4317 3240 4378 potest,

1675 4395 1730 4442 at
1757 4395 1812 4441 tu
1838 4395 2020 4443 tamen
2050 4389 2104 4444 in
2137 4398 2347 4461 partem
2389 4394 2558 4450 sortis
2588 4410 2690 4450 nos
2720 4396 3069 4456 introducas.
3106 4399 3245 4456 Con-

64 4455 307 4561 ξθεράπευε
342 4467 556 4541 δώροις.
609 4467 772 4521 Ταῦτ’
821 4471 954 4540 ἐμοῦ
1007 4469 1286 4539 λέγοντος,
1344 4472 1568 4541 ἐγέλας,

1682 4479 2022 4547 rupiscebam
2083 4491 2262 4538 autem
2315 4493 2523 4555 partem
2579 4487 2770 4553 illam,
2829 4490 2886 4544 in
2948 4507 3054 4561 qua
3117 4509 3243 4548 cum

63 4545 292 4616 ἀρνεῖσθαι
325 4558 422 4628 μὲν
468 4559 568 4613 ούκ
608 4558 746 4630 ἔχων
769 4600 784 4625 ,
818 4559 892 4624 ὼς
929 4561 1027 4614 οὐκ
1061 4561 1127 4616 ἂν
1167 4561 1350 4617 δύναιο
1383 4564 1573 4635 βουλη-

63 4634 169 4703 θεὶς,
191 4643 525 4719 δωρήσασθαι
550 4649 607 4703 δὲ
628 4652 728 4704 οὐκ
763 4650 984 4707 ἐθέλων.
1025 4648 1173 4724 Ἀρά
1203 4671 1286 4707 σοι
1331 4656 1426 4709 καὶ
1459 4634 1572 4722 τοῖς

111 4835 203 4908 (90)
232 4842 352 4908 ΪὈτι
376 4847 573 4902 τοῦτο.
608 4846 699 4902 Sic
727 4864 858 4904 mss.
894 4864 1009 4904 sex.
1042 4849 1182 4905 Editi
1210 4851 1298 4904 ὅτε
1330 4851 1506 4908 τοῦτο.

113 4898 204 4991 eis
227 4898 436 4991 ᾟπερς
454 4898 1012 4991 statsgtrgs'tiéé;
1042 4898 1233 4991 ῑιῖάῑετ
1246 4898 1418 4991 ait;
1436 4898 1566 4979 ξῑῑιε.

59 4967 200 5059 pagg;
217 4967 330 5059 pg...
344 4967 495 5059 -εςιξειῑ
507 4967 753 5059 πέντε
765 4967 880 5044 τάς·
894 4967 1026 5046 iis.
1047 4967 1212 5046 '35:;
1224 4967 1566 5050 ιῖῐῦῖὶέὲὶῐζ

111 5044 232 5129 (92)·
248 5053 530 5123 Ἐσχὰτης
573 5044 803 5130 ἀρπὲίάς,
850 5061 946 5114 καὶ
965 5044 968 5045 ⁷
990 5044 1146 5115 τοῦτ’
1163 5044 1174 5046 ⁷
1193 5044 1280 5114 ἀν’
1313 5044 1408 5130 ἐτη
1425 5044 1572 5129 ᾖ)ὶά

59 5105 1088 5210 ﬁt}?gnsc'atggjrage’eggiaan};
1099 5105 1570 5210 ξςχξιέηξργὲῖειξ

59 5188 258 5269 τθῗξξιᾶἶ
269 5188 382 5269 ἔτή,
412 5197 504 5269 κα)
531 5188 643 5269 ἅμα
676 5188 993 5269 ζημιοῦντος
1019 5188 1201 5256 αύτόί
1235 5188 1390 5258 Εὖῖτλ

59 5254 386 5390 “gagates;
423 5254 936 5337 rdp.‘ua'ébdices
973 5254 1113 5326 inss.
1163 5254 1389 5342 septeni;
1424 5273 1566 5330 Editi

84 5335 175 5384 ιμαι
195 5335 264 5384 δέ.

112 5393 403 5482 (θίλΧάριν
433 5408 809 5482 ἐπαγγείλας.
852 5408 984 5482 Reg.
1013 5412 1284 5469 secundus
1311 5420 1366 5468 et
1396 5412 1562 5473 Coisl.

60 5467 292 5551 δθςξξειμιξξ
305 5467 928 5551 ’άπαγγείλας-[ιᾼιιέιὶιιεῙ.

229 5542 355 5625 Egit
382 5533 604 5625 τὸῥιυν.
623 5533 781 5604 Ἐῗᾱίιὶ
806 5533 1015 5625 addunt
1041 5553 1172 5625 ἐγώ,
1201 5569 1295 5609 seo
1319 5567 1418 5625 hoc
1443 5571 1568 5625 pro-

57 5609 214 5689 [totum
259 5609 412 5689 deest
444 5617 497 5671 in
525 5629 754 5689 septem
799 5622 1004 5677 nostris
1048 5609 1347 5680 codicibus.
1397 5609 1565 5680 Paullo

59 5679 264 5762 [supr-0
292 5685 498 5762 μανίας.
523 5679 808 5762 [esélldum
840 5693 1112 5761 μαντείας,
1135 5694 1185 5748 id
1215 5679 1320 5760 esti
1359 5679 1565 5751 divina-

57 5742 201 5810 ιεοηεε,
230 5742 498 5811 existimat
522 5742 909 5826 casteria“;
927 5742 1562 5835 serietagaynréaai-

1672 4571 1848 4627 Graeci
1877 4572 2094 4628 fortuna
2119 4575 2351 4632 adversa
2373 4587 2678 4647 uterentur,
2701 4581 3076 4653 Agamemnon
3094 4584 3245 4641 hunc

1671 4663 1873 4734 ipsum,
1907 4681 2069 4736 quem
2101 4671 2436 4725 contumelia
2461 4672 2749 4741 affecerat,
2776 4675 3098 4733 muneribus
3125 4682 3243 4751 pla-

1670 4874 1762 4914 ces
1788 4874 1996 4926 omnes,
2030 4877 2128 4917 nec
2155 4862 2296 4920 favet
2325 4864 2429 4918 ulla
2459 4865 2614 4920 ratio.

1741 4929 1854 5003 (96)
1898 4931 2371 5003 'Erp'tpatnrlm.
2412 4935 2502 4988 Sic
2535 4951 2669 4990 mss.
2713 4935 2842 4992 duo.
2879 4937 3056 4993 Editio
3089 4938 3240 4994 Basi-

1670 4999 1870 5080 leensis
1895 5009 1948 5055 et
1991 4999 2434 5080 (Σιήειηριίίιῐ-ιιιε.Δ
2461 5005 2634 5080 Harl"
2668 5006 2808 5080 Med.
2861 5017 2915 5063 et
2949 5013 3080 5078 lieg.
3127 5025 3241 5080 pri-

1668 5072 2262 5151 niu§_sv_grparp_yi6u.
2296 5073 2474 5151 Editio
2497 5072 2674 5151 .Paris.
2701 5079 2758 5129 ἐν
2780 5072 3138 5151 πρατηγὲίῳξ

1741 5139 1851 5220 (9])
1888 5139 2392 5220 ξιόίολυτλῑῆθῃν.)ιιιΔ
2410 5145 2639 5220 codices
2658 5163 2790 5220 mss.
2816 5139 3018 5220 septem
3049 5139 3103 5204 et
3122 5149 3240 5204 edi-

1668 5208 1750 5290 tio
1780 5208 2124 5290 Basileensis.
2165 5208 2233 5290 ᾼι
2272 5213 2596 5290 Parisiensis
2627 5208 2893 5290 ἐδεήθην.’
2921 5220 3088 5274 Paulo
3118 5229 3240 5290 post

1666 5279 1832 5359 editio
1857 5283 2043 5359 eadem
2070 5283 2130 5359 ού
2160 5283 2402 5349 δυνατὸν,
2436 5285 2590 5358 ἔφην,
2621 5290 2712 5342 sed
2737 5279 3080 5359 postremum
3104 5279 3238 5346 illud

1665 5352 1892 5424 verbum
1927 5353 2078 5408 deest
2103 5353 2156 5408 in
2193 5364 2397 5424 septem
2438 5352 2583 5412 mss.
2608 5367 2662 5413 et
2692 5352 2822 5413 edit.
2855 5359 3020 5416 Basil.

1738 5419 1848 5490 (98)
1885 5419 2304 5504 ρετξραχόξπωῇζ
2346 5425 2437 5504 ΙιαΔ
2464 5442 2822 5504 omnes_mss.
2856 5429 2994 5504 Editi
3025 5447 3239 5504 πεπρα-

1665 5490 1856 5556 γότων.
1893 5490 2247 5568 Ιὺὶόθηέόἀὶιί
2281 5496 2340 5550 ὃν
2373 5496 2612 5568 ὕϐρισεν,
2643 5500 2795 5556 deest
2826 5503 3016 5557 vocula
3050 5503 3106 5558 in
3136 5490 3239 5556 ito-

1667 5576 1784 5628 vem
1814 5577 1971 5628 mss.,
1999 5563 2093 5618 sed
2127 5573 2309 5621 tamen
2332 5563 2546 5622 videtur
2576 5569 2641 5622 ad
2671 5575 2996 5627 sententiam
3043 5589 3238 5629 neces-

1664 5632 2062 5717 saria.'llabent
2087 5651 2182 5692 sex
2216 5638 2432 5694 codices
2473 5639 2810 5711 θεραπεύων,
2838 5643 3125 5700 Med-iqu
3151 5643 3240 5701 Ge-

1667 5717 1891 5772 ραπευει

1737 5775 1756 5793 ‘
1783 5772 1933 5828 Alias
1956 5773 2112 5831 CLII.
