3810 6512
503 292 635 349 1091
1832 288 1890 344 S.
1932 287 2175 343 BASlLll
2208 287 2420 344 MAGNI
3579 289 3686 345 1093

502 410 669 464 cavit.
719 407 844 464 Haec
883 407 1104 463 dicente
1157 423 1264 468 me.
1307 409 1554 475 ridebas,
1601 422 1802 479 negare
1840 407 2006 478 quide

2184 406 2560 476 ἱγανακτοῦσιν
2588 446 2603 472 ,
2647 405 2728 458 ὅτι
2769 420 2828 456 σε
2859 388 2995 472 ἔφην
3020 403 3228 458 ἀδικεῖν
3248 443 3264 468 ,
3295 399 3581 455 ἀδικεῖσθαι
3601 403 3688 470 (99)

505 499 650 554 haud
691 502 878 554 valens
907 515 1070 570 posse
1110 508 1163 554 te
1206 500 1252 555 si
1283 501 1473 564 velles,
1512 499 1608 554 sed
1635 507 1816 554 tamen
1857 499 2071 570 gratili-
2177 498 2348 551 δοκῶ.

503 595 618 649 cari
644 597 856 650 nolens.
887 594 1025 649 Num
1052 594 1221 665 igitur
1252 595 1350 650 tibi
1384 603 1439 650 et
1475 595 1568 660 iis,
1627 595 1724 665 qui
1779 594 2139 666 indignantur
2174 591 2321 664 quod
2361 589 2566 647 inferre
2621 597 2676 644 te
2721 588 2979 658 injuriam
3037 586 3292 650 dixerim,
3354 584 3546 654 injuria
3585 582 3692 638 allici

503 689 691 744 videor
711 689 734 742 ἲ

926 800 1260 858 EPISTOLA
1294 802 1589 858 CCCXLVI
1615 809 1648 858 '.

2670 791 3011 846 ΕΠΙΣΤΟΛΗ
3055 791 3249 859 TMq'.

1242 916 1467 968 Libanius
1491 923 1690 969 testatur
1713 915 1774 968 de
1799 913 1933 967 bonis
1953 913 2167 966 moribus
2190 907 2561 965 adolescentium
2582 921 2702 972 quos
2726 903 2940 958 Basilius
2964 906 3177 957 miserat.

1032 1041 1289 1095 Libanius
1321 1041 1546 1095 Basilio.

2640 1031 2917 1098 Λιϐάνιος
2947 1035 3261 1102 Buculeio).

573 1151 658 1206 An
685 1151 753 1206 iis
776 1166 918 1220 quos
949 1151 1152 1205 misisti
1181 1151 1628 1206 adolescentibus
1657 1149 1864 1220 aliquid
1890 1149 1957 1205 ad
1988 1149 2077 1204 di-

2244 1154 2307 1205 Ei
2349 1151 2448 1222 μέν
2491 1167 2544 1202 τι
2595 1149 2724 1220 περὶ
2751 1148 2878 1211 τοὺς
2921 1148 3112 1216 λόγους
3133 1151 3249 1212 τοῖς
3279 1149 3422 1212 νέοις
3449 1166 3528 1214 ο.ς
3559 1152 3696 1224 ἑταμ,

505 1244 666 1300 cendi
705 1243 1018 1296 facultatem
1063 1241 1389 1306 addiderim,
1419 1241 1536 1311 ipse
1559 1241 1858 1311 iudicabis.
1902 1241 2008 1312 Spe

2192 1243 2279 1314 [νας
2311 1240 2762 1313 προσεθήκαμεν,
2818 1238 2980 1302 αὐτὸς
3018 1242 3245 1308 κρινεῖς.
3288 1239 3520 1305 Ἐλπίζω
3548 1244 3599 1297 δὲ
3622 1247 3696 1298 αὑ.

507 1343 688 1389 autem
731 1334 857 1396 hoc,
904 1333 1121 1388 etiamsi
1171 1349 1399 1402 parvum
1447 1334 1543 1399 sit,
1593 1347 1850 1403 magnum
1895 1334 2011 1388 visu

2192 1336 2235 1389 τὸ
2258 1375 2274 1398 ,
2323 1334 2426 1387 κᾶν
2463 1331 2656 1404 μικρὸν
2695 1327 2768 1404 ᾗ,
2830 1330 3064 1401 μεγάλου
3103 1331 3369 1401 λήψεσθαι
3415 1333 3598 1399 δόξαν,
3631 1337 3696 1389 διὰ

508 1428 573 1482 iri
607 1427 678 1481 ob
715 1433 869 1480 tuum
910 1425 966 1478 in
1004 1440 1106 1480 nos
1157 1438 1420 1479 amorem.
1459 1423 1614 1491 Quod
1661 1433 1840 1480 autem
1873 1435 2012 1495 temp

2195 1427 2272 1498 ῖὴν
2300 1429 2436 1500 πρὸς
2460 1430 2608 1499 ἡμᾶς
2632 1428 2835 1498 φιλίαν.
2874 1429 2938 1480 Ὃ
2978 1426 3034 1480 δὲ
3062 1428 3168 1498 πρὸ
3215 1429 3324 1482 τῶν
3364 1429 3534 1497 λόγων
3578 1433 3699 1484 ἐπαι-

509 1521 742 1575 rantiam
787 1527 842 1575 et
887 1519 1130 1573 animum
1182 1518 1367 1588 pravis
1416 1516 1791 1586 voluptatibus
1844 1515 2013 1570 liberu

2195 1521 2281 1582 ἐἰς
2306 1558 2322 1582 ,
2359 1520 2458 1590 τὴν
2491 1518 2876 1590 σωφροσύνην,
2906 1518 2999 1570 καὶ
3038 1517 3100 1570 τὸ
3150 1518 3224 1588 μὴ
3265 1519 3589 1590 παραδοῦναι
3625 1525 3699 1586 τὰς

509 1612 700 1667 laudas
743 1611 942 1682 magis,
978 1625 1142 1681 quam
1182 1607 1519 1672 facundiam,
1553 1609 1608 1663 id
1652 1609 1878 1662 omnino
1915 1622 2013 1662 cur

2195 1607 2350 1678 μυχὰς
2399 1611 2518 1672 ταῖς
2573 1609 2634 1661 οὐ
2678 1608 2868 1672 καλαῖς
2911 1610 3125 1680 ἡδοναῖς
3148 1649 3164 1674 ,
3213 1610 3356 1663 πάνυ
3406 1611 3588 1665 τούτου
3628 1633 3699 1667 πε.

510 1712 671 1768 runt,
703 1708 868 1773 atque
910 1704 1078 1758 vitam
1119 1709 1374 1772 egerunt,
1408 1708 1466 1755 ut
1505 1700 1675 1766 illius,
1715 1717 1745 1754 a
1780 1717 1890 1770 quo
1919 1701 2014 1756 mis

2195 1701 2426 1769 τοίηνται
2472 1701 2730 1772 πρόνοιαν
2772 1702 2849 1772 (Ι)
2881 1741 2896 1766 ,
2959 1703 3053 1756 καὶ
3109 1703 3367 1774 διήγαγον
3394 1743 3410 1766 ,
3457 1706 3534 1769 ὡς
3588 1708 3699 1769 εἰκὸς

510 1803 691 1859 erant,
738 1809 850 1850 non
902 1794 1253 1849 immemores
1299 1807 1460 1862 agere
1503 1807 1602 1861 par
1651 1799 1790 1846 erat.
1823 1791 2013 1861 Compl

2195 1787 2241 1862 ᾖν
2270 1831 2285 1855 ,
2341 1791 2435 1844 τοῦ
2490 1793 2803 1862 πέμψαντος
2847 1792 2921 1864 (2)
2995 1797 3383 1867 μεμνημένους
3422 1798 3520 1867 (5).
3570 1799 3699 1867 Atrea

511 1893 656 1940 ctere
673 1885 785 1955 jam
839 1892 932 1938 tua
966 1885 1215 1954 pignora,
1250 1891 1304 1938 et
1333 1882 1491 1936 lauda
1536 1898 1632 1937 eos
1663 1882 1758 1952 qui
1813 1891 1868 1938 et
1898 1897 1986 1937 me

2196 1881 2238 1953 ἰὴ
2291 1881 2359 1935 τὰ
2403 1883 2668 1950 σεαυτοῦ,
2707 1884 2802 1937 καὶ
2847 1885 3059 1937 ἐπαίνει
3105 1887 3233 1949 τοὺς
3278 1886 3338 1940 σέ
3371 1904 3432 1940 τε
3479 1889 3610 1959 κάμὲ
3643 1889 3700 1958 τῷ

511 1985 562 2030 te
586 1978 835 2031 moribus
865 1977 984 2032 suis
1013 1984 1378 2030 exornarunt.
1402 1973 1696 2029 Adhortari
1729 1981 1908 2029 autem
1936 1984 2015 2029 te:

2197 1972 2361 2044 τρόπῳ
2415 1975 2849 2045 κεκοσμηκότας.
2901 1977 3246 2047 Παρακαλεῖν
3289 1979 3350 2032 δέ
3405 1996 3467 2032 σε
3509 1974 3631 2051 πρὸς
3659 1977 3701 2033 τὸ

511 2083 667 2137 opem
712 2069 820 2124 illis
847 2067 1150 2133 ferendam,
1183 2067 1329 2122 idem
1384 2075 1554 2134 esset,
1602 2082 1667 2122 ac
1697 2076 1910 2138 patrem
1945 2066 2015 2121 ho

2199 2065 2390 2135 ιοηθεῖν
2417 2104 2433 2130 ,
2473 2067 2656 2137 ὅμοιον
2705 2063 2773 2135 ἦν
2824 2067 2906 2146 τῷ
2950 2068 3162 2140 πατέρα
3210 2071 3369 2126 παισὶ
3411 2074 3703 2144 παρακαλεῖν

511 2159 614 2214 tari
641 2167 700 2215 ut
733 2160 924 2218 liberis
947 2160 1261 2217 subveniat.

913 2177 924 2216 ἱ
947 2160 1261 2217 subveniat.
2179 2158 2417 2228 βοηθεῖν.

805 2315 970 2389 459
1012 2314 1348 2372 EPISTOLA
1383 2313 1792 2372 cccxmn
2196 2359 2208 2376 .

1729 2318 1792 2372 “.
2196 2359 2208 2376 .
2684 2322 3032 2378 ΕΠΙΣΤΟΛΗ
3061 2324 3233 2378 TMZ'.

938 2451 1162 2503 Libanius
1187 2450 1433 2518 episcopos
1453 2451 1674 2505 avaritia:
1694 2458 1906 2513 accusat,
1929 2457 1973 2504 et
1999 2449 2109 2505 ideo
2131 2450 2298 2506 timide
2328 2453 2494 2520 petita
2517 2455 2721 2519 Basilio,
2748 2464 2800 2509 ut
2819 2457 2950 2523 tigna
2965 2459 3030 2509 ad
3055 2473 3106 2511 se
3126 2456 3296 2511 mittat.

1032 2557 1284 2613 Libanius
1323 2557 1550 2613 Basilio.

2649 2563 2924 2630 Διϐάνιος
2959 2565 3271 2628 Βασιλείφ.

580 2677 774 2736 Omnis
806 2673 1026 2746 quidem
1074 2674 1371 2744 episcopus
1403 2688 1496 2729 res
1527 2680 1634 2738 est,
1683 2672 1830 2726 unde
1872 2671 2084 2726 emolu-

2253 2674 2369 2736 Πᾶς
2397 2673 2495 2744 μὲν
2532 2674 2828 2740 ἐπίσκοπος
2853 2678 3086 2747 πρᾶγμα
3113 2677 3497 2750 δυσγρίπιστον
3537 2682 3606 2752 (4)
3626 2698 3639 2711 ·
3659 2684 3705 2735 ὠ

516 2773 682 2832 menti
734 2770 942 2840 aliquid
992 2769 1082 2823 vix
1141 2768 1576 2838 exspectandum
1629 2767 1703 2823 sit
1749 2774 1857 2822 :tu
1915 2782 2020 2821 veri

2203 2770 2237 2823 ἰὲ
2261 2771 2369 2841 ὅσῳ
2400 2772 2525 2834 τοὺς
2553 2770 2744 2834 ἄλλους
2769 2771 3148 2844 παρελήλυθας
3175 2773 3478 2845 λογιότητι,
3507 2775 3707 2844 τοσούτῳ

517 2875 720 2940 quanto
762 2863 1005 2931 reliquos
1052 2860 1366 2915 eruditione
1408 2875 1676 2929 superas,
1721 2868 1876 2914 tanto
1919 2860 2021 2915 etia

2202 2863 2284 2916 tat
2305 2862 2466 2931 φόϐον
2496 2880 2586 2934 μοι
2623 2864 2909 2934 παρέχεις,
2935 2864 3011 2935 μή
3043 2881 3159 2927 πως
3196 2864 3416 2934 ἔξαρνος
3449 2869 3578 2937 στῇς
3605 2868 3706 2936 πρὸς

522 2960 786 3028 majorem
820 2954 954 3008 mihi
983 2955 1238 3007 timorem
1268 2953 1495 3016 incutis,
1525 2968 1595 3008 ne
1619 2952 1787 3022 petita
1819 2953 1951 3006 mihi
1987 2953 2026 3007 dt

2206 2957 2288 3028 ῖὴν
2333 2957 2565 3028 αῐτησιν.
2595 2955 2840 3027 Κάπειδὴ
2871 2956 3196 3028 στρωτήρων
3232 2957 3423 3027 δέομαι
3446 2997 3461 3018 ,
3490 2958 3710 3027 κάμακας

520 3064 710 3121 neges.
757 3045 893 3100 Nam
928 3045 1094 3115 tignis
1139 3044 1273 3098 mihi
1303 3059 1440 3114 opus
1475 3052 1597 3100 est:
1630 3045 1868 3114 perticas
1901 3051 2024 3099 aute

2204 3051 2232 3102 i'
2271 3049 2400 3121 ἄνῆ
2439 3050 2688 3122 χάρακας
2729 3048 2886 3112 ἄλλος
2925 3046 3044 3101 εἷπε
3087 3047 3342 3119 σοφιστὴς
3365 3087 3382 3112 ,
3407 3049 3468 3102 οὗ
3502 3050 3708 3121 χρῄζων,

518 3149 614 3197 aut
655 3139 809 3210 palos
851 3137 1053 3207 aliquis
1089 3137 1230 3190 alius
1275 3137 1522 3206 sophista
1556 3135 1807 3204 dixisset,
1847 3129 1957 3191 non
1995 3135 2022 3190 h

2206 3141 2324 3196 ἱλλὰ
2374 3145 2487 3205 τοῖς
2547 3139 2832 3214 ῥηματίοις
2894 3138 3430 3211 ὲγκαλλωπιζόμενος
3462 3179 3482 3205 ,
3545 3141 3580 3210 ἢ
3635 3138 3710 3206 τῆς

519 3248 658 3304 opus
679 3233 912 3295 habens,
960 3229 1054 3285 sed
1100 3228 1328 3283 voculas
1375 3229 1553 3300 magis
1580 3235 1887 3294 ostentans,
1919 3243 2023 3299 qua

2207 3233 2374 3307 (ρειας
2387 3233 2463 3305 (5)
2482 3235 2786 3305 γινόμενος.
2819 3229 2959 3300 Ἐγὼ
2979 3231 3057 3297 δὲ,
3077 3233 3127 3285 ει
3150 3234 3223 3304 μὴ
3247 3235 3311 3288 σὺ
3333 3234 3625 3308 παράσχοις
3636 3231 3711 3304 (6).

520 3320 835 3378 necessitati
867 3319 1198 3375 inserviens.
1236 3317 1351 3389 Ego
1389 3333 1544 3385 vero,
1592 3319 1699 3376 nisi
1737 3327 1798 3375 tu
1830 3320 2024 3392 largiar

1341 3335 1351 3370 ι
1389 3333 1544 3385 vero,
1592 3319 1699 3376 nisi
1737 3327 1798 3375 tu
1830 3320 2086 3392 largiare,
2190 3325 2452 3398 ὕπαιθρος
2485 3325 2845 3398 διαχειμάσω.

519 3414 623 3470 sub
645 3413 736 3470 dio
761 3411 1038 3468 hiemabo.

867 3524 1205 3583 EPISTOLA
1240 3525 1586 3584 CCCXLVIII
1613 3530 1701 3583 “'.

2681 3530 3027 3585 ΕΠΙΣΤΟΛΗ
3076 3531 3259 3585 ΤΜΗ’.

889 3645 1192 3696 Demonstrat
1215 3642 1428 3694 Basilius
1445 3657 1538 3696 non
1559 3645 1807 3710 episcopos
1827 3646 1914 3698 sed
1929 3645 2167 3712 sophistas
2188 3654 2358 3699 avaros
2377 3659 2480 3698 esse
2506 3651 2554 3697 et
2570 3651 2772 3698 tenaces.
2811 3643 2967 3710 Tigna
2989 3641 3130 3694 mittit
3151 3651 3376 3696 trecenta.

1041 3750 1283 3805 Basilius
1312 3749 1560 3809 Libanio.
2203 3820 2208 3830 ι

2203 3820 2208 3830 Ι
2661 3755 2975 3820 Βασίλειος
3010 3753 3281 3820 Λιϐανίῳ.

594 3884 652 3940 Si
686 3883 890 3939 lucrari
922 3882 1067 3938 idem
1115 3884 1262 3938 valet
1301 3899 1368 3939 ac
1391 3884 1684 3956 γριπῑζειν.
1706 3893 1764 3941 et
1792 3886 1933 3942 hanc
1973 3902 2098 3942 sen-

2257 3896 2321 3948 El
2361 3893 2424 3947 τὸ
2451 3892 2753 3964 κερδαίνειν
2785 3890 2940 3944 τοῦτο
2977 3889 3248 3962 γριπίζειν
3279 3888 3357 3959 (Ἰ)
3390 3887 3709 3957 λέγεται,τα⁵

524 3976 753 4031 tentiam
792 3975 954 4030 habet
977 3990 1084 4029 vox
1133 3976 1246 4041 illa,
1285 3991 1448 4046 quam
1497 3993 1565 4032 ex
1600 3976 1846 4034 Platonis
1891 3979 2028 4050 adyti

2187 3986 2390 4055 ταύτην
2415 3983 2526 4053 ἔχει
2559 3981 2658 4054 τὴν
2687 3982 2963 4053 σημασιαν
3004 3983 3038 4052 ἠ
3065 3981 3208 4046 λέξις
3230 4021 3244 4042 ,
3279 3981 3348 4051 ἣν
3380 3983 3447 4033 ὲκ
3480 3982 3580 4034 τῶν
3602 3979 3691 4034 Illi

528 4067 825 4136 scphistica
855 4075 948 4120 tua
984 4068 1144 4122 nobis
1175 4082 1268 4123 ars
1295 4070 1670 4140 deprompsit;
1706 4072 2018 4136 considera,

2203 4093 2354 4138 ιωνος
2385 4073 2595 4128 ἀδύτων
2625 4074 2659 4144 ἡ
2707 4073 2990 4143 σοφιστική
3037 4088 3131 4125 σου
3156 4073 3284 4142 ἡμῖν
3318 4073 3707 4144 προεχειρίσατο.

525 4156 867 4218 admirando,
917 4157 1027 4210 utri
1064 4158 1175 4212 sint
1205 4159 1550 4227 tenaciores;
1593 4176 1695 4217 nos
1740 4163 1830 4232 qui
1874 4162 1955 4216 sic
1997 4178 2029 4232 p

2198 4168 2505 4238 σκόπησον,
2541 4159 2587 4218 ὧ
2636 4164 2938 4236 θαυμάσιε,
2991 4163 3075 4227 τίς
3128 4164 3326 4234 μᾶλλόν
3375 4166 3491 4217 ἐστι
3530 4162 3699 4231 δυσγρέ-

526 4247 771 4318 οιιίειοιω
800 4255 910 4302 tua:
948 4248 1227 4303 licentiam
1255 4248 1567 4322 deligimur,
1601 4268 1671 4307 an
1715 4254 2030 4324 sophistaru

2204 4278 2413 4325 πιστος·
2441 4263 2630 4332 ἡμεῖς,
2666 4261 2716 4313 οἱ
2754 4259 2894 4313 οὕτω
2929 4259 2993 4312 δι’
3028 4257 3439 4327 ὲπιστολιμαίας
3479 4258 3708 4326 δυνάμεως

529 4355 723 4410 genus,
759 4355 998 4410 quorum
1047 4355 1139 4396 ars
1181 4349 1267 4396 est
1313 4357 1382 4397 ex
1433 4347 1781 4401 sermonibus
1823 4356 2033 4416 quazstu

2203 4352 2701 4425 ἀποχαρακούμενοι
2720 4369 2735 4385 ο
2784 4351 2818 4422 ἢ
2864 4352 2924 4404 τὸ
2974 4351 3082 4405 τῶν
3133 4350 3398 4420 σοφιστῶν
3444 4351 3588 4418 γένος
3607 4391 3620 4410 ,
3651 4342 3707 4407 οἷς

529 4408 728 4486 facere.
775 4408 910 4497 Quis
957 4447 1024 4486 ex.
1070 4432 1343 4502 episcopis
1380 4435 1647 4490 tributum
1711 4408 1970 4507 imposuit
2025 4456 2033 4487 ε

2201 4408 2356 4515 τέχνη
2381 4408 2461 4498 .τὸ
2511 4408 2760 4498 τελωνεῖν
2791 4408 2916 4506 τοὺς
2950 4444 3141 4512 λόγους
3197 4408 3332 4495 ἐστι.
3369 4408 3468 4504 Ti;-

529 4524 848 4579 sermones?
900 4523 1026 4593 quis
1072 4521 1379 4594 discipulos
1429 4524 1560 4579 fecit
1607 4527 1944 4596 vectigales?
1991 4527 2032 4580 ν

2202 4535 2414 4589 σκόπων
2468 4535 2594 4598 τοὺς
2641 4535 2829 4602 λόγους
2861 4533 3244 4605 ἐφοροθέτησε;
3279 4533 3364 4597 τίς
3411 4535 3531 4595 τοὺς
3581 4529 3693 4599 μαθη

529 4615 690 4678 estis,
735 4615 830 4686 qui
870 4615 1240 4686 eloquentiam
1282 4617 1524 4672 venalem
1571 4619 1900 4687 pr0ponitis,
1953 4620 2033 4674 vel

2202 4627 2515 4698 τευομένους
2563 4626 2919 4698 μισθοφόρους
2961 4627 3325 4696 κατέστησεν;
3379 4627 3560 4690 Ὑμεῖς
3589 4623 3652 4691 (8)
3675 4621 3706 4671 ὁ

537 4705 711 4761 mellis
747 4713 998 4762 coctores
1033 4706 1270 4762 mellitas
1303 4707 1604 4777 placentas.
1651 4705 1810 4762 Vides
1837 4723 2036 4777 quema

2202 4720 2543 4792 προτιθέντες
2573 4720 2698 4782 τοὺς
2743 4718 2932 4786 λόγους
2968 4716 3134 4779 ὥνια,
3166 4716 3355 4787 ὥσπερ
3402 4719 3447 4770 οξ
3488 4717 3569 4769 τοῦ
3602 4712 3698 4784 μέλι

536 4797 754 4852 modum
783 4814 969 4854 senem
1006 4799 1170 4854 etiam
1207 4797 1276 4852 ad
1321 4798 1783 4854 recalcitrandum
1834 4814 2038 4871 pr0voc

2199 4827 2290 4874 τος
2331 4810 2527 4881 ὲψηταὶ
2552 4809 2620 4862 τὰ
2667 4809 2994 4880 μελίπηκτα.
3040 4808 3235 4879 Ὁρᾷς,
3281 4809 3360 4872 ὼς
3390 4811 3481 4862 καὶ
3523 4809 3604 4861 τὸν

607 4975 809 5059 LM?“
841 4974 1026 5059 9P}!!-

2209 5053 2238 5059 Δ
2274 4985 2348 5057 (4)
2378 4986 2834 5059 Δυσγρίπιστοζ.
2867 4985 3033 5059 Coisl.
3083 4988 3292 5059 primus
3339 4987 3693 5059 δυσγρήπιετον

605 5045 808 5125 ξίᾼιξεβ
2205 5043 2294 5109 Sic
2326 5043 2485 5110 etiam
2510 5043 2744 5125 utraque
2778 5043 3104 5112 Basileensis
3129 5058 3315 5112 editio.

610 5113 1038 5198 311519509";
1150 5187 1170 5198 -
1244 5186 1290 5198 --
1358 5187 1371 5198 .
1443 5186 1491 5198 -.
1544 5186 1561 5198 .
1940 5190 1953 5198 .

2204 5195 2216 5198 Α
2274 5125 2348 5195 (5)
2383 5129 2458 5180 Ἦ
2484 5124 2594 5198 τῆς
2639 5113 2861 5198 χρείας.
2907 5125 3048 5182 Ante
3086 5127 3183 5182 has
3215 5141 3377 5182 voces
3433 5127 3568 5180 addit
3608 5123 3691 5176 Har

609 5183 1120 5266 ’ρδέκξῖσθαα
1150 5187 1229 5241 lta
1244 5186 1420 5251 Iiarl.,
1443 5186 1583 5243 Med.
1608 5193 1662 5242 et
1681 5186 1846 5243 Coisl.
1873 5190 2101 5258 primus.

1353 5187 1420 5251 *l.,
1443 5186 1583 5243 Med.
1608 5193 1662 5242 et
1681 5186 1846 5243 Coisl.
1873 5190 2101 5258 primus.
2203 5183 2406 5266 laean'us
2437 5183 2604 5266 colles
2639 5183 2857 5266 ζελλοθ.

543 5253 682 5334 Ed‘iti
711 5254 1019 5334 ﬂﬁtxﬁoGat.
1173 5328 1184 5334 _
1400 5327 1447 5334 η
1497 5328 1513 5334 _
1705 5328 1717 5334 _
1874 5253 1891 5258 ’
1948 5327 1960 5334 _

2275 5265 2350 5334 (lii
2381 5253 2739 5334 Παράσχὸις.
2771 5265 2843 5319 Ita
2873 5281 2964 5320 sex
2995 5266 3210 5324 codices
3249 5284 3381 5325 mss.
3415 5265 3542 5320 Editi
3570 5261 3698 5332 παρὸ

611 5325 687 5409 (1
703 5327 1058 5409 [Leqolnrtat
1070 5328 1385 5409 πρόνοιαν..
1400 5327 1534 5409 Med.
1555 5328 1843 5409 πεποίηται
1858 5327 2099 5409 πρόνοια.

1766 5327 2099 5409 ταιπρόνοια.
2205 5325 2356 5409 σχῇς.
2391 5325 2920 5409 Ed'itio_'l'tasi_l_een_sis
2958 5339 3270 5409 παράσχοιο.

611 5395 703 5488 (2-)
717 5395 834 5488 Τοῦ
863 5395 1231 5465 πέμψαντος.
1275 5398 1410 5452 Cod.
1459 5401 1666 5469 Anglic.
1694 5395 1801 5452 τῶν
1831 5395 1924 5451 τοῦ
1966 5399 2106 5470 πέμ-

2378 5404 2689 5488 ηριπίζειζ.
2711 5405 2880 5488 Coisl.
2909 5395 3216 5488 prim'usgut
3247 5404 3705 5488 antea,_TP')Fi'-"?‘.’f

545 5463 772 5546 θαγᾶοξι
938 5463 946 5464 ί
975 5463 1001 5546 ,ἡ
1186 5463 1218 5546 ξ
1543 5463 1567 5469 ⁷
1696 5538 1728 5546 -
2039 5463 2049 5470 ’

2204 5486 2258 5531 et
2283 5463 2451 5545 paulo
2494 5463 2616 5544 post
2650 5463 3062 5546 δυσγρήπίστος.
3106 5463 3196 5536 Sic
3225 5463 3386 5537 etiam
3407 5463 3703 5534 'Basileénﬂ

614 5534 688 5604 (5)
712 5536 1154 5609 Μεμνημένους.
1185 5538 1275 5592 Sic
1303 5540 1412 5594 duo
1445 5540 1656 5596 codices
1689 5538 1854 5595 Coisl.
1884 5546 1937 5594 et
1969 5540 2101 5609 Reg.

882 5536 1154 5609 ημένους.
1185 5538 1275 5592 Sic
1303 5540 1412 5594 duo
1445 5540 1656 5596 codices
1689 5538 1854 5595 Coisl.
1884 5546 1937 5594 et
1969 5540 2101 5609 Reg.
2202 5534 2386 5602 ediiio.

546 5602 836 5690 secundus,
875 5602 1270 5690 qiii'by.s.'favet
1322 5609 1628 5690 Medicaeus.
1669 5611 1724 5667 in
1774 5623 1882 5682 quo
1909 5609 2050 5683 legitl

1581 5626 1628 5672 ε.
1669 5611 1724 5667 in
1774 5623 1882 5682 quo
1909 5602 2106 5683 legitur
2275 5617 2351 5688 (8)
2396 5616 2610 5686 Ὑμεῖς.
2644 5614 2792 5674 Harl.
2821 5616 2896 5684 ὡς
2930 5618 3085 5690 ὑμεῖς

547 5672 914 5744 μεμνημένουζ
951 5675 1090 5733 Editi
1124 5679 1478 5750 μεμνημένοι.
