3810 6500
77 345 186 400 ιοθδ
965 343 1458 402 EPISTOLARUM
1494 344 1779 402 CLASSIS
1811 345 1901 402 Ill.
1941 343 2160 400 EPIST.
2197 343 2411 402 cccu.
2663 333 2666 336 ’
3127 347 3268 404 lost

71 472 203 528 ροντα
224 453 552 525 ὑποσκιρτᾷν
581 454 988 526 παρεκίνησας;
1027 457 1170 526 Ἐγὼ
1191 456 1249 510 δέ
1273 474 1354 511 σοι
1381 457 1460 528 τῷ
1483 460 1575 511 ταῖ

1761 458 1831 514 s?
1876 457 1988 529 Ego
2036 472 2168 512 vero
2215 457 2313 511 tibi
2367 457 2424 511 in
2473 457 2970 514 declamationibus
3011 473 3265 532 pompam

73 546 284 619 μελέταις
319 545 730 615 ὲμπομπεύοντι
779 546 1102 618 ἰσαρίθμους
1137 551 1248 613 τοῖς
1288 551 1345 601 ὲν
1388 549 1577 621 Θερμοι

1762 548 1919 604 Icenti
1953 555 2034 602 tot
2057 549 2203 619 tigna
2243 547 2582 602 commodari
2602 548 2767 617 jussi,
2797 557 2933 620 quot
2977 550 3180 605 milites
3211 552 3266 606 in

70 640 230 700 πύλαις
259 638 678 708 ἀγωνιζομένοις
716 637 1077 711 στρατιώταις
1111 640 1430 711 στρωτῆρας
1463 657 1574 711 χρη

1763 639 2081 710 nermopylis
2111 653 2442 708 pugnavere,
2480 639 2692 708 singula
2719 639 2954 708 prolixa.
2987 650 3039 695 et
3067 655 3267 695 secun-

71 731 229 798 σθῆναι
280 728 621 800 προσέταξα,
676 731 921 795 ἅπαντας
971 732 1233 804 εὐμήκεις
1256 773 1271 797 ,
1312 735 1408 786 καὶ
1462 749 1575 786 κατ‹

1761 744 1828 783 ιω
1865 737 2018 783 tuum
2049 728 2363 792 Homerum,
2400 729 2650 783 umbram
2684 730 2901 802 longam
2933 731 3265 786 ellicientia:

68 825 136 876 τὸν
176 823 258 874 σὸν
302 822 590 892 Ὅμηρον,
638 821 1002 893 δολιχοσκίους
1049 825 1177 894 (9),
1228 823 1325 887 οὒς
1374 825 1404 877 ό
1459 824 1572 897 ἱερδ

1761 836 1820 876 ne
1861 821 2117 892 Alphazus
2156 836 2312 877 sacer
2356 836 2416 876 se
2465 819 2809 876 redditurum
2843 839 2965 879 esse
2997 823 3265 895 promisit.

79 913 290 982 Ἀλφαῖος
321 912 432 984 (10)
465 914 942 986 ἀποκαταστήσειν
985 915 1476 988 κατεπηγγείλατο.

535 1051 880 1104 ΕΠΙΣΤΟΛΗ
917 1050 1099 1106 ΤΜΘ’.

2113 1041 2446 1098 EPISTOLA
2483 1041 2789 1098 CCCXLIX
2818 1048 2857 1100 '.

419 1165 626 1216 Jocatur
652 1163 876 1216 Libanius
899 1164 950 1216 in
975 1164 1355 1230 Cappadociam,
1387 1175 1530 1229 seque
1551 1159 1814 1226 discipulos
1838 1157 2145 1226 Cappadoces
2168 1164 2594 1208 transmutaturum
2623 1158 2874 1223 promittit.

501 1277 779 1345 Λιϐάνιος
805 1278 1120 1345 Βασιλείῳ.

2225 1268 2485 1324 Libanius
2514 1267 2742 1323 Basilio.

121 1395 182 1448 υῦ
219 1392 431 1463 παύσῃ,
470 1391 721 1445 Βασίλειε
746 1433 762 1458 ,
795 1392 888 1444 τὸν
926 1391 1071 1462 ἱερὸν
1106 1386 1296 1444 τοῦτον
1322 1405 1434 1443 των
1470 1405 1599 1459 μου·

1768 1385 1887 1440 Non
1929 1384 2171 1450 desines,
2222 1383 2410 1450 Basili,
2449 1398 2671 1440 sacrum
2720 1383 2825 1438 hoc
2867 1398 3145 1439 musarum
3173 1385 3271 1440 do-

69 1487 152 1540 τῶν
179 1485 332 1556 σηκὸν
372 1483 572 1555 μεστὸν
620 1483 792 1537 ποιῶν
843 1482 1260 1547 Καππαδοκῶν,
1306 1483 1400 1535 καὶ
1427 1481 1573 1534 ταῦτι

1767 1477 1966 1535 icilium
2009 1479 2224 1548 replere
2265 1475 2707 1548 Cappadocibus,
2753 1477 2934 1548 iisque
2968 1478 3147 1548 griten
3193 1479 3271 1532 ni-

69 1578 337 1642 ἀποζόντων
383 1576 584 1648 γριτῆς
615 1576 713 1630 καὶ
748 1575 926 1646 χιόνος
956 1575 1068 1646 (11)
1109 1575 1204 1628 καὶ
1244 1573 1355 1626 τῶν
1392 1571 1573 1626 ὲκεῖθει

1771 1587 1931 1643 mque
1954 1577 2009 1626 ct
2036 1579 2232 1626 caetera
2259 1570 2407 1624 illius
2429 1569 2672 1640 regionis
2700 1571 2840 1624 bona
2867 1571 3271 1626 redolentibus?

69 1669 247 1733 καλῶν;
277 1665 492 1736 Μικροῠ
519 1665 578 1718 δέ
619 1682 688 1736 με
717 1666 813 1720 καὶ
841 1665 1214 1737 Καππαδόκην
1243 1665 1446 1736 ἔθηκαν
1466 1704 1482 1728 ,
1512 1663 1573 1716 ἀε

1767 1680 1876 1735 ὀρο
1900 1671 2085 1718 autem
2112 1661 2316 1716 factum
2341 1669 2446 1726 est,
2489 1668 2548 1714 ut
2577 1677 2665 1716 me
2689 1662 2851 1716 etiam
2889 1662 3271 1733 Cappadocem

71 1779 138 1830 μοι
176 1729 261 1822 τὸν,
307 1729 714 1830 προσκυνῶ-σε
765 1759 878 1830 (12)
910 1797 926 1822 ,
984 1729 1362 1831 προσᾴδοντες.
1400 1757 1491 1808 Δεῖ
1539 1755 1575 1807 δί

1769 1756 2001 1821 'ecerint,
2043 1767 2261 1823 semper
2307 1753 2440 1807 mihi
2475 1753 2630 1818 illud,
2672 1754 2961 1824 προσκυνῶ
3001 1772 3082 1820 σε,
3127 1757 3273 1811 occi-

67 1852 183 1918 ὃμως
210 1848 528 1920 ἀνέχεσθαι,
560 1848 840 1902 Βασιλείου
867 1849 1198 1912 κελεύοντος.
1236 1847 1373 1901 Ἰσθι
1395 1847 1571 1902 τοίνυν

1765 1855 1916 1903 entes.
1943 1847 2200 1902 Attamen
2228 1845 2515 1900 ferendum
2550 1854 2653 1910 est,
2678 1844 2882 1900 Basilio
2923 1847 2994 1901 ita
3022 1847 3269 1917 jubente.

67 1943 124 2005 ὼς
149 1942 234 2012 τῆς
270 1943 366 2013 μὲν
412 1941 600 2012 χώρας
632 1942 758 2006 τοὺς
791 1942 1027 2013 τρόπους
1076 1939 1421 2012 ἐξακριϐἀζω
1464 1939 1571 2010 (l5)

1769 1941 1856 1995 :ito
1885 1941 2073 2010 igitur,
2121 1953 2208 1993 me
2236 1938 2477 2008 regionis
2507 1938 2731 2007 quidem
2760 1953 2946 1993 mores
2984 1939 3273 2010 diligenter

67 2033 142 2100 τὴν
164 2033 213 2085 δὲ
241 2033 522 2101 εὐγένειαν
557 2034 650 2086 καὶ
679 2033 740 2085 τὸ
765 2033 1001 2103 ἐμμελὲς
1038 2033 1136 2104 τῆς
1178 2033 1316 2104 ἐμῆς
1360 2031 1571 2085 Καλλιό-

1769 2033 2054 2101 vestigare,
2099 2028 2248 2084 viros
2276 2043 2407 2084 vero
2449 2029 2517 2083 ad
2562 2044 2694 2084 meae
2718 2027 2990 2100 Calliopes
3027 2032 3273 2086 nobilita-

71 2138 151 2191 ri};
184 2124 538 2194 μεταμφιάσω
563 2124 690 2188 τοὺς
718 2123 947 2195 ἄνδρας,
974 2123 1040 2179 ἵν’
1066 2125 1280 2196 ὀφθεῖεν
1317 2124 1446 2195 ὑμῖν
1472 2122 1575 2177 ἀντ’

1767 2139 1809 2178 m
1841 2131 2004 2192 atque
2034 2119 2464 2176 concinnitatem
2488 2129 3006 2185 transmutaturum,
3038 2134 3097 2178 ut
3115 2123 3271 2179 vobis

68 2214 250 2278 φασσῶν
285 2232 351 2268 πε
360 2232 514 2268 οιστε
524 2213 612 2269 οαί

1700 2231 1802 2286 pro
1836 2214 2109 2286 palumbis
2141 2213 2408 2268 columbae
2437 2212 2566 2268 lacti
2597 2229 2720 2270 esse
2749 2215 3058 2269 videantur.

551 2352 896 2407 ΕΠΙΣΤΟΛΗ
938 2353 1068 2408 ΤΝ⁹.
1528 2383 1532 2386 ·

1528 2383 1532 2386 .
2079 2347 2243 2420 mo
2279 2343 2618 2401 EPISTULA
2653 2343 2889 2402 ccam

513 2517 515 2519 ,
1111 2464 1378 2531 Respondet
1396 2463 1610 2517 Basilius
1627 2461 1843 2526 epistolis
1863 2459 2175 2526 pracedenti.

430 2572 751 2640 Βασίλειος
777 2574 1033 2641 Λιϐανίῳ
1049 2575 1181 2646 (14).

2221 2567 2458 2621 Basilius
2506 2563 2752 2620 Libanio.

120 2681 321 2735 Λὲλυται
373 2700 456 2736 σοι
500 2684 564 2736 τὸ
612 2683 900 2755 δύσθυμον.
945 2685 1115 2737 Τοῦτο
1151 2683 1262 2756 γὰρ
1315 2683 1455 2737 ἔστω
1496 2683 1599 2755 τῆς

1775 2679 1973 2737 Sedata
1997 2690 2080 2736 est
2110 2678 2279 2734 animi
2321 2679 2398 2733 tui
2424 2678 2711 2749 aegritudo.
2744 2677 2859 2733 Hoc
2888 2678 3032 2733 enim
3063 2679 3132 2734 sit
3167 2680 3271 2750 epi-

69 2773 314 2843 ἐπιστολῆς
345 2773 405 2826 τὸ
459 2774 766 2845 προοίμιον.
811 2775 884 2828 Σὺ
923 2773 980 2827 δὲ
1014 2773 1234 2828 σκῶπτε
1263 2775 1358 2828 καὶ
1381 2774 1572 2844 διὰσυρ

1768 2770 1862 2824 alte
1886 2770 2194 2824 exordium.
2231 2767 2313 2822 Tu
2357 2783 2488 2823 vero
2524 2769 2696 2824 irride
2742 2775 2794 2823 et
2821 2769 3015 2824 vellica
3051 2786 3137 2826 res
3175 2787 3272 2826 no-

67 2865 120 2917 τὰ
167 2866 434 2938 ἡμέτερα,
474 2867 588 2920 εἴτε
628 2866 832 2937 γελῶν,
882 2867 995 2921 εἴτε
1044 2866 1376 2932 σπουδάζων.
1427 2867 1492 2920 Τί
1543 2867 1571 2920 δ

1769 2877 1872 2927 ras,
1913 2861 2028 2917 sive
2071 2860 2290 2930 jocans,
2339 2860 2456 2915 sive
2502 2861 2667 2915 serio.
2723 2860 2864 2927 Quid
2909 2871 3087 2918 autem
3131 2865 3273 2920 nivis

70 2957 210 3025 χιόνος
259 2957 292 3028 ἦ
338 2960 536 3030 γριτῆς
599 2959 1011 3030 ὲμνημόνευσας
1035 3001 1050 3026 ,
1110 2961 1283 3032 παρὸν
1332 2961 1574 3032 ἐντρυφᾷ

1768 2955 1792 3008 ιι
1821 2954 1975 3024 ετίιω
2002 2953 2341 3008 mentionem
2369 2952 2573 3019 fecisti,
2595 2968 2720 3007 cum
2755 2953 2944 3008 liceret
2974 2955 3068 3009 tibi
3105 2957 3272 3012 dicte-

70 3049 196 3118 ήμῶν
228 3053 336 3114 τοῖς
380 3050 716 3123 σκώμμασιν
765 3051 918 3124 (15);
969 3052 1112 3122 Ἐγὼ
1142 3053 1235 3116 δὲ,
1271 3048 1316 3106 ὦ
1358 3053 1574 3107 Λιὸἀνιε

1769 3048 1807 3102 is
1831 3047 1889 3101 in
1922 3061 2025 3102 nos
2063 3045 2386 3118 indulgere?
2421 3043 2534 3116 Ego
2557 3052 2758 3108 autem,
2786 3061 2818 3100 ο
2848 3044 3059 3115 Libani,
3081 3049 3176 3102 tibi
3215 3056 3273 3102 ut

71 3139 139 3192 ἴνα
166 3157 236 3193 σοι
263 3143 353 3195 καὶ
387 3144 598 3197 πλατὺν
618 3145 826 3216 κινήσω
849 3145 940 3198 τὸν
963 3145 1196 3213 γέλωτα,
1224 3145 1330 3199 ὑπὸ
1355 3163 1575 3218 παραπε

1768 3159 1881 3198 sum
1922 3157 2176 3213 magnum
2225 3155 2495 3205 moveam,
2532 3140 2675 3196 hanc
2725 3142 2847 3196 velo
2891 3143 3051 3198 niveo
3091 3150 3272 3200 tectus

69 3232 267 3302 τάσματι
282 3232 691 3307 καλυπτόμενος
711 3236 906 3307 χιόνος,
927 3237 1022 3308 τὴν
1053 3237 1340 3308 ἐπιστολὴν
1366 3237 1573 3310 ἔγραψα

1769 3231 1992 3286 istolam
2031 3230 2339 3300 conscripsi
2385 3249 2398 3284 :
2449 3245 2613 3300 quam
2665 3245 2790 3285 cum
2846 3234 3161 3302 acceperis,
3211 3249 3273 3288 ac

72 3321 123 3390 ῆν
161 3323 434 3396 δεξάμενος
471 3326 663 3397 ψαύων
691 3327 803 3398 (16)
843 3328 998 3399 χερσὶ
1021 3366 1036 3392 ,
1069 3325 1252 3402 γνώσῃ
1291 3327 1366 3391 ὼς
1397 3345 1576 3400 κρυερ‹

1769 3337 1872 3376 anu
1902 3321 2219 3391 contigeris,
2246 3321 2450 3376 senties
2478 3335 2642 3390 quam
2672 3322 2744 3377 sit
2772 3323 2968 3392 gelida,
2998 3341 3273 3396 quamque

69 3428 133 3475 τις
175 3415 301 3487 αὐτὴ
352 3417 449 3471 καὶ
499 3418 590 3471 τὸν
637 3418 929 3490 πέμψαντα
978 3417 1369 3491 χαρακτηρίζει
1419 3421 1573 3491 ὲμφω

1770 3414 1907 3470 ferat
1930 3429 2053 3470 eum
2078 3428 2110 3468 a
2143 3427 2253 3484 quo
2283 3413 2453 3468 missa
2485 3422 2591 3478 est,
2625 3414 2952 3481 latitantem,
2987 3434 3089 3472 nec
3118 3432 3271 3474 extra

70 3499 252 3559 λεύοντα
270 3546 285 3571 ,
323 3511 417 3563 καὶ
460 3508 537 3581 μὴ
568 3510 862 3582 δυνάμενον
889 3511 992 3576 ἔξω
1039 3511 1148 3565 τῶν
1179 3513 1464 3584 δωματίων
1491 3514 1574 3584 (17

1769 3506 1850 3563 les
1912 3506 2234 3576 prospicere
2291 3505 2586 3562 valentem.
2643 3505 2905 3577 Sepulcra
2945 3510 3091 3564 enim
3142 3522 3273 3566 sunt

72 3597 382 3664 προκύπτειν.
430 3601 650 3671 Τάφους
705 3603 814 3675 γὰρ
860 3605 985 3667 τοὺς
1031 3603 1212 3668 οἴκους
1263 3605 1576 3677 κεκτήμεθα

1768 3599 1850 3653 les
1893 3605 2117 3663 nostrae,
2165 3596 2342 3652 donec
2391 3613 2486 3652 ver
2533 3599 2884 3664 successerit,
2929 3609 2985 3657 et
3027 3617 3272 3660 mortuos

73 3691 230 3764 μέχρις
265 3697 514 3751 ἐπιλάϐοι
551 3697 614 3751 τὸ
660 3697 796 3769 ἔαρ,
837 3699 932 3752 καὶ
979 3699 1206 3771 νεκροὺς
1249 3701 1395 3770 ἡμᾶς
1442 3699 1577 3753 om.

1766 3707 1806 3746 IS
1835 3690 1903 3745 ad
1929 3690 2093 3744 vitam
2125 3688 2429 3754 reduxerit,
2463 3706 2654 3745 rursus
2681 3692 2863 3759 nobis,
2911 3693 3270 3763 quemadmo-

70 3782 178 3852 πρὸς
200 3784 335 3860 ζωὴν
357 3789 640 3864 ὲπανάξῃ,
674 3790 835 3846 πάλιν
865 3792 930 3846 τὸ
967 3788 1127 3858 εἶναι,
1171 3792 1359 3863 ὥσπερ
1392 3795 1574 3861 φυτοῖς

1171 3792 1359 3863 ὥσπερ
1392 3795 1599 3861 φυτοῖς,
1701 3784 1830 3838 dum
1852 3783 2078 3854 plantis,
2110 3782 2349 3854 largiens
2382 3790 2442 3838 ut
2473 3783 2664 3840 simus.

69 3878 405 3950 Χαριζόμενον.

543 4021 888 4076 ΕΠΙΣΤΟΛΗ
917 4021 1071 4076 ΤΝΑ⁹

2115 4025 2222 4083 ΕΡ]
2231 4026 2453 4084 ΞΤΟΙΑ
2489 4027 2699 4097 ,'CCCLl
2725 4034 2768 4056 "
2797 4074 2811 4087 .

189 4134 427 4189 Libanium
450 4143 591 4203 rogat
611 4135 822 4188 Basilius
843 4142 895 4186 ut
912 4136 977 4186 ad
999 4151 1050 4189 se
1073 4135 1226 4189 mittat
1247 4137 1526 4202 orationem,
1543 4151 1685 4206 quam
1709 4140 1769 4194 de
1787 4139 1976 4193 homine
1997 4153 2188 4192 moroso
2207 4156 2394 4193 summa
2417 4141 2685 4195 celebritate
2711 4143 3116 4208 pronuntiaverat.

502 4250 823 4316 Βασίλειος
850 4250 1122 4314 Λιϐανίῳ.

2211 4252 2446 4307 Basilius
2474 4251 2719 4308 Libanio.

120 4357 288 4414 Πολλοὶ
318 4363 702 4436 περιτυχόντες
727 4365 860 4433 ἡμῖν
887 4363 995 4415 τῶν
1026 4361 1209 4416 αὐτόθι
1236 4362 1349 4434 (18)
1375 4403 1391 4427 ,
1437 4365 1596 4418 ἐθαύ-

1771 4365 1924 4421 Multi
1977 4381 2170 4422 eorum
2213 4367 2307 4437 qui
2351 4367 2520 4423 istinc
2563 4367 2629 4421 ad
2673 4383 2774 4423 nos
2813 4369 3076 4436 veniunt,
3119 4379 3269 4427 tuam

70 4451 216 4515 μασάν
254 4472 344 4509 σου
371 4457 474 4528 τὴν
515 4457 572 4509 ὲν
608 4458 719 4520 τοῖς
753 4455 929 4524 λόγοις
973 4455 1192 4527 ἀρετήν.
1229 4457 1452 4526 Ἔλεγον
1487 4458 1574 4529 γὰι

1765 4474 1809 4513 rn
1859 4460 2076 4516 dicendi
2132 4460 2313 4514 mirati
2350 4469 2498 4517 sunt.
2553 4459 2857 4515 Narrarunt
2899 4463 3044 4516 enim
3089 4464 3269 4533 speci-

139 4608 655 4686 θλΔολιχοσκιουᾼς.
678 4613 896 4686 Homer.
923 4613 1084 4668 Iliad.
1103 4616 1164 4680 Γ,
1195 4614 1376 4686 v.346
1400 4625 1454 4670 et
1469 4616 1592 4672 555.

1761 4613 2005 4678 ειστολάς,
2049 4614 2120 4668 ad
2142 4607 2422 4685 atramque
2458 4614 3170 4686 ερίειοέαηι;νηθιηρθι‹ιιιίει
3213 4618 3265 4672 in

143 4679 217 4752 l0)
261 4679 548 4757 meum.
587 4679 678 4739 Sic
717 4685 849 4755 Reg.
885 4679 1180 4742 secundus.
1226 4685 1344 4757 Non
1377 4687 1597 4757 illepide
1699 4684 2146 4757 ltoc‘codiceante
2167 4679 2412 4740 ultimam
2435 4679 2849 4757 epistolamalia
2873 4679 3268 4757 legitur',qunm

68 4758 226 4826 auctor
253 4755 492 4823 epistolae
528 4754 1080 4826 ﬂuvium76bstringit
1118 4756 1435 4826 restituendi
1471 4754 1596 4826 pro-
1696 4754 1859 4826 paulo
1894 4764 2016 4824 post
2055 4759 2404 4826 apponimus,
2435 4754 2665 4826 quicque
2702 4756 2783 4810 sic
2826 4755 3038 4825 incipit,
3075 4754 3136 4810 τί
3159 4776 3267 4812 πα-

68 4824 225 4895 misso.
254 4835 309 4877 ut
337 4827 575 4895 gratuitp
596 4842 626 4878 ιι
650 4842 710 4881 se
749 4825 866 4880 dari
894 4824 1162 4881 ostendat.
1195 4824 1591 4883 llabenthisl.
1697 4824 1826 4886 Θών,
1857 4835 1962 4880 etc.
2090 4824 2104 4826 “
2127 4824 2141 4826 “
2287 4834 2292 4840 ·

59 4888 243 4968 -P[i.m‘u_s
271 4903 323 4968 et
340 4888 493 4951 διεδ.
532 4888 560 4950 ὁ
592 4896 732 4967 ἱερὸς
761 4896 804 4949 δ’
837 4897 1322 4968 ἀποκαταστήσειν.
1351 4895 1562 4968 Quatuo

1766 4895 1877 4965 (15)
1920 4895 2107 4968 Ἡμῶν
2137 4896 2260 4964 τοῖς
2298 4896 2672 4966 σκώμμασιν.
2725 4893 2876 4951 Harl.
2918 4898 3032 4959 τοῖς
3067 4898 3268 4968 ἡμετέ-

69 4956 190 5038 filii?
212 4956 833 5038 ἱερᾶίάποκατασήσειν.
871 4965 1072 5038 Harlso
1109 4956 1250 5038 ἱερὸς
1275 4956 1591 5031 Εὐξτάθιος.
1695 4956 1809 5038 ροις
1832 4956 2177 5038 σκώμμασιν.

69 5021 183 5107 Lditi
217 5021 416 5107 δ’ίερδς
459 5021 704 5100 Δονάτοέ,
745 5021 1304 5107 εχοεριειᾷΒοείιέείιεὶ
1354 5021 1573 5094 editioni

1765 5021 1877 5104 (16)
1924 5021 2156 5091 Ψιὶύων.
2199 5037 2276 5090 lta
2322 5046 2432 5092 tres
2477 5034 2835 5092 vetustissimi
2885 5035 3102 5092 codices
3139 5053 3263 5092 cum

69 5105 380 5180 llﬂmg,_qn:e
404 5108 569 5180 habet
600 5105 913 5171 Εὐστάθιος.
948 5105 1260 5174 Vaticanus,
1283 5109 1382 5179 οὐχ
1413 5109 1573 5180 Ὅμη·

1039 5110 1260 5174 ιίοοηιιε,
1283 5109 1382 5179 οὐχ
1413 5109 1592 5180 Ὅμη-
1692 5107 2011 5180 Anglicano.
2045 5107 2183 5180 Editi
2216 5108 2310 5180 καὶ.
2337 5107 2543 5177 ψαύων.

71 5169 718 5249 ὑέτοκαταστήσειν.
1247 5169 1256 5174 ⁷
1349 5169 1382 5179 ”
1424 5169 1499 5249 -ί
1549 5169 1562 5180 ’

1765 5169 1877 5249 (ῙἹ)
1911 5178 2240 5249 Δωματίων.
2275 5169 2406 5249 Reg.
2458 5177 2732 5233 secundus
2761 5183 2822 5249 et
2845 5176 3021 5249 Coisl.
3067 5192 3265 5232 secuno

121 5235 218 5319 ll!)
246 5246 461 5316 Γριτῆς
487 5235 585 5302 καὶ
610 5249 832 5316 χιόνος.
862 5245 954 5304 Sic
989 5263 1123 5306 mss.
1159 5255 1388 5320 septem.
1424 5247 1572 5316 Editi,

68 5315 228 5373 γριτης
251 5317 340 5368 καὶ
360 5319 566 5373 κιόνων.

1761 5235 1796 5302 Us
1826 5235 2121 5303 δωματίου.
2153 5246 2322 5302 Paulo
2346 5235 2469 5320 post
2497 5249 2630 5304 editi
2657 5247 2937 5314 ὲπανάξει.
2971 5247 3098 5302 Mss.
3125 5257 3184 5301 ut
3207 5249 3265 5305 in

1761 5329 1863 5372 ttu.

203 5328 228 5373 ς
251 5328 340 5368 καὶ
360 5328 566 5373 κιόνων.
1691 5328 1863 5373 textu.

129 5327 228 5430 ‘13:
251 5327 340 5368 και
360 5327 566 5388 χιόνων.

264 5388 588 5462 Προσκγνῶ
634 5403 726 5442 σε.
768 5387 848 5442 lta
909 5397 1111 5460 septem
1160 5405 1293 5446 mss.
1351 5389 1587 5448 codices.

1912 5386 2034 5462 Τῶν
2063 5389 2290 5462 αὐτόθι.
2324 5387 2458 5462 Reg.
2484 5389 2758 5447 secundus
2789 5398 2844 5446 et
2873 5388 3038 5446 Coisl.
3066 5403 3262 5445 secun-

68 5436 185 5542 Edliti
222 5436 500 5542 nporezuvéb
530 5477 632 5513 σοι.
969 5436 1002 5460 r

147 5518 220 5542 ισιι
285 5525 355 5542 ιυ-
500 5529 602 5542 θον
682 5528 718 5542 Α
766 5529 777 5540 ’
1033 5531 1067 5542 “’
1393 5530 1491 5542 Ἠ-

682 5528 718 5542 Λ
766 5529 777 5540 .
969 5436 1002 5460 r
1691 5436 1796 5513 dus
1822 5436 1930 5511 τίῦν
1957 5459 2182 5542 αυτόθεν

125 5515 223 5603 (13)
235 5593 247 5603 _
259 5515 664 5603 :Efaxpt6dfw._
674 5528 927 5603 Quinque
950 5531 1180 5603 codices
1198 5530 1586 5603 εςακριὸάζων.

657 5599 664 5603 _
674 5528 927 5603 Quinque
950 5531 1180 5603 codices
1198 5530 1586 5603 εςακριὸάζων.
1763 5531 1779 5548 ·
1797 5530 1958 5603 Alias
1987 5527 2161 5603 (δέῃ,

69 5573 1590 5670 ξξέτι]ξξὲἆξὶἷάὶῖτῦῗὶιέὖὲἰῗῦαἲῖὲῖᾗῖίὸ’ΒΞἒίῖᾶξίἷέξᾷ
1767 5573 2204 5670 ’σ’Κὶῖεῖεὶῖνὶι.

71 5649 594 5730 εξῆξιριδᾶςώξιῖ“’”’

773 5649 819 5656 ’⁷
1265 5649 1589 5658 "ww"
1769 5649 2277 5727 "‘Xiias'th‘iu.

127 5675 733 5816 lrflefgrlqa._Addit
780 5738 931 5801 Harl.
987 5742 1123 5815 πρὸς
1163 5743 1263 5809 τὰς
1326 5743 1588 5816 ἑκατέρας
