3810 6496
69 344 172 398 109⁸1
791 340 1272 398 EPIS'I’OLARUM
1309 338 1594 399 CLASSIS
1629 338 1716 396 111.
1756 337 1974 395 ΕΡΙΞΤ.
2010 337 2320 414 CCCLYIII.
2733 297 2736 300 ἢ
3094 337 3231 394 {098

62 487 149 551 ζειν
183 481 307 553 μετὰ
346 480 574 551 σοϐαροῦ
621 479 712 536 τοῦ
753 473 1098 555 βαδίσματος,
1127 478 1218 539 οἷά
1247 501 1330 550 τις
1357 485 1566 551 ἀλαζὼν

1727 482 1840 537 :rbo
1874 497 2064 553 gressu
2096 480 2366 543 incedere,
2405 479 2580 534 instar
2617 476 2855 533 numinis
2885 474 3231 546 jactantioris

61 576 159 637 τοὺς
200 572 395 635 πάντας
435 571 798 643 περιφρονῶν.
843 574 992 628 Ἐπεὶ
1024 571 1118 629 οὖν
1163 576 1256 631 καὶ
1298 577 1381 630 σοὶ
1432 577 1565 632 κατὰ

1732 589 1866 627 nues
1906 572 2324 628 contemnentis.
2359 569 2625 638 Quoniam
2666 571 2831 641 igitur
2867 579 2922 624 et
2962 568 3077 638 ipse
3115 583 3236 622 ora-

64 653 199 735 μέθης
234 663 382 731 λόγος
430 662 754 734 πεπόνηται.
802 663 1098 736 βουλόμεθα
1141 667 1312 739 τούτῳ
1349 685 1568 739 περιτυ-

1727 681 1880 720 onem
1915 675 2103 720 contra
2130 665 2447 720 ebrietatem
2474 663 2788 729 elaborasti,
2835 678 2953 718 eam
2983 661 3231 717 volumus

61 760 165 827 χεῖν.
209 754 358 808 Ἀλλὰ
406 753 615 824 κομψὸν
663 755 761 825 μέν
807 773 860 809 τι
885 755 1064 824 λέγειν
1093 758 1192 811 οὐκ
1222 758 1420 812 ἐθέλω·
1453 760 1482 812 ὀ
1517 759 1565 813 δὲ

1732 773 1875 828 gere.
1935 756 2144 812 Interea
2215 765 2395 810 tamen
2461 754 2626 824 lepidi
2681 755 2976 825 quidquam
3047 753 3232 808 dicere

60 852 182 916 λόγος
208 846 382 917 ὀφθεὶς
410 847 607 914 διδάξει
649 865 717 918 με
748 849 846 920 τὴν
877 849 970 903 τοῦ
1005 850 1181 919 λέγειν
1212 851 1324 922 (24)
1358 853 1564 924 τέχνην.

1729 849 1806 902 olo
1839 866 1852 902 :
1885 848 1977 902 sed
2013 849 2128 918 ipsa
2165 862 2249 904 me
2295 847 2491 910 oratio,
2526 847 2615 900 ubi
2666 861 2784 900 eam
2810 845 3018 909 videro,
3062 852 3233 900 artem

1680 938 1893 993 dicendi
1929 938 2165 994 docebit.

520 1084 862 1141 ΕΠΙΣΤΟΛΗ
901 1087 1069 1142 TNE'.

2125 1089 2455 1146 EPISTOLA
2495 1088 2714 1145 CCCLV
2729 1093 2767 1144 ‘.

1073 1239 1288 1293 Libanius
1315 1239 1499 1292 Basilio
1517 1240 1700 1306 primas
1719 1243 1998 1307 eloquentia:
2019 1243 2189 1307 defert.

475 1321 752 1390 Λιϐάνιος
788 1326 1105 1388 Βασιλείῳ.

2219 1327 2472 1384 Libanius
2503 1328 2725 1384 Basilio.

112 1432 253 1507 Ἆρα,
287 1436 552 1501 Βασίλειε,
591 1438 665 1508 μὴ
695 1437 792 1502 τὰς
829 1438 1054 1510 Ἀθήνας
1081 1439 1265 1503 οἰκεῖς,
1296 1439 1390 1492 καὶ
1422 1438 1579 1511 λέλη-

1749 1440 2049 1497 Athenisne
2098 1441 2334 1504 habitas,
2375 1439 2560 1505 Basili,
2605 1449 2658 1496 et
2691 1443 2771 1496 tui
2821 1442 2992 1512 ipsius
3033 1443 3233 1498 oblitus

64 1528 136 1593 0a;
175 1528 420 1593 σεαυτόν;
483 1530 557 1583 Οὐ
611 1529 719 1600 γὰρ
775 1531 884 1584 τῶν
930 1533 1250 1604 Καισαρέων
1304 1533 1354 1586 οἱ
1395 1534 1568 1598 παῖδες

1727 1530 1782 1584 ιῖ
1825 1531 1942 1585 Non
1982 1531 2126 1586 enim
2165 1530 2584 1585 Caesariensium
2629 1531 2725 1584 lilii
2761 1531 2875 1585 haec
2905 1531 3096 1586 audire
3137 1547 3231 1601 po-

63 1621 195 1675 ταῦτα
236 1621 450 1676 ἀκούειν
485 1622 765 1692 ἠδύναντο.
826 1624 892 1677 Ἣ
925 1623 1138 1693 γλῶττα
1180 1625 1288 1697 γάρ
1338 1642 1428 1696 μοι
1458 1624 1567 1679 τού·

1726 1629 1920 1676 Ierunt.
1959 1620 2073 1676 Mea
2121 1620 2266 1674 enim
2297 1621 2481 1691 lingua
2531 1621 2617 1676 his
2673 1629 2890 1676 assueta
2922 1637 3030 1676 non
3072 1633 3230 1678 erat:

63 1729 142 1765 των
177 1712 292 1777 ἐθὰς
343 1713 443 1766 οὐκ
485 1709 588 1784 ἦν·
642 1713 755 1767 ἀλλ’
801 1713 1038 1786 ὡσπερεί
1077 1732 1200 1769 τινα
1231 1715 1474 1788 κρημνὸν
1504 1716 1567 1769 δι-

1730 1712 1777 1766 ξὰ
1803 1713 1950 1767 velut
1989 1713 2042 1767 in
2072 1712 2333 1782 praecipiti
2371 1712 2603 1782 quodam
2633 1713 2752 1768 loco
2783 1712 3107 1777 incederem,
3139 1728 3234 1768 vo-

65 1805 306 1869 οδεύοντος,
336 1805 607 1877 πληγεῖσα
651 1809 718 1878 τῇ
765 1806 872 1860 τῶν
918 1805 1194 1878 ὀνομάτων
1242 1776 1569 1879 καινοτομία,

1730 1821 1802 1860 im
1839 1807 2080 1860 novitate
2114 1806 2386 1876 perculsa.
2413 1814 2465 1860 et
2499 1805 2632 1859 mihi
2673 1807 2811 1876 patri
2845 1805 3096 1860 diccbat:
3135 1803 3234 1859 l‘a—

67 1896 157 1965 ἐμοί
179 1913 229 1949 τε
253 1896 324 1968 τῷ
350 1899 522 1970 πατρὶ
549 1898 699 1967 ἔλεγε
722 1916 735 1930 ·
762 1898 963 1970 Πάτερ,
992 1901 1092 1952 οὐκ
1118 1897 1383 1964 ἐδίδαξας.
1407 1900 1571 1971 Ὄμη·

1731 1915 1778 1962 r,
1816 1899 1921 1954 ista
1965 1915 2073 1953 non
2107 1899 2340 1954 docuisti
2372 1918 2385 1953 :
2423 1898 2692 1955 Homerus
2725 1907 2810 1955 est
2842 1900 2929 1953 hic
2973 1899 3078 1960 vir.
3122 1899 3232 1953 imo

70 2005 153 2057 ρος,
194 1982 335 2054 οὗτος
381 1992 544 2063 ἀνὴρ,
580 1992 714 2046 ἀλλὰ
742 1991 987 2055 Πλάτων,
1031 1992 1145 2046 ἀλλ’
1189 1991 1574 2064 Ἀριστοτέλης,

1725 1993 1852 2056 lato,
1910 1992 2021 2047 imo
2078 1991 2420 2052 Aristoteles,
2478 1989 2588 2045 imo
2645 1989 2890 2055 Susario,
2947 1991 3039 2061 qui
3095 1991 3229 2045 nihil

68 2079 167 2132 ἀλλὰ
209 2082 506 2152 Σουσαρίων
536 2083 650 2153 (25)
686 2086 714 2138 ὁ
744 2083 813 2137 τὰ
842 2084 1019 2138 πάντα
1047 2083 1425 2154 ἐπιστάμενος.
1473 2085 1572 2136 Kal

1726 2085 1971 2150 :noravit.
2007 2082 2186 2153 Atque
2240 2082 2351 2136 bzcc
2400 2081 2619 2152 quidem
2677 2083 2880 2154 lingua.
2935 2081 3014 2136 Tu
3067 2096 3230 2146 vero,

69 2169 200 2224 ταῦτα
229 2171 320 2242 μὲν
365 2173 398 2243 ἡ
441 2172 674 2241 γλῶττα.
712 2173 779 2226 Σὲ
813 2173 869 2227 δὲ
901 2173 1012 2245 εἴη,
1064 2173 1325 2237 Βασίλειε,
1362 2170 1573 2226 τοιαῦτα

1379 2170 1584 2226 τοιαῦτα
1677 2167 1867 2233 Basili,
1892 2167 2052 2223 velim
2080 2166 2303 2222 laudare
2325 2182 2412 2222 me
2438 2167 2612 2238 possis
2635 2167 2706 2222 ob
2733 2169 2883 2222 talia.

69 2259 178 2327 ἡμᾶς
204 2262 453 2317 ἐπαινεῖν.

502 2397 873 2452 ΕΠΙΣΤΟΛΗ“
899 2397 1088 2464 TNG”.

2158 2385 2492 2442 El‘ISTOl.A
2528 2387 2771 2442 CCCLVI

488 2512 756 2577 Respondet
782 2509 992 2563 Basilius
1014 2511 1226 2577 epistola!
1247 2505 1550 2576 prazcedenti,
1572 2516 1715 2570 seque
1733 2499 2026 2567 discipulum
2057 2501 2348 2566 piscatorum
2367 2517 2470 2554 esse
2495 2501 2759 2568 proﬁtetur.

473 2620 794 2686 Βασίλειος
834 2622 1107 2686 Λιϐανίῳ.

2202 2610 2436 2665 Basilius
2470 2610 2712 2667 Libanio.

119 2749 401 2822 Δεχομένοις
445 2753 548 2823 μὲν
579 2753 712 2823 ἡμῖν
739 2751 776 2806 ἃ.
821 2755 1070 2824 γράφεις,
1100 2750 1274 2822 χαράο
1315 2751 1577 2804 ἀπαιτου-

1750 2748 1881 2816 Qua:
1931 2747 2152 2810 scribis,
2215 2747 2426 2818 accipio
2477 2747 2694 2818 quidem
2738 2748 2892 2804 hctus
2922 2768 2934 2804 :
2964 2749 3055 2804 sed
3107 2751 3235 2805 dum

71 2843 211 2909 μένοις
256 2845 308 2898 δὲ
362 2845 498 2918 πρὸς
547 2845 583 2899 ἃ
626 2845 856 2916 γράφεις
911 2843 1360 2908 ἁντεπιστέλλειν,
1407 2842 1574 2911 ἁγών.

1732 2843 1872 2914 tigis,
1910 2852 1969 2896 ut
2015 2841 2080 2895 ad
2116 2855 2179 2895 ea
2233 2853 2352 2910 quae
2397 2839 2688 2909 scripsisti,
2742 2839 3060 2904 rescribam,
3117 2857 3236 2896 sum

71 2933 115 2983 Τί
139 2934 227 3006 γὰρ
252 2935 311 2990 ἂν
338 2938 588 3008 εἴποιμεν
617 2936 754 3009 πρὸς
784 2935 954 3000 οὕτως
980 2936 1356 3001 ἀττικίζουσαν
1407 2933 1575 3002 γλῶτ-

1727 2936 1901 2990 nxius.
1933 2932 2071 3000 Quid
2120 2933 2263 2988 enim
2302 2932 2369 2986 ad
2399 2932 2638 3002 linguam
2681 2931 2818 2987 adeo
2847 2932 3231 2987 atticissantem

70 3038 157 3081 τιν.
185 3025 305 3098 πλὴν
340 3029 418 3081 ὅτι
460 3026 661 3082 ἁλιέων
706 3026 821 3098 εἰμὶ
873 3026 1138 3098 μαθητὴς,
1187 3024 1432 3098 ὁμολογῶ
1483 3024 1574 3078 καὶ

1731 3027 1934 3091 ιιετίηι,
1971 3027 2072 3081 nisi
2114 3041 2198 3080 me
2229 3025 2561 3097 piscatorum
2593 3037 2715 3080 esse
2758 3023 3084 3096 discipulum
3114 3039 3235 3095 pro-

71 3114 173 3181 φιλῶ
189 3131 202 3179 ;

1681 3117 1820 3174 ﬁteri
1856 3133 1919 3171 ac
1954 3117 2192 3189 gaudere

527 3274 872 3327 ΕΠΙΣΤΟΛΠ
909 3271 1057 3326 ΤΝΖ¹
1989 3267 2031 3340 ἀ

1989 3267 2150 3340 462
2193 3266 2524 3324 EPISTULA
2561 3267 2831 3324 CCCLvu
2855 3271 2933 3324 η’.

508 3387 658 3451 Rogat
685 3385 916 3436 Basiliam
943 3381 1164 3435 Libanius
1185 3389 1236 3434 ut
1254 3380 1346 3434 sibi
1361 3393 1615 3432 narrarem
1639 3375 1789 3430 solvat
1813 3391 1876 3429 ea:
1897 3377 2062 3442 aliqua
2083 3375 2214 3426 illius
2234 3375 2437 3440 epistola
2459 3385 2747 3442 conceptum.

493 3495 771 3562 Αιϐάνιος
797 3496 1107 3563 Βασιλείᾳ).
1612 3505 1654 3563 c

1612 3505 1654 3563 ρ
2209 3486 2464 3541 Liban‘us
2499 3486 2723 3544 Basilio.

121 3623 174 3678 Τί
199 3627 368 3682 παθὼν
398 3628 680 3694 Βασίλειος
708 3629 1058 3702 ἐδυσχέρανεν
1096 3629 1158 3682 τὸ
1201 3627 1453 3701 γράμμα,
1481 3625 1579 3697 τῆς

1750 3621 1892 3690 Quid
1925 3637 2122 3693 passus
2159 3621 2394 3677 Basilius
2436 3623 2662 3678 moleste
2707 3623 2831 3677 tulit
2862 3625 3086 3687 litteras,
3119 3625 3235 3694 phi-

75 3714 337 3787 φιλοσοφίας
361 3721 423 3774 τὸ
453 3719 780 3792 γνὼρισμα;
832 3720 1050 3786 Παίζειν
1103 3720 1230 3792 παρ’
1272 3718 1425 3790 ὑμῶν
1474 3718 1579 3794 ἐδι-

1729 3715 1938 3785 sophiae
1966 3715 2286 3785 specimen?
2309 3713 2517 3771 Ludere
2545 3730 2576 3769 a
2608 3716 2762 3771 vobis
2792 3717 2971 3772 edocti
3004 3733 3193 3773 sumus
3219 3737 3233 3774 :

73 3805 326 3879 δάχθημεν·
363 3813 479 3867 ἀλλ’
518 3813 666 3883 ὅμως
695 3811 766 3865 τὰ
793 3812 1019 3882 παίγνια
1069 3813 1262 3883 σεμνὰ,
1293 3809 1387 3864 καὶ
1417 3810 1577 3864 οἱονεὶ

1733 3817 2057 3868 :rumtamen
2100 3808 2312 3864 ludicra
2364 3809 2549 3879 gravia
2585 3817 2734 3874 sunt,
2774 3825 2838 3866 ac
2887 3812 3049 3866 veluti
3095 3811 3237 3866 cani-

74 3897 196 3970 πώιᾷ
227 3903 516 3974 πρέποντα.
557 3901 718 3956 Ἀλλὰ
763 3902 900 3974 πρὸς
934 3902 1034 3972 τῆς
1066 3901 1245 3972 φιλίας
1277 3901 1446 3973 αὐτῆς
1486 3901 1578 3954 καὶ¹

1733 3916 1808 3956 em
1837 3899 2106 3956 decentia.
2155 3901 2265 3956 Sed
2302 3917 2398 3972 per
2444 3901 2737 3957 amicitiam
2782 3903 2950 3972 ipsam
2993 3918 3237 3958 commu-

47 3983 152 4038 πῶν
189 3992 366 4045 κοινῶν
409 3992 724 4064 διατριϐῶν,
758 3992 918 4046 λῦσόν
966 4010 1054 4063 μοι
1094 3993 1194 4064 τὴν
1221 3992 1478 4064 ἀθυμίαν,
1511 3993 1551 4062 ἦ

1730 4008 1888 4062 asque
1913 3992 2157 4059 scholas,
2187 3993 2320 4048 mihi
2352 3995 2501 4049 solve
2531 4008 2843 4060 mmrorem,
2883 4009 3041 4064 quem
3072 4009 3234 4064 pepe-

77 4079 691 4156 μοιὲτεκενήέπιστολὴ.
727 4125 742 4140 .
779 4121 841 4139 ..
879 4121 895 4138 .
928 4122 942 4136 .
976 4125 989 4138 .
1027 4126 1040 4138 .
1078 4123 1092 4139 .
1129 4123 1144 4138 .
1179 4121 1242 4141 ..
1275 4122 1292 4138 .
1331 4121 1394 4141 ..
1428 4084 1580 4138 οὐδὲν

1737 4084 2217 4155 tmihiepistola,
2261 4101 2291 4139 a
2335 4125 2348 4138 .
2392 4126 2408 4140 .
2455 4127 2470 4140 .
2515 4125 2529 4141 .
2573 4124 2587 4138 .
2630 4124 2646 4140 .
2691 4127 2704 4141 .
2746 4101 3081 4158 nequaquam
3131 4085 3235 4140 dif-

73 4166 364 4239 διαφέρουσα.

1686 4175 1885 4232 ferens.

512 4330 866 4384 ἘΠΙΣΤΟΛΗ
905 4329 1081 4383 TNH'.

2070 4329 2402 4386 EPlSTOLA
2440 4298 2852 4388 cccmu

276 4465 410 4519 Dolet
434 4461 657 4517 Libanius
678 4463 806 4529 quod
839 4475 932 4513 non
957 4460 1146 4512 sitcum
1177 4461 1383 4519 Basilio;
1406 4462 1672 4528 gratulatur
1701 4460 1829 4528 quod
1855 4461 2087 4523 juvenum
2107 4473 2273 4511 curam
2296 4460 2524 4512 suadente
2546 4464 2728 4513 Alcime
2747 4470 3022 4524 susceperit.

495 4572 768 4638 Λιόἁνιος
801 4570 1110 4636 Βασιλείᾳ).

2207 4569 2457 4625 Libanius
2494 4572 2713 4626 Basilio.

133 4698 180 4756 Ὠ
215 4707 408 4776 χρόνων
452 4707 695 4768 ἐκείνων,
729 4708 788 4760 ἐν
815 4699 894 4770 οἷς
943 4705 1011 4759 τά
1043 4705 1216 4758 πάντα
1240 4700 1379 4776 ἦμεν
1422 4706 1586 4774 άλλήο

1754 4707 1798 4762 0
1829 4714 2072 4778 tempora
2106 4706 2218 4771 illa,
2256 4709 2456 4779 quibus
2487 4720 2681 4765 cuncta
2723 4708 2950 4764 invicem
2996 4725 3232 4766 eramus.

77 4793 184 4855 Αοιςι
225 4797 330 4851 Νῦν
381 4795 718 4868 διῳκίσμεθα
765 4795 1010 4866 πικρῶς·
1056 4796 1212 4864 ὑμεῖς
1245 4795 1341 4867 μὲν
1373 4794 1581 4864 ἔχοντες

1734 4817 1840 4858 une
1890 4801 2084 4858 acerbe
2124 4803 2358 4872 sejuncti
2397 4819 2632 4860 sumus:
2665 4819 2762 4860 vos
2812 4803 3029 4875 quidem
3081 4805 3235 4860 vobis

75 4880 286 4955 ἀλλήλους
307 4906 320 4920 ⁸
379 4891 490 4959 ἐγὼ
537 4887 593 4942 δὲ
640 4885 754 4941 ἀνθ’
806 4886 958 4956 ὑμῶν
1004 4881 1104 4938 οἷοί
1143 4902 1247 4958 περ
1290 4887 1444 4956 ὑμεῖς
1492 4886 1579 4938 οὑ-

1730 4902 1872 4948 ιυιυο
1905 4893 2096 4963 potiti;
2131 4907 2233 4962 ego
2260 4909 2391 4949 vero
2421 4909 2520 4963 pro
2545 4894 2701 4949 vobis
2729 4894 2997 4950 neminem
3031 4894 3234 4949 habens

74 4969 187 5032 δένα.
213 4978 307 5032 Τὸν
341 4980 398 5032 δὲ
446 4978 705 5050 ’Ἄλκιμον
737 4975 917 5031 ἀκούω
947 4976 1012 5029 τὰ
1037 4976 1170 5029 νέων
1205 4976 1263 5027 ἐν
1298 4980 1442 5046 γήρᾳ
1467 4974 1578 5028 τολ-

1729 4985 1843 5040 astri
1872 4985 2127 5046 similem.
2160 4983 2332 5040 Porro
2356 4985 2621 5040 Alcimum
2658 4986 2819 5040 audio
2859 5001 2946 5041 res
2973 4987 3233 5055 juvenqu

78 5066 174 5132 μᾷν,
196 5069 439 5144 καὶπρὸς
473 5071 571 5142 τὴν
607 5068 824 5141 Ῥώμην
859 5067 1139 5132 πέτεσθαι,
1179 5066 1468 5140 περιθέντα
1497 5085 1579 5120 σοι

1727 5094 1736 5130 ι
1781 5085 2059 5134 senectute
2104 5076 2325 5141 audere,
2357 5085 2413 5132 et
2463 5077 2530 5132 ad
2559 5077 2787 5132 Romam
2835 5078 3038 5142 volare,
3079 5085 3231 5147 post-

74 5151 142 5202 τὸν
167 5157 246 5210 τοῦ
290 5163 518 5214 συνεῖναι
561 5161 673 5222 τοῖς
703 5157 1003 5230 παιδαρίοις
1047 5158 1225 5211 πόνον.
1276 5158 1346 5211 Σὺ
1391 5157 1466 5220 δέ,
1511 5157 1578 5210 τά

1729 5183 1841 5222 uam
1887 5184 2013 5224 eum
2045 5169 2290 5224 laborem
2332 5168 2434 5223 tibi
2474 5169 2754 5240 imposuit,
2785 5180 2844 5225 ut
2891 5185 3014 5225 cum
3049 5171 3233 5240 pueris

74 5254 117 5291 τε
154 5244 270 5300 ἄλλα
311 5252 480 5323 πρᾶός
516 5268 622 5315 τις,
672 5251 765 5304 καὶ
801 5250 956 5303 τοῦτο
993 5250 1158 5314 οἴσεις
1196 5248 1256 5303 οὐ
1295 5248 1577 5320 χαλεπῶςο

1731 5275 1928 5317 laneas.
1961 5260 2042 5315 Tu
2077 5277 2226 5327 vero,
2261 5277 2384 5317 cum
2415 5263 2561 5317 circa
2593 5264 2695 5317 alia
2729 5280 2944 5336 quoque
2983 5279 3235 5319 mansue-

75 5330 167 5426 trial
193 5340 277 5392 καὶ
314 5344 444 5414 ἡμῖν
479 5342 571 5397 τοῦ
599 5345 803 5415 γράψαι
829 5344 1088 5415 πρότερον
1111 5345 1210 5398 οὐκ
1239 5342 1394 5413 ἔσχες
1419 5343 1579 5413 χαλε-

1729 5367 1773 5408 IS
1807 5354 1904 5416 sis,
1943 5353 2045 5408 hoc
2071 5353 2235 5408 etiam
2269 5369 2377 5408 non
2419 5369 2561 5425 argre
2592 5355 2766 5422 feres;
2799 5357 3233 5426 quandoquidem

76 5422 179 5488 πῶς·
1686 5459 1787 5500 nec
1814 5445 2099 5500 molestum
2147 5445 2242 5500 tibi
2278 5445 2397 5513 fuit,
2440 5422 2500 5500 ut
2528 5447 2595 5502 ad
2637 5464 2737 5505 nos
2766 5422 2914 5520 prior
2942 5422 3258 5505 scriberes.-

247 5605 351 5686 ζοῦ
369 5608 581 5686 λέγειν.
721 5626 854 5686 mss.
873 5618 1098 5686 septem.
1111 5612 1264 5686 Editi
1279 5613 1371 5686 tofi
1393 5614 1571 5686 λόγου.

727 5626 854 5686 mss.
873 5612 1371 5686 septem.El_liti-:oii
1393 5614 1571 5686 λόγου.
1754 5624 1798 5645 *⁸
1825 5623 1973 5677 Alias
1999 5623 2231 5681 CLXIII-

131 5667 598 5752 (ἳῧλΣουσαρίων.
632 5679 915 5737 Medicarus
936 5667 1111 5738 'codei
1146 5667 1477 5756 Σουδαρίων.’

138 5741 153 5758 ⁹
169 5740 300 5801 Avhas
321 5746 511 5806 CLXII.

1752 5667 2549 5818 Elite‘lerii-‘Monument.
2575 5696 2667 5752 Ec.
2701 5697 2792 5754 Gr.
2827 5706 2866 5752 t.
2901 5697 2965 5763 11,
2997 5713 3052 5768 p.
3078 5695 3163 5754 96.

1935 5781 1946 5816 I
1989 5803 2006 5818 .
3079 5780 3081 5782 .

347 5839 608 5904 PA'rnOL.
654 5843 770 5906 Gn.
802 5843 1062 5908 XXXII.

2836 5862 2911 5924 35
