3810 6472
74 404 171 462 μοι

777 378 781 382 ’
830 392 1313 451 ΕΡιδτοιΑιωΜ
1350 392 1631 451 CLASSIS
1661 392 1750 452 Ill.
1789 393 2008 452 EPIST.
2047 394 2337 452 CCCLX“.

2290 134 2301 167 \

3082 403 3219 461 “03

72 519 237 587 λογίων,
264 512 519 579 ἐξέϐαλον,
568 511 904 578 καταξίωσον
949 517 1081 587 ἡμῖν
1116 518 1374 587 σημᾶναι,
1407 518 1556 581 ὅπως

1656 516 1828 587 plent,
1881 517 2017 573 usiae
2043 533 2139 574 seu
2194 517 2520 574 substantiae
2551 534 2770 588 nomen,
2801 522 2950 578 velut
2976 522 3219 580 alienum

70 627 113 664 τε
126 610 165 662 οῖ
190 606 394 678 πατέρες
412 603 555 675 αὐτῷ
571 605 889 677 ἐχρήσαντο,
917 610 1012 662 καὶ
1034 611 1083 663 εί
1116 610 1363 682 μηδαμοῦ
1395 606 1553 684 εὗρες

70 705 111 755 ὲν
130 702 182 771 τῇ
210 687 376 769 Γραφῇ
399 696 659 766 κείμενον.
686 698 788 753 Τὸν
811 698 919 772 γὰρ
951 700 1221 754 ἐπιούσιον
1246 701 1427 775 ἄρτον,
1462 706 1555 759 καὶ

68 791 133 845 τὸν
155 787 261 842 λαὸν
278 787 360 838 τὸν
378 784 696 856 περιούσιον,
725 788 819 841 καὶ
847 787 903 855 εί
935 805 988 841 τι
1016 787 1275 854 τοιοῦτον,
1305 789 1380 853 ὠς
1405 788 1554 844 οὐδὲν

68 883 210 950 έχοντα
236 877 395 932 κοινὸν
424 874 784 932 διαπτύουσιν.
822 878 1053 933 Ἔπειτα
1094 878 1273 950 μέντοι
1302 878 1397 932 καὶ
1429 879 1557 950 περὶ

67 970 188 1025 αὐτοῦ
212 969 293 1024 τοῦ
311 967 580 1041 ὀμοουσίου
604 962 685 1038 (οὗ
716 968 900 1024 ἕνεκεν
931 969 1171 1041 ἠγοῦμαι
1189 968 1360 1022 ταῦτα
1385 986 1551 1023 κατα-

69 1062 294 1126 σκευάζειν
333 1061 540 1125 αὐτοὺς,
564 1058 771 1131 βαθέως
801 1061 913 1132 τὴν·
939 1061 1126 1115 οὐσίαν
1155 1060 1553 1125 διαϐάλλοντας,

67 1154 170 1223 ὕπερ
194 1150 275 1205 τοῦ
315 1151 570 1223 μηδεμίαν
599 1149 780 1224 χώραν
811 1151 888 1223 τῷ
919 1153 1186 1224 ὁμοουσίῳ
1217 1152 1552 1226 καταλιπεῖν)

66 1243 276 1298 διαλαϐεῖν
301 1245 422 1314 ἡμῖν
458 1242 789 1315 πλατύτερον
826 1243 1134 1315 βουλήθητι,
1165 1245 1285 1300 τίνα
1314 1245 1412 1318 τὴν
1441 1245 1556 1298 διά-

67 1356 175 1392 νοιαν
197 1337 312 1409 ἔχει,
339 1338 427 1391 καὶ
485 1337 601 1401 πῶς
638 1336 703 1391 ἂν
736 1337 903 1409 ὑγιῶς
949 1337 1178 1407 λέγοιτο,
1211 1340 1296 1409 ἐφ’
1330 1332 1405 1393 ὧν
1432 1338 1553 1394 οὐτε

65 1431 177 1500 γένος
211 1430 366 1484 κοινὸν
419 1430 808 1503 ὑπερκείμενον
859 1430 1160 1503 θεωρεῖται,
1203 1430 1326 1485 οὐτε
1375 1431 1555 1486 ὑλικὸν

66 1522 351 1592 ὑποκείμενον
376 1522 752 1593 προϋπάρχον,
785 1523 885 1576 οὐκ
907 1522 1284 1596 ἁπομερισμὸς
1306 1523 1399 1577 τοῦ
1426 1542 1555 1595 προσ

64 1614 177 1685 τέρου
203 1615 273 1676 εἰς
296 1613 353 1666 τὸ
394 1612 661 1684 δεύτερον.
687 1611 812 1676 Πῶς
844 1608 935 1667 οὖν
956 1611 1061 1685 χρὴ
1083 1613 1260 1683 λέγειν
1276 1613 1555 1685 ὁμοούσιον

64 1703 126 1754 τὸν
154 1702 259 1755 Υίὸν
289 1701 362 1772 τῷ
397 1702 592 1773 Πατρὶ,
614 1703 693 1766 είς
725 1703 994 1774 μηδεμίαν
1034 1702 1239 1758 ἔννοιαν
1274 1703 1383 1757 τῶν
1406 1706 1557 1775 εἰρη-

67 1793 193 1864 μένων
242 1794 663 1858 καταπίπτοντας
687 1833 703 1858 ,
773 1794 996 1865 θέλησον
1048 1797 1178 1865 ἡμῖν
1227 1795 1556 1867 πλατύτερον

1656 621 1686 663 a
1717 605 1892 662 sacris
1938 607 2135 663 litteris
2188 607 2469 677 eiecerint,
2502 607 2729 679 dignare
2767 613 3078 684 significare
3111 615 3219 669 mi-

1655 695 1711 750 bi
1744 736 1761 761 ,
1800 712 1911 767 quo
1959 708 2121 767 pacto
2152 696 2342 754 Patres
2370 713 2436 754 eo
2484 701 2566 755 usi
2615 701 2820 758 fuerint
2852 745 2868 772 ,
2908 715 2965 761 et
2994 720 3063 760 an
3096 707 3221 761 nul-

1655 789 1752 844 libi
1812 790 1870 845 in
1923 789 2207 862 Scriptura
2262 791 2539 848 inveneris
2590 794 2850 864 positum.
2926 796 3062 852 Nam
3120 812 3220 869 pa-

1654 892 1780 932 nem
1823 877 2030 933 dictum
2064 880 2371 959 ἐπιούσιον,
2395 886 2449 935 et
2499 883 2758 952 populum
2812 887 3138 959 περιούσιον,
3167 898 3222 944 et

1656 968 1704 1022 si
1739 969 1869 1038 quid
1893 969 2092 1035 simile,
2126 973 2284 1040 quasi
2327 970 2465 1025 nihil
2502 972 2738 1028 habeant
2770 974 2860 1029 hic
2896 991 3219 1042 commune,

1656 1055 1953 1128 despuunt.
1985 1058 2195 1116 Deinde
2228 1076 2356 1116 vero
2407 1072 2460 1116 et
2489 1062 2555 1117 de
2608 1065 2728 1133 ipso
2761 1065 3221 1122 consubstantiali

1656 1148 1902 1225 (propter
1931 1153 2077 1223 quod
2113 1163 2244 1224 puto
2270 1169 2365 1210 eos
2417 1155 2523 1210 ista
2577 1154 2882 1220 adornare,
2947 1158 3041 1228 qui
3090 1162 3223 1217 sub-

1654 1246 1911 1298 stantiam
1965 1247 2187 1317 penitus
2245 1247 2615 1317 transfigunt,
2669 1257 2728 1303 ut
2776 1251 2986 1305 nullum
3038 1253 3219 1307 locum

1655 1329 1971 1399 relinquant
2059 1332 2639 1402 consubstantialitati)
2703 1335 3014 1404 disceptare
3063 1338 3222 1393 nobis

1654 1416 1835 1475 fusius
1891 1421 2046 1486 velis,
2116 1437 2277 1492 quem
2331 1437 2552 1478 sensum
2593 1424 2817 1494 habeat,
2847 1435 2900 1480 et
2950 1428 3224 1496 quomodo

1655 1509 1950 1567 salubriter
1997 1510 2309 1582 proferatur
2340 1550 2356 1577 ,
2402 1513 2460 1566 in
2499 1512 2703 1578 rebus,
2770 1516 2824 1568 in
2884 1516 3085 1586 quibus
3124 1534 3225 1574 nec

1654 1620 1824 1675 genus
1860 1619 2151 1659 commune
2200 1606 2612 1675 superpositum
2663 1607 2942 1672 cernitur,
2975 1624 3077 1664 nec
3104 1624 3216 1663 ma-

1655 1689 1845 1745 teriale
1896 1689 2204 1759 subjectum
2229 1689 2384 1759 prius
2428 1689 2723 1753 essistens,
2760 1706 2861 1746 nec
2909 1692 3226 1747 distributio

1653 1781 1819 1851 primi
1874 1779 1931 1834 in
1990 1784 2315 1838 secundum.
2375 1780 2494 1847 Qua
2534 1781 2702 1851 igitur
2730 1784 2945 1839 ratione
2977 1794 3228 1854 oporteat

63 1882 339 1953 διαρθρῶσαι.
397 1884 586 1955 Ἡμεῖς
620 1885 717 1956 μὲν
756 1884 865 1957 γὰρ
896 1884 1292 1956 ὑπειλήφαμεν,
1326 1887 1461 1958 ὅπερ
1485 1885 1549 1940 ἂν

1656 1873 1831 1927 dicere
1858 1869 2056 1925 Filium
2110 1870 2261 1924 Patri
2314 1872 2859 1938 consubstantialem,
2920 1875 2977 1928 in
3011 1875 3223 1929 nullum

63 1967 158 2026 εἶναι
181 1973 284 2028 καθ’
324 1975 574 2029 ὑπόθεσιν
608 1975 702 2029 τοῦ
746 1978 967 2049 Πατρὸς-
982 1978 1136 2031 οὐσία
1167 1977 1368 2049 ληφθῇ,
1400 1976 1556 2031 τοῦτο

63 2062 158 2118 εἶναι
188 2066 382 2132 πάντως
415 2070 713 2137 ἀναγκαῖον
735 2069 829 2123 καί
862 2070 959 2141 τὴν
1002 2069 1094 2124 τοῦ
1126 2068 1253 2123 Υἱοῦ
1278 2069 1556 2140 λαμϐάνε-

62 2157 164 2211 σθαι.
194 2158 336 2212 Ὥστε
378 2161 426 2213 εί
479 2176 599 2228 φως
621 2160 829 2233 νοητὸν,
881 2161 1068 2229 ἀΐδιον,
1115 2162 1426 2233 ἀγέννητον,
1457 2160 1556 2233 τὴν

60 2249 122 2302 τοῦ
145 2251 324 2323 Πατρὸς
374 2251 562 2307 οὐσίαν
612 2269 700 2328 τις
744 2253 912 2323 λέγοι,
956 2252 1072 2324 φῶς
1107 2254 1330 2328 νοητὸν,
1364 2254 1553 2323 ἀΐδιον,

60 2321 269 2411 γεννητὸν,
300 2343 389 2397 καὶ
414 2344 518 2415 τὴν
544 2344 638 2398 τοῦ
665 2321 1004 2415 ΙίῙονογενοῢῄς
1033 2321 1220 2400 οὐσίαν
1248 2347 1382 2419 ἐρεῖ.
1412 2321 1557 2418 Πρὸς

57 2432 96 2484 δὲ
135 2433 211 2505 τὴν
251 2434 497 2507 τοιαύτην
555 2435 760 2491 ἔννοιαν
800 2436 947 2491 δοκεῖ
984 2455 1074 2509 μοι
1117 2440 1149 2509 ὴ
1184 2436 1277 2491 τοῦ
1311 2437 1557 2510 ἀπαραλ-

57 2520 212 2587 λάκτως
250 2523 420 2595 ὁμοίου
450 2524 607 2596 φωνὴ
660 2525 857 2597 μᾶλλον
895 2526 1097 2598 ἣπερή
1146 2524 1239 2579 τοῦ
1270 2525 1553 2593 ὀμοουσίου

56 2615 298 2686 ἁρμόττειν.
338 2615 453 2681 Φῶς
499 2615 609 2689 γὰρ
664 2618 805 2686 φωτὶ⁵
860 2606 1130 2689 μηδεμίαν
1167 2617 1226 2671 ὲν
1252 2616 1330 2689 τῷ
1358 2617 1556 2688 μᾶλλον

58 2703 268 2779 καὶῆττον
302 2707 394 2780 τὴν
441 2694 707 2779 διαφορὰν
751 2708 892 2779 ἔχον,
931 2709 1127 2762 ταυτὸν
1153 2708 1252 2779 μὲν
1279 2709 1379 2763 οὐκ
1415 2704 1555 2763 εἶναι

58 2797 164 2863 (διότι
186 2801 235 2850 ἐν
259 2799 357 2872 ίδίᾳ
382 2802 701 2871 περιγραφῇ
730 2800 831 2870 τῆς
857 2801 1042 2864 οὐσίας
1082 2802 1228 2854 ἐστὶν
1250 2800 1552 2873 ἑκάτερον),

56 2889 188 2959 ὅμοιον
225 2892 277 2945 δὲ
325 2894 440 2946 κατ’
478 2893 672 2948 οὐσίαν
702 2891 947 2965 ἀκριϐῶς
988 2891 1439 2965 ἀπαραλλάκτως,
1463 2891 1555 2963 ὀρ-

56 2980 128 3044 θῶς
154 2982 207 3037 ἂν
256 2979 400 3056 οἶμαι
449 2984 726 3054 λέγεσθαι,
762 2985 885 3038 Εῖτε
915 2980 1007 3038 οὖν
1027 2984 1229 3048 ταύτας
1258 2984 1363 3058 χρὴ
1387 2984 1557 3037 διαλέ-

54 3072 193 3137 γεσθαι
230 3073 320 3139 τὰς
361 3075 592 3141 ἐννοίας,
615 3074 726 3130 εἴτε
768 3075 960 3146 ἑτέρας
985 3074 1202 3146 μείζους
1225 3074 1552 3138 ἀντιλαϐεῖν,

52 3160 103 3225 ὡς
125 3165 257 3233 σοφὸς
311 3168 491 3240 ἰατρὸς
536 3167 651 3236 (καὶ
696 3166 803 3240 γὰρ
834 3166 1171 3240 ὲξεφήναμέν
1199 3185 1280 3221 σοι
1307 3156 1378 3220 τὰ
1409 3168 1465 3220 ὲν
1487 3169 1551 3238 τῇ

1654 1961 2040 2031 praedictorum
2103 1977 2368 2017 sensuum
2422 1963 2755 2029 incidendo,
2810 1964 2897 2018 fac
2947 1975 3004 2020 ut
3066 1968 3225 2022 nobis

1654 2047 1923 2118 prolixius
1986 2051 2246 2120 explices.
2319 2050 2432 2107 Nos
2482 2053 2752 2123 siquidem
2808 2055 3223 2123 existimamus,

1654 2140 1921 2211 quidquid
1984 2157 2050 2197 ex
2100 2141 2393 2214 hypotbesi
2425 2182 2441 2209 ,
2507 2142 2686 2200 Patris
2745 2146 3047 2221 substantia
3102 2164 3226 2205 esse

1654 2240 1922 2296 sumatur,
1963 2232 2108 2288 idem
2172 2235 2398 2291 omnino
2438 2251 2560 2291 esse
2590 2245 2645 2291 et
2699 2238 3066 2293 substantiam
3102 2240 3225 2297 Filii

1657 2323 1800 2378 sumi
1829 2326 2144 2381 necessario
2175 2327 2413 2394 debere;
2470 2324 2606 2384 a'deo
2640 2338 2699 2384 ut
2737 2331 2783 2385 si
2818 2332 2943 2401 quis
2968 2334 3226 2390 substan-

1652 2417 1786 2471 tiam
1834 2416 2013 2474 Patris
2046 2419 2401 2490 appellaverit
2446 2421 2629 2477 lumen
2670 2423 2774 2478 sub
2810 2424 3224 2498 intelligentiam

1652 2510 1891 2575 cadens,
1950 2518 2237 2578 mternum,
2272 2512 2623 2585 ingenitum;
2669 2514 2946 2588 Unigeniti
3005 2536 3224 2593 quoque

1653 2600 2017 2656 substantiam
2070 2613 2365 2659 vacaturus
2396 2605 2468 2661 sit
2526 2606 2709 2661 lumen
2757 2608 2862 2663 sub
2915 2609 3226 2680 intelligen-

1653 2691 1783 2745 tiam
1819 2692 2045 2758 cadens,
2088 2701 2376 2761 aaternum,
2427 2696 2695 2768 genitum.
2747 2699 2807 2754 ln
2859 2699 3008 2756 hunc
3056 2716 3227 2772 porro

1653 2798 1875 2840 sensum
1925 2787 2057 2840 mihi
2101 2787 2337 2852 videtur,
2389 2804 2575 2846 vocem
2631 2791 2820 2845 similis
2861 2794 2973 2847 sine
3033 2794 3225 2848 discri-

1653 2877 1790 2931 mine
1820 2919 1835 2944 ,
1904 2880 2073 2948 magis
2122 2876 2466 2952 congruere,
2529 2898 2693 2953 quam
2740 2899 2927 2939 vocem
3000 2886 3225 2939 consub-

1654 2969 1940 3025 stantialis.
2012 2969 2148 3026 Nam
2197 2973 2291 3028 lux
2343 2989 2464 3043 qua:
2495 2991 2619 3029 cum
2666 2976 2787 3030 luce
2829 2978 3032 3032 nullam
3064 2979 3226 3034 habet
3265 3028 3270 3033 .

1655 3062 1956 3117 secundum
1987 3065 2160 3135 magis
2188 3074 2241 3120 et
2280 3069 2463 3124 minus
2511 3067 2894 3137 differentiam,
2928 3080 3076 3127 recte
3100 3073 3226 3140 qui-

1653 3153 1777 3209 dem
1810 3169 1929 3208 mca
1991 3157 2263 3211 sententia
2303 3158 2413 3213 dici
2466 3168 2661 3229 potest,
2722 3176 2833 3215 non
2864 3160 3054 3218 eadem
3102 3179 3227 3220 esse

54 3231 312 3327 καρδία),τὸ
345 3231 439 3332 μέν
469 3231 790 3330 ἀρτῥωστοῦν
820 3231 997 3323 ἴασαι,
1025 3231 1086 3312 τό
1113 3259 1169 3313 δὲ
1195 3258 1393 3331 σαθρὸν
1421 3231 1554 3312 uno:

1656 3260 1779 3300 cum
1835 3246 1966 3315 illa;
2009 3246 2446 3317 quandoquidem
2504 3250 2561 3304 in
2622 3250 2843 3321 propria
2903 3254 3222 3311 substantiae

53 3346 266 3415 στήριξον·
317 3351 480 3404 παντὶ
527 3350 585 3403 δὲ
636 3346 823 3423 τρόπῳ
874 3350 1170 3421 βεϐαίωσον
1216 3352 1382 3422 ἡμᾶς.
1413 3350 1553 3413 Τοὺς

54 3437 151 3502 μετὰ
189 3440 279 3510 τῆς
333 3442 624 3506 εὐλαϐείας
670 3460 762 3497 σου
796 3442 1055 3513 ἀδελφοὺς
1091 3442 1423 3512 ἀσπάζομαι,
1461 3440 1554 3493 καὶ

51 3521 147 3588 ἀξιῶ
166 3529 291 3597 μετὰ
318 3530 409 3584 σοῦ
455 3530 709 3602 εὔχεσθαι
742 3532 880 3603 ὑπὲρ
926 3530 1081 3603 ήμῶν
1104 3572 1119 3597 ,
1152 3531 1239 3584 ἵνα
1270 3528 1551 3600 σωθῶμεν.

58 3611 97 3666 ὐ
116 3617 296 3692 ἑταῖρος
330 3623 653 3695 Γρηγόριος,
680 3623 771 3677 τὸν
797 3622 934 3695 μετὰ
984 3622 1089 3676 τῶν
1123 3622 1323 3691 γονέων
1369 3621 1555 3691 ἑλόμε-

52 3719 111 3769 κς
142 3707 276 3778 βίον,
315 3715 500 3778 αὐτοῖς
549 3714 815 3771 σύνεστιν.
859 3710 1146 3787 ’Υγιαίνων
1211 3710 1552 3766 ὲπιπλεῖστον

50 3795 313 3873 φυλαχθείης
353 3804 508 3875 ἡμῖν,
551 3801 775 3872 ὠφελῶν
809 3802 955 3875 ἡμᾶς
977 3801 1074 3856 καὶ
1104 3802 1224 3864 ταῖς
1245 3800 1432 3870 εὐχαῖς
1457 3801 1553 3854 καὶ

50 3888 91 3956 τῇ
110 3886 290 3956 γνώσει.
848 3894 851 3897 ’

1657 3338 2106 3395 determinatione
2147 3349 2376 3412 utraque
2427 3344 2719 3411 consistit;
2772 3345 2867 3400 sed
2908 3346 3105 3404 similis
3137 3364 3224 3404 se-
3302 3418 3303 3423 η

1658 3431 1896 3487 cundum
1927 3431 2291 3487 substantiam
2322 3434 2571 3490 absolute
2614 3452 2680 3490 ac
2727 3452 2825 3507 per
2853 3440 3057 3493 omnia.
3099 3438 3226 3495 Sive

1658 3538 1789 3594 ergo
1824 3524 1923 3601 has
1974 3534 2228 3594 oporteat
2266 3527 2448 3598 eloqui
2507 3530 2867 3599 cogitationes
2896 3571 2910 3593 ,
2943 3532 3057 3586 sive
3089 3533 3226 3587 alias

1659 3615 1899 3684 majores
1937 3632 2256 3685 assumere,
2305 3628 2365 3674 tu
2407 3628 2670 3691 tanquam
2723 3623 2932 3691 peritus
2980 3625 3225 3681 medicus

1661 3706 1781 3777 (tibi
1822 3708 1967 3762 enim
2015 3724 2139 3780 quae
2161 3710 2326 3766 corde
2345 3711 2588 3782 gerimus
2620 3710 2852 3768 fecimus
2889 3714 3222 3784 manifesta),

1659 3799 1805 3870 quod
1857 3800 2078 3871 quidem
2117 3818 2322 3874 aegrum
2368 3811 2452 3859 est
2483 3818 2639 3868 sana,
2698 3804 2841 3875 quod
2894 3822 3020 3862 vero
3050 3806 3227 3862 debile

1659 3889 1916 3957 sufl'ulci;
1965 3890 2117 3946 omni
2163 3901 2342 3948 autem
2403 3892 2567 3947 modo
2603 3892 2868 3947 conﬁrma
2911 3909 3031 3948 nos.
3088 3891 3226 3947 Fra-

49 3988 223 4056 trosqui
250 3995 337 4043 tua
369 4005 498 4045 cum
540 3989 741 4061 pietate
780 3988 985 4060 degunt
1042 3988 1241 4053 saluto,
1281 3994 1335 4044 et
1390 4001 1547 4058 rogo,
1586 3996 1647 4042 ut
1703 4002 1813 4041 una
1843 3994 2024 4042 tecum
2053 4003 2153 4059 pro
2183 3988 2342 4044 nobis
2394 3995 2573 4055 orent,
2625 4003 2735 4059 quo
2802 3989 3032 4043 salutem
3098 4002 3229 4042 con-

48 4083 487 4157 sequamur.“
514 4083 729 4140 Sodalis
757 4082 1072 4155 Gregorius,
1139 4082 1315 4139 electa
1364 4097 1488 4138 cum
1550 4082 1872 4154 parentibus
1902 4083 2052 4148 vita,
2100 4082 2245 4155 apud
2295 4097 2392 4138 eos
2429 4091 2533 4138 est.
2573 4081 2753 4140 Sanus
2808 4085 2876 4139 ad
2933 4084 3227 4155 plurimum

46 4181 206 4244 tempus
228 4181 571 4238 conserveris
598 4180 777 4247 nobis,
803 4178 1067 4251 adiuvans
1096 4194 1197 4235 nos
1217 4186 1272 4235 et
1295 4177 1552 4250 precibus
1589 4188 1644 4236 et
1664 4177 1936 4234 doctrina.

491 4336 687 4394 ΕΠΙΣΊ
698 4337 836 4392 ΟΛΗ
883 4337 1048 4393 ΤΞΒν.

2113 4335 2449 4394 EPISTOLA
2470 4337 2784 4395 CCCLXII‘.

43 4484 312 4556 Inpendam
330 4495 634 4563 praecedenti
654 4494 891 4561 epistolw,
912 4500 958 4548 et
979 4496 1218 4561 quomodo
1239 4498 1392 4551 Pater
1410 4503 1457 4549 et
1481 4494 1640 4549 Filius
1663 4508 1812 4549 unum
1831 4493 1927 4577 sint
1946 4493 2222 4560 exponitur,
2240 4492 2475 4559 exemplis
2491 4508 2518 4547 ε
2534 4501 2709 4546 natura
2729 4496 2938 4548 humana
2952 4494 3189 4549 adducti}.

377 4643 678 4711 Βασιλείῳ
726 4620 1155 4716 Ἀπολινάριος.

84 4775 313 4845 Φιλοθέως
374 4781 678 4847 πιστεύεις,
722 4782 816 4836 καὶ
864 4781 1161 4853 φιλολόγως
1209 4784 1410 4853 ζητεῖς,
1446 4781 1550 4849 ,καὶ

37 4868 131 4937 παρ’
154 4871 293 4942 ἡμῶν
318 4873 381 4927 τὸ
429 4872 710 4945 πρόθυμον
745 4876 1017 4946 ὀφείλεται
1053 4875 1143 4930 διὰ
1172 4875 1272 4946 τὴν
1308 4877 1547 4949 ἀγάπην,

37 4959 68 5009 εί
89 4962 165 5015 καὶ
185 4966 242 5018 τὸ
271 4966 456 5021 ἱκανὸν
489 4964 568 5037 τῷ
598 4965 741 5038 λόγῳ
773 4968 846 5039 μὴ
887 4967 1091 5033 ἕποιτο,
1124 4968 1213 5023 διά
1237 4985 1296 5022 τε
1324 4967 1386 5022 τὸ
1411 4968 1548 5040 ἠμέ-

37 5063 148 5120 τερον
170 5054 357 5125 ἐνδεὲς,
380 5058 479 5111 καὶ
492 5057 553 5112 τὸ
590 5058 681 5112 τοῦ
713 5059 1034 5131 πράγματος
1063 5060 1357 5132 ὑπερφυές.
1376 5060 1549 5114 Οὐσία

37 5142 118 5208 μία,
142 5148 231 5203 οὐκ
263 5150 485 5223 ἀριθμῷ
534 5150 692 5222 μόνον
741 5151 977 5221 λέγεται,
1010 5152 1198 5225 ὥσπερ
1226 5152 1423 5222 λέγεις,
1456 5153 1550 5207 καὶ

37 5232 136 5291 τὸὲν
164 5243 254 5313 μιᾷ
288 5245 627 5316 περιγραφῇ,
661 5242 795 5298 ἀλλὰ
831 5245 923 5299 καλ⁸
957 5244 1100 5309 ῖδίως
1132 5242 1432 5317 ἀνθρώπων
1457 5243 1551 5299 δύο

37 5328 97 5380 καὶ
120 5331 262 5387 ἄλλου
288 5333 509 5389 ὁτουοῦν
536 5335 644 5390 τῶν
674 5336 819 5391 κατὰ
844 5337 999 5406 γένος
1022 5333 1344 5408 ὲνιζομένων
1361 5350 1376 5364 ·
1409 5335 1549 5389 ὥστε

37 5422 161 5495 ταύτῃ
182 5442 241 5493 γε
262 5428 355 5481 καὶ
384 5427 482 5481 δύο
506 5427 601 5482 καὶ
632 5427 853 5483 πλείονα
877 5427 988 5500 (27)
1018 5429 1211 5482 ταυτὸν
1240 5424 1379 5483 εἶναι
1409 5427 1548 5483 κατὰ

37 5508 100 5599 τῂν
116 5516 305 5580 οὐσίαν,
345 5518 484 5573 καθὸ
518 5520 612 5573 καὶ
643 5520 842 5584 πάντες
869 5520 1143 5592 ἄνθρωποι
1181 5521 1352 5593 Ἀδάμ
1378 5524 1543 5599 ἐσμεν

37 5593 253 5672 εἷςὸντες,
295 5610 393 5663 καὶ
430 5600 594 5663 Δαϐὶδ
616 5612 646 5664 ό
671 5608 765 5662 τοῦ
789 5608 950 5664 Δαϐὶδ
970 5609 1106 5675 υίὸς,
1138 5611 1214 5675 ὡς
1244 5594 1438 5664 ταυτὸν
1463 5606 1546 5665 ’ὣν

79 5777 173 5847 (27)
202 5782 350 5842 Fort.
384 5785 650 5855 πλείονας.
675 5788 877 5848 Com.

1585 4656 1633 4712 D

2114 4644 2323 4701 Basilio
2352 4643 2716 4714 Apolinarius.

1728 4777 1802 4834 Ut
1840 4775 1937 4834 Dei
1980 4784 2255 4833 amantem
2296 4776 2477 4832 virum
2511 4774 2667 4830 decet
2714 4775 3002 4843 credis,‘et
3035 4785 3095 4832 ut
3126 4777 3226 4833 do-

1656 4869 1848 4926 ctrinae
1890 4866 2174 4924 studiosus
2209 4869 2451 4939 quaeris;
2488 4876 2651 4938 atque
2689 4883 2718 4921 a
2749 4868 2909 4923 nobis
2940 4876 3225 4939 promptus

1655 4965 1871 5020 animus
1921 4963 2151 5021 debetur
2178 4974 2399 5034 propter
2429 4961 2781 5028 cbaritatem,
2836 4961 2963 5016 licet
2994 4962 3222 5018 scientia

1657 5054 1930 5113 sufﬁciens
1981 5070 2092 5111 non
2120 5048 2429 5125 sequatur',
2470 5068 2595 5107 cum
2624 5052 2695 5108 ob
2727 5052 3082 5124 indigentiam
3122 5069 3224 5108 no-

1656 5155 1826 5205 stram
1855 5187 1872 5213 ,
1901 5154 2018 5206 tum
2042 5145 2113 5203 ob
2138 5147 2218 5201 rei
2240 5145 2682 5202 immensitatem.
2735 5143 2853 5199 Una
2894 5145 3219 5211 substantia,

1655 5259 1767 5299 non
1823 5256 2055 5298 numero
2099 5242 2276 5298 solum
2325 5239 2549 5302 dicitur.
2599 5239 3059 5311 quemadmodum
3115 5239 3220 5303 ais,

1654 5349 1709 5394 et
1743 5338 1889 5409 quod
1940 5344 2025 5393 est
2073 5336 2128 5391 in
2204 5350 2314 5390 una
2373 5333 2860 5400 determinatione;
2904 5332 2998 5388 sed
3057 5331 3224 5387 etiam

1651 5430 1874 5500 proprie
1927 5429 2161 5484 duorum
2216 5426 2496 5482 hominum
2550 5434 2606 5481 et
2659 5426 2884 5482 alterius
2939 5424 3166 5495 cujusve
3200 5465 3216 5486 ,

1654 5523 1749 5594 qui
1778 5524 1834 5578 in
1880 5537 2077 5595 genere
2106 5521 2420 5576 adunantur
2451 5538 2465 5574 :
2500 5520 2576 5574 ita
2625 5528 2685 5573 ut
2729 5518 2831 5573 hac
2874 5519 3087 5576 ratione
3112 5517 3220 5572 duo

1655 5628 1719 5670 ac
1767 5615 1956 5686 plures
2016 5611 2162 5668 idem
2207 5612 2320 5668 sint
2360 5609 2660 5668 secundum
2702 5612 3107 5680 substantiam;
3159 5611 3218 5667 in

1721 5797 1742 5820 '
1771 5791 1852 5850 Ex
1886 5795 2212 5850 Monument.
2245 5789 2395 5850 Eccl.
2427 5790 2521 5848 Gr.
2555 5800 2599 5851 t.
2637 5791 2707 5862 ll,
2737 5807 2793 5864 p.
2826 5790 2916 5851 86.
