3810 6468
597 393 730 450 H03

1898 390 1950 445 S.
1995 388 2235 446 BASlLll
2273 388 2485 445 MAGNI

3635 395 3727 447 iitll

592 523 853 586 quantum
894 523 1083 567 omnes
1139 510 1388 567 homines
1430 509 1600 567 Adam
1645 526 1854 584 sumus,
1883 515 1976 583 qui
2008 529 2149 569 unus

2260 513 2442 585 latelth
2459 529 2473 544 ·
2500 511 2641 566 καθά
2673 511 2873 567 καὶτὸν
2908 512 3033 567 Υἰδν
3061 510 3241 582 λέγεις
3270 509 3449 573 milia;
3478 506 3612 562 τοῦτο
3633 506 3730 563 εἶναι

594 605 767 660 simus
793 622 807 667 ;
841 611 893 658 et
916 601 1081 657 David
1103 643 1120 667 ,
1151 602 1373 659 Davidis
1412 603 1591 666 llllus.
1621 605 1714 676 qui
1756 604 1896 659 idem
1927 605 1997 659 sit
2025 620 2148 660 cum

593 696 686 749 illo
723 709 737 747 :
776 697 921 750 sicut
951 702 1008 751 et
1037 693 1234 749 Filium
1264 705 1410 752 recte
1448 697 1652 752 asseris
1686 695 1742 751 id
1790 713 1912 754 esse
1954 713 2152 753 secun-

594 786 723 840 dum
778 787 1179 853 substantiam,
1232 786 1379 857 quod
1432 797 1512 844 est
1559 786 1737 844 Pater.
1791 789 1964 843 Aliter
2005 789 2152 843 enim

599 876 766 932 Filius
798 893 902 932 non
936 885 1081 933 esset
1128 876 1295 940 Deus,
1334 895 1457 933 cum
1501 879 1556 934 in
1594 878 1847 935 confesso
1884 879 1953 934 sit
1985 895 2151 935 unum

597 982 719 1024 esse
757 983 821 1023 ac
866 969 1039 1023 solum
1087 966 1253 1024 Deum
1290 966 1501 1024 Patrem
1555 988 1567 1022 :
1618 986 1727 1040 quo
1785 981 1943 1042 pacto
2011 984 2152 1025 unus

599 1060 793 1124 Adam,
838 1060 1116 1114 hominum
1161 1062 1373 1130 generis
1419 1063 1700 1131 princeps;
1748 1072 1804 1118 et
1865 1079 2005 1120 unus
2050 1063 2147 1117 Da-

599 1153 686 1208 vid
713 1194 728 1218 ,
771 1153 902 1224 regii
956 1154 1172 1225 generis
1205 1161 1413 1209 auctor.
1472 1155 1647 1225 Atque
1691 1156 1762 1209 ita
1794 1196 1809 1222 ,
1840 1171 2006 1210 unum
2032 1170 2154 1211 esse

600 1259 769 1315 genus
819 1243 1219 1314 superpositum
1245 1283 1260 1303 .
1309 1253 1403 1298 aut
1443 1260 1606 1298 unam
1646 1247 1926 1300 materiam
1971 1245 2150 1315 subje-

598 1345 765 1401 ctam,
824 1334 879 1389 in
929 1333 1089 1390 Patre
1136 1346 1191 1392 et
1217 1332 1399 1399 Filio,
1452 1350 1481 1389 a
1534 1336 1781 1407 cogitatis
1835 1336 2151 1400 auferetur,

601 1441 725 1482 eum
758 1425 1111 1496 principalem
1153 1425 1614 1496 assumpserimus
1643 1426 2027 1496 proprietatem
2059 1442 2153 1483 su-

602 1517 771 1589 premi
826 1514 1114 1588 principii,
1158 1522 1213 1570 et
1270 1531 1466 1586 genera
1501 1532 1567 1570 ex
1609 1532 1867 1587 generum
1896 1517 2157 1588 principi—

602 1608 725 1668 bus.
774 1607 840 1661 ad
914 1606 1243 1677 unigenitam
1289 1607 1493 1676 prolem
1564 1621 1628 1661 ex
1707 1620 1817 1661 uno
1890 1608 2156 1678 principio

600 1697 879 1754 orientem.
925 1695 1058 1750 Nam
1114 1693 1454 1767 aliquatenus
1498 1702 1707 1749 tantum
1755 1694 2021 1765 ejusmodi
2067 1712 2155 1753 res

602 1790 658 1844 in
706 1785 1116 1844 similitudinem
1164 1784 1411 1841 veniunt.
1475 1784 1743 1852 Quoniam
1802 1800 1975 1855 neque
2018 1785 2157 1839 Ada-

2249 604 2389 660 κατά
2434 605 2532 677 τὴν
2577 605 2787 668 οὑσίαν,
2837 605 2974 677 ὅπερ
3001 605 3029 657 6
3066 606 3274 675 Πατήρ.
3310 602 3444 657 Οὑδὲ
3469 601 3566 673 γὰρ
3590 603 3733 673 Eripe;

2247 694 2315 749 ἂν
2357 690 2426 767 ἦν
2476 695 2609 760 Θεὸς
2643 698 2673 750 ὁ
2720 696 2882 760 Υίδς,
2927 696 3043 759 ἐνὸς
3071 694 3499 767 ὁμολογουμένου
3524 698 3601 749 καὶ
3622 700 3732 769 μόνω

2248 786 2382 841 Θεοῦ
2408 785 2500 841 τοῦ
2538 789 2779 860 Πατρός·
2818 787 2893 852 ὥς
2924 805 3027 842 που
3069 789 3161 841 καὶ
3193 784 3272 851 εἷς
3313 788 3507 857 Ἀδὰμ,
3536 790 3561 840 6
3586 788 3735 860 ἀνθρὼο

2250 894 2367 931 πων
2398 878 2688 951 γενάρκης,
2722 880 2817 933 καὶ
2843 873 2921 943 εἷς
2945 879 3125 943 Δαϐὶδ,
3155 880 3184 932 6
3204 879 3297 932 τοῦ
3322 878 3580 949 βασιλείου
3603 882 3736 948 γένους

2249 970 2577 1045 ἀρχηγέτης.
2621 969 2805 1044 Ταύτῃ
2842 971 2905 1039 γέ
2937 987 3019 1023 τοι
3066 970 3159 1024 καὶ
3201 969 3259 1023 ἓν
3291 966 3434 1023 εἶναι
3460 970 3598 1038 γένος
3622 971 3737 1042 ὑπερ-

2252 1063 2519 1132 κείμενον,
2548 1062 2582 1132 ῆ
2614 1062 2741 1133 μίαν
2780 1061 2913 1134 ὑλην
2944 1061 3330 1133 ὑποκειμένην,
3360 1063 3457 1115 ἐπὶ
3478 1063 3654 1133 Πατρός
3675 1064 3737 1115 ui

2252 1153 2405 1216 Υἰοῦ,
2447 1153 2923 1225 περιαιρεθήσεται
2946 1154 3055 1210 τῶν
3094 1155 3379 1220 ὑπονοιῶν,
3409 1156 3536 1208 ὅταν
3567 1156 3642 1226 τὴν

2251 1246 2512 1317 ναρχικὴν
2538 1245 2939 1316 παραλάϐωμεν
2966 1246 3199 1318 ἰδιότητα
3224 1247 3325 1317 τῆς
3340 1247 3588 1300 ἀνωτάτω
3604 1248 3737 1317 ἀρχῆς,

2253 1338 2343 1391 καὶ
2371 1338 2441 1392 τὰ
2476 1338 2543 1391 ἐκ
2565 1337 2673 1391 τῶν
2695 1338 2977 1410 γεναρχῶν
3007 1338 3160 1409 γένη,
3209 1339 3346 1411 πρὸς
3380 1337 3444 1391 τὺ
3474 1340 3537 1391 ἐκ
3559 1339 3637 1407 τῆς
3655 1340 3739 1409 μείς

2253 1429 2426 1500 ἀρχῆς
2461 1429 2746 1499 μονογενὲς
2778 1429 3054 1500 γέννημα·
3087 1429 3325 1500 μετρίως
3360 1429 3474 1498 γάρ
3498 1427 3563 1481 τά
3586 1427 3741 1481 rotave:

2252 1503 2606 1590 είξῖμοίωσιν
2630 1519 2869 1592 ἔρχεται.
2898 1520 3048 1575 Καθδ
3084 1521 3216 1593 μηδὲ
3241 1520 3336 1574 τοῦ
3378 1521 3570 1592 Ἀδὰμ,
3586 1520 3646 1583 ὡς
3663 1520 3741 1572 θεο-

2254 1612 2511 1677 πλάστου,
2546 1612 2640 1665 καὶ
2675 1612 2852 1682 ἡμῶν,
2892 1613 2969 1678 ὡς
2995 1613 3544 1685 ἀνθρωπογεννήτων,
3564 1612 3611 1665 ἒν
3636 1611 3744 1678 ὒτίρο

2254 1721 2427 1759 κειται
2456 1704 2640 1774 γένος·
2670 1704 2784 1759 ἀλλ’
2820 1704 2981 1769 αὐτὸς
3017 1703 3316 1776 ἀνθρώπων
3342 1704 3490 1776 ἀρχή
3511 1719 3525 1732 ·
3558 1703 3741 1775 μήτεῦὶη

2254 1797 2406 1869 κοινὴ
2434 1795 2599 1849 αὑτοῦ
2631 1813 2691 1850 τε
2739 1797 2833 1851 καὶ
2866 1796 3043 1868 ἡμῶν,
3068 1796 3185 1851 ἀλλ’
3215 1795 3378 1859 αὑτὸς
3410 1798 3447 1866 ἠ
3479 1796 3664 1849 πάντων
3683 1797 3743 1848 ἀν-

601 1895 712 1943 ωο,
747 1887 801 1933 ιιι
843 1893 938 1949 ρει·
978 1876 1143 1932 Deum
1181 1874 1423 1935 condito.
1471 1884 1527 1932 et
1577 1876 1760 1939 nobis,
1796 1884 1858 1931 ut
1913 1891 2010 1945 per
2058 1878 2157 1931 ho-

2260 1889 2483 1963 Βρώπων
2511 1889 2784 1953 ὑπόθεσις.
2822 1891 2976 1962 Μήτε
3008 1888 3114 1962 μὴν
3140 1887 3236 1942 τοῦ
3260 1888 3451 1951 Δασὶδ,
3480 1889 3569 1942 καὶ
3587 1886 3659 1941 toti
3683 1887 3742 1955 τί·

602 1973 777 2027 mines
839 1970 1070 2042 genitis,
1142 1984 1307 2023 unum
1363 1969 1748 2039 superponitur
1793 1983 2010 2040 genus;
2061 1969 2154 2024 sed

603 2065 718 2134 ipse
770 2071 851 2116 est
921 2062 1198 2115 hominum
1268 2059 1593 2130 principium
1639 2074 1865 2130 :neque
1933 2059 2156 2114 materia

603 2158 905 2209 communis
950 2160 1034 2209 est
1091 2152 1169 2207 illi
1227 2151 1551 2218 nobiscum;
1594 2150 1689 2206 sed
1735 2150 1851 2222 ipse
1891 2161 1975 2207 est
2024 2166 2158 2205 cun-

605 2258 812 2300 ctorum
842 2246 1118 2299 hominum
1165 2242 1597 2300 fundamentum.
1630 2242 1815 2317 Neque
1848 2244 2011 2300 etiam
2031 2260 2159 2314 erga

604 2335 860 2391 Davitlem
911 2350 974 2389 ac
1033 2349 1205 2406 genus
1240 2348 1305 2389 ex
1356 2333 1554 2389 Davide
1599 2345 1813 2403 ortum,
1879 2335 1931 2390 id
1965 2334 2163 2405 praeiu-

606 2430 883 2501 telligitur,
926 2429 981 2482 in
1036 2434 1297 2499 quantum
1333 2434 1418 2482 est
1462 2425 1627 2481 David
1674 2446 1688 2482 :
1727 2426 2159 2499 quandoquidem

604 2520 825 2575 Davidis
887 2520 1228 2590 proprietas,
1307 2530 1338 2570 a
1388 2515 1586 2573 Davide
1637 2518 1866 2589 incipit,
1923 2525 1978 2573 et
2036 2516 2162 2571 fun—

604 2613 915 2667 damentum
958 2610 1199 2664 omnium
1246 2608 1339 2679 qui
1388 2625 1454 2663 ex
1492 2624 1558 2664 eo
1613 2610 1874 2681 originem
1931 2610 2159 2675 ducunt,

606 2706 723 2776 ipse
783 2712 867 2760 est
922 2723 936 2759 :
993 2706 1088 2761 sed
1158 2706 1285 2778 quia
1352 2705 1469 2760 iure
1525 2705 1824 2771 deficiunt,
1870 2705 1924 2759 in
1976 2721 2164 2775 quan-

608 2805 720 2851 tum
780 2797 897 2851 alia:
942 2804 1069 2851 sunt
1109 2797 1533 2852 communitates
1586 2797 1826 2849 omnium
1884 2796 2163 2850 hominum

609 2888 677 2942 ad
710 2888 939 2942 invicem
967 2927 983 2952 ,
1048 2889 1235 2958 quales
1283 2887 1510 2944 fratrum
1550 2904 1563 2941 :
1595 2897 1649 2943 at
1679 2888 1825 2943 circa
1855 2889 2072 2945 Patrem
2112 2898 2165 2943 et

610 2976 802 3033 Filium
852 2979 955 3033 hoc
986 2994 1094 3032 non
1132 2979 1402 3051 reperies,
1444 2979 1539 3034 sed
1572 2996 1633 3035 ex
1678 2987 1791 3033 toto
1816 2978 1977 3035 Pater
2016 2980 2166 3050 prin-

610 3071 809 3140 cipium
840 3109 855 3134 ,
896 3079 949 3125 et
993 3067 1160 3126 Filius
1216 3086 1284 3125 ex
1327 3070 1608 3141 principio.
1642 3070 1820 3138 Quare
1844 3085 1946 3125 nec
1978 3070 2166 3126 distri-

610 3160 762 3216 butio
791 3168 875 3217 est
910 3161 1070 3231 primi
1100 3162 1155 3216 in
1180 3162 1473 3217 secundum
1502 3202 1517 3227 ,
1551 3163 1694 3218 velut
1738 3163 1790 3216 in
1824 3162 2162 3233 corporibus,

610 3269 799 3309 verum
854 3254 1223 3325 generationis
1265 3254 1549 3325 productio
1599 3273 1613 3309 :
1674 3270 1847 3325 neque
1881 3255 2024 3310 enim
2063 3252 2165 3309 Pa-

610 3347 711 3402 tris
762 3347 1064 3417 proprietas
1114 3346 1259 3401 velut
1311 3345 1366 3401 in
1416 3345 1611 3401 Filium
1665 3347 1835 3401 divisa
1874 3346 2016 3412 fuit,
2068 3346 2162 3402 sed

610 3433 731 3489 Filii
784 3435 1087 3505 proprietas
1132 3450 1200 3490 ex
1252 3441 1475 3506 paterna
1521 3436 1723 3506 prodiit
1772 3454 1785 3491 :
1824 3436 1964 3492 idem
1998 3435 2052 3491 in
2084 3435 2163 3492 di-

611 3523 907 3588 versitate,
966 3531 1020 3579 et
1070 3523 1348 3579 diversum
1422 3524 1478 3577 in
1532 3524 1810 3579 identitate
1850 3523 2167 3595 :quomodo

611 3616 812 3670 dicitur
839 3614 1050 3671 Patrem
1089 3630 1211 3671 esse
1238 3614 1293 3669 in
1341 3612 1516 3678 Filio,
1557 3624 1612 3670 et
1649 3615 1841 3670 Filium
1881 3615 1936 3669 in
1985 3615 2163 3671 Patre.

609 3706 793 3778 Neque
837 3709 981 3761 enim
1046 3706 1336 3763 diversitas
1388 3707 1638 3763 absolute
1680 3706 1920 3763 servabit
1963 3708 2167 3761 verita-

612 3807 719 3853 tem
778 3798 1090 3861 llliationis,
1128 3812 1229 3853 nec
1258 3812 1448 3853 rursus
1491 3798 1747 3854 identitas
1787 3797 2167 3853 indivisionem

615 3891 966 3960 hypostaseos
1023 3905 1037 3941 :
1078 3887 1172 3942 sed
1228 3897 1518 3958 utrumque
1569 3888 1919 3957 conjunctum
1975 3899 2060 3943 est
2104 3903 2167 3941 ac.

614 3982 775 4035 unius
814 3978 997 4042 modi;
1044 3976 1185 4032 idem
1229 3978 1470 4041 diverse,
1513 3988 1567 4032 et
1616 3977 1890 4033 diversum
1978 3976 2165 4033 eodem

611 4068 811 4136 modo;
865 4077 933 4122 ut:
970 4067 1230 4122 vocabula
1260 4105 1277 4131 ,
1315 4081 1437 4137 qua:
1497 4067 1565 4121 ad
1628 4069 1702 4123 rei
1749 4067 2165 4122 declarationem

613 4160 914 4230 pertingere
965 4168 1271 4229 nequeunt,
1311 4174 1407 4229 per
1450 4159 1557 4213 vim
1600 4158 1940 4213 adducantur
1974 4174 1988 4211 :
2036 4173 2169 4214 con—

616 4251 863 4305 lirmante
935 4248 1344 4321 intelligentiam
1408 4256 1650 4305 nostram
1706 4247 1974 4313 Domino,
2043 4263 2168 4303 cum

613 4357 711 4413 per
754 4355 941 4397 vocem
989 4341 1161 4410 major
1179 4341 1225 4373 ⁸⁸
1266 4339 1479 4396 Patrem
1517 4340 1734 4411 quidem
1780 4341 1834 4394 in
1864 4341 2170 4411 aequalitate

612 4434 872 4505 majorem
932 4434 1191 4501 exhibet,
1234 4432 1429 4489 Filium
1481 4449 1612 4490 vero
1658 4434 1714 4489 in
1764 4434 1959 4490 minori
1996 4435 2169 4506 gradu

2256 1999 2377 2047 νους
2397 1982 2490 2036 τοῦ
2520 1985 2581 2036 ἐκ
2611 1982 2793 2046 Δαϐὶδ,
2827 1987 3245 2054 προεπινοεϊται,
3273 1981 3412 2035 καθὸ
3442 1981 3623 2035 Δαϐίδ·
3647 1979 3743 2033 ἐπε·

2256 2089 2361 2145 περ
2397 2074 2430 2144 ἡ
2452 2072 2544 2126 τοῦ
2572 2073 2733 2127 Δαϐὶδ
2765 2072 2981 2143 ἰδιότης,
3011 2072 3119 2127 ἀπὸ
3144 2072 3238 2126 τοῦ
3260 2072 3433 2127 Δαϐὶδ
3458 2075 3667 2145 ἄρχεται,
3683 2070 3743 2122 ui

2256 2167 2289 2237 ἡ
2324 2166 2576 2230 ὑπόθεσις
2598 2166 2705 2219 τῶν
2732 2165 2791 2233 ἐξ
2814 2166 2977 2219 αὐτοῦ
3000 2166 3238 2234 πάντων,
3266 2166 3435 2231 αὑτός
3453 2182 3470 2196 ·
3621 2164 3744 2231 me,

2255 2256 2426 2310 ταῦτα
2475 2255 2850 2319 ἀπολείπεται,
2903 2257 3040 2311 καθό
3100 2260 3237 2312 εἰσιν
3289 2259 3478 2329 ἕτεραι
3518 2258 3746 2325 κοινότητες

2256 2349 2554 2421 ἀνθρώπων
2594 2350 2844 2404 ἁπάντων
2894 2351 3030 2423 πρὸς
3083 2351 3361 2421 ἀλλήλους,
3420 2346 3530 2406 οἷαι
3558 2351 3613 2405 ἀν
3646 2349 3748 2403 ἀδελ-

2259 2438 2403 2507 φῶν·
2439 2440 2531 2491 ἐπὶ
2574 2439 2631 2492 δὲ
2678 2440 2888 2511 Πατρός
2922 2442 3016 2494 καὶ
3052 2440 3183 2495 Υἱοῦ
3226 2441 3471 2495 τοιοῦτον
3504 2443 3593 2495 οὑχ
3630 2442 3747 2501 ἔστιν,

2257 2532 2391 2586 ἀλλά
2421 2532 2484 2585 τὸ
2519 2532 2638 2586 ὅλον
2693 2533 2884 2607 Πατὴρ
2910 2534 3077 2606 ἀρχὴ,
3130 2536 3225 2589 καὶ
3258 2536 3384 2599 Υἱὸς
3410 2537 3480 2589 ἐκ
3504 2535 3593 2606 τῆς
3612 2534 3749 2605 ἀρῆς.

2259 2623 2467 2678 υὺκοῦν
2492 2624 2613 2679 οὑδὲ
2644 2627 3019 2697 άπομερισμὸς
3061 2625 3157 2681 τοῦ
3198 2627 3465 2699 προτέρου
3495 2630 3570 2692 είς
3597 2628 3647 2679 τὸ
3668 2626 3749 2677 δεό-

2258 2731 2435 2787 τερον,
2459 2715 2645 2785 ὥσπερ
2676 2716 2769 2770 ἐπὶ
2804 2716 3090 2788 σωμάτων,
3123 2717 3238 2772 ἀλλ’
3275 2719 3638 2791 ἀπογέννησις.
3661 2716 3749 2770 016i

2259 2804 2368 2877 γάρ
2394 2810 2427 2876 ἡ
2458 2806 2666 2877 Πατρός
2692 2805 2887 2877 ἰδιότης
2914 2805 3164 2879 καθάπερ
3197 2808 3276 2871 είς
3302 2808 3432 2861 Υίὸν
3481 2807 3749 2878 ἀπομεμέρι-

2263 2912 2403 2958 σται,
2431 2896 2543 2949 ἀλλ’
2578 2898 2611 2968 ἡ
2645 2895 2737 2949 τοῦ
2760 2896 2889 2951 Υἱοῦ
2919 2899 2983 2951 ἐκ
3011 2898 3111 2969 τῆς
3135 2897 3229 2951 τοῦ
3260 2899 3478 2969 [ἰατρὸς
3514 2900 3750 2965 ὲκπέςηνε·

2262 2987 2454 3041 ταυτὸν
2490 2989 2546 3041 tv
2573 2987 2870 3060 ἑτερότητι,
2905 2990 2999 3043 καὶ
3022 2989 3205 3060 ἕτερον
3237 2992 3294 3043 ἐν
3333 2991 3638 3061 ταυτότητι·
3662 2988 3753 3040 n56

2262 3074 2478 3145 λέγεται
2539 3078 2758 3151 Πατέρα
2810 3075 2948 3134 εἶναι
2997 3080 3057 3133 ὲν
3084 3080 3220 3151 Υίῷ,
3249 3082 3344 3134 καὶ
3381 3082 3516 3135 Υίδν
3541 3085 3593 3134 ἐν
3612 3078 3749 3148 Hirpi.

2262 3263 2363 3334 τῆς
2396 3263 2658 3336 υίότητος,
2696 3263 2819 3318 οὔτε
2849 3266 2883 3337 ἡ
2919 3265 3179 3336 ταυτότης
3209 3262 3274 3319 αὖ
3309 3267 3367 3319 τὸ
3401 3267 3669 3338 ἀμέριστον
3689 3264 3753 3331 τῆς

2265 3354 2609 3419 ὑποστάσεως
2631 3373 2645 3387 ·
2666 3354 2779 3410 ἀλλ’
2813 3356 3068 3427 ἑκάτερον
3116 3356 3422 3428 σόμπλοκον
3452 3358 3543 3411 καὶ
3560 3354 3752 3413 θεοειδές*

2262 3446 2452 3500 ταυτὸν
2500 3446 2719 3519 ἑτέρως,
2752 3447 2844 3501 καὶ
2872 3447 3056 3520 ἕτερον
3089 3447 3377 3512 ὡσαύτως·
3409 3450 3500 3502 ἴνα
3521 3466 3596 3512 τις
3618 3448 3671 3500 τὰ
3688 3448 3754 3514 gi,-

2267 3553 2433 3608 ματα,
2468 3536 2542 3608 μὴ
2590 3537 2950 3609 ἐφικνούμενα
2997 3539 3097 3609 τῆς
3138 3537 3441 3609 δηλώσεως,
3466 3539 3753 3607 ἐκόιάσητιι·

2266 3627 2603 3699 βεϐαιοῦντος
2635 3631 2764 3700 ἡμῖν
2784 3628 2877 3682 τοῦ
2907 3628 3109 3699 Κυρίου
3152 3629 3249 3701 τὴν
3277 3629 3506 3697 ἔννοιαν,
3548 3629 3629 3681 καὶ
3646 3625 3756 3691 ἐντῷ
3796 3686 3797 3693 κ

2269 3721 2467 3792 μείζων
2497 3721 2594 3792 μὲν
2645 3721 2848 3793 ἰσότητι
2900 3721 3034 3793 (28),
3086 3722 3411 3793 παριστάναι
3458 3722 3548 3775 τὸν
3574 3719 3753 3787 Πατέρι.

2263 3811 2354 3865 τὸν
2403 3811 2459 3865 δὲ
2521 3811 2666 3877 Υίὸν,
2715 3813 2775 3865 ὲν
2798 3812 3058 3868 ὑποὸάσει
3086 3814 3147 3866 τὸ
3171 3813 3281 3867 ἴσον
3313 3814 3503 3884 ἔχοντα
3522 3831 3534 3842 ·
3557 3809 3755 3881 ὅπερ

2266 3902 2421 3968 δαξεν
2451 3905 2509 3955 ὲν
2566 3904 2799 3974 ὁμοειδεῖ
2831 3905 2948 3976 μὲν,
2985 3905 3262 3977 ὑφειμὲνῳ
3294 3905 3353 3959 δὲ
3395 3907 3533 3976 φωτὶ
3558 3907 3672 3957 νοεῖν
3692 3901 3753 3951 τὶν

2265 3994 2410 4058 Υίδν,
2439 3993 2512 4066 μὴ
2548 3994 2644 4067 τὴν
2690 3996 2879 4049 οὑσίαν
2917 3996 3354 4062 ὲξαλλάττοντας,
3397 3998 3534 4051 ἀλλά
3575 3996 3628 4048 τὸ
3663 3992 3754 4046 αἰεὶ

2267 4085 2666 4158 ὑπερᾶεὸληκὺς
2685 4087 2778 4141 καὶ
2798 4089 2855 4140 ὲν
2883 4088 3066 4157 ὑφέσει
3098 4088 3457 4160 θεωροῦντας.
3492 4090 3551 4141 0i
3581 4087 3658 4158 μὲν
3681 4084 3753 4149 Ti?

2266 4182 2365 4250 τὴν
2390 4179 2578 4233 οὑσίαν
2603 4180 2659 4233 ἐν
2688 4179 2913 4252 οὐδεμιᾷ
2936 4180 3219 4252 ταυτότητι
3250 4179 3673 4253 παραδεξάμενοι.
3688 4176 3755 4239 τὴν
3792 4250 3793 4253 η

2265 4269 2521 4341 ὁμοίωσιν
2558 4268 2754 4335 ἔξωθεν
2797 4270 3052 4342 φέροντες
3080 4269 3158 4341 τῷ
3186 4269 3300 4341 1⁸ίῷ
3343 4261 3755 4342 προστιθέασιγὸ

2265 4360 2328 4433 δὴ
2350 4363 2442 4414 καὶ
2492 4361 2596 4426 ἕως
2646 4360 2945 4433 ἀνθρώπων
2974 4358 3266 4424 διαϐαίνει,
3315 4361 3422 4414 τῶν
3455 4357 3753 4431 ὁμοιουμένω

2267 4452 2346 4524 τῷ
2363 4452 2501 4523 Θεῷ.
2516 4454 2579 4507 οι
2610 4452 2668 4507 δὲ
2686 4452 2785 4525 τὴν
2803 4452 3056 4523 ὁμοίωσιν
3075 4455 3187 4516 τοῖς
3216 4453 3478 4523 ποιήμασι
3508 4450 3751 4522 πρέποιεν

610 4526 895 4596 prteditum
948 4526 1255 4597 aequalitate
1300 4542 1314 4578 :
1354 4524 1501 4596 quod
1537 4525 1761 4588 docuit,
1816 4526 1869 4580 in
1917 4525 2159 4595 ejusdem

2261 4544 2478 4608 εἰδότες,
2496 4543 2552 4596 ἐν
2566 4543 2850 4613 ταυτότητι
2870 4542 2967 4613 μὲν
2983 4542 3073 4595 τὸν
3102 4541 3231 4596 Υἰδν
3268 4544 3586 4597 συνάπτουσι
3613 4532 3752 4603 Περὶ.

614 4617 810 4687 speciei
837 4616 1078 4687 quidem,
1118 4624 1173 4672 at
1209 4616 1455 4673 inferiori
1495 4614 1662 4688 565
1723 4616 1927 4672 lumine
1965 4617 2164 4673 intelli-

609 4724 737 4780 gere
791 4708 1036 4774 Filium;
1087 4724 1194 4764 non
1254 4707 1590 4764 immutando
1631 4707 1991 4764 substantiam
2019 4746 2035 4772 ,
2069 4712 2162 4763 sed

608 4800 1006 4858 considerando
1059 4800 1198 4856 idem
1217 4840 1233 4866 ,
1266 4808 1322 4857 et
1348 4800 1599 4872 superius
1629 4808 1683 4856 et
1725 4799 1779 4853 in
1805 4799 1996 4855 ordine
2025 4798 2165 4856 inle-

611 4894 762 4948 riort.
794 4896 863 4947 At
893 4893 1037 4949 enim
1081 4892 1175 4961 qui
1221 4891 1579 4949 substantiam
1623 4892 1676 4946 in
1712 4892 1859 4947 nulla
1888 4890 2166 4947 identitatc

608 4983 932 5053 admittunt,
995 4982 1403 5040 similitudinem
1483 4982 1821 5039 extrinsecus
1882 4982 2166 5039 alierentes

606 5076 747 5132 Filio
774 5077 1038 5146 adjiciunt
1086 5095 1099 5131 :
1140 5074 1284 5146 quod
1322 5089 1455 5131 sane
1492 5073 1561 5129 ad
1609 5075 1755 5145 ipsos
1802 5090 2021 5147 quoque
2062 5077 2163 5133 bo-

606 5168 783 5224 mines
833 5168 1027 5224 transit
1076 5168 1168 5237 qui
1208 5166 1318 5223 Deo
1381 5166 1666 5222 assimilati
1716 5177 1861 5223 sunt.
1900 5168 2000 5236 Qui
2035 5185 2164 5224 vero

606 5268 942 5332 cognoscunt
990 5258 1394 5315 similitudinem
1424 5259 1694 5315 creaturis
1730 5263 2160 5328 convenientem,

498 5340 519 5367 ⁵
606 5352 662 5406 in
692 5352 969 5407 identitatc
996 5350 1213 5422 quidem
1241 5348 1439 5406 Filium
1465 5366 1587 5406 cum
1615 5349 1774 5407 Patre
1793 5352 2159 5424 conjungunt;

608 5442 703 5499 sed
740 5443 1023 5500 identitate
1055 5443 1454 5509 submissiore;
1495 5457 1564 5498 ne
1613 5442 1729 5513 ipse
1767 5441 1925 5496 Pater
1956 5446 2049 5507 sit,
2078 5443 2163 5499 vel

2269 4633 2534 4706 ὑφειμένῃ
2561 4632 2617 4686 δὲ
2643 4635 2711 4705 τῇ
2740 4632 3029 4705 ταυτότητι
3051 4648 3068 4665 ·
3106 4633 3194 4687 ἴνα
3216 4631 3289 4704 μὴ
3322 4632 3476 4694 ω
3496 4633 3525 4683 6
3552 4624 3752 4695 Πατὴριῆ

2272 4726 2437 4797 μέρος
2469 4724 2699 4795 Πατρδς,
2724 4724 2761 4779 ἃ
2786 4723 3025 4788 δυνατῶς
3041 4724 3371 4795 παρίσταται
3382 4722 3474 4794 τῷ,
3491 4721 3635 4783 ἀλλος
3651 4716 3751 4769 Tris.

2269 4815 2410 4871 οὓτω
2423 4816 2576 4880 Θεὸς,
2606 4817 2707 4888 οὑχ
2729 4816 2804 4881 ὡς
2829 4818 3053 4881 ἐκεῖνος,
3080 4816 3192 4870 ἀλλ’
3218 4815 3293 4881 ὡς
3324 4817 3385 4882 ἐξ
3418 4815 3633 4873 ἐκείνου,
3655 4809 3699 4862 tr;
3716 4806 3754 4856 τὸ

2270 4908 2641 4978 πρωτότυπον,
2690 4907 2805 4961 ἀλλ’
2852 4907 3035 4962 εἰκών.
3081 4902 3249 4973 Οὗτος
3284 4907 3575 4979 όμοοόσιος.
3614 4902 3755 4974 {ET}?

2273 4998 2446 5069 μένως
2478 5000 2629 5071 παρά
2666 5000 2842 5054 πάντα
2870 5000 2965 5054 καὶ
3006 5000 3345 5066 ἰδιαζόντως·
3377 5000 3467 5068 οὐχ
3496 4998 3573 5061 ὡς
3598 4996 3656 5046 τί
3669 4993 3755 5059 4.”

2269 5087 2419 5158 γενῆν
2453 5088 2551 5158 οὐχ
2582 5087 2656 5152 ὡς
2679 5087 2748 5143 τὰ
2773 5089 3234 5161 ἀπομεριζόμενα,
3260 5089 3372 5142 ἀλλ’
3396 5089 3464 5150 ὡς
3485 5087 3550 5139 ἐκ
3573 5083 3651 5138 τυ]
3674 5078 3753 5136 te;

2268 5179 2455 5247 γένους
2483 5180 2577 5232 καὶ
2606 5179 2774 5243 εἴδους
2793 5180 2889 5250 τῆς
2914 5180 3180 5251 Θεότητος,
3204 5180 3261 5234 ἓν
3288 5181 3377 5233 καὶ
3401 5177 3556 5249 μόνον
3584 5170 3753 5235 ἀκτάν

2266 5285 2433 5339 νημα,
2452 5270 2740 5343 ἀδιαιρέτῳ
2765 5272 2857 5325 καὶ
2875 5272 3147 5343 ἀσωμάτῳ
3167 5271 3372 5343 προόδῳ
3389 5287 3402 5300 ·
3421 5268 3542 5322 καθ’
3566 5268 3623 5337 ἦν
3640 5262 3748 5333 μέτ’

2264 5355 2326 5409 τὸ
2377 5358 2579 5425 γεννῶν
2633 5361 2690 5413 ὲν
2724 5362 2790 5432 τῇ
2837 5362 3124 5431 γεννητικῇ
3164 5360 3392 5430 ἰδιότητι,
3425 5354 3673 5428 προῆλθεν
3696 5348 3749 5401 εὶς

2265 5447 2362 5519 τὴν
2392 5450 2711 5522 γεννητικὴν
2744 5451 2857 5519 (29)
2883 5452 3135 5524 ἰδιότητα.

2190 3210 2232 3267 C
2265 3168 2399 3223 Οὔτε
2448 3170 2557 3240 γὰρ
2602 3172 2635 3242 ή
2675 3173 2935 3244 ἑτερότης
2959 3172 3145 3236 ἁπλῶς
3193 3173 3417 3242 φυλάξει
3446 3174 3541 3246 τὴν
3563 3172 3754 3244 ἀλήθειαν
3800 3188 3801 3241 ι

603 5551 732 5606 pars
758 5536 933 5595 Patris
965 5556 980 5606 ;
1040 5553 1162 5609 qua:
1233 5544 1483 5609 potenter
1545 5536 1988 5594 demonstrantur
2045 5554 2139 5609 per
2177 5539 2330 5608 illud,
2382 5543 2540 5601 Alius
2608 5528 2820 5616 Filius;
2858 5548 2938 5605 sic
2969 5546 3131 5612 Deus,
3183 5561 3294 5603 non
3335 5552 3389 5601 ut
3422 5541 3521 5597 ille
3547 5579 3567 5609 ,
3600 5536 3675 5595 sed
3708 5536 3747 5584 κ
3780 5554 3781 5577 ι

671 5653 719 5686 ⁸⁸
743 5653 899 5711 Joan.
937 5671 1047 5717 xw.
1077 5655 1168 5710 28.

674 5770 783 5833 (ist
819 5766 961 5827 Fort.
1002 5772 1219 5840 μείζονα
1254 5770 1318 5839 μὲ
1349 5771 1404 5822 ὲν
1437 5785 1506 5822 ισ.
1533 5767 1804 5824 (ἶιιτιῖιειι.

2340 5768 2453 5840 (39)
2483 5767 2629 5826 Fort.
2653 5771 2937 5838 γεννητὴν.
2970 5773 3173 5828 ϐοτη..

3704 5870 3741 5892 ο)

3356 6453 3704 6468 __-.._..—-—_-

3779 5734 3781 5771 i
