3810 6500
41 335 154 395 i105

844 341 1324 402 EPISTOLARUM
1359 344 1642 416 CLASSIS
1666 346 1751 403 Ill.
1790 346 2006 404 EPIST.
2044 346 2353 407 CCCLXIV.

3091 349 3228 407 “06

38 468 90 506 ex
135 453 260 512 illo;
315 465 430 506 non
486 452 818 522 primitivum
868 460 1163 528 exemplar,
1232 459 1326 514 sed
1388 460 1587 532 imago.
1634 461 1732 516 llic
1781 461 2313 523 consubstantialis,
2369 462 2639 534 praecipue
2698 478 2865 533 super
2932 463 3116 519 omnia
3171 477 3226 523 et

38 542 390 613 peculiariter;
464 558 578 599 non
615 553 870 616 tanquam
929 564 993 604 ea
1024 564 1143 620 quia
1193 558 1320 606 sunt
1377 550 1620 621 ejusdem
1658 554 1875 623 generis
1907 592 1923 614 .
1982 568 2091 608 non
2145 560 2405 623 tanquam
2443 568 2508 607 ea
2545 570 2666 623 quae
2717 555 3008 609 distributa
3050 563 3220 623 sunt;

40 634 114 687 sed
140 634 273 687 velut
304 651 371 689 ex
402 651 517 690 uno
557 652 749 707 genere
812 655 1028 710 unaque
1072 646 1251 712 specie
1296 641 1616 704 divinitatis.
1657 660 1764 700 una
1809 653 1864 701 et
1908 646 2025 702 sola
2077 644 2406 716 progenies,
2459 644 2738 699 individuo
2795 655 2851 701 et
2892 645 3224 717 incorporali

43 737 332 794 progressu;
396 740 497 795 per
554 743 709 799 quem
767 731 911 800 quod
950 742 1175 803 generat
1238 748 1465 789 manens
1517 735 1571 789 in
1608 736 1921 806 generativa
1979 735 2350 807 proprietate,
2386 734 2654 805 processit
2699 736 2752 789 in
2814 738 3051 807 genitam
3104 753 3230 809 pro-

41 817 305 888 prietatem.

516 933 858 988 ΕΠΙΣΤΟΛῙῘ
898 935 1057 989 ΤΞΡ.

2106 931 2441 989 EPISTOLA
2467 931 2799 988 CCCLXIII'.

103 1061 328 1114 Laudatur
345 1074 503 1125 supra
526 1059 651 1112 alios
680 1060 951 1127 Scriptura
969 1062 1248 1129 interpretes
1267 1063 1597 1131 Apotinarius,
1621 1062 1681 1114 ab
1705 1076 1854 1117 eoque
1874 1062 2069 1122 petitur,
2094 1067 2143 1112 ut
2159 1075 2210 1113 se
2234 1060 2295 1113 de
2317 1060 2457 1112 rebus
2481 1058 2696 1110 obscuris
2716 1059 2897 1110 consuli
2927 1060 3154 1125 patiatur.

588 1168 996 1240 Ἀπολιναρίφ.

94 1278 171 1349 τῷ
197 1277 424 1351 δεσπότῃ
457 1296 584 1350 μου,
616 1278 694 1350 τῷ
727 1279 1134 1355 αἰδεσιμωτάτῳ
1157 1284 1387 1356 ἀδελφῷ,
1417 1286 1574 1340 Ἀπο-

42 1372 249 1442 λινερίῳ,
289 1370 596 1432 Βασίλειος.
632 1372 1014 1444 Διημάρτομεν
1070 1374 1179 1428 τῶν
1227 1376 1572 1448 προφάσεων,

42 1462 96 1514 δι’
120 1454 185 1514 ὧν
230 1461 354 1532 ἐνῆν
386 1464 711 1534 προσειπεῖν
749 1480 840 1516 σου
871 1464 968 1536 τὴν
1000 1465 1303 1533 εὐλάϐειαν,
1333 1469 1574 1539 καίτοιγε

45 1552 181 1623 ἡδέως
220 1550 284 1605 ἂν
322 1552 419 1606 ἐπὶ
464 1555 582 1616 τοῖς
624 1555 944 1625 γράμμασιν
986 1556 1213 1623 ἐκείνοις
1243 1561 1577 1616 ἐπιστείλαν-

46 1660 129 1705 τες.
160 1642 218 1697 Σὲ
242 1642 349 1715 γάρ
370 1644 430 1697 ἐν
462 1647 644 1716 σιωπῇ
699 1646 944 1717 κατέχειν
975 1648 1073 1717 τὴν
1101 1649 1291 1721 ἡδονὴν
1317 1652 1403 1705 ἐπ’
1439 1652 1579 1707 ἐκεί-

48 1746 132 1793 νοις
156 1728 414 1801 ἥσθημεν.
453 1732 665 1794 Ὄντως
700 1732 809 1804 γάρ
835 1736 967 1805 ημῖν
994 1734 1177 1802 ἔδοξας
1209 1733 1336 1803 οἶος
1356 1742 1580 1794 resarci-

49 1828 187 1875 σθαι·
221 1822 327 1876 τῶν
357 1823 775 1895 ἑρμηνευόντων
811 1826 866 1881 δὲ
896 1828 1064 1882 σκιαί
1093 1829 1423 1885 ἀΐσσουσα·
1442 1833 1574 1904 l50)‘

47 1909 183 1975 οὕτως
208 1912 289 1964 ἐπ’
318 1914 605 1982 ἀσφαλοῦς
620 1914 719 1984 τῆς
738 1914 973 1981 διανοίας
1000 1915 1098 1987 τὴν
1125 1916 1382 1989 ἐξήγησιν
1408 1920 1576 1989 ἀγων.

52 2004 134 2056 Καὶ
160 2002 244 2055 νῦν
280 2002 343 2074 δὴ
382 2004 549 2058 πλέον
603 2008 631 2059 ὁ
674 2005 812 2077 ἔρως
856 2007 954 2077 τῆς
996 2007 1249 2076 γνώσεως
1280 2010 1389 2064 τῶν
1422 2010 1580 2065 θείων

52 2092 207 2161 λογίων
249 2094 483 2149 ἀπτεται
534 2095 638 2165 τῆς
670 2094 848 2167 ψυχῆς
880 2114 1002 2167 μου.
1027 2098 1327 2170 Προϐαλεῦ
1361 2101 1459 2171 μέν
1488 2096 1581 2153 οὖν

57 2200 115 2235 σοι
142 2183 235 2235 τῶν
288 2184 682 2255 ἀπορουμένων
710 2185 831 2238 τινὰ
879 2186 1121 2252 ἀποκνῶ,
1169 2189 1243 2259 μὴ
1272 2188 1406 2253 δόξω
1440 2189 1582 2260 πέρα

55 2273 124 2326 τοῦ
159 2274 342 2345 μέτρου
383 2276 745 2347 ἐμφορεῖσθαι
777 2276 876 2347 τῆς
921 2279 1252 2351 παρρησίας.
1291 2280 1507 2351 Σιωπᾷν
1526 2279 1581 2333 δὲ

58 2362 183 2416 πάλιν
206 2366 262 2418 ού
292 2366 571 2439 imp-repit,
610 2366 813 2421 ὠδίνων
841 2369 935 2422 καὶ
961 2369 1041 2422 ἐτι
1073 2371 1399 2441 προσλαϐεῖν
1438 2371 1584 2440 sete-

57 2470 200 2522 μενος.
256 2457 515 2529 Ἀριστον
567 2455 659 2512 οὗν
714 2477 802 2530 μοι
854 2461 1128 2532 κατεφάνη
1173 2462 1436 2517 πυθέσθαι
1465 2480 1581 2526 σου,

1596 1179 1643 1233 Δ

2303 1170 2635 1239 Apolinario.

1748 1262 1975 1316 Domino
2028 1277 2180 1327 meo,
2234 1262 2687 1318 reverendissimo
2728 1264 2927 1331 fratri,
2974 1266 3235 1337 Apolina-

1678 1354 1781 1417 rio,
1813 1353 2063 1409 Basilius.
2105 1351 2314 1423 Elapsaa
2355 1360 2485 1408 sunt
2537 1356 2879 1420 occasiones,
2936 1360 3137 1427 quibus
3167 1360 3235 1415 li-

1678 1448 1836 1500 cebat
1885 1446 2342 1519 pietatemltuam
2401 1445 2598 1516 alloqui
2632 1486 2649 1508 ,
2729 1449 2831 1502 etsi
2884 1450 3133 1506 lubenter
3168 1454 3235 1508 ad

1679 1537 1889 1593 litteras
1924 1539 2047 1595 illas
2080 1538 2556 1609 rescripserimus.
2609 1537 2686 1593 Te
2739 1541 2882 1595 enim
2933 1542 2986 1595 in
3024 1544 3239 1599 silentio

1680 1629 1925 1685 obtinere
1968 1630 2298 1701 voluptatem
2348 1628 2404 1683 in
2463 1630 2570 1684 illis
2614 1630 2775 1684 lwtati
2832 1647 3041 1689 smnus.
3104 1634 3238 1689 Nam

1682 1734 1867 1774 revera
1905 1720 2064 1773 nobis
2110 1718 2263 1773 visus
2311 1733 2371 1772 es
2412 1718 2555 1772 solus
2598 1734 2777 1786 sapere
2819 1737 2835 1775 :
2883 1722 3239 1793 interpretum

1683 1821 1860 1867 autem
1907 1809 2105 1864 umbra:
2151 1810 2369 1863 volitant
2414 1824 2433 1862 :
2484 1808 2557 1862 ita
2616 1809 2684 1863 ad
2724 1812 2955 1866 solidum
3019 1829 3240 1868 sensum

1682 1901 2072 1973 expositionem
2102 1900 2277 1955 ducis.
2341 1898 2407 1953 Et
2453 1909 2601 1955 certe
2645 1917 2789 1956 nunc
2843 1906 3243 1974 cognoscendo-

1684 2010 1805 2048 rum
1871 1992 2181 2048 divinornm
2235 1991 2575 2063 eloquiorum
2622 1993 2821 2064 cupido
2872 1996 3130 2066 majorem
3184 2000 3239 2054 in

1684 2084 1901 2139 modum
1945 2084 2118 2154 tangit
2171 2082 2411 2137 animum
2457 2099 2654 2139 meum.
2696 2084 2762 2138 At
2796 2086 2892 2140 tibi
2943 2102 3245 2157 proponere

1685 2177 1927 2248 quzedam
1986 2191 2053 2231 ex
2104 2174 2285 2230 dubiis
2344 2191 2454 2230 non
2497 2174 2671 2231 audeo
2702 2217 2719 2243 ,
2763 2192 2830 2232 ne
2865 2178 3051 2232 videar
3102 2181 3241 2234 ultra

1686 2268 1902 2322 modum
1952 2266 2148 2321 ﬁducia
2208 2266 2426 2337 repleri.
2481 2264 2687 2324 Tacere
2737 2284 2866 2335 uero
2902 2270 3097 2324 iterum
3132 2286 3241 2326 non

1688 2360 1933 2415 sustineo
1961 2398 1979 2423 ,
2033 2359 2381 2429 parturiens,
2423 2359 2708 2429 adhucque
2767 2368 3106 2416 antevertere
3153 2378 3232 2433 ge-

1688 2451 1879 2506 stiens.
1916 2451 2098 2519 Quare
2144 2452 2405 2521 optimum
2442 2451 2584 2507 factu
2642 2452 2871 2511 censui.
2904 2460 2961 2507 ut
3014 2468 3244 2523 percon-

59 2543 243 2613 πότερον
287 2546 446 2617 ἐφίης
491 2548 649 2619 ἡμῖν,
697 2542 743 2602 ὧ
794 2548 1088 2620 θαυμάσιε,
1135 2552 1343 2623 ἐρωτᾷν
1382 2570 1435 2607 τι
1472 2554 1579 2607 τῶν

1696 2560 1825 2599 ,arer
1859 2560 1923 2600 ex
1980 2554 2054 2607 te,
2087 2561 2216 2599 num
2254 2546 2622 2616 permissurus
2666 2545 2825 2603 nobis
2877 2548 2976 2610 sis,
3008 2563 3043 2603 ο
3070 2547 3244 2603 admi-

56 2635 420 2705 ἀπορουμένων,
451 2636 487 2709 ἢ
529 2638 633 2711 χρὴ
669 2637 767 2709 τὴν
811 2639 1040 2710 ἡσυχίαν
1074 2639 1247 2708 ἄγειν.
1292 2641 1581 2714 Ὀπότερον

58 2720 91 2774 δ’
114 2722 168 2775 ἂν
196 2725 476 2802 ἀποκρίνῃ,
500 2727 665 2782 τοῦτο
689 2726 993 2801 φυλάξομεν
1017 2728 1110 2783 τοῦ
1131 2729 1340 2784 λοιποῦ.
1379 2731 1581 2805 Ἔρρω-

63 2811 187 2880 μίνον
217 2830 273 2869 τε
322 2819 416 2871 καὶ
457 2817 697 2891 εὔθυμον
742 2820 838 2876 καὶ
883 2818 1316 2892 ύπερευχόμενον
1364 2818 1582 2893 εχοιμέν

63 2915 106 2952 at
122 2901 406 2972 διαπαντός.

533 3134 877 3190 ΕΠΙΣΤΟΛΗ
916 3132 1074 3192 ΤΞΔ’.

69 3275 262 3344 Basiliam
289 3281 469 3344 {rustra

1685 2635 1889 2696 rande.
1931 2634 2175 2689 nonnihil
2236 2635 2572 2705 interregare
2610 2634 2678 2691 de
2724 2638 3124 2699 controversis.
3172 2652 3245 2691 an

1685 2732 1933 2796 oporteat
1988 2734 2176 2780 tenere
2252 2725 2549 2779 silentium.
2618 2723 2898 2781 Utrumvis
2951 2742 3113 2798 porro
3159 2742 3246 2782 re-

1686 2817 1995 2888 spondeas,
2085 2815 2139 2871 id
2211 2816 2627 2873 observabimus
2694 2817 2973 2890 deinceps.
3039 2817 3243 2874 Sanum

1687 2910 1981 2980 laetumque
2019 2918 2075 2965 et
2119 2924 2219 2981 pro
2265 2910 2426 2966 nobis
2479 2919 2728 2966 orantem
2775 2920 2829 2967 te
2868 2910 3246 2983 possideamus

1687 3014 1920 3072 semper.

2142 3139 2478 3199 EPISTOLA
2505 3142 2864 3201 CCCLXIV“.

486 3283 807 3353 ᾳᾳωδὶιιιῃιὶη
849 3286 1159 3352 Cappadocia
1192 3284 1681 3353 spolium-molitam
1999 3299 2087 3353 per
2108 3285 2290 3338 litteras
2320 3288 2511 3338 salutat.
2556 3285 2769 3353 Nuntiat
2794 3285 2975 3338 uenisse
3005 3299 3252 3353 episcopos

115 3339 350 3418 @tmptios.
372 3353 417 3418 et
440 3339 625 3418 sci-ipa}
656 3346 803 3418 allata
943 3339 1145 3418 prorsus
1167 3339 1439 3418 necessaria
1462 3348 1527 3418 ad
1552 3361 1633 3399 eos
1667 3347 1974 3418 refellendos,
2105 3356 2242 3418 antea
2260 3355 2448 3418 ἀρα-ιε
2471 3346 2879 3418 _contradic_eba1u,
2911 3339 3043 3417 nunc'
3071 3339 3253 3417 occulte

112 3408 427 3474 contradicunt,
447 3408 720 3474 irurodueto
737 3408 888 3474 simili
898 3408 1168 3474 secundum
1188 3408 1460 3474 essentiam,
1480 3416 1529 3459 ut
1546 3408 1946 3461 coruubstantiale
1964 3408 2234 3473 abrogetur.
2251 3408 2398 3460 Sana:
2412 3408 2529 3474 ﬁdei
2551 3410 2873 3473 detensimtem
2902 3408 3077 3460 nemini
3099 3409 3252 3474 magis

115 3474 347 3528 congruere
368 3470 608 3531 declarat,
629 3482 773 3533 quam
794 3470 977 3522 Basilio
992 3478 1041 3524 et
1058 3469 1309 3537 Gregorio.

426 3577 722 3641 Βασιλείᾳ)
763 3577 1180 3648 Ἀπολινάριος.

123 3681 199 3753 τῷ
218 3684 440 3761 δεσπότῃ
491 3707 615 3759 μου,
644 3689 722 3760 τῷ
756 3691 1115 3763 ποθεινοτάτῳ
1161 3690 1395 3763 ἀδελφῷ,
1425 3692 1586 3745 Βασι-

2194 3576 2398 3631 Basilio
2432 3576 2787 3642 Apoliuarius.

1762 3689 1992 3744 Domino
2062 3702 2181 3743 meo
2213 3729 2228 3752 ,
2296 3687 2708 3756 exoptatissimo
2777 3685 2977 3750 fratri,
3029 3684 3249 3751 Basilio,

74 3767 191 3843 λείῳ.
217 3777 582 3852 ’Λττολινάριος
613 3784 671 3835 ἐν
700 3781 886 3853 Κυρίῳ
914 3783 1145 3855 χαίρειν.
1170 3783 1280 3837 Ποῦ
1317 3785 1414 3855 μὲν
1443 3784 1591 3856 ήμην

1697 3782 2041 3854 Apolinarius
2092 3783 2148 3835 in
2224 3778 2452 3833 Domino
2526 3780 2778 3833 salutem.
2844 3777 3073 3832 Ubinam
3135 3779 3254 3848 ipso

76 3863 203 3931 αὐτὸς
224 3908 239 3932 ,
269 3869 539 3935 δέσποτα,
571 3872 675 3926 ποῦ
718 3873 775 3926 δὲ
823 3875 856 3944 ὴ
907 3874 1257 3947 ποθεινοτάτη
1299 3875 1450 3948 φωνὴ
1500 3878 1594 3930 καὶ

77 3955 272 4027 γράμμα
296 3961 355 4015 τὸ
385 3962 650 4035 σύνηθες;
686 3964 738 4018 τί
768 3964 826 4019 δὲ
855 3966 916 4018 οὐ
942 3964 1133 4039 παρὼν
1158 3966 1409 4037 ἀμύνεις,
1436 3967 1471 4037 ἢ
1498 3967 1593 4019 καὶ

78 4043 202 4099 ἀπὼν
234 4054 658 4124 παρακελεύεις,
707 4056 945 4127 πολέμου
998 4056 1252 4111 τοσούτω
1300 4057 1440 4112 κατά
1493 4057 1594 4128 τῆς

80 4133 314 4205 εὐσεϐείας
343 4144 672 4215 ἐρρωγότος,
710 4145 803 4198 καὶ
836 4145 990 4217 ἡμῶν
1010 4142 1120 4199 οἷον
1152 4148 1210 4199 ἐν
1246 4146 1383 4219 μέση
1419 4162 1596 4218 παρα-

79 4226 196 4293 τάξει
226 4230 467 4301 βοώντων
500 4236 637 4309 πρὸς
666 4237 792 4301 τοὺς
826 4238 1074 4310 ἑταίρους
1117 4237 1207 4291 διά
1245 4239 1344 4307 τὴν
1388 4237 1454 4291 ἐκ
1486 4236 1597 4290 τῶν

82 4316 312 4390 πολεμίων
361 4324 521 4396 βίανς
570 4327 639 4380 Et
677 4326 755 4391 δὲ,
789 4326 899 4380 οὐδ’
937 4327 1086 4391 ὅπως
1137 4327 1205 4381 ἀν
1254 4326 1595 4399 ζητήσωμεν,

82 4406 271 4482 εκομενο
322 4420 442 4474 ἐπεὶ
480 4420 616 4491 μηδὲ
668 4411 730 4473 οὗ
768 4421 1054 4491 τυγχάνεις
1104 4421 1393 4493 διατρίϐων
1446 4420 1598 4492 εὑρί-

85 4512 267 4571 σκομεν.
299 4509 436 4568 Ἀλλ’
463 4511 705 4584 ἐζήτησα
734 4512 833 4584 μὲν
863 4513 923 4567 ἐν
952 4514 1019 4584 τῇ
1050 4510 1452 4574 Καππαδοκῶν,
1476 4512 1600 4566 ἐπεὶ

83 4592 328 4664 καὶοῦτως
356 4602 621 4674 ἡγγελλον
654 4606 704 4659 οἱ
729 4606 788 4658 ἐν
836 4603 1023 4675 Πόντῳ
1066 4620 1147 4658 σοι
1198 4604 1597 4675 περιτυχόντεςν

86 4680 377 4757 ὶπηγγέλθαι
406 4713 465 4750 σε
493 4694 687 4749 θᾶττον
717 4695 1005 4768 ἐπανήξειν
1024 4711 1039 4726 ⁸
1065 4697 1164 4767 οὐχ
1199 4689 1357 4767 εὖρον
1390 4695 1447 4749 δὲ
1473 4695 1603 4750 ἔνθα

86 4771 295 4845 ἧλπιζον.
344 4786 458 4841 Νῦν
496 4786 556 4841 δέ
602 4785 681 4840 ἔτι
714 4803 774 4841 σε
811 4789 954 4842 κατά
998 4789 1093 4861 τὴν
1140 4787 1309 4860 αὐτὴν
1351 4788 1602 4857 διάγοντα

88 4866 237 4937 Χώραν
269 4874 524 4941 ἀκούσας,
566 4878 729 4943 εὐθὺς
758 4878 837 4951 τῷ
880 4883 1089 4953 μηνυτῇ
1138 4881 1234 4935 καὶ
1280 4879 1343 4933 τὸ
1370 4879 1605 4951 γράμμα

90 4954 385 5036 ὶνεχείρησα.
415 4971 590 5043 Ὅπερ
626 4970 937 5042 δεξάμενος,
981 4972 1056 5043 μὴ
1086 4972 1179 5025 καὶ
1208 4970 1301 5025 τοῦ
1347 4970 1605 5042 ἀντιγρά-

90 5061 187 5135 φειν
204 5053 424 5132 ἀπόσχῃ,
448 5060 526 5126 ὡς
567 5063 662 5117 καὶ
691 5062 880 5116 τούτου
915 5061 1434 5135 συναποδημοῦντος.
1468 5061 1605 5116 Ἴσθι

1695 3888 1868 3937 eram,
1923 3872 2171 3937 domine,
2218 3870 2309 3926 ubi
2364 3885 2493 3925 vero
2539 3868 3001 3925 desideratissilua
3036 3884 3165 3930 vox,
3197 3875 3253 3925 et

1672 3972 1972 4020 consueta:
2010 3963 2245 4019 litterae?
2288 3977 2384 4018 cur
2412 3972 2592 4017 autem
2635 3975 2742 4017 non
2782 3976 3019 4031 praesens
3060 3960 3253 4016 defen-

1698 4055 1805 4121 dis,
1837 4063 1930 4110 aut
1971 4056 2134 4111 etiam
2180 4055 2375 4111 absens
2415 4053 2723 4109 cohortaris
2750 4094 2766 4118 ,
2799 4062 2949 4107 tanto
2979 4046 3119 4108 bello
3157 4051 3255 4106 ad-

1698 4161 1889 4202 versus
1943 4146 2196 4217 pietatem
2253 4151 2613 4215 erumpente,
2677 4145 2943 4213 nobisque
3015 4145 3160 4197 velut
3198 4143 3255 4199 in

1700 4237 1873 4292 media
1916 4239 2031 4294 acie
2076 4236 2439 4293 clamantibus
2507 4236 2575 4291 ad
2631 4236 2813 4291 socios
2843 4275 2857 4300 ,
2920 4244 3134 4307 propter
3161 4234 3256 4289 ho-

1701 4330 1864 4387 stium
1898 4329 2042 4384 vim?
2072 4328 2148 4386 Te
2186 4339 2389 4395 autem,
2423 4343 2491 4384 ne
2536 4329 2753 4399 quidem
2781 4328 3050 4398 quomodo
3108 4342 3257 4397 qua:-

1703 4421 1862 4476 situri
1909 4421 2103 4485 simus,
2146 4421 2542 4492 intelligimus:
2572 4418 3007 4490 quandoquidem
3048 4419 3257 4472 necin-

1703 4513 1955 4568 venimus
1989 4515 2165 4568 locum
2194 4511 2359 4585 466
2389 4514 2442 4568 in
2471 4527 2579 4583 quo
2614 4513 2870 4586 versaris.
2896 4511 3000 4564 Sed
3030 4510 3259 4581 conqui-

1704 4600 1807 4658 sivi
1848 4601 2068 4673 quidem
2113 4603 2167 4657 in
2197 4603 2537 4672 Cappadocia
2561 4644 2577 4669 ,
2619 4602 2743 4673 quia
2770 4602 2850 4657 sic
2877 4601 3259 4655 nuntiaverant

1704 4693 1799 4765 qui
1850 4703 1904 4750 te
1930 4695 2077 4749 nacti
2112 4693 2325 4750 fuerant
2353 4695 2409 4748 in
2457 4691 2665 4760 Ponto,
2712 4693 3025 4765 promisisse
3072 4702 3125 4747 te
3149 4694 3261 4747 cito

1706 4800 2048 4841 reversurum
2078 4804 2091 4840 :
2144 4800 2243 4841 nec
2280 4785 2454 4855 reperi
2502 4785 2595 4840 ubi
2624 4797 2988 4855 speraveram.
3017 4783 3087 4837 At
3115 4800 3261 4839 nunc

1706 4892 1832 4933 cum
1884 4878 2149 4933 audierim
2207 4887 2257 4931 te
2313 4876 2490 4931 adhuc
2542 4892 2606 4932 ea
2656 4876 2711 4931 in
2760 4877 2979 4947 regione
3020 4889 3263 4930 commo-

1709 4970 1818 5024 rari
1844 5008 1859 5033 ,
1898 4970 2082 5041 statim
2118 4977 2173 5025 et
2225 4967 2394 5024 indici
2447 4968 2733 5039 epistolam
2765 4966 2985 5021 tradidi.
3016 4966 3133 5033 Qua
3169 4982 3261 5021 ac-

1710 5068 1901 5131 cepta,
1948 5075 2080 5116 cave
2131 5075 2201 5116 ne
2252 5075 2364 5115 non
2424 5059 2699 5116 rescribas
2727 5101 2744 5126 ,
2791 5060 2936 5132 quod
2974 5068 3030 5115 et
3063 5059 3112 5115 is
3154 5074 3262 5113 una

92 5134 151 5239 5k:
279 5149 334 5203 ἐν
377 5151 452 5224 τῷ
505 5153 706 5224 μεταξὺ
738 5154 957 5223 γέγονεν
1004 5134 1314 5208 ἐπισκόπων
1344 5152 1605 5224 ἐπιδημία

1710 5148 2102 5220 peregrinetur.
2142 5149 2292 5205 Scito
2336 5154 2517 5203 autem
2549 5188 2565 5215 ,
2615 5150 2758 5219 quod
2807 5149 3091 5221 interiecto
3127 5156 3264 5204 tem-

92 5234 178 5282 τῶν
209 5234 296 5291 ἀπ’
323 5242 619 5312 Αἰγύπτου,
643 5245 738 5298 καὶ
771 5246 1073 5315 γράμματα
1102 5243 1312 5316 διεδόθη
1343 5244 1608 5315 σύμφωνα

1710 5257 1839 5312 pore
1897 5241 2232 5298 advenerunt
2302 5240 2543 5313 episcopi
2601 5239 2841 5314 Egyptii
2870 5280 2887 5306 ,
2947 5251 3002 5297 et
3060 5239 3263 5309 scripta

96 5318 307 5393 παλαιοῖς
327 5334 665 5405 γράμμασιν,
688 5338 802 5399 τοῖς
827 5351 887 5389 τε
916 5336 1083 5401 θείοις
1122 5337 1325 5404 αὐτοῖς,
1362 5336 1458 5393 καὶ
1495 5339 1610 5402 τοῖς

96 5407 195 5463 καθ’
223 5414 522 5490 ὁμοφωνίαν
569 5424 677 5478 τῶν
736 5423 892 5479 θείων
941 5426 1000 5481 ἐν
1049 5424 1252 5499 Notata
1297 5428 1605 5500 γραφεῖσιν.

155 5587 251 5666 βρ)
284 5595 390 5666 Ὁδ.
414 5602 486 5666 Κ,
506 5600 630 5658 ινδ.

154 5661 172 5681 ⁸
198 5659 272 5720 Ex
296 5659 612 5729 leuantem.
643 5670 792 5731 Eccl.
832 5670 926 5729 Gr.
955 5682 998 5730 ι.
1028 5669 1096 5739 ll,
1120 5687 1180 5746 p.
1198 5671 1287 5732 89.

1709 5332 1949 5403 antiquis
2013 5333 2230 5404 scriptis
2297 5331 2686 5404 congruentia,
2762 5348 2976 5390 necnon
3059 5330 3263 5388 divmis

1708 5425 1862 5497 ipsis,
1898 5425 2077 5498 iisque
2105 5440 2227 5498 qua
2265 5425 2655 5483 convenienter
2705 5426 2909 5483 divinis
2951 5425 3263 5498 conscripta

1778 5607 1822 5633 “
1848 5603 2007 5673 Ibid,
2042 5621 2096 5678 ι).
2126 5605 2216 5664 90.
