3810 6536
509 338 645 394 ΗθΊ

1806 331 1862 387 s.
1907 308 2146 389 nasum
2193 328 2410 389 uAGNI

3578 330 3689 388 “08

508 457 734 511 fuerunt
778 451 989 509 Nicaeae.
1029 448 1350 507 Necessaria
1410 455 1588 505 autem
1618 458 1735 504 erat
1762 449 2077 505 eorumdem

2192 447 2493 518 Ἀναγκαία
2547 447 2603 500 δὲ
2644 440 2713 519 ἦν
2756 446 2875 519 μετ’
2914 444 3225 517 ἐξηγήσεως
3271 445 3372 500 τῶν
3402 446 3571 510 ,αὐτῶν
3608 450 3690 500 ὲκ-

508 564 637 605 cum
689 543 1073 617 explanatione
1126 541 1414 611 repetitio,
1456 548 1676 611 propter
1718 540 1943 594 minime
1991 554 2078 594 sa-

508 652 636 694 nam
671 650 1006 708 pravumque
1036 639 1324 687 contextus
1349 631 1887 701 interpretationem,
1912 644 2077 700 quam

510 730 557 785 ii
625 727 1044 799 introduxerant
1111 723 1203 794 qui
1253 730 1441 792 aperte
1497 721 1712 791 quidem
1771 721 1905 775 olim
1943 735 2079 776 con-

509 820 872 882 tradicebant,
925 831 1073 872 nunc
1116 830 1244 870 vero
1287 814 1769 869 contradictionem
1810 813 1913 867 sub
1954 826 2079 882 spe-

508 915 598 971 cie
645 910 1009 970 enarrationis
1065 908 1246 962 celant
1281 906 1417 961 :ubi
1476 912 1593 960 erat
1636 903 2079 959 consubstantia.

509 1004 679 1059 litatis
705 1003 942 1070 maligna
984 997 1267 1068 abrogatio
1296 1034 1313 1060 ,
1363 997 1520 1067 quasi
1580 1011 1690 1051 non
1737 995 1959 1051 deberet
1993 995 2079 1049 in-

507 1096 675 1166 telligi
730 1096 882 1164 juxta
940 1093 1106 1147 ullam
1162 1088 1407 1145 Gmcam
1458 1088 1920 1159 abnegationem;
1977 1103 2078 1159 pro

511 1185 966 1243 consubstantiali
1019 1191 1201 1237 autem
1264 1180 1718 1236 introducebatur
1763 1180 1942 1255 simile
1991 1195 2080 1235 se-

511 1278 751 1332 cundum
811 1268 1169 1331 substantiam
1227 1258 1263 1325 ε⁶
1303 1272 1450 1344 quod
1511 1273 1880 1343 excogitatum
1942 1277 2077 1334 est,

511 1367 740 1422 confuse
774 1366 1112 1419 nominatum
1143 1373 1198 1420 et
1249 1364 1519 1420 malitiose
1564 1363 1903 1418 intellectum
1948 1381 1961 1416 :
2002 1362 2080 1418 si-

510 1448 730 1529 quidem
777 1456 1075 1514 similitudo
1101 1495 1116 1520 ,
1156 1472 1338 1512 rerum
1391 1463 1476 1511 est
1525 1470 1645 1525 quae
1678 1462 1810 1511 sunt
1854 1454 1909 1508 in
1943 1453 2076 1509 sub-

511 1549 712 1606 stantia
737 1587 753 1612 ,
803 1563 912 1602 non
946 1562 1066 1617 quae
1101 1546 1492 1601 substantiales
1548 1554 1677 1620 sunt
1711 1562 1725 1598 :
1772 1560 1882 1617 quo
1931 1544 2079 1599 scili-

510 1649 598 1696 cet
642 1641 721 1695 sic
765 1639 1072 1694 substantia
1107 1636 1404 1693 assimilata
1454 1637 1884 1707 intelligeretur,
1936 1649 2075 1704 qua-

509 1734 581 1787 lis
611 1732 772 1787 fuerit
801 1730 952 1785 verbi
985 1729 1159 1801 gratia
1198 1735 1377 1784 statua
1411 1738 1665 1798 respectu
1707 1726 2071 1796 imperatoris.

2177 542 2467 614 ανὰληψις,
2495 540 2581 594 διὰ
2630 542 2730 612 τὴν
2768 541 2866 613 οὐχ
2906 542 3035 613 ὑγιῆ
3076 540 3184 595 τῶν
3223 542 3475 612 κειμένων
3518 543 3691 613 mg.

2178 624 2393 707 ήγῆσινν
2427 634 2494 704 ἢν
2522 634 2738 704 εἰσῆγον
2769 634 2819 686 οἱ
2861 634 3027 688 παλαι
3080 633 3181 704 μὲν
3228 632 3470 706 ἄντικρυς
3518 636 3694 689 avrai.

2177 739 2386 793 γοντες,
2430 721 2525 776 νῦν
2559 722 2615 775 δὲ
2664 722 2763 794 τὴν
2798 722 3104 792 ἀντιλογίαν
3157 722 3455 795 ἐξηγήσεως
3492 727 3693 795 σχήματι

2181 813 2635 886 μεθοδεύσαντες’
2671 813 2802 869 ἔνθα
2824 810 2950 885 ἦνὴ
2986 814 3078 869 τοῦ
3108 816 3388 885 ὁμοουσίον
3429 818 3695 887 κακοῦργος

2177 906 2472 977 ἀναίρεσις.
2503 908 2579 970 ὡς
2615 907 2715 960 οὐκ
2741 908 3042 978 ὀφείλοντος
3072 907 3304 961 νοεῖσθαι
3333 911 3448 962 κατ’
3472 910 3694 981 οὐδεμίαν

2177 996 2405 1070 ἄρνησιν
2438 997 2757 1070 Ἑλληνικήν
2779 1015 2793 1028 ’
2830 998 3204 1070 ἀντεισαγωγὴ
3240 999 3297 1052 δὲ
3331 998 3422 1052 τοῦ
3446 1001 3692 1071 ὁμοονσίσυ

2176 1089 2468 1165 τὸθόμοιον
2514 1092 2635 1146 κατ’
2670 1089 2877 1153 οὐσίαν,
2915 1091 3051 1162 ὅπερ
3094 1090 3453 1162 ἐπετηδεύθη,
3498 1091 3695 1161 podia;

2176 1180 2492 1257 ὀνομασθὲν,
2520 1182 2615 1234 καὶ
2639 1181 2924 1252 κακοήθως
2955 1182 3141 1253 νοηθέν
3158 1199 3172 1212 ’
3202 1182 3388 1252 ἐπειδὴ
3413 1186 3445 1254 ἡ
3479 1184 3695 1253 ὁμοιότης

2174 1271 2284 1326 τῶν
2328 1273 2386 1326 ὲν
2423 1272 2613 1343 οὐσία,
2658 1273 2775 1326 ἐστὶ
2824 1273 2934 1326 τῶν
2966 1274 3269 1328 οὐσιωδῶν’
3319 1276 3409 1328 ἵνα
3450 1275 3512 1347 δὴ
3557 1276 3696 1339 οὕτως

2177 1364 2502 1435 ὡμοιωμένη
2552 1353 2709 1419 οὐσία
2737 1366 2942 1436 νοῆται,
2973 1361 3082 1431 οἷος
3129 1366 3197 1421 ἂν
3238 1369 3320 1438 εἴη
3367 1369 3460 1421 καὶ
3513 1370 3697 1440 ἀνδριὰς

2178 1456 2313 1527 πρὸς
2345 1456 2590 1526 βασιλέα.
2628 1456 2773 1528 Πρὸς
2820 1458 2959 1528 ἅπερ
2998 1442 3344 1530 ἁντεγράφη,
3379 1459 3441 1512 τὸ
3476 1459 3573 1512 ὑπὸ
3609 1460 3695 1512 τῶν

2176 1546 2416 1599 εὐσεϐεῖν
2466 1547 2685 1601 εἰδότων
2742 1549 2835 1602 καὶ
2871 1548 3233 1621 βουλομένων,
3263 1552 3345 1605 ὅτι
3402 1553 3501 1624 οὐχ
3546 1554 3695 1625 ὅμοιον

2175 1637 2315 1708 Θεῷ,
2348 1636 2484 1691 ἀλλὰ
2516 1637 2650 1691 Θεὸν
2690 1638 2840 1712 δηλοῖ
2867 1640 2928 1693 τὸ
2956 1641 3256 1711 δμοούσιον,
3281 1643 3359 1707 ὡς
3398 1643 3465 1698 ἂν
3492 1645 3695 1717 γέννημα

2176 1730 2396 1798 γνήσιον
2431 1728 2525 1798 καὶ
2551 1730 2649 1800 τῆς
2677 1730 2846 1802 αὐτῆς
2876 1732 3063 1796 οὐσίας
3094 1732 3173 1804 τῷ
3199 1735 3565 1805 γεγεννηκότι.
3591 1736 3693 1789 Συν-

508 1824 711 1878 Contra
758 1837 877 1893 quae
923 1822 1251 1891 rescriptum
1295 1827 1380 1875 est
1427 1819 1571 1891 quod
1628 1819 1696 1873 ab
1757 1817 2071 1887 hominibus

2178 1818 2421 1886 εισήγετο
2468 1816 2526 1871 δὲ
2556 1817 2650 1872 καὶ
2695 1814 2758 1872 τὸ
2804 1820 2932 1890 περὶ
2972 1821 3320 1897 Πνεύματος,
3369 1823 3447 1887 ὡς
3489 1824 3585 1877 ὑπὸ
3612 1824 3694 1876 τῶν

510 1914 658 1984 pium
704 1912 901 1984 dogma
957 1911 1416 1983 cognoscentibus
1462 1917 1516 1964 et
1550 1907 1889 1980 sectantibus
1917 1914 2073 1963 tene-

512 2015 626 2070 tur,
675 2005 894 2061 nomine
936 2002 1526 2062 consubstantialitatis
1560 1999 1756 2055 Filium
1802 1998 2073 2053 declarari

510 2115 622 2155 non
658 2100 890 2156 similem
920 2098 1053 2164 Deo,
1086 2098 1183 2154 sed
1216 2095 1409 2160 Deum,
1433 2103 1613 2164 utpote
1640 2092 1930 2164 genuinam
1955 2105 2077 2161 pro-

512 2189 615 2242 lem
649 2187 1000 2258 ejusdemque
1048 2202 1174 2241 cum
1212 2186 1457 2256 genitore
1494 2183 1836 2238 substantia.
1899 2178 2076 2233 Simul

508 2279 674 2335 etiam
725 2278 949 2332 allatum
998 2277 1103 2332 fuit
1150 2276 1297 2346 quod
1358 2274 1426 2329 ad
1479 2272 1740 2344 Spiritum
1798 2270 2072 2340 pertinet,

512 2371 607 2439 qui
650 2369 907 2424 nimirum
968 2383 1000 2422 a
1036 2368 1289 2423 Patribns
1340 2366 1396 2420 in
1443 2366 1631 2420 eadem
1688 2361 1811 2416 ﬁdei
1856 2361 2078 2429 exposi-

513 2462 660 2516 tione
710 2459 855 2515 Patri
916 2454 981 2516 et.
1025 2460 1162 2515 Filio
1222 2457 1555 2530 apponitur,
1614 2455 1743 2524 quia
1788 2453 1844 2505 in
1886 2450 2072 2505 eadem

2174 1908 2431 1979 Πατέρων
2465 1908 2522 1961 ὲν
2558 1911 2622 1980 τῇ
2650 1910 2798 1987 ἀὐτῇ
2850 1911 3029 1966 πίστει
3078 1912 3156 1985 τῷ
3200 1914 3319 1985 Θεῷ
3358 1915 3458 1968 καὶ
3502 1915 3574 1986 τῷ
3609 1915 3694 1986 Ta}

2175 1996 2450 2068 κειμένου,
2484 1998 2565 2051 ὅτι
2618 1997 2763 2052 ἔστιν
2796 2000 2856 2052 ὲν
2902 2004 2967 2071 τῇ
3008 2002 3143 2073 αὐτῇ
3193 2002 3433 2077 θεότητι.
3472 2005 3578 2075 Τὴν
3625 2001 3694 2058 οἷν

2173 2083 2276 2154 τῆς
2321 2085 2604 2151 εὐσεϐείας
2654 2087 2859 2160 ταύτης
2912 2091 3241 2162 πρεσϐείαν,
3298 2097 3427 2148 τίνα
3484 2096 3615 2159 εἰκὸς
3646 2092 3697 2166 ἦν

2174 2173 2316 2229 οὕτω
2346 2179 2607 2247 μετεῖναι,
2653 2178 2729 2258 ῶς
2770 2180 2859 2233 τὸν
2906 2183 3339 2247 σπουδαιότατον,
3381 2186 3501 2257 ἅμα
3532 2187 3601 2256 τῷ
3636 2188 3698 2239 δε·

2179 2265 2350 2337 σπότῃ
2391 2283 2490 2336 μου
2527 2267 2829 2341 Γρηγορίῳ,
2862 2271 2920 2334 ὃς
2946 2272 3055 2324 οὐδ’
3081 2273 3241 2338 αὐτὸς
3281 2274 3576 2346 οὐδαμόθεν
3597 2276 3701 2346 γρα-

2179 2371 2289 2425 φει,
2315 2357 2435 2409 οὐδὲ
2465 2359 2713 2427 σημαίνει
2734 2362 2986 2428 καθάπαξ
3007 2365 3157 2419 οὐδέν
3177 2384 3193 2433 ;
3214 2368 3491 2439 Ἐῤῥωσο,
3510 2368 3700 2421 δέστωα

2180 2448 2544 2507 ποθεινότατε.
2701 2450 2705 2454 ’

509 2553 727 2608 exsistit
767 2552 1068 2608 divinitate.
1118 2551 1291 2623 Hujus
1357 2550 1521 2621 igitur
1557 2548 1661 2618 pize
1693 2541 1978 2601 sententiae
2023 2536 2376 2612 legationem,
2444 2560 2605 2614 quem
2669 2545 2853 2601 decuit
2918 2547 3052 2604 adeo
3101 2551 3399 2621 persequi,
3441 2566 3508 2605 ac
3556 2560 3601 2606 te
3640 2552 3702 2602 vi-

512 2661 633 2701 rum
654 2647 1107 2710 laudatissimum,
1130 2661 1237 2700 una
1262 2659 1382 2700 cum
1403 2643 1621 2697 domino
1646 2654 1766 2694 meo
1790 2634 2072 2709 Gregorio,
2110 2633 2202 2704 qui
2237 2635 2441 2704 pariter
2502 2639 2652 2695 nullo
2696 2655 2767 2695 ex
2804 2640 2925 2697 loco
2959 2643 3169 2708 scribit,
3196 2659 3298 2699 nec
3329 2644 3419 2699 vel
3474 2644 3626 2700 serue!
3654 2644 3704 2696 de

511 2741 766 2811 quapiam
795 2756 853 2797 re
882 2746 1166 2797 certiorem
1208 2738 1372 2794 fecit?
1400 2736 1561 2797 Vale.
1589 2734 1809 2789 domine
1841 2731 2075 2786 maxime
2110 2729 2511 2789 desiderabilis.

961 2849 1293 2907 EPISTOLA
1331 2847 1649 2907 CCCLXV".

2682 2849 3028 2906 ΕΠΙΣΤΟΛΗ
3066 2854 3229 2909 ΤΞΕ⁹.

514 2972 577 3023 In
597 2987 783 3036 summa
807 2971 1124 3036 Cappadociae
1144 2970 1428 3036 calamitate,
1453 2983 1561 3021 cum
1583 2968 1719 3036 ﬂuvii
1741 2963 1987 3036 inundatio
2003 2975 2081 3036 res
2100 2961 2394 3036 uec-{syrios
2422 2979 2450 3016 e
2480 2966 2929 3036 vicinisprovinciis
2960 2971 3194 3036 adre/iere
3214 2986 3309 3024 non
3327 2971 3525 3036 εἰπερ-ει,
3544 2978 3703 3036 rogatur

579 3024 891 3094 Theodosius,
908 3024 964 3083 ἰιι
982 3032 1196 3096 ﬂuvium,
1216 3031 1371 3097 pontis
1391 3024 1724 3083 coritmoc'litale
1753 3026 1986 3088 adhibita,
2005 3024 2147 3075 veluti
2168 3024 2380 3079 Rubrum
2400 3040 2535 3079 mare
2553 3024 2753 3095 pedibus
2771 3033 2988 3097 pervium
3007 3034 3191 3098 eﬂiciat.

722 3138 960 3193 Basilius
1005 3154 1192 3209 magno
1224 3138 1530 3208 imperatori
1557 3135 1868 3191 Theodosio.

583 3248 876 3306 Calamitas
936 3251 1134 3305 accidit
1179 3252 1233 3304 in
1292 3249 1511 3319 regione
1563 3255 1793 3310 nostra,
1853 3259 1963 3300 non
2011 3257 2077 3297 ex

470 3357 777 3414 ,corporeo
836 3359 967 3400 casu
1001 3384 1016 3404 .
1074 3344 1167 3400 sed
1226 3359 1293 3399 ex
1340 3357 1604 3412 aquarum
1651 3339 1888 3395 emuvio.
1925 3336 2079 3392 Unde

515 3447 694 3492 autem
765 3437 903 3501 hoc,
958 3436 1300 3507 patefaciam.
1364 3433 1600 3490 Plurima
1656 3433 1798 3489 nivis
1855 3432 2080 3489 emissio

515 3528 657 3585 facta
681 3537 765 3585 est
816 3528 871 3583 in
902 3537 1143 3584 nostram
1173 3527 1454 3599 paludem.
1512 3527 1630 3593 Qua
1674 3526 1918 3582 nondum
1946 3541 2082 3582 con-

515 3623 687 3694 gelata
714 3662 730 3685 .
758 3623 1073 3692 supervenit
1122 3630 1319 3677 ventus
1352 3621 1563 3677 calidus
1584 3663 1599 3685 ,
1633 3621 1904 3692 simulque
1935 3619 2081 3677 cadit

516 3713 767 3769 australis
834 3711 1024 3766 imber.
1085 3710 1266 3779 Quare
1332 3712 1515 3768 subita
1570 3711 1928 3781 confertaque
1959 3717 2081 3766 orta

516 3799 935 3872 liquefactione,
992 3801 1242 3860 immensi
1287 3801 1421 3856 moti
1463 3808 1591 3857 sunt
1655 3800 1851 3856 ﬂuctus
1881 3839 1897 3862 .
1955 3814 2080 3855 cum

521 3892 746 3961 perenni
795 3890 958 3947 ﬂuvio
1027 3893 1272 3963 permisti
1305 3932 1321 3956 ,
1363 3906 1428 3947 ac
1494 3890 1859 3947 exundatione
1908 3905 2082 3960 eaque

518 3994 847 4051 personante
896 3993 1214 4054 superantes
1244 3992 1354 4037 tum
1407 3983 1648 4055 linguam
1684 3990 1798 4037 tum
1836 3981 2077 4036 oculum.

520 4071 571 4128 ls
609 4083 692 4128 est
718 4074 811 4144 qui
843 4074 997 4129 nobis
1031 4083 1177 4130 sorte
1209 4074 1401 4147 obtigit
1432 4075 1642 4131 vicinus
1676 4064 1893 4139 ﬂuvius,
1934 4088 2083 4129 ema-

520 4180 654 4221 nans
711 4165 925 4236 quidem
980 4182 1043 4222 ex
1092 4166 1348 4221 Armenia
1379 4208 1395 4232 ,
1448 4167 1787 4224 descendens
1830 4181 1962 4222 vero
2012 4165 2081 4220 ad

521 4254 951 4310 sacratissimum
980 4256 1160 4310 lacum
1188 4254 1633 4322 Sebastenorum,
1668 4257 1724 4311 in
1762 4271 1923 4327 quem
1952 4271 2081 4319 vere

522 4346 823 4410 nominati,
891 4361 955 4401 ac
1011 4348 1260 4418 generosi
1320 4348 1678 4420 quadraginta
1735 4347 1941 4404 Christi
1978 4347 2083 4402 mi-

523 4438 647 4493 lites
671 4477 686 4501 ,
728 4439 879 4509 gravi
922 4438 1085 4494 borea
1137 4438 1298 4495 ﬂante
1329 4440 1481 4494 inﬁxi
1519 4448 1664 4495 sunt.
1699 4441 1777 4495 Ac
1811 4439 1938 4495 inde
1962 4438 2080 4510 (ad-

522 4529 679 4583 mitte
710 4544 816 4595 me,
848 4529 1048 4599 optime
1094 4530 1410 4598 imperator,
1436 4544 1561 4585 vera
1599 4530 1892 4599 dicentem)
1918 4529 2080 4602 467

523 4622 614 4678 Ille
646 4620 841 4679 ﬂuvius
891 4622 1235 4698 circumdans
1264 4639 1364 4678 nos
1394 4665 1410 4690 ,
1454 4625 1603 4679 velut
1669 4638 1800 4695 gens
1830 4624 2077 4694 quaedam

523 4713 748 4768 inimica
800 4721 855 4769 et
898 4714 1299 4781 formidabilis,
1344 4731 1454 4770 non
1494 4730 1684 4785 parum
1742 4730 1843 4770 nos
1889 4721 2081 4770 terret.

2106 3130 2151 3188 C
2237 3131 2554 3200 Βασίλειος
2576 3134 2658 3225 τῷ
2682 3137 2922 3208 μεγάλῳ
2945 3139 3200 3204 ,ϐασιλεῖ
3220 3138 3331 3211 (51)
3356 3141 3654 3195 Θεοδοσία-

2245 3246 2424 3312 Πάθος
2464 3249 2741 3321 ἀπήντησε
2769 3256 2837 3325 τῇ
2874 3252 2995 3307 καθ’
3022 3254 3166 3324 ἡμᾶς
3196 3252 3383 3326 χώρᾳ,
3412 3256 3516 3308 οὐκ
3549 3272 3605 3306 εκ
3628 3269 3703 3305 ote-

2180 3341 2415 3411 ματικῆς
2460 3345 2830 3414 περιπετείας,
2862 3345 2977 3399 ἀλλ’
3010 3346 3068 3413 ἐξ
3126 3346 3334 3400 ὑδάτων
3374 3348 3699 3417 ἐπιρρύσεως.

2176 3432 2345 3486 Πόθεν
2392 3433 2449 3487 δὲ
2504 3434 2698 3506 τοῦτο,
2737 3436 2982 3508 δηλώσω.
3053 3439 3245 3507 Γέγονε
3298 3438 3571 3508 καταϐολὴ
3613 3436 3700 3505 1:6-

2175 3541 2280 3577 νων
2305 3525 2415 3597 (52)
2451 3526 2617 3598 πολλὴ
2650 3530 2714 3599 τῇ
2747 3528 2870 3582 καθ’
2895 3531 3042 3600 ἡμᾶς
3065 3529 3250 3601 λίμνῃ.
3283 3531 3471 3600 Μήπω
3491 3529 3547 3581 δὲ
3567 3527 3702 3594 αὐτῆς

2177 3618 2687 3690 κρυσταλλωθείσης
2729 3622 2863 3692 (55),
2906 3621 3207 3691 ἐπιγίνεται
3255 3621 3477 3693 πνεῦμα
3516 3621 3699 3692 θερμὸν,

2177 3711 2270 3764 κα)¹
2294 3711 2496 3784 ὄμϐρος
2521 3713 2695 3777 νότιος
2729 3710 3029 3785 σύμπίπτει
3053 3714 3190 3787 αὐτῇ
3221 3714 3359 3785 (54).
3395 3714 3611 3785 Ἀθρόας
3631 3707 3700 3764 οὖν

2178 3802 2471 3874 γενομένης
2501 3802 2597 3874 τῆς
2626 3803 2851 3876 τήξεως,
2892 3804 3185 3861 ἀνείκαστα
3221 3805 3449 3876 ἐκινήθη
3492 3805 3698 3876 ῥεύματα

2179 3896 2386 3967 ἀεννάῳ
2426 3896 2655 3969 ποταμῷ
2701 3896 3192 3969 συνεπιμιγνύμενα
3232 3897 3312 3968 τῷ
3352 3897 3497 3963 ἂλυι,
3531 3896 3696 3964 εναῦλῳ

2178 4002 2239 4038 τε
2281 3983 2413 4048 ὄντι,
2460 3986 2853 4056 ὑπερϐαίνοντα
2892 3987 3001 4058 (55)
3046 3984 3261 4058 γλώσσῃ
3309 3988 3405 4040 καὶ
3456 3983 3695 4056 ὀφθαλμῷ.

2179 4066 2346 4138 Οὗτος
2377 4076 2405 4128 ὁ
2427 4074 2604 4146 λαχὼν
2635 4078 2766 4147 ημῖν
2794 4076 2988 4145 γείτων
3030 4075 3300 4147 ποταμός·
3330 4075 3598 4138 ὲκϐλύζων
3623 4074 3696 4142 μὲν

2179 4167 2243 4220 ὲκ
2270 4166 2371 4237 τῆς
2396 4166 2504 4221 τῶν
2532 4168 2849 4239 Ἀρμενίων,
2877 4166 3291 4238 ἐκϐιϐαζόμενος
3313 4168 3372 4221 δὲ
3399 4169 3460 4219 ὲν
3485 4171 3551 4237 τῇ
3575 4167 3699 4235 tepu-

2178 4256 2315 4328 τάτῃ
2348 4256 2510 4329 λίμνῃ
2543 4257 2651 4311 τῶν
2690 4257 3068 4328 Σεϐαστηνῶν,
3109 4260 3189 4321 εἰς
3217 4258 3285 4328 ἣν
3331 4260 3382 4311 οἱ
3428 4256 3696 4329 φερώνυμα

2180 4351 2276 4413 καὶ
2307 4352 2541 4419 γενναῖοι
2572 4350 2975 4423 τεσσαράκοντα
3004 4350 3099 4408 τοῦ
3124 4350 3361 4422 Χριστοῦ
3412 4349 3695 4423 στρατιῶται

2185 4438 2568 4511 βορέουδεινοῦ
2598 4438 2925 4504 πνεύσαντος
2942 4439 3050 4511 (56)
3080 4441 3446 4512 ὲνεπὰρησαν.
3472 4434 3697 4492 Κάκεῖθεν

2182 4529 2357 4602 (δέξαι
2412 4547 2478 4601 με
2510 4530 2572 4584 τὸ
2623 4530 2820 4602 ἀληθὲς
2867 4530 3123 4600 λέγοντα,
3170 4530 3462 4601 κράτιστε)
3500 4522 3637 4590 οὗτος
3674 4526 3697 4576 ὁ

2182 4620 2524 4692 περικυκλῶν
2556 4623 2703 4693 ἡμᾶς
2732 4622 2923 4693 ὥσπερ
2959 4620 3106 4686 ἔθνος
3142 4621 3399 4692 πολέμιον
3430 4621 3537 4675 τῶν
3572 4615 3697 4688 ad?

2188 4709 2315 4782 ρῶν,
2346 4710 2407 4763 οὐ
2458 4711 2667 4783 μικρῶς
2699 4712 2848 4781 ἡμᾶς
2882 4710 3121 4780 ἐκφοϐεῖ.
3163 4712 3296 4764 Ποσὶ
3324 4711 3437 4782 γὰρ
3468 4709 3695 4781 μηδέπυτι

523 4804 683 4861 Nullo
734 4806 880 4861 enim
938 4822 1178 4877 unquam
1233 4780 1318 4862 vel
1361 4780 1603 4878 tempore
1649 4806 1731 4861 vel
1786 4805 1946 4861 modo
1983 4820 2078 4876 pe-

2185 4780 2576 4873 περαιούμενος
2608 4801 2719 4873 (57)
2745 4780 2888 4856 κατά
2923 4819 3045 4857 τινα
3086 4802 3273 4874 χρόνον
3316 4802 3353 4875 ἢ
3622 4798 3696 4858 τὶς

525 4898 687 4953 dibus
744 4898 1090 4969 permeabilis
1120 4937 1136 4962 ,
1186 4912 1297 4953 non
1345 4898 1609 4968 permittit
1642 4906 1702 4953 ut
1757 4896 2084 4953 necessariae

2183 4894 2479 4963 ἀναγκαίας
2506 4896 2637 4965 ἡμῖν
2652 4895 2756 4948 καὶ
2779 4893 3074 4957 λυσιτελεῖς
3098 4894 3360 4965 πατρίδας
3386 4894 3446 4946 οὐ
3470 4887 3697 4960 συγχωρεῖ

523 4989 682 5045 nobis
713 5004 777 5044 ac
818 4991 977 5045 utiles
1016 4989 1264 5060 regiones
1287 5029 1301 5054 ,
1353 4990 1704 5045 transveham
1751 5003 1956 5044 merces
1990 5003 2078 5057 op-

2185 4984 2519 5056 διακομίζειν
2567 4985 2635 5039 τὰ
2689 4985 3099 5058 ὲμπορευόμενα
3134 4985 3431 5056 ἐπιτήδεια.
3477 4982 3620 5049 Δέγω
3646 4975 3695 5044 δὴ

525 5088 804 5152 portunas.
840 5082 1148 5137 Galatarum
1177 5121 1192 5146 ,
1245 5082 1495 5152 inquam,
1550 5089 1605 5136 et
1649 5079 2077 5152 Paphlagonum,

524 5182 577 5227 et
635 5171 1195 5243 Hellenopontiorum,
1250 5191 1347 5245 per
1392 5188 1529 5244 quas
1557 5181 1611 5227 et
1662 5190 1724 5229 ex
1756 5175 1952 5244 quibus
1980 5174 2079 5229 ob-

525 5262 754 5325 veniunt
800 5278 920 5333 quae
968 5265 1124 5321 nobis
1161 5275 1289 5321 sunt
1318 5266 1625 5322 necessaria
1646 5305 1661 5326 ,
1689 5265 1954 5336 precipue
1981 5280 2078 5337 pa-

592 5414 723 5493 ξ-ῌχ
754 5415 992 5493 ῼζοηιςηι1
1023 5418 1164 5493 Ecrt.
1199 5422 1292 5479 Gr.
1329 5431 1367 5477 t.
1401 5421 1465 5487 11,
1493 5437 1545 5493 p.
1586 5421 1674 5477 91.

619 5486 709 5559 ξε)
739 5488 826 5559 Al.
858 5488 936 5558 τῷ
969 5489 1176 5559 βασιλεῖ
1207 5499 1434 5548 tantum.
1454 5486 1597 5550 Cor.

622 5555 715 5629 ξιξ)
866 5555 1056 5629 χιόνος.
1084 5558 1163 5613 In.

620 5625 715 5733 ξιξ
740 5628 827 5733 ιε·
862 5625 1179 5733 areae
1206 5631 1488 5705 παγεεσης·
1521 5630 1596 5687 ιο·

558 5692 715 5787 ἱ(δι)
744 5698 833 5754 Al.
862 5692 1027 5770 αὐτῷ.
1057 5699 1133 5755 lo.

2185 5079 2292 5134 τῶν
2343 5078 2600 5132 Γαλατῶν
2662 5080 2754 5133 καὶ
2816 5077 3176 5147 Παφλαγόνων
3225 5079 3319 5131 καὶ
3388 5076 3694 5145 Ἐλληνοπον-

2184 5170 2312 5224 τίων
2346 5170 2478 5240 (58),
2501 5170 2569 5224 δι’
2597 5165 2671 5224 ὧν
2694 5171 2788 5224 καὶ
2820 5171 2881 5235 ἐξ
2909 5165 2983 5224 ὧν
3015 5169 3083 5223 τὰ
3113 5170 3383 5237 ἀναγκαῖα
3414 5168 3539 5237 ἡμῖν
3564 5161 3694 5233 τράπε

2189 5279 2327 5327 εστι,
2360 5261 2647 5334 μάλισταή
2677 5261 2770 5315 τοῦ
2802 5261 2969 5333 ἄρτου
2993 5260 3263 5330 δαψίλεια·
3302 5257 3601 5331 κρυμὼδως
3622 5248 3694 5306 05'

2256 5415 2369 5487 (55)
2399 5417 2482 5472 Αί.
2516 5417 2935 5488 ὑπερϐάλλοντα.
2966 5414 3040 5488 In.

2250 5486 2358 5558 (56)
2392 5487 2479 5542 ΑΙ.
2511 5486 2950 5558 ἐπιπνεύσαντος.
2976 5486 3051 5541 In.

2257 5557 2369 5629 (57)
2400 5558 2486 5629 Al.
2522 5557 2875 5629 περώμενοςη
2900 5558 2973 5612 lo.

2257 5562 2346 5629 (57
2400 5562 2486 5613 Αι.
2522 5562 2855 5629 περὼμενος.
2900 5562 2973 5612 lo.

2254 5562 2369 5702 (58)
2399 5627 2483 5685 ΑΙ.
2528 5626 2971 5701 Ἑλλησποντίων.
3001 5628 3075 5682 In.
