3810 6462
580 329 704 382 l'lH

1877 329 1933 384 s.
1977 326 2214 382 casu."
2253 313 2463 386 MAGNI

3615 347 3722 403 llli

567 441 874 496 conl'cssm:
921 457 952 494 a
995 441 1189 512 quavis
1217 459 1275 498 re
1305 445 1518 498 mortali
1547 452 1718 500 semet
1761 445 2049 529 abstrahit,
2085 455 2123 500 el

2241 468 2413 521 ϐαίνει
2446 469 2557 537 (46)
2585 488 2678 523 του
2706 471 2899 542 θνητοῦ
2935 474 3157 549 παντὸς,
3193 473 3373 546 ὥσπερ
3398 477 3542 548 σῶμα
3569 480 3724 549 ἔχοντα

571 535 746 588 instar
789 537 1032 606 corporis
1085 537 1244 592 habet
1293 536 1558 607 Spiritum
1597 538 1725 602 Dei,
1779 547 1833 594 ct
1884 538 1994 593 Deo
2033 554 2135 594 nos

569 628 907 695 commiscet,
948 629 1295 684 aeu-iulatione
1323 631 1566 700 qualibet
1613 639 1776 701 atque
1805 631 2010 686 invidia
2038 646 2133 685 ca-

570 735 718 774 rens.
751 719 886 774 Nam
906 721 998 792 qui
1021 737 1222 792 corpus
1255 732 1420 787 amat,
1451 723 1542 776 alii
1572 723 1792 779 invidet.
1824 723 1926 789 Qui
1953 731 2134 778 autem

571 813 936 882 corruptionis
973 814 1223 869 morbum
1265 815 1320 869 in
1361 831 1458 870 cor
1505 831 1612 870 non
1659 816 1917 881 admittit,
1962 814 2135 870 labori

570 905 793 960 cuilibet
825 907 1082 976 deinceps
1121 908 1442 964 sustinendo
1473 925 1570 980 par
1597 919 1712 976 est;
1747 920 1801 966 et
1844 911 1968 966 licet
2009 926 2136 966 cor-

571 1013 701 1067 pore
761 998 1069 1065 occumbat,
1122 999 1254 1054 vivit
1302 1001 1716 1056 immortalitati.
1764 1002 1878 1058 ltno
1925 1003 1974 1058 si
2020 1020 2132 1060 rem

568 1090 805 1160 perfecte
821 1106 1235 1162 cognoscamus,
1255 1093 1589 1148 Continentia
1605 1094 1818 1152 videtur
1832 1111 1952 1152 esse
1968 1095 2133 1166 Deus,

568 1185 662 1254 qui
690 1184 823 1238 nihil
855 1184 1214 1254 concupiscit,
1250 1185 1346 1242 sed
1373 1186 1556 1241 omnia
1590 1189 1644 1242 in
1669 1203 1728 1243 se
1753 1189 1936 1254 habet,
1971 1191 2136 1246 nihil-

569 1293 676 1345 que
709 1277 935 1346 appetit,
967 1291 1068 1332 nec
1098 1278 1213 1333 sive
1237 1279 1412 1334 oculis
1441 1281 1556 1336 sive
1579 1281 2132 1352 auribus'passionem

567 1368 875 1436 experitur;
906 1368 1001 1424 sed
1032 1370 1181 1424 nulla
1202 1386 1262 1426 re
1298 1371 1570 1442 indigens,
1595 1375 1788 1442 plenus
1820 1391 2134 1448 usquequa-

567 1475 672 1528 que
705 1467 808 1514 est.
840 1459 1291 1531 Concupiseentia
1318 1465 1541 1519 morbus
1563 1474 1647 1519 est
1669 1466 1893 1532 animae;
1925 1467 2134 1523 sanitas

568 1550 812 1620 ejusdem
841 1593 854 1615 ,
894 1554 1255 1608 continentia.
1304 1552 1689 1610 Verumtamen
1730 1556 1874 1610 haud
1918 1557 1975 1610 in
2025 1573 2132 1612 una

567 1643 750 1712 specie
783 1645 1175 1700 continentiam
1215 1653 1430 1715 oportet
1472 1654 1746 1716 spectare,
1781 1649 1945 1704 veluti
1985 1650 2134 1706 circa

566 1749 656 1790 res
683 1751 976 1803 venereas;
1012 1737 1107 1792 sed
1134 1747 1187 1793 et
1217 1739 1273 1792 in
1306 1740 1412 1794 alia
1430 1756 1498 1804 re
1525 1742 1786 1811 qualibet,
1817 1759 1975 1813 quam
2011 1745 2130 1800 ani-

565 1841 652 1879 ma
689 1841 852 1896 prave
881 1830 1104 1898 appetit,
1140 1832 1470 1887 necessariis
1498 1847 1609 1887 non
1635 1842 1913 1889 contenta.
1941 1833 2130 1906 Gigni-
2156 1804 2204 1865 Β

564 1927 656 1974 tur
685 1920 911 1984 invidia,
946 1925 1016 1977 ob
1045 1939 1238 1979 aurum
1260 1967 1272 1989 ,
1310 1936 1363 1982 et
1405 1927 1780 1997 improbitates
1809 1931 2126 2000 innumerae,

563 2011 635 2065 ob
657 2011 793 2066 alias
822 2013 1168 2082 cupiditates.
1195 2015 1314 2070 Jam
1339 2027 1392 2072 et
1427 2020 1690 2076 ebrietate
1711 2037 1921 2090 carere,
1951 2026 2128 2079 couti-

563 2102 749 2158 nenlia
778 2112 895 2171 est;
931 2115 987 2159 et
1019 2106 1127 2160 cibi
1157 2109 1380 2178 crapula
1419 2124 1530 2164 non
1563 2111 1821 2183 dirumpi,
1848 2124 1901 2170 et
1930 2131 2130 2186 corpus

564 2212 724 2251 suum
759 2196 1038 2261 cohibere,
1070 2201 1405 2256 continentia
1437 2214 1543 2258 est.
1579 2204 1711 2260 ltetn
1738 2209 1921 2277 pravis
1950 2210 2129 2264 domi-

563 2287 685 2341 nari
719 2289 1164 2358 cogitationibus,
1204 2293 1419 2361 quoties
1463 2297 1700 2351 animant
1735 2301 1918 2353 turbat
1947 2301 2129 2372 aliqua

563 2380 855 2450 phantasia
890 2397 1068 2453 neque
1106 2384 1245 2439 bona
1280 2402 1457 2457 neque
1488 2390 1699 2444 veritati
1738 2394 2088 2447 consentiens
2109 2433 2127 2458 ,

562 2488 768 2544 corque
806 2475 862 2530 in
892 2491 1061 2533 vanas
1085 2478 1343 2534 distrahit
1371 2495 1557 2537 curas.
1591 2481 1825 2540 Prorsus
1861 2502 1962 2540 nos
1990 2486 2127 2542 libe-

560 2581 655 2622 ros
689 2577 914 2636 praesrat
942 2571 1300 2638 continentia,
1340 2575 1466 2644 quia
1509 2574 1670 2630 simul
1715 2579 1982 2633 medicina
2012 2580 2124 2635 vir-

559 2665 758 2730 tusque
777 2669 861 2716 est
884 2680 898 2716 :
925 2678 1032 2717 non
1055 2665 1198 2719 enim
1223 2669 1634 2736 temperantiam
1659 2670 1837 2735 docet,
1865 2672 1960 2726 sed
1982 2688 2126 2742 prae-

559 2750 672 2806 bet.
705 2750 890 2806 Gratia
925 2753 1042 2820 Dei,
1083 2758 1418 2812 continentia
1448 2768 1552 2816 est.
1592 2760 1751 2818 Jesus
1793 2763 1909 2834 ipsa
1952 2767 2127 2820 conti-

559 2844 745 2896 ncntia
783 2845 936 2900 visus
971 2856 1078 2909 est,
1129 2862 1254 2902 cum
1302 2858 1449 2903 terra
1498 2852 1746 2921 marique
1782 2853 1951 2908 levior
1984 2856 2122 2912 fuit:

559 2947 686 2986 nam
720 2949 894 3003 neque
942 2935 1103 2992 tellus
1149 2938 1300 2992 illum
1345 2941 1580 3008 portavit
1612 2959 1787 3013 neque
1815 2961 1994 3008 mare;
2030 2949 2124 3002 sed

560 3027 723 3082 sicuti
754 3044 902 3083 mare
925 3030 1177 3096 calcavit,
1211 3034 1285 3086 ita
1317 3034 1493 3088 telluri
1521 3040 1672 3090 oneri
1705 3053 1813 3092 non
1843 3037 1964 3095 fuit.
1993 3039 2122 3094 Nam

2239 561 2330 614 τοῦ
2359 562 2494 615 Θεοῦ
2520 563 2580 615 τὸ
2611 563 2832 634 Πνεῦμα
2853 582 2865 594 ’
2904 565 2998 618 καὶ
3027 566 3146 636 Θεῷ
3173 567 3448 636 μίσγεσθαι
3470 575 3609 634 ποιεῖ,
3631 573 3722 627 οὒτε

2236 652 2395 724 ζῆλον
2431 655 2627 724 ἔχουσα
2659 655 2784 709 οῦτε
2828 656 3038 725 φθόνον.
3080 658 3136 712 '0
3165 659 3273 731 γὰρ
3321 659 3453 731 ἐρῶν
3493 661 3723 732 σώματα,

2236 743 2410 815 ἑτέρῳ
2441 743 2802 814 διαφθονεῖται
2830 763 2842 776 ·
2890 748 2918 799 ὁ
2950 747 3006 798 δὲ
3057 748 3130 817 μὴ
3159 749 3507 820 κομισάμενος
3534 754 3602 813 εἰς
3630 770 3730 824 κιρ·

2233 833 2352 888 δίαν
2381 835 2481 906 τῆς
2531 836 2735 907 φθορᾶς
2770 837 2869 909 τὴν
2910 838 3094 902 νόσον,
3142 837 3374 909 ἔρρωται
3420 838 3585 892 λοιπὸν
3619 845 3728 910 πόνῳ

2235 927 2421 992 παντὶ,
2449 928 2651 1001 καίπερ
2679 929 2962 984 ἀποθανὼν
2993 931 3090 1001 μὲν
3119 931 3196 1003 τῷ
3234 931 3458 1002 σώματι,
3488 932 3584 996 ζῶν
3606 933 3653 986 δὲ
3678 939 3726 1005 τῇ

2233 1019 2533 1092 ἀφθαρσίᾳ.
2562 1021 2670 1075 Καί
2708 1039 2797 1093 μοι
2829 1022 3046 1086 τελείως
3076 1024 3546 1094 καταμανθάνοντι,
3567 1029 3729 1096 ἐγκρά-

2231 1129 2354 1167 τεια
2376 1113 2525 1166 δοκεῖ
2561 1114 2590 1166 ό
2621 1113 2754 1177 Θεὸς
2785 1109 2944 1179 εἶναι,
2984 1115 3064 1168 ὅτι
3097 1115 3322 1185 μηδενὸς
3351 1117 3605 1186 ἐπιθυμεῖ,

2234 1208 2412 1261 πάντα
2442 1207 2554 1278 ἔχει
2579 1209 2636 1260 ἐν
2657 1207 2863 1278 ἑαυτῷ·
2890 1210 2986 1262 καὶ
3007 1210 3218 1272 οὐδενὸς
3242 1209 3506 1281 ὀρέγεται,
3529 1212 3635 1264 οὐδὲ
3651 1212 3733 1278 ἔχει

2233 1297 2407 1361 πάθος
2434 1297 2565 1368 περὶ
2591 1298 2717 1361 τοὺς
2739 1297 3069 1369 ὀφθαλμοὺς,
3103 1299 3222 1352 ούδέ
3251 1299 3464 1370 περὶτὰ
3481 1294 3610 1352 ὦτα·

2234 1389 2488 1460 ἀνενδεὴς
2535 1388 2649 1454 ὢν,
2705 1389 2921 1462 πλήρης
2978 1389 3045 1443 δι’
3099 1389 3222 1443 ὅλου
3277 1391 3442 1444 ἐστίν.
3497 1392 3735 1460 Ἐπιθυμὰ

2233 1483 2386 1547 νόσος
2413 1481 2530 1536 ἐστὶ
2552 1482 2727 1553 ψυχῆς
2747 1499 2762 1513 ⁸
2805 1482 2961 1550 ὑγεία
2984 1482 3062 1546 δέ,
3093 1482 3409 1552 ἐγκράτεια.
3445 1484 3518 1536 Ub
3545 1484 3676 1552 μόνον

2233 1571 2362 1643 περὶ
2395 1570 2452 1624 ἓν
2499 1566 2640 1634 εῐδος
2671 1571 2772 1642 τὴν
2807 1571 3134 1643 ἐγκράτειαν
3161 1571 3243 1624 δεῖ
3280 1573 3434 1643 όρᾷν,
3458 1568 3562 1624 οἷον
3598 1573 3736 1625 ἕνεκεν

2232 1661 2578 1734 ἀφροδισίων,
2601 1664 2739 1718 ἀλλὰ
2769 1665 2861 1719 καὶ
2892 1665 3019 1736 περὶ
3064 1664 3134 1718 τὰ
3161 1663 3297 1718 ἄλλα
3333 1665 3434 1716 ὅσα
3467 1663 3685 1733 ἐπιθυμεῖ
3712 1668 3734 1734 ἠ

2231 1752 2377 1826 ψυχὴ
2399 1755 2604 1822 κακῶς,
2627 1757 2726 1809 οὐκ
2754 1756 3064 1828 ἀρκουμένη
3086 1759 3196 1819 τοῖς
3217 1756 3533 1823 ἀναγκαίοις
3547 1773 3560 1786 ·
3581 1757 3735 1823 γίνεται

2230 1847 2419 1918 φθόνος
2458 1848 2545 1902 διὰ
2575 1849 2814 1922 χρυσίον,
2839 1851 2935 1904 καὶ
2961 1850 3271 1922 ἀδικήματα
3307 1850 3479 1921 μυρία
3503 1850 3564 1902 δι’
3591 1851 3733 1918 ἐτέρας

2229 1939 2542 2011 ἐπιθυμίας.
2565 1942 2674 1994 Καὶ
2704 1941 2764 1994 τὸ
2799 1943 2872 2012 μὴ
2905 1941 3139 2012 μεθύειν,
3168 1942 3468 2012 ἐγκράτειά
3493 1944 3648 1995 ἐστιν’
3669 1943 3734 1994 tu".

2226 2033 2288 2086 τὸ
2337 2033 2412 2105 μὴ
2464 2033 2888 2106 διαρῤήγνυσθαι
2924 2033 3482 2107 ύπερεμπιπλάμενον
3517 2034 3633 2105 (47).
3661 2035 3736 2086 Κιί

2227 2128 2288 2181 τὸ
2328 2131 2548 2200 κρατεῖν
2594 2127 2686 2181 τοῦ
2730 2127 2996 2199 σώματος,
3043 2126 3344 2199 ἐγκράτειά
3381 2128 3550 2191 ἐστιν,
3599 2127 3673 2178 καὶ
3698 2127 3739 2177 τὲ

2229 2218 2502 2289 κυριεύειν
2526 2217 2800 2289 λογισμῶν
2831 2217 3098 2288 πονηρῶν.
3125 2217 3364 2281 Ποσάκις
3402 2217 3648 2288 ἐτάραξεν
3665 2218 3739 2284 0,»-

2228 2314 2328 2384 χὴν
2358 2312 2553 2376 ἔννοια,
2576 2312 2675 2365 οὐκ
2706 2311 2883 2383 ἀγαθὴ
2908 2307 3041 2364 οὖσα
3059 2309 3182 2364 οὗτε
3205 2311 3434 2381 ἀληθὴς,
3461 2312 3554 2364 καὶ
3569 2309 3740 2380 καρδίαν

2228 2403 2479 2474 ἐμέρισεν
2508 2404 2587 2466 είς
2611 2403 2782 2455 πολλὰ
2810 2402 3110 2474 φροντίζειν
3127 2401 3318 2465 κενῶς.
3339 2403 3564 2464 Πάντως
3582 2401 3742 2452 ἕλεσθε.

2231 2497 2315 2561 ροῖ
2336 2495 2368 2564 ἡ
2393 2494 2708 2564 ἐγκράτεια,
2732 2494 2845 2564 ἅμα
2866 2493 3241 2565 θεραπεύουσα
3261 2493 3357 2545 καὶ
3376 2492 3600 2563 δύναμις
3615 2487 3741 2544 οὖσι·

2227 2585 2287 2639 ού
2325 2587 2432 2656 γάρ
2471 2585 2712 2640 διδάσκει
2754 2586 3124 2656 σωφροσύνην,
3158 2584 3295 2638 ἀλλὰ
3336 2585 3589 2655 παρέχει.
3614 2587 3744 2653 Xipz;

2226 2679 2374 2733 ἐστὶν
2413 2677 2546 2732 Θεοῦ
2580 2677 3117 2750 ἐγκράτεια.⁹1ησοῦς
3144 2677 3447 2748 ἐγκράτεια
3481 2677 3658 2745 ἐφάνη,
3678 2675 3745 2725 ui

2225 2775 2294 2844 γῇ
2319 2773 2411 2825 καὶ
2433 2772 2674 2843 θαλάσσῃ
2705 2771 2902 2840 κοῦφος
2929 2771 3236 2840 γενόμενος.
3263 2767 3405 2822 Οῦτε
3433 2768 3543 2839 γάρ
3572 2769 3634 2836 γῆ
3656 2768 3746 2818 ἑξά-

2227 2880 2420 2917 στασεν
2451 2863 2633 2926 αὐτὸν,
2661 2861 2783 2915 οὔτε
2837 2860 3045 2942 πελάγη
3067 2877 3081 2892 °
3136 2859 3247 2914 ἀλλ’
3279 2860 3473 2930 ὥσπερ
3526 2859 3746 2926 ἐπάτητεν

2225 2955 2520 3018 θάλασσαν,
2549 2955 2722 3020 οὕτως
2748 2956 2847 3008 ούκ
2887 2955 3153 3026 ἐϐάρησεν
3190 2954 3288 3024 τὴν
3311 2954 3440 3024 γῆν.
3481 2954 3546 3006 Εἰ
3575 2954 3668 3020 γάρ
3702 2953 3748 3000 ἐκ

2226 3048 2318 3102 τοῦ
2351 3047 2669 3120 φθείρεσθαι
2709 3047 2772 3100 τὸ
2801 3045 3116 3110 ἀποθανεῖν,
3151 3048 3216 3098 ἐκ
3244 3046 3301 3098 δὲ
3333 3045 3432 3098 τοῦ
3472 3045 3659 3115 φθοράν
3693 3043 3746 3110 μὴ

559 3119 609 3174 si
644 3135 710 3174 ex
745 3123 1096 3192 corruptione
1129 3140 1277 3181 mors
1325 3128 1609 3196 sequitur,
1644 3145 1708 3185 ex
1755 3134 2123 3202 corruptionis

2228 3142 2400 3211 ἔχειν,
2440 3141 2501 3194 τὸ
2555 3140 2629 3213 μὴ
2678 3139 2988 3203 ἀποθανεῖν,
3019 3139 3245 3209 θεότητα
3280 3141 3310 3191 ὁ
3350 3137 3563 3208 Ἰησοῦς
3604 3134 3749 3206 εξρτά.

558 3220 741 3268 autem
770 3215 1136 3281 immunitate,
1168 3217 1578 3287 immortalitas;
1613 3224 1800 3293 utique
1827 3222 1987 3282 Jesus
2012 3228 2129 3281 dei-

559 3311 725 3358 tatem
759 3306 929 3375 magis
968 3321 1079 3376 pra:
1115 3322 1174 3363 se
1205 3309 1326 3364 tulit
1363 3327 1526 3382 quam
1568 3317 1950 3371 mortalitatem
1989 3319 2122 3390 (42).

558 3390 904 3449 Manducavit
922 3396 1166 3467 bibitque
1192 3400 1455 3472 singulari
1475 3406 1657 3470 modo,
1681 3409 1810 3477 quin
1831 3410 2124 3481 quidquam

557 3501 835 3542 comesum
865 3503 932 3545 ex
959 3505 1018 3546 se
1056 3492 1305 3550 redderet
1336 3495 1482 3566 (45):
1520 3506 1671 3552 tanta
1699 3501 1898 3572 quippe
1928 3502 2028 3556 fuit
2070 3504 2124 3558 in

556 3593 623 3634 eo
655 3580 1002 3638 continentia:
1027 3585 1131 3652 vis,
1169 3594 1228 3640 ut
1259 3588 1416 3644 cibus
1449 3591 1503 3644 in
1551 3607 1618 3647 eo
1659 3609 1766 3648 non
1806 3611 2126 3668 corrumpe-

557 3679 729 3732 retur,
745 3677 870 3740 quia
889 3673 1173 3742 ipseJesus
1197 3680 1650 3748 corruptibilitate
1677 3686 1896 3740 carebat
1915 3686 2044 3756 (44).
2066 3687 2123 3744 Si

555 3759 720 3813 modo
768 3762 951 3831 aliqua
993 3765 1330 3821 continentia
1373 3767 1427 3822 in
1475 3772 1632 3826 nobis
1683 3773 1774 3835 sit.
1815 3777 2124 3844 superiores

555 3852 807 3908 omnibus
837 3868 1049 3911 sumus.
1086 3855 1219 3910 Nam
1269 3867 1323 3913 et
1359 3861 1582 3930 angelos
1613 3863 1938 3932 audivimus,
1973 3879 2124 3937 post-

554 3959 718 4009 quam
755 3945 1157 4004 incontinentes
1183 3960 1310 4004 sunt
1338 3951 1513 4006 ell‘ecti
1536 3993 1550 4016 ,
1581 3956 1721 4009 cutio
1749 3966 1967 4026 propter
1992 3974 2122 4012 con-

554 4033 948 4102 cupiscentiam
975 4041 1278 4110 praecipites
1302 4050 1486 4100 actos:
1517 4046 1645 4100 victi
1669 4056 1796 4102 sunt
1821 4049 1987 4111 enim,
2013 4066 2120 4104 non

554 4123 658 4194 ipsi
701 4141 796 4194 per
842 4144 900 4182 se
940 4128 1359 4189 descenderunt.
1403 4135 1542 4202 Quid
1592 4139 1732 4192 enim
1784 4139 1895 4196 illic
1940 4152 2122 4214 ageret

553 4216 780 4271 morbus
811 4219 920 4285 hic,
956 4221 1001 4274 si
1023 4222 1132 4292 (45)
1156 4223 1469 4294 hujusmodi
1504 4229 1696 4286 oculus
1726 4230 1921 4286 ibidem
1953 4233 2122 4287 exsti-

552 4311 750 4365 tisset?
773 4311 1066 4381 Propterea
1094 4315 1204 4370 dixi
1227 4337 1238 4371 :
1259 4319 1666 4389 Aliquantulum
1699 4325 2045 4380 continentia:
2073 4326 2119 4380 si

554 4401 610 4455 in
641 4403 800 4458 nobis
848 4405 942 4467 sit,
989 4414 1042 4460 et
1093 4408 1355 4465 mundum
1405 4413 1625 4469 minime
1671 4415 1981 4486 diligamus,
2023 4420 2120 4475 sed

2227 3234 2369 3297 ζετο,
2405 3233 2464 3286 ού
2513 3231 2836 3304 θνητότητα.
2865 3229 3091 3284 Ἠσθιεν
3127 3231 3218 3282 καὶ
3251 3229 3441 3282 ἔπινεν
3489 3230 3640 3290 ἰδίως,
3676 3227 3746 3275 tia:

2224 3323 2507 3387 ἀποδιδοὺς
2526 3323 2594 3376 τὰ
2621 3321 2902 3394 βρώματα*
2922 3321 3155 3391 τοσαύτη
3185 3324 3240 3374 ἐν
3266 3320 3420 3390 αὐτῷ
3441 3325 3476 3393 ἡ
3502 3320 3748 3391 inputat:

2223 3415 2452 3485 δύναμις
2482 3411 2572 3486 ἦν,
2595 3413 2733 3468 ὥστε
2763 3414 2838 3484 μὴ
2865 3412 3132 3483 φθαρῆναι
3165 3412 3263 3482 τὴν
3287 3412 3502 3483 τροφὴν
3533 3415 3588 3464 ὲν
3615 3407 3745 3475 αὐτῷ,

2223 3506 2343 3560 ἐπεὶ
2373 3507 2434 3560 τὸ
2484 3505 2798 3578 φθείρεσθαι
2840 3505 3000 3568 αὐτὸς
3029 3506 3128 3557 οὐκ
3171 3498 3337 3573 εἶχεν.
3388 3504 3600 3571 Ὀλίγον
3637 3504 3747 3554 τι

2221 3602 2355 3670 ἡμῖν
2392 3598 2488 3653 ἐὰν
2601 3599 2929 3670 ἐγκράτεια,
2987 3596 3245 3668 ἀνώτεροι
3299 3597 3561 3650 ἁπάντων
3599 3596 3744 3664 ἐσμέν.

2224 3694 2331 3746 Καὶ
2381 3693 2490 3765 γὰρ
2537 3692 2800 3762 ἀγγέλους
2843 3691 3154 3762 ἠκούσαμεν
3190 3691 3456 3759 ἀκρατεῖς
3513 3688 3748 3756 γεγονένιι

2223 3782 2707 3846 κατασπασθέντας
2753 3779 2982 3853 ούρανοῦ
3038 3780 3104 3834 δι’
3154 3779 3480 3849 ἐπιθυμίαν.
3521 3779 3746 3831 fama:

2221 3876 2350 3947 γάρ,
2383 3876 2503 3946 ούχὶ
2527 3875 2836 3947 κατέϐησαν
2858 3892 2871 3905 ·
2901 3874 2954 3928 τί
2989 3873 3098 3945 γάρ
3125 3873 3392 3944 ἔπραττεν
3431 3875 3555 3925 ἐκεῖ
3586 3871 3698 3936 αἰτῇ
3719 3871 3742 3932 ἡ

2221 3969 2392 4032 νόσος,
2427 3970 2476 4020 εί
2511 3969 2583 4040 μή
2631 3985 2716 4031 τις
2759 3969 2876 4020 ἐκεῖ
2928 3965 3165 4029 τοιοῦτος
3215 3963 3498 4034 ὀφθαλμὸς
3546 3960 3638 4033 ἦκα
3675 3961 3745 4011 .lz'x

2219 4059 2376 4114 τοῦτο
2400 4061 2562 4132 ἔφην’
2596 4052 2802 4128 ’Ὀλίγον
2833 4059 3155 4130 ἐγκράτειαν
3183 4057 3276 4110 ἐὰν
3305 4056 3545 4128 ἔχωμεν,
3579 4057 3659 4108 καὶ
3676 4070 3742 4103 τε»

2223 4153 2336 4223 βίου
2385 4152 2459 4224 μὴ
2504 4150 2859 4223 ἐρασθῶμεν,
2892 4150 3006 4204 ἀλλ’
3048 4149 3255 4203 αἰώνων
3302 4147 3415 4202 τῶν
3467 4148 3742 4217 ἀνωτέρω.

2220 4245 2336 4295 ἐκεῖ
2393 4240 2800 4313 εὑρεθησόμεθα
2863 4241 2996 4293 ὅπου
3049 4240 3449 4308 ἀναπέμπωμεν
3492 4240 3584 4291 τὸν
3629 4236 3737 4288 vni->1.

2219 4337 2374 4388 Δοκεῖ
2408 4334 2516 4406 γάρ
2545 4333 2816 4404 ὀφθαλμὸν
2836 4329 2974 4385 εἶναι
2999 4331 3205 4393 τοῦτον,
3233 4331 3328 4382 τὸν
3350 4331 3417 4384 τὰ
3441 4332 3620 4401 ἀφανῆ
3645 4329 3740 4380 icti:

2220 4426 2532 4496 δυνάμενον.
2564 4425 2674 4479 Kal.
2715 4424 2822 4496 γὰρ
2873 4423 3127 4494 λέγεται·
3161 4423 3302 4487 Νοῦς
3347 4425 3486 4494 δρᾷ,
3513 4425 3604 4477 καὶ
3647 4419 3740 4481 νοῦς

550 4495 796 4550 οωιεειὶει
837 4498 1056 4563 saecula,
1093 4499 1206 4554 illic
1246 4501 1582 4558 inveniemur
1615 4521 1722 4576 quo
1759 4521 1988 4564 mentem
2035 4511 2119 4566 in-

2228 4519 2428 4575 ἀκούει.
2455 4517 2640 4572 Ταῦτά
2671 4534 2752 4570 σοι
2783 4516 2936 4584 ὀλίγα
2979 4515 3253 4576 δοκοῦντα,
3495 4516 3739 4582 γέγραφεν

549 4587 906 4644 teuderimus.
940 4587 1038 4644 Hic
1077 4591 1220 4645 enim
1252 4592 1466 4648 videtur
1492 4611 1614 4651 esse
1656 4599 1867 4654 oculus.
1900 4601 1992 4670 qui
2033 4602 2115 4657 in-

550 4680 786 4735 visibilia
815 4698 1041 4739 cernere
1060 4693 1272 4756 potest;
1305 4703 1428 4741 nam
1452 4689 1612 4744 etiam
1638 4693 1796 4762 vulgo
1815 4694 1920 4748 dici
1943 4696 2110 4751 solet:

549 4769 703 4827 Mens
753 4774 918 4837 videt,
963 4785 1016 4831 et
1053 4793 1206 4833 mens
1271 4781 1443 4835 audit.
1487 4779 1667 4838 Pauca
1735 4786 1829 4841 tibi
1880 4787 1996 4843 lucc
2037 4791 2306 4857 videntur,
2366 4769 2462 4846 sed
2501 4790 2670 4843 multa
2695 4804 2795 4859 ego
2836 4789 3064 4859 scripsi:
3106 4795 3304 4843 etentm
3359 4787 3742 4858 unumquodque

2221 4609 2303 4661 ὅτι
2336 4607 2540 4678 ἑκάστη
2568 4605 2731 4672 λέξις,
2764 4603 2886 4666 νοῦς
2920 4606 3094 4656 ἐστιν·
3121 4604 3214 4655 καὶ
3242 4600 3378 4656 οἴδα.
3397 4605 3483 4656 ὅτι
3520 4599 3740 4669 aurea;

2219 4699 2477 4771 αἰσθήσῃ.

551 4867 794 4930 verbum,
824 4887 1016 4927 sensus
1044 4873 1263 4942 quidam
1295 4883 1407 4942 est;
1442 4886 1606 4948 atque
1623 4879 1675 4936 id
1706 4883 1821 4937 scio
1849 4891 1901 4938 te
1926 4883 2190 4957 legentem
2219 4886 2337 4942 fore
2366 4885 2733 4958 cogniturum.

620 5052 731 5124 (42)
751 5053 912 5124 Ludit
932 5053 1329 5122 quodammodo
1354 5055 1582 5113 Basilius
1609 5059 1664 5113 in
1687 5063 1965 5118 vocabulis
1992 5064 2108 5117 θεό-

547 5123 1122 5200 τητα-ει-θνητότητα,
1159 5124 1302 5193 quod
1327 5125 1517 5200 Latine
1540 5129 1655 5200 lieri
1686 5133 1893 5200 nequit.

771 5192 898 5273 I‘lac’
933 5192 1100 5273 super
1137 5210 1196 5273 re
1229 5198 1664 5273 reverentissime
1699 5192 2109 5273 theologieeque

548 5263 742 5343 scribit
768 5263 1102 5343 Athanasius
1137 5263 1380 5343 Corinthi
1413 5269 1700 5343 episcopus
1728 5272 1780 5343 in
1808 5263 2108 5343 fragmento

547 5333 817 5411 quodnos
834 5336 1104 5411 edidimus
1120 5334 1234 5411 AA.
1255 5338 1414 5411 class.
1443 5333 1482 5391 ἰ.
1511 5338 1576 5400 Χ,
1682 5333 1936 5405 499-5θῦ,
1961 5346 2104 5411 quod

548 5403 738 5484 incipit
771 5423 783 5458 :
838 5405 1137 5484 Ζητρῦμεν,
1168 5409 1216 5460 εἰ
1248 5408 1280 5478 ἡ
1313 5403 1618 5484 *πληρωσιξ
1650 5412 1760 5484 τῶν
1808 5403 2107 5484 βρωμάτων

548 5419 783 5526 mergit:
838 5419 1137 5529 ιητουέιεν,
1168 5419 1216 5460 ει
1248 5419 1280 5478 η
1326 5419 1602 5494 πληρωσις
1652 5419 1760 5464 τῶν
1808 5419 2107 5484 βρωμάτων

547 5473 640 5526 ἐπὶ
721 5475 902 5543 ριστοῦ
941 5478 1005 5530 ἐκ
1037 5492 1202 5546 κτητο
1241 5479 1334 5530 καὶ
1368 5495 1613 5534 κενωσιν.
1650 5480 1777 5535 Erat
1820 5485 1960 5538 enim
1995 5487 2107 5539 hinc

548 5557 766 5613 quoque
793 5560 900 5598 una
942 5561 1005 5601 ex
1046 5548 1445 5615 ohjectinnibus
1478 5553 1876 5607 hereticorum.
1915 5555 2107 5609 Delituit

550 5622 753 5685 autem,
789 5629 990 5685 corpus
1017 5616 1218 5672 Christi
1253 5621 1351 5671 hac
1392 5621 1446 5673 in
1487 5637 1544 5672 re
1580 5622 1746 5676 fuisse
1772 5625 1981 5678 caneris
2014 5642 2108 5679 stt-

548 5683 934 5764 peritt‘s.‘sicu'ti_
956 5688 1188 5742 etiamin
1217 5688 1426 5764 insolita
1461 5691 1759 5764 nativitate.
1780 5691 1958 5748 Utitur
1979 5712 2106 5764 quu-

548 5767 656 5826 que
679 5754 1007 5812 Athanasius
1028 5759 1276 5828 exemplo
1305 5759 1564 5817 trinitatis
1593 5762 1738 5818 illius
1767 5766 1908 5822 apud
1932 5754 2104 5821 Abru-

2210 5063 2430 5120 hamum
2459 5063 2822 5124 convivantis,
2851 5077 3027 5130 neque
3049 5073 3224 5116 tamen
3249 5061 3498 5130 naturali
3529 5061 3735 5114 necessi-

2210 5135 2305 5188 tati
2329 5134 2791 5211 obtemperantis;
2820 5129 2963 5211 quod
2990 5133 3115 5211 item
3141 5129 3444 5211 ἀερθείςιο
3457 5139 3585 5201 post
3599 5146 3737 5184 resut-
3808 5173 3810 5178 .

2209 5205 2504 5280 rectionem
2520 5201 2733 5259 edente
2762 5201 3166 5280 intelligendum
3194 5201 3394 5280 ξηρὴ...-
3483 5270 3517 5280 ]
3586 5270 3616 5280 η
3655 5270 3664 5277 ,
3702 5269 3709 5274 _
3808 5223 3810 5230 ι

2281 5273 2392 5344 (44)
2423 5273 2538 5328 Νοη
2562 5285 2775 5344 natura,
2808 5273 2902 5329 sed
2923 5270 3094 5344 gratia
3121 5279 3174 5326 et
3194 5270 3551 5344 inhabita‘nlis
3570 5270 3732 5324 divini.

2209 5341 2338 5421 tatis
2353 5341 2871 5421 privilegioNidesis
2887 5341 3219 5421 σβυς-δείρξὶ
3233 5341 3558 5421 ᾼηιξοοιλειιί
3580 5353 3731 5421 contra

2217 5407 2857 5490 incorrttpticblas,_ap_ud
2887 5407 2989 5490 nos
3021 5414 3076 5490 in
3110 5411 3396 5490 S_picil_egio_
3429 5409 3658 5490 θυαμ-ι.
3681 5407 3728 5459 Χ.

2285 5485 2396 5553 (45)
2417 5481 2622 5545 Graece,
2655 5486 2704 5538 εἰ
2727 5481 2799 5553 μή
2825 5500 2925 5546 τις.
2953 5482 3060 5538 Sed
3091 5484 3163 5554 μή
3193 5482 3498 5536 redundare
3530 5481 3728 5535 videtur.

2212 5565 2525 5631 Nemeaea
2553 5569 2678 5631 qua.
2697 5561 3019 5631 sequam?“
3068 5621 3079 5631 .
3436 5622 3448 5631 .
3579 5619 3625 5631 -.

2308 5621 2395 5690 46)
2438 5621 2790 5680 Ἀπόὄαίνειζ
2829 5623 2962 5679 Cod.
3000 5621 3172 5692 prima
3208 5634 3367 5674 manu
3425 5621 3711 5673 amsﬁém'

2306 5695 2392 5762 47)
2427 5689 3108 5765 ’Υπερρμπιμπλάμεκοη
3142 5689 3320 5748 Prima
3336 5707 3501 5747 manu
3525 5692 3719 5787 mal-'5;

2215 5783 2277 5818 us
2285 5783 2389 5819 νον.
