3810 6516
527 324 662 383 llis

1326 278 1333 287 ’
1428 322 1785 383 APPENDIX.
1815 358 1885 369 --
1922 327 2260 386 smsoms
2296 327 2846 387 uernnmsu.

3595 328 3699 386 lllﬁ

1098 696 1909 876 ΗΘΙΚΟΙ
2034 704 2165 874 Λ

2217 704 2486 877 ΟΓ
2499 708 2733 879 ΟΙ
2856 687 3187 875 KA'

1868 964 1875 971 ’
1889 969 2116 1026 ΕΚΛΕΧ
2124 971 2395 1027 ΘΕΝΤΕΣ

840 1134 1018 1224 AIA
1071 1082 1524 1225 ΣΥΜΕΩΝ
1578 1139 1803 1226 TOY
1866 1141 2165 1226 MAI‘I}

2217 1140 2491 1227 ΓΡΟΥ
2536 1136 2729 1226 ΚΑΙ
2781 1136 3455 1226 ΛΟΓΟΘΕΤΟΥ

605 1318 707 1372 Ἐκ
726 1315 938 1372 πασῶν
965 1316 1082 1373 τῶν
1116 1316 1523 1388 πραγματειῶν
1554 1317 1660 1373 τοῦ
1690 1319 1760 1374 ἐν
1789 1319 2242 1445 ἀξίοιςῶξὲἓὲ
2266 1320 2434 1444 ἡμῶν
2470 1320 2791 1374 Βασιλείου
2834 1318 3302 1389 ἀρχιεπισκόπου
3331 1317 3666 1385 Καισαρείας

1883 1410 1960 1445 nc
2075 1427 2092 1443 .
2243 1408 2312 1445 οκ
2340 1409 2433 1445 ac.

1848 1406 1960 1460 της
1987 1406 2433 1457 Δαππασοκιας.

957 1612 1781 1844 SERMONES
1871 1715 2497 1847 VIGINTI
2595 1714 3344 1861 QUATUOR

1753 1964 1899 2053 DE
1988 1962 2518 2054 MORIBUS

614 2158 732 2219 Per
761 2157 1135 2218 Svmeonem
1161 2154 1612 2233 Magistrumget
1640 2150 2043 2233 Logothetam
2062 2149 2274 2233 selecti
2303 2169 2378 2213 ex
2408 2147 2698 2233 omnibus
2726 2152 3027 2232 operibus
3051 2153 3248 2216 sancti
3266 2155 3463 2217 Patris
3490 2157 3669 2218 nostri

1410 2230 1618 2293 Basilii
1646 2230 2104 2311 archiepiscopi
2132 2230 2422 2293 Caesarea;
2455 2230 2883 2312 Cappadocia).

776 2548 942 2621 ‘69
979 2545 1074 2601 DE
1129 2542 1451 2600 VIRTUTE
1495 2543 1580 2599 ET
1624 2543 1853 2601 VITIO.

1160 2657 1392 2714 SERMO
1440 2657 1482 2713 l.

612 2777 663 2830 Ι.
701 2775 777 2847 (ι)
815 2774 1072 2830 Dominus
1105 2779 1292 2827 noster
1328 2770 1490 2828 Iesus
1536 2772 1791 2830 Christus
1842 2774 2106 2845 apostolis

2124 2557 2178 2614 Δ

2474 2553 2655 2607 ΠΕΡΙ
2704 2551 2987 2606 ΑΡΕΤΗΣ
3033 2555 3160 2608 KAI
3208 2554 3497 2607 ΚΑΚΙΑΣ.

2820 2666 3037 2721 ΛΟΓΟΣ
3068 2668 3147 2720 A'.

2279 2777 2329 2831 Ι.
2377 2776 2434 2831 '0
2467 2775 2564 2848 μὲν
2586 2775 2791 2848 Κύριος
2809 2776 2966 2849 ἡμῶν
3003 2776 3209 2847 Ἰησοῦς
3232 2776 3467 2849 Χριστὸς
3495 2782 3606 2841 τοῖς
3631 2781 3729 2831 ἀτο-

544 2871 677 2932 suis,
724 2868 937 2933 Euntes,
990 2866 1185 2936 inquit,
1215 2866 1393 2920 docete
1422 2883 1598 2921 omnes
1640 2875 1834 2937 gentes,
1868 2866 2106 2924 docentes

2217 2868 2430 2934 στόλοις,
2467 2869 2880 2938 Πορευθέντες,
2919 2869 3071 2939 φησὶ,
3101 2870 3517 2938 μαθητεύσατε
3574 2870 3731 2922 πάντα

544 2963 684 3031 ipso:
709 2961 750 3028 ι,
808 2975 916 3013 non
959 2959 1073 3013 haec
1109 2957 1326 3028 quidem
1368 2958 1677 3021 observare.
1718 2959 1808 3015 illa
1840 2974 1971 3015 vero
2012 2976 2108 3016 ne«

545 3053 746 3123 gligere
777 3070 790 3105 :
825 3050 920 3105 sed
947 3060 1154 3104 servare
1183 3050 1360 3103 omnia
1387 3065 1701 3119 quacunque
1741 3050 1988 3105 mandavi
2026 3067 2109 3105 oo-

547 3143 626 3197 οἰδ
658 3144 701 3205 ¹,
757 3142 807 3195 id
833 3152 936 3205 est,
961 3156 1029 3195 ne
1054 3141 1335 3194 minimum
1372 3140 1588 3210 quidem
1615 3156 1804 3195 eorum
1834 3142 2110 3212 prmterire

545 3249 666 3304 quae
693 3234 1008 3304 praescripta
1049 3240 1197 3288 sunt.
1235 3231 1311 3305 (2)
1340 3231 1552 3287 Etenim
1584 3234 1630 3289 si
1663 3248 1774 3288 non
1799 3234 1983 3290 omnia
2020 3250 2111 3292 es-

547 3333 669 3384 sent
708 3325 868 3381 nobis
900 3326 1211 3379 necessaria
1255 3324 1323 3379 ad
1367 3325 1562 3380 salutis
1603 3327 1963 3397 preposilum,
2000 3341 2107 3382 non

546 3417 734 3486 utique
763 3417 945 3471 omnia
988 3415 1240 3471 mandata
1274 3415 1510 3471 fuissent
1549 3417 1860 3486 conscripta
1890 3433 1905 3470 :
1934 3430 2110 3486 neque

547 3507 743 3563 fuisset
771 3508 1066 3572 sancitum,
1096 3516 1155 3561 ut
1184 3508 1495 3563 necessario
1528 3519 1877 3563 servarentur
1904 3508 2105 3563 omnia.

548 3600 625 3672 (3)
655 3599 767 3655 Nos
810 3615 942 3656 vero
976 3600 1023 3655 si
1053 3600 1137 3654 vel
1172 3600 1392 3654 unicum
1441 3599 1755 3654 mandatum
1804 3599 2112 3656 coniecisse

547 3707 650 3747 nos
699 3692 1025 3746 arbitremur
1061 3673 1261 3761 (neque
1304 3694 1450 3746 enim
1502 3692 1807 3747 confecisse
1837 3692 2106 3748 dixerim:

548 3782 732 3839 omnia
779 3782 1047 3851 siquidem
1082 3782 1225 3837 inter
1256 3798 1315 3837 se
1362 3782 1635 3837 cohmrent
1666 3782 1965 3837 secundum
2019 3799 2110 3840 sa-

549 3890 675 3930 nam
708 3875 858 3944 scopi
887 3873 954 3927 ad
982 3889 1140 3943 quem
1172 3873 1402 3928 tendunt
1445 3876 1733 3935 rationem,
1770 3875 1849 3928 sic
1896 3882 1957 3929 ut
2000 3889 2111 3929 uno

551 3964 799 4020 exsoluto
847 3978 1068 4019 necesse
1091 3965 1163 4019 sit
1191 3964 1295 4016 alia
1323 3965 1483 4017 etiam
1517 3963 1679 4017 simul
1717 3962 1967 4033 exsolvi),
2005 3979 2113 4017 non

551 4056 623 4111 ob
655 4070 718 4109 ea
747 4070 867 4124 qua:
918 4055 1366 4124 praetermisimus
1406 4055 1538 4108 iram
1589 4061 1991 4125 exspectamus,
2021 4055 2118 4110 sed

552 4155 778 4219 propter
829 4147 964 4201 illud
1022 4145 1168 4217 quod
1224 4148 1471 4202 videmur
1527 4149 1839 4218 peregisse,
1872 4147 2115 4217 praemia

554 4238 937 4311 praestolamur
967 4257 979 4293 :
1006 4238 1147 4293 haud
1180 4238 1415 4295 scientes
1444 4254 1590 4303 eum,
1622 4240 1714 4309 qui
1737 4254 1801 4294 ex
1827 4238 2011 4292 decem
2039 4246 2119 4293 ta-

559 4333 721 4388 lentis
759 4330 864 4386 sibi
913 4330 1224 4385 commissis
1270 4346 1437 4385 unum
1476 4338 1571 4384 aut
1612 4331 1841 4385 alterum
1875 4330 2118 4384 retinue-

556 4425 650 4491 rit,
688 4423 897 4493 reliqua
930 4437 1058 4477 vero
1099 4421 1418 4485 reddiderit,
1453 4437 1558 4476 non
1598 4421 1827 4492 probum
1865 4421 1936 4475 ob
1962 4420 2117 4490 plura

556 4515 832 4587 persoluta
866 4514 1109 4586 agnosci,
1157 4513 1253 4569 sed
1302 4514 1610 4583 improbum
1650 4522 1707 4568 et
1748 4527 2000 4583 rapacem
2047 4512 2119 4567 ob

557 4623 853 4681 paucorum
885 4608 1247 4678 direptionem
1290 4606 1464 4678 argui.
1494 4607 1634 4672 Quid
1664 4613 1843 4660 autem
1886 4605 2010 4659 dico
2036 4604 2120 4659 di-

555 4699 891 4767 reptionem?
913 4698 1348 4769 quandoquidem
1390 4698 1438 4753 is
1471 4698 1561 4752 cui
1599 4695 1972 4752 concreditum
1999 4694 2119 4751 fue-

555 4799 641 4845 rat
675 4791 934 4846 talentum
979 4805 1168 4856 unum,
1212 4804 1276 4845 ac
1307 4789 1502 4845 deinde
1532 4789 1585 4845 id
1614 4788 1761 4860 quod
1805 4794 2114 4858 acceperat,

557 4881 827 4951 integrum
880 4894 943 4936 ac
1003 4881 1267 4936 intactum
1317 4880 1577 4944 reddidit,
1630 4887 1916 4950 propterea
1973 4878 2119 4948 quod

558 4971 815 5026 traditum
844 4973 1104 5028 talentum
1150 4972 1335 5028 fenore
1382 4987 1491 5027 non
1529 4971 1760 5034 auxerit,
1791 4968 2120 5024 condemna-

557 5064 691 5118 tur'
719 5083 734 5119 :
766 5074 819 5120 et
846 5065 937 5135 qui
978 5080 1075 5135 per
1103 5064 1435 5120 decennium
1470 5071 1679 5135 patrem
1720 5062 2026 5125 honoravit,
2063 5066 2119 5116 et

559 5164 746 5226 postea
773 5172 933 5211 unam
963 5156 1226 5211 duntaxat
1253 5155 1464 5225 plagam
1487 5153 1737 5218 incussit,
1773 5168 1878 5207 non
1909 5161 1969 5206 ut
1995 5152 2118 5222 pius

558 5254 611 5303 et
641 5248 914 5304 beneﬁcus
944 5248 1151 5303 honore
1182 5246 1435 5313 aﬂicitnr,
1467 5245 1561 5302 sed
1598 5254 1659 5301 ut
1694 5243 1963 5311 oarricida
1987 5258 2119 5299 con-

2206 2964 2278 3018 τὰ
2297 2962 2462 3031 ἔθνη,
2496 2960 2881 3026 διδάσκοντες
2908 2960 3148 3025 αὐτοὺς,
3172 2960 3291 3028 οὐχὶ
3319 2960 3387 3012 τὰ
3425 2961 3524 3030 μὲν
3560 2965 3730 3031 τηρεὲι,

2206 3055 2314 3109 τῶν
2339 3054 2394 3107 δὲ
2416 3052 2654 3125 ἀμελεῖν,
2679 3051 2813 3105 ἀλλὰ
2838 3050 3036 3119 τηρεῖν
3080 3049 3273 3104 πάντα
3316 3051 3435 3103 ὅσα
3475 3049 3731 3105 ἐνετεαὰ-

2203 3164 2327 3217 μην
2356 3144 2517 3216 ὑμῖν,
2550 3144 2791 3197 τουτέστι
2845 3143 2978 3213 μηδὲ
3023 3141 3214 3214 μικρόν
3257 3160 3307 3195 τι
3358 3146 3615 3214 παρεῖναι
3654 3141 3731 3193 τῶν

2208 3235 2659 3307 διατεταγμένων.
2685 3235 2748 3287 El
2778 3234 2885 3305 γὰρ
2912 3232 2987 3304 μὴ
3017 3232 3190 3288 πάντα
3222 3235 3356 3304 ἡμῖν
3390 3232 3525 3304 τρδς
3558 3233 3642 3286 τὸν
3660 3232 3731 3301 τῆς

2212 3327 2478 3400 σωτηρίας
2516 3326 2715 3380 σκοπὸν
2773 3326 3042 3395 ἀναγκαῖα
3085 3320 3173 3396 ἦν,
3215 3323 3329 3378 οὔτ’
3357 3325 3424 3378 ἂν
3452 3325 3733 3397 ἐγράφησαν

2212 3421 2381 3473 πᾶσαι
2409 3420 2465 3472 αἱ
2498 3418 2726 3484 ἐντολαὶ,
2760 3416 2872 3472 οὔτ’
2915 3415 2979 3470 ἂν
3019 3416 3194 3481 πάσας
3223 3415 3568 3487 φυλαχθῆναι
3593 3417 3734 3486 διηγο-

2215 3512 2398 3584 ρεύθη.
2441 3512 2626 3582 Ἡμεῖς
2657 3511 2712 3564 δὲ
2745 3509 2871 3582 μίαν
2897 3527 2998 3563 που
3025 3509 3132 3562 τῶν
3156 3508 3387 3563 ἐντολῶν
3414 3510 3733 3580 πεποιηκένιι

2211 3605 2526 3676 νομίσαντες
2550 3605 2632 3675 (οὐ
2655 3602 2763 3675 γὰρ
2798 3602 2863 3656 ἂν
2896 3601 3057 3673 φαίην
3084 3601 3166 3654 ὅτι
3206 3603 3575 3672 ποιήσαντες

2211 3699 2319 3770 γὰρ
2347 3697 2586 3769 ἀλλήλων
2612 3695 2846 3767 ἔχονται,
2885 3693 3025 3748 κατὰ
3051 3694 3142 3746 τὸν
3174 3693 3299 3765 ὑγιῆ
3330 3694 3428 3747 τοῦ
3464 3693 3655 3750 σκοποῦ
3675 3693 3731 3762 μ)

2212 3785 2385 3853 λόγον,
2417 3784 2491 3848 ὡς
2515 3786 2572 3838 ὲν
2607 3787 2673 3855 τῇ
2716 3783 2866 3837 λύσει
2904 3784 3002 3854 τῆς
3041 3782 3169 3852 μιᾶς
3200 3782 3294 3836 καὶ
3337 3783 3443 3847 τὰς
3487 3783 3662 3845 λοιπὰς
3692 3780 3731 3834 ἐξ
3808 3810 3810 3867 ε

2146 3906 2187 3961 Β
2214 3877 2456 3948 ἀνάγκης
2493 3874 3001 3944 συγκαταλύεσθαι),
3059 3873 3157 3927 οὐκ
3197 3873 3291 3927 ἐπὶ
3336 3877 3456 3938 τοῖς
3491 3876 3727 3947 παρεθεῇι

2216 3970 2312 4040 τὴν
2349 3969 2518 4041 ὀργὴν
2548 3966 2896 4038 ὲκδεχόμεθα,
2940 3964 3052 4019 ἀλλ’
3109 3965 3200 4017 ἐπὶ
3247 3964 3325 4036 τῷ
3378 3966 3727 4039 κατορθωθέντι

2215 4057 2371 4129 δῆθεν
2395 4057 2492 4120 τὰς
2516 4057 2680 4127 τιμὰς
2709 4057 3043 4127 ἀναμένομεν
3067 4073 3081 4087 ’
3114 4057 3214 4110 οὐκ
3249 4055 3476 4121 εἰδότες,
3534 4057 3605 4121 ὡς
3636 4058 3658 4108 ὁ
3686 4058 3730 4107 ix

2215 4149 2321 4202 τῶν
2369 4147 2504 4202 δέκα
2529 4147 2808 4201 ταλάντων
2853 4147 2955 4217 τῆς
2996 4147 3468 4221 παρακαταθήκης
3517 4150 3573 4202 ἓν
3609 4147 3727 4215 πωῆ

2214 4240 2307 4294 δύο
2342 4237 2651 4309 κατασχὼν,
2696 4238 2765 4291 τὰ
2812 4237 2868 4290 δὲ
2912 4237 3071 4291 λοιπὰ
3107 4238 3389 4301 ἀποτίσας,
3419 4239 3542 4309 οὐχὶ
3576 4235 3731 4305 εὐγνώ-

2222 4349 2336 4404 μων
2363 4330 2453 4385 διὰ
2481 4331 2579 4404 τὴν
2605 4329 2852 4384 ἀπότισιν
2871 4328 2977 4383 τῶν
3003 4328 3262 4383 πλειόνων
3289 4329 3627 4400 γνωρίζεται,

2217 4421 2397 4484 ἄδικος
2426 4404 2519 4475 καί).
2550 4418 2874 4491 πλεονέκτης
2914 4419 3007 4472 ἐπὶ
3052 4421 3116 4490 τῇ
3169 4418 3276 4471 τῶν
3316 4418 3611 4472 ἐλαττόνων
3633 4417 3730 4468 ἀτο-

2219 4515 2470 4586 στερήσει
2548 4512 2846 4582 ἐλέγχεται.
2912 4511 2977 4564 Τί
3040 4511 3098 4564 δὲ
3164 4511 3309 4580 λέγω
3361 4512 3725 4582 ἀποστερήπις

2216 4586 2377 4660 ὁπότε
2424 4607 2453 4659 ὁ
2490 4603 2552 4657 τὸ
2600 4603 2658 4657 ἓν
2700 4603 2957 4657 τάλαντον
3000 4602 3327 4665 πιστευθεὶς,
3376 4597 3498 4655 εἶτα
3548 4599 3726 4657 ἀναιδῶς

2217 4695 2394 4747 ἐκεῖνο
2431 4693 2562 4748 αὐτὸ
2601 4692 2892 4763 ὁλόκληρον
2928 4691 3022 4746 καὶ
3075 4691 3333 4763 ἀκέραιον
3365 4690 3398 4744 ὃ
3446 4691 3722 4755 ὑπεδέξατο.

2217 4786 2297 4838 ὅτι
2345 4783 2420 4856 μὴ
2460 4781 2895 4856 προσειργάσατο
2932 4781 3010 4854 τῷ
3042 4781 3281 4845 δοθέντι,
3343 4781 3721 4853 κατακρίτων

2217 4876 2312 4929 καὶ
2341 4878 2370 4929 ὀ
2396 4874 2526 4929 δέκα
2553 4875 2645 4945 ἔτη
2668 4875 2758 4928 τὸν
2799 4875 3010 4946 πατέρα
3054 4875 3310 4945 τιμήσας,
3363 4874 3494 4942 μίαν
3545 4874 3596 4927 δὲ
3622 4872 3722 4939 τλη-

2216 4965 2317 5038 γὴν
2351 4965 2573 5039 ὕστερον
2609 4964 2858 5037 ὲμδαλὼν
2897 4965 3085 5037 μόνην,
3127 4965 3225 5035 οὐχ
3253 4964 3329 5027 ὡς
3371 4965 3643 5038 εὐεργέτης
3667 4975 3723 5010 τι·

2222 5061 2407 5131 μᾶται,
2450 5059 2563 5114 ἀλλ’
2604 5059 2679 5124 ὡς
2712 5058 3041 5132 πατραλοίας
3076 5058 3516 5122 καταδικάζεται.
3561 5057 3611 5109 ’0
3639 5051 3720 5103 τοία

2218 5169 2312 5207 νυν
2349 5155 2407 5206 ὲν
2443 5155 2693 5225 προκοπῇ
2738 5152 3025 5223 γενόμενος
3055 5148 3269 5223 ἀγαθῶν
3301 5148 3497 5218 ἔργων,
3524 5142 3625 5199 εἶτα
3649 5156 3719 5191 πτι-

2221 5241 2579 5315 λινδρομήσας
2600 5242 2736 5315 πρὸς
2765 5240 3126 5320 τὴνιάρχαίαν
3169 5239 3474 5310 συνήθειαν,
3503 5237 3559 5290 οὐ
3600 5234 3717 5303 μόνον

636 5404 651 5435 ¹
677 5401 867 5459 Matth.
897 5418 1091 5468 xxvm,
1128 5401 1215 5460 l9.
1288 5402 1310 5435 ⁸
1332 5400 1465 5459 ibid.
1494 5399 1593 5458 20.
1670 5400 1693 5434 ³
1714 5398 1907 5459 Matth.
1936 5414 2065 5468 xxv,
2102 5396 2295 5456 24-30.

633 5555 708 5626 (l)
747 5555 821 5626 _Ex
852 5556 1122 5626 asceticis,
1150 5554 1272 5613 528.

656 5627 712 5694 2)
748 5624 904 5690 lbid.,
933 5627 1055 5682 529.

656 5632 712 5694 2)
748 5632 904 5690 lbid.,
933 5632 1035 5682 529

632 5632 711 5770 is;
739 5695 897 5763 una,
919 5698 1039 5753 3-28.

2289 5550 2365 5621 (4)
2404 5549 2513 5605 Τοῦ
2542 5565 2793 5606 σκοπου.
2829 5548 3010 5621 Longe
3048 5547 3375 5615 praeferenda
3413 5544 3610 5621 videtur
3630 5540 3712 5621 in:

2218 5611 2488 5746 scriggra
2546 5622 2594 5679 ei
2644 5637 2805 5692 quam
2856 5611 3071 5678 exhibet
3126 5627 3426 5682 contextus,
3477 5614 3562 5668 τοῦ
3594 5611 3709 5679 λέγω

2222 5708 2319 5746 om
2424 5729 2438 5744 .

2222 5708 2438 5746 σκοπον.

3807 4830 3810 5041 Ι
