3904 6492
127 375 231 436 ill‘l

1038 357 1271 416 SERMO
1308 356 1352 414 l.
1389 388 1460 399 —
1495 354 1584 410 DE
1623 353 1926 412 VIRTUTE
1969 354 2055 409 ET
2095 351 2306 408 VlTlO.

3146 343 3286 396 1118

123 495 190 548 τὸν
205 488 282 542 ἐπὶ
304 483 403 544 τοῖς
425 475 923 550 προπεπονημένοις
957 474 1145 547 μισθὸν
1169 471 1466 545 ἐζημιώθη,
1489 471 1622 524 ἀλλὰ

1747 472 2027 526 lemnatur.
2062 470 2138 542 (6)
2175 468 2278 535 Qui
2309 482 2437 538 ergo
2478 467 2532 520 in
2558 465 2717 520 bonis
2748 462 3005 535 operibus
3037 466 3286 532 progres-

126 587 194 642 καὶ
221 573 488 652 βαρυτέρας
526 570 766 637 ἀξιοῦται
804 569 902 638 τῆς
935 567 1331 639 κατακρίσεως,
1381 565 1459 617 ὅτι
1500 579 1626 631 γευ-

124 678 308 745 σάμενος
335 664 484 720 καλὸν
511 663 646 716 Θεοῦ
691 665 858 733 ῥῆμα,
893 662 990 715 καὶ⁸
1042 659 1295 730 γνώσεως
1323 657 1621 729 μυστηρίου

123 742 339 834 ἀξιωθεὶς,
357 756 524 810 πάντα
539 755 860 827 προέδωκεν,
877 755 1034 825 ἡδονῇ
1059 753 1282 824 βραχείᾳ.
1298 742 1514 804 δελεασθ
1522 747 1618 812 είς.

1731 578 1849 619 sum
1883 562 2032 628 fecit,
2063 561 2260 616 deinde
2290 573 2416 612 vero
2439 557 2505 610 ad
2536 555 2981 611 consuetudinem
3010 553 3283 622 antiquam

1729 655 2038 716 revertitur,
2085 667 2198 706 non
2231 650 2472 720 priorum
2518 648 2680 701 modo
2710 647 2951 701 laborum
2983 643 3286 699 mercedem

1725 746 1941 807 amittit,
1973 743 2067 800 sed
2094 743 2255 796 etiam
2291 741 2587 812 graviorem
2619 737 3124 793 condemnationem
3156 735 3281 790 sub-

120 833 178 927 it;
230 856 356 926 quod
416 864 536 904 cum
578 849 668 904 Dei
719 850 944 903 verbum
996 849 1194 902 bonum
1239 844 1628 916 degustaverit,
1678 841 2032 910 mysteriique
2094 838 2404 909 cOgnitione
2463 837 2717 907 dignatus
2760 835 2852 895 sit.
2893 833 3124 904 perdidit
3172 847 3286 885 om-

121 959 206 1016 nia,
231 949 361 1006 brevi
388 946 662 1014 voluptate
701 946 998 998 inescatus.

171 1049 212 1102 2.
241 1044 353 1097 Δέον
379 1036 465 1092 οὖν
494 1040 658 1108 ἡμᾶς,
697 1037 852 1109 εἴπερ
903 1037 1178 1107 ἐθέλοιμεν
1227 1033 1477 1104 ἀσφαλῶς
1527 1048 1625 1102 την

1794 1023 1848 1077 2.
1862 1022 2023 1094 470
2043 1022 2118 1092 (7)
2141 1021 2328 1090 Itaque
2348 1018 2393 1074 si
2417 1017 2576 1072 modo
2591 1015 2817 1071 velimus
2828 1015 3154 1070 substratam
3167 1016 3290 1069 vitae

119 1136 426 1206 ὑποκειμένην
456 1131 571 1184 ὁδὸν
615 1130 707 1183 τοῦ
756 1130 867 1198 βίου
921 1129 1252 1200 διαδραμεῖν,
1305 1126 1401 1179 καὶ
1445 1140 1624 1195 παρα-

1747 1115 1868 1168 riam
1898 1120 2017 1168 tuto
2049 1125 2389 1182 percurrere,
2427 1117 2588 1179 atque
2617 1108 2853 1161 animam
2894 1106 3054 1159 simul
3087 1115 3140 1159 et
3168 1122 3289 1160 cor-

120 1236 273 1304 m‘aat
293 1223 500 1299 Χριστῷ
527 1225 624 1294 τὴν
650 1223 825 1294 ψυχήν
846 1240 902 1275 τε
926 1221 1056 1292 ὁμοῦ
1101 1221 1194 1274 καὶ
1229 1219 1290 1272 τὸ
1326 1217 1484 1288 σῶμα
1528 1217 1628 1286 τῆς

118 1325 266 1381 ἐκτῶν
296 1316 610 1390 τραυμάτων
634 1314 894 1383 αἰσχύνης
927 1313 1206 1384 ἐλεύθερα,
1241 1311 1334 1363 καλ⁵
1379 1309 1505 1370 τοὺς
1536 1306 1629 1359 ἐπὶ

117 1417 288 1491 τῇνίκῃ
328 1407 614 1476 στεφάνους
673 1407 877 1461 λαϐεῖν.
930 1404 1296 1476 ἐγρηγορότας
1347 1391 1629 1471 περιάγειν

116 1511 183 1565 ἀεὶ
218 1506 329 1566 τοὺς
381 1501 475 1571 τῆς
530 1498 708 1569 ψυχῆς
754 1497 1081 1568 ὀφθαλμοὺς,
1140 1496 1236 1549 καὶ
1291 1495 1467 1548 πάντα
1524 1492 1627 1544 ὑπ-

115 1599 317 1656 οπτεύειν
347 1589 707 1662 ὃσατερπνὰ,
755 1590 847 1644 καὶ
897 1588 1084 1658 μηδενὶ
1135 1583 1501 1657 προσερείδειν
1531 1579 1630 1652 τὴν

114 1697 300 1751 ἔννοιαν,
336 1684 464 1757 μηδὲ
507 1684 556 1736 εί
591 1681 790 1754 χρυσὸς
837 1678 1076 1749 φαίνοιτο
1130 1675 1295 1748 χύδην
1331 1673 1628 1747 προκείμε-

1730 1222 1834 1277 pus
1864 1208 2145 1259 vulnerum
2168 1203 2512 1274 .turpitudine
2541 1200 2802 1254 immunia
2823 1198 3016 1252 offerre
3048 1197 3286 1264 Christo,

1731 1309 2073 1364 Coronasque
2119 1293 2189 1348 ob
2239 1293 2523 1347 victoriam
2571 1291 2818 1358 accipere
2864 1307 2876 1343 :
2919 1295 3132 1358 oportet
3190 1304 3288 1342 nos

1733 1387 1899 1440 animi
1942 1385 2132 1440 oculos
2185 1399 2398 1454 semper
2456 1382 2813 1450 undecunque
2855 1380 3142 1450 vigilantes
3182 1380 3290 1434 cir-

1733 1492 2038 1548 cumagere,
2082 1485 2136 1532 et
2170 1483 2423 1545 suspecta
2460 1475 2659 1528 habere
2689 1486 3026 1542 quaecunque
3048 1471 3292 1540 jucunda

1734 1578 1883 1635 sunt,
1911 1585 2012 1625 nec
2037 1576 2272 1624 mentem
2305 1569 2361 1622 in
2397 1567 2505 1621 ulla
2532 1582 2592 1620 re
2619 1565 2887 1634 ejusmodi
2921 1565 3190 1636 deﬁgere;
3223 1545 3322 1621 ne.

1734 1664 1782 1718 si
1813 1678 2004 1717 aurum
2033 1661 2251 1732 quidem
2295 1660 2539 1715 videatur
2581 1641 2700 1713 fuse
2744 1673 3018 1727 sparsum,
3058 1657 3200 1727 quod
3234 1660 3291 1712 in

114 1745 196 1849 νος,
226 1745 424 1848 ἕτοιμος
468 1777 550 1839 είς
711 1771 818 1826 τῶν
849 1745 1204 1842 ήβουλομένων
1246 1745 1433 1839 χεῖρας
1461 1763 1632 1818 ἐλθεῖν

1747 1753 2071 1824 cupientium
2130 1767 2324 1806 manus
2376 1750 2560 1805 venire
2613 1757 2860 1817 paratum
2927 1749 2998 1802 sit
3051 1745 3292 1818 (Divitia:

112 1874 357 1949 (Πλοῦτος
385 1868 517 1939 γάρ,
549 1866 731 1938 φησὶν,
779 1862 886 1918 ἐὰν
923 1861 1056 1932 ῥέῃ,
1107 1861 1192 1931 μὴ
1239 1858 1632 1949 προστίθεσθε

112 1936 487 2036 καρδίᾳγνμηδε
515 1961 563 2012 εί
589 1936 662 2027 γῆ
694 1953 1063 2027 βλαστάνουσα
1091 1953 1269 2005 πᾶσαν
1297 1936 1378 2020 (1)
1398 1949 1628 2019 τρυφὴν,

108 2059 182 2112 καὶ
210 2052 502 2113 πολυτελεῖς
549 2049 867 2102 δεικνύουσα
912 2044 1118 2116 σκηνάς
1152 2042 1170 2113 (
1201 2040 1387 2111 Ἠμῶν
1429 2039 1534 2110 γὰρ
1565 2037 1632 2092 τὸ

110 2148 393 2213 πολίτευμα
418 2142 488 2193 ἐν
518 2137 769 2207 οὐρανῷ,
798 2137 868 2201 ἐξ
893 2131 964 2191 οὗ
996 2135 1092 2188 καὶ
1122 2131 1366 2200 Σωτῆρα
1388 2129 1635 2185 ἀπεκδε-

107 2244 291 2314 χόμεθα
310 2232 601 2306 Χριστόν)
625 2252 638 2265 ο
687 2233 819 2305 μηδὲ
851 2233 900 2285 εἰ
938 2233 1168 2302 χορεῖαι,
1202 2229 1294 2282 καὶ
1319 2226 1513 2297 κῶμοι,
1540 2224 1635 2278 καλ⁵

110 2337 260 2407 μέθαι,
293 2332 383 2384 καὶ
439 2327 876 2396 καταυλούμεναι
935 2321 1203 2395 τράπεζαι
1261 2320 1636 2389 (Ματαιότης

102 2427 205 2496 γὰρ,
235 2423 379 2494 φησὶ,
419 2419 855 2490 ματαιοτήτων,
899 2415 972 2470 τὰ
1020 2414 1215 2468 πάντα
1269 2413 1630 2482 ματαιότηςΥ

106 2519 218 2588 μηδὲ,
268 2518 313 2568 εξ
373 2514 643 2585 σωμάτων
699 2505 874 2580 ’κάλλη
932 2507 1262 2579 προτείνοιτο
1318 2504 1427 2575 (Ξ),
1486 2502 1638 2575 παρὰ

102 2607 316 2678 πονηρῶν
347 2604 540 2675 ψυχῶν
584 2601 933 2672 ὲνοικούμενα
967 2598 1133 2672 (Ἀπὸ
1175 2594 1494 2666 προσώπου
1530 2594 1638 2666 γάρ

102 2699 349 2772 γυναικὸς
376 2698 459 2762 ὠς
487 2697 620 2751 ἀπὸ.
654 2694 977 2764 προσώπου
1012 2693 1199 2762 ὄφεως
1235 2689 1437 2760 φεῦγε,
1475 2689 1638 2760 φησὶν

98 2790 338 2860 ὁσονρόςγ
365 2788 506 2859 μηδὲ
545 2790 591 2841 εξ
625 2787 929 2840 δυναστεῖαι
961 2785 1036 2854 (5)
1069 2785 1160 2838 καὶ
1188 2783 1521 2854 τυραννίδες,
1546 2782 1639 2835 καὶ

98 2884 371 2954 δορυφόρων
401 2883 435 2952 ἢ
468 2880 720 2934 κολάκων
754 2879 940 2950 ἑσμοὶ,
982 2878 1115 2948 μηδὲ
1147 2879 1194 2930 εί
1226 2875 1413 2948 Θρόνος
1439 2874 1640 2946 ὑψηλὸς

97 2977 170 3029 καὶ
191 2974 448 3046 λαμπρὸς,
488 2972 792 3038 ὑποζεύξας
817 2971 940 3043 ἔθνη
965 2971 1060 3024 καὶ
1091 2969 1272 3033 πόλεις
1291 2970 1370 3031 είς
1399 2967 1640 3021 δουλείαν

95 3067 347 3121 ἀκούσιον·
377 3064 563 3120 Πᾶσα
588 3064 696 3135 γὰρ
726 3062 880 3131 σὰρξ
913 3063 1145 3131 χόρτος,
1173 3060 1270 3113 καὶ
1304 3059 1469 3115 πᾶσα
1495 3059 1642 3124 δόξα

96 3155 371 3225 ἀνθρώπου
401 3155 484 3220 ὡς
521 3154 706 3218 ἄνθος
737 3153 954 3221 χόρτου
974 3168 986 3180 °
1022 3149 1322 3218 ἐξηράνθη
1348 3151 1381 3202 ό
1407 3148 1640 3218 χόρτος,

93 3250 172 3302 καὶ
200 3249 261 3303 τὸ
294 3248 484 3313 ἄνοος
532 3247 807 3310 ἐξέπεσε.
857 3242 1078 3306 Τούτοις
1105 3242 1214 3313 γὰρ
1261 3241 1324 3313 δὴ
1373 3243 1504 3294 πᾶσι
1535 3243 1647 3304 τοῖς

94 3341 208 3393 οὕτω
237 3341 491 3412 τερπνοῖς
536 3339 566 3390 ό
607 3337 783 3400 κοινὸς
825 3334 1161 3403 ὑποκάθηται
1202 3332 1489 3403 δυσμενὴς,
1517 3333 1647 3384 ἁνα-

92 3433 242 3500 μένων
271 3431 401 3483 πότε
453 3428 538 3500 (4)
590 3430 700 3490 τοῖς
758 3427 1054 3498 ὁρωμένοις
1101 3424 1503 3487 δελεασθέντες,
1546 3423 1647 3494 τῆς

93 3521 172 3589 μὲν
196 3519 408 3582 εὐθείας
435 3516 810 3588 ὲκτραπῶμεν
857 3513 997 3579 ὁδοῦ,
1039 3514 1174 3584 πρὸς
1215 3513 1271 3566 δὲ
1312 3513 1403 3567 τὸν
1440 3512 1645 3566 ἐκείνου

90 3611 216 3679 λόχον
244 3610 477 3672 ἑαυτοὺς
501 3606 905 3676 ἀποκλίνωμεν.
940 3605 1050 3658 Καὶ
1077 3605 1194 3668 δέος
1219 3604 1376 3667 πολὺ,
1411 3605 1483 3677 μή
1513 3621 1645 3656 ποτε

91 3700 518 3771 προσδραμόντες
552 3697 878 3768 ἀφυλάκτως
913 3697 1116 3760 αὐτοῖς,
1162 3697 1258 3750 καὶ
1303 3695 1402 3766 τὴν
1442 3698 1506 3748 ὲκ
1551 3696 1648 3766 τῆς

89 3791 416 3856 ἀπολαύσεως
479 3790 679 3861 τέρψιν
734 3788 885 3841 οὐδὲν
957 3787 1292 3859 ἡγησάμενοι
1356 3787 1646 3857 βλαϐερὸν,

90 3883 526 3954 ἐγκεκρυμμένον
549 3885 616 3953 τῇ
645 3879 839 3954 πρώτῃ
875 3879 1061 3950 γεύσει
1089 3880 1148 3932 τὸ
1171 3879 1265 3933 τοῦ
1302 3879 1544 3932 διαϐόλου
1572 3879 1648 3950 (5)

87 3975 418 4045 καταπίωμεν
466 3974 805 4043 ἄγκιστρον
859 3967 976 4023 εἶτα
1033 3970 1138 4024 ὑπὸ
1183 3969 1395 4034 τούτου,
1435 3969 1503 4024 τὰ
1553 3969 1651 4040 μὲν

89 4065 298 4128 ἑκόντες,
339 4065 415 4118 τὰ
445 4064 509 4117 δὲ
569 4063 814 4126 ἄκοντες,
869 4059 1248 4134 προσδεθῶμεν
1300 4061 1501 4125 αὐτοῖς,
1557 4060 1651 4114 καὶ

84 4157 197 4227 πρὸς
213 4157 272 4210 τὸ
293 4157 546 4228 φοϐερὸν
570 4157 662 4210 τοῦ
685 4155 879 4227 λῃστοῦ
903 4152 1264 4222 καταγώγιον,
1289 4153 1378 4207 τὸν
1401 4153 1648 4217 θάνατον,

85 4247 312 4317 λάθωμεν
341 4246 717 4310 ἐλκυσΟέντες
761 4245 862 4298 ὑπὸ
898 4245 1005 4298 τῶν
1032 4244 1255 4316 ἡδονῶν.
1308 4244 1375 4296 Αἱ
1415 4244 1514 4315 μὲν
1545 4242 1652 4314 γάρ

83 4340 275 4409 ἀρεταὶ,
329 4343 470 4394 ὅταν
531 4338 597 4403 ἐξ
653 4338 962 4409 ἐπιμελείας
1007 4335 1313 4405 συναφθῶσι
1357 4337 1422 4406 τῇ
1472 4333 1650 4402 φύσει,

83 4431 300 4504 ἡμέτερα
347 4434 626 4504 κτήματα
661 4430 889 4498 γίνεται,
942 4430 1033 4482 καὶ
1078 4427 1200 4480 οὔτε
1255 4428 1348 4480 ἐπὶ
1397 4425 1501 4496 γῆς
1555 4442 1652 4496 μο-

81 4520 318 4590 χθοῦντας
352 4525 518 4595 ἡμᾶς
555 4520 952 4592 ἀπολιμπάνειν
995 4520 1262 4573 ἐθέλουσιν
1294 4517 1380 4589 (ἦν
1422 4516 1495 4588 μὴ
1522 4515 1656 4587 πρὸς

83 4614 184 4682 βίαν
209 4616 382 4680 αὐτὰς
409 4615 647 4677 ἑκόντες
671 4611 1051 4683 άποδιώξωμεν
1083 4613 1204 4675 ταῖς
1233 4613 1343 4664 τῶν
1400 4609 1655 4680 χειρόνων

81 4706 457 4776 ἐπαγωγαῖς),
518 4702 706 4757 ὲκεῖσέ
749 4719 807 4755 τε
859 4699 1226 4771 ἐπειγομένων
1273 4696 1654 4768 προτρέχουσι,

79 4795 158 4846 καὶ
208 4799 322 4858 τοῖς
367 4785 655 4864 ’ἀγγέλοις
709 4793 834 4855 τοὺς
878 4791 1252 4862 κτησαμένους
1307 4788 1653 4852 συνάπτουσι,

77 4885 156 4936 καὶ
204 4886 497 4959 λάμπουσι
553 4884 624 4937 δι’
664 4882 858 4946 αἰῶνος
912 4881 1014 4934 ὑπὸ
1067 4881 1180 4943 τοῖς
1227 4877 1320 4931 τοῦ
1378 4876 1659 4939 κτίσαντος

74 4977 374 5048 ὀφθαλμοῖς.
404 4976 667 5038 Πλοῦτος
708 4974 784 5040 δὲ,
818 4972 911 5027 καὶ
951 4971 1252 5036 δυναστεία,
1289 4968 1384 5023 καὶ
1420 4966 1656 5039 περιφά-

75 5086 194 5138 νεια,
229 5073 326 5126 καὶ
356 5069 592 5145 τρυφὴ,
637 5069 732 5122 καὶ
785 5067 894 5130 πᾶς
938 5068 966 5120 ό
1008 5063 1246 5129 τοιοῦτος
1277 5061 1450 5134 ὄχλος,
1481 5062 1510 5114 ό
1535 5058 1656 5114 καθ’

167 5227 314 5283 Psal.
347 5244 479 5293 LXI,
524 5225 625 5280 Η.
698 5224 719 5256 ⁵
743 5222 980 5294 Philipp.
1011 5236 1095 5286 ιιι,
1129 5221 1221 5276 20.
1295 5219 1316 5251 ⁶
1338 5217 1514 5274 Eccle.
1543 5232 1581 5282 ι,
1614 5215 1670 5270 2.

132 5383 203 5446 (Ι)
230 5384 487 5438 Πᾶσαν.
554 5378 715 5433 Hanc
745 5393 932 5433 vocem
981 5375 1159 5430 addidi
1209 5391 1275 5430 ex
1311 5379 1572 5446 contextu
1609 5380 1662 5426 et

71 5442 248 5508 codice
281 5453 472 5525 Regio
527 5449 698 5525 19.923
749 5463 857 5519 quo
889 5448 1184 5516 saepissime
1217 5457 1463 5525 utemur.
1513 5442 1664 5498 Alter

67 5525 222 5588 enim,
259 5515 493 5593 quivest
544 5519 714 5593 19l0,
749 5515 856 5572 non
885 5515 1080 5593 magno
1109 5517 1232 5570 usui
1265 5515 1383 5569 fuit.

133 5581 220 5662 (‘2),
244 5581 680 5663 Iipozstvowo.
701 5590 777 5644 Ita
805 5589 928 5644 cod.
951 5581 1084 5660 Reg.
1109 5595 1163 5643 et
1189 5592 1494 5641 contextus.
1523 5581 1662 5637 Editi

201 5681 220 5704 ι
315 5683 327 5701 .

69 5664 748 5804 πρξξῐίέῗδυναστεῖαι.
786 5728 985 5783 Vocula
1019 5725 1199 5804 addita
1231 5741 1297 5804 ex
1323 5732 1584 5804 contextu
1609 5731 1662 5804 et

71 5793 295 5878 υίίοίιιιθ
343 5807 583 5862 codice.
626 5803 749 5858 Mox
793 5807 1075 5857 contextus
1117 5798 1198 5862 είς
1232 5794 1468 5850 δουλείαν
1504 5793 1660 5847 ἑκού-

1729 1847 1897 1910 enim,
1917 1844 2113 1915 inquit,
2132 1845 2178 1898 si
2195 1844 2429 1914 aﬁluant,
2453 1841 2612 1896 nolite
2627 1857 2716 1894 cor
2737 1856 2989 1910 apponere
3006 1838 3062 1910 ⁸)
3083 1857 3096 1906 ;
3120 1855 3292 1909 neque

1732 1938 1778 1994 si
1815 1936 2056 2008 proferat
2081 1947 2226 1990 terra
2254 1934 2479 1989 delicias
2519 1948 2709 1987 omnes
2760 1947 2824 1985 ac
2863 1942 3179 2001 sumptuosa
3211 1939 3293 1984 ta-

1731 2029 2021 2084 bernacula
2049 2025 2217 2099 (Nam
2258 2037 2448 2080 nostra
2467 2027 2786 2079 conversatio
2815 2024 2867 2076 in
2891 2026 3016 2076 caelo
3037 2033 3134 2089 est,
3160 2022 3293 2076 unde

1732 2123 1890 2177 etiam
1933 2121 2260 2176 Salvatorem
2306 2128 2660 2186 exspectamus
2707 2114 2972 2171 Christum
2997 2115 3077 2185 ');
3121 2129 3294 2184 neque

1734 2213 1778 2268 si
1808 2211 2040 2277 choreae,
2066 2221 2119 2266 et
2147 2208 2596 2270 comessationes,
2627 2213 2679 2260 et
2708 2206 3015 2270 ebrietates,
3048 2214 3099 2258 et
3138 2220 3292 2258 men-

1735 2320 1810 2360 sa:
1849 2303 2104 2357 tibiarum
2135 2300 2371 2355 modulis
2407 2307 2728 2354 resonantes
2754 2308 3128 2367 proponantur
3162 2295 3294 2367 (Va-

1735 2397 1872 2451 nitas
1903 2396 2059 2458 enim,
2091 2393 2287 2463 inquit,
2314 2391 2626 2455 vanitatnm,
2662 2391 2840 2443 omnia
2869 2389 3073 2443 vanitas
3091 2389 3164 2461 ⁶);
3200 2405 3296 2442 ne.

1735 2502 1842 2557 que
1869 2484 1916 2540 si
1965 2483 2262 2538 offerantur
2298 2495 2525 2550 corpora
2555 2478 2816 2542 formosa,
2849 2479 2904 2532 in
2935 2479 3135 2546 quibus
3179 2478 3296 2531 ani-

1736 2594 1839 2632 mae
1867 2591 2047 2648 pravae
2080 2575 2385 2629 inhabitant
2409 2573 2474 2643 (Α
2507 2572 2642 2642 facie
2667 2571 2813 2627 enim
2843 2571 3078 2624 mulieris
3102 2570 3235 2624 velut
3265 2588 3298 2624 a

1738 2670 1872 2740 facie
1900 2668 2150 2738 serpentis
2179 2667 2318 2736 fuge,
2347 2665 2523 2735 inquit
2558 2661 2790 2733 Sapiens
2815 2663 2892 2732 7);
2926 2676 3100 2730 neque
3129 2661 3174 2714 si
3203 2676 3298 2730 po-

1737 2771 1978 2819 tentatus
2011 2761 2451 2828 dominatusque,
2485 2773 2548 2811 ac
2593 2755 2887 2811 satellitum
2927 2762 3019 2807 aut
3053 2753 3298 2807 adulato-

1739 2873 1860 2912 rum
1911 2865 2124 2917 turmze,
2172 2869 2348 2924 neque
2387 2852 2433 2906 si
2479 2850 2829 2920 promittatur
2878 2847 3019 2902 altus
3069 2846 3299 2901 thronus

1741 2955 1903 3018 atque
1943 2945 2281 3016 splendidus,
2313 2949 2501 3014 gentes
2533 2956 2597 2995 ac
2628 2939 2878 2994 civitates
2910 2937 3157 2992 servituti
3189 2954 3297 2992 non

1741 3035 2060 3092 votuntaria:
2088 3034 2382 3104 subjiciens
2415 3051 2428 3086 :
2466 3031 2648 3086 Omnis
2693 3029 2837 3104 enim
2873 3045 2995 3082 caro
3019 3029 3217 3096 fenum,
3252 3039 3302 3082 et

1744 3128 1910 3181 omnis
1958 3126 2129 3197 gloria
2165 3124 2388 3177 hominis
2431 3123 2582 3193 quasi
2622 3121 2720 3189 [los
2751 3103 2855 3189 feni
2882 3135 2900 3172 :
2925 3119 3066 3171 aruit
3103 3118 3300 3186 fenum,

1743 3225 1793 3270 et
1825 3217 1921 3284 ﬂos
1955 3215 2200 3269 cecidit“.
2240 3213 2451 3268 Etenim
2487 3214 2590 3268 sub
2623 3212 2709 3268 his
2760 3213 3011 3267 omnibus
3055 3213 3190 3267 adeo
3221 3211 3306 3282 iu-

1745 3305 1941 3362 cundis
1998 3305 2306 3361 communis
2351 3303 2442 3358 ille
2490 3303 2666 3357 hostis
2714 3302 2926 3364 latitat',
2981 3310 3306 3372 exspectans

1738 3398 2048 3469 ecquando,
2083 3397 2247 3452 rebus
2270 3395 2578 3464 conspectis
2605 3392 2790 3455 illecti,
2818 3409 2845 3444 a
2873 3402 3022 3446 recta
3054 3393 3307 3447 deﬂecta-

1746 3507 1868 3546 mus
1892 3491 2000 3554 via,
2029 3503 2092 3544 ac
2119 3489 2374 3558 nosipsos
2411 3487 2468 3539 in
2495 3485 2641 3538 illius
2671 3483 2900 3538 insidias
2923 3483 3302 3552 conjiciamus.

1749 3580 2057 3647 Quinetiam
2095 3578 2439 3634 metuendum
2466 3575 2620 3630 valde
2657 3585 2758 3639 est,
2794 3579 3077 3646 nequando
3099 3575 3163 3630 ad
3194 3577 3306 3631 haec

1749 3676 1973 3730 incaute
2003 3679 2374 3731 accurrentes,
2408 3685 2470 3724 ac
2496 3667 2809 3738 pert‘ruendi
2846 3669 3174 3738 voluptatem
3206 3669 3309 3721 mi-

1749 3766 1897 3820 nime
1925 3764 2142 3818 noxiam
2168 3761 2438 3824 arbitrati,
2469 3757 2669 3812 diaboli
2704 3756 2919 3810 hamum
2945 3757 3310 3827 deglutiamus

1751 3858 1804 3913 in
1854 3857 2027 3926 primo
2078 3862 2238 3926 gustu
2293 3851 2623 3907 occultatum
2659 3868 2673 3904 :
2707 3848 2925 3912 deinde,
2977 3864 3045 3902 ne
3101 3849 3168 3903 ab
3206 3849 3306 3902 hoc

1750 3949 1933 4012 tracti,
1963 3946 2159 4017 partim
2193 3945 2442 4008 libentes,
2472 3940 2671 4012 partim
2703 3939 2854 3994 inviti
2885 3939 2970 3995 his
3001 3939 3163 3994 rebus
3187 3939 3307 3991 alli-

1749 4055 1957 4112 gemur,
1991 4037 2390 4106 inscientesque
2425 4049 2455 4086 a
2484 4031 2853 4102 voluptatibus
2883 4031 2949 4084 ad
2980 4029 3308 4084 horrendum

1751 4129 1977 4185 latronis
2022 4127 2318 4200 ὶιοερίιίιιιιι
2354 4123 2658 4184 trahamur,
2688 4120 2754 4175 ad
2805 4128 3032 4174 mortem
3081 4119 3307 4174 scilicet.

1753 4223 1828 4294 (8)
1872 4220 2006 4276 Nam
2038 4221 2286 4285 virtutes,
2325 4233 2448 4272 cum
2479 4232 2544 4271 ex
2581 4216 2761 4271 studio
2793 4223 2847 4269 et
2875 4213 3151 4283 diligentia
3177 4227 3309 4264 con-

1749 4316 2055 4387 iunguntur
2080 4329 2203 4368 cum
2227 4319 2440 4374 natura,
2471 4317 2656 4364 nostra
2685 4307 2818 4361 ﬁunt
2851 4307 3157 4378 possessio,
3184 4320 3314 4359 nos-

1683 4446 1729 4500 Β
1755 4425 1863 4481 que
1912 4421 2011 4463 nec
2046 4407 2103 4461 in
2140 4414 2284 4459 terra
2318 4403 2628 4458 laborantes
2673 4402 2923 4456 deserere
2959 4399 3164 4463 volunt,
3205 4397 3313 4450 nisi

1758 4517 1850 4558 eas
1873 4516 1969 4571 per
1989 4500 2097 4554 vim
2141 4499 2282 4552 ultro
2313 4494 2678 4565 fugaverimus
2705 4491 2853 4545 vitiis
2886 4487 3230 4550 introductis,
3260 4495 3314 4540 et

1756 4592 1824 4648 ad
1861 4592 2097 4647 futuram
2137 4588 2303 4642 vitam
2338 4585 2656 4641 festinantes
2684 4585 3046 4652 praecurrunt,
3072 4586 3124 4630 et
3151 4574 3317 4629 collo-

1755 4692 1881 4741 cant
1910 4686 2052 4738 inter
2083 4681 2305 4751 angelos
2334 4693 2492 4734 suum
2522 4687 2918 4749 possessorem,
2955 4680 3009 4724 et
3052 4669 3154 4724 sub
3185 4681 3316 4721 con-

1757 4776 1949 4833 ditoris
1989 4773 2164 4830 oculis
2219 4779 2482 4826 aeternum
2529 4769 2754 4837 fulgent.
2805 4763 3018 4819 Divitiae
3065 4775 3214 4823 vero,
3264 4766 3319 4813 et

1760 4873 2095 4941 potentatus,
2124 4871 2180 4920 et
2209 4863 2497 4925 claritudo,
2537 4870 2592 4916 et
2622 4858 2848 4921 deliciae,
2871 4865 2924 4911 et
2955 4855 3134 4909 omnis
3167 4852 3315 4922 ejus~

1762 4962 1908 5018 modi
1936 4960 2093 5016 turba
2126 4958 2366 5028 quotidie
2394 4971 2490 5027 per
2527 4962 2769 5010 nostram
2813 4949 3177 5020 insipientiam
3221 4961 3320 5000 au-

1763 5071 2011 5131 gescens,
2039 5069 2214 5125 neque
2245 5050 2487 5107 introivit
2514 5047 2798 5102 nobiscum
2834 5042 2889 5097 in
2925 5042 3110 5108 vitam,
3145 5054 3320 5109 neque

1742 5215 1763 5247 ⁷
1788 5211 1958 5268 Eccli.
1992 5225 2106 5276 ιιι,
2137 5209 2191 5262 2.
2267 5208 2288 5238 ⁸
2312 5209 2418 5262 Isa.
2449 5221 2537 5269 η,
2568 5205 2620 5259 6.

1768 5386 1902 5431 σιον,
1926 5366 2164 5422 servituti
2193 5362 2500 5418 voluntaria:
2525 5358 2824 5427 subjipiens.

1843 5422 2310 5511 (inﬂassMinus
2319 5443 2460 5511 recte
2475 5422 2802 5486 recentiores
2821 5425 3083 5511 editiones
3109 5422 3320 5476 εἴποτε.

1837 5495 2254 5581 (ἙῩΑιαόόλου.
2291 5503 2466 5581 Minus
2497 5508 2638 5581 recte
2673 5507 2958 5581 contentus
2990 5495 3157 5548 δόλου.

1836 5568 1913 5652 (ϐ)
1945 5580 2018 5652 P_3x
2054 5577 2242 5652 homil.
2271 5591 2381 5639 xw,
2417 5575 2481 5652 in
2494 5572 2744 5652 ebriosos,
2774 5568 2895 5622 122.

1838 5630 1912 5724 (ἦ)
1947 5630 2029 5705 is}
2055 5630 2246 5724 rhomil‘.
2273 5630 2398 5724 λξῂ
2444 5641 2594 5710 Quod
2637 5630 2789 5694 rebus
2832 5637 3109 5692 mundanis
3145 5630 3326 5689 adlla-

1768 5715 1984 5779 rendum
2013 5736 2115 5774 non
2139 5719 2229 5781 sit,
2267 5715 2385 5770 165.

1837 5791 1911 5864 (8)
1944 5789 2103 5857 lbid.,
2138 5779 2287 5855 Quod
2325 5785 2495 5855 rebus,
2519 5793 2651 5849 etc.,
2686 5779 2805 5837 167.
