3810 6498
1005 344 1238 408 SERMO
1274 345 1312 398 Ι.
1353 375 1424 385 -
1463 345 1550 400 DE
1577 339 1887 397 VIBTUTE
1923 339 2011 397 ET
2049 337 2256 395 VITIO.

3121 345 3261 401 “"8

3197 382 3217 398 Δ

3197 382 3217 398 Δ

95 467 208 534 εστὶν
247 471 418 537 ὥσπερ
455 467 509 518 ὲν
537 465 734 536 παιδιᾷ
758 462 958 524 κύϐων,
1004 463 1128 534 τῇδε
1166 464 1385 516 κάκεῖτε
1425 479 1590 532 μετα..

1703 463 1852 521 tium,
1887 458 2090 529 quippe
2118 459 2242 514 cum
2275 457 2422 512 velut
2452 457 2506 511 in
2540 465 2870 514 tesserarum
2913 455 3044 513 ludo
3074 457 3179 514 huc
3207 469 3261 514 et

93 562 364 632 ιιλλόμεναο
409 557 542 626 μόνη
581 556 640 609 δὲ
683 554 973 626 κτημάτων
1006 556 1038 624 ἡ
1083 554 1248 625 ἀρετὴ
1305 553 1597 624 ἀναφαίρε-

93 673 182 714 ων,
238 650 322 704 καὶ
370 648 530 712 ζῶντι
591 646 686 700 καὶ
747 645 1129 713 τελευτήσαντι
1187 643 1593 714 παραμένουσι.

91 747 210 802 ὀΘεν
230 743 286 814 δὴ
305 743 393 796 καὶ
424 739 600 793 Σόλων
638 756 725 810 μοι
751 739 897 792 δοκεῖ
921 737 1056 808 πρὸς
1082 736 1207 798 τοὺς
1235 735 1496 807 εὐπόρους
1521 736 1600 788 εἰε-

88 841 179 896 ςεῖν
197 835 265 896 τὺ,

455 940 650 1009 Ἡμεῖς
674 939 878 1005 αὐτοῖς
901 941 970 993 οὐ
997 938 1422 1008 διαμειψόμεθα

87 1017 171 1084 τῆς
190 1011 386 1082 ἀρετῆς
416 1006 525 1065 τότε
570 1011 869 1065 πλοῦτον·
901 1010 1026 1062 ἐπεὶ
1060 1006 1126 1064 r6
1169 1011 1286 1078 μὲν
1338 1006 1600 1148 ἐμεῖῗῗεοῖ·

1579 1117 1596 1142 ο

159 1155 405 1222 Χρήματα
432 1149 486 1202 δ’
510 1149 838 1218 ἀνθρώπων
865 1149 1085 1204 ἄλλοτε
1117 1149 1308 1215 ἄλλος
1331 1117 1596 1219 excit”,

83 1270 148 1324 διὸ
176 1265 352 1334 ἀρετῆς
405 1265 534 1334 ὑμῖν
575 1254 954 1335 ἐπιμελητέον.
1007 1259 1051 1317 ὦ
1094 1265 1392 1335 ἄνθρωποι,
1436 1263 1470 1334 ἡ
1505 1263 1599 1317 καὶ

85 1360 390 1430 ναυαγήσαντι
425 1357 837 1427 συνεκνήχεται,
881 1358 974 1410 καὶ
1007 1358 1100 1410 ἐπὶ
1139 1357 1240 1426 τῆς
1273 1358 1469 1428 χέρσου
1506 1373 1598 1424 γε·

83 1454 257 1521 νόμενον
285 1447 484 1518 γυμνὸν
523 1447 851 1519 τιμιώτερον
885 1448 1156 1514 ἀποδείξει
1199 1447 1308 1500 τῶν
1351 1447 1600 1517 εὐδαιμό-

84 1559 175 1596 νων.
201 1542 296 1592 Καὶ
318 1539 454 1592 οὕτω
494 1537 802 1610 βιώσωμεν,
841 1539 916 1603 ὡς
965 1539 1233 1610 μηδέποτε
1273 1538 1342 1592 τά
1395 1539 1598 1608 παρελ-

84 1635 201 1688 θόντα
229 1633 498 1703 κρείττονα
543 1625 686 1683 εἶναι
715 1630 824 1684 τῶν
863 1630 1190 1702 μελλόντων
1223 1629 1389 1698 Μηδὲ
1425 1631 1600 1684 elaeo-

81 1741 179 1794 μεν,
206 1722 283 1776 ὅτι
304 1725 360 1776 al
384 1720 598 1790 ἡμέραι
626 1726 685 1777 αἱ
716 1723 1006 1792 πρότερον
1027 1721 1240 1792 ἀγαθαὶ
1265 1717 1428 1792 ἦσαν
1446 1721 1598 1792 ὑπὲρ

1699 552 1826 606 illuc
1871 552 2294 606 transferantur.
2339 548 2525 605 Virtus
2567 559 2749 606 autem
2783 565 2852 606 ex
2893 550 3262 622 possessioni-

1697 641 1800 698 bus
1840 644 1955 698 sola
2001 655 2082 698 est
2128 659 2248 713 quae
2294 650 2527 711 nequeat
2571 644 2798 706 auferri,
2859 650 2912 698 et
2947 643 3149 698 viventi
3197 658 3262 698 ac

1697 741 1915 787 mortuo
1941 748 2052 787 non
2083 733 2245 786 desit.
2273 731 2426 787 Unde
2451 742 2506 786 et
2532 731 2697 787 Solon
2723 733 2856 788 mibi
2889 733 3102 790 videtur
3127 733 3258 789 illud

1697 823 1766 877 ad
1801 823 2000 878 divites
2021 823 2204 878 dicere

1989 936 2243 991 Virtutem
2282 952 2383 989 non
2413 934 2537 989 mihi
2563 935 2762 992 divitiis

1767 1004 2079 1062 Permutare
2107 1009 2226 1060 libet
2244 1024 2261 1072 ;
2297 1023 2520 1077 namque
2552 1007 2662 1062 hwc
2691 1009 2932 1064 consistit
2962 1011 3018 1064 in
3071 1027 3255 1078 mm,

1862 1139 2073 1196 Divitiae
2100 1142 2287 1196 cedunt
2314 1156 2450 1194 nunc
2481 1137 2597 1206 tibi,
2631 1161 2768 1197 nunc
2788 1145 2911 1199 ‘alii.

1698 1253 1774 1324 (ι)
1811 1251 1990 1319 Quare
2037 1255 2283 1309 habenda
2323 1265 2407 1310 est
2452 1255 2627 1314 vobis.
2655 1271 2688 1310 o
2727 1256 2995 1325 homines,
3043 1259 3264 1317 virtutis

1698 1360 1853 1410 cura,
1888 1362 2009 1416 quae
2037 1357 2089 1400 et
2114 1363 2220 1402 una
2254 1362 2377 1402 cum
2423 1349 2709 1420 naufragio
2731 1358 2933 1417 enatat,
2966 1358 3018 1405 ct
3059 1353 3262 1406 nudum

1698 1436 1756 1491 in
1787 1445 1989 1492 terram
2020 1439 2253 1507 ejectum
2296 1440 2545 1496 felicibus
2577 1442 2764 1497 reddet
2794 1445 3262 1500 venerabiliorem.

1699 1529 1776 1596 (2)
1818 1529 1994 1600 Atque
2027 1532 2099 1584 ita
2129 1532 2294 1587 vitam
2329 1535 2700 1600 instituamus,
2740 1545 2799 1589 ut
2831 1552 2952 1606 quae
2989 1538 3267 1608 praeterie-

1698 1631 1848 1684 runt,
1879 1638 2159 1692 nunquam
2187 1626 2415 1681 meliora
2440 1627 2551 1682 sint
2583 1630 2940 1698 sequentibus
2973 1648 2986 1684 :
3013 1629 3096 1685 Ne
3124 1632 3269 1684 dixe-

1699 1713 1796 1774 ris,
1839 1715 1965 1783 quia
2017 1715 2126 1769 dies
2169 1717 2370 1783 priores
2423 1728 2573 1773 erant
2629 1719 2750 1774 boni
2792 1737 2949 1789 super
2987 1723 3166 1777 hos“.
3206 1722 3264 1778 Si

84 1819 272 1881 ταύτας.
317 1814 574 1885 Ἐἀνγάρ
619 1815 678 1868 αί
718 1814 1053 1886 προάγουσαι
1085 1814 1307 1888 ,ἡμέραι
1364 1813 1601 1884 βελτίους

1703 1803 1844 1858 enim
1879 1803 1997 1861 dies
2035 1806 2248 1876 priores
2280 1809 2682 1877 posterioribus
2709 1821 2840 1866 sunt
2876 1814 3151 1878 meliores,
3179 1815 3264 1870 di-

83 1903 156 1962 ὦσι
186 1907 279 1960 τῶν
319 1906 451 1979 μετά
477 1906 675 1972 ταῦτα,
727 1906 1050 1978 λεχθήσεται
1102 1907 1269 1978 ἡμῖν·
1328 1907 1600 1961 Τοσαῦτα

83 1999 274 2054 ἐπάθετε
313 1997 463 2067 εἰκῆ,
503 1999 940 2070 ἀμαυρουμένων
981 1996 1089 2051 τῶν
1139 1997 1321 2052 καλῶν
1366 1999 1471 2053 ὑπὸ
1503 2000 1600 2072 τῆς

83 2091 123 2142 ὲν
146 2093 234 2152 τοῖς
251 2087 466 2160 ὕστερον
499 2089 779 2160 ἀμελείας.
811 2089 1024 2160 ’Ὠσπερ
1044 2090 1152 2162 γὰρ
1173 2090 1202 2142 6
1230 2090 1602 2163 τελειούμενος

82 2184 161 2244 τοῖς
183 2180 469 2252 ἔμπροσθεν
500 2181 893 2242 ἐπεκτείνεται,
915 2179 1088 2244 οὕτως
1112 2184 1140 2235 6
1169 2182 1497 2253 ἁμαρτάνων
1523 2184 1602 2248 εἰς

80 2273 124 2325 τὺ
146 2273 345 2326 κατόπιν
388 2273 726 2338 ἅναποδίζει.
757 2274 854 2337 Τίς
890 2273 946 2326 δὲ
986 2275 1188 2344 μείζων
1233 2275 1432 2336 κακίας
1475 2275 1604 2328 ἀπό-

81 2364 218 2430 δειξις,
248 2364 278 2435 ἦ
310 2367 341 2436 ή
372 2365 465 2418 τοῦ
497 2365 704 2433 ἀγαθοῦ
747 2366 1161 2434 ὲγκατάλειψιςς
1193 2367 1300 2419 Καὶ
1340 2367 1602 2438 πονηρίας

79 2453 322 2527 ὕπερόολὴ,
344 2456 404 2508 τὸ
435 2455 737 2528 παροξῦναι
789 2456 880 2509 τὸν
929 2456 1132 2524 ἀγαθὸν
1178 2457 1270 2510 καὶ
1298 2459 1494 2528 πρᾶον.
1527 2457 1601 2510 Τὸ

82 2545 161 2614 γὰρ
209 2545 420 2615 ἔσχατον
474 2547 534 2601 ὲν
594 2546 845 2618 πονηρίᾳ,
905 2547 1000 2599 καὶ
1052 2545 1189 2618 πρὸς
1247 2547 1410 2600 ἑαυτό
1456 2549 1602 2601 ἐστιν

80 2633 352 2704 ἀσύμφωνον
370 2653 384 2666 ο
412 2637 507 2690 καὶ
530 2636 677 2690 ἔοικε
699 2638 759 2690 τὸ
789 2637 975 2699 κακὸν,
1011 2637 1071 2690 οὐ
1112 2637 1188 2708 τῷ
1229 2638 1417 2709 ἀγαθῷ
1446 2640 1596 2692 ἐναν-

81 2725 276 2779 τιοῦσθαι
313 2727 485 2798 μόνον,
513 2727 654 2782 ἀλλά
691 2729 788 2782 καὶ
820 2729 953 2783 αὐτὸ
1004 2728 1200 2798 ἑαυτῷ.
1251 2731 1459 2802 Ὥσπερ
1511 2727 1603 2784 οὖν

79 2817 260 2884 ἡττᾶται
281 2819 466 2884 σκότος
492 2823 559 2892 τῇ
588 2819 679 2874 τοῦ
710 2821 886 2891 φωτὸς
920 2822 1216 2893 παρουσία,
1245 2823 1338 2876 καὶ
1386 2824 1601 2876 νικᾶται

81 2906 196 2968 νόσος
218 2912 279 2980 τῇ
309 2909 406 2980 τῆς
434 2911 630 2980 ὑγείας
666 2911 944 2984 ἐπιδημίᾳ,
993 2912 1090 2966 καὶ
1137 2914 1170 2984 ἡ
1222 2912 1342 2966 κατ’
1397 2915 1600 2986 ἀρετὴν

81 3000 284 3068 προκοπὴ
311 3001 400 3055 ἐπὶ
438 3002 501 3055 τὸ
541 3002 725 3073 μεῖξον
755 3003 862 3056 ἀπὸ
897 3001 1007 3055 τῶν
1045 3001 1344 3057 ἐλαττόνων
1377 3007 1476 3074 τὴν
1508 3003 1603 3056 αὖ·

81 3086 200 3157 ξησιν
225 3090 361 3161 ἔχει’
392 3093 538 3148 οὕτω
581 3094 739 3166 καὶὴ
784 3095 882 3165 τῆς
914 3096 1110 3158 κακίας
1156 3095 1310 3166 χύσις
1351 3096 1457 3149 ἀπὸ
1496 3097 1602 3148 τῶν

1701 1900 1857 1948 cetur
1890 1895 2048 1950 nobis
2081 1915 2094 1950 :
2129 1896 2301 1952 Tanta
2329 1900 2476 1967 passi
2517 1901 2640 1954 estis
2673 1902 2783 1956 sine
2811 1919 2971 1957 causa
2998 1905 3080 1958 "‘2
3109 1905 3266 1961 bonis

1698 1986 1769 2042 ad
1806 1988 2038 2042 nihilum
2083 1990 2323 2046 redactis
2369 2007 2478 2061 pra:
2520 1993 2883 2064 subsequente
2916 1996 3261 2066 negligentia.

1702 2080 1778 2151 (ὅ)
1812 2079 2280 2146 Quemadmodum
2330 2084 2474 2138 enim
2521 2085 2568 2139 is
2609 2087 2704 2155 qui
2762 2086 2828 2139 ad
2877 2088 3264 2156 perfectionem

1699 2169 2005 2234 contendit,
2038 2170 2092 2224 in
2117 2171 2391 2226 anteriora
2416 2175 2760 2244 progreditur
2788 2196 2798 2228 :
2827 2176 2902 2228 ita
2930 2178 3022 2246 qui
3051 2186 3263 2247 peccat,

1698 2259 1860 2331 472
1887 2271 2031 2315 retro
2055 2263 2243 2332 pedem
2286 2263 2471 2319 refert.
2518 2265 2593 2335 (Δ)
2638 2265 2920 2332 Quodnam
2948 2279 3127 2323 autem
3158 2284 3270 2323 ma-

1695 2353 1789 2421 jus
1834 2354 2052 2407 malilim
2087 2363 2492 2424 argumentum,
2533 2370 2697 2424 quam
2745 2371 2776 2409 a
2816 2357 2958 2412 bono
2998 2357 3268 2412 deﬁcere?

1703 2443 1986 2499 Summum
2019 2456 2106 2500 est
2149 2447 2458 2516 pravitatis,
2496 2449 2694 2501 bonum
2732 2463 2794 2502 ac
2828 2449 3009 2502 mitem
3039 2464 3270 2519 exaspe-

1701 2551 1845 2591 rare.
1894 2537 2049 2603 Quod
2093 2539 2236 2593 enim
2287 2539 2343 2592 in
2399 2539 2747 2609 improbitate
2803 2546 3104 2594 extremum
3146 2552 3266 2604 est,

1702 2626 1843 2681 idem
1890 2629 2052 2682 etiam
2101 2645 2286 2683 secum
2323 2631 2495 2699 ipsum
2551 2641 2774 2702 pugnat.
2816 2631 2892 2703 (5)
2927 2631 3074 2686 Solet
3120 2635 3268 2688 enim

1701 2719 1902 2772 malum
1918 2735 2024 2774 non
2049 2721 2224 2774 solum
2250 2721 2412 2785 bono,
2438 2721 2531 2776 sed
2551 2723 2715 2775 etiam
2735 2723 3056 2792 sibimetipsi
3077 2723 3269 2778 adver-

1701 2812 1834 2866 sari.
1861 2811 2328 2878 Quemadmodum
2361 2813 2529 2885 igitur
2547 2816 2844 2870 vincuntur
2875 2817 3109 2870 tenebra:
3130 2816 3268 2870 lucis

1699 2905 2013 2974 praesentia,
2047 2914 2445 2976 superaturque
2479 2907 2703 2962 morbus
2727 2907 2980 2962 sanitatis
3011 2907 3268 2972 adventu,

1701 2997 1780 3068 (6)
1817 3014 1880 3051 ac
1903 3013 2226 3068 progressus
2259 2999 2314 3054 in
2339 3000 2557 3065 virtute,
2580 3017 2610 3054 a
2634 3001 2938 3056 minoribus
2966 3001 3031 3054 ad
3064 3003 3270 3071 majora

1702 3091 1852 3160 capit
1906 3093 2443 3146 incrementumzita
2494 3095 2712 3149 malitiae
2761 3095 2955 3149 eﬂ'usio
3012 3109 3042 3148 a
3089 3097 3270 3166 parvis

81 3179 432 3256 ὑποδεεστέρων
455 3187 570 3240 τῶν
599 3187 657 3252 ἐξ
688 3185 862 3259 ἀρχῆς
894 3187 987 3240 ἐπὶ
1028 3186 1089 3240 τὸ
1115 3189 1409 3258 ἀνήκεστον
1441 3188 1601 3259 φέρε-

1703 3181 1975 3242 initiis,ad
1994 3184 2195 3254 aliquid
2230 3186 2624 3241 immedicabile
2645 3187 2969 3242 devolvitur.
2991 3188 3066 3260 (7)
3101 3187 3271 3243 Porro

80 3291 164 3327 ται.
187 3275 343 3348 Ἀρχὴ
368 3277 424 3333 δὲ
455 3279 598 3351 πρὸς
625 3278 721 3350 τὴν
751 3278 1015 3350 ἀνάληψιν
1041 3278 1148 3332 τῶν
1173 3277 1373 3337 καλῶν.
1421 3281 1453 3349 ἡ
1487 3282 1606 3332 ἁνα-

81 3363 277 3436 χώρησις
307 3370 412 3422 τῶν
455 3369 666 3426 κακῶν.
722 3372 1052 3424 Ἐκκλινον
1097 3371 1224 3441 γὰρ.
1271 3371 1453 3440 φησὶν,
1487 3370 1604 3424 ἀπὸ

82 3458 251 3523 κακοῦ,
287 3462 381 3514 καὶ
425 3463 692 3529 ποίησον
735 3462 979 3532 ἀγαθόν.
1011 3465 1073 3517 Εἰ
1113 3465 1220 3536 γὰρ
1254 3463 1413 3528 εὐθὺς
1451 3481 1608 3534 προσ-

81 3546 206 3603 έϐαλέ
232 3555 394 3607 σοιτά
425 3555 634 3620 τέλεια,
667 3555 996 3627 ἁπώκνησας
1031 3556 1095 3610 ἂν
1128 3557 1263 3627 πρὸς
1294 3558 1390 3626 τὴν
1431 3557 1606 3626 ἐγχείη

83 3651 234 3704 ρησιν·
253 3643 362 3696 νυνὶ
393 3643 450 3697 δὲ
475 3647 592 3709 τοῖς
638 3645 1050 3716 εὑληπτοτέροις
1078 3663 1136 3699 σε
1164 3646 1488 3716 προσεθίζει,
1521 3647 1606 3698 ἵνα

81 3731 457 3810 κατατολμὴσῃς
478 3736 590 3790 τῶν
623 3735 841 3807 ἐφεξῆς.
883 3738 976 3800 Ὠς
1001 3736 1109 3810 γὰρ
1139 3739 1230 3790 ἐπὶ
1265 3738 1365 3808 τῆς
1410 3739 1606 3810 κλίμα-

80 3835 152 3882 κος
174 3823 346 3897 πρώτη
371 3829 659 3892 ἀνάϐασις,
687 3830 721 3900 ἡ
750 3829 849 3898 τῆς
879 3829 982 3900 γῆς
1013 3829 1357 3900 ἀναχώρησις
1376 3845 1390 3860 ·
1434 3829 1606 3894 οὕτως

81 3907 151 3962 ἐπὶ
174 3913 259 3985 τῆς
280 3919 415 3973 κατά
441 3920 576 3973 Θεὸν
606 3920 898 3984 πολιτείας,
919 3919 1061 3992 ἁρχὴ
1095 3923 1399 3993 προκοπῆς,
1441 3924 1469 3975 6
1496 3923 1606 3976 τῶν

80 4000 232 4056 κακῶν
258 4011 556 4081 χωρισμός.
597 4011 741 4075 Ἕως
776 4011 876 4081 μὲν
929 4007 1020 4064 οὖν
1048 4011 1240 4083 νήπιός
1284 4013 1434 4065 ἐστιν
1471 4013 1602 4066 ἕκα-

85 4106 182 4156 στος
205 4097 371 4166 ἡμῶν,
399 4102 457 4156 τδ
490 4104 549 4156 ἐν
577 4104 654 4175 τῷ
683 4105 909 4178 παρόντι
946 4105 1039 4178 ἡδὺ
1088 4105 1318 4171 διώκων,
1353 4108 1607 4178 οὐδεμίαν

79 4179 152 4232 τοῦ
177 4185 447 4256 μέλλοντος
480 4193 807 4266 κηδεμονίαν
838 4200 1098 4250 ποιεῖταιο
1134 4197 1272 4270 ἀνὴρ
1300 4199 1358 4252 δὲ
1383 4199 1608 4270 γενόμε-

81 4285 168 4364 tot.
197 4279 324 4346 μετὰ
365 4284 457 4340 τὸν
500 4287 844 4358 ἀπαρτισμὸν
883 4287 991 4341 τῶν
1037 4290 1274 4357 ἐννοιῶν,
1312 4285 1422 4345 οἷον
1476 4292 1608 4364 όρᾷν

81 4361 200 4456 δοκεί
223 4370 307 4426 τὸν
325 4373 436 4444 βίον
462 4379 613 4450 αὐτῷ
641 4379 952 4451 σχιζόμενον
984 4382 1119 4454 πρὸς
1155 4383 1356 4456 ἀρετὴν
1388 4387 1480 4439 καὶ
1508 4361 1608 4440 κα-

82 4455 209 4510 κίαν⁶
247 4466 336 4518 καὶ
360 4469 564 4522 πυκνὸν
593 4471 727 4542 πρὸς
749 4472 1007 4544 ἑκάτερον
1029 4474 1089 4526 τὸ
1117 4455 1273 4546 ὄμμα
1306 4455 1403 4547 τῆς
1429 4477 1606 4548 ψυχῆς

84 4556 454 4639 μεταστρέφων,
483 4562 799 4633 παράλληλα
846 4563 1018 4636 κρίνει
1061 4564 1129 4618 τά
1171 4567 1416 4638 ἐκατέρῳ
1445 4585 1613 4639 προσ-

1705 3272 2030 3342 principium
2076 3276 2340 3328 bonorum
2391 3277 2850 3346 acquirendorum
2899 3287 2984 3332 est
3019 3295 3270 3336 recessus

1704 3363 1916 3416 amalo.
1953 3363 2168 3417 Declina
2217 3381 2250 3417 a
2302 3366 2463 3428 malo,
2511 3368 2709 3436 inquit,
2759 3377 2808 3420 et
2855 3367 2941 3436 [ac
2990 3370 3180 3421 bonum
3203 3367 3269 3422 ".

1705 3455 1783 3526 (8)
1821 3455 2028 3511 Etenim
2060 3457 2105 3512 si
2134 3460 2314 3513 statim
2345 3475 2408 3514 ea
2431 3475 2551 3530 qua:
2581 3473 2708 3514 sunt
2737 3461 2994 3530 perfecta,
3018 3462 3114 3515 tibi
3144 3477 3272 3532 pro.

1704 3552 1998 3622 posuisset,
2033 3553 2101 3607 ad
2122 3568 2185 3607 ea
2211 3555 2464 3608 tentanda
2491 3555 2690 3610 fuisses
2715 3557 3097 3624 cunctantior;
3127 3571 3274 3612 nunc

1705 3654 1884 3698 autem
1905 3644 2246 3698 facilioribus
2261 3655 2312 3700 te
2323 3645 2639 3711 assuefacit,
2663 3656 2720 3700 ut
2736 3646 2802 3700 ad
2819 3662 2882 3702 ea
2895 3662 3014 3717 qua:
3031 3663 3272 3718 sequun-

1705 3741 1812 3797 tur,
1827 3733 2046 3803 aggredi
2074 3733 2297 3788 audeas.
2327 3734 2399 3806 (9)
2417 3735 2879 3800 Quemadmodum
2895 3737 3039 3791 eiiim
3054 3738 3108 3792 in
3125 3739 3272 3794 scala

1705 3825 1914 3893 primus
1945 3827 2166 3896 gradus,
2203 3842 2452 3883 recessus
2485 3828 2555 3883 ab
2586 3829 2751 3883 humo
2791 3836 2874 3884 est
2902 3847 2916 3883 :
2947 3829 3022 3883 ita
3049 3829 3109 3884 in
3146 3831 3278 3887 vita:

1706 3921 2006 3974 secundum
2045 3920 2212 3975 Deum
2254 3921 2526 3983 instituto,
2568 3920 2848 3992 profectus
2883 3921 3124 3986 initium,
3159 3922 3274 3977 dis.

1706 4024 1896 4065 cessus
1925 4023 1953 4063 a
1982 4011 2123 4064 malo
2156 4010 2390 4082 est.(10)
2417 4012 2550 4066 Dum
2580 4013 2746 4083 igitur
2775 4012 3153 4084 unusquisque
3175 4029 3250 4070 no
3331 4069 3334 4071 λ

1706 4113 1877 4156 strum
1905 4117 2038 4172 puer
2073 4111 2178 4169 est,
2214 4103 2268 4157 id
2294 4106 2439 4175 quod
2471 4105 2627 4160 adest
2648 4105 2948 4176 jucundum
2987 4109 3274 4178 persequi-

1705 4200 1816 4258 tur,
1845 4209 2019 4265 neque
2050 4195 2210 4256 habet
2243 4198 2408 4252 ullam
2441 4197 2750 4252 futurorum
2789 4213 3010 4267 curam;
3031 4199 3142 4270 jam
3175 4214 3268 4254 au-

1707 4292 1813 4340 tem
1857 4287 1941 4341 vir
1969 4287 2170 4354 factus,
2207 4298 2334 4361 post
2375 4290 2572 4361 judicii
2603 4291 3036 4366 perfectionem,
3094 4294 3270 4349 videre

1707 4375 1812 4431 sibi
1853 4377 2067 4434 videtur
2112 4379 2335 4436 bifidum
2368 4382 2494 4438 vita:
2528 4383 2633 4438 iter
2677 4381 2744 4438 ad
2789 4385 3044 4438 virtutem
3091 4391 3146 4438 et
3193 4384 3274 4439 vi-

1711 4469 1870 4534 tium,
1900 4485 1965 4526 ac
2000 4488 2142 4544 saepe
2175 4475 2395 4529 oculum
2439 4475 2606 4530 animi
2638 4475 2692 4530 in
2724 4483 3018 4544 utrumque
3045 4488 3275 4528 conver-

1716 4571 1858 4626 tens,
1882 4565 2251 4635 comparando
2284 4565 2551 4636 dijudicat
2575 4582 2697 4638 quae
2723 4567 2938 4638 utrique
2973 4567 3183 4621 insunt.
3210 4565 3276 4620 Et

81 4635 202 4697 ὄντα.
224 4646 327 4703 Καὶ
347 4651 375 4702 6
399 4653 500 4723 μὲν
528 4653 636 4706 τῶν
673 4655 1003 4726 ἁμαρτωλῶν
1034 4655 1145 4727 βίος
1171 4635 1351 4711 πάντα
1374 4635 1602 4714 δείκνυσι

1711 4663 2063 4725 peccatorum
2087 4659 2307 4728 quidem
2337 4635 2446 4714 vita
2467 4635 2651 4714 omnia
2675 4635 2915 4715 ostendit
2941 4659 2995 4713 in
3021 4659 3275 4729 praesenti

82 4730 136 4823 τὶι
165 4736 249 4791 τοῦ
277 4745 541 4816 παρόντος
569 4746 762 4811 αἰῶνος
791 4748 1000 4820 τερπνά
1023 4764 1036 4776 ·
1075 4751 1104 4802 6
1141 4748 1199 4802 δὲ
1235 4749 1344 4802 τῶν
1385 4750 1602 4806 δικαίων

1710 4750 1914 4804 saeculo
1955 4751 2195 4821 jucunda
2225 4769 2238 4806 :
2265 4751 2538 4823 justorum
2591 4767 2742 4816 vero,
2785 4753 2900 4808 sola
2958 4751 3126 4807 futuri
3175 4753 3274 4806 aevi

85 4819 197 4911 μόνα
218 4827 496 4901 ὑποφαίνει
516 4834 584 4888 τά
601 4834 692 4888 τοῦ
735 4819 1014 4907 μέλλοντος
1041 4837 1239 4905 ἀγαθά.
1290 4839 1398 4892 Καὶ
1429 4841 1462 4910 ὴ
1507 4841 1602 4911 μὲν

1708 4836 1853 4892 bona
1907 4819 2320 4898 commonstrat.
2387 4841 2454 4895 Et
2508 4850 2656 4898 certe
2716 4843 3098 4898 salvandorum
3154 4846 3276 4908 via,

82 4910 169 5004 ξῶν
190 4919 500 4993 σωζομένων
527 4927 663 4992 ὁδὸς,
687 4928 808 4981 ὅσον
845 4929 986 4982 καλά
1013 4930 1348 5000 ὑπισχνεῖται
1383 4931 1452 4985 τά
1480 4910 1602 5003 μέλ-

1708 4939 1917 4998 quanto
1947 4933 2256 5001 pulchriora
2285 4933 2569 5004 pollicetur
2605 4934 2810 4997 futura,
2853 4942 3004 4988 tanto
3040 4933 3274 4988 laborio-

82 4995 234 5096 ξιξγτα,
253 5014 500 5069 τοσοῦτον
529 5017 756 5070 ἐπίπονα
783 5018 1078 5090 παρέχεται
1104 4995 1176 5073 τά
1198 5021 1438 5093 παρόντα
1455 4995 1529 5074 "6
1552 5022 1602 5075 δὲ

1717 4995 1862 5076 siora
1893 4995 2111 5076 ext-bibet
2139 4995 2424 5093 praesentia
2456 5042 2469 5078 :
2500 5024 2611 5096 (ll)
2633 4995 2875 5094 jucunda
2902 5031 3080 5079 autem
3110 5031 3165 5078 et
3195 5024 3276 5076 in-

83 5089 192 5158 ἡδὺς
238 5102 326 5155 καὶ
369 5105 662 5171 ἀκόλαστος
719 5105 829 5177 βίος
870 5089 993 5180 οὐχ).
1053 5089 1502 5182 προσδοκωμένην
1535 5113 1602 5176 είς

1719 5121 2032 5185 temperans
2063 5116 2174 5170 vita
2217 5131 2324 5171 non
2362 5123 2732 5187 exspectatam
2769 5118 2823 5172 in
2852 5125 3150 5188 posterum,
3181 5115 3276 5171 sui

146 5248 182 5279 "‘
204 5251 372 5313 Eccle.
405 5277 501 5325 vn,
532 5262 617 5317 il.
696 5264 738 5294 ¹⁸
760 5263 936 5318 Galat.
971 5281 1054 5329 ιιι,
1095 5265 1144 5319 4.
1223 5266 1266 5297 ³⁸
1291 5264 1438 5322 Psal.
1475 5283 1661 5336 xxxvi,
1689 5268 1778 5324 27.

147 5404 214 5544 ii)
252 5409 324 5467 Ex
351 5430 516 5470 scrm.
546 5417 619 5470 De
645 5418 870 5488 legendis
895 5418 1044 5472 libris
1077 5420 1372 5490 gentilium,
1400 5421 1520 5477 177.
1789 5427 1866 5498 (7)
1893 5427 1968 5482 Ex
2001 5429 2184 5483 homil.
2216 5431 2267 5484 in
2296 5430 2432 5501 psal.
2461 5445 2500 5496 I,
2525 5431 2614 5487 93.

163 5475 214 5542 ξι
243 5479 312 5537 Ex
335 5497 622 5542 comment.
652 5491 705 5543 in
732 5487 869 5544 ιω..
905 5488 1026 5544 589.
1789 5500 1866 5544 (ιιι
1907 5499 2039 5544 lhid-

199 5479 214 5542 )
243 5479 312 5537 Ex
335 5497 622 5542 comment.
652 5479 715 5543 in.
732 5487 869 5553 lsa.,
905 5488 1026 5546 589.
1077 5479 1101 5490 ’
1357 5479 1371 5490 ’
1789 5479 1863 5569 (δ’
1897 5479 2041 5555 ibid.

199 5555 213 5636 ρ
1789 5512 1866 5636 (θῖ
1895 5567 2030 5623 Ibid.

146 5546 213 5640 εἴη
241 5549 375 5640 1"??-
855 5546 867 5553 ’
1789 5546 1865 5640 isi
1895 5546 2030 5623 ιίἶίὶῑζ

146 5618 365 5708 mrum,
588 5699 604 5708 _
943 5699 958 5708 _
1040 5701 1052 5708 _
1117 5701 1132 5708 _
1788 5618 2097 5708 utinm.
2126 5640 2214 5696 95.

243 5689 474 5782 literque
506 5699 680 5782 codex.
702 5701 903 5782 indicat
918 5699 1228 5782 Antirrhet.
1788 5686 1900 5782 iii),
1933 5686 2064 5765 ibid.

148 5743 215 5829 ἐϋ)
242 5743 903 5838 ἑῖἑιὲἴὶὶἷιιιέἶιῖἷῖιὶ
917 5743 1040 5828 ἐεεί
