3810 6504
553 286 580 341 1
594 287 692 342 123
972 331 979 337 .
1450 288 1809 346 APPENDIX.
1840 320 1911 332 —
1946 288 2839 354 SYMEONIS‘METAPHRASTE
3601 303 3710 359 ll2l

546 407 659 477 jam
698 411 1010 476 praesentem
1082 405 1342 476 praponit
1384 406 1734 477 voluptatem.
1785 407 1860 479 (1)
1906 407 2050 464 Beati

2207 409 2451 482 ὕστερον,
2510 412 2625 467 ἀλλ’
2672 414 2771 485 ἤδη
2798 415 3074 487 παροῦσαν
3127 417 3453 488 προτείνεται
3491 416 3577 488 τὴν
3605 420 3711 472 dd-

551 497 718 566 igitur
754 496 843 549 ille
865 495 955 566 qui
981 495 1272 565 voluptatis
1302 495 1571 553 illecebris
1595 511 1707 552 non
1736 497 2001 553 deductus
2021 513 2055 553 ες

2206 501 2412 559 λαυσιν.
2440 505 2721 577 Μακάριος
2743 502 2836 560 οὖν
2863 508 2892 559 ό
2926 508 3002 579 μὴ
3037 511 3387 580 περιτραπεὶς
3417 511 3478 562 ἐκ
3516 511 3608 563 τῶν
3636 512 3710 580 τῆς

551 585 619 638 ad
653 585 954 650 interitum,
984 598 1048 637 ac
1069 583 1125 637 in
1157 584 1442 654 utriusque
1466 585 1568 640 viae
1596 586 1808 642 delectu
1840 603 1951 642 non
1984 602 2055 643 ea}

2206 593 2395 665 ἡδονῆς
2427 595 2803 668 δελεασμάτων
2836 599 2973 670 πρὸς
3012 600 3113 672 τὴν
3144 600 3432 667 ἀπώλειαν,
3469 603 3556 655 καὶ
3582 605 3633 657 ἐν
3661 607 3710 672 τῇ

551 677 830 746 ingressus
866 685 949 732 est
990 691 1113 747 quae
1141 675 1292 730 ducit
1337 675 1406 732 ad
1434 678 1641 748 pejora.
1678 677 1755 750 (2)
1785 678 1982 736 Beatus
2013 680 2051 734 il

2207 685 2399 760 ἐκλογῇ
2435 688 2548 759 (ii)
2581 690 2690 744 τῶν
2719 690 2852 745 ὁδῶν
2880 692 3156 764 ἑκατέρων
3191 692 3267 764 μὴ
3293 694 3483 756 ἐπιϐὰς
3510 695 3600 764 τῆς
3619 696 3711 748 ὁδοῦ

548 777 633 828 est
674 769 769 839 qui
806 769 875 823 ab
920 768 1067 823 omni
1102 782 1195 837 spe
1234 781 1416 821 rerum
1462 766 1626 837 hujus
1676 769 1865 824 mundi
1905 784 2050 826 seme

2210 779 2297 849 τῆς
2326 777 2563 850 ἀγούσης
2587 781 2679 834 ἐπί
2703 780 2774 833 τά
2797 778 3036 853 χείρονα.
3070 782 3353 853 Μακάριος
3369 783 3399 835 ὁ
3415 784 3582 851 πάσης
3598 784 3714 836 ἐλπί-

547 862 724 932 ipsum
744 861 1028 922 abstraxit,
1052 873 1117 914 ac
1134 859 1348 914 unicam
1369 874 1519 930 spem
1541 874 1698 915 suam
1719 859 1888 916 Deum
1914 860 2051 917 habe

2208 869 2285 932 5ος
2312 868 2420 923 τῶν
2446 869 2588 924 κατά
2619 870 2710 925 τὸν
2745 871 2946 943 κόσμον
2986 871 3172 926 τοῦτον
3204 874 3394 926 ἐαυτὸν
3426 874 3712 943 ἀποστήσας,

547 950 1004 1018 Quemadmodum
1032 950 1177 1004 enim
1229 950 1547 1005 maledictus
1584 958 1668 1006 est
1700 950 1860 1006 homo
1893 952 1970 1023 (5)
2007 966 2051 1022 (ιι

2210 961 2294 1015 καὶ
2342 961 2509 1034 μόνην
2540 961 2676 1034 ἔχων
2723 962 2912 1017 ἐαυτοῦ
2955 964 3141 1017 ἐλπίδα
3178 963 3270 1017 τὸν
3303 964 3456 1018 θεόν.
3517 964 3596 1028 Ὦς
3631 964 3714 1034 γὰρ

546 1058 697 1113 spem
753 1043 913 1097 habet
963 1041 1018 1095 in
1068 1041 1288 1096 homine
1327 1060 1341 1096 :
1384 1042 1459 1096 ita
1514 1042 1830 1100 benedictus
1876 1055 1961 1099 est
2004 1060 2050 1114 (ιι

2210 1053 2592 1125 ἐπικατάρατος
2636 1054 2938 1127 ἄνθρωπος,
2971 1056 3030 1121 δς
3062 1057 3162 1130 τὴν
3187 1056 3380 1110 ἐλπίδα
3412 1055 3522 1125 ἔχει
3548 1057 3622 1109 ἐπ’
3642 1057 3714 1110 ἂν·

547 1136 797 1190 iuuititur
825 1132 1075 1188 DOmino.
1105 1131 1222 1187 Non
1246 1133 1389 1188 enim
1419 1149 1546 1204 spes
1576 1133 1631 1187 in
1663 1132 1830 1189 Deum
1862 1135 2051 1190 altern:

2209 1144 2444 1215 ipwmv'
2484 1144 2656 1209 οὕτως
2696 1146 3054 1219 εὐλογημένος
3090 1150 3121 1202 ό
3152 1148 3621 1220 ἐπιστηριζόμενος
3655 1149 3713 1219 τῷ

543 1227 692 1282 vices
729 1226 980 1293 admittit,
1038 1239 1140 1279 nec
1184 1226 1323 1280 solet
1366 1222 1629 1280 Dominus
1679 1225 1894 1296 plenam
1942 1240 2047 1283 sua}

2208 1235 2404 1308 Κυρίῳ.
2449 1237 2524 1289 οὐ
2554 1234 2661 1308 γὰρ
2705 1237 3012 1308 ἐπιδέχεται
3067 1238 3546 1309 ἐπαμφοτερισμδν
3588 1240 3618 1307 η
3654 1242 3712 1301 εἰς

542 1334 699 1389 opem
727 1319 775 1373 ei
814 1316 977 1381 ferre,
1019 1317 1113 1388 qui
1150 1318 1311 1371 modo
1340 1317 1557 1386 quidem
1586 1317 1641 1372 in
1672 1317 1918 1388 pecuniis
1947 1332 2046 1388 spe:

2208 1323 2326 1379 Θεὸν
2363 1325 2538 1390 ἐλπὶς,
2577 1327 2697 1380 οὐδὲ
2748 1328 3100 1399 καταδέχεται
3144 1308 3187 1382 όν
3214 1308 3420 1399 Κῦριος
3462 1327 3712 1397 ὁλόκληρον

544 1425 697 1465 suam
732 1409 1016 1464 constituit
1040 1416 1094 1463 ct
1126 1407 1180 1462 in
1213 1407 1382 1476 gloria
1424 1407 1660 1461 humana
1690 1423 1754 1461 ac
1781 1407 1967 1463 mundi
1998 1423 2048 1478 pi

2206 1415 2292 1487 τὴν
2331 1418 2461 1490 παρ’
2509 1416 2699 1472 ἑαυτοῦ
2748 1418 3005 1490 παρέχειν
3052 1418 3300 1491 βοήθειαν
3356 1418 3440 1488 τῷ
3487 1419 3609 1471 ποτὲ
3638 1419 3710 1487 μὲν

542 1509 755 1563 testate,
789 1500 949 1556 modo
984 1515 1113 1555 vero
1139 1498 1305 1554 Deum
1338 1508 1591 1570 tanquam
1637 1514 1787 1568 spem
1836 1499 1938 1554 sibi
1970 1513 2046 1569 pri

2206 1508 2285 1561 ίπὶ
2306 1508 2577 1579 χρήμασιν
2603 1508 2876 1578 ἠλπικότι,
2906 1509 2999 1562 καὶ
3017 1508 3140 1580 δόξῃ
3169 1507 3507 1581 ἀνθρωπίνῃ,
3536 1508 3622 1560 καὶ
3641 1508 3710 1561 δυ-

538 1597 694 1665 ponit
722 1614 734 1649 :
768 1594 862 1650 sed
891 1605 1016 1649 vere
1043 1593 1503 1664 acquiescendum
1532 1593 1589 1647 in
1617 1591 1713 1648 Dei
1743 1592 1966 1648 auxilio.

2206 1598 2353 1668 νάμει
2376 1600 2443 1668 τῇ
2471 1597 2610 1651 κατὰ
2642 1596 2864 1668 κόσμον,
2888 1597 3018 1650 ποτέ
3039 1597 3096 1651 δὲ
3117 1596 3276 1650 αὐτὸν
3304 1596 3383 1662 ὡς
3409 1597 3593 1649 ἐλπίδα
3616 1598 3710 1649 ἐκν-

2193 1686 2288 1740 τοῦ
2345 1685 2805 1757 προϐαλλόμενον·
2840 1684 2976 1739 ἀλλὰ
3001 1685 3082 1738 δεῖ
3112 1685 3380 1757 ἀληθινῶς
3438 1686 3709 1739 ἐπαναπαύ-

675 1812 682 1821 ι
2117 1744 2167 1806 Β
2193 1776 2347 1832 εσθαι
2374 1744 2442 1849 τῇ
2468 1744 2631 1850 παρά.
2647 1777 2739 1832 τοῦ
2766 1777 2899 1830 Θεοῦ
2928 1776 3169 1849 βοηθείᾳ.

608 1855 660 1910 ι.
706 1852 781 1925 (4)
812 1853 1051 1924 Imperiti
1085 1859 1265 1908 autem
1312 1852 1580 1918 homines,
1610 1851 1909 1922 mundique
1950 1866 2094 1905 ama-

2257 1869 2313 1923 4.
2397 1868 2652 1940 ’Δμαθείς
2700 1869 2758 1922 δὲ
2824 1867 3138 1938 ἄνθρωποι,
3215 1868 3312 1921 καὶ
3396 1866 3704 1937 φιλόκοσμα,

537 1958 717 2011 tores,
758 1961 883 2001 cum
944 1946 1074 2000 boni
1118 1943 1292 2015 ipsius
1336 1944 1585 2014 ignorent
1626 1952 1905 2008 naturam,
1951 1958 2041 2013 sae]

2203 1957 2509 2027 ὶγνοοῦντες
2526 1956 2689 2012 αὑτοῦ
2709 1958 2803 2012 τοῦ
2818 1957 3019 2026 ἀγαθοῦ
3049 1957 3145 2030 τὴν
3167 1958 3350 2027 φύσιν,
3389 1958 3707 2029 μακαρίζουσι

537 2039 693 2093 beata
724 2038 1058 2101 existimant,
1087 2052 1207 2106 quae
1234 2036 1437 2091 nullius
1472 2035 1631 2105 pretii
1672 2041 1820 2100 sunt,
1851 2033 2038 2089 divitia

2198 2047 2445 2115 πολλάκις
2470 2048 2540 2103 τὰ
2563 2050 2786 2122 μηδενὸς
2821 2050 2964 2116 ἄξια,
2996 2049 3240 2115 πλοῦτον,
3270 2049 3481 2118 ὑγείαν,
3517 2052 3702 2121 περιφέ-

536 2130 852 2194 sanitatem,
889 2128 1015 2184 vita:
1054 2128 1395 2198 splendorem
1428 2141 1694 2197 :quarum
1727 2142 1907 2181 rerum
1956 2127 2040 2180 nih

2202 2156 2335 2193 uetav
2368 2138 2506 2209 βίου,
2535 2132 2615 2194 ὤν’
2638 2139 2789 2193 οὐδέν
2816 2140 2959 2193 ἐστιν
2997 2139 3198 2207 ἀγαθὸν
3223 2143 3292 2212 τῇ
3326 2140 3523 2194 ἐαυτοῦ
3568 2141 3706 2210 φύσει,

532 2228 619 2275 est
652 2234 750 2274 sua
780 2218 951 2288 ipsius
980 2226 1174 2272 natura
1207 2217 1431 2280 bonum,
1470 2230 1580 2270 non
1622 2215 1797 2271 solum
1838 2214 1984 2285 quod
2012 2216 2036 2267 ί

2204 2232 2247 2286 ιὺ
2279 2232 2437 2303 μόνον
2481 2231 2667 2287 καθότι
2720 2231 2904 2305 ῥᾳδίαν
2946 2230 3058 2302 ἔχει
3100 2231 3198 2303 τὴν
3231 2231 3370 2303 πρὸς
3413 2231 3483 2285 τὰ
3537 2233 3708 2285 ἐναντία

534 2312 641 2366 cile
671 2311 725 2364 in
749 2309 1026 2363 contraria
1057 2314 1350 2372 mutentur,
1381 2305 1476 2363 sed
1502 2304 1646 2377 quod
1674 2321 1743 2361 ne
1766 2305 1941 2361 bonos
1970 2321 2038 2377 qu

2204 2325 2546 2396 τεριτροπὴν,
2569 2324 2683 2377 ἀλλ’
2708 2325 2790 2379 ὅτι
2815 2324 2948 2395 μηδὲ
2970 2323 3205 2394 ἀγαθοὺς
3237 2310 3462 2378 δύναται
3493 2326 3613 2387 τοὺς
3639 2342 3708 2376 κε·

532 2401 656 2458 dem
690 2402 898 2456 valeant
925 2414 1270 2470 possessores
1294 2413 1423 2453 suos
1450 2398 1696 2454 reddere.
1731 2397 1808 2469 (5)
1838 2395 1942 2463 Qui
1960 2413 2036 2467 ert

2204 2395 2489 2485 ιτημένους
2515 2414 2812 2469 ἀποτελεῖν.
2858 2414 2915 2467 '0
2942 2413 3040 2484 μὲν
3067 2409 3157 2467 οῦν
3187 2415 3245 2465 ἐν
3279 2412 3355 2483 τῷ
3404 2412 3508 2483 βίῳ
3548 2412 3708 2483 suni-

533 2491 591 2545 in
632 2491 734 2545 hac
780 2491 891 2544 vita
943 2498 1215 2554 versatur,
1267 2487 1507 2542 nondum
1557 2496 1778 2559 propter
1822 2488 2030 2543 incertu

2202 2521 2312 2567 mw,
2339 2502 2489 2560 οὔπω
2512 2504 2862 2577 μακαριστὸς,
2894 2504 2981 2558 διὰ
3004 2505 3066 2559 τὸ
3102 2504 3293 2576 ἄδηλον
3318 2505 3421 2575 τῆς
3449 2504 3706 2566 ἐκϐάσεως*

531 2585 738 2639 exitum
778 2585 970 2639 beatus
1020 2593 1104 2639 est
1150 2583 1568 2654 praedicandus;
1621 2584 1715 2654 qui
1762 2598 1892 2639 vero
1930 2599 2030 2639 suu

2204 2596 2215 2647 i
2241 2595 2297 2649 δέ
2326 2593 2732 2666 συμπληρώσας
2751 2593 2819 2647 τὰ
2843 2593 3217 2658 ἐπιδὰλλοντα,
3240 2594 3336 2649 καὶ
3369 2595 3708 2666 ἀναντιρρήτῳ

531 2677 828 2747 expleverit
857 2675 1114 2744 oliicium,
1162 2679 1437 2747 vitamque
1477 2685 1630 2730 certo
1661 2676 1765 2731 ﬁne
1807 2675 2035 2730 clauseri

2203 2682 2326 2740 πέλει
2374 2687 2474 2756 τὴν
2516 2684 2658 2757 ζωὴν
2713 2685 3088 2749 κατακλείσας,
3139 2678 3294 2748 οὗτος
3336 2684 3443 2756 ἤδη
3491 2685 3707 2754 accdi};

531 2767 579 2823 is
615 2768 727 2838 jam
784 2767 976 2822 beatus
1026 2776 1143 2822 tuto
1171 2766 1390 2822 dicitur.
1441 2767 1513 2837 (6)
1536 2758 1610 2822 Et
1637 2766 1729 2837 qui
1761 2764 1964 2820 faciunt
1992 2765 2035 2820 b<

2202 2773 2564 2846 ιακαρίζεται.
2600 2775 2710 2829 Καὶ
2735 2777 2784 2828 οἱ
2819 2775 2916 2846 μὲν
2951 2774 3011 2829 τὸ
3046 2775 3245 2846 ἀγαθὸν
3279 2777 3644 2846 ἐργαζόμενοι,
3666 2778 3706 2827 ἐν

531 2876 684 2925 num,
710 2861 765 2913 in
792 2860 908 2929 ipsa
930 2860 1147 2914 actione
1172 2866 1584 2930 consequuntur
1606 2857 2035 2928 approbationem

2203 2863 2330 2934 ιὺτῷ
2378 2864 2458 2936 τῷ
2504 2865 2648 2937 ἔργῳ
2693 2865 2755 2918 τὸ
2792 2865 3145 2919 εὐαπόδεκτον
3198 2865 3450 2935 ἐχουσιψ
3497 2868 3546 2918 οἱ
3581 2865 3629 2917 δὲ
3663 2866 3707 2917 τὺ

532 2950 627 3006 sed
661 2951 754 3021 qui
791 2952 963 3005 vitant
996 2951 1221 3013 malum,
1256 2950 1511 3005 laudandi
1544 2966 1654 3005 non
1680 2958 1828 3013 sunt,
1859 2949 1907 3003 si
1945 2947 2036 3002 [οι-ι

2203 2952 2349 3006 ιακὸν
2387 2952 2693 3022 φεύγοντες,
2715 2954 2815 3007 οὐκ
2839 2953 2933 3007 ἐὰν
2963 2954 3108 3019 ἅπαξ
3137 2954 3169 3024 ἢ
3199 2955 3457 3025 δεύτερον
3490 2956 3707 3009 ἐκκλίνει»

530 3042 698 3096 semel
723 3038 883 3112 5.73
914 3050 1006 3093 aut
1045 3041 1240 3096 iterum
1281 3048 1562 3111 peccatum
1596 3040 1942 3104 evitaverint,
1985 3055 2034 3095 se

2201 3059 2288 3107 rw,
2322 3037 2455 3097 ὦσιν
2486 3044 2551 3098 ἂν
2572 3044 2863 3111 ἐπαινετοὶ,
2888 3044 3001 3099 ἀλλ’
3024 3046 3117 3099 ἐὰν
3140 3045 3411 3116 δυνηθῶσι
3445 3046 3539 3099 τοῦ
3568 3044 3705 3099 κακοῦ

529 3133 577 3188 si
602 3136 824 3188 omnino
882 3133 1010 3190 mali
1071 3134 1458 3203 experientiam
1518 3132 1792 3187 declinare
1849 3130 2033 3201 possin

2200 3136 2279 3208 τὴν
2315 3139 2507 3208 πεῖραν
2546 3137 2627 3200 εἰς
2654 3137 2713 3190 τὸ
2744 3136 3001 3201 παντελὲς
3039 3137 3336 3209 διαδρᾶναι.
3392 3138 3461 3191 Et
3501 3134 3587 3191 οὖν
3622 3137 3704 3190 δία

531 3228 607 3295 (7)
642 3224 698 3278 Si
729 3224 891 3295 igitur
913 3232 1125 3293 oportet
1156 3234 1216 3280 ut
1249 3224 1481 3295 quisque
1501 3224 1667 3277 vitam
1697 3224 1955 3293 Optimam
1984 3222 2035 3277 el

2200 3225 2295 3279 Ξίον
2353 3227 2449 3298 μὲν
2503 3227 2720 3298 ἄριστον
2769 3228 2993 3282 ἕκαστον
3040 3227 3441 3299 προαιρεῖσθαι,
3499 3229 3619 3299 ἡδὺν
3664 3227 3704 3279 ἃ

461 3332 466 3336 ·
528 3325 639 3386 gat,
686 3326 974 3386 speretque
1023 3315 1417 3372 consuetudine
1467 3315 1763 3386 jucundam
1812 3314 1965 3371 reddi

2198 3317 2480 3389 τροσδοκᾷν
2515 3320 2582 3389 τῇ
2626 3302 2881 3391 συνηθείᾲ
2926 3320 3262 3391 γενήσεσθαι,
3313 3321 3583 3391 ἐγχειρεῖν
3620 3321 3702 3380 τοῖς

526 3408 614 3473 iri,
643 3407 847 3477 optima
876 3409 1095 3479 aggredi
1125 3423 1223 3479 par
1244 3417 1345 3463 est.
1378 3409 1559 3479 Turpe
1581 3416 1666 3464 est
1698 3407 1842 3463 enim
1867 3415 2030 3477 templ

2200 3404 2489 3469 Ξελτίστοις.
2531 3406 2761 3479 Αίσχρὺν
2806 3408 2913 3480 γὰρ
2948 3408 3038 3462 τὸν
3079 3408 3322 3480 παρόντα
3361 3410 3553 3480 καιρὸν
3594 3425 3704 3478 προ-

527 3514 765 3570 praasens
796 3494 1127 3568 amittentes,
1156 3501 1396 3571 elapsum
1428 3508 1617 3570 postea
1649 3514 1928 3566 revocare,
1953 3513 2031 3552 Cll!

2198 3494 2422 3564 ;μένους,
2451 3494 2673 3567 ὕστερόν
2702 3498 2817 3550 ποτ’
2848 3497 3226 3553 ἀνακαλεῖσθαι
3248 3498 3308 3551 τὸ
3337 3499 3702 3570 παρελθδν,ῖηε

523 3593 659 3647 nihil
687 3594 811 3666 angi
842 3594 1101 3665 proderit.
1143 3594 1216 3665 (8)
1252 3592 1391 3649 Fieri
1428 3608 1539 3648 non
1569 3601 1763 3663 potest,
1802 3599 1860 3645 ut
1883 3590 2027 3645 divin

2194 3583 2326 3638 ›ὺδέν
2358 3585 2508 3640 ἐσται
2528 3586 2685 3641 πλέον
2725 3588 3059 3659 ἀνιωμένοις.
3095 3587 3184 3658 Τῷ
3221 3589 3336 3642 δντι
3368 3590 3482 3661 γὰρ
3524 3591 3698 3660 ἀμήχα-

523 3687 710 3753 gratia:
747 3701 975 3755 capaces
997 3686 1309 3748 reddantur,
1342 3685 1449 3739 nisi
1484 3686 1707 3740 malitia:
1739 3682 2027 3738 aﬂectione

2188 3673 2265 3728 νόν
2291 3675 2406 3729 ἐστι
2436 3678 2770 3749 χωρητικοὺς
2791 3679 3038 3747 γενέσθαι
3065 3680 3209 3752 ἡμᾶς
3244 3681 3343 3751 τῆς
3383 3681 3538 3745 Θείας
3579 3682 3692 3752 xit”

522 3793 642 3845 quae
682 3778 892 3834 animas
955 3787 1172 3835 nostras
1217 3786 1638 3850 occupaverant,
1687 3775 2020 3847 expulerimu

2194 3784 2284 3833 τος,
2325 3768 2398 3841 μὴ
2449 3767 2515 3822 τὰ
2561 3768 2668 3823 ἀπὸ
2706 3769 2902 3834 κακίας
2945 3770 3089 3842 πάθη
3137 3771 3583 3842 προκατασχόντα
3625 3771 3698 3831 si;

526 3865 644 3921 Vidi
673 3883 773 3939 ego
809 3869 1069 3936 medicos,
1097 3885 1205 3924 non
1239 3870 1391 3941 prius
1432 3869 1625 3925 dantes
1668 3869 1927 3925 salutaria
1963 3883 2030 3925 mi

2180 3858 2349 3931 ψυχὰς
2375 3862 2407 3932 ὴ
2416 3861 2530 3932 μῶν
2556 3861 2926 3928 ἐξελάσαντας.
2952 3859 3103 3917 Εἶδον
3128 3865 3341 3935 ίατροὺς
3361 3865 3475 3934 ἐγὼ
3506 3864 3579 3937 μη
3596 3864 3684 3935 πρό

519 3960 847 4024 dicamenta,
877 3976 1038 4030 quam
1071 3977 1164 4032 per
1206 3963 1468 4016 vomitum
1512 3968 1868 4016 evacuassent
1905 3968 2023 4014 matr

2190 3969 2327 4022 τερον
2364 3954 2597 4019 διδόντας
2634 3954 2699 4009 τὰ
2739 3956 2976 4028 σωτήρια
3028 3956 3311 4028 φάρμακα,
3356 3958 3488 4028 πρὶν
3519 3958 3694 4029 ἐμέτοις

522 4050 658 4103 riam
691 4051 1012 4117 morbidam,
1040 4068 1201 4123 quam
1241 4053 1346 4108 sibi
1374 4053 1798 4121 intemperantes
1829 4065 1895 4106 ex
1931 4052 2026 4105 mai

2190 4045 2509 4099 ὶποκενῶσαι
2564 4046 2661 4118 τὴν
2713 4048 2987 4102 νοσοποιδν
3047 4048 3208 4119 ὓλην,
3258 4049 3326 4119 ἣν
3376 4050 3441 4101 ἐκ
3489 4048 3694 4118 πονηρᾶς

520 4142 669 4194 victu
715 4154 1053 4211 pepererant.
1080 4124 1214 4199 'Sed
1250 4152 1304 4200 et
1336 4159 1431 4200 vas
1481 4144 1813 4215 graveolenti
1846 4144 2024 4203 humo:

2187 4135 2376 4207 ῖιαίτης
2403 4138 2613 4201 ἐαυτοῖς
2638 4139 2687 4191 οἱ
2712 4138 2993 4192 ἀκόλαστοι
3038 4138 3379 4193 ἐναπέθεντο.
3438 4139 3593 4192 Ἀλλά
3625 4138 3691 4189 καὶ

521 4226 673 4305 prius
705 4233 990 4300 imbutum,
1019 4236 1124 4291 nisi
1150 4235 1314 4291 fuerit
1345 4236 1572 4301 elotum,
1608 4250 1719 4291 non
1750 4236 1943 4307 recipit
1977 4252 2025 4291 ιιι

2186 4227 2385 4298 ὶγγεῖον
2434 4228 2969 4302 προκατειλημμένον
3016 4230 3123 4283 ὑπό
3162 4247 3308 4293 τινος
3362 4230 3530 4302 ὑγροῦ
3591 4231 3690 4282 δυσ·

518 4322 707 4394 guenti
744 4322 1029 4379 fusionem.
1070 4322 1403 4379 Eﬂ'undenda
1436 4338 1566 4392 ergo
1623 4339 1744 4394 quae
1785 4325 1939 4394 prius
1982 4322 2022 4377 ir

2184 4319 2351 4384 ὺδους,
2396 4317 2473 4390 μὴ
2508 4319 2804 4383 ἐκπλυθὲν,
2829 4320 2887 4374 οὐ
2923 4318 2997 4391 μὴ
3018 4319 3231 4392 δέξηται
3277 4319 3370 4374 τοῦ
3411 4321 3579 4391 μύρου
3616 4318 3688 4386 sip

512 4421 693 4480 erant,
739 4421 801 4468 ut
841 4414 1005 4483 recipi
1061 4412 1273 4484 possint
1310 4427 1429 4481 quae
1468 4413 1805 4483 ingeruntur.
1837 4414 1912 4483 (9)
1936 4412 2013 4468 Na

2186 4411 2451 4482 ἐπτρῤοήν.
2501 4412 2591 4464 Δεῖ
2627 4412 2802 4465 τοίνυν
2843 4411 3134 4482 ἐκχυθῆναι
3172 4411 3240 4466 τὰ
3284 4413 3690 4483 προϋπάρχοντα.

516 4505 768 4561 omnibus
809 4504 1026 4575 quidem
1074 4503 1227 4559 adest
1278 4501 1513 4574 Spiritus
1554 4512 1817 4560 sanctus:
1852 4505 1945 4561 sed
1999 4506 2015 4559 i

2186 4502 2255 4558 ’να
2287 4503 2485 4574 δυνηθῇ
2524 4504 2832 4575 χωρηθῆναι
2865 4504 2935 4558 τὰ
2971 4504 3281 4576 ἐπαγόμενα
3302 4505 3435 4576 (l2).
3455 4507 3589 4560 Πεῖσι
3615 4505 3690 4575 μὲν

516 4597 610 4668 qui
629 4597 749 4668 puri
787 4607 915 4653 sunt
938 4595 1243 4659 ali'ectibus.
1279 4596 1607 4666 peculiarem
1652 4596 1871 4652 exhibet
1897 4597 2020 4651 virtt

2178 4594 2273 4666 γὰρ
2295 4596 2520 4668 πάρεστι
2554 4596 2612 4650 τὸ
2638 4595 2860 4666 Πνεῦμα
2880 4596 2940 4651 τὸ
2964 4596 3133 4665 ἆγιον·
3164 4596 3301 4651 ἀλλὰ
3318 4600 3430 4662 τοῖς
3466 4599 3561 4669 μὲν
3583 4595 3682 4649 καθ·

515 4696 660 4755 tem;
697 4698 752 4743 at
788 4702 917 4742 vero
963 4688 1051 4752 iis,
1085 4701 1315 4757 quorum
1360 4701 1515 4741 mens
1555 4686 1764 4755 peccati
1812 4686 2019 4743 sordibt

2181 4685 2417 4757 ιρεύουσι
2446 4686 2554 4742 τῶν
2611 4688 2816 4755 παθῶν,
2855 4689 2952 4760 τὴν
3008 4689 3141 4744 ίδίαν
3187 4691 3415 4762 ἐμφέρει
3460 4691 3685 4760 δύναμιν·

514 4778 879 4849 perturbatur,
904 4779 1146 4833 minime.
1748 4773 1768 4791 ⁸

2184 4780 2277 4841 τοῖς
2306 4778 2363 4830 δὲ
2389 4778 2448 4832 τὸ
2473 4780 2794 4850 ἡγεμονικὸν
2818 4781 3211 4853 συγκεχυμένον
3242 4781 3454 4852 ἔχουσιν
3480 4781 3582 4835 ἀπὸ
3602 4780 3688 4834 τῶν

2163 4867 2260 4936 τῆς
2288 4868 2556 4942 ἁμαρτίας
2593 4869 2815 4935 σπίλων,
2848 4872 2947 4924 οὐκ
2978 4870 3076 4925 ἔτι.

525 5028 529 5032 θ
578 4952 632 5007 5.
660 4952 770 5024 (lii)
801 4951 941 5009 Fieri
963 4954 1105 5008 enim
1131 4969 1241 5009 non
1274 4960 1469 5024 potest,
1496 4962 1557 5009 ut
1581 4953 1635 5009 id
1670 4969 2029 5025 consequamu

2235 4958 2288 5013 5.
2330 4959 2609 5015 Ἀδύνατον
2631 4960 2757 5035 γὰρ,
2786 4965 2865 5027 είς
2888 4962 3173 5037 διαφόρους
3195 4965 3475 5038 φροντίδας
3497 4964 3590 5017 τοῦ
3609 4961 3683 5015 νοῦ

510 5043 578 5097 ad
608 5045 753 5113 quod
780 5046 1179 5110 contendimus,
1230 5047 1277 5099 si
1311 5061 1466 5100 mens
1494 5046 1547 5100 in
1575 5047 1753 5101 varias
1784 5062 1946 5104 curas
1986 5047 2014 5102 d

2178 5050 2537 5122 θεριζομένου,
2574 5054 2962 5127 κατορθοῦσθαι
2992 5056 3053 5109 τὸ
3100 5058 3553 5129 σπουδαζόμενον·
3598 5071 3682 5109 κα·

507 5135 671 5191 ducta
701 5136 791 5204 sit,
831 5138 1284 5208 quemadmodum
1312 5137 1570 5195 Dominus
1598 5137 1902 5205 allirmavit,
1935 5154 2011 5194 (ιω

2175 5141 2269 5207 θὼς
2299 5145 2327 5197 ὁ
2358 5143 2557 5215 Κύριος
2593 5146 2935 5219 ἀπεφήνατο,
2979 5148 3177 5205 εἰπών’
3221 5151 3427 5219 οὐδεὶς
3462 5150 3679 5205 δύναται

688 5266 769 5353 Ex
801 5268 989 5323 homil.
1019 5270 1074 5353 in
1094 5270 1231 5353 paul:
1265 5287 1306 5335 ι,
1327 5270 1459 5353 9i.“

2230 5276 2306 5353 (ξ)
2336 5277 2415 5353 Ιέι
2444 5280 2586 5336 hom.
2615 5283 2670 5337 in
2705 5284 2839 5353 psal.
2870 5300 2984 5351 ut,
3019 5284 3138 5339 (96.

792 5348 1078 5421 comment.
1096 5337 1161 5396 in
1187 5337 1327 5409 ιω..
1355 5341 1479 5398 566.
2325 5348 2420 5421 _E_x
2441 5337 2729 5421 comment:
2747 5337 2984 5420 inﬂa,
3008 5337 3132 5410 379.

599 5410 654 5492 ξ)
694 5408 829 5492 l'bid:
979 5480 993 5492 _
1162 5481 1176 5492 _
1292 5408 1355 5492 .'_
2370 5418 2446 5492 Ex
2480 5418 2685 5491 Reguli;
2718 5408 3171 5492 fusiustrt’rctatis,
3203 5425 3325 5482 350.

598 5478 655 5548 4)
696 5478 775 5532 Ex
802 5479 946 5535 hom.
973 5480 1028 5535 in
1057 5481 1193 5550 putt.
1219 5498 1260 5549 ι,
1288 5481 1377 5540 92.

595 5549 650 5631 ξ)
693 5548 832 5631 λιξίςι-
874 5621 938 5631 --
1450 5570 1453 5573 ·

2232 5478 2343 5570 (Ui
2389 5478 2660 5564 Ἐκὶὸγῇ.
2706 5478 2795 5550 Sic
2833 5493 3034 5567 Regius
3080 5478 3485 5561 codexﬁimelius
3529 5506 3673 5564 quam

2169 5557 2559 5631 editiﬁmlorii.
3578 5629 3591 5631 _

571 5551 1109 5706 ξὲἔὶιξέῗῖνπομ
1254 5692 1288 5706 ..

2164 5557 2771 5706 ἷάίῗὲῗῐξέᾝγόμενα.
2796 5633 2886 5693 Sic
2905 5644 3190 5694 contextus
3209 5644 3262 5693 et
3281 5634 3467 5706 Regius
3496 5629 3668 5687 codex.

573 5688 649 5753 (7)
682 5688 756 5744 Ex
786 5704 948 5747 term.
979 5691 1057 5749 De
1090 5692 1314 5764 legendis
1344 5692 1435 5750 lib.
1469 5693 1761 5763 gentilium,
1800 5693 1922 5753 ιει.

1164 5692 1314 5751 νεκάίε
1344 5692 1435 5750 ιιι.
1469 5693 1761 5763 gentilium,
1800 5693 1922 5753 ιει.
2160 5688 2302 5754 Editi
2326 5688 2668 5772 δπαγόμῖεηῖα.
