3810 6508
552 298 689 351 112⁸1

1419 291 1783 373 ΑΡΡΕΝῠΙξ.
1819 323 1890 334 -
1929 289 2269 348 SYMEONIS
2305 289 2842 346 ΜΕΤΑΡΗΒΑΒΤΑΕ

3620 298 3728 348 Hi!

549 411 847 470 asceticum
908 408 1030 464 vita
1097 421 1270 477 genus
1337 407 1624 472 accedunt,
1693 405 1842 460 omni
1894 404 2118 466 materia

2225 404 2357 458 οὕτω
2388 405 2492 477 χρὴ
2515 405 2752 468 καὶτοὺς
2772 407 2840 476 τῇ
2871 405 3140 474 ἀσκητικῇ
3175 407 3620 477 προσερχομένως
3639 425 3655 480 t_
3673 412 3730 476 8')

551 503 736 561 saeculi
777 500 941 570 hujus
979 500 1146 561 exuti,
1177 498 1230 552 in
1270 498 1394 553 vitae
1425 498 1811 569 philosophica
1849 497 2115 551 institutis

551 594 756 649 versari
787 592 1007 646 debent.
1044 589 1117 658 (1)
1161 587 1340 646 Estote
1395 589 1559 650 enim,
1600 589 1794 659 inquit,
1840 586 2116 657 prudentes

553 685 684 739 sicut
719 688 979 748 serpentes
1022 679 1087 730 ".
1137 679 1395 746 Serpens,
1449 677 1545 730 ubi
1585 677 1695 745 jam
1752 675 1999 730 exuenda
2033 681 2117 732 est

550 771 728 841 pellis,
755 769 811 822 in
848 769 1028 822 locum
1064 777 1352 836 angustum
1418 776 1472 822 et
1511 769 1702 822 stricte
1729 782 1931 836 corpus
1963 781 2119 820 coer-

549 869 764 917 centem
807 875 928 916 sese
971 858 1290 920 immittens,
1338 858 1418 912 sic
1489 867 1760 913 senectam
1827 857 2118 926 prudenter

457 1012 467 1025 ,
553 969 620 1007 ac
649 952 926 1022 sapienter
959 949 1130 1004 exuit.
1155 948 1309 1014 Quod
1343 959 1397 1002 ιι
1438 950 1578 1004 idem
1633 965 1734 1005 nos
1763 951 1967 1004 imitari
2003 950 2119 1003 vult

553 1045 855 1115 Scriptura,
907 1058 1003 1113 per
1045 1051 1329 1112 angustam
1377 1051 1430 1097 et
1485 1050 1690 1096 arctam
1739 1045 1880 1096 viam
1934 1043 2117 1112 ingre-

552 1139 768 1192 dientes
821 1137 887 1198 ὀ,
939 1148 1137 1188 exuere
1180 1140 1415 1187 veterem
1472 1132 1764 1195 hominem,
1812 1147 1876 1186 ac
1917 1127 2118 1186 novum

553 1227 776 1282 induere
803 1228 869 1292 ἰ,
903 1235 961 1280 ιιι
992 1234 1179 1280 nostra
1210 1239 1447 1294 quoque,
1473 1223 1623 1276 velut
1649 1223 1866 1292 aquilae,
1891 1223 2117 1293 juventa

555 1327 848 1374 renovetur
879 1320 945 1372 ⁸⁸.
988 1317 1122 1371 Nam
1161 1316 1363 1370 lumine
1395 1315 1741 1370 illucescente
1784 1323 2120 1372 evanescunt

554 1413 823 1474 tenebrae,
877 1418 932 1465 et
997 1409 1231 1463 sanitate
1293 1409 1554 1463 redeunte
1627 1408 1888 1463 molestia:
1943 1405 2117 1460 morbi

553 1503 840 1562 sedantur,
885 1509 940 1554 et
983 1498 1208 1552 veritate
1255 1496 1662 1561 demonstrata,
1714 1496 1979 1551 mendacii
2021 1511 2120 1549 na-

552 1603 676 1649 tura
728 1589 1093 1660 redarguitur.
1132 1585 1238 1643 Sed
1279 1587 1521 1657 plerique
1577 1586 1651 1658 (2)
1689 1586 1934 1642 homines
1961 1585 2120 1640 nubi-

554 1686 657 1741 bus
717 1682 924 1738 similes
968 1689 1130 1740 sunt.
1186 1695 1307 1749 quae
1353 1695 1452 1749 pro
1497 1687 1780 1732 ventorum
1823 1677 2121 1732 mutatione

553 1777 689 1830 alias
721 1775 775 1828 in
803 1773 964 1827 aliam
994 1773 1136 1826 aeris
1168 1777 1376 1842 partem
1408 1769 1657 1824 feruntur
1683 1789 1696 1824 :
1725 1768 1802 1841 (5)
1845 1778 1899 1825 et
1921 1770 2119 1840 quibus

555 1865 714 1918 facile
772 1862 1050 1934 mutabilis
1092 1858 1382 1922 sententia,
1419 1859 1505 1914 his
1545 1859 1766 1914 minime
1797 1859 1999 1914 mirum
2035 1868 2121 1914 est

553 1956 676 2010 vitae
718 1954 966 2009 ordinem
1021 1968 1131 2007 non
1175 1961 1479 2016 constare;
1525 1951 1726 2021 quibus
1783 1966 1914 2006 vero
1963 1951 2121 2005 [ima

555 2063 708 2103 mens
738 2055 842 2108 est,
889 2059 1211 2116 semperque
1247 2051 1503 2098 constans
1539 2052 1593 2098 et
1629 2042 1839 2106 eadem,
1875 2043 1960 2100 bis
1993 2057 2123 2098 con-

557 2149 884 2195 sentaneum
931 2148 1015 2192 est
1067 2138 1233 2190 vitam
1281 2135 1532 2190 instituto
1585 2145 1975 2205 congruentem
2028 2134 2125 2190 du-

555 2247 699 2287 eere.
731 2229 802 2301 (1)
841 2228 992 2282 Multi
1025 2237 1228 2292 autem,
1256 2225 1384 2280 dum
1427 2241 1621 2297 pravas
1658 2227 1823 2281 etiam
1865 2241 2121 2295 compro-

557 2323 690 2377 bant
731 2321 993 2382 aeliones,
1044 2319 1287 2372 dicacem
1340 2317 1554 2386 quidem
1604 2316 1842 2387 lepidum
1891 2317 2120 2383 dicunt;

556 2430 681 2471 eum
734 2429 860 2468 vero
905 2413 999 2482 qui
1050 2412 1288 2465 obscena
1332 2410 1495 2464 verba
1544 2409 1768 2479 profert,
1808 2409 2121 2474 urbanum;

557 2507 815 2562 acerbum
857 2514 912 2560 et
955 2500 1302 2566 iracundum,
1349 2500 1621 2555 hominem
1675 2499 1962 2553 nominant
2011 2513 2122 2552 non

563 2594 1072 2660 contemnendum;
1124 2607 1349 2664 parcum
1398 2598 1454 2646 et
1497 2588 1835 2654 illiberalem,
1865 2598 1924 2644 ut
1963 2588 2125 2644 sedu-

560 2687 674 2742 lum
700 2686 1197 2741 administratorem
1228 2681 1452 2736 laudant
1477 2699 1492 2747 ;
1525 2680 1739 2734 luxurie
1769 2680 2123 2744 diﬂlueutem,

564 2791 627 2835 ut
675 2779 995 2842 liberalem;
1051 2783 1409 2832 scortatorem
1453 2781 1509 2828 et
1544 2773 1828 2840 lascivum,
1861 2780 1919 2826 ut
1946 2773 2125 2826 virum

560 2871 726 2927 rebus
795 2869 908 2923 suis
969 2866 1373 2936 perfruentem,
1429 2871 1484 2918 et
1541 2862 1710 2916 animi
1769 2861 2050 2918 solutioris
2108 2879 2123 2916 :

563 2978 674 3016 uno
719 2960 906 3024 verbo,
939 2958 1070 3011 vitio
1114 2957 1264 3011 omni
1320 2971 1386 3010 ex
1431 2956 1632 3009 virtute
1667 2953 1937 3024 adjacenti
1973 2953 2129 3008 blan-

563 3053 694 3107 dum
745 3065 941 3105 nomen
997 3050 1307 3118 imponunt.
1361 3046 1524 3100 Tales
1567 3061 1663 3101 ore
1700 3046 1918 3116 quidem
1959 3045 2128 3100 bene-

565 3144 779 3206 dicunt,
828 3151 885 3195 ut
930 3142 1007 3194 ait
1054 3140 1225 3195 David
1275 3141 1342 3205 ¹³,
1393 3138 1560 3194 corde
1599 3154 1732 3194 vero
1774 3138 2125 3194 maledicunt.

568 3235 704 3291 Nam
743 3235 1032 3290 verborum
1086 3233 1358 3288 lenocinio
1403 3230 1840 3287 maledictionem
1908 3247 2127 3288 omnem

569 3329 624 3382 in
658 3341 844 3383 eorum
894 3327 1060 3380 vitam
1103 3325 1411 3386 conferunt,
1459 3323 1723 3381 obnoxios
1761 3324 1884 3378 illos
1911 3331 2130 3379 atteram

565 3419 902 3476 damnationi
971 3418 1453 3489 approbationibus
1525 3417 1641 3474 suis
1715 3417 2126 3472 constituentes.

571 3508 648 3576 (ὃ)
688 3509 757 3564 Ut
780 3509 943 3580 igitur
969 3525 1076 3563 non
1097 3507 1445 3578 justijndicis
1467 3522 1625 3576 pares
1642 3508 1864 3577 paribus
1893 3513 2131 3562 statuere

566 3602 844 3657 mercedes
868 3641 884 3665 ,
933 3600 1030 3655 sed
1070 3615 1295 3656 necesse
1332 3608 1417 3656 est
1464 3607 1523 3654 ut
1564 3600 1694 3654 mali
1749 3599 1998 3670 inceptor
2032 3615 2132 3654 eu-

565 3693 826 3746 mulatius
874 3690 1152 3761 persolvat
1200 3689 1406 3756 debita,
1451 3691 1499 3745 si
1546 3690 1709 3745 modo
1755 3699 1810 3746 et
1857 3693 1974 3762 ipse
2018 3704 2131 3746 me-

568 3781 671 3835 lior
725 3796 793 3836 ex
840 3782 1128 3850 suppliciis
1181 3779 1400 3836 futurus
1451 3781 1547 3849 sit,
1589 3790 1644 3835 et
1691 3781 1827 3836 alios
1879 3781 2132 3836 meliores

571 3870 816 3926 facturus
861 3871 1110 3939 exemplo
1160 3888 1173 3924 :
1223 3871 1298 3943 (0)
1349 3871 1422 3925 ita
1458 3878 1512 3926 et
1559 3873 1652 3942 qui
1693 3872 1822 3927 boni
1867 3881 2132 3944 praetextu

570 3963 774 4016 malum
822 3960 971 4026 facit,
999 3962 1201 4032 duplici
1239 3963 1410 4018 multa
1448 3962 1647 4035 dignus
1671 3974 1756 4021 est
1800 3983 1815 4020 :
1858 3973 1971 4019 tum
2003 3965 2134 4036 quia

571 4053 719 4124 quod
767 4069 876 4107 non
935 4054 1138 4108 bonum
1173 4062 1258 4110 est
1296 4057 1431 4127 agit,
1479 4065 1594 4111 tum
1644 4057 1775 4127 quia
1818 4056 1887 4112 ad
1952 4058 2135 4113 scelus

574 4143 1033 4216 perpetrandum,
1077 4146 1260 4214 bono,
1309 4155 1370 4202 ut
1419 4147 1496 4203 ita
1537 4147 1752 4216 dicam,
1819 4149 1972 4206 socio
2029 4149 2132 4206 ab-

574 4238 764 4292 utitur.

2215 495 2348 566 ζωῇ,
2390 496 2569 568 πάσης
2608 495 2740 567 ὕλης
2768 495 3023 566 βιωτικῆς
3053 496 3452 565 γυμνωθέντας,
3479 501 3614 564 ἐντὸς
3643 505 3731 570 (εδ)

2213 589 2306 642 τοῦ
2359 588 2498 642 κατά
2543 588 2856 658 φιλοσοφίαν
2894 587 3149 655 γενέσθαι
3189 587 3326 657 βίου.
3360 590 3598 645 Γίνεσθε
3628 599 3729 664 γὰρ,

2215 681 2368 750 φησὶ,
2391 680 2662 749 φρόνιμοι
2686 680 2767 746 ὡς
2799 683 2854 734 οἱ
2886 679 3053 748 δέρεις
3073 697 3086 710 ·
3120 680 3179 743 ὅς
3210 679 3428 733 ἐπειδάν
3454 682 3736 737 ἀποδύεσθαι

2214 769 2304 841 δέῃ
2355 772 2452 841 τὴν
2497 770 2770 842 λεὸήριδα,
2816 770 2986 840 στενῷ
3023 771 3172 840 τόπῳ
3220 770 3314 822 καὶ
3355 771 3585 840 ἀκριδῶς
3617 790 3738 842 περι-

2217 861 2495 930 σφίγγοντι
2535 862 2595 914 τὸ
2647 862 2806 931 σῶμα
2854 861 3068 924 ἐπιδοὺς
3114 861 3324 922 ἑαυτὸν,
3378 863 3637 931 φρονίμως
3669 867 3740 915 καὶ

2218 953 2452 1015 συνετῶς
2497 951 2787 1006 ἀποδύεται
2832 953 2892 1006 τὸ
2935 953 3131 1025 γῆρας.
3168 953 3347 1022 Ὅπερ
3391 950 3483 1005 οὖν
3515 957 3599 1005 καὶ
3627 955 3741 1022 ipsi;

2219 1043 2465 1113 βούλεται
2501 1042 2528 1094 ὁ
2562 1044 2754 1112 Λόγος,
2791 1043 2877 1097 διὰ
2928 1044 3027 1112 τῆς
3065 1043 3256 1113 στενῆς
3294 1043 3392 1095 καὶ
3424 1043 3743 1113 τεθλιμμένης

2217 1132 2336 1187 ὀδοῦ
2392 1135 2822 1205 πορευομένους,
2873 1134 3199 1188 ἀποδύεσθαι
3252 1135 3353 1205 μὲν
3415 1135 3507 1188 τὸν
3558 1136 3741 1188 παλαιὴν

2217 1224 2521 1296 ἄνθρωπον,
2552 1225 2829 1280 ἐνδύεσθαι
2875 1225 2931 1279 δὲ
2979 1226 3070 1279 τὸν
3122 1226 3260 1289 νέον,
3311 1225 3454 1280 ὥστε
3499 1231 3591 1281 καὶ
3619 1233 3740 1299 ἡμῶν

2216 1317 2685 1389 ἀνακαινισθῆναι,
2731 1319 2806 1382 ὡς
2844 1316 3003 1373 ἀετοῦ
3043 1319 3140 1390 τὴν
3183 1321 3432 1390 νεότητα.
3476 1323 3642 1386 thura;
3664 1324 3741 1395 γὰρ

2217 1411 2604 1480 ἀναφανέντος,
2646 1411 2962 1480 ἀφανίζεται
3017 1411 3236 1475 σκότος·
3275 1415 3374 1468 καὶ
3414 1416 3597 1482 ὑγείας
3641 1435 3743 1484 πιρ-

2217 1498 2403 1570 ούσης,
2435 1499 2504 1553 τὰ
2532 1499 2737 1570 όχληρά
2767 1500 2866 1570 τῆς
2887 1499 3041 1572 νόσου
3075 1501 3348 1554 πέπαυται
3368 1519 3382 1532 ·
3411 1504 3506 1555 καὶ
3539 1504 3744 1574 ﬁdi-iliis;

2217 1589 2662 1660 ἀποδειχθείσης,
2722 1589 2816 1642 τοῦ
2889 1589 3119 1658 ψεύδους
3180 1593 3214 1661 η
3270 1591 3433 1660 φύσις
3491 1593 3742 1662 ἐλέγχεται.

2232 1679 2370 1732 Ἀλλ’
2421 1682 2472 1732 of
2522 1677 2702 1732 πολλοὶ
2734 1678 2842 1732 τῶν
2887 1679 3188 1751 ἀνθρώπιον
3236 1684 3356 1745 ταῖς
3397 1684 3638 1751 νεφέλαις

2219 1787 2368 1834 κασι,
2411 1769 2547 1842 πρὸς
2590 1770 2689 1835 τάς
2729 1770 2838 1823 τῶν
2886 1771 3208 1843 πνευμάτων
3261 1774 3566 1843 μεταὸολάς
3604 1777 3743 1828 ἄλλοτε

2218 1863 2338 1916 κατ’
2374 1861 2500 1916 ἄλλο
2540 1861 2702 1933 μέρος
2742 1860 2836 1914 τοῦ
2881 1862 3040 1934 ἀέρος
3074 1861 3184 1935 (10)
3215 1867 3634 1936 ἐκφερομένοις·
3677 1874 3745 1920 καὶ

2218 1946 2298 2016 οἷς
2342 1950 2440 2022 μὲν
2471 1950 2687 2015 εὔκολος
2728 1950 2863 2024 πρὸς
2913 1952 3208 2024 μεταδολὴν
3247 1956 3280 2025 ἡ
3321 1954 3557 2017 διάνοια,
3587 1958 3745 2018 τούτοις

2220 2043 2368 2096 οὐδὲν
2396 2042 2625 2107 ἀπεικὸς
2660 2043 2756 2098 καὶ
2782 2043 2871 2097 τὸν
2905 2044 3017 2114 βίον
3046 2040 3180 2098 εἶναι
3215 2045 3290 2116 μὴ
3319 2049 3668 2118 τεταγμένον·
3689 2046 3745 2111 οξ

2219 2133 2276 2186 δὲ
2299 2135 2576 2203 πεπηγυῖα
2604 2133 2637 2204 ἡ
2668 2131 2883 2206 γνώμη.
2911 2135 3004 2188 καὶ
3037 2135 3123 2189 ἀεὶ
3170 2136 3398 2200 ἑστῶσα,
3427 2140 3528 2190 καὶ
3564 2141 3596 2208 ἡ

2219 2221 2430 2285 τούτοις
2486 2221 2775 2276 ἀκόλουθον
2835 2222 3134 2294 συμφώνως
3195 2229 3262 2297 τῇ
3316 2228 3628 2297 προαιρέσει
3679 2229 3747 2297 τὴν

2222 2311 2366 2384 ζωὴν
2392 2313 2677 2383 διεξάγειν.
2710 2315 2900 2370 Πολλοὶ
2943 2315 3000 2369 δὲ
3039 2318 3130 2370 καὶ
3165 2318 3263 2381 τὰς
3295 2320 3544 2391 πονηρὰς
3571 2321 3746 2390 πράξεις

2222 2406 2630 2478 ἀποδεχόμενοι,
2656 2407 2914 2479 χαρίεντα
2943 2408 3039 2478 μὲν
3061 2409 3151 2462 τὸν
3181 2411 3519 2480 εὐτράπελον
3551 2412 3746 2478 λέγουσι·

2221 2496 2312 2548 τὸν
2336 2496 2392 2550 δὲ
2427 2496 2798 2568 αίσχρολόγον,
2841 2497 3113 2553 πολιτικόν
3135 2513 3152 2530 ⁶
3191 2502 3287 2554 καὶ
3322 2501 3416 2554 τὸν
3461 2503 3647 2574 ﬁt):pr
3683 2504 3750 2555 καὶ

2221 2584 2454 2656 ὀργίλον,
2507 2587 2944 2660 ἀκαταφρόνητον
2995 2589 3348 2660 ὀνομάζουσι·
3396 2591 3490 2644 τὸν
3543 2593 3750 2661 φειδωλὲιι

2221 2676 2317 2729 καὶ
2359 2675 2748 2747 ἀκοινώνητον,
2797 2677 2873 2741 ὡς
2922 2679 3290 2750 οίκονομικὸν,
3337 2681 3641 2735 ἐπαινοῦσι·
3689 2683 3751 2734 τὶν

2225 2768 2462 2833 ἄσωτον,
2521 2770 2596 2833 ὡς
2643 2769 2982 2840 ἐλευθέριον·
3042 2771 3133 2824 τὸν
3190 2773 3386 2844 πόρνον
3435 2775 3535 2828 καὶ
3568 2775 3750 2842 ἀσελγῆ.
3808 2773 3810 2776 ’

2225 2860 2620 2916 ἀπολαυστικόν
2661 2878 2780 2915 τινα
2829 2862 2925 2915 καὶ
2967 2862 3274 2934 ἀνειμένον·
3317 2867 3414 2919 καὶ
3463 2867 3753 2931 emeras;

2227 2954 2406 3007 πᾶσαν
2438 2951 2633 3007 κακίαν
2660 2953 2724 3007 ὲκ
2752 2952 2853 3023 τῆς
2884 2953 3290 3026 παρακειμένης
3308 2955 3633 3029 (11)ἀρετῆς
3657 2961 3753 3011 ὐτο-

2228 3044 2549 3116 κορίζονται.
2583 3045 2645 3098 Οἱ
2677 3043 2905 3099 τοιοῦτοι
2954 3045 3030 3116 τῷ
3081 3046 3306 3117 στόματι
3355 3047 3460 3118 μὲν
3496 3050 3750 3117 εύλογοῦπμ

2231 3137 2371 3190 κατὰ
2401 3136 2491 3189 τὸν
2523 3135 2706 3203 Δαὸὶδ,
2737 3138 2802 3208 τῇ
2834 3135 2893 3190 δὲ
2928 3137 3125 3208 καρδία
3167 3138 3538 3209 καταρῶνται.
3578 3141 3654 3193 Ἐν
3674 3142 3751 3208 γὰρ

2229 3230 2297 3300 τῇ
2325 3227 2431 3281 τῶν
2464 3228 2719 3300 ῥημάτων
2751 3229 2991 3302 εὐφημίᾳ
3016 3232 3190 3284 πᾶσαν
3223 3230 3474 3301 κατάραν
3505 3233 3752 3300 ἐπάγωσιν

2232 3318 2409 3372 αὐτῶν
2441 3322 2506 3390 τῇ
2537 3318 2671 3391 ζωῇ,
2713 3319 2996 3384 ὑποδίκους
3045 3321 3236 3385 αὐτοὺς
3279 3324 3347 3392 τῇ
3388 3323 3585 3393 citavi;
3626 3341 3751 3376 x17:-

2232 3410 2409 3482 κρίσει
2444 3411 2510 3465 δι’
2541 3405 2616 3465 ὧν
2651 3412 2996 3483 ἀποδέχονται
3033 3412 3416 3478 καθιστῶντες.
3461 3416 3654 3487 Ὠσπερ
3686 3410 3752 3466 οὖν

2231 3505 2332 3558 οὐκ
2370 3503 2484 3558 εστι
2515 3504 2723 3559 δικαίου
2755 3505 2939 3578 κριτοῦ
2979 3507 3097 3570 ἴσας
3141 3507 3277 3578 πρὸς
3315 3506 3439 3571 ἴσας
3469 3509 3658 3580 ὁρίζειν
3679 3509 3750 3570 τέις

2234 3597 2549 3660 ἀντιδόσεις,
2577 3597 2692 3651 ἀλλ’
2722 3597 2932 3668 ἀνάγκη
2961 3596 3051 3652 τὸν
3085 3597 3429 3670 κατάρξαντα
3459 3600 3624 3653 κακοῦ
3648 3601 3752 3669 μετὰ

2235 3689 2550 3763 προσθήκης
2591 3690 2842 3744 ἀποτῖσαι
2887 3690 2955 3744 τὰ
2998 3691 3337 3762 ὀφειλόμενα,
3369 3694 3419 3745 εί
3466 3693 3639 3764 μέλλοι
3679 3693 3749 3743 αὖ·

2233 3781 2326 3844 τός
2348 3797 2407 3834 τε
2437 3779 2656 3852 βελτίων
2682 3784 2798 3845 ταῖς
2829 3781 3118 3854 τιμωρίαις
3147 3784 3491 3855 γενήσεσθαι,
3537 3788 3624 3839 καὶ
3659 3787 3751 3844 τοὺς

2235 3871 2454 3938 λοιποὺς
2517 3873 2981 3945 σωφρονεστέρους
3038 3878 3210 3928 ποιεῖν
3274 3875 3353 3948 τῷ
3409 3879 3745 3947 ὑποδείγματι·

2235 3967 2376 4021 οὓτω
2430 3967 2525 4021 κα)⁸
2574 3967 2605 4020 ὁ
2652 3966 2715 4022 τὸ
2762 3967 2926 4022 κακὸν
2967 3967 3024 4021 ὲν
3069 3971 3413 4041 προσχήματι
3459 3971 3551 4024 τοῦ
3588 3968 3745 4038 ἀγαθώ

2237 4057 2442 4122 ποιῶν,
2490 4057 2825 4122 διπλασίονος
2882 4059 3145 4130 τιμωρίας
3204 4061 3352 4114 ἐστὶν
3417 4063 3600 4128 ἄξιος,
3649 4061 3747 4113 διότι

2236 4151 2369 4204 αύτό
2398 4168 2458 4204 τε
2491 4151 2552 4205 τὸ
2577 4151 2677 4205 οὐκ
2715 4149 2914 4219 ἀγαθὸν
2943 4149 3248 4221 ἐργάζεται,
3281 4153 3376 4205 καὶ¹
3421 4154 3664 4225 κέχρηται
3690 4153 3746 4211 εἰς

2235 4240 2298 4295 τὸ
2324 4239 2538 4296 τελέσαι
2569 4242 2667 4314 τὴν
2699 4238 2986 4313 ἁμαρτίαν,
3011 4238 3085 4304 ὡς
3128 4239 3193 4294 ἂν
3229 4243 3372 4296 εἴποι
3403 4260 3508 4308 τις,
3540 4243 3611 4314 τῷ
3638 4239 3747 4310 καλῷ

2240 4349 2503 4405 συνεργῳ.

641 4412 804 4486 475
837 4415 888 4468 7.
942 4415 1016 4488 (7)
1047 4415 1356 4472 Cavendum
1388 4417 1553 4488 igitur
1594 4416 1712 4473 viro
1755 4417 2034 4490 prudenti,
2065 4435 2125 4476 ne

2309 4422 2360 4476 7.
2391 4422 2655 4477 Φευκτέον
2699 4419 2792 4478 οὖν
2833 4423 2912 4497 τῷ
2970 4423 3329 4496 σωφρονοῦντι
3361 4422 3423 4476 τὸ
3468 4421 3598 4492 πρὸς
3627 4418 3746 4482 δᾶξτθ

576 4504 644 4558 ad
675 4506 820 4576 vulgi
861 4507 1209 4562 rumusculos
1241 4507 1411 4572 vivat,
1449 4516 1503 4564 et
1531 4524 1594 4564 ea
1615 4517 1821 4580 spectet
1847 4525 1969 4580 qua:
1996 4511 2137 4564 mul-

576 4598 792 4652 titudini
826 4599 1152 4668 probantur;
1189 4614 1255 4654 ae
1282 4615 1390 4655 non
1419 4601 1598 4670 potius
1629 4610 1831 4656 rectam
1872 4602 2136 4656 rationem

579 4689 652 4742 ita
699 4689 825 4744 vita:
862 4689 1055 4745 ducem
1107 4691 1388 4756 instituat,
1439 4700 1501 4746 ut
1538 4693 1756 4750 etiamsi
1824 4693 2136 4748 hominibus

578 4781 831 4836 omnibus
862 4782 1346 4838 contradicendum
1380 4786 1472 4849 sit,
1501 4784 1715 4840 etiamsi
1746 4787 1884 4840 male
1911 4784 2138 4840 audien-

578 4871 729 4934 dum,
759 4886 823 4925 ac
855 4874 1156 4944 perieulum
1196 4875 1413 4931 honesti
1444 4889 1610 4932 causa
1655 4876 2037 4944 subeundum;
2069 4891 2134 4932 ex

2239 4512 2358 4586 ζῇν,
2393 4514 2487 4568 καὶ
2520 4514 2587 4569 τά
2612 4517 2722 4579 τοῖς
2749 4515 2958 4580 πολλοῖς
2997 4515 3252 4570 δοκοῦντα
3296 4515 3652 4584 περισκοπεῖν,
3678 4509 3744 4560 ul

2243 4604 2318 4676 μὴ
2365 4605 2456 4659 τὸν
2505 4604 2659 4678 όρθδν
2701 4605 2854 4676 λόγον
2896 4605 3140 4677 ἡγεμόνα
3195 4603 3462 4657 ποιεῖσθαι
3505 4601 3594 4654 τοῦ
3640 4599 3742 4668 βίον.

2239 4695 2380 4750 ὥστε
2421 4696 2521 4751 κᾶν
2565 4699 2725 4752 πᾶσιν
2759 4697 3055 4770 ἀνθρώποις
3088 4696 3406 4764 ἀντιλέγειν,
3439 4694 3538 4747 κᾶν
3581 4689 3745 4751 ἀδοξεῖν

2241 4788 2336 4842 καὶ
2362 4787 2684 4842 κινδυνεύειν
2709 4790 2845 4861 ὑπὲρ
2873 4788 2964 4842 τού
2998 4787 3160 4842 καλοῦ
3189 4787 3302 4858 δέῃ,
3331 4787 3492 4858 μηδὲν
3520 4781 3744 4854 αἱρεῖσθει

2239 4878 2348 4932 τῶν
2395 4879 2568 4951 ὀρθῶς
2617 4879 2970 4951 ἐγνωσμένων
3025 4881 3361 4948 παρακινεῖν.
3410 4876 3506 4930 Τὸν
3560 4875 3656 4946 γάρ
3690 4875 3743 4942 μὴ

654 5026 695 5057 "
717 5024 903 5080 Matth.
939 5044 991 5092 χ,
1025 5026 1110 5081 16.
1187 5029 1232 5060 ²⁰
1256 5027 1443 5084 Matth.
1471 5046 1568 5094 vn,
1601 5027 1688 5085 14.
1763 5030 1808 5062 ¹¹
1833 5029 2045 5089 Coloss.
2076 5047 2125 5087 ιιι

2225 5053 2240 5088 ε
2320 5032 2530 5089 "Psal.
2565 5050 2660 5102 cu,
2695 5035 2749 5092 5.
2822 5032 3034 5090 "Psal.
3067 5049 3179 5099 LXI,
3213 5034 3266 5089 5.

653 5182 726 5258 (l)
853 5194 1140 5258 comment.
1170 5185 1225 5238 in
1259 5184 1352 5258 [se
1378 5226 1394 5250 ,
1427 5186 1552 5241 578.

652 5253 728 5324 (2)
762 5254 836 5308 Ex
869 5257 1028 5324 epist.
1054 5271 1261 5315 ccxuv,
1293 5255 1416 5309 581.

654 5325 730 5394 (5)
765 5324 846 5394 7|ij
875 5329 1034 5394 epist.
1063 5341 1278 5389 ccxcm,
1313 5325 1434 5380 151.

653 5393 730 5463 (4)
763 5393 837 5464 Ιξχ
866 5393 1008 5447 hom.
1037 5398 1088 5448 in
1118 5394 1255 5464 psal.
1289 5412 1398 5457 LM,
1428 5395 1548 5452 195.

656 5464 731 5534 (5)
769 5462 843 5534 [3x
871 5467 1030 5534 epist.
1052 5462 1206 5528 chx,
1242 5465 1364 5520 596.

654 5533 732 5604 (θ)
768 5532 843 5604 Ex
872 5532 1031 5604 epist.
1069 5551 1188 5594 LIII.
1219 5537 1334 5593 M7.

656 5603 733 5678 (ἶ)
762 5603 836 5678 Ex
869 5603 1030 5660 serm.
1065 5605 1139 5678 De
1166 5607 1388 5676 legendis
1419 5606 1567 5661 libris
1592 5615 1729 5678 gent.
1751 5650 1766 5672 ,
1806 5606 1921 5662 185.

660 5671 736 5744 (8)
753 5671 1286 5743 Προσερχομένοῡς.
1331 5679 1421 5733 Sic
1457 5693 1557 5750 ope
1587 5671 1871 5733 contextus
1895 5676 2140 5734 emenda-

2247 5187 2420 5260 vimus
2441 5203 2665 5260 pravam
2691 5188 2973 5260 lectionem
3012 5188 3455 5260 προερχομένους.

2313 5258 2390 5328 (9)
2437 5257 2658 5324 Ἔντός.
2697 5259 2785 5312 Sic
2827 5257 3024 5328 Regius
3052 5257 3218 5314 codex
3245 5257 3296 5315 et
3319 5264 3614 5318 contextus,
3650 5265 3735 5306 me-

2241 5327 2346 5382 lius
2367 5343 2526 5398 quam
2556 5329 2682 5398 editi
2716 5330 2771 5380 ὲν
2799 5327 2928 5398 τοῖς.

2317 5396 2426 5468 (10)
2463 5398 2570 5452 Τοῦ
2601 5396 2789 5466 ἀέρος.
2822 5397 2946 5454 Haec
2989 5397 3170 5454 addita
3195 5414 3262 5454 ex
3289 5397 3451 5470 Regio
3492 5396 3666 5450 codice
3696 5397 3733 5444 et

2239 5477 2515 5524 contextu.

2311 5540 2419 5609 (11)
2445 5535 2900 5609 Παρακειμένης.
2944 5535 3034 5592 Sic
3062 5546 3343 5597 contextus
3372 5538 3528 5594 multo
3574 5533 3730 5592 melii!

2242 5607 2408 5679 quam
2438 5607 2821 5679 Metaphrastes
2849 5609 3229 5682 ὑποκειμένης.
