  <div class='ocr_page' id='page_1' title='image "/cluster/home/n/w/nwhite01/storage/ocr_20150623/32/hvd.32044020606729/574.png"; bbox 0 0 3904 6488; ppageno 0'>
   <div class='ocr_carea' id='block_1_1' title="bbox 164 360 270 420">
    <p class='ocr_par' dir='ltr' id='par_1_1' title="bbox 164 360 270 420">
     <span class='ocr_line' id='line_1_1' title="bbox 164 360 270 420; baseline -0.057 0"><span class='ocrx_word' id='word_1_1' title='bbox 164 360 270 420; x_wconf 71' lang='lat'><strong>“29</strong></span> 
     </span>
    </p>
   </div>
   <div class='ocr_carea' id='block_1_2' title="bbox 1089 333 2362 412">
    <p class='ocr_par' dir='ltr' id='par_1_2' title="bbox 1089 333 2362 412">
     <span class='ocr_line' id='line_1_2' title="bbox 1089 333 2362 412; baseline 0.001 -16"><span class='ocrx_word' id='word_1_2' title='bbox 1089 337 1322 396; x_wconf 73' lang='lat' dir='ltr'><strong>SERMO</strong></span> <span class='ocrx_word' id='word_1_3' title='bbox 1361 335 1404 389; x_wconf 91' lang='lat' dir='ltr'><strong>l.</strong></span> <span class='ocrx_word' id='word_1_4' title='bbox 1446 363 1512 375; x_wconf 91' lang='lat'><strong>—</strong></span> <span class='ocrx_word' id='word_1_5' title='bbox 1556 333 1644 388; x_wconf 83' lang='lat' dir='ltr'><strong>DE</strong></span> <span class='ocrx_word' id='word_1_6' title='bbox 1683 333 1994 394; x_wconf 69' lang='lat' dir='ltr'><strong>VIBTUTE</strong></span> <span class='ocrx_word' id='word_1_7' title='bbox 2031 337 2362 412; x_wconf 60' lang='grc' dir='ltr'><strong>ΕἸξΥΙἸΊΟ.</strong></span> 
     </span>
    </p>
   </div>
   <div class='ocr_carea' id='block_1_3' title="bbox 3220 358 3367 417">
    <p class='ocr_par' dir='ltr' id='par_1_3' title="bbox 3220 358 3367 417">
     <span class='ocr_line' id='line_1_3' title="bbox 3220 358 3367 417; baseline 0.041 -5"><span class='ocrx_word' id='word_1_8' title='bbox 3220 358 3367 417; x_wconf 73' lang='grc' dir='ltr'>ιιεο·</span> 
     </span>
    </p>
   </div>
   <div class='ocr_carea' id='block_1_4' title="bbox 155 456 1656 546">
    <p class='ocr_par' dir='ltr' id='par_1_4' title="bbox 155 456 1656 544">
     <span class='ocr_line' id='line_1_4' title="bbox 155 456 1656 544; baseline -0.014 -14"><span class='ocrx_word' id='word_1_9' title='bbox 155 484 295 541; x_wconf 73' lang='grc' dir='ltr'>οὕτως</span> <span class='ocrx_word' id='word_1_10' title='bbox 323 473 518 544; x_wconf 78' lang='grc' dir='ltr'>ἔχοντα,</span> <span class='ocrx_word' id='word_1_11' title='bbox 562 464 615 519; x_wconf 87' lang='grc' dir='ltr'><strong>τί</strong></span> <span class='ocrx_word' id='word_1_12' title='bbox 655 461 747 519; x_wconf 78' lang='grc' dir='ltr'>τοῦ</span> <span class='ocrx_word' id='word_1_13' title='bbox 786 463 1085 534; x_wconf 75' lang='grc' dir='ltr'>Αἰγυπτίου</span> <span class='ocrx_word' id='word_1_14' title='bbox 1134 456 1386 527; x_wconf 80' lang='grc' dir='ltr'><strong>σοφιστοῦ</strong></span> <span class='ocrx_word' id='word_1_15' title='bbox 1437 458 1656 529; x_wconf 76' lang='grc' dir='ltr'>φήσομε·</span> 
     </span>
    </p>
   </div>
   <div class='ocr_carea' id='block_1_5' title="bbox 1758 456 3349 546">
    <p class='ocr_par' dir='ltr' id='par_1_5' title="bbox 1786 457 3349 546">
     <span class='ocr_line' id='line_1_5' title="bbox 1786 457 3349 546; baseline 0.02 -36"><span class='ocrx_word' id='word_1_16' title='bbox 1786 457 1892 521; x_wconf 88' lang='lat' dir='ltr'><strong>his,</strong></span> <span class='ocrx_word' id='word_1_17' title='bbox 1926 474 2049 540; x_wconf 66' lang='lat' dir='ltr'><strong>quae</strong></span> <span class='ocrx_word' id='word_1_18' title='bbox 2078 471 2228 519; x_wconf 89' lang='lat' dir='ltr'><strong>recte</strong></span> <span class='ocrx_word' id='word_1_19' title='bbox 2256 472 2462 520; x_wconf 86' lang='lat' dir='ltr'><strong>statuta</strong></span> <span class='ocrx_word' id='word_1_20' title='bbox 2493 467 2676 532; x_wconf 80' lang='lat' dir='ltr'><strong>habet,</strong></span> <span class='ocrx_word' id='word_1_21' title='bbox 2710 467 2847 529; x_wconf 82' lang='lat' dir='ltr'><strong>nihil</strong></span> <span class='ocrx_word' id='word_1_22' title='bbox 2879 471 3108 546; x_wconf 81' lang='lat' dir='ltr'><strong>prcrsus</strong></span> <span class='ocrx_word' id='word_1_23' title='bbox 3138 495 3349 542; x_wconf 69' lang='lat' dir='ltr'><strong>movere</strong></span> 
     </span>
    </p>
   </div>
   <div class='ocr_carea' id='block_1_6' title="bbox 156 546 1679 629">
    <p class='ocr_par' dir='ltr' id='par_1_6' title="bbox 156 546 1679 629">
     <span class='ocr_line' id='line_1_6' title="bbox 156 546 1679 629; baseline -0.019 0"><span class='ocrx_word' id='word_1_24' title='bbox 156 565 439 629; x_wconf 77' lang='grc' dir='ltr'><strong>ἀπολείπειν,</strong></span> <span class='ocrx_word' id='word_1_25' title='bbox 464 557 521 620; x_wconf 85' lang='grc' dir='ltr'>ὃς</span> <span class='ocrx_word' id='word_1_26' title='bbox 543 554 709 625; x_wconf 75' lang='grc' dir='ltr'>φυτὸν</span> <span class='ocrx_word' id='word_1_27' title='bbox 740 553 953 624; x_wconf 76' lang='grc' dir='ltr'>ἐγένετο</span> <span class='ocrx_word' id='word_1_28' title='bbox 991 548 1088 601; x_wconf 72' lang='grc' dir='ltr'>καὶ</span> <span class='ocrx_word' id='word_1_29' title='bbox 1125 546 1333 620; x_wconf 87' lang='grc' dir='ltr'>Θηρίον,</span> <span class='ocrx_word' id='word_1_30' title='bbox 1367 548 1526 602; x_wconf 86' lang='grc' dir='ltr'>ὁπότε</span> <span class='ocrx_word' id='word_1_31' title='bbox 1556 547 1679 617; x_wconf 79' lang='grc' dir='ltr'><strong>βού-</strong></span> 
     </span>
    </p>
   </div>
   <div class='ocr_carea' id='block_1_7' title="bbox 156 641 1679 723">
    <p class='ocr_par' dir='ltr' id='par_1_7' title="bbox 156 641 1679 723">
     <span class='ocr_line' id='line_1_7' title="bbox 156 641 1679 723; baseline 0 -28"><span class='ocrx_word' id='word_1_32' title='bbox 156 668 285 723; x_wconf 54' lang='grc' dir='ltr'><strong>λοιτο,</strong></span> <span class='ocrx_word' id='word_1_33' title='bbox 310 655 393 716; x_wconf 63' lang='grc' dir='ltr'><strong>καὶ</strong></span> <span class='ocrx_word' id='word_1_34' title='bbox 428 650 531 722; x_wconf 85' lang='grc' dir='ltr'><strong>πῦρ</strong></span> <span class='ocrx_word' id='word_1_35' title='bbox 559 649 653 702; x_wconf 74' lang='grc' dir='ltr'>καὶ</span> <span class='ocrx_word' id='word_1_36' title='bbox 691 648 832 715; x_wconf 78' lang='grc' dir='ltr'>ὕδωρ</span> <span class='ocrx_word' id='word_1_37' title='bbox 858 641 952 697; x_wconf 71' lang='grc' dir='ltr'><strong>καὶ</strong></span> <span class='ocrx_word' id='word_1_38' title='bbox 996 642 1173 696; x_wconf 88' lang='grc' dir='ltr'>πάντα</span> <span class='ocrx_word' id='word_1_39' title='bbox 1205 642 1490 714; x_wconf 88' lang='grc' dir='ltr'>χρήματα·</span> <span class='ocrx_word' id='word_1_40' title='bbox 1521 643 1679 713; x_wconf 80' lang='grc' dir='ltr'>εἴπερ</span> 
     </span>
    </p>
   </div>
   <div class='ocr_carea' id='block_1_8' title="bbox 154 733 1678 828">
    <p class='ocr_par' dir='ltr' id='par_1_8' title="bbox 154 733 1678 828">
     <span class='ocr_line' id='line_1_8' title="bbox 154 733 1678 828; baseline -0.014 -20"><span class='ocrx_word' id='word_1_41' title='bbox 154 758 202 828; x_wconf 77' lang='grc' dir='ltr'>δὴ</span> <span class='ocrx_word' id='word_1_42' title='bbox 224 753 301 808; x_wconf 76' lang='grc' dir='ltr'>καὶ</span> <span class='ocrx_word' id='word_1_43' title='bbox 327 745 477 808; x_wconf 78' lang='grc' dir='ltr'>αὐτὸς</span> <span class='ocrx_word' id='word_1_44' title='bbox 519 743 614 796; x_wconf 84' lang='grc' dir='ltr'>νῦν</span> <span class='ocrx_word' id='word_1_45' title='bbox 653 738 754 809; x_wconf 86' lang='grc' dir='ltr'><strong>μὲν</strong></span> <span class='ocrx_word' id='word_1_46' title='bbox 805 737 865 790; x_wconf 87' lang='grc' dir='ltr'>τὸ</span> <span class='ocrx_word' id='word_1_47' title='bbox 907 736 1113 789; x_wconf 83' lang='grc' dir='ltr'>δίκαιον</span> <span class='ocrx_word' id='word_1_48' title='bbox 1145 735 1490 788; x_wconf 76' lang='grc' dir='ltr'>ἐπαινέσεται</span> <span class='ocrx_word' id='word_1_49' title='bbox 1529 733 1678 828; x_wconf 77' lang='grc' dir='ltr'>παρὰ</span> 
     </span>
    </p>
   </div>
   <div class='ocr_carea' id='block_1_9' title="bbox 153 823 1677 904">
    <p class='ocr_par' dir='ltr' id='par_1_9' title="bbox 153 823 1677 904">
     <span class='ocr_line' id='line_1_9' title="bbox 153 823 1677 904; baseline -0.007 -16"><span class='ocrx_word' id='word_1_50' title='bbox 153 823 241 904; x_wconf 49' lang='lat' dir='ltr'><strong>go};</strong></span> <span class='ocrx_word' id='word_1_51' title='bbox 260 837 398 892; x_wconf 75' lang='grc' dir='ltr'>τοῦτο</span> <span class='ocrx_word' id='word_1_52' title='bbox 416 828 614 898; x_wconf 84' lang='grc' dir='ltr'>τιμῶσι</span> <span class='ocrx_word' id='word_1_53' title='bbox 632 843 645 856; x_wconf 74' lang='grc'><strong><em>⁸</em></strong></span> <span class='ocrx_word' id='word_1_54' title='bbox 677 826 771 879; x_wconf 78' lang='grc' dir='ltr'>νῦν</span> <span class='ocrx_word' id='word_1_55' title='bbox 798 825 856 879; x_wconf 85' lang='grc' dir='ltr'>δὲ</span> <span class='ocrx_word' id='word_1_56' title='bbox 897 825 1020 888; x_wconf 88' lang='grc' dir='ltr'>τοὺς</span> <span class='ocrx_word' id='word_1_57' title='bbox 1057 824 1332 889; x_wconf 78' lang='grc' dir='ltr'><strong>ἐναντίους</strong></span> <span class='ocrx_word' id='word_1_58' title='bbox 1359 825 1559 896; x_wconf 80' lang='grc' dir='ltr'><strong>ἀφήσει</strong></span> <span class='ocrx_word' id='word_1_59' title='bbox 1589 823 1677 877; x_wconf 92' lang='grc' dir='ltr'>λό-</span> 
     </span>
    </p>
   </div>
   <div class='ocr_carea' id='block_1_10' title="bbox 151 917 1674 1004">
    <p class='ocr_par' dir='ltr' id='par_1_10' title="bbox 151 917 1674 1004">
     <span class='ocr_line' id='line_1_10' title="bbox 151 917 1674 1004; baseline -0.006 -25"><span class='ocrx_word' id='word_1_60' title='bbox 151 951 268 1004; x_wconf 78' lang='grc' dir='ltr'>γους,</span> <span class='ocrx_word' id='word_1_61' title='bbox 297 928 411 979; x_wconf 85' lang='grc' dir='ltr'>ὅταν</span> <span class='ocrx_word' id='word_1_62' title='bbox 444 919 538 991; x_wconf 83' lang='grc' dir='ltr'>τὴν</span> <span class='ocrx_word' id='word_1_63' title='bbox 563 918 773 972; x_wconf 91' lang='grc' dir='ltr'>ἀδικίαν</span> <span class='ocrx_word' id='word_1_64' title='bbox 803 917 1196 989; x_wconf 76' lang='grc' dir='ltr'><strong>εὐδοκιμοῦσαν</strong></span> <span class='ocrx_word' id='word_1_65' title='bbox 1237 917 1512 990; x_wconf 70' lang='grc' dir='ltr'>αἴσθηται.</span> <span class='ocrx_word' id='word_1_66' title='bbox 1539 919 1674 989; x_wconf 82' lang='grc' dir='ltr'>ὅπερ</span> 
     </span>
    </p>
   </div>
   <div class='ocr_carea' id='block_1_11' title="bbox 149 1009 1674 1090">
    <p class='ocr_par' dir='ltr' id='par_1_11' title="bbox 149 1009 1674 1090">
     <span class='ocr_line' id='line_1_11' title="bbox 149 1009 1674 1090; baseline -0.005 -19"><span class='ocrx_word' id='word_1_67' title='bbox 149 1027 272 1090; x_wconf 79' lang='grc' dir='ltr'>δίκην</span> <span class='ocrx_word' id='word_1_68' title='bbox 293 1012 480 1088; x_wconf 62' lang='lat' dir='ltr'><strong>(nam</strong></span> <span class='ocrx_word' id='word_1_69' title='bbox 497 1011 762 1074; x_wconf 85' lang='grc' dir='ltr'><strong>κολάκων,</strong></span> <span class='ocrx_word' id='word_1_70' title='bbox 795 1013 890 1064; x_wconf 71' lang='grc' dir='ltr'><strong>καὶ</strong></span> <span class='ocrx_word' id='word_1_71' title='bbox 914 1012 1012 1081; x_wconf 79' lang='grc' dir='ltr'><strong>τῆς</strong></span> <span class='ocrx_word' id='word_1_72' title='bbox 1052 1011 1363 1082; x_wconf 80' lang='grc' dir='ltr'>Ἀρχιλόχου</span> <span class='ocrx_word' id='word_1_73' title='bbox 1391 1009 1674 1075; x_wconf 83' lang='grc' dir='ltr'><strong>ἀλώπεκος</strong></span> 
     </span>
    </p>
   </div>
   <div class='ocr_carea' id='block_1_12' title="bbox 147 1100 1670 1182">
    <p class='ocr_par' dir='ltr' id='par_1_12' title="bbox 147 1100 1670 1182">
     <span class='ocr_line' id='line_1_12' title="bbox 147 1100 1670 1182; baseline -0.008 -16"><span class='ocrx_word' id='word_1_74' title='bbox 147 1114 193 1166; x_wconf 76' lang='grc' dir='ltr'>τὸ</span> <span class='ocrx_word' id='word_1_75' title='bbox 231 1106 490 1180; x_wconf 81' lang='grc' dir='ltr'>κερδαλέον</span> <span class='ocrx_word' id='word_1_76' title='bbox 533 1121 592 1157; x_wconf 90' lang='grc' dir='ltr'><strong>τε</strong></span> <span class='ocrx_word' id='word_1_77' title='bbox 636 1104 730 1157; x_wconf 75' lang='grc' dir='ltr'>καὶ</span> <span class='ocrx_word' id='word_1_78' title='bbox 781 1103 1020 1157; x_wconf 82' lang='grc' dir='ltr'>ποικίλον</span> <span class='ocrx_word' id='word_1_79' title='bbox 1069 1101 1299 1174; x_wconf 76' lang='grc' dir='ltr'>ζηλοῦνς</span> <span class='ocrx_word' id='word_1_80' title='bbox 1341 1103 1398 1156; x_wconf 85' lang='grc' dir='ltr'>Ὀ</span> <span class='ocrx_word' id='word_1_81' title='bbox 1435 1100 1533 1173; x_wconf 78' lang='grc' dir='ltr'><strong>μὲν</strong></span> <span class='ocrx_word' id='word_1_82' title='bbox 1564 1100 1670 1182; x_wconf 79' lang='grc' dir='ltr'>γὰρ</span> 
     </span>
    </p>
   </div>
   <div class='ocr_carea' id='block_1_13' title="bbox 147 1196 1668 1275">
    <p class='ocr_par' dir='ltr' id='par_1_13' title="bbox 147 1196 1668 1275">
     <span class='ocr_line' id='line_1_13' title="bbox 147 1196 1668 1275; baseline -0.003 -23"><span class='ocrx_word' id='word_1_83' title='bbox 147 1203 314 1275; x_wconf 76' lang='grc' dir='ltr'>ἀληθὴς</span> <span class='ocrx_word' id='word_1_84' title='bbox 353 1198 532 1266; x_wconf 88' lang='grc' dir='ltr'>λόγος,</span> <span class='ocrx_word' id='word_1_85' title='bbox 583 1198 674 1248; x_wconf 73' lang='grc' dir='ltr'>καὶ</span> <span class='ocrx_word' id='word_1_86' title='bbox 735 1196 841 1249; x_wconf 76' lang='grc' dir='ltr'>ἀπὸ</span> <span class='ocrx_word' id='word_1_87' title='bbox 891 1196 1077 1265; x_wconf 75' lang='grc' dir='ltr'>ὑγιοῦς</span> <span class='ocrx_word' id='word_1_88' title='bbox 1123 1196 1363 1260; x_wconf 80' lang='grc' dir='ltr'>διανοίας</span> <span class='ocrx_word' id='word_1_89' title='bbox 1426 1196 1668 1268; x_wconf 86' lang='grc' dir='ltr'>προῖὼν,</span> 
     </span>
    </p>
   </div>
   <div class='ocr_carea' id='block_1_14' title="bbox 143 1287 1670 1360">
    <p class='ocr_par' dir='ltr' id='par_1_14' title="bbox 143 1287 1670 1360">
     <span class='ocr_line' id='line_1_14' title="bbox 143 1287 1670 1360; baseline -0.006 -10"><span class='ocrx_word' id='word_1_90' title='bbox 143 1294 310 1357; x_wconf 76' lang='grc' dir='ltr'>ἁπλοῦς</span> <span class='ocrx_word' id='word_1_91' title='bbox 351 1293 457 1343; x_wconf 85' lang='grc' dir='ltr'>ἐστι</span> <span class='ocrx_word' id='word_1_92' title='bbox 512 1288 606 1342; x_wconf 70' lang='grc' dir='ltr'><strong>καὶ</strong></span> <span class='ocrx_word' id='word_1_93' title='bbox 661 1287 1014 1360; x_wconf 83' lang='grc' dir='ltr'>μονότροπος,</span> <span class='ocrx_word' id='word_1_94' title='bbox 1046 1287 1116 1341; x_wconf 80' lang='grc' dir='ltr'>τὰ</span> <span class='ocrx_word' id='word_1_95' title='bbox 1163 1288 1301 1342; x_wconf 84' lang='grc' dir='ltr'><strong>αὑτά</strong></span> <span class='ocrx_word' id='word_1_96' title='bbox 1335 1288 1510 1357; x_wconf 85' lang='grc' dir='ltr'>λέγων</span> <span class='ocrx_word' id='word_1_97' title='bbox 1544 1289 1670 1357; x_wconf 83' lang='grc' dir='ltr'>περὶ</span> 
     </span>
    </p>
   </div>
   <div class='ocr_carea' id='block_1_15' title="bbox 142 1378 1666 1450">
    <p class='ocr_par' dir='ltr' id='par_1_15' title="bbox 142 1378 1666 1450">
     <span class='ocr_line' id='line_1_15' title="bbox 142 1378 1666 1450; baseline -0.008 -5"><span class='ocrx_word' id='word_1_98' title='bbox 142 1391 226 1445; x_wconf 83' lang='grc' dir='ltr'><strong>τῶν</strong></span> <span class='ocrx_word' id='word_1_99' title='bbox 266 1382 425 1439; x_wconf 72' lang='grc' dir='ltr'>αὐτῶν</span> <span class='ocrx_word' id='word_1_100' title='bbox 468 1380 730 1433; x_wconf 82' lang='grc' dir='ltr'>πάντοτε·</span> <span class='ocrx_word' id='word_1_101' title='bbox 769 1381 798 1432; x_wconf 83' lang='grc' dir='ltr'>ὁ</span> <span class='ocrx_word' id='word_1_102' title='bbox 847 1381 905 1434; x_wconf 84' lang='grc' dir='ltr'><strong>δὲ</strong></span> <span class='ocrx_word' id='word_1_103' title='bbox 963 1380 1206 1442; x_wconf 87' lang='grc' dir='ltr'>ποικίλος</span> <span class='ocrx_word' id='word_1_104' title='bbox 1253 1379 1348 1432; x_wconf 76' lang='grc' dir='ltr'><strong>καὶ</strong></span> <span class='ocrx_word' id='word_1_105' title='bbox 1403 1378 1666 1450; x_wconf 79' lang='grc' dir='ltr'>ἔντεχνος,</span> 
     </span>
    </p>
   </div>
   <div class='ocr_carea' id='block_1_16' title="bbox 141 1471 1668 1542">
    <p class='ocr_par' dir='ltr' id='par_1_16' title="bbox 141 1471 1668 1542">
     <span class='ocr_line' id='line_1_16' title="bbox 141 1471 1668 1542; baseline -0.006 -8"><span class='ocrx_word' id='word_1_106' title='bbox 141 1482 246 1537; x_wconf 78' lang='grc' dir='ltr'>πολὺ</span> <span class='ocrx_word' id='word_1_107' title='bbox 281 1477 334 1530; x_wconf 80' lang='grc' dir='ltr'>τὸ</span> <span class='ocrx_word' id='word_1_108' title='bbox 370 1472 656 1527; x_wconf 81' lang='grc' dir='ltr'>ὲπὶπλοκον</span> <span class='ocrx_word' id='word_1_109' title='bbox 701 1472 795 1524; x_wconf 70' lang='grc' dir='ltr'><strong>καὶ</strong></span> <span class='ocrx_word' id='word_1_110' title='bbox 842 1471 1244 1540; x_wconf 81' lang='grc' dir='ltr'>ἐγκατάσκευον</span> <span class='ocrx_word' id='word_1_111' title='bbox 1288 1471 1446 1542; x_wconf 76' lang='grc' dir='ltr'>ἔχων,</span> <span class='ocrx_word' id='word_1_112' title='bbox 1501 1473 1668 1542; x_wconf 85' lang='grc' dir='ltr'>μυρία</span> 
     </span>
    </p>
   </div>
   <div class='ocr_carea' id='block_1_17' title="bbox 140 1563 1668 1638">
    <p class='ocr_par' dir='ltr' id='par_1_17' title="bbox 140 1563 1668 1638">
     <span class='ocr_line' id='line_1_17' title="bbox 140 1563 1668 1638; baseline -0.018 -9"><span class='ocrx_word' id='word_1_113' title='bbox 140 1564 644 1638; x_wconf 77' lang='grc' dir='ltr'>κατασχηματίζεται,</span> <span class='ocrx_word' id='word_1_114' title='bbox 694 1563 788 1616; x_wconf 73' lang='grc' dir='ltr'><strong>καὶ</strong></span> <span class='ocrx_word' id='word_1_115' title='bbox 848 1565 1135 1634; x_wconf 77' lang='grc' dir='ltr'>στρέφεται</span> <span class='ocrx_word' id='word_1_116' title='bbox 1175 1565 1414 1635; x_wconf 83' lang='grc' dir='ltr'>στροφὰς</span> <span class='ocrx_word' id='word_1_117' title='bbox 1457 1563 1668 1636; x_wconf 70' lang='grc' dir='ltr'><strong>ἀμυθή-</strong></span> 
     </span>
    </p>
   </div>
   <div class='ocr_carea' id='block_1_18' title="bbox 137 1654 1666 1729">
    <p class='ocr_par' dir='ltr' id='par_1_18' title="bbox 137 1654 1666 1729">
     <span class='ocr_line' id='line_1_18' title="bbox 137 1654 1666 1729; baseline -0.006 -12"><span class='ocrx_word' id='word_1_118' title='bbox 137 1681 249 1724; x_wconf 83' lang='grc' dir='ltr'>τους,</span> <span class='ocrx_word' id='word_1_119' title='bbox 279 1656 407 1728; x_wconf 78' lang='grc' dir='ltr'>πρὸς</span> <span class='ocrx_word' id='word_1_120' title='bbox 433 1655 494 1707; x_wconf 87' lang='grc' dir='ltr'>τὸ</span> <span class='ocrx_word' id='word_1_121' title='bbox 520 1654 627 1708; x_wconf 81' lang='grc' dir='ltr'><strong>τῶν</strong></span> <span class='ocrx_word' id='word_1_122' title='bbox 651 1655 1084 1725; x_wconf 80' lang='grc' dir='ltr'>ἐντυγχανόντων</span> <span class='ocrx_word' id='word_1_123' title='bbox 1126 1655 1358 1726; x_wconf 79' lang='grc' dir='ltr'>ἀρέσκον</span> <span class='ocrx_word' id='word_1_124' title='bbox 1387 1673 1666 1729; x_wconf 88' lang='grc' dir='ltr'>μεταμορ-</span> 
     </span>
    </p>
   </div>
   <div class='ocr_carea' id='block_1_19' title="bbox 138 1747 1665 1825">
    <p class='ocr_par' dir='ltr' id='par_1_19' title="bbox 138 1747 1665 1825">
     <span class='ocr_line' id='line_1_19' title="bbox 138 1747 1665 1825; baseline 0 -22"><span class='ocrx_word' id='word_1_125' title='bbox 138 1753 376 1825; x_wconf 73' lang='grc' dir='ltr'>φούμενος.</span> <span class='ocrx_word' id='word_1_126' title='bbox 401 1748 569 1800; x_wconf 85' lang='grc' dir='ltr'>Ὅταν</span> <span class='ocrx_word' id='word_1_127' title='bbox 609 1747 719 1819; x_wconf 75' lang='grc' dir='ltr'>γὰρ</span> <span class='ocrx_word' id='word_1_128' title='bbox 768 1747 940 1811; x_wconf 79' lang='grc' dir='ltr'>ἄλλως</span> <span class='ocrx_word' id='word_1_129' title='bbox 979 1748 1076 1818; x_wconf 85' lang='grc' dir='ltr'><strong>μὲν</strong></span> <span class='ocrx_word' id='word_1_130' title='bbox 1112 1749 1326 1818; x_wconf 83' lang='grc' dir='ltr'>φύσεως</span> <span class='ocrx_word' id='word_1_131' title='bbox 1360 1748 1459 1821; x_wconf 78' lang='grc' dir='ltr'><strong>ἔχῃ</strong></span> <span class='ocrx_word' id='word_1_132' title='bbox 1487 1749 1562 1819; x_wconf 70' lang='grc'><strong>(2)</strong></span> <span class='ocrx_word' id='word_1_133' title='bbox 1597 1749 1665 1804; x_wconf 83' lang='grc' dir='ltr'><strong>τά</strong></span> 
     </span>
    </p>
   </div>
   <div class='ocr_carea' id='block_1_20' title="bbox 1781 551 3348 648">
    <p class='ocr_par' dir='ltr' id='par_1_20' title="bbox 1781 551 3348 648">
     <span class='ocr_line' id='line_1_20' title="bbox 1781 551 3348 648; baseline 0.017 -44"><span class='ocrx_word' id='word_1_134' title='bbox 1781 551 1930 608; x_wconf 79' lang='lat' dir='ltr'><strong>velit.</strong></span> <span class='ocrx_word' id='word_1_135' title='bbox 1958 551 2094 607; x_wconf 81' lang='lat' dir='ltr'><strong>Nam</strong></span> <span class='ocrx_word' id='word_1_136' title='bbox 2130 555 2224 624; x_wconf 85' lang='lat' dir='ltr'><strong>qui</strong></span> <span class='ocrx_word' id='word_1_137' title='bbox 2257 573 2368 614; x_wconf 90' lang='lat' dir='ltr'><strong>non</strong></span> <span class='ocrx_word' id='word_1_138' title='bbox 2407 561 2482 614; x_wconf 87' lang='lat' dir='ltr'><strong>ita</strong></span> <span class='ocrx_word' id='word_1_139' title='bbox 2524 561 2751 622; x_wconf 75' lang='lat' dir='ltr'><strong>allectus</strong></span> <span class='ocrx_word' id='word_1_140' title='bbox 2780 576 2886 635; x_wconf 86' lang='lat' dir='ltr'><strong>est,</strong></span> <span class='ocrx_word' id='word_1_141' title='bbox 2927 585 3050 626; x_wconf 90' lang='lat' dir='ltr'><strong>eum</strong></span> <span class='ocrx_word' id='word_1_142' title='bbox 3083 573 3153 628; x_wconf 89' lang='lat' dir='ltr'><strong>ab</strong></span> <span class='ocrx_word' id='word_1_143' title='bbox 3183 574 3348 648; x_wconf 63' lang='lat' dir='ltr'><strong>Egy-</strong></span> 
     </span>
    </p>
   </div>
   <div class='ocr_carea' id='block_1_21' title="bbox 1779 643 3352 736">
    <p class='ocr_par' dir='ltr' id='par_1_21' title="bbox 1779 643 3352 736">
     <span class='ocr_line' id='line_1_21' title="bbox 1779 643 3352 736; baseline 0.019 -42"><span class='ocrx_word' id='word_1_144' title='bbox 1779 645 1892 712; x_wconf 86' lang='lat' dir='ltr'><strong>ptio</strong></span> <span class='ocrx_word' id='word_1_145' title='bbox 1933 643 2026 699; x_wconf 94' lang='lat' dir='ltr'><strong>illo</strong></span> <span class='ocrx_word' id='word_1_146' title='bbox 2064 647 2308 717; x_wconf 80' lang='lat' dir='ltr'><strong>sophista</strong></span> <span class='ocrx_word' id='word_1_147' title='bbox 2341 651 2470 720; x_wconf 88' lang='lat' dir='ltr'><strong>quid</strong></span> <span class='ocrx_word' id='word_1_148' title='bbox 2508 651 2727 712; x_wconf 74' lang='lat' dir='ltr'><strong>differre</strong></span> <span class='ocrx_word' id='word_1_149' title='bbox 2761 659 3030 728; x_wconf 87' lang='lat' dir='ltr'><strong>dicemus,</strong></span> <span class='ocrx_word' id='word_1_150' title='bbox 3081 665 3196 736; x_wconf 87' lang='lat' dir='ltr'><strong>qui,</strong></span> <span class='ocrx_word' id='word_1_151' title='bbox 3227 643 3352 723; x_wconf 71' lang='lat' dir='ltr'><strong>cum</strong></span> 
     </span>
    </p>
   </div>
   <div class='ocr_carea' id='block_1_22' title="bbox 1778 737 3352 828">
    <p class='ocr_par' dir='ltr' id='par_1_22' title="bbox 1778 737 3352 828">
     <span class='ocr_line' id='line_1_22' title="bbox 1778 737 3352 828; baseline 0.018 -43"><span class='ocrx_word' id='word_1_152' title='bbox 1778 737 1958 800; x_wconf 77' lang='lat' dir='ltr'><strong>vellet,</strong></span> <span class='ocrx_word' id='word_1_153' title='bbox 1995 738 2176 807; x_wconf 83' lang='lat' dir='ltr'><strong>planta</strong></span> <span class='ocrx_word' id='word_1_154' title='bbox 2209 741 2372 796; x_wconf 76' lang='lat' dir='ltr'><strong>fiebat</strong></span> <span class='ocrx_word' id='word_1_155' title='bbox 2418 753 2473 799; x_wconf 92' lang='lat' dir='ltr'><strong>et</strong></span> <span class='ocrx_word' id='word_1_156' title='bbox 2505 745 2704 809; x_wconf 79' lang='lat' dir='ltr'><strong>bestia,</strong></span> <span class='ocrx_word' id='word_1_157' title='bbox 2735 760 2788 804; x_wconf 89' lang='lat' dir='ltr'><strong>et</strong></span> <span class='ocrx_word' id='word_1_158' title='bbox 2819 751 2984 822; x_wconf 84' lang='lat' dir='ltr'><strong>ignis,</strong></span> <span class='ocrx_word' id='word_1_159' title='bbox 3013 765 3067 810; x_wconf 90' lang='lat' dir='ltr'><strong>et</strong></span> <span class='ocrx_word' id='word_1_160' title='bbox 3097 773 3260 828; x_wconf 87' lang='lat' dir='ltr'><strong>aqua,</strong></span> <span class='ocrx_word' id='word_1_161' title='bbox 3300 775 3352 815; x_wconf 83' lang='lat' dir='ltr'><strong>et</strong></span> 
     </span>
    </p>
   </div>
   <div class='ocr_carea' id='block_1_23' title="bbox 1775 831 3348 918">
    <p class='ocr_par' dir='ltr' id='par_1_23' title="bbox 1775 831 3348 918">
     <span class='ocr_line' id='line_1_23' title="bbox 1775 831 3348 918; baseline 0.017 -39"><span class='ocrx_word' id='word_1_162' title='bbox 1775 841 1867 881; x_wconf 85' lang='lat' dir='ltr'><strong>res</strong></span> <span class='ocrx_word' id='word_1_163' title='bbox 1914 831 2139 885; x_wconf 89' lang='lat' dir='ltr'><strong>omnes?</strong></span> <span class='ocrx_word' id='word_1_164' title='bbox 2186 831 2320 888; x_wconf 88' lang='lat' dir='ltr'><strong>Nam</strong></span> <span class='ocrx_word' id='word_1_165' title='bbox 2363 845 2417 890; x_wconf 90' lang='lat' dir='ltr'><strong>et</strong></span> <span class='ocrx_word' id='word_1_166' title='bbox 2456 837 2575 908; x_wconf 88' lang='lat' dir='ltr'><strong>ipse</strong></span> <span class='ocrx_word' id='word_1_167' title='bbox 2618 841 2781 896; x_wconf 90' lang='lat' dir='ltr'><strong>modo</strong></span> <span class='ocrx_word' id='word_1_168' title='bbox 2815 845 3031 913; x_wconf 81' lang='lat' dir='ltr'><strong>quidem</strong></span> <span class='ocrx_word' id='word_1_169' title='bbox 3079 848 3348 918; x_wconf 72' lang='lat' dir='ltr'><strong>justitiam</strong></span> 
     </span>
    </p>
   </div>
   <div class='ocr_carea' id='block_1_24' title="bbox 1776 917 3349 1001">
    <p class='ocr_par' dir='ltr' id='par_1_24' title="bbox 1776 917 3349 1001">
     <span class='ocr_line' id='line_1_24' title="bbox 1776 917 3349 1001; baseline 0.02 -31"><span class='ocrx_word' id='word_1_170' title='bbox 1776 917 2021 974; x_wconf 83' lang='lat' dir='ltr'><strong>laudabit</strong></span> <span class='ocrx_word' id='word_1_171' title='bbox 2089 925 2231 992; x_wconf 85' lang='lat' dir='ltr'><strong>apud</strong></span> <span class='ocrx_word' id='word_1_172' title='bbox 2290 942 2386 982; x_wconf 89' lang='lat' dir='ltr'><strong>eos</strong></span> <span class='ocrx_word' id='word_1_173' title='bbox 2434 930 2527 999; x_wconf 88' lang='lat' dir='ltr'><strong>qui</strong></span> <span class='ocrx_word' id='word_1_174' title='bbox 2585 947 2704 987; x_wconf 90' lang='lat' dir='ltr'><strong>eam</strong></span> <span class='ocrx_word' id='word_1_175' title='bbox 2751 938 2978 994; x_wconf 89' lang='lat' dir='ltr'><strong>colunt:</strong></span> <span class='ocrx_word' id='word_1_176' title='bbox 3018 944 3180 999; x_wconf 89' lang='lat' dir='ltr'><strong>modo</strong></span> <span class='ocrx_word' id='word_1_177' title='bbox 3223 961 3349 1001; x_wconf 82' lang='lat' dir='ltr'><strong>vero</strong></span> 
     </span>
    </p>
   </div>
   <div class='ocr_carea' id='block_1_25' title="bbox 1774 1012 3348 1105">
    <p class='ocr_par' dir='ltr' id='par_1_25' title="bbox 1774 1012 3348 1105">
     <span class='ocr_line' id='line_1_25' title="bbox 1774 1012 3348 1105; baseline 0.019 -44"><span class='ocrx_word' id='word_1_178' title='bbox 1774 1012 2089 1068; x_wconf 88' lang='lat' dir='ltr'><strong>contrarios</strong></span> <span class='ocrx_word' id='word_1_179' title='bbox 2126 1015 2346 1072; x_wconf 83' lang='lat' dir='ltr'><strong>habebit</strong></span> <span class='ocrx_word' id='word_1_180' title='bbox 2391 1034 2695 1087; x_wconf 84' lang='lat' dir='ltr'><strong>sermones,</strong></span> <span class='ocrx_word' id='word_1_181' title='bbox 2729 1026 2821 1079; x_wconf 86' lang='lat' dir='ltr'><strong>ubi</strong></span> <span class='ocrx_word' id='word_1_182' title='bbox 2852 1027 3178 1099; x_wconf 88' lang='lat' dir='ltr'><strong>injustitiam</strong></span> <span class='ocrx_word' id='word_1_183' title='bbox 3226 1051 3348 1105; x_wconf 83' lang='lat' dir='ltr'><strong>pro-</strong></span> 
     </span>
    </p>
   </div>
   <div class='ocr_carea' id='block_1_26' title="bbox 1773 1100 3346 1187">
    <p class='ocr_par' dir='ltr' id='par_1_26' title="bbox 1773 1100 3346 1187">
     <span class='ocr_line' id='line_1_26' title="bbox 1773 1100 3346 1187; baseline 0.019 -32"><span class='ocrx_word' id='word_1_184' title='bbox 1773 1100 1892 1155; x_wconf 88' lang='lat' dir='ltr'><strong>bari</strong></span> <span class='ocrx_word' id='word_1_185' title='bbox 1929 1104 2375 1164; x_wconf 84' lang='lat' dir='ltr'><strong>animadverterit</strong></span> <span class='ocrx_word' id='word_1_186' title='bbox 2412 1129 2424 1164; x_wconf 89' lang='lat'>:</span> <span class='ocrx_word' id='word_1_187' title='bbox 2459 1115 2605 1183; x_wconf 91' lang='lat' dir='ltr'><strong>quod</strong></span> <span class='ocrx_word' id='word_1_188' title='bbox 2642 1118 2862 1187; x_wconf 80' lang='lat' dir='ltr'><strong>quidem</strong></span> <span class='ocrx_word' id='word_1_189' title='bbox 2910 1133 2995 1178; x_wconf 90' lang='lat' dir='ltr'><strong>est</strong></span> <span class='ocrx_word' id='word_1_190' title='bbox 3034 1100 3346 1185; x_wconf 76' lang='lat' dir='ltr'><strong>adulatores</strong></span> 
     </span>
    </p>
   </div>
   <div class='ocr_carea' id='block_1_27' title="bbox 1773 1193 3347 1281">
    <p class='ocr_par' dir='ltr' id='par_1_27' title="bbox 1773 1193 3347 1281">
     <span class='ocr_line' id='line_1_27' title="bbox 1773 1193 3347 1281; baseline 0.02 -34"><span class='ocrx_word' id='word_1_191' title='bbox 1773 1193 1998 1262; x_wconf 90' lang='lat' dir='ltr'><strong>imitari,</strong></span> <span class='ocrx_word' id='word_1_192' title='bbox 2032 1198 2107 1269; x_wconf 68' lang='grc'>(4)</span> <span class='ocrx_word' id='word_1_193' title='bbox 2161 1209 2214 1254; x_wconf 88' lang='lat' dir='ltr'><strong>et</strong></span> <span class='ocrx_word' id='word_1_194' title='bbox 2243 1202 2558 1261; x_wconf 83' lang='lat' dir='ltr'><strong>Archilochi</strong></span> <span class='ocrx_word' id='word_1_195' title='bbox 2595 1211 2896 1281; x_wconf 68' lang='lat' dir='ltr'><strong>vulpecula:</strong></span> <span class='ocrx_word' id='word_1_196' title='bbox 2935 1220 3191 1273; x_wconf 87' lang='lat' dir='ltr'><strong>astutiam</strong></span> <span class='ocrx_word' id='word_1_197' title='bbox 3224 1239 3347 1277; x_wconf 87' lang='lat' dir='ltr'><strong>ver-</strong></span> 
     </span>
    </p>
   </div>
   <div class='ocr_carea' id='block_1_28' title="bbox 1772 1287 3417 1395">
    <p class='ocr_par' dir='ltr' id='par_1_28' title="bbox 1772 1287 3417 1395">
     <span class='ocr_line' id='line_1_28' title="bbox 1772 1287 3417 1395; baseline 0.019 -58"><span class='ocrx_word' id='word_1_198' title='bbox 1772 1287 2086 1359; x_wconf 89' lang='lat' dir='ltr'><strong>sutiamque</strong></span> <span class='ocrx_word' id='word_1_199' title='bbox 2122 1294 2390 1351; x_wconf 61' lang='lat' dir='ltr'><strong>aemulari.</strong></span> <span class='ocrx_word' id='word_1_200' title='bbox 2439 1296 2514 1369; x_wconf 82' lang='lat'><strong>(5)</strong></span> <span class='ocrx_word' id='word_1_201' title='bbox 2550 1298 2742 1357; x_wconf 89' lang='lat' dir='ltr'><strong>Sermo</strong></span> <span class='ocrx_word' id='word_1_202' title='bbox 2775 1306 2994 1374; x_wconf 87' lang='lat' dir='ltr'><strong>quidem</strong></span> <span class='ocrx_word' id='word_1_203' title='bbox 3037 1325 3200 1366; x_wconf 86' lang='lat' dir='ltr'><strong>verus</strong></span> <span class='ocrx_word' id='word_1_204' title='bbox 3230 1323 3279 1367; x_wconf 89' lang='lat' dir='ltr'><strong>et</strong></span> <span class='ocrx_word' id='word_1_205' title='bbox 3313 1329 3342 1367; x_wconf 93' lang='lat' dir='ltr'><strong>a</strong></span> <span class='ocrx_word' id='word_1_206' title='bbox 3413 1389 3417 1395; x_wconf 19' lang='grc' dir='ltr'><strong>η</strong></span> 
     </span>
    </p>
   </div>
   <div class='ocr_carea' id='block_1_29' title="bbox 1771 1386 3344 1475">
    <p class='ocr_par' dir='ltr' id='par_1_29' title="bbox 1771 1386 3344 1475">
     <span class='ocr_line' id='line_1_29' title="bbox 1771 1386 3344 1475; baseline 0.017 -42"><span class='ocrx_word' id='word_1_207' title='bbox 1771 1393 1904 1433; x_wconf 90' lang='lat' dir='ltr'><strong>sana</strong></span> <span class='ocrx_word' id='word_1_208' title='bbox 1936 1390 2118 1438; x_wconf 85' lang='lat' dir='ltr'><strong>mente</strong></span> <span class='ocrx_word' id='word_1_209' title='bbox 2143 1386 2520 1455; x_wconf 89' lang='lat' dir='ltr'><strong>proficiscens,</strong></span> <span class='ocrx_word' id='word_1_210' title='bbox 2555 1393 2782 1464; x_wconf 83' lang='lat' dir='ltr'><strong>simplex</strong></span> <span class='ocrx_word' id='word_1_211' title='bbox 2814 1408 2896 1455; x_wconf 91' lang='lat' dir='ltr'><strong>est</strong></span> <span class='ocrx_word' id='word_1_212' title='bbox 2921 1408 2975 1454; x_wconf 90' lang='lat' dir='ltr'><strong>et</strong></span> <span class='ocrx_word' id='word_1_213' title='bbox 3004 1403 3168 1458; x_wconf 91' lang='lat' dir='ltr'><strong>unius</strong></span> <span class='ocrx_word' id='word_1_214' title='bbox 3197 1407 3344 1475; x_wconf 84' lang='lat' dir='ltr'><strong>ejus-</strong></span> 
     </span>
    </p>
   </div>
   <div class='ocr_carea' id='block_1_30' title="bbox 1769 1467 3343 1564">
    <p class='ocr_par' dir='ltr' id='par_1_30' title="bbox 1769 1467 3343 1564">
     <span class='ocr_line' id='line_1_30' title="bbox 1769 1467 3343 1564; baseline 0.02 -44"><span class='ocrx_word' id='word_1_215' title='bbox 1769 1467 2003 1540; x_wconf 85' lang='lat' dir='ltr'><strong>demque</strong></span> <span class='ocrx_word' id='word_1_216' title='bbox 2053 1473 2304 1542; x_wconf 89' lang='lat' dir='ltr'><strong>rationis,</strong></span> <span class='ocrx_word' id='word_1_217' title='bbox 2355 1480 2545 1536; x_wconf 89' lang='lat' dir='ltr'><strong>eadem</strong></span> <span class='ocrx_word' id='word_1_218' title='bbox 2594 1483 2662 1538; x_wconf 92' lang='lat' dir='ltr'><strong>de</strong></span> <span class='ocrx_word' id='word_1_219' title='bbox 2707 1486 2899 1544; x_wconf 83' lang='lat' dir='ltr'><strong>iisdem</strong></span> <span class='ocrx_word' id='word_1_220' title='bbox 2940 1506 3154 1564; x_wconf 88' lang='lat' dir='ltr'><strong>semper</strong></span> <span class='ocrx_word' id='word_1_221' title='bbox 3203 1497 3343 1550; x_wconf 82' lang='lat' dir='ltr'><strong>allir-</strong></span> 
     </span>
    </p>
   </div>
   <div class='ocr_carea' id='block_1_31' title="bbox 1770 1566 3338 1646">
    <p class='ocr_par' dir='ltr' id='par_1_31' title="bbox 1770 1566 3338 1646">
     <span class='ocr_line' id='line_1_31' title="bbox 1770 1566 3338 1646; baseline 0.021 -34"><span class='ocrx_word' id='word_1_222' title='bbox 1770 1576 1928 1616; x_wconf 89' lang='lat' dir='ltr'><strong>mans</strong></span> <span class='ocrx_word' id='word_1_223' title='bbox 1969 1578 1982 1613; x_wconf 91' lang='lat'><strong>:</strong></span> <span class='ocrx_word' id='word_1_224' title='bbox 2024 1566 2210 1622; x_wconf 86' lang='lat' dir='ltr'><strong>varius</strong></span> <span class='ocrx_word' id='word_1_225' title='bbox 2252 1585 2383 1625; x_wconf 87' lang='lat' dir='ltr'><strong>vero</strong></span> <span class='ocrx_word' id='word_1_226' title='bbox 2431 1582 2485 1628; x_wconf 87' lang='lat' dir='ltr'><strong>et</strong></span> <span class='ocrx_word' id='word_1_227' title='bbox 2520 1576 2889 1646; x_wconf 85' lang='lat' dir='ltr'><strong>artiﬁciosus,</strong></span> <span class='ocrx_word' id='word_1_228' title='bbox 2934 1599 3058 1639; x_wconf 84' lang='lat' dir='ltr'><strong>cum</strong></span> <span class='ocrx_word' id='word_1_229' title='bbox 3108 1590 3338 1645; x_wconf 87' lang='lat' dir='ltr'><strong>multum</strong></span> 
     </span>
    </p>
   </div>
   <div class='ocr_carea' id='block_1_32' title="bbox 1773 1651 3339 1740">
    <p class='ocr_par' dir='ltr' id='par_1_32' title="bbox 1773 1651 3339 1740">
     <span class='ocr_line' id='line_1_32' title="bbox 1773 1651 3339 1740; baseline 0.023 -36"><span class='ocrx_word' id='word_1_230' title='bbox 1773 1651 2044 1724; x_wconf 77' lang='lat' dir='ltr'><strong>implexus</strong></span> <span class='ocrx_word' id='word_1_231' title='bbox 2089 1657 2162 1711; x_wconf 87' lang='lat' dir='ltr'><strong>sit</strong></span> <span class='ocrx_word' id='word_1_232' title='bbox 2209 1667 2264 1715; x_wconf 90' lang='lat' dir='ltr'><strong>et</strong></span> <span class='ocrx_word' id='word_1_233' title='bbox 2333 1677 2705 1738; x_wconf 71' lang='lat' dir='ltr'><strong>praeparatus,</strong></span> <span class='ocrx_word' id='word_1_234' title='bbox 2770 1687 3057 1735; x_wconf 80' lang='lat' dir='ltr'><strong>sexcentas</strong></span> <span class='ocrx_word' id='word_1_235' title='bbox 3132 1681 3339 1740; x_wconf 83' lang='lat' dir='ltr'><strong>formas</strong></span> 
     </span>
    </p>
   </div>
   <div class='ocr_carea' id='block_1_33' title="bbox 1769 1747 3341 1837">
    <p class='ocr_par' dir='ltr' id='par_1_33' title="bbox 1769 1747 3341 1837">
     <span class='ocr_line' id='line_1_33' title="bbox 1769 1747 3341 1837; baseline 0.022 -38"><span class='ocrx_word' id='word_1_236' title='bbox 1769 1747 2022 1814; x_wconf 83' lang='lat' dir='ltr'><strong>assumit,</strong></span> <span class='ocrx_word' id='word_1_237' title='bbox 2069 1765 2236 1822; x_wconf 90' lang='lat' dir='ltr'><strong>seque</strong></span> <span class='ocrx_word' id='word_1_238' title='bbox 2295 1757 2362 1810; x_wconf 89' lang='lat' dir='ltr'><strong>ad</strong></span> <span class='ocrx_word' id='word_1_239' title='bbox 2407 1761 2634 1828; x_wconf 77' lang='lat' dir='ltr'><strong>gratiam</strong></span> <span class='ocrx_word' id='word_1_240' title='bbox 2675 1765 3100 1837; x_wconf 87' lang='lat' dir='ltr'><strong>colloquentium</strong></span> <span class='ocrx_word' id='word_1_241' title='bbox 3148 1781 3341 1832; x_wconf 70' lang='lat' dir='ltr'><strong>conc-i-</strong></span> 
     </span>
    </p>
   </div>
   <div class='ocr_carea' id='block_1_34' title="bbox 134 1835 1656 1928">
    <p class='ocr_par' dir='ltr' id='par_1_34' title="bbox 134 1837 1656 1915">
     <span class='ocr_line' id='line_1_34' title="bbox 134 1837 1656 1915; baseline -0.003 -17"><span class='ocrx_word' id='word_1_242' title='bbox 134 1845 406 1915; x_wconf 80' lang='grc' dir='ltr'>πράγματα,</span> <span class='ocrx_word' id='word_1_243' title='bbox 435 1837 612 1902; x_wconf 81' lang='grc' dir='ltr'>ἄλλως</span> <span class='ocrx_word' id='word_1_244' title='bbox 651 1837 696 1890; x_wconf 78' lang='grc' dir='ltr'>δ’</span> <span class='ocrx_word' id='word_1_245' title='bbox 733 1839 781 1891; x_wconf 78' lang='grc' dir='ltr'>οἱ</span> <span class='ocrx_word' id='word_1_246' title='bbox 806 1837 950 1907; x_wconf 88' lang='grc' dir='ltr'>λόγοι</span> <span class='ocrx_word' id='word_1_247' title='bbox 989 1839 1118 1908; x_wconf 78' lang='grc' dir='ltr'>περὶ</span> <span class='ocrx_word' id='word_1_248' title='bbox 1143 1837 1322 1892; x_wconf 82' lang='grc' dir='ltr'>αὐτῶν</span> <span class='ocrx_word' id='word_1_249' title='bbox 1361 1839 1656 1894; x_wconf 82' lang='grc' dir='ltr'>ἀναπείθω-</span> 
     </span>
    </p>
   </div>
   <div class='ocr_carea' id='block_1_35' title="bbox 1758 1835 3338 1928">
    <p class='ocr_par' dir='ltr' id='par_1_35' title="bbox 1768 1835 3338 1928">
     <span class='ocr_line' id='line_1_35' title="bbox 1768 1835 3338 1928; baseline 0.024 -40"><span class='ocrx_word' id='word_1_250' title='bbox 1768 1835 2006 1890; x_wconf 88' lang='lat' dir='ltr'><strong>liandam</strong></span> <span class='ocrx_word' id='word_1_251' title='bbox 2074 1842 2511 1913; x_wconf 86' lang='lat' dir='ltr'><strong>transformaus,</strong></span> <span class='ocrx_word' id='word_1_252' title='bbox 2574 1851 2631 1906; x_wconf 90' lang='lat' dir='ltr'><strong>in</strong></span> <span class='ocrx_word' id='word_1_253' title='bbox 2684 1859 2959 1914; x_wconf 77' lang='lat' dir='ltr'><strong>versutias</strong></span> <span class='ocrx_word' id='word_1_254' title='bbox 3022 1862 3338 1928; x_wconf 88' lang='lat' dir='ltr'><strong>innumeras</strong></span> 
     </span>
    </p>
   </div>
   <div class='ocr_carea' id='block_1_36' title="bbox 134 1930 1664 2008">
    <p class='ocr_par' dir='ltr' id='par_1_36' title="bbox 134 1930 1664 2008">
     <span class='ocr_line' id='line_1_36' title="bbox 134 1930 1664 2008; baseline -0.005 -14"><span class='ocrx_word' id='word_1_255' title='bbox 134 1958 191 2001; x_wconf 83' lang='grc' dir='ltr'><strong>σι,</strong></span> <span class='ocrx_word' id='word_1_256' title='bbox 216 1936 395 2008; x_wconf 85' lang='grc' dir='ltr'>στροφή</span> <span class='ocrx_word' id='word_1_257' title='bbox 423 1932 505 1994; x_wconf 84' lang='grc' dir='ltr'><strong>τίς</strong></span> <span class='ocrx_word' id='word_1_258' title='bbox 542 1933 678 1997; x_wconf 82' lang='grc' dir='ltr'>ἐστι,</span> <span class='ocrx_word' id='word_1_259' title='bbox 715 1930 915 2002; x_wconf 81' lang='grc' dir='ltr'>μᾶλλον</span> <span class='ocrx_word' id='word_1_260' title='bbox 961 1932 1018 1985; x_wconf 87' lang='grc' dir='ltr'>δὲ</span> <span class='ocrx_word' id='word_1_261' title='bbox 1060 1933 1376 2005; x_wconf 81' lang='grc' dir='ltr'>διαστροφὴ,</span> <span class='ocrx_word' id='word_1_262' title='bbox 1421 1934 1528 1987; x_wconf 82' lang='grc' dir='ltr'><strong>ὑπὸ</strong></span> <span class='ocrx_word' id='word_1_263' title='bbox 1571 1934 1664 1988; x_wconf 80' lang='grc' dir='ltr'>τοῦ</span> 
     </span>
    </p>
   </div>
   <div class='ocr_carea' id='block_1_37' title="bbox 131 2024 1665 2100">
    <p class='ocr_par' dir='ltr' id='par_1_37' title="bbox 131 2024 1665 2100">
     <span class='ocr_line' id='line_1_37' title="bbox 131 2024 1665 2100; baseline -0.004 -14"><span class='ocrx_word' id='word_1_264' title='bbox 131 2033 256 2100; x_wconf 82' lang='grc' dir='ltr'>λόγου</span> <span class='ocrx_word' id='word_1_265' title='bbox 301 2027 422 2097; x_wconf 59' lang='grc' dir='ltr'><strong>’περὶ</strong></span> <span class='ocrx_word' id='word_1_266' title='bbox 469 2025 571 2095; x_wconf 81' lang='grc' dir='ltr'>τὴν</span> <span class='ocrx_word' id='word_1_267' title='bbox 618 2024 870 2096; x_wconf 84' lang='grc' dir='ltr'>ἀλήθειαν</span> <span class='ocrx_word' id='word_1_268' title='bbox 919 2025 1197 2097; x_wconf 79' lang='grc' dir='ltr'>γινομένη.</span> <span class='ocrx_word' id='word_1_269' title='bbox 1260 2027 1370 2080; x_wconf 74' lang='lat' dir='ltr'><strong>Kal.</strong></span> <span class='ocrx_word' id='word_1_270' title='bbox 1415 2027 1443 2079; x_wconf 84' lang='grc' dir='ltr'>ὁ</span> <span class='ocrx_word' id='word_1_271' title='bbox 1492 2026 1665 2091; x_wconf 88' lang='grc' dir='ltr'>ἄλλως</span> 
     </span>
    </p>
   </div>
   <div class='ocr_carea' id='block_1_38' title="bbox 134 2114 1664 2197">
    <p class='ocr_par' dir='ltr' id='par_1_38' title="bbox 134 2114 1664 2197">
     <span class='ocr_line' id='line_1_38' title="bbox 134 2114 1664 2197; baseline -0.003 -21"><span class='ocrx_word' id='word_1_272' title='bbox 134 2124 209 2197; x_wconf 83' lang='grc' dir='ltr'><strong>μὲν</strong></span> <span class='ocrx_word' id='word_1_273' title='bbox 241 2119 566 2192; x_wconf 78' lang='grc' dir='ltr'>φαινόμενος,</span> <span class='ocrx_word' id='word_1_274' title='bbox 596 2114 772 2179; x_wconf 75' lang='grc' dir='ltr'>ἄλλως</span> <span class='ocrx_word' id='word_1_275' title='bbox 811 2115 866 2168; x_wconf 87' lang='grc' dir='ltr'>δὲ</span> <span class='ocrx_word' id='word_1_276' title='bbox 909 2115 986 2170; x_wconf 83' lang='grc' dir='ltr'><strong>ὢν</strong></span> <span class='ocrx_word' id='word_1_277' title='bbox 1026 2116 1167 2170; x_wconf 87' lang='grc' dir='ltr'><strong>κατά</strong></span> <span class='ocrx_word' id='word_1_278' title='bbox 1199 2117 1476 2188; x_wconf 78' lang='grc' dir='ltr'>ἀλήθειαν,</span> <span class='ocrx_word' id='word_1_279' title='bbox 1506 2135 1664 2190; x_wconf 86' lang='grc' dir='ltr'>στρο-</span> 
     </span>
    </p>
   </div>
   <div class='ocr_carea' id='block_1_39' title="bbox 129 2207 1664 2287">
    <p class='ocr_par' dir='ltr' id='par_1_39' title="bbox 129 2207 1664 2287">
     <span class='ocr_line' id='line_1_39' title="bbox 129 2207 1664 2287; baseline 0.005 -30"><span class='ocrx_word' id='word_1_280' title='bbox 129 2220 229 2287; x_wconf 46' lang='lat' dir='ltr'><strong>(Fat;</strong></span> <span class='ocrx_word' id='word_1_281' title='bbox 255 2213 502 2281; x_wconf 85' lang='grc' dir='ltr'>κέχρηται</span> <span class='ocrx_word' id='word_1_282' title='bbox 536 2207 730 2277; x_wconf 88' lang='grc' dir='ltr'>λόγων,</span> <span class='ocrx_word' id='word_1_283' title='bbox 760 2207 986 2261; x_wconf 85' lang='grc' dir='ltr'>ἀπατῶν</span> <span class='ocrx_word' id='word_1_284' title='bbox 1014 2211 1140 2272; x_wconf 83' lang='grc' dir='ltr'>τοὺς</span> <span class='ocrx_word' id='word_1_285' title='bbox 1170 2211 1445 2276; x_wconf 86' lang='grc' dir='ltr'>συνόντας,</span> <span class='ocrx_word' id='word_1_286' title='bbox 1475 2210 1664 2282; x_wconf 83' lang='grc' dir='ltr'>ὥσπερ</span> 
     </span>
    </p>
   </div>
   <div class='ocr_carea' id='block_1_40' title="bbox 126 2299 1662 2373">
    <p class='ocr_par' dir='ltr' id='par_1_40' title="bbox 126 2299 1662 2373">
     <span class='ocr_line' id='line_1_40' title="bbox 126 2299 1662 2373; baseline -0.006 -9"><span class='ocrx_word' id='word_1_287' title='bbox 126 2310 223 2373; x_wconf 78' lang='grc' dir='ltr'>τοὺς</span> <span class='ocrx_word' id='word_1_288' title='bbox 251 2303 405 2365; x_wconf 78' lang='grc' dir='ltr'>κύνας</span> <span class='ocrx_word' id='word_1_289' title='bbox 435 2300 638 2370; x_wconf 76' lang='grc' dir='ltr'>λαγωοὶ</span> <span class='ocrx_word' id='word_1_290' title='bbox 691 2300 785 2353; x_wconf 74' lang='grc' dir='ltr'><strong>καὶ</strong></span> <span class='ocrx_word' id='word_1_291' title='bbox 817 2299 1118 2365; x_wconf 86' lang='grc' dir='ltr'>ἀλώπεκες,</span> <span class='ocrx_word' id='word_1_292' title='bbox 1154 2302 1346 2373; x_wconf 78' lang='grc' dir='ltr'>ἑτέραν</span> <span class='ocrx_word' id='word_1_293' title='bbox 1389 2303 1662 2357; x_wconf 80' lang='grc' dir='ltr'>δεικνύον-</span> 
     </span>
    </p>
   </div>
   <div class='ocr_carea' id='block_1_41' title="bbox 123 2389 1660 2463">
    <p class='ocr_par' dir='ltr' id='par_1_41' title="bbox 123 2389 1660 2463">
     <span class='ocr_line' id='line_1_41' title="bbox 123 2389 1660 2463; baseline -0.009 -16"><span class='ocrx_word' id='word_1_294' title='bbox 123 2413 209 2458; x_wconf 73' lang='grc' dir='ltr'>τες,</span> <span class='ocrx_word' id='word_1_295' title='bbox 242 2392 326 2446; x_wconf 73' lang='grc' dir='ltr'>καὶ</span> <span class='ocrx_word' id='word_1_296' title='bbox 372 2389 567 2457; x_wconf 77' lang='grc' dir='ltr'>ἑτέραν</span> <span class='ocrx_word' id='word_1_297' title='bbox 603 2389 948 2461; x_wconf 82' lang='grc' dir='ltr'>τρεπόμενοι.</span> <span class='ocrx_word' id='word_1_298' title='bbox 987 2390 1048 2442; x_wconf 87' lang='grc' dir='ltr'><strong>Ἦ</strong></span> <span class='ocrx_word' id='word_1_299' title='bbox 1081 2390 1138 2444; x_wconf 84' lang='grc' dir='ltr'><strong>δὲ</strong></span> <span class='ocrx_word' id='word_1_300' title='bbox 1180 2392 1316 2463; x_wconf 82' lang='grc' dir='ltr'>πρὸς</span> <span class='ocrx_word' id='word_1_301' title='bbox 1362 2394 1490 2456; x_wconf 80' lang='grc' dir='ltr'>τοὺς</span> <span class='ocrx_word' id='word_1_302' title='bbox 1522 2393 1660 2462; x_wconf 72' lang='grc' dir='ltr'>φαύ-</span> 
     </span>
    </p>
   </div>
   <div class='ocr_carea' id='block_1_42' title="bbox 122 2481 1664 2553">
    <p class='ocr_par' dir='ltr' id='par_1_42' title="bbox 122 2481 1664 2553">
     <span class='ocr_line' id='line_1_42' title="bbox 122 2481 1664 2553; baseline -0.003 -12"><span class='ocrx_word' id='word_1_303' title='bbox 122 2490 221 2550; x_wconf 84' lang='grc' dir='ltr'>λους</span> <span class='ocrx_word' id='word_1_304' title='bbox 267 2482 368 2537; x_wconf 80' lang='grc' dir='ltr'><strong>τῶν</strong></span> <span class='ocrx_word' id='word_1_305' title='bbox 416 2482 594 2551; x_wconf 86' lang='grc' dir='ltr'>λόγων</span> <span class='ocrx_word' id='word_1_306' title='bbox 643 2481 920 2553; x_wconf 86' lang='grc' dir='ltr'>συνήθεια,</span> <span class='ocrx_word' id='word_1_307' title='bbox 955 2483 1074 2547; x_wconf 81' lang='grc' dir='ltr'>όδός</span> <span class='ocrx_word' id='word_1_308' title='bbox 1122 2484 1205 2548; x_wconf 86' lang='grc' dir='ltr'><strong>τίς</strong></span> <span class='ocrx_word' id='word_1_309' title='bbox 1251 2486 1396 2539; x_wconf 79' lang='grc' dir='ltr'>ἐστιν</span> <span class='ocrx_word' id='word_1_310' title='bbox 1446 2487 1540 2539; x_wconf 74' lang='grc' dir='ltr'>ἐπὶ</span> <span class='ocrx_word' id='word_1_311' title='bbox 1594 2487 1664 2540; x_wconf 79' lang='grc' dir='ltr'>τὰ</span> 
     </span>
    </p>
   </div>
   <div class='ocr_carea' id='block_1_43' title="bbox 123 2574 1661 2652">
    <p class='ocr_par' dir='ltr' id='par_1_43' title="bbox 123 2574 1661 2652">
     <span class='ocr_line' id='line_1_43' title="bbox 123 2574 1661 2652; baseline -0.007 -20"><span class='ocrx_word' id='word_1_312' title='bbox 123 2577 398 2649; x_wconf 82' lang='grc' dir='ltr'>πράγματα.</span> <span class='ocrx_word' id='word_1_313' title='bbox 435 2576 528 2628; x_wconf 87' lang='grc' dir='ltr'>Διὸ</span> <span class='ocrx_word' id='word_1_314' title='bbox 569 2574 632 2646; x_wconf 67' lang='grc' dir='ltr'>δὴ</span> <span class='ocrx_word' id='word_1_315' title='bbox 663 2575 809 2648; x_wconf 82' lang='grc' dir='ltr'>πάσῃ</span> <span class='ocrx_word' id='word_1_316' title='bbox 863 2576 1074 2649; x_wconf 83' lang='grc' dir='ltr'>φυλακῇ</span> <span class='ocrx_word' id='word_1_317' title='bbox 1123 2577 1221 2650; x_wconf 78' lang='grc' dir='ltr'>τὴν</span> <span class='ocrx_word' id='word_1_318' title='bbox 1265 2578 1446 2650; x_wconf 72' lang='grc' dir='ltr'>ψυχὴν</span> <span class='ocrx_word' id='word_1_319' title='bbox 1490 2597 1661 2652; x_wconf 76' lang='grc' dir='ltr'>τηρη-</span> 
     </span>
    </p>
   </div>
   <div class='ocr_carea' id='block_1_44' title="bbox 115 2666 1659 2742">
    <p class='ocr_par' dir='ltr' id='par_1_44' title="bbox 115 2666 1659 2742">
     <span class='ocr_line' id='line_1_44' title="bbox 115 2666 1659 2742; baseline 0.002 -19"><span class='ocrx_word' id='word_1_320' title='bbox 115 2671 228 2736; x_wconf 82' lang='grc' dir='ltr'>τέον,</span> <span class='ocrx_word' id='word_1_321' title='bbox 262 2668 331 2740; x_wconf 81' lang='grc' dir='ltr'>μὴ</span> <span class='ocrx_word' id='word_1_322' title='bbox 373 2668 462 2721; x_wconf 83' lang='grc' dir='ltr'>διὰ</span> <span class='ocrx_word' id='word_1_323' title='bbox 504 2666 608 2737; x_wconf 86' lang='grc' dir='ltr'>τῆς</span> <span class='ocrx_word' id='word_1_324' title='bbox 641 2667 749 2721; x_wconf 82' lang='grc' dir='ltr'><strong>τῶν</strong></span> <span class='ocrx_word' id='word_1_325' title='bbox 781 2667 952 2738; x_wconf 86' lang='grc' dir='ltr'>λόγων</span> <span class='ocrx_word' id='word_1_326' title='bbox 991 2669 1186 2740; x_wconf 78' lang='grc' dir='ltr'>ἡδονῆς</span> <span class='ocrx_word' id='word_1_327' title='bbox 1225 2671 1659 2742; x_wconf 82' lang='grc' dir='ltr'>παραδεξάμενοί</span> 
     </span>
    </p>
   </div>
   <div class='ocr_carea' id='block_1_45' title="bbox 115 2757 1658 2835">
    <p class='ocr_par' dir='ltr' id='par_1_45' title="bbox 115 2757 1658 2835">
     <span class='ocr_line' id='line_1_45' title="bbox 115 2757 1658 2835; baseline 0.001 -21"><span class='ocrx_word' id='word_1_328' title='bbox 115 2779 210 2814; x_wconf 79' lang='grc' dir='ltr'>τινα</span> <span class='ocrx_word' id='word_1_329' title='bbox 249 2758 490 2830; x_wconf 83' lang='grc' dir='ltr'>λάθωμεν</span> <span class='ocrx_word' id='word_1_330' title='bbox 528 2757 638 2810; x_wconf 83' lang='grc' dir='ltr'><strong>τῶν</strong></span> <span class='ocrx_word' id='word_1_331' title='bbox 687 2758 964 2830; x_wconf 86' lang='grc' dir='ltr'>χειρόνων,</span> <span class='ocrx_word' id='word_1_332' title='bbox 1007 2761 1197 2833; x_wconf 79' lang='grc' dir='ltr'>ὥσπερ</span> <span class='ocrx_word' id='word_1_333' title='bbox 1233 2762 1282 2814; x_wconf 75' lang='lat' dir='ltr'><strong>ei</strong></span> <span class='ocrx_word' id='word_1_334' title='bbox 1321 2763 1390 2816; x_wconf 87' lang='grc' dir='ltr'><strong>τά</strong></span> <span class='ocrx_word' id='word_1_335' title='bbox 1425 2762 1658 2835; x_wconf 83' lang='grc' dir='ltr'>δηλητή-</span> 
     </span>
    </p>
   </div>
   <div class='ocr_carea' id='block_1_46' title="bbox 115 2851 1657 2928">
    <p class='ocr_par' dir='ltr' id='par_1_46' title="bbox 115 2851 1657 2928">
     <span class='ocr_line' id='line_1_46' title="bbox 115 2851 1657 2928; baseline 0.004 -24"><span class='ocrx_word' id='word_1_336' title='bbox 115 2869 184 2921; x_wconf 73' lang='lat' dir='ltr'><strong>pta</strong></span> <span class='ocrx_word' id='word_1_337' title='bbox 215 2851 339 2922; x_wconf 85' lang='grc' dir='ltr'><strong>μετά</strong></span> <span class='ocrx_word' id='word_1_338' title='bbox 366 2851 460 2904; x_wconf 78' lang='grc' dir='ltr'>τοῦ</span> <span class='ocrx_word' id='word_1_339' title='bbox 495 2853 712 2924; x_wconf 86' lang='grc' dir='ltr'>μέλιτος</span> <span class='ocrx_word' id='word_1_340' title='bbox 767 2852 1135 2926; x_wconf 84' lang='grc' dir='ltr'>προσιέμενοι.</span> <span class='ocrx_word' id='word_1_341' title='bbox 1177 2854 1236 2907; x_wconf 90' lang='lat'><strong>&#39;0</strong></span> <span class='ocrx_word' id='word_1_342' title='bbox 1273 2854 1370 2925; x_wconf 86' lang='grc' dir='ltr'>μὲν</span> <span class='ocrx_word' id='word_1_343' title='bbox 1419 2855 1526 2927; x_wconf 85' lang='grc' dir='ltr'>γὰρ</span> <span class='ocrx_word' id='word_1_344' title='bbox 1557 2855 1657 2928; x_wconf 75' lang='grc' dir='ltr'>τὴν</span> 
     </span>
    </p>
   </div>
   <div class='ocr_carea' id='block_1_47' title="bbox 112 2940 1655 3019">
    <p class='ocr_par' dir='ltr' id='par_1_47' title="bbox 112 2940 1655 3019">
     <span class='ocr_line' id='line_1_47' title="bbox 112 2940 1655 3019; baseline 0.006 -28"><span class='ocrx_word' id='word_1_345' title='bbox 112 2940 212 3008; x_wconf 78' lang='grc' dir='ltr'>ἄχρι</span> <span class='ocrx_word' id='word_1_346' title='bbox 247 2940 500 3011; x_wconf 78' lang='grc' dir='ltr'>ῥημάτων</span> <span class='ocrx_word' id='word_1_347' title='bbox 549 2941 700 3016; x_wconf 85' lang='grc' dir='ltr'><strong>παρά</strong></span> <span class='ocrx_word' id='word_1_348' title='bbox 761 2946 875 3007; x_wconf 83' lang='grc' dir='ltr'>τοῖς</span> <span class='ocrx_word' id='word_1_349' title='bbox 922 2942 1103 3006; x_wconf 79' lang='grc' dir='ltr'>ἄλλοις</span> <span class='ocrx_word' id='word_1_350' title='bbox 1142 2944 1459 3015; x_wconf 71' lang='grc' dir='ltr'>φιλοσοφίαν</span> <span class='ocrx_word' id='word_1_351' title='bbox 1509 2947 1655 3019; x_wconf 81' lang='grc' dir='ltr'>ἔργῳ</span> 
     </span>
    </p>
   </div>
   <div class='ocr_carea' id='block_1_48' title="bbox 109 3030 326 3099">
    <p class='ocr_par' dir='ltr' id='par_1_48' title="bbox 109 3030 326 3099">
     <span class='ocr_line' id='line_1_48' title="bbox 109 3030 326 3099; baseline 0.028 -17"><span class='ocrx_word' id='word_1_352' title='bbox 109 3030 326 3099; x_wconf 75' lang='grc' dir='ltr'>βεϐαιῶν,</span> 
     </span>
    </p>
   </div>
   <div class='ocr_carea' id='block_1_49' title="bbox 211 3233 1482 3306">
    <p class='ocr_par' dir='ltr' id='par_1_49' title="bbox 211 3233 1482 3306">
     <span class='ocr_line' id='line_1_49' title="bbox 211 3233 1482 3306; baseline 0.009 -16"><span class='ocrx_word' id='word_1_353' title='bbox 211 3233 336 3304; x_wconf 66' lang='lat' dir='ltr'><strong>Ole;-</strong></span> <span class='ocrx_word' id='word_1_354' title='bbox 359 3239 684 3306; x_wconf 79' lang='grc' dir='ltr'>πέπνυται,</span> <span class='ocrx_word' id='word_1_355' title='bbox 719 3239 808 3295; x_wconf 84' lang='grc' dir='ltr'>τοὶ</span> <span class='ocrx_word' id='word_1_356' title='bbox 841 3239 910 3294; x_wconf 80' lang='grc' dir='ltr'>δὲ</span> <span class='ocrx_word' id='word_1_357' title='bbox 940 3243 1104 3300; x_wconf 81' lang='grc' dir='ltr'>σκιαὶ</span> <span class='ocrx_word' id='word_1_358' title='bbox 1132 3245 1482 3301; x_wconf 81' lang='grc' dir='ltr'>ἀΐσσουσιν.</span> 
     </span>
    </p>
   </div>
   <div class='ocr_carea' id='block_1_50' title="bbox 113 3348 1650 3437">
    <p class='ocr_par' dir='ltr' id='par_1_50' title="bbox 113 3348 1650 3437">
     <span class='ocr_line' id='line_1_50' title="bbox 113 3348 1650 3437; baseline 0.009 -33"><span class='ocrx_word' id='word_1_359' title='bbox 113 3348 234 3405; x_wconf 54' lang='grc' dir='ltr'><strong>Ἐπὶ</strong></span> <span class='ocrx_word' id='word_1_360' title='bbox 268 3353 327 3407; x_wconf 88' lang='grc' dir='ltr'><strong>τό</strong></span> <span class='ocrx_word' id='word_1_361' title='bbox 355 3371 414 3423; x_wconf 90' lang='grc' dir='ltr'><strong>γε</strong></span> <span class='ocrx_word' id='word_1_362' title='bbox 443 3354 720 3430; x_wconf 84' lang='grc' dir='ltr'>λαμπρῶς</span> <span class='ocrx_word' id='word_1_363' title='bbox 751 3358 849 3429; x_wconf 82' lang='grc' dir='ltr'><strong>μὲν</strong></span> <span class='ocrx_word' id='word_1_364' title='bbox 889 3359 1170 3414; x_wconf 75' lang='grc' dir='ltr'>ἐπαινέσαι</span> <span class='ocrx_word' id='word_1_365' title='bbox 1198 3362 1298 3434; x_wconf 79' lang='grc' dir='ltr'>τὴν</span> <span class='ocrx_word' id='word_1_366' title='bbox 1348 3362 1549 3437; x_wconf 80' lang='grc' dir='ltr'>ἀρετὴν</span> <span class='ocrx_word' id='word_1_367' title='bbox 1568 3365 1650 3430; x_wconf 84' lang='grc' dir='ltr'><strong>είς</strong></span> 
     </span>
    </p>
   </div>
   <div class='ocr_carea' id='block_1_51' title="bbox 99 3442 1648 3525">
    <p class='ocr_par' dir='ltr' id='par_1_51' title="bbox 99 3442 1648 3525">
     <span class='ocr_line' id='line_1_51' title="bbox 99 3442 1648 3525; baseline 0.011 -32"><span class='ocrx_word' id='word_1_368' title='bbox 99 3442 146 3494; x_wconf 72' lang='grc' dir='ltr'>τὸ</span> <span class='ocrx_word' id='word_1_369' title='bbox 180 3444 346 3513; x_wconf 86' lang='grc' dir='ltr'>μέσον,</span> <span class='ocrx_word' id='word_1_370' title='bbox 393 3447 490 3500; x_wconf 84' lang='grc' dir='ltr'><strong>καὶ</strong></span> <span class='ocrx_word' id='word_1_371' title='bbox 541 3449 792 3520; x_wconf 78' lang='grc' dir='ltr'>μακροὺς</span> <span class='ocrx_word' id='word_1_372' title='bbox 826 3450 966 3524; x_wconf 82' lang='grc' dir='ltr'>ὑπὲρ</span> <span class='ocrx_word' id='word_1_373' title='bbox 1014 3452 1182 3525; x_wconf 78' lang='grc' dir='ltr'>αὐτῆς</span> <span class='ocrx_word' id='word_1_374' title='bbox 1223 3454 1527 3511; x_wconf 86' lang='grc' dir='ltr'>ἀποτείνειν</span> <span class='ocrx_word' id='word_1_375' title='bbox 1563 3455 1648 3510; x_wconf 83' lang='grc' dir='ltr'>λό-</span> 
     </span>
    </p>
   </div>
   <div class='ocr_carea' id='block_1_52' title="bbox 98 3537 1648 3620">
    <p class='ocr_par' dir='ltr' id='par_1_52' title="bbox 98 3537 1648 3620">
     <span class='ocr_line' id='line_1_52' title="bbox 98 3537 1648 3620; baseline 0.008 -29"><span class='ocrx_word' id='word_1_376' title='bbox 98 3550 218 3602; x_wconf 69' lang='grc' dir='ltr'>γους,</span> <span class='ocrx_word' id='word_1_377' title='bbox 266 3537 370 3611; x_wconf 74' lang='grc' dir='ltr'>ἰδίᾳ</span> <span class='ocrx_word' id='word_1_378' title='bbox 417 3540 476 3593; x_wconf 82' lang='grc' dir='ltr'>δὲ</span> <span class='ocrx_word' id='word_1_379' title='bbox 532 3541 598 3595; x_wconf 80' lang='grc' dir='ltr'>τὸ</span> <span class='ocrx_word' id='word_1_380' title='bbox 648 3543 748 3614; x_wconf 75' lang='grc' dir='ltr'><strong>ἡδὺ</strong></span> <span class='ocrx_word' id='word_1_381' title='bbox 803 3543 911 3616; x_wconf 83' lang='grc' dir='ltr'><strong>πρὸ</strong></span> <span class='ocrx_word' id='word_1_382' title='bbox 962 3544 1062 3615; x_wconf 82' lang='grc' dir='ltr'>τῆς</span> <span class='ocrx_word' id='word_1_383' title='bbox 1118 3547 1500 3620; x_wconf 80' lang='grc' dir='ltr'>σωφροσύνης,</span> <span class='ocrx_word' id='word_1_384' title='bbox 1551 3550 1648 3604; x_wconf 71' lang='grc' dir='ltr'><strong>καὶ</strong></span> 
     </span>
    </p>
   </div>
   <div class='ocr_carea' id='block_1_53' title="bbox 96 3629 1648 3714">
    <p class='ocr_par' dir='ltr' id='par_1_53' title="bbox 96 3629 1648 3714">
     <span class='ocr_line' id='line_1_53' title="bbox 96 3629 1648 3714; baseline 0.011 -34"><span class='ocrx_word' id='word_1_385' title='bbox 96 3629 141 3681; x_wconf 77' lang='grc' dir='ltr'>τὸ</span> <span class='ocrx_word' id='word_1_386' title='bbox 158 3629 297 3684; x_wconf 80' lang='grc' dir='ltr'>πλέον</span> <span class='ocrx_word' id='word_1_387' title='bbox 325 3633 470 3702; x_wconf 75' lang='grc' dir='ltr'>ἔχειν</span> <span class='ocrx_word' id='word_1_388' title='bbox 505 3634 619 3706; x_wconf 82' lang='grc' dir='ltr'><strong>πρὸ</strong></span> <span class='ocrx_word' id='word_1_389' title='bbox 651 3636 744 3689; x_wconf 79' lang='grc' dir='ltr'>τοῦ</span> <span class='ocrx_word' id='word_1_390' title='bbox 773 3636 979 3690; x_wconf 84' lang='grc' dir='ltr'>δικαίου</span> <span class='ocrx_word' id='word_1_391' title='bbox 1008 3639 1190 3710; x_wconf 82' lang='grc' dir='ltr'>τιμᾷν,</span> <span class='ocrx_word' id='word_1_392' title='bbox 1218 3640 1452 3695; x_wconf 76' lang='grc' dir='ltr'>ἐοικέναι</span> <span class='ocrx_word' id='word_1_393' title='bbox 1481 3642 1648 3714; x_wconf 83' lang='grc' dir='ltr'>φαίην</span> 
     </span>
    </p>
   </div>
   <div class='ocr_carea' id='block_1_54' title="bbox 97 3720 1648 3808">
    <p class='ocr_par' dir='ltr' id='par_1_54' title="bbox 97 3720 1648 3808">
     <span class='ocr_line' id='line_1_54' title="bbox 97 3720 1648 3808; baseline 0.01 -34"><span class='ocrx_word' id='word_1_394' title='bbox 97 3720 146 3774; x_wconf 80' lang='grc' dir='ltr'>ἂν</span> <span class='ocrx_word' id='word_1_395' title='bbox 176 3722 337 3796; x_wconf 77' lang='grc' dir='ltr'>ἔγωγε</span> <span class='ocrx_word' id='word_1_396' title='bbox 369 3730 488 3790; x_wconf 85' lang='grc' dir='ltr'>τοῖς</span> <span class='ocrx_word' id='word_1_397' title='bbox 532 3729 629 3782; x_wconf 72' lang='grc' dir='ltr'>ἐπὶ</span> <span class='ocrx_word' id='word_1_398' title='bbox 677 3731 880 3800; x_wconf 76' lang='grc' dir='ltr'>σκηνῆς</span> <span class='ocrx_word' id='word_1_399' title='bbox 925 3731 1368 3805; x_wconf 83' lang='grc' dir='ltr'>ὑποκρινομένοις</span> <span class='ocrx_word' id='word_1_400' title='bbox 1403 3734 1474 3789; x_wconf 87' lang='grc' dir='ltr'><strong>τά</strong></span> <span class='ocrx_word' id='word_1_401' title='bbox 1515 3735 1648 3808; x_wconf 84' lang='grc' dir='ltr'>δρά-</span> 
     </span>
    </p>
   </div>
   <div class='ocr_carea' id='block_1_55' title="bbox 96 3816 1648 3899">
    <p class='ocr_par' dir='ltr' id='par_1_55' title="bbox 96 3816 1648 3899">
     <span class='ocr_line' id='line_1_55' title="bbox 96 3816 1648 3899; baseline 0.01 -34"><span class='ocrx_word' id='word_1_402' title='bbox 96 3830 239 3881; x_wconf 81' lang='grc' dir='ltr'>ματα·</span> <span class='ocrx_word' id='word_1_403' title='bbox 271 3816 318 3869; x_wconf 81' lang='grc' dir='ltr'>οἳ</span> <span class='ocrx_word' id='word_1_404' title='bbox 348 3817 425 3882; x_wconf 85' lang='grc' dir='ltr'>ὡς</span> <span class='ocrx_word' id='word_1_405' title='bbox 461 3817 710 3889; x_wconf 80' lang='grc' dir='ltr'>βασιλεῖς</span> <span class='ocrx_word' id='word_1_406' title='bbox 756 3821 1013 3887; x_wconf 83' lang='grc' dir='ltr'>πολλάκις</span> <span class='ocrx_word' id='word_1_407' title='bbox 1047 3824 1142 3877; x_wconf 77' lang='grc' dir='ltr'><strong>καὶ</strong></span> <span class='ocrx_word' id='word_1_408' title='bbox 1171 3824 1424 3880; x_wconf 85' lang='grc' dir='ltr'>δυνάσται</span> <span class='ocrx_word' id='word_1_409' title='bbox 1469 3827 1648 3899; x_wconf 84' lang='grc' dir='ltr'>είσέρ-</span> 
     </span>
    </p>
   </div>
   <div class='ocr_carea' id='block_1_56' title="bbox 93 3903 1645 3991">
    <p class='ocr_par' dir='ltr' id='par_1_56' title="bbox 93 3903 1645 3991">
     <span class='ocr_line' id='line_1_56' title="bbox 93 3903 1645 3991; baseline 0.011 -34"><span class='ocrx_word' id='word_1_410' title='bbox 93 3903 262 3974; x_wconf 61' lang='lat' dir='ltr'><strong>pm,</strong></span> <span class='ocrx_word' id='word_1_411' title='bbox 286 3908 407 3963; x_wconf 74' lang='grc' dir='ltr'>οὔτε</span> <span class='ocrx_word' id='word_1_412' title='bbox 438 3909 687 3981; x_wconf 82' lang='grc' dir='ltr'>βασιλεῖς</span> <span class='ocrx_word' id='word_1_413' title='bbox 717 3913 888 3978; x_wconf 84' lang='grc' dir='ltr'>ὄντες,</span> <span class='ocrx_word' id='word_1_414' title='bbox 936 3914 1059 3969; x_wconf 72' lang='grc' dir='ltr'>οὔτε</span> <span class='ocrx_word' id='word_1_415' title='bbox 1095 3915 1369 3983; x_wconf 81' lang='grc' dir='ltr'>δυνάσται,</span> <span class='ocrx_word' id='word_1_416' title='bbox 1396 3920 1516 3973; x_wconf 76' lang='grc' dir='ltr'>οὐδὲ</span> <span class='ocrx_word' id='word_1_417' title='bbox 1544 3921 1645 3991; x_wconf 86' lang='grc' dir='ltr'>μὲν</span> 
     </span>
    </p>
   </div>
   <div class='ocr_carea' id='block_1_57' title="bbox 91 3995 1644 4086">
    <p class='ocr_par' dir='ltr' id='par_1_57' title="bbox 91 3995 1644 4086">
     <span class='ocr_line' id='line_1_57' title="bbox 91 3995 1644 4086; baseline 0.011 -35"><span class='ocrx_word' id='word_1_418' title='bbox 91 3995 162 4053; x_wconf 80' lang='grc' dir='ltr'>οὖν</span> <span class='ocrx_word' id='word_1_419' title='bbox 187 4003 338 4074; x_wconf 80' lang='grc' dir='ltr'>τυχὸν</span> <span class='ocrx_word' id='word_1_420' title='bbox 369 4005 658 4080; x_wconf 79' lang='grc' dir='ltr'>ἐλεύθεροι</span> <span class='ocrx_word' id='word_1_421' title='bbox 695 4008 756 4062; x_wconf 83' lang='grc' dir='ltr'><strong>τὸ</strong></span> <span class='ocrx_word' id='word_1_422' title='bbox 789 4010 1065 4081; x_wconf 76' lang='grc' dir='ltr'>παράπαν.</span> <span class='ocrx_word' id='word_1_423' title='bbox 1093 4007 1227 4065; x_wconf 81' lang='grc' dir='ltr'>Εἶτα</span> <span class='ocrx_word' id='word_1_424' title='bbox 1259 4014 1513 4084; x_wconf 81' lang='grc' dir='ltr'>μουσικὸς</span> <span class='ocrx_word' id='word_1_425' title='bbox 1545 4015 1644 4086; x_wconf 84' lang='grc' dir='ltr'>μὲν</span> 
     </span>
    </p>
   </div>
   <div class='ocr_carea' id='block_1_58' title="bbox 91 4093 1645 4180">
    <p class='ocr_par' dir='ltr' id='par_1_58' title="bbox 91 4093 1645 4180">
     <span class='ocr_line' id='line_1_58' title="bbox 91 4093 1645 4180; baseline 0.013 -38"><span class='ocrx_word' id='word_1_426' title='bbox 91 4093 168 4145; x_wconf 66' lang='grc' dir='ltr'>οὐκ</span> <span class='ocrx_word' id='word_1_427' title='bbox 203 4093 262 4148; x_wconf 81' lang='grc' dir='ltr'><strong>ἂν</strong></span> <span class='ocrx_word' id='word_1_428' title='bbox 306 4095 451 4150; x_wconf 75' lang='grc' dir='ltr'>ἑκὼν</span> <span class='ocrx_word' id='word_1_429' title='bbox 504 4098 720 4164; x_wconf 81' lang='grc' dir='ltr'>δέξαιτο</span> <span class='ocrx_word' id='word_1_430' title='bbox 766 4102 1104 4175; x_wconf 86' lang='grc' dir='ltr'>ἀνάρμοστον</span> <span class='ocrx_word' id='word_1_431' title='bbox 1152 4105 1299 4178; x_wconf 80' lang='grc' dir='ltr'>αὐτῷ</span> <span class='ocrx_word' id='word_1_432' title='bbox 1335 4105 1434 4180; x_wconf 82' lang='grc' dir='ltr'>τὴν</span> <span class='ocrx_word' id='word_1_433' title='bbox 1473 4107 1645 4180; x_wconf 82' lang='grc' dir='ltr'>λύραν</span> 
     </span>
    </p>
   </div>
   <div class='ocr_carea' id='block_1_59' title="bbox 89 4177 1644 4268">
    <p class='ocr_par' dir='ltr' id='par_1_59' title="bbox 89 4177 1644 4268">
     <span class='ocr_line' id='line_1_59' title="bbox 89 4177 1644 4268; baseline 0.012 -35"><span class='ocrx_word' id='word_1_434' title='bbox 89 4177 228 4235; x_wconf 73' lang='grc' dir='ltr'>εἶναι*</span> <span class='ocrx_word' id='word_1_435' title='bbox 258 4187 350 4239; x_wconf 75' lang='grc' dir='ltr'><strong>καὶ</strong></span> <span class='ocrx_word' id='word_1_436' title='bbox 404 4189 581 4260; x_wconf 85' lang='grc' dir='ltr'>χοροῦ</span> <span class='ocrx_word' id='word_1_437' title='bbox 637 4195 949 4263; x_wconf 82' lang='grc' dir='ltr'>κορυφαῖος,</span> <span class='ocrx_word' id='word_1_438' title='bbox 1002 4195 1077 4267; x_wconf 80' lang='grc' dir='ltr'>μὴ</span> <span class='ocrx_word' id='word_1_439' title='bbox 1128 4196 1208 4250; x_wconf 82' lang='grc' dir='ltr'>ὅτι</span> <span class='ocrx_word' id='word_1_440' title='bbox 1239 4177 1470 4268; x_wconf 84' lang='grc' dir='ltr'>μάλιστα</span> <span class='ocrx_word' id='word_1_441' title='bbox 1519 4177 1644 4253; x_wconf 82' lang='grc' dir='ltr'>συν-</span> 
     </span>
    </p>
   </div>
   <div class='ocr_carea' id='block_1_60' title="bbox 89 4273 1642 4356">
    <p class='ocr_par' dir='ltr' id='par_1_60' title="bbox 89 4273 1642 4356">
     <span class='ocr_line' id='line_1_60' title="bbox 89 4273 1642 4356; baseline 0.014 -31"><span class='ocrx_word' id='word_1_442' title='bbox 89 4273 246 4341; x_wconf 80' lang='grc' dir='ltr'>ᾴδοντα</span> <span class='ocrx_word' id='word_1_443' title='bbox 285 4278 376 4331; x_wconf 83' lang='grc' dir='ltr'><strong>τὸν</strong></span> <span class='ocrx_word' id='word_1_444' title='bbox 409 4280 582 4352; x_wconf 85' lang='grc' dir='ltr'>χορὸν</span> <span class='ocrx_word' id='word_1_445' title='bbox 610 4281 786 4354; x_wconf 77' lang='grc' dir='ltr'>ἔχειν·</span> <span class='ocrx_word' id='word_1_446' title='bbox 817 4286 978 4350; x_wconf 78' lang='grc' dir='ltr'>αὐτὸς</span> <span class='ocrx_word' id='word_1_447' title='bbox 1023 4287 1081 4341; x_wconf 80' lang='grc' dir='ltr'><strong>δέ</strong></span> <span class='ocrx_word' id='word_1_448' title='bbox 1121 4306 1204 4352; x_wconf 88' lang='grc' dir='ltr'><strong>τις</strong></span> <span class='ocrx_word' id='word_1_449' title='bbox 1244 4289 1472 4356; x_wconf 77' lang='grc' dir='ltr'>ἕκαστος</span> <span class='ocrx_word' id='word_1_450' title='bbox 1523 4293 1642 4346; x_wconf 87' lang='grc' dir='ltr'>δια-</span> 
     </span>
    </p>
   </div>
   <div class='ocr_carea' id='block_1_61' title="bbox 88 4367 1644 4454">
    <p class='ocr_par' dir='ltr' id='par_1_61' title="bbox 88 4367 1644 4454">
     <span class='ocr_line' id='line_1_61' title="bbox 88 4367 1644 4454; baseline 0.013 -37"><span class='ocrx_word' id='word_1_451' title='bbox 88 4367 329 4424; x_wconf 81' lang='grc' dir='ltr'>στασιάσει</span> <span class='ocrx_word' id='word_1_452' title='bbox 356 4372 502 4443; x_wconf 80' lang='grc' dir='ltr'>πρὸς</span> <span class='ocrx_word' id='word_1_453' title='bbox 543 4373 758 4440; x_wconf 79' lang='grc' dir='ltr'>ἑαυτὸν,</span> <span class='ocrx_word' id='word_1_454' title='bbox 805 4378 898 4432; x_wconf 81' lang='grc' dir='ltr'><strong>καὶ</strong></span> <span class='ocrx_word' id='word_1_455' title='bbox 939 4380 1060 4450; x_wconf 71' lang='grc' dir='ltr'>οὐχὶ</span> <span class='ocrx_word' id='word_1_456' title='bbox 1088 4385 1200 4444; x_wconf 80' lang='grc' dir='ltr'>τοῖς</span> <span class='ocrx_word' id='word_1_457' title='bbox 1238 4381 1414 4450; x_wconf 86' lang='grc' dir='ltr'>λόγοις</span> <span class='ocrx_word' id='word_1_458' title='bbox 1453 4383 1644 4454; x_wconf 83' lang='grc' dir='ltr'>ὁμολο-</span> 
     </span>
    </p>
   </div>
   <div class='ocr_carea' id='block_1_62' title="bbox 85 4456 1638 4545">
    <p class='ocr_par' dir='ltr' id='par_1_62' title="bbox 85 4456 1638 4545">
     <span class='ocr_line' id='line_1_62' title="bbox 85 4456 1638 4545; baseline 0.009 -33"><span class='ocrx_word' id='word_1_459' title='bbox 85 4456 250 4521; x_wconf 74' lang='grc' dir='ltr'>γοῦντα</span> <span class='ocrx_word' id='word_1_460' title='bbox 293 4463 387 4517; x_wconf 80' lang='grc' dir='ltr'>τὸν</span> <span class='ocrx_word' id='word_1_461' title='bbox 427 4466 554 4536; x_wconf 83' lang='grc' dir='ltr'>βίον</span> <span class='ocrx_word' id='word_1_462' title='bbox 601 4468 931 4540; x_wconf 82' lang='grc' dir='ltr'>παρέξεται;</span> <span class='ocrx_word' id='word_1_463' title='bbox 967 4470 1102 4525; x_wconf 74' lang='grc' dir='ltr'>Οὔτε</span> <span class='ocrx_word' id='word_1_464' title='bbox 1135 4472 1245 4544; x_wconf 85' lang='grc' dir='ltr'>γὰρ</span> <span class='ocrx_word' id='word_1_465' title='bbox 1274 4473 1439 4528; x_wconf 75' lang='grc' dir='ltr'>ἵππον</span> <span class='ocrx_word' id='word_1_466' title='bbox 1471 4475 1638 4545; x_wconf 80' lang='grc' dir='ltr'>ταχὺν</span> 
     </span>
    </p>
   </div>
   <div class='ocr_carea' id='block_1_63' title="bbox 1767 1929 3334 2028">
    <p class='ocr_par' dir='ltr' id='par_1_63' title="bbox 1767 1929 3334 2028">
     <span class='ocr_line' id='line_1_63' title="bbox 1767 1929 3334 2028; baseline 0.024 -49"><span class='ocrx_word' id='word_1_467' title='bbox 1767 1929 2021 1984; x_wconf 87' lang='lat' dir='ltr'><strong>vertitur.</strong></span> <span class='ocrx_word' id='word_1_468' title='bbox 2065 1931 2202 1988; x_wconf 91' lang='lat' dir='ltr'><strong>Cum</strong></span> <span class='ocrx_word' id='word_1_469' title='bbox 2251 1939 2396 1993; x_wconf 89' lang='lat' dir='ltr'><strong>enim</strong></span> <span class='ocrx_word' id='word_1_470' title='bbox 2449 1941 2611 1997; x_wconf 80' lang='lat' dir='ltr'><strong>aliter</strong></span> <span class='ocrx_word' id='word_1_471' title='bbox 2654 1955 2848 2003; x_wconf 85' lang='lat' dir='ltr'><strong>natura</strong></span> <span class='ocrx_word' id='word_1_472' title='bbox 2881 1966 2939 2008; x_wconf 92' lang='lat' dir='ltr'><strong>se</strong></span> <span class='ocrx_word' id='word_1_473' title='bbox 2985 1969 3072 2011; x_wconf 88' lang='lat' dir='ltr'><strong>res</strong></span> <span class='ocrx_word' id='word_1_474' title='bbox 3115 1957 3334 2028; x_wconf 79' lang='lat' dir='ltr'><strong>habent,</strong></span> 
     </span>
    </p>
   </div>
   <div class='ocr_carea' id='block_1_64' title="bbox 1765 2018 3334 2120">
    <p class='ocr_par' dir='ltr' id='par_1_64' title="bbox 1765 2018 3334 2120">
     <span class='ocr_line' id='line_1_64' title="bbox 1765 2018 3334 2120; baseline 0.026 -51"><span class='ocrx_word' id='word_1_475' title='bbox 1765 2018 1923 2074; x_wconf 86' lang='lat' dir='ltr'><strong>aliter</strong></span> <span class='ocrx_word' id='word_1_476' title='bbox 1949 2038 2080 2078; x_wconf 87' lang='lat' dir='ltr'><strong>vero</strong></span> <span class='ocrx_word' id='word_1_477' title='bbox 2115 2024 2184 2080; x_wconf 90' lang='lat' dir='ltr'><strong>de</strong></span> <span class='ocrx_word' id='word_1_478' title='bbox 2218 2029 2298 2084; x_wconf 90' lang='lat' dir='ltr'><strong>eis</strong></span> <span class='ocrx_word' id='word_1_479' title='bbox 2329 2031 2563 2087; x_wconf 91' lang='lat' dir='ltr'><strong>suadent</strong></span> <span class='ocrx_word' id='word_1_480' title='bbox 2601 2038 2787 2104; x_wconf 88' lang='lat' dir='ltr'><strong>verba,</strong></span> <span class='ocrx_word' id='word_1_481' title='bbox 2823 2048 3058 2103; x_wconf 84' lang='lat' dir='ltr'><strong>versutia</strong></span> <span class='ocrx_word' id='word_1_482' title='bbox 3090 2054 3334 2120; x_wconf 75' lang='lat' dir='ltr'><strong>quaedam</strong></span> 
     </span>
    </p>
   </div>
   <div class='ocr_carea' id='block_1_65' title="bbox 1765 2115 3333 2208">
    <p class='ocr_par' dir='ltr' id='par_1_65' title="bbox 1765 2115 3333 2208">
     <span class='ocr_line' id='line_1_65' title="bbox 1765 2115 3333 2208; baseline 0.026 -45"><span class='ocrx_word' id='word_1_483' title='bbox 1765 2121 1871 2174; x_wconf 86' lang='lat' dir='ltr'><strong>est,</strong></span> <span class='ocrx_word' id='word_1_484' title='bbox 1926 2115 2010 2169; x_wconf 87' lang='lat' dir='ltr'><strong>vel</strong></span> <span class='ocrx_word' id='word_1_485' title='bbox 2065 2119 2248 2187; x_wconf 89' lang='lat' dir='ltr'><strong>potius</strong></span> <span class='ocrx_word' id='word_1_486' title='bbox 2300 2122 2538 2180; x_wconf 85' lang='lat' dir='ltr'><strong>inversio</strong></span> <span class='ocrx_word' id='word_1_487' title='bbox 2595 2130 2840 2189; x_wconf 83' lang='lat' dir='ltr'><strong>veritatis</strong></span> <span class='ocrx_word' id='word_1_488' title='bbox 2889 2153 2987 2208; x_wconf 86' lang='lat' dir='ltr'><strong>per</strong></span> <span class='ocrx_word' id='word_1_489' title='bbox 3030 2157 3333 2202; x_wconf 76' lang='lat' dir='ltr'><strong>sermonem</strong></span> 
     </span>
    </p>
   </div>
   <div class='ocr_carea' id='block_1_66' title="bbox 1764 2202 3334 2308">
    <p class='ocr_par' dir='ltr' id='par_1_66' title="bbox 1764 2202 3334 2308">
     <span class='ocr_line' id='line_1_66' title="bbox 1764 2202 3334 2308; baseline 0.024 -52"><span class='ocrx_word' id='word_1_490' title='bbox 1764 2202 1928 2261; x_wconf 84' lang='lat' dir='ltr'><strong>facta.</strong></span> <span class='ocrx_word' id='word_1_491' title='bbox 1974 2207 2039 2262; x_wconf 86' lang='lat' dir='ltr'><strong>Et</strong></span> <span class='ocrx_word' id='word_1_492' title='bbox 2081 2212 2356 2280; x_wconf 88' lang='lat' dir='ltr'><strong>quialius</strong></span> <span class='ocrx_word' id='word_1_493' title='bbox 2392 2219 2610 2286; x_wconf 86' lang='lat' dir='ltr'><strong>quidem</strong></span> <span class='ocrx_word' id='word_1_494' title='bbox 2660 2202 2912 2295; x_wconf 66' lang='lat' dir='ltr'><strong>videtur,</strong></span> <span class='ocrx_word' id='word_1_495' title='bbox 2961 2232 3100 2290; x_wconf 82' lang='lat' dir='ltr'><strong>alius</strong></span> <span class='ocrx_word' id='word_1_496' title='bbox 3157 2239 3334 2308; x_wconf 70' lang='lat' dir='ltr'><strong>reipsa</strong></span> 
     </span>
    </p>
   </div>
   <div class='ocr_carea' id='block_1_67' title="bbox 1761 2302 3336 2388">
    <p class='ocr_par' dir='ltr' id='par_1_67' title="bbox 1761 2302 3336 2388">
     <span class='ocr_line' id='line_1_67' title="bbox 1761 2302 3336 2388; baseline 0.023 -38"><span class='ocrx_word' id='word_1_497' title='bbox 1761 2305 1866 2361; x_wconf 87' lang='lat' dir='ltr'><strong>est,</strong></span> <span class='ocrx_word' id='word_1_498' title='bbox 1905 2302 2148 2372; x_wconf 84' lang='lat' dir='ltr'><strong>strophis</strong></span> <span class='ocrx_word' id='word_1_499' title='bbox 2202 2321 2514 2364; x_wconf 87' lang='lat' dir='ltr'><strong>sermonum</strong></span> <span class='ocrx_word' id='word_1_500' title='bbox 2555 2315 2748 2384; x_wconf 91' lang='lat' dir='ltr'><strong>utitur,</strong></span> <span class='ocrx_word' id='word_1_501' title='bbox 2793 2319 2977 2377; x_wconf 83' lang='lat' dir='ltr'><strong>fucum</strong></span> <span class='ocrx_word' id='word_1_502' title='bbox 3025 2325 3235 2386; x_wconf 78' lang='lat' dir='ltr'><strong>faciens</strong></span> <span class='ocrx_word' id='word_1_503' title='bbox 3270 2335 3336 2388; x_wconf 88' lang='lat' dir='ltr'><strong>iis</strong></span> 
     </span>
    </p>
   </div>
   <div class='ocr_carea' id='block_1_68' title="bbox 1759 2388 3335 2494">
    <p class='ocr_par' dir='ltr' id='par_1_68' title="bbox 1759 2388 3335 2494">
     <span class='ocr_line' id='line_1_68' title="bbox 1759 2388 3335 2494; baseline 0.027 -55"><span class='ocrx_word' id='word_1_504' title='bbox 1759 2388 2092 2457; x_wconf 87' lang='lat' dir='ltr'><strong>quibuscum</strong></span> <span class='ocrx_word' id='word_1_505' title='bbox 2129 2407 2399 2463; x_wconf 83' lang='lat' dir='ltr'><strong>versatur,</strong></span> <span class='ocrx_word' id='word_1_506' title='bbox 2437 2405 2664 2473; x_wconf 87' lang='lat' dir='ltr'><strong>perinde</strong></span> <span class='ocrx_word' id='word_1_507' title='bbox 2703 2417 2762 2462; x_wconf 90' lang='lat' dir='ltr'><strong>ut</strong></span> <span class='ocrx_word' id='word_1_508' title='bbox 2793 2412 3004 2483; x_wconf 90' lang='lat' dir='ltr'><strong>lepores</strong></span> <span class='ocrx_word' id='word_1_509' title='bbox 3038 2421 3335 2494; x_wconf 85' lang='lat' dir='ltr'><strong>vulpcsquc</strong></span> 
     </span>
    </p>
   </div>
   <div class='ocr_carea' id='block_1_69' title="bbox 1761 2479 3334 2570">
    <p class='ocr_par' dir='ltr' id='par_1_69' title="bbox 1761 2479 3334 2570">
     <span class='ocr_line' id='line_1_69' title="bbox 1761 2479 3334 2570; baseline 0.024 -39"><span class='ocrx_word' id='word_1_510' title='bbox 1761 2479 2032 2548; x_wconf 85' lang='lat' dir='ltr'><strong>canibus,</strong></span> <span class='ocrx_word' id='word_1_511' title='bbox 2062 2484 2222 2540; x_wconf 88' lang='lat' dir='ltr'><strong>aliam</strong></span> <span class='ocrx_word' id='word_1_512' title='bbox 2258 2489 2400 2544; x_wconf 86' lang='lat' dir='ltr'><strong>viam</strong></span> <span class='ocrx_word' id='word_1_513' title='bbox 2439 2506 2969 2570; x_wconf 87' lang='lat' dir='ltr'><strong>commonstrantes,</strong></span> <span class='ocrx_word' id='word_1_514' title='bbox 3009 2479 3168 2563; x_wconf 76' lang='lat' dir='ltr'><strong>aliam</strong></span> <span class='ocrx_word' id='word_1_515' title='bbox 3211 2479 3334 2566; x_wconf 73' lang='lat' dir='ltr'><strong>car-</strong></span> 
     </span>
    </p>
   </div>
   <div class='ocr_carea' id='block_1_70' title="bbox 1863 3242 3221 3328">
    <p class='ocr_par' dir='ltr' id='par_1_70' title="bbox 1863 3242 3221 3328">
     <span class='ocr_line' id='line_1_70' title="bbox 1863 3242 3221 3328; baseline 0.023 -32"><span class='ocrx_word' id='word_1_516' title='bbox 1863 3242 1966 3298; x_wconf 77' lang='lat' dir='ltr'><strong>[lic</strong></span> <span class='ocrx_word' id='word_1_517' title='bbox 1995 3248 2140 3302; x_wconf 77' lang='lat' dir='ltr'><strong>solus</strong></span> <span class='ocrx_word' id='word_1_518' title='bbox 2172 3251 2333 3320; x_wconf 80' lang='lat' dir='ltr'><strong>sapit,</strong></span> <span class='ocrx_word' id='word_1_519' title='bbox 2361 3263 2417 3307; x_wconf 89' lang='lat' dir='ltr'><strong>at</strong></span> <span class='ocrx_word' id='word_1_520' title='bbox 2447 3256 2668 3312; x_wconf 81' lang='lat' dir='ltr'><strong>volitant</strong></span> <span class='ocrx_word' id='word_1_521' title='bbox 2708 3261 2805 3315; x_wconf 83' lang='lat' dir='ltr'><strong>alii</strong></span> <span class='ocrx_word' id='word_1_522' title='bbox 2832 3264 2966 3320; x_wconf 83' lang='lat' dir='ltr'><strong>velut</strong></span> <span class='ocrx_word' id='word_1_523' title='bbox 3001 3270 3221 3328; x_wconf 77' lang='lat' dir='ltr'><strong>umbrw.</strong></span> 
     </span>
    </p>
   </div>
   <div class='ocr_carea' id='block_1_71' title="bbox 1755 3355 3327 3446">
    <p class='ocr_par' dir='ltr' id='par_1_71' title="bbox 1755 3355 3327 3446">
     <span class='ocr_line' id='line_1_71' title="bbox 1755 3355 3327 3446; baseline 0.023 -36"><span class='ocrx_word' id='word_1_524' title='bbox 1755 3355 2212 3430; x_wconf 88' lang='lat' dir='ltr'><strong>Quandoquidem</strong></span> <span class='ocrx_word' id='word_1_525' title='bbox 2261 3369 2550 3438; x_wconf 80' lang='lat' dir='ltr'><strong>magnifice</strong></span> <span class='ocrx_word' id='word_1_526' title='bbox 2602 3374 2856 3431; x_wconf 86' lang='lat' dir='ltr'><strong>virtutem</strong></span> <span class='ocrx_word' id='word_1_527' title='bbox 2919 3383 3231 3443; x_wconf 84' lang='lat' dir='ltr'><strong>collaudare</strong></span> <span class='ocrx_word' id='word_1_528' title='bbox 3272 3392 3327 3446; x_wconf 91' lang='lat' dir='ltr'><strong>in</strong></span> 
     </span>
    </p>
   </div>
   <div class='ocr_carea' id='block_1_72' title="bbox 1754 3453 3324 3550">
    <p class='ocr_par' dir='ltr' id='par_1_72' title="bbox 1754 3453 3324 3550">
     <span class='ocr_line' id='line_1_72' title="bbox 1754 3453 3324 3550; baseline 0.025 -48"><span class='ocrx_word' id='word_1_529' title='bbox 1754 3453 2063 3520; x_wconf 89' lang='lat' dir='ltr'><strong>propatulo,</strong></span> <span class='ocrx_word' id='word_1_530' title='bbox 2111 3461 2166 3509; x_wconf 89' lang='lat' dir='ltr'><strong>et</strong></span> <span class='ocrx_word' id='word_1_531' title='bbox 2213 3457 2425 3530; x_wconf 70' lang='lat' dir='ltr'><strong>longos</strong></span> <span class='ocrx_word' id='word_1_532' title='bbox 2447 3461 2515 3518; x_wconf 91' lang='lat' dir='ltr'><strong>de</strong></span> <span class='ocrx_word' id='word_1_533' title='bbox 2544 3479 2608 3520; x_wconf 89' lang='lat' dir='ltr'><strong>ea</strong></span> <span class='ocrx_word' id='word_1_534' title='bbox 2655 3471 2974 3538; x_wconf 82' lang='lat' dir='ltr'><strong>protrahere</strong></span> <span class='ocrx_word' id='word_1_535' title='bbox 3020 3492 3324 3550; x_wconf 91' lang='lat' dir='ltr'><strong>sermones,</strong></span> 
     </span>
    </p>
   </div>
   <div class='ocr_carea' id='block_1_73' title="bbox 1753 3543 3322 3642">
    <p class='ocr_par' dir='ltr' id='par_1_73' title="bbox 1753 3543 3322 3642">
     <span class='ocr_line' id='line_1_73' title="bbox 1753 3543 3322 3642; baseline 0.024 -49"><span class='ocrx_word' id='word_1_536' title='bbox 1753 3543 2007 3612; x_wconf 84' lang='lat' dir='ltr'><strong>privatim</strong></span> <span class='ocrx_word' id='word_1_537' title='bbox 2049 3562 2180 3603; x_wconf 85' lang='lat' dir='ltr'><strong>vero</strong></span> <span class='ocrx_word' id='word_1_538' title='bbox 2242 3551 2575 3622; x_wconf 89' lang='lat' dir='ltr'><strong>voluptatem</strong></span> <span class='ocrx_word' id='word_1_539' title='bbox 2621 3565 3000 3630; x_wconf 65' lang='lat' dir='ltr'><strong>temperantiae</strong></span> <span class='ocrx_word' id='word_1_540' title='bbox 3041 3543 3322 3642; x_wconf 67' lang='lat' dir='ltr'><strong>praeferre,</strong></span> 
     </span>
    </p>
   </div>
   <div class='ocr_carea' id='block_1_74' title="bbox 1753 3641 3323 3730">
    <p class='ocr_par' dir='ltr' id='par_1_74' title="bbox 1753 3641 3323 3730">
     <span class='ocr_line' id='line_1_74' title="bbox 1753 3641 3323 3730; baseline 0.022 -41"><span class='ocrx_word' id='word_1_541' title='bbox 1753 3643 1807 3690; x_wconf 92' lang='lat' dir='ltr'><strong>ct</strong></span> <span class='ocrx_word' id='word_1_542' title='bbox 1839 3646 2109 3707; x_wconf 84' lang='lat' dir='ltr'><strong>quaestum</strong></span> <span class='ocrx_word' id='word_1_543' title='bbox 2140 3641 2372 3712; x_wconf 84' lang='lat' dir='ltr'><strong>justitiae</strong></span> <span class='ocrx_word' id='word_1_544' title='bbox 2411 3658 2764 3719; x_wconf 87' lang='lat' dir='ltr'><strong>anteponere,</strong></span> <span class='ocrx_word' id='word_1_545' title='bbox 2799 3655 2906 3710; x_wconf 90' lang='lat' dir='ltr'><strong>hoc</strong></span> <span class='ocrx_word' id='word_1_546' title='bbox 2951 3645 3052 3730; x_wconf 57' lang='lat' dir='ltr'><strong>ego</strong></span> <span class='ocrx_word' id='word_1_547' title='bbox 3089 3641 3323 3723; x_wconf 82' lang='lat' dir='ltr'><strong>dixerim</strong></span> 
     </span>
    </p>
   </div>
   <div class='ocr_carea' id='block_1_75' title="bbox 1753 3730 3320 3824">
    <p class='ocr_par' dir='ltr' id='par_1_75' title="bbox 1753 3730 3320 3824">
     <span class='ocr_line' id='line_1_75' title="bbox 1753 3730 3320 3824; baseline 0.018 -38"><span class='ocrx_word' id='word_1_548' title='bbox 1753 3730 1934 3787; x_wconf 89' lang='lat' dir='ltr'><strong>simile</strong></span> <span class='ocrx_word' id='word_1_549' title='bbox 1980 3747 2105 3788; x_wconf 91' lang='lat' dir='ltr'><strong>esse</strong></span> <span class='ocrx_word' id='word_1_550' title='bbox 2152 3736 2431 3792; x_wconf 85' lang='lat' dir='ltr'><strong>actoribus</strong></span> <span class='ocrx_word' id='word_1_551' title='bbox 2469 3741 2704 3799; x_wconf 89' lang='lat' dir='ltr'><strong>scenicis</strong></span> <span class='ocrx_word' id='word_1_552' title='bbox 2748 3761 3012 3814; x_wconf 86' lang='lat' dir='ltr'><strong>personas</strong></span> <span class='ocrx_word' id='word_1_553' title='bbox 3055 3759 3320 3824; x_wconf 85' lang='lat' dir='ltr'><strong>quasdam</strong></span> 
     </span>
    </p>
   </div>
   <div class='ocr_carea' id='block_1_76' title="bbox 1751 3822 3321 3917">
    <p class='ocr_par' dir='ltr' id='par_1_76' title="bbox 1751 3822 3321 3917">
     <span class='ocr_line' id='line_1_76' title="bbox 1751 3822 3321 3917; baseline 0.015 -41"><span class='ocrx_word' id='word_1_554' title='bbox 1751 3822 2174 3889; x_wconf 85' lang='lat' dir='ltr'><strong>sustinentibus,</strong></span> <span class='ocrx_word' id='word_1_555' title='bbox 2205 3824 2300 3896; x_wconf 88' lang='lat' dir='ltr'><strong>qui</strong></span> <span class='ocrx_word' id='word_1_556' title='bbox 2343 3827 2666 3899; x_wconf 86' lang='lat' dir='ltr'><strong>plerumque</strong></span> <span class='ocrx_word' id='word_1_557' title='bbox 2697 3834 2845 3888; x_wconf 89' lang='lat' dir='ltr'><strong>velut</strong></span> <span class='ocrx_word' id='word_1_558' title='bbox 2882 3852 3040 3908; x_wconf 80' lang='lat' dir='ltr'><strong>reges</strong></span> <span class='ocrx_word' id='word_1_559' title='bbox 3067 3822 3122 3898; x_wconf 77' lang='lat' dir='ltr'><strong>et</strong></span> <span class='ocrx_word' id='word_1_560' title='bbox 3151 3845 3321 3917; x_wconf 81' lang='lat' dir='ltr'><strong>dyna-</strong></span> 
     </span>
    </p>
   </div>
   <div class='ocr_carea' id='block_1_77' title="bbox 1750 3914 3321 4004">
    <p class='ocr_par' dir='ltr' id='par_1_77' title="bbox 1750 3914 3321 4004">
     <span class='ocr_line' id='line_1_77' title="bbox 1750 3914 3321 4004; baseline 0.018 -38"><span class='ocrx_word' id='word_1_561' title='bbox 1750 3919 1850 3967; x_wconf 75' lang='lat' dir='ltr'><strong>stae</strong></span> <span class='ocrx_word' id='word_1_562' title='bbox 1906 3914 2196 3984; x_wconf 87' lang='lat' dir='ltr'><strong>prodeunt,</strong></span> <span class='ocrx_word' id='word_1_563' title='bbox 2243 3933 2366 3972; x_wconf 92' lang='lat' dir='ltr'><strong>cum</strong></span> <span class='ocrx_word' id='word_1_564' title='bbox 2412 3936 2514 3975; x_wconf 89' lang='lat' dir='ltr'><strong>nec</strong></span> <span class='ocrx_word' id='word_1_565' title='bbox 2567 3937 2722 3993; x_wconf 82' lang='lat' dir='ltr'><strong>reges</strong></span> <span class='ocrx_word' id='word_1_566' title='bbox 2773 3940 2876 3983; x_wconf 90' lang='lat' dir='ltr'><strong>nec</strong></span> <span class='ocrx_word' id='word_1_567' title='bbox 2929 3914 3213 4004; x_wconf 36' lang='lat' dir='ltr'><strong>dynastas,</strong></span> <span class='ocrx_word' id='word_1_568' title='bbox 3255 3955 3321 3993; x_wconf 86' lang='lat' dir='ltr'><strong>ac</strong></span> 
     </span>
    </p>
   </div>
   <div class='ocr_carea' id='block_1_78' title="bbox 1749 4002 3319 4086">
    <p class='ocr_par' dir='ltr' id='par_1_78' title="bbox 1749 4002 3319 4086">
     <span class='ocr_line' id='line_1_78' title="bbox 1749 4002 3319 4086; baseline 0.018 -28"><span class='ocrx_word' id='word_1_569' title='bbox 1749 4002 1984 4060; x_wconf 85' lang='lat' dir='ltr'><strong>fortasse</strong></span> <span class='ocrx_word' id='word_1_570' title='bbox 2032 4021 2101 4062; x_wconf 90' lang='lat' dir='ltr'><strong>ne</strong></span> <span class='ocrx_word' id='word_1_571' title='bbox 2145 4008 2302 4064; x_wconf 89' lang='lat' dir='ltr'><strong>liberi</strong></span> <span class='ocrx_word' id='word_1_572' title='bbox 2357 4011 2578 4082; x_wconf 86' lang='lat' dir='ltr'><strong>quidem</strong></span> <span class='ocrx_word' id='word_1_573' title='bbox 2627 4030 2855 4085; x_wconf 89' lang='lat' dir='ltr'><strong>prorsus</strong></span> <span class='ocrx_word' id='word_1_574' title='bbox 2891 4019 3023 4078; x_wconf 90' lang='lat' dir='ltr'><strong>sint.</strong></span> <span class='ocrx_word' id='word_1_575' title='bbox 3079 4025 3163 4080; x_wconf 79' lang='lat' dir='ltr'><strong>Ad</strong></span> <span class='ocrx_word' id='word_1_576' title='bbox 3199 4002 3319 4086; x_wconf 75' lang='lat' dir='ltr'><strong>haec</strong></span> 
     </span>
    </p>
   </div>
   <div class='ocr_carea' id='block_1_79' title="bbox 1749 4099 3319 4180">
    <p class='ocr_par' dir='ltr' id='par_1_79' title="bbox 1749 4099 3319 4180">
     <span class='ocr_line' id='line_1_79' title="bbox 1749 4099 3319 4180; baseline 0.018 -28"><span class='ocrx_word' id='word_1_577' title='bbox 1749 4099 1995 4155; x_wconf 88' lang='lat' dir='ltr'><strong>musicus</strong></span> <span class='ocrx_word' id='word_1_578' title='bbox 2030 4116 2144 4155; x_wconf 89' lang='lat' dir='ltr'><strong>non</strong></span> <span class='ocrx_word' id='word_1_579' title='bbox 2178 4102 2374 4160; x_wconf 88' lang='lat' dir='ltr'><strong>lubens</strong></span> <span class='ocrx_word' id='word_1_580' title='bbox 2423 4107 2664 4177; x_wconf 88' lang='lat' dir='ltr'><strong>patiatur</strong></span> <span class='ocrx_word' id='word_1_581' title='bbox 2709 4110 2988 4170; x_wconf 85' lang='lat' dir='ltr'><strong>dissouam</strong></span> <span class='ocrx_word' id='word_1_582' title='bbox 3039 4118 3143 4175; x_wconf 87' lang='lat' dir='ltr'><strong>sibi</strong></span> <span class='ocrx_word' id='word_1_583' title='bbox 3195 4138 3319 4180; x_wconf 84' lang='lat' dir='ltr'><strong>esse</strong></span> 
     </span>
    </p>
   </div>
   <div class='ocr_carea' id='block_1_80' title="bbox 1748 4193 3314 4285">
    <p class='ocr_par' dir='ltr' id='par_1_80' title="bbox 1748 4193 3314 4285">
     <span class='ocr_line' id='line_1_80' title="bbox 1748 4193 3314 4285; baseline 0.018 -40"><span class='ocrx_word' id='word_1_584' title='bbox 1748 4193 1920 4264; x_wconf 81' lang='lat' dir='ltr'><strong>lyram</strong></span> <span class='ocrx_word' id='word_1_585' title='bbox 1949 4212 1963 4248; x_wconf 91' lang='lat'>:</span> <span class='ocrx_word' id='word_1_586' title='bbox 1999 4209 2175 4282; x_wconf 76' lang='lat' dir='ltr'><strong>neque</strong></span> <span class='ocrx_word' id='word_1_587' title='bbox 2216 4197 2508 4266; x_wconf 66' lang='lat' dir='ltr'><strong>prmfectus</strong></span> <span class='ocrx_word' id='word_1_588' title='bbox 2542 4201 2694 4258; x_wconf 90' lang='lat' dir='ltr'><strong>chori</strong></span> <span class='ocrx_word' id='word_1_589' title='bbox 2719 4205 2949 4262; x_wconf 89' lang='lat' dir='ltr'><strong>chorum</strong></span> <span class='ocrx_word' id='word_1_590' title='bbox 2977 4210 3083 4268; x_wconf 89' lang='lat' dir='ltr'><strong>sibi</strong></span> <span class='ocrx_word' id='word_1_591' title='bbox 3111 4225 3314 4285; x_wconf 86' lang='lat' dir='ltr'><strong>astare,</strong></span> 
     </span>
    </p>
   </div>
   <div class='ocr_carea' id='block_1_81' title="bbox 1746 4271 3312 4368">
    <p class='ocr_par' dir='ltr' id='par_1_81' title="bbox 1746 4271 3312 4368">
     <span class='ocr_line' id='line_1_81' title="bbox 1746 4271 3312 4368; baseline 0.019 -30"><span class='ocrx_word' id='word_1_592' title='bbox 1746 4287 1843 4357; x_wconf 92' lang='lat' dir='ltr'><strong>qui</strong></span> <span class='ocrx_word' id='word_1_593' title='bbox 1869 4302 2030 4358; x_wconf 89' lang='lat' dir='ltr'><strong>quam</strong></span> <span class='ocrx_word' id='word_1_594' title='bbox 2061 4271 2296 4347; x_wconf 70' lang='lat' dir='ltr'><strong>maxime</strong></span> <span class='ocrx_word' id='word_1_595' title='bbox 2329 4295 2632 4353; x_wconf 90' lang='lat' dir='ltr'><strong>concinnus</strong></span> <span class='ocrx_word' id='word_1_596' title='bbox 2669 4314 2780 4355; x_wconf 90' lang='lat' dir='ltr'><strong>non</strong></span> <span class='ocrx_word' id='word_1_597' title='bbox 2823 4301 2898 4358; x_wconf 90' lang='lat' dir='ltr'><strong>sit</strong></span> <span class='ocrx_word' id='word_1_598' title='bbox 2930 4318 2945 4356; x_wconf 89' lang='lat'><strong>:</strong></span> <span class='ocrx_word' id='word_1_599' title='bbox 2983 4319 3013 4358; x_wconf 88' lang='lat' dir='ltr'><strong>a</strong></span> <span class='ocrx_word' id='word_1_600' title='bbox 3040 4322 3101 4363; x_wconf 90' lang='lat' dir='ltr'><strong>se</strong></span> <span class='ocrx_word' id='word_1_601' title='bbox 3132 4321 3312 4368; x_wconf 86' lang='lat' dir='ltr'><strong>autem</strong></span> 
     </span>
    </p>
   </div>
   <div class='ocr_carea' id='block_1_82' title="bbox 1745 4377 3314 4460">
    <p class='ocr_par' dir='ltr' id='par_1_82' title="bbox 1745 4377 3314 4460">
     <span class='ocr_line' id='line_1_82' title="bbox 1745 4377 3314 4460; baseline 0.02 -31"><span class='ocrx_word' id='word_1_602' title='bbox 1745 4377 1982 4448; x_wconf 89' lang='lat' dir='ltr'><strong>quisque</strong></span> <span class='ocrx_word' id='word_1_603' title='bbox 2029 4379 2320 4437; x_wconf 88' lang='lat' dir='ltr'><strong>dissidebit</strong></span> <span class='ocrx_word' id='word_1_604' title='bbox 2375 4383 2526 4454; x_wconf 89' lang='lat' dir='ltr'><strong>ipse,</strong></span> <span class='ocrx_word' id='word_1_605' title='bbox 2583 4403 2685 4444; x_wconf 84' lang='lat' dir='ltr'><strong>nec</strong></span> <span class='ocrx_word' id='word_1_606' title='bbox 2737 4391 2905 4446; x_wconf 81' lang='lat' dir='ltr'><strong>vitam</strong></span> <span class='ocrx_word' id='word_1_607' title='bbox 2953 4409 3077 4450; x_wconf 90' lang='lat' dir='ltr'><strong>cum</strong></span> <span class='ocrx_word' id='word_1_608' title='bbox 3131 4402 3314 4460; x_wconf 82' lang='lat' dir='ltr'><strong>verbis</strong></span> 
     </span>
    </p>
   </div>
   <div class='ocr_carea' id='block_1_83' title="bbox 1746 4471 3310 4564">
    <p class='ocr_par' dir='ltr' id='par_1_83' title="bbox 1746 4471 3310 4564">
     <span class='ocr_line' id='line_1_83' title="bbox 1746 4471 3310 4564; baseline 0.017 -40"><span class='ocrx_word' id='word_1_609' title='bbox 1746 4471 2179 4528; x_wconf 89' lang='lat' dir='ltr'><strong>consentientem</strong></span> <span class='ocrx_word' id='word_1_610' title='bbox 2221 4474 2537 4533; x_wconf 79' lang='lat' dir='ltr'><strong>exhibebit?</strong></span> <span class='ocrx_word' id='word_1_611' title='bbox 2580 4479 2656 4555; x_wconf 90' lang='lat'><strong>(8)</strong></span> <span class='ocrx_word' id='word_1_612' title='bbox 2697 4480 2881 4554; x_wconf 88' lang='lat' dir='ltr'><strong>Neque</strong></span> <span class='ocrx_word' id='word_1_613' title='bbox 2924 4488 3068 4545; x_wconf 90' lang='lat' dir='ltr'><strong>enim</strong></span> <span class='ocrx_word' id='word_1_614' title='bbox 3111 4508 3310 4564; x_wconf 88' lang='lat' dir='ltr'><strong>equum</strong></span> 
     </span>
    </p>
   </div>
   <div class='ocr_carea' id='block_1_84' title="bbox 83 4555 1656 4654">
    <p class='ocr_par' dir='ltr' id='par_1_84' title="bbox 83 4555 1638 4638">
     <span class='ocr_line' id='line_1_84' title="bbox 83 4555 1638 4638; baseline 0.012 -35"><span class='ocrx_word' id='word_1_615' title='bbox 83 4555 196 4605; x_wconf 81' lang='grc' dir='ltr'>ποιεῖ</span> <span class='ocrx_word' id='word_1_616' title='bbox 231 4556 264 4626; x_wconf 80' lang='grc' dir='ltr'>ἡ</span> <span class='ocrx_word' id='word_1_617' title='bbox 305 4558 403 4611; x_wconf 79' lang='grc' dir='ltr'>τοῦ</span> <span class='ocrx_word' id='word_1_618' title='bbox 442 4559 664 4632; x_wconf 72' lang='grc' dir='ltr'>πατρὸς</span> <span class='ocrx_word' id='word_1_619' title='bbox 708 4562 836 4631; x_wconf 74' lang='grc' dir='ltr'>περὶ</span> <span class='ocrx_word' id='word_1_620' title='bbox 863 4563 954 4617; x_wconf 85' lang='grc' dir='ltr'><strong>τὸν</strong></span> <span class='ocrx_word' id='word_1_621' title='bbox 985 4563 1182 4636; x_wconf 91' lang='grc' dir='ltr'>δρόμον</span> <span class='ocrx_word' id='word_1_622' title='bbox 1214 4567 1491 4638; x_wconf 81' lang='grc' dir='ltr'>εὐμοιρία,</span> <span class='ocrx_word' id='word_1_623' title='bbox 1515 4566 1638 4620; x_wconf 74' lang='grc' dir='ltr'>οὕτε</span> 
     </span>
    </p>
   </div>
   <div class='ocr_carea' id='block_1_85' title="bbox 1758 4555 3309 4654">
    <p class='ocr_par' dir='ltr' id='par_1_85' title="bbox 1758 4562 3309 4654">
     <span class='ocr_line' id='line_1_85' title="bbox 1758 4562 3309 4654; baseline 0.015 -36"><span class='ocrx_word' id='word_1_624' title='bbox 1758 4562 1973 4618; x_wconf 81' lang='lat' dir='ltr'><strong>:elerem</strong></span> <span class='ocrx_word' id='word_1_625' title='bbox 2003 4565 2181 4621; x_wconf 89' lang='lat' dir='ltr'><strong>reddit</strong></span> <span class='ocrx_word' id='word_1_626' title='bbox 2209 4567 2328 4637; x_wconf 84' lang='lat' dir='ltr'><strong>ejus</strong></span> <span class='ocrx_word' id='word_1_627' title='bbox 2357 4569 2449 4639; x_wconf 89' lang='lat' dir='ltr'><strong>qui</strong></span> <span class='ocrx_word' id='word_1_628' title='bbox 2473 4574 2660 4641; x_wconf 83' lang='lat' dir='ltr'><strong>genuit</strong></span> <span class='ocrx_word' id='word_1_629' title='bbox 2693 4575 2747 4630; x_wconf 87' lang='lat' dir='ltr'><strong>in</strong></span> <span class='ocrx_word' id='word_1_630' title='bbox 2777 4593 2940 4636; x_wconf 81' lang='lat' dir='ltr'><strong>cursu</strong></span> <span class='ocrx_word' id='word_1_631' title='bbox 2976 4591 3309 4654; x_wconf 68' lang='lat' dir='ltr'><strong>praestantia,</strong></span> 
     </span>
    </p>
   </div>
   <div class='ocr_carea' id='block_1_86' title="bbox 82 4643 1642 4730">
    <p class='ocr_par' dir='ltr' id='par_1_86' title="bbox 82 4643 1642 4730">
     <span class='ocr_line' id='line_1_86' title="bbox 82 4643 1642 4730; baseline 0.01 -33"><span class='ocrx_word' id='word_1_632' title='bbox 82 4643 210 4708; x_wconf 75' lang='grc' dir='ltr'>κυνὸς</span> <span class='ocrx_word' id='word_1_633' title='bbox 234 4647 517 4721; x_wconf 81' lang='grc' dir='ltr'>ἐγκώμιον</span> <span class='ocrx_word' id='word_1_634' title='bbox 545 4651 610 4704; x_wconf 83' lang='grc' dir='ltr'>τὸ</span> <span class='ocrx_word' id='word_1_635' title='bbox 641 4653 706 4706; x_wconf 78' lang='grc' dir='ltr'>ἐκ</span> <span class='ocrx_word' id='word_1_636' title='bbox 742 4654 1055 4724; x_wconf 84' lang='grc' dir='ltr'>ταχυτάτων</span> <span class='ocrx_word' id='word_1_637' title='bbox 1085 4655 1248 4725; x_wconf 85' lang='grc' dir='ltr'>φῦναι</span> <span class='ocrx_word' id='word_1_638' title='bbox 1266 4674 1279 4687; x_wconf 73' lang='grc'><strong><em>⁸</em></strong></span> <span class='ocrx_word' id='word_1_639' title='bbox 1308 4656 1420 4711; x_wconf 87' lang='grc' dir='ltr'>ἀλλ’</span> <span class='ocrx_word' id='word_1_640' title='bbox 1452 4657 1642 4730; x_wconf 84' lang='grc' dir='ltr'>ὥσπερ</span> 
     </span>
    </p>
   </div>
   <div class='ocr_carea' id='block_1_87' title="bbox 79 4729 1640 4817">
    <p class='ocr_par' dir='ltr' id='par_1_87' title="bbox 79 4729 1640 4817">
     <span class='ocr_line' id='line_1_87' title="bbox 79 4729 1640 4817; baseline 0.011 -34"><span class='ocrx_word' id='word_1_641' title='bbox 79 4729 162 4783; x_wconf 83' lang='grc' dir='ltr'><strong>τῶν</strong></span> <span class='ocrx_word' id='word_1_642' title='bbox 185 4733 351 4790; x_wconf 78' lang='grc' dir='ltr'>ἄλλων</span> <span class='ocrx_word' id='word_1_643' title='bbox 381 4738 550 4804; x_wconf 77' lang='grc' dir='ltr'>ζώων</span> <span class='ocrx_word' id='word_1_644' title='bbox 598 4740 632 4811; x_wconf 78' lang='grc' dir='ltr'>ἡ</span> <span class='ocrx_word' id='word_1_645' title='bbox 679 4741 846 4813; x_wconf 81' lang='grc' dir='ltr'>ἀρετὴ</span> <span class='ocrx_word' id='word_1_646' title='bbox 893 4744 950 4796; x_wconf 84' lang='grc' dir='ltr'><strong>ὲν</strong></span> <span class='ocrx_word' id='word_1_647' title='bbox 985 4743 1162 4815; x_wconf 81' lang='grc' dir='ltr'>ἑαυτῷ</span> <span class='ocrx_word' id='word_1_648' title='bbox 1205 4729 1640 4817; x_wconf 53' lang='grc' dir='ltr'>Θεωρεῖταιὲκάέ</span> 
     </span>
    </p>
   </div>
   <div class='ocr_carea' id='block_1_88' title="bbox 80 4825 1681 4912">
    <p class='ocr_par' dir='ltr' id='par_1_88' title="bbox 80 4825 1681 4912">
     <span class='ocr_line' id='line_1_88' title="bbox 80 4825 1681 4912; baseline 0.009 -34"><span class='ocrx_word' id='word_1_649' title='bbox 80 4835 185 4890; x_wconf 75' lang='grc' dir='ltr'>στῳ,</span> <span class='ocrx_word' id='word_1_650' title='bbox 207 4825 342 4880; x_wconf 74' lang='grc' dir='ltr'>οὕτω</span> <span class='ocrx_word' id='word_1_651' title='bbox 397 4832 500 4885; x_wconf 72' lang='grc' dir='ltr'><strong>καὶ</strong></span> <span class='ocrx_word' id='word_1_652' title='bbox 542 4831 740 4904; x_wconf 83' lang='grc' dir='ltr'>ἀνδρὸς</span> <span class='ocrx_word' id='word_1_653' title='bbox 787 4832 915 4898; x_wconf 67' lang='lat' dir='ltr'><strong>tam;</strong></span> <span class='ocrx_word' id='word_1_654' title='bbox 939 4833 1158 4900; x_wconf 79' lang='grc' dir='ltr'>ἔπαινος</span> <span class='ocrx_word' id='word_1_655' title='bbox 1183 4839 1212 4891; x_wconf 86' lang='grc' dir='ltr'>ὁ</span> <span class='ocrx_word' id='word_1_656' title='bbox 1240 4838 1303 4891; x_wconf 82' lang='grc' dir='ltr'><strong>ἐκ</strong></span> <span class='ocrx_word' id='word_1_657' title='bbox 1329 4837 1436 4892; x_wconf 82' lang='grc' dir='ltr'>τῶν</span> <span class='ocrx_word' id='word_1_658' title='bbox 1467 4839 1644 4912; x_wconf 76' lang='grc' dir='ltr'>ὕπαρ·</span> <span class='ocrx_word' id='word_1_659' title='bbox 1676 4869 1681 4873; x_wconf 93' lang='grc'><strong>-</strong></span> 
     </span>
    </p>
   </div>
   <div class='ocr_carea' id='block_1_89' title="bbox 76 4911 1643 5002">
    <p class='ocr_par' dir='ltr' id='par_1_89' title="bbox 76 4911 1643 5002">
     <span class='ocr_line' id='line_1_89' title="bbox 76 4911 1643 5002; baseline 0.013 -38"><span class='ocrx_word' id='word_1_660' title='bbox 76 4911 246 4977; x_wconf 80' lang='grc' dir='ltr'>χόντων</span> <span class='ocrx_word' id='word_1_661' title='bbox 284 4917 437 4990; x_wconf 81' lang='grc' dir='ltr'>αὐτῷ</span> <span class='ocrx_word' id='word_1_662' title='bbox 489 4921 937 4996; x_wconf 81' lang='grc' dir='ltr'>κατορθωμάτων</span> <span class='ocrx_word' id='word_1_663' title='bbox 985 4926 1446 4999; x_wconf 80' lang='grc' dir='ltr'>μαρτυρούμενος.</span> <span class='ocrx_word' id='word_1_664' title='bbox 1490 4930 1643 5002; x_wconf 86' lang='grc' dir='ltr'>Ἀρε-</span> 
     </span>
    </p>
   </div>
   <div class='ocr_carea' id='block_1_90' title="bbox 74 5001 1640 5093">
    <p class='ocr_par' dir='ltr' id='par_1_90' title="bbox 74 5001 1640 5093">
     <span class='ocr_line' id='line_1_90' title="bbox 74 5001 1640 5093; baseline 0.008 -30"><span class='ocrx_word' id='word_1_665' title='bbox 74 5001 152 5070; x_wconf 71' lang='grc' dir='ltr'><strong>τῆς</strong></span> <span class='ocrx_word' id='word_1_666' title='bbox 184 5005 432 5080; x_wconf 79' lang='grc' dir='ltr'>ἄσκησις,</span> <span class='ocrx_word' id='word_1_667' title='bbox 476 5013 670 5083; x_wconf 84' lang='grc' dir='ltr'>τίμιον</span> <span class='ocrx_word' id='word_1_668' title='bbox 726 5015 826 5085; x_wconf 85' lang='grc' dir='ltr'>μὲν</span> <span class='ocrx_word' id='word_1_669' title='bbox 857 5015 1040 5089; x_wconf 84' lang='grc' dir='ltr'>κτῆμα</span> <span class='ocrx_word' id='word_1_670' title='bbox 1080 5018 1158 5090; x_wconf 77' lang='grc' dir='ltr'>τῷ</span> <span class='ocrx_word' id='word_1_671' title='bbox 1199 5019 1396 5091; x_wconf 81' lang='grc' dir='ltr'>ἔχοντι,</span> <span class='ocrx_word' id='word_1_672' title='bbox 1426 5023 1640 5093; x_wconf 79' lang='grc' dir='ltr'>ἥδιστον</span> 
     </span>
    </p>
   </div>
   <div class='ocr_carea' id='block_1_91' title="bbox 71 5091 1677 5190">
    <p class='ocr_par' dir='ltr' id='par_1_91' title="bbox 71 5091 1677 5190">
     <span class='ocr_line' id='line_1_91' title="bbox 71 5091 1677 5190; baseline 0.016 -43"><span class='ocrx_word' id='word_1_673' title='bbox 71 5091 115 5146; x_wconf 83' lang='grc' dir='ltr'>δὲ</span> <span class='ocrx_word' id='word_1_674' title='bbox 153 5095 319 5171; x_wconf 80' lang='grc' dir='ltr'>θέαμα</span> <span class='ocrx_word' id='word_1_675' title='bbox 367 5106 492 5169; x_wconf 80' lang='grc' dir='ltr'>τοῖς</span> <span class='ocrx_word' id='word_1_676' title='bbox 535 5106 980 5176; x_wconf 81' lang='grc' dir='ltr'>ἐντυγχάνουσιν.</span> <span class='ocrx_word' id='word_1_677' title='bbox 1030 5111 1092 5164; x_wconf 79' lang='grc' dir='ltr'><strong>Οἱ</strong></span> <span class='ocrx_word' id='word_1_678' title='bbox 1141 5112 1247 5184; x_wconf 80' lang='grc' dir='ltr'><strong>γάρ</strong></span> <span class='ocrx_word' id='word_1_679' title='bbox 1293 5114 1391 5185; x_wconf 74' lang='grc' dir='ltr'>τὴν</span> <span class='ocrx_word' id='word_1_680' title='bbox 1439 5091 1677 5190; x_wconf 44' lang='grc' dir='ltr'>ἀρετὴν,</span> 
     </span>
    </p>
   </div>
   <div class='ocr_carea' id='block_1_92' title="bbox 75 5191 1641 5279">
    <p class='ocr_par' dir='ltr' id='par_1_92' title="bbox 75 5191 1641 5279">
     <span class='ocr_line' id='line_1_92' title="bbox 75 5191 1641 5279; baseline 0.017 -41"><span class='ocrx_word' id='word_1_681' title='bbox 75 5191 337 5258; x_wconf 84' lang='grc' dir='ltr'>μετιόντες,</span> <span class='ocrx_word' id='word_1_682' title='bbox 392 5195 634 5268; x_wconf 81' lang='grc' dir='ltr'>ἄστροις</span> <span class='ocrx_word' id='word_1_683' title='bbox 690 5200 956 5269; x_wconf 84' lang='grc' dir='ltr'>ἐοίκασιν,</span> <span class='ocrx_word' id='word_1_684' title='bbox 1011 5205 1070 5256; x_wconf 83' lang='grc' dir='ltr'>ὲν</span> <span class='ocrx_word' id='word_1_685' title='bbox 1114 5210 1399 5279; x_wconf 80' lang='grc' dir='ltr'>νυκτερινῇ</span> <span class='ocrx_word' id='word_1_686' title='bbox 1457 5226 1641 5264; x_wconf 87' lang='grc' dir='ltr'>συννε-</span> 
     </span>
    </p>
   </div>
   <div class='ocr_carea' id='block_1_93' title="bbox 71 5279 1638 5371">
    <p class='ocr_par' dir='ltr' id='par_1_93' title="bbox 71 5279 1638 5371">
     <span class='ocr_line' id='line_1_93' title="bbox 71 5279 1638 5371; baseline 0.016 -37"><span class='ocrx_word' id='word_1_687' title='bbox 71 5279 174 5354; x_wconf 72' lang='grc' dir='ltr'>φείᾳ</span> <span class='ocrx_word' id='word_1_688' title='bbox 205 5284 298 5355; x_wconf 83' lang='grc'>(5),</span> <span class='ocrx_word' id='word_1_689' title='bbox 325 5287 521 5350; x_wconf 84' lang='grc' dir='ltr'>ἄλλοις</span> <span class='ocrx_word' id='word_1_690' title='bbox 574 5290 699 5344; x_wconf 84' lang='grc' dir='ltr'>κατ’</span> <span class='ocrx_word' id='word_1_691' title='bbox 735 5293 870 5347; x_wconf 84' lang='grc' dir='ltr'>ἄλλα</span> <span class='ocrx_word' id='word_1_692' title='bbox 916 5295 1056 5367; x_wconf 81' lang='grc' dir='ltr'>μέρη</span> <span class='ocrx_word' id='word_1_693' title='bbox 1103 5298 1199 5352; x_wconf 76' lang='grc' dir='ltr'><strong>τοῦ</strong></span> <span class='ocrx_word' id='word_1_694' title='bbox 1247 5301 1478 5371; x_wconf 80' lang='grc' dir='ltr'>οὐρανοῦ</span> <span class='ocrx_word' id='word_1_695' title='bbox 1520 5303 1638 5358; x_wconf 88' lang='grc' dir='ltr'>δια-</span> 
     </span>
    </p>
   </div>
   <div class='ocr_carea' id='block_1_94' title="bbox 122 5460 1634 5558">
    <p class='ocr_par' dir='ltr' id='par_1_94' title="bbox 122 5460 1634 5558">
     <span class='ocr_line' id='line_1_94' title="bbox 122 5460 1634 5558; baseline 0.013 -40"><span class='ocrx_word' id='word_1_696' title='bbox 222 5465 403 5558; x_wconf 58' lang='grc' dir='ltr'>ςρπερ</span> <span class='ocrx_word' id='word_1_697' title='bbox 421 5470 649 5558; x_wconf 53' lang='grc' dir='ltr'><strong>τ(δίκην.</strong></span> <span class='ocrx_word' id='word_1_698' title='bbox 675 5474 808 5558; x_wconf 51' lang='lat' dir='ltr'><strong>Reg;</strong></span> <span class='ocrx_word' id='word_1_699' title='bbox 823 5477 1001 5558; x_wconf 36' lang='lat' dir='ltr'><strong>facile}:</strong></span> <span class='ocrx_word' id='word_1_700' title='bbox 1029 5487 1276 5558; x_wconf 73' lang='lat' dir='ltr'><strong>uterque,</strong></span> <span class='ocrx_word' id='word_1_701' title='bbox 1302 5483 1439 5555; x_wconf 81' lang='grc' dir='ltr'>ὅπερ</span> <span class='ocrx_word' id='word_1_702' title='bbox 1457 5485 1634 5558; x_wconf 84' lang='grc' dir='ltr'>δίκης.</span> 
     </span>
    </p>
   </div>
   <div class='ocr_carea' id='block_1_95' title="bbox 141 5533 1637 5626">
    <p class='ocr_par' dir='ltr' id='par_1_95' title="bbox 141 5533 1637 5626">
     <span class='ocr_line' id='line_1_95' title="bbox 141 5533 1637 5626; baseline 0.014 -34"><span class='ocrx_word' id='word_1_703' title='bbox 141 5533 190 5626; x_wconf 63' lang='lat' dir='ltr'><strong>gi</strong></span> <span class='ocrx_word' id='word_1_704' title='bbox 222 5533 395 5609; x_wconf 69' lang='grc' dir='ltr'>Ἐχῄ.</span> <span class='ocrx_word' id='word_1_705' title='bbox 420 5533 1637 5626; x_wconf 52' lang='lat' dir='ltr'><strong>Reg.‘codex&quot;199-2,sxai.aiii{iubiqbé23;;</strong></span> 
     </span>
    </p>
   </div>
   <div class='ocr_carea' id='block_1_96' title="bbox 64 5605 1636 5770">
    <p class='ocr_par' dir='ltr' id='par_1_96' title="bbox 64 5605 1636 5770">
     <span class='ocr_line' id='line_1_96' title="bbox 64 5613 205 5651; baseline 0.035 -3"><span class='ocrx_word' id='word_1_706' title='bbox 64 5613 117 5651; x_wconf 81' lang='grc' dir='ltr'><strong>πε</strong></span> <span class='ocrx_word' id='word_1_707' title='bbox 197 5625 205 5646; x_wconf 68' lang='grc' dir='ltr'>τ</span> 
     </span>
     <span class='ocr_line' id='line_1_97' title="bbox 64 5605 1636 5770; baseline 0.016 -40"><span class='ocrx_word' id='word_1_708' title='bbox 64 5741 86 5770; x_wconf 53' lang='grc' dir='ltr'><em>Α</em></span> <span class='ocrx_word' id='word_1_709' title='bbox 116 5605 585 5752; x_wconf 46' lang='grc' dir='ltr'><strong>ἶὲἵῗζννεφείᾳ.</strong></span> <span class='ocrx_word' id='word_1_710' title='bbox 619 5685 753 5770; x_wconf 83' lang='lat' dir='ltr'><strong>Male</strong></span> <span class='ocrx_word' id='word_1_711' title='bbox 769 5686 833 5770; x_wconf 56' lang='lat' dir='ltr'><strong>in</strong></span> <span class='ocrx_word' id='word_1_712' title='bbox 861 5688 1020 5770; x_wconf 76' lang='lat' dir='ltr'><strong>editis</strong></span> <span class='ocrx_word' id='word_1_713' title='bbox 1047 5694 1331 5770; x_wconf 73' lang='grc' dir='ltr'>συναφεξᾳ,</span> <span class='ocrx_word' id='word_1_714' title='bbox 1349 5697 1493 5766; x_wconf 86' lang='lat' dir='ltr'><strong>quod</strong></span> <span class='ocrx_word' id='word_1_715' title='bbox 1519 5701 1636 5770; x_wconf 84' lang='lat' dir='ltr'><strong>qui-</strong></span> 
     </span>
    </p>
   </div>
   <div class='ocr_carea' id='block_1_97' title="bbox 61 5741 1631 5827">
    <p class='ocr_par' dir='ltr' id='par_1_97' title="bbox 61 5741 1631 5827">
     <span class='ocr_line' id='line_1_98' title="bbox 61 5741 1631 5827; baseline 0.019 -30"><span class='ocrx_word' id='word_1_716' title='bbox 61 5741 294 5827; x_wconf 39' lang='lat' dir='ltr'><strong>dcurope</strong></span> <span class='ocrx_word' id='word_1_717' title='bbox 331 5741 648 5809; x_wconf 60' lang='lat' dir='ltr'><strong>contuitus</strong></span> <span class='ocrx_word' id='word_1_718' title='bbox 675 5765 728 5810; x_wconf 90' lang='lat' dir='ltr'><strong>et</strong></span> <span class='ocrx_word' id='word_1_719' title='bbox 764 5741 915 5827; x_wconf 77' lang='lat' dir='ltr'><strong>Regii</strong></span> <span class='ocrx_word' id='word_1_720' title='bbox 935 5741 1164 5819; x_wconf 69' lang='lat' dir='ltr'><strong>codicis</strong></span> <span class='ocrx_word' id='word_1_721' title='bbox 1192 5741 1631 5827; x_wconf 52' lang='lat' dir='ltr'><strong>Emeiii&#39;lavimlus.</strong></span> 
     </span>
    </p>
   </div>
   <div class='ocr_carea' id='block_1_98' title="bbox 121 5814 1388 5902">
    <p class='ocr_par' dir='ltr' id='par_1_98' title="bbox 121 5814 1388 5902">
     <span class='ocr_line' id='line_1_99' title="bbox 121 5814 1388 5902; baseline 0.017 -29"><span class='ocrx_word' id='word_1_722' title='bbox 121 5814 186 5886; x_wconf 66' lang='grc'>(4)</span> <span class='ocrx_word' id='word_1_723' title='bbox 216 5814 288 5876; x_wconf 82' lang='lat' dir='ltr'><strong>Ex</strong></span> <span class='ocrx_word' id='word_1_724' title='bbox 321 5839 498 5880; x_wconf 89' lang='lat' dir='ltr'><strong>serm.</strong></span> <span class='ocrx_word' id='word_1_725' title='bbox 540 5827 628 5878; x_wconf 82' lang='lat' dir='ltr'><strong>De</strong></span> <span class='ocrx_word' id='word_1_726' title='bbox 659 5814 884 5896; x_wconf 59' lang='lat' dir='ltr'><strong>legendis</strong></span> <span class='ocrx_word' id='word_1_727' title='bbox 918 5814 1388 5902; x_wconf 82' lang='lat' dir='ltr'><strong>libris</strong></span> 
     </span>
    </p>
   </div>
   <div class='ocr_carea' id='block_1_99' title="bbox 438 5921 1184 5989">
    <p class='ocr_par' dir='ltr' id='par_1_99' title="bbox 438 5921 1184 5989">
     <span class='ocr_line' id='line_1_100' title="bbox 438 5921 1184 5989; baseline 0.011 -9"><span class='ocrx_word' id='word_1_728' title='bbox 438 5921 730 5984; x_wconf 60' lang='grc' dir='ltr'>Ρλτειοι..</span> <span class='ocrx_word' id='word_1_729' title='bbox 764 5922 879 5986; x_wconf 77' lang='lat' dir='ltr'><strong>Gn.</strong></span> <span class='ocrx_word' id='word_1_730' title='bbox 914 5923 1184 5989; x_wconf 73' lang='lat' dir='ltr'><strong>XXXII.</strong></span> 
     </span>
    </p>
   </div>
   <div class='ocr_carea' id='block_1_100' title="bbox 1742 4657 3310 4750">
    <p class='ocr_par' dir='ltr' id='par_1_100' title="bbox 1742 4657 3310 4750">
     <span class='ocr_line' id='line_1_101' title="bbox 1742 4657 3310 4750; baseline 0.017 -40"><span class='ocrx_word' id='word_1_731' title='bbox 1742 4671 1920 4726; x_wconf 90' lang='lat' dir='ltr'><strong>neque</strong></span> <span class='ocrx_word' id='word_1_732' title='bbox 1943 4657 2097 4714; x_wconf 86' lang='lat' dir='ltr'><strong>canis</strong></span> <span class='ocrx_word' id='word_1_733' title='bbox 2123 4659 2362 4718; x_wconf 90' lang='lat' dir='ltr'><strong>laudatio</strong></span> <span class='ocrx_word' id='word_1_734' title='bbox 2381 4671 2484 4731; x_wconf 85' lang='lat' dir='ltr'><strong>est,</strong></span> <span class='ocrx_word' id='word_1_735' title='bbox 2505 4681 2569 4721; x_wconf 78' lang='lat' dir='ltr'><strong>ex</strong></span> <span class='ocrx_word' id='word_1_736' title='bbox 2601 4668 2962 4731; x_wconf 85' lang='lat' dir='ltr'><strong>velocissimis</strong></span> <span class='ocrx_word' id='word_1_737' title='bbox 2985 4689 3310 4750; x_wconf 80' lang='lat' dir='ltr'><strong>prognatum</strong></span> 
     </span>
    </p>
   </div>
   <div class='ocr_carea' id='block_1_101' title="bbox 1742 4750 3311 4835">
    <p class='ocr_par' dir='ltr' id='par_1_101' title="bbox 1742 4750 3311 4835">
     <span class='ocr_line' id='line_1_102' title="bbox 1742 4750 3311 4835; baseline 0.017 -31"><span class='ocrx_word' id='word_1_738' title='bbox 1742 4763 1886 4805; x_wconf 88' lang='lat' dir='ltr'><strong>esse.</strong></span> <span class='ocrx_word' id='word_1_739' title='bbox 1932 4750 2040 4807; x_wconf 87' lang='lat' dir='ltr'><strong>Sed</strong></span> <span class='ocrx_word' id='word_1_740' title='bbox 2082 4754 2542 4822; x_wconf 89' lang='lat' dir='ltr'><strong>quemadmodum</strong></span> <span class='ocrx_word' id='word_1_741' title='bbox 2608 4763 2944 4835; x_wconf 90' lang='lat' dir='ltr'><strong>reliquorum</strong></span> <span class='ocrx_word' id='word_1_742' title='bbox 2993 4770 3311 4831; x_wconf 87' lang='lat' dir='ltr'><strong>animalium</strong></span> 
     </span>
    </p>
   </div>
   <div class='ocr_carea' id='block_1_102' title="bbox 1741 4841 3316 4936">
    <p class='ocr_par' dir='ltr' id='par_1_102' title="bbox 1741 4841 3316 4936">
     <span class='ocr_line' id='line_1_103' title="bbox 1741 4841 3316 4936; baseline 0.018 -43"><span class='ocrx_word' id='word_1_743' title='bbox 1741 4841 1917 4897; x_wconf 91' lang='lat' dir='ltr'><strong>virtus</strong></span> <span class='ocrx_word' id='word_1_744' title='bbox 1946 4841 2003 4896; x_wconf 86' lang='lat' dir='ltr'><strong>in</strong></span> <span class='ocrx_word' id='word_1_745' title='bbox 2037 4858 2370 4920; x_wconf 85' lang='lat' dir='ltr'><strong>unoquoque</strong></span> <span class='ocrx_word' id='word_1_746' title='bbox 2403 4851 2789 4909; x_wconf 89' lang='lat' dir='ltr'><strong>consideratur</strong></span> <span class='ocrx_word' id='word_1_747' title='bbox 2825 4875 2837 4911; x_wconf 91' lang='lat'><strong>:</strong></span> <span class='ocrx_word' id='word_1_748' title='bbox 2876 4859 2950 4913; x_wconf 88' lang='lat' dir='ltr'><strong>ita</strong></span> <span class='ocrx_word' id='word_1_749' title='bbox 2979 4869 3032 4916; x_wconf 91' lang='lat' dir='ltr'><strong>et</strong></span> <span class='ocrx_word' id='word_1_750' title='bbox 3053 4863 3156 4918; x_wconf 88' lang='lat' dir='ltr'><strong>viri</strong></span> <span class='ocrx_word' id='word_1_751' title='bbox 3186 4883 3316 4936; x_wconf 79' lang='lat' dir='ltr'><strong>pro-</strong></span> 
     </span>
    </p>
   </div>
   <div class='ocr_carea' id='block_1_103' title="bbox 1741 4933 3313 5018">
    <p class='ocr_par' dir='ltr' id='par_1_103' title="bbox 1741 4933 3313 5018">
     <span class='ocr_line' id='line_1_104' title="bbox 1741 4933 3313 5018; baseline 0.019 -32"><span class='ocrx_word' id='word_1_752' title='bbox 1741 4933 1861 5003; x_wconf 88' lang='lat' dir='ltr'><strong>pria</strong></span> <span class='ocrx_word' id='word_1_753' title='bbox 1904 4934 2024 4991; x_wconf 86' lang='lat' dir='ltr'><strong>laus</strong></span> <span class='ocrx_word' id='word_1_754' title='bbox 2071 4946 2174 5003; x_wconf 87' lang='lat' dir='ltr'><strong>est,</strong></span> <span class='ocrx_word' id='word_1_755' title='bbox 2217 4954 2338 5009; x_wconf 67' lang='lat' dir='ltr'><strong>quae</strong></span> <span class='ocrx_word' id='word_1_756' title='bbox 2385 4957 2451 4997; x_wconf 81' lang='lat' dir='ltr'><strong>ex</strong></span> <span class='ocrx_word' id='word_1_757' title='bbox 2490 4946 2728 5014; x_wconf 86' lang='lat' dir='ltr'><strong>propriis</strong></span> <span class='ocrx_word' id='word_1_758' title='bbox 2761 4949 2932 5018; x_wconf 89' lang='lat' dir='ltr'><strong>ipsius</strong></span> <span class='ocrx_word' id='word_1_759' title='bbox 2965 4965 3112 5012; x_wconf 89' lang='lat' dir='ltr'><strong>recte</strong></span> <span class='ocrx_word' id='word_1_760' title='bbox 3154 4933 3313 5016; x_wconf 77' lang='lat' dir='ltr'><strong>factis</strong></span> 
     </span>
    </p>
   </div>
   <div class='ocr_carea' id='block_1_104' title="bbox 1741 5028 3311 5122">
    <p class='ocr_par' dir='ltr' id='par_1_104' title="bbox 1741 5028 3311 5122">
     <span class='ocr_line' id='line_1_105' title="bbox 1741 5028 3311 5122; baseline 0.019 -43"><span class='ocrx_word' id='word_1_761' title='bbox 1741 5028 2114 5084; x_wconf 89' lang='lat' dir='ltr'><strong>testimonium</strong></span> <span class='ocrx_word' id='word_1_762' title='bbox 2159 5032 2340 5088; x_wconf 91' lang='lat' dir='ltr'><strong>habet.</strong></span> <span class='ocrx_word' id='word_1_763' title='bbox 2376 5035 2452 5106; x_wconf 88' lang='lat'><strong>(9)</strong></span> <span class='ocrx_word' id='word_1_764' title='bbox 2491 5038 2719 5096; x_wconf 85' lang='lat' dir='ltr'><strong>Virtutis</strong></span> <span class='ocrx_word' id='word_1_765' title='bbox 2766 5046 3124 5115; x_wconf 85' lang='lat' dir='ltr'><strong>exercitatio,</strong></span> <span class='ocrx_word' id='word_1_766' title='bbox 3187 5067 3311 5122; x_wconf 82' lang='lat' dir='ltr'><strong>pre-</strong></span> 
     </span>
    </p>
   </div>
   <div class='ocr_carea' id='block_1_105' title="bbox 1742 5115 3309 5204">
    <p class='ocr_par' dir='ltr' id='par_1_105' title="bbox 1742 5115 3309 5204">
     <span class='ocr_line' id='line_1_106' title="bbox 1742 5115 3309 5204; baseline 0.019 -33"><span class='ocrx_word' id='word_1_767' title='bbox 1742 5115 1881 5172; x_wconf 91' lang='lat' dir='ltr'><strong>tiosa</strong></span> <span class='ocrx_word' id='word_1_768' title='bbox 1936 5119 2156 5190; x_wconf 89' lang='lat' dir='ltr'><strong>quidem</strong></span> <span class='ocrx_word' id='word_1_769' title='bbox 2206 5123 2424 5180; x_wconf 87' lang='lat' dir='ltr'><strong>babenti</strong></span> <span class='ocrx_word' id='word_1_770' title='bbox 2487 5133 2786 5198; x_wconf 90' lang='lat' dir='ltr'><strong>possessio,</strong></span> <span class='ocrx_word' id='word_1_771' title='bbox 2843 5135 3309 5204; x_wconf 74' lang='lat' dir='ltr'><strong>iucundissimum</strong></span> 
     </span>
    </p>
   </div>
   <div class='ocr_carea' id='block_1_106' title="bbox 1741 5217 3308 5304">
    <p class='ocr_par' dir='ltr' id='par_1_106' title="bbox 1741 5217 3308 5304">
     <span class='ocr_line' id='line_1_107' title="bbox 1741 5217 3308 5304; baseline 0.019 -41"><span class='ocrx_word' id='word_1_772' title='bbox 1741 5217 1921 5266; x_wconf 88' lang='lat' dir='ltr'><strong>autem</strong></span> <span class='ocrx_word' id='word_1_773' title='bbox 1961 5218 2378 5274; x_wconf 88' lang='lat' dir='ltr'><strong>occurrentibus</strong></span> <span class='ocrx_word' id='word_1_774' title='bbox 2423 5227 2818 5290; x_wconf 89' lang='lat' dir='ltr'><strong>spectaculum.</strong></span> <span class='ocrx_word' id='word_1_775' title='bbox 2862 5229 2995 5286; x_wconf 90' lang='lat' dir='ltr'><strong>Nam</strong></span> <span class='ocrx_word' id='word_1_776' title='bbox 3043 5235 3137 5304; x_wconf 91' lang='lat' dir='ltr'><strong>qui</strong></span> <span class='ocrx_word' id='word_1_777' title='bbox 3198 5238 3308 5292; x_wconf 81' lang='lat' dir='ltr'><strong>vir-</strong></span> 
     </span>
    </p>
   </div>
   <div class='ocr_carea' id='block_1_107' title="bbox 1739 5307 3311 5384">
    <p class='ocr_par' dir='ltr' id='par_1_107' title="bbox 1739 5307 3311 5384">
     <span class='ocr_line' id='line_1_108' title="bbox 1739 5307 3311 5384; baseline 0.019 -28"><span class='ocrx_word' id='word_1_778' title='bbox 1739 5312 1908 5360; x_wconf 90' lang='lat' dir='ltr'><strong>tutem</strong></span> <span class='ocrx_word' id='word_1_779' title='bbox 1947 5307 2135 5363; x_wconf 90' lang='lat' dir='ltr'><strong>colunt</strong></span> <span class='ocrx_word' id='word_1_780' title='bbox 2165 5308 2301 5381; x_wconf 83' lang='grc'>(10),</span> <span class='ocrx_word' id='word_1_781' title='bbox 2332 5312 2603 5371; x_wconf 84' lang='lat' dir='ltr'><strong>sideribus</strong></span> <span class='ocrx_word' id='word_1_782' title='bbox 2631 5317 2836 5376; x_wconf 90' lang='lat' dir='ltr'><strong>similes</strong></span> <span class='ocrx_word' id='word_1_783' title='bbox 2875 5331 3004 5378; x_wconf 91' lang='lat' dir='ltr'><strong>sunt</strong></span> <span class='ocrx_word' id='word_1_784' title='bbox 3047 5326 3104 5381; x_wconf 90' lang='lat' dir='ltr'><strong>in</strong></span> <span class='ocrx_word' id='word_1_785' title='bbox 3137 5329 3311 5384; x_wconf 86' lang='lat' dir='ltr'><strong>nebu-</strong></span> 
     </span>
    </p>
   </div>
   <div class='ocr_carea' id='block_1_108' title="bbox 1834 5483 2938 5561">
    <p class='ocr_par' dir='ltr' id='par_1_108' title="bbox 1834 5483 2938 5561">
     <span class='ocr_line' id='line_1_109' title="bbox 1834 5483 2938 5561; baseline 0.016 -23"><span class='ocrx_word' id='word_1_786' title='bbox 1914 5485 1991 5561; x_wconf 83' lang='lat' dir='ltr'><strong>E_x</strong></span> <span class='ocrx_word' id='word_1_787' title='bbox 2023 5487 2168 5542; x_wconf 87' lang='lat' dir='ltr'><strong>hom.</strong></span> <span class='ocrx_word' id='word_1_788' title='bbox 2200 5489 2254 5543; x_wconf 85' lang='lat' dir='ltr'><strong>in</strong></span> <span class='ocrx_word' id='word_1_789' title='bbox 2282 5491 2596 5561; x_wconf 78' lang='lat' dir='ltr'><strong>principium</strong></span> <span class='ocrx_word' id='word_1_790' title='bbox 2623 5494 2783 5553; x_wconf 82' lang='lat' dir='ltr'><strong>Prov.</strong></span> <span class='ocrx_word' id='word_1_791' title='bbox 2817 5499 2938 5556; x_wconf 80' lang='grc'><strong>103.</strong></span> 
     </span>
    </p>
   </div>
   <div class='ocr_carea' id='block_1_109' title="bbox 1810 5487 3088 5643">
    <p class='ocr_par' dir='ltr' id='par_1_109' title="bbox 1810 5487 3088 5643">
     <span class='ocr_line' id='line_1_110' title="bbox 1834 5487 2938 5561; baseline 0.016 -23"><span class='ocrx_word' id='word_1_792' title='bbox 1834 5487 1888 5547; x_wconf 77' lang='lat'><strong>5)</strong></span> <span class='ocrx_word' id='word_1_793' title='bbox 1914 5487 1991 5540; x_wconf 83' lang='lat' dir='ltr'><strong>Ex</strong></span> <span class='ocrx_word' id='word_1_794' title='bbox 2023 5487 2168 5542; x_wconf 87' lang='lat' dir='ltr'><strong>hom.</strong></span> <span class='ocrx_word' id='word_1_795' title='bbox 2200 5489 2254 5543; x_wconf 85' lang='lat' dir='ltr'><strong>in</strong></span> <span class='ocrx_word' id='word_1_796' title='bbox 2282 5491 2596 5561; x_wconf 78' lang='lat' dir='ltr'><strong>principium</strong></span> <span class='ocrx_word' id='word_1_797' title='bbox 2623 5494 2783 5553; x_wconf 82' lang='lat' dir='ltr'><strong>Prov.</strong></span> <span class='ocrx_word' id='word_1_798' title='bbox 2817 5499 2938 5556; x_wconf 80' lang='grc'><strong>103.</strong></span> 
     </span>
     <span class='ocr_line' id='line_1_111' title="bbox 1810 5487 3088 5643; baseline 0.016 -32"><span class='ocrx_word' id='word_1_799' title='bbox 1914 5557 2206 5643; x_wconf 48' lang='grc' dir='ltr'>,βα-δειξῐρλ</span> <span class='ocrx_word' id='word_1_800' title='bbox 2233 5561 2309 5615; x_wconf 85' lang='lat' dir='ltr'><strong>De</strong></span> <span class='ocrx_word' id='word_1_801' title='bbox 2335 5563 2565 5632; x_wconf 80' lang='lat' dir='ltr'><strong>legendis</strong></span> <span class='ocrx_word' id='word_1_802' title='bbox 2597 5567 2746 5623; x_wconf 78' lang='lat' dir='ltr'><strong>libris</strong></span> <span class='ocrx_word' id='word_1_803' title='bbox 2790 5583 2929 5640; x_wconf 83' lang='lat' dir='ltr'><strong>gent.</strong></span> <span class='ocrx_word' id='word_1_804' title='bbox 2968 5575 3088 5631; x_wconf 76' lang='grc'><strong>175.</strong></span> 
     </span>
    </p>
   </div>
   <div class='ocr_carea' id='block_1_110' title="bbox 1807 5628 2740 5770">
    <p class='ocr_par' dir='ltr' id='par_1_110' title="bbox 1807 5628 2740 5770">
     <span class='ocr_line' id='line_1_112' title="bbox 1807 5628 2403 5698; baseline 0.015 -19"><span class='ocrx_word' id='word_1_805' title='bbox 1807 5628 1883 5698; x_wconf 84' lang='lat'><strong>(7)</strong></span> <span class='ocrx_word' id='word_1_806' title='bbox 1914 5628 2070 5691; x_wconf 92' lang='lat' dir='ltr'><strong>lbid.,</strong></span> <span class='ocrx_word' id='word_1_807' title='bbox 2105 5630 2226 5686; x_wconf 84' lang='grc'><strong>178.</strong></span> <span class='ocrx_word' id='word_1_808' title='bbox 2384 5628 2403 5632; x_wconf 58' lang='grc'>⁷</span> 
     </span>
     <span class='ocr_line' id='line_1_113' title="bbox 1809 5697 2740 5770; baseline 0.018 -22"><span class='ocrx_word' id='word_1_809' title='bbox 1809 5697 1884 5770; x_wconf 82' lang='grc'><strong>(8)</strong></span> <span class='ocrx_word' id='word_1_810' title='bbox 1913 5698 1987 5770; x_wconf 62' lang='lat' dir='ltr'><strong>Ex</strong></span> <span class='ocrx_word' id='word_1_811' title='bbox 2017 5701 2165 5754; x_wconf 85' lang='lat' dir='ltr'><strong>hom.</strong></span> <span class='ocrx_word' id='word_1_812' title='bbox 2194 5703 2270 5756; x_wconf 88' lang='lat' dir='ltr'><strong>De</strong></span> <span class='ocrx_word' id='word_1_813' title='bbox 2297 5703 2585 5770; x_wconf 79' lang='lat' dir='ltr'><strong>Mamante,</strong></span> <span class='ocrx_word' id='word_1_814' title='bbox 2623 5711 2740 5766; x_wconf 73' lang='grc'><strong>183.</strong></span> 
     </span>
    </p>
   </div>
   <div class='ocr_carea' id='block_1_111' title="bbox 1807 5769 2872 5840">
    <p class='ocr_par' dir='ltr' id='par_1_111' title="bbox 1807 5769 2872 5840">
     <span class='ocr_line' id='line_1_114' title="bbox 1807 5769 2872 5840; baseline 0.015 -19"><span class='ocrx_word' id='word_1_815' title='bbox 1807 5769 1882 5840; x_wconf 87' lang='grc'>(9)</span> <span class='ocrx_word' id='word_1_816' title='bbox 1922 5769 2156 5840; x_wconf 81' lang='lat' dir='ltr'><strong>Uterque</strong></span> <span class='ocrx_word' id='word_1_817' title='bbox 2187 5777 2354 5830; x_wconf 81' lang='lat' dir='ltr'><strong>codex</strong></span> <span class='ocrx_word' id='word_1_818' title='bbox 2389 5778 2588 5832; x_wconf 88' lang='lat' dir='ltr'><strong>indicat</strong></span> <span class='ocrx_word' id='word_1_819' title='bbox 2621 5781 2872 5838; x_wconf 70' lang='lat' dir='ltr'><strong>Hexaem.</strong></span> 
     </span>
    </p>
   </div>
   <div class='ocr_carea' id='block_1_112' title="bbox 1807 5839 2538 5915">
    <p class='ocr_par' dir='ltr' id='par_1_112' title="bbox 1807 5839 2538 5915">
     <span class='ocr_line' id='line_1_115' title="bbox 1807 5839 2538 5915; baseline 0.015 -24"><span class='ocrx_word' id='word_1_820' title='bbox 1807 5839 1918 5912; x_wconf 87' lang='lat' dir='ltr'><strong>(l0)</strong></span> <span class='ocrx_word' id='word_1_821' title='bbox 1954 5841 2026 5895; x_wconf 79' lang='lat' dir='ltr'><strong>Ex</strong></span> <span class='ocrx_word' id='word_1_822' title='bbox 2052 5839 2210 5913; x_wconf 80' lang='lat' dir='ltr'><strong>epist.</strong></span> <span class='ocrx_word' id='word_1_823' title='bbox 2242 5861 2382 5915; x_wconf 76' lang='lat' dir='ltr'><strong>CLIV,</strong></span> <span class='ocrx_word' id='word_1_824' title='bbox 2415 5848 2538 5902; x_wconf 68' lang='grc'>⁸245.</span> 
     </span>
    </p>
   </div>
   <div class='ocr_carea' id='block_1_113' title="bbox 2910 5947 2988 6008">
    <p class='ocr_par' dir='ltr' id='par_1_113' title="bbox 2910 5947 2988 6008">
     <span class='ocr_line' id='line_1_116' title="bbox 2910 5947 2988 6008; baseline 0.026 -2"><span class='ocrx_word' id='word_1_825' title='bbox 2910 5947 2988 6008; x_wconf 84' lang='grc'><strong>36</strong></span> 
     </span>
    </p>
   </div>
  </div>
