3810 6490
567 327 698 384 1131

1435 327 1794 384 APPENDII.
1835 359 1902 369 —
1943 326 2290 385 SYHEONIS
2329 331 2863 395 METAPIIRASTE

3630 360 3728 416 HS!

567 448 686 502 losa
713 453 870 501 nocte
889 411 1022 500 alias
1049 444 1172 500 aliis
1198 444 1318 500 cmli
1346 453 1528 516 partes
1549 446 1980 501 illustrantibus:
2005 461 2133 515 quo-

2237 447 2682 545 λάμπουσιννῷν
2717 459 2975 522 χαρίεσσα.
2999 471 3108 531 μεν
3153 464 3185 534 ὴ
3234 471 3564 538 Λαμπρόιης,
3596 482 3728 545 χαριέ.

575 554 695 592 rum
721 537 882 608 476
914 545 1103 608 gratus
1135 536 1353 607 quidem
1381 539 1656 609 splendor,
1685 538 1777 592 sed
1806 553 1872 592 eo
1903 539 2131 608 gratior,

567 631 711 685 quod
758 643 863 684 non
913 633 1284 696 exspectatur.
1344 627 1505 682 Tales
1551 637 1604 683 et
1652 629 1724 682 illi
1774 636 1923 693 sunt,
1973 628 2130 700 pauci

568 719 858 773 admodum
905 727 958 772 et
1009 717 1166 773 facile
1202 719 1586 782 numerabiles,
1632 722 1685 774 in
1722 719 1822 774 hac
1855 721 1999 776 tristi
2045 736 2125 775 reo

567 825 684 862 rum
713 809 1040 867 conditione.
1073 810 1229 878 quasi
1257 810 1310 863 in
1343 818 1502 865 nocte
1538 810 1689 864 illuni
1720 821 2074 866 coruscantes
2115 829 2127 864 :

565 910 760 969 pra'ter
795 901 1012 956 virtutis
1041 903 1293 972 gratiam,
1331 902 1454 956 inde
1478 903 1662 964 etiam,
1694 903 1840 970 quod
1869 903 1980 956 rari
2021 903 2132 957 sint

568 994 810 1053 inventu,
847 994 1175 1048 desiderium
1225 1004 1522 1049 moventes.
1567 994 1641 1064 (l)
1690 995 1871 1064 Turpe
1906 1007 1992 1050 est
2031 1011 2131 1048 au-

567 1093 675 1136 tem
711 1084 890 1137 alieno
928 1092 1124 1138 ornatu
1157 1084 1408 1138 decorari
1432 1101 1554 1138 eum
1583 1088 1674 1157 qui
1699 1102 1796 1140 sua
1826 1087 1996 1157 ipsius
2023 1087 2132 1142 vir-

565 1182 681 1228 tute
714 1175 942 1230 illustris
965 1183 1069 1230 est.

635 1268 687 1320 8.
724 1268 798 1338 (2)
835 1269 1017 1336 Itaque
1046 1283 1112 1323 ne
1148 1269 1276 1322 mihi
1323 1267 1475 1322 dicas
1516 1282 1545 1321 a
1580 1267 1688 1321 Deo
1721 1268 1921 1322 malum
1963 1268 2131 1339 origi-

565 1373 687 1410 nem
725 1359 920 1413 babere
960 1377 971 1413 :
1012 1358 1063 1412 id
1096 1359 1238 1414 enim
1273 1359 1496 1428 impium
1530 1367 1634 1420 est,
1667 1369 1952 1428 propterea
1983 1360 2130 1429 quod

568 1451 775 1503 nullum
819 1451 1156 1505 contrarium
1208 1466 1237 1503 a
1297 1451 1575 1506 contrario
1617 1452 1890 1522 gignatur.
1943 1449 2130 1520 Neque

565 1544 708 1596 enim
748 1543 857 1595 vita
898 1551 1125 1598 mortem
1175 1553 1432 1613 generat,
1481 1559 1656 1612 neque
1705 1544 1940 1598 tenebrze
1991 1545 2130 1600 lucis

569 1635 888 1704 principium
935 1644 1082 1698 sunt,
1131 1650 1305 1704 neque
1351 1635 1572 1689 morbus
1609 1633 1787 1704 opifex
1816 1647 1899 1690 est
1925 1637 2129 1691 sanita—

566 1727 637 1780 tis
670 1745 683 1792 ;
712 1727 806 1780 sed
848 1726 900 1779 in
951 1727 1299 1782 affectionum
1343 1729 1866 1783 commutationibus
1889 1769 1904 1792 ,
1939 1746 1968 1784 e
1999 1745 2128 1784 con-

2233 543 2520 637 636900?
2568 543 2737 614 δήπου
2784 545 2844 637 τὸ
2876 547 3294 625 ἀπροσδόκητον.
3323 560 3553 615 Τοιοῦτοι
3655 543 3732 623 ini

2230 627 2394 698 οὗτοι,
2418 633 2587 702 ὀλίγοι
2620 636 2895 699 παντελῶς
2935 639 3028 692 καὶ
3063 647 3434 719 εὐαρίθμητοι,
3463 657 3517 706 έν
3555 627 3733 728 τίσιν,

2232 720 2422 792 Θρωπῇ
2465 721 2640 794 ταύτῃ
2682 725 3006 778 καταστάσει
3048 729 3142 781 τοῦ
3193 732 3308 801 βίου
3357 735 3467 792 οἷον
3510 745 3562 796 ἐν
3589 720 3734 801 ..σκοτο-

2234 812 2378 885 μήνῃ
2399 812 2821 884 διαφαινόμενοι,
2845 818 2980 888 πρὸς
3003 818 3081 889 τῷ
3104 822 3167 873 ὲκ
3186 823 3286 891 τῆς
3314 827 3510 899 αρετῆς
3533 839 3733 902 χαρίεντι,

2231 903 2310 956 ἐτι
2362 906 2455 958 καὶ
2500 905 2576 976 τῷ
2620 908 2828 978 σπανίῳ
2869 909 2970 978 τῆς
3013 913 3300 983 εὑρέσεως,
3338 920 3400 971 τὸ
3447 928 3737 997 rapta-.6925“

2232 993 2464 1088 ἔχοντες.
2494 997 2726 1069 Αίσχρὸν
2768 1000 2844 1060 δὲ,
2887 1001 3184 1074 ἀλλοτρίοις
3221 1009 3449 1080 κόσμοις
3486 993 3741 1088 κοσμεῖτε-ιι

2230 1086 2321 1138 τὸν
2354 1089 2417 1157 τῇ
2449 1089 2624 1160 οίκεία
2647 1091 2813 1162 ἀρετῇ
2846 1093 3212 1162 διαφαίνοντα.

2302 1269 2352 1323 8.
2385 1272 2491 1324 Καὶ
2523 1273 2594 1343 μή
2633 1291 2722 1344 μοι
2759 1274 2883 1342 λέγε
2915 1279 3063 1352 παρὰ
3095 1279 3228 1333 Θεοῦ
3268 1280 3330 1334 τδ
3376 1285 3543 1339 κακὸν
3572 1291 3651 1360 τὴν
3677 1296 3739 1360 τέ.

2233 1378 2375 1414 νεσιν
2406 1363 2546 1432 ἔχειν
2566 1381 2580 1395 ο
2614 1366 2674 1418 οὐ
2703 1365 2809 1435 γὰρ
2841 1367 3058 1433 εὐσεϐὲς
3083 1370 3258 1433 τοῦτο,
3289 1373 3377 1428 διὰ
3414 1378 3476 1429 τὸ
3507 1380 3649 1449 μηδὲν
3669 1385 3740 1436 τέν

2233 1453 2485 1506 ἐναντίων
2526 1456 2678 1528 παρά
2713 1457 2804 1510 τοῦ
2851 1460 3094 1514 ἐναντίου
3140 1463 3407 1530 γίνεσθαι.
3456 1468 3586 1524 Οὔτε
3615 1476 3739 1545 γὰρὴ

2233 1541 2344 1615 ζωὴ
2394 1545 2618 1599 Θάνατον
2665 1551 2856 1620 γεννᾷ,
2914 1550 3037 1603 οὔτε
3086 1553 3146 1605 τὸ
3199 1555 3390 1617 σκότος
3437 1564 3604 1626 φωτός

2231 1637 2394 1708 ἀρχὴ,
2428 1636 2549 1690 οὒτε
2588 1641 2620 1708 ἡ
2653 1641 2803 1703 νόσος
2850 1643 3035 1709 ὑγείας
3066 1644 3427 1719 δημιουργός·
3608 1655 3652 1704 ὲν
3678 1660 3741 1723 μὲν

2231 1734 2350 1794 ταῖς
2409 1730 2726 1800 μεταϐολαῖς
2768 1733 2874 1786 τῶν
2922 1735 3230 1800 διαθέσεων,
3283 1739 3346 1792 ἐκ
3396 1741 3504 1796 τῶν
3554 1745 3744 1797 emis.»

566 1820 747 1874 trariis
785 1819 849 1871 ad
883 1820 1156 1882 contraria
1199 1823 1334 1874 fiunt
1383 1819 1742 1874 transitiones
1771 1839 1786 1887 ;
1818 1823 1871 1876 in
1903 1838 2128 1893 genera-

2237 1821 2365 1892 πρὸς
2397 1821 2464 1874 τὰ
2500 1823 2716 1876 ἐναντία
2751 1825 2806 1876 αἱ
2849 1828 3232 1896 μεταστάσεις·
3277 1831 3334 1884 ἐν
3379 1832 3440 1885 δὲ
3491 1838 3607 1899 ταῖς
3641 1841 3743 1904 τεμέ-

567 1911 808 1965 tionibus
840 1926 990 1973 vero,
1034 1927 1122 1966 res
1151 1912 1378 1979 singula:
1409 1927 1527 1981 qua:
1572 1911 1728 1976 fiunt,
1765 1929 1873 1968 non
1908 1928 1974 1967 ex
2002 1929 2128 1968 con-

563 2003 772 2065 trariis,
821 2005 914 2056 sed
953 2020 1018 2058 ex
1046 2005 1444 2074 congeneribus
1495 2005 1892 2074 producuntur.
1929 2004 2126 2059 Malum

564 2093 728 2164 igitur
763 2109 869 2146 non
898 2104 982 2148 est
1020 2094 1323 2148 substantia
1354 2096 1540 2152 vivens
1570 2105 1664 2150 aut
1705 2098 1944 2152 animata
1978 2121 1992 2151 :
2034 2096 2126 2151 sed

565 2185 757 2239 animae
789 2183 1000 2237 af‘fectio
1031 2185 1213 2237 virtuti
1244 2186 1537 2250 contraria,
1569 2186 1857 2242 desidiosis
1889 2202 1952 2240 ac
1986 2187 2131 2240 iner-

567 2279 732 2342 tibus,
779 2284 1063 2347 propterea
1101 2277 1243 2346 quod
1277 2294 1306 2332 a
1356 2279 1498 2334 bono
1537 2280 1880 2341 deciderunt,
1934 2279 2124 2334 indita.

570 2366 765 2420 Malum
815 2366 998 2436 itaque
1039 2367 1345 2423 forinsecus
1393 2384 1460 2424 ne
1500 2367 1910 2438 circumspicias
1937 2407 1951 2433 ,
1996 2383 2130 2422 neve

563 2458 944 2529 primigeniam
1036 2458 1328 2530 quamdam

565 2549 982 2604 comminiscare
1015 2567 1028 2603 :
1068 2549 1164 2606 sed
1205 2567 1315 2605 suae
1359 2553 1590 2622 quisque
1622 2551 1840 2606 malitia:
1888 2551 2128 2621 seipsum

563 2650 824 2712 agnoscat
865 2650 1160 2698 auctorem.
1202 2642 1277 2714 (5)
1311 2641 1445 2696 Nam
1494 2643 1538 2698 si
1589 2644 1789 2696 malum
1830 2660 1938 2697 non
1983 2651 2131 2699 esset

566 2734 952 2796 voluntarium,
1001 2750 1101 2789 nec
1143 2735 1198 2788 in
1243 2746 1428 2790 nostra
1480 2742 1747 2804 potestate
1776 2735 1967 2798 situm,
2020 2750 2130 2791 non

567 2833 750 2880 tantus
798 2827 960 2879 timor
1009 2841 1038 2878 a
1086 2826 1292 2895 legibus
1328 2827 1664 2895 impenderet
1709 2827 1968 2896 injuriam
2048 2827 2130 2882 in-

569 2916 890 2981 ferentibus,
943 2933 1041 2972 nec
1099 2925 1207 2970 tam
1262 2917 1625 2973 inexorabiles
1673 2928 1859 2974 essent
1884 2917 2129 2989 judicum

567 3010 1086 3069 animadversiones,
1133 3010 1332 3080 quibus
1381 3026 1479 3080 pro
1526 3013 1732 3066 meritis
1775 3013 1850 3066 rei
1887 3013 2132 3083 plectun-

568 3109 675 3156 tur.
726 3102 801 3172 (4)
840 3101 972 3154 Nam
1033 3103 1078 3155 si
1125 3101 1378 3154 vitiorum
1416 3109 1508 3154 aut
1553 3102 1814 3157 virtutum
1866 3104 2198 3193 ι)νίηοίρὶθῦ

567 3207 673 3246 non
709 3198 838 3246 sunt
885 3191 938 3243 in
989 3189 1146 3246 nobis
1187 3190 1312 3251 sita,
1364 3188 1458 3244 sed
1505 3198 1632 3244 sunt
1678 3194 2032 3247 necessitates
2063 3193 2129 3246 ab

567 3289 688 3336 ortu
738 3281 1033 3352 pendentes
1083 3298 1095 3333 :
1141 3279 1360 3334 inutiles
1425 3287 1553 3334 sunt
1615 3279 1995 3348 legislatores,
2035 3281 2128 3348 qui

568 3373 727 3430 nobis
769 3371 977 3444 agenda
1022 3387 1086 3426 ac
1137 3371 1389 3442 fugienda
1430 3371 1792 3441 praescribunt
1839 3388 1854 3424 :
1909 3372 2132 3426 inutiles

571 3478 788 3536 quoque
841 3461 1092 3533 iudices,
1154 3462 1246 3532 qui
1316 3462 1574 3516 virtutem
1640 3461 1881 3526 bonore,
1936 3462 2129 3516 vitium

567 3558 743 3628 pcenis
776 3555 1033 3610 alliciunt.
1077 3553 1194 3609 Non
1233 3555 1378 3610 enim
1426 3553 1562 3610 furis
1593 3562 1678 3610 est
1715 3553 1996 3625 iniquitas,
2037 3569 2132 3608 ne-

567 3666 674 3720 que
711 3649 1014 3710 homicidae,
1050 3648 1143 3718 qui
1177 3663 1243 3702 ne
1279 3647 1468 3702 volens
1497 3646 1716 3717 quidem
1756 3653 1966 3716 poterat
2015 3661 2133 3700 ma-

1431 2460 1788 2530 malignitatis
1880 2467 2183 2513 naturam‘

2231 1929 2396 1974 σεσιν,
2432 1914 2528 1967 οὐκ
2557 1915 2620 1968 ἐκ
2651 1916 2758 1970 τῶν
2791 1918 3042 1971 ἐναντίων
3062 1959 3078 1983 ,
3119 1921 3235 1975 ἀλλ’
3267 1923 3332 1976 ἐκ
3375 1924 3486 1979 τῶν
3533 1929 3742 1997 δμτηνεέὲν

2228 2001 2452 2056 ἓκαστον
2491 2004 2598 2057 τῶν
2645 2006 2942 2076 γινομένων
2981 2009 3326 2080 προέρχεται.
3364 2013 3442 2066 Τὸ
3481 2018 3644 2071 τοίνυν
3675 2041 3742 2073 u-

2229 2091 2321 2142 κόν
2353 2093 2499 2145 ἐστιν
2543 2095 2660 2164 οὐχὶ
2708 2096 2864 2150 οὐσία
2902 2095 3047 2161 ζῶσα
3085 2102 3177 2153 καὶ
3213 2099 3478 2172 ἔμψυχος,
3515 2107 3638 2162 ἀλλὰ
3670 2112 3741 2164 διὲ-

2229 2179 2376 2272 θεσις
2425 2183 2482 2235 ἐν
2523 2183 2663 2255 ψυχῇ
2713 2187 2967 2252 ἐναντίως
3014 2189 3213 2261 ἔχουσα
3268 2195 3406 2265 πρὸς
3469 2198 3666 2272 ἀρετὴν,
3687 2205 3744 2255 διὰ

2229 2271 2326 2342 τὴν
2380 2272 2488 2326 ἀπὸ
2545 2275 2636 2328 τοῦ
2695 2275 2860 2330 καλοῦ
2893 2279 2967 2348 (6)
3005 2281 3324 2336 ἀπόπτωσιν
3383 2289 3496 2350 τοῖς
3548 2271 3743 2360 patriast,-

2229 2364 2569 2436 ἐγγινομένη.
2603 2367 2692 2438 Μὴ
2724 2370 2900 2422 τοίνυν
2934 2371 3130 2435 ἔξωθεν
3168 2375 3227 2428 τὸ
3261 2378 3432 2432 κακὸν
3463 2386 3744 2450 περι-σκότει

2233 2455 2366 2524 μηδέ
2393 2457 2706 2527 ⁵ἀρχέγονόν
2762 2478 2881 2514 τινα
2940 2461 3098 2531 φύσιν
3165 2469 3433 2538 πονηρίας
3503 2475 3744 2539 φαντάζω·

2230 2545 2363 2600 ἀλλά
2391 2548 2488 2618 τῆς
2512 2551 2567 2602 ἐν
2603 2551 2777 2622 ἐαυτῷ
2814 2554 3011 2616 κακίας
3048 2556 3278 2621 ἕκαστος
3335 2562 3530 2615 ἐαυτὸν
3572 2567 3746 2635 ἁρπαγὴν

2230 2639 2558 2709 γνωριζέτω.
2594 2642 2666 2694 Οὐ
2704 2642 2812 2714 γὰρ
2858 2644 2946 2704 ἂν,
2979 2646 3137 2719 εἴπερ
3174 2650 3430 2704 ἀκούσιον
3466 2649 3560 2723 ἦν,
3592 2661 3667 2708 καὶ
3699 2661 3748 2724 ξ.ιῄ

2231 2729 2315 2798 ἐφ’
2351 2731 2498 2800 ἡμῖν,
2529 2733 2780 2797 τοσοῦτος
2823 2734 2922 2806 μὲν
2963 2738 3028 2791 ἐκ
3067 2739 3177 2793 τῶν
3208 2742 3386 2811 νόμων
3436 2747 3466 2797 ὁ
3497 2747 3641 2814 ςόὸος
3676 2752 3750 2809 τοῖς

2231 2818 2503 2874 ἀδικοῦσιν
2549 2822 2843 2894 ἐπήρτητο,
2873 2825 3015 2880 οὕτω
3057 2827 3114 2880 δὲ
3162 2831 3534 2904 ἀπαραίτητοι
3575 2837 3664 2888 τῶν
3696 2839 3751 2889 ξε-

2231 2911 2541 2982 καστηρίων
2576 2916 2630 2967 αἱ
2671 2915 2940 2982 κολάσεις,
2976 2920 3034 2972 τὸ
3069 2922 3202 2992 πρὸς
3235 2923 3392 2989 ἀξίαν
3431 2931 3545 2992 τοῖς
3576 2932 3751 3000 κεχώρ-

2231 3018 2349 3070 γοις
2397 3005 2834 3078 ἀντιιιετροῦσαι.
2885 3011 2947 3064 Εἰ
2991 3013 3100 3085 γὰρ
3144 3015 3251 3067 τῶν
3295 3020 3439 3072 κατά
3492 3025 3753 3075 κακίανκαὶ

2232 3095 2430 3166 ἀρετὴν
2461 3097 2844 3170 ἐνεργημάτων
2878 3103 2974 3156 οὐκ
3015 3105 3078 3157 ἐκ
3117 3106 3210 3159 τοῦ
3249 3109 3334 3178 ἐφ’
3361 3112 3500 3180 ἡμῖν
3543 3115 3660 3167 είσιν
3685 3117 3752 3185 ἀρ-

2231 3187 2342 3256 χαὶ,
2371 3187 2484 3240 ἀλλ’
2517 3191 2580 3242 ἐκ
2622 3189 2722 3259 τῆς
2755 3193 2964 3262 φύσεως
3001 3197 3056 3250 αί
3109 3200 3371 3267 ἀνάγκαι,
3428 3209 3657 3276 περιττοὶ
3684 3210 3752 3277 μὲν

2231 3279 2279 3329 οί
2306 3278 2586 3348 νομοθέται
2621 3281 2686 3334 τὰ
2718 3285 2963 3354 πρακτέα
3007 3289 3135 3358 ἡμῖν
3181 3291 3275 3343 καὶ
3307 3294 3376 3346 τὰ
3400 3299 3609 3363 φευκτά
3633 3298 3750 3367 διορί-

2231 3368 2430 3434 ζοντες,
2471 3374 2708 3444 περιττοὶ
2754 3375 2810 3429 δέ
2857 3379 2950 3430 καὶ
2993 3381 3042 3431 οἱ
3080 3381 3326 3436 δικασταὶ
3367 3387 3572 3460 ἀρετὴν

2230 3475 2343 3522 τες,
2380 3462 2472 3514 καὶ
2505 3465 2766 3535 πονηρίαν
2813 3467 3148 3533 κολάζοντες.
3179 3473 3253 3524 Οὐ
3296 3474 3404 3544 γὰρ
3436 3478 3532 3531 τοῦ
3573 3480 3751 3531 litim.

2230 3551 2292 3603 τὸ
2317 3551 2572 3623 ἀδίκημα,
2607 3557 2727 3610 οὐδὲ
2757 3556 2852 3611 τοῦ
2883 3561 3102 3628 φονέως,
3140 3557 3183 3630 ᾧ
3225 3581 3288 3632 γε
3331 3567 3455 3620 οὐδὲ
3501 3569 3753 3639 sanam?

2230 3640 2448 3696 δυνατὸν
2476 3640 2542 3715 ἦν
2568 3649 2786 3717 κρατεῖν
2812 3652 2908 3721 τῆς
2942 3653 3139 3722 χειρὸς,
3168 3653 3255 3708 διὰ
3299 3656 3361 3708 τὸ
3396 3658 3750 3732 ἀναπόδραπςθ

572 3757 702 3796 num
765 3740 1076 3803 continere,
1135 3739 1204 3794 ob
1272 3738 1678 3794 ineluctabilem
1745 3738 2145 3792 necessitatem

2237 3735 2328 3805 τῆς
2364 3737 2454 3788 ἐπὶ
2498 3737 2596 3801 τάς
2640 3738 2864 3810 πράξεις
2912 3745 3342 3817 κατεπειγούσης
3383 3749 3638 3821 ἀνάγκης.
3667 3753 3750 3804 Ma-

571 3835 751 3902 ipsum
789 3831 855 3885 ad
881 3830 1147 3902 agendum
1181 3831 1569 3900 impellentem.
1604 3827 1902 3884 Vanissimi
1949 3837 2130 3883 autem

568 3924 811 3995 profecto
837 3923 930 3993 qui
954 3930 1098 3978 artes
1126 3923 1382 3977 excolunt
1415 3941 1428 3977 :
1460 3923 1658 3994 quippe
1684 3921 1930 3993 frugibus
1962 3922 2134 3976 abun-

567 4017 718 4071 dabit
770 4015 1028 4086 agricola,
1079 4019 1291 4070 tametsi
1342 4030 1517 4085 neque
1571 4015 1778 4071 semina
1831 4015 1884 4069 in
1930 4023 2130 4069 terram

570 4107 816 4175 dcjiciat,
849 4122 1026 4176 neque
1071 4105 1261 4161 falcem
1293 4104 1522 4162 exacuat
1557 4127 1570 4162 :
1607 4117 1877 4163 mercator
1917 4107 2128 4169 itidem,

569 4199 717 4262 velit,
767 4198 924 4262 nolit,
959 4213 1124 4268 supra
1169 4199 1386 4252 modum
1439 4199 1687 4264 ditescet,
1741 4199 1852 4265 fato
1901 4199 1950 4254 ei
2000 4206 2132 4268 opes

571 4298 945 4346 coacervante.
977 4290 1183 4360 Magnae
1213 4297 1388 4345 autem
1415 4290 1520 4344 illa:
1544 4289 1978 4344 Christianorum
2007 4305 2131 4359 spes

571 4391 957 4439 cvanescentes
997 4383 1250 4438 excident
1298 4384 1478 4446 nobis,
1518 4400 1641 4437 cum
1700 4399 1875 4452 neque
1915 4383 2130 4452 justitia

2231 3827 2500 3882 ταιότατοι
2531 3829 2585 3882 δέ
2613 3832 2829 3896 πάντως
2857 3833 2932 3903 (7)
2967 3835 3058 3888 xui.
3089 3837 3138 3888 οἱ
3171 3839 3295 3908 περὶ
3340 3840 3442 3904 τὰς
3487 3845 3660 3913 τέχνας
3685 3861 3748 3894 το-

2233 3919 2502 3989 νούμενοι’
2537 3921 2649 3974 ἀλλ’
2677 3923 2959 3997 εὐθηνήσει
2991 3927 3088 3998 μὲν
3119 3931 3147 3982 ὁ
3174 3933 3439 4002 γεωργὸς.
3474 3938 3602 4006 μήτε
3627 3937 3746 4004 πέρ’

2237 4030 2310 4082 μα
2353 4013 2692 4080 καταϐαλὼν,
2738 4017 2873 4088 μήτε
2927 4018 3196 4092 δρεπάνην
3247 4021 3583 4094 Θηξάμενος·
3625 4029 3748 4092 ὕες,-

2234 4103 2520 4176 π>.ουτήσει
2553 4104 2607 4158 δὲ
2643 4106 2671 4157 ό
2707 4105 2964 4177 ἔμπορος,
3000 4108 3102 4162 κᾶν
3135 4109 3409 4183 βούληται,
3445 4115 3549 4169 κᾶν
3583 4115 3750 4185 μή,

2234 4195 2568 4267 εἱμαρμένης
2613 4197 2760 4270 αὐτῷ
2797 4199 3242 4274 ωναθροιζούσης
3285 4204 3354 4258 τὰ
3416 4211 3668 4279 χρήματα.
3705 4209 3751 4258 Ai

2232 4283 2289 4336 δὲ
2348 4287 2575 4356 μεγάλαι
2620 4287 2728 4341 τῶν
2771 4291 3107 4360 Χριστιανῶν
3154 4292 3365 4358 ἐλπίδες
3410 4298 3620 4367 capo-369i.
3657 4300 3748 4367 5:13.-

2233 4377 2558 4448 οἰχήσονται,
2597 4377 2718 4432 οὔτε
2761 4380 3102 4453 δικαιοσύνης
3143 4387 3479 4458 τιμωμένης,
3531 4391 3638 4443 οὔτε
3679 4407 3749 4438 2:-

574 4477 868 4533 bonoribus
915 4478 1040 4532 ullis
1091 4477 1374 4537 afficiatur.
1429 4491 1603 4545 neque
1645 4477 1904 4546 puniatur
1938 4491 2130 4546 pecca-

2237 4471 2621 4542 τακρινομένης
2650 4471 2748 4540 τῆς
2776 4474 3066 4545 ἁμαρτίας,
3099 4477 3187 4530 διὰ
3217 4479 3276 4531 τὸ
3314 4481 3481 4549 μηδὲν
3510 4483 3633 4534 κατᾶ
3656 4498 3750 4548 προ-

573 4581 730 4633 tum,
779 4583 1060 4642 propterea
1105 4569 1249 4640 quod
1298 4568 1431 4622 nihil
1482 4571 1551 4623 ab
1603 4569 1915 4623 hominibus
1962 4568 2134 4622 libero

571 4661 737 4716 animi
783 4660 1058 4731 proposito
1102 4669 1314 4730 agatur.
1368 4656 1502 4710 Nam
1555 4656 1643 4710 ubi
1705 4656 2026 4718 necessitas,
2081 4662 2136 4710 et

575 4750 746 4805 fatum
787 4750 1120 4810 dominatur,
1171 4749 1243 4802 ibi
1292 4748 1470 4802 meriti
1515 4746 1654 4800 ratio
1699 4747 1907 4800 nullum
1953 4746 2133 4800 locum

575 4843 734 4897 liabet
780 4861 792 4895 :
850 4841 900 4896 id
948 4841 1090 4912 quod
1135 4848 1316 4893 tamen
1382 4840 1714 4908 przecipuum
1763 4837 1896 4907 justi
1942 4837 2135 4907 judicii

575 4935 981 4991 fundamentum
1013 4943 1115 4990 est.
1148 4933 1224 5003 (5)
1257 4930 1389 4985 Nam
1421 4931 1488 4985 de
1517 4930 1634 4984 ficis
1667 4938 1888 4982 narrant
1918 4930 1986 4984 ab
2012 4929 2136 4984 aliis

572 5027 792 5097 quidem
843 5025 971 5080 ficos
1020 5026 1297 5079 silvestres
1336 5024 1493 5092 juxta
1532 5021 1812 5076 bortenses
1853 5018 2066 5075 conseri
2119 5039 2132 5076 :

575 5119 713 5171 alios
769 5132 916 5179 vero,
969 5116 1097 5169 dum
1148 5128 1370 5184 grossos
1425 5113 1667 5184 caprifici
1721 5112 2018 5167 fructuosis
2070 5127 2135 5166 ac

575 5209 890 5264 domesticis
922 5209 1037 5263 ficis
1081 5208 1324 5274 alligant,
1377 5207 1619 5276 ipsarum
1661 5205 1866 5260 mederi
1909 5205 2138 5259 inﬁrmi-

575 5303 692 5365 tati,
737 5302 850 5372 jatn
895 5301 1259 5362 diffluentem,
1305 5316 1370 5355 ae
1424 5308 1838 5355 evanescentem
1896 5297 2132 5353 fructum

647 5481 722 5549 (Ι)
754 5479 828 5534 Ex
865 5481 1010 5534 ltom.
1052 5481 1122 5534 De
1156 5479 1442 5542 Mamanu,
1477 5478 1596 5534 185.

645 5553 720 5612 (-3)
755 5549 824 5604 Ex
858 5551 1001 5605 born.
1034 5567 1072 5605 ιι
1094 5552 1149 5604 in
1180 5550 1454 5612 ﬂexum,
1484 5553 1567 5604 16.

651 5621 727 5687 (δ)
759 5621 890 5674 una.

646 5694 720 5757 (ι)
759 5689 828 5743 Ex
869 5691 1013 5743 bom.
1047 5707 1098 5743 Vl
1125 5690 1176 5742 in
1206 5689 1476 5750 Hexaem,
1500 5689 1586 5742 56.

649 5762 724 5834 (ὃ)
760 5760 832 5814 Ex
869 5762 1014 5814 bom.
1047 5776 1077 5816 v
1106 5761 1158 5815 in
1185 5759 1458 5824 flexum,
1492 5759 1578 5812 47.

2234 4563 2441 4632 αἰρεσιν
2501 4563 2602 4615 ὑπὸ
2648 4565 2752 4616 τῶν
2815 4567 3114 4638 ἀνθρώπων
3185 4572 3565 4626 ἐπιτελεῖσθαι,
3621 4575 3749 4625 Ὅτε]

2235 4655 2343 4725 γὰρ
2369 4654 2578 4724 ἀνάγκη
2619 4657 2712 4709 καὶ
2741 4658 3042 4730 εἱμαρμένη
3073 4660 3147 4730 (8)
3175 4667 3384 4731 κρατεῖ,
3407 4665 3645 4734 asceam
3671 4667 3750 4731 ἔχει

2237 4745 2420 4818 χώραν
2449 4746 2509 4799 τὸ
2542 4747 2676 4819 πρὸς
2717 4748 2892 4814 ἀξίαν,
2934 4751 2963 4804 ὅ
3002 4752 3103 4822 τῆς
3142 4753 3532 4826 δικαιοκρισίας
3568 4757 3752 4825 una“:

2237 4837 2527 4910 ἐξαίρετον.
2575 4841 2684 4892 Καλ⁵
2724 4842 2832 4910 γὰρ
2881 4844 3008 4914 περὶ
3050 4846 3157 4897 τῶν
3205 4847 3386 4899 συκῶν
3429 4867 3602 4918 φασιν,
3628 4851 3689 4909 ὡς
3719 4849 3752 4897 οἱ

2241 4929 2339 4998 μὲν
2376 4929 2472 4992 τὰς
2501 4929 2697 5000 ἀγρίας
2725 4934 2893 4996 συκᾶς
2923 4936 3360 5004 παραφυτεύουσι
3395 4943 3510 5002 ταῖς
3537 4941 3751 5010 ἡμέρας

2237 5022 2282 5072 oi
2321 5020 2377 5073 δέ
2408 5022 2532 5085 τοὺς
2568 5021 2819 5087 ὀλύνθους
2861 5024 3201 5095 ἐκδήσαντες,
3240 5029 3347 5080 τῶν
3382 5031 3656 5101 εὐκαρπων
3689 5030 3751 5078 22'-

2237 5110 2457 5183 ἡμέρων
2507 5113 2684 5166 συκῶν
2725 5114 2824 5184 τὴν
2853 5116 3067 5170 ἀτονίαν
3114 5118 3314 5181 ἰῶνται,
3354 5122 3538 5191 ῥέοντα
3569 5121 3658 5190 ἠδη
3686 5118 3753 5170 tu".

2240 5203 2658 5273 σκεδαννύμενον
2695 5205 2787 5258 τὸν
2837 5207 3044 5278 καρπὸν
3072 5213 3182 5272 τοῖς
3216 5210 3452 5275 όλύνθοις
3489 5213 3747 5281 ἐπέχοντες.

2239 5293 2303 5347 Τί
2342 5294 2397 5346 δέ
2443 5311 2524 5348 σοι
2572 5297 2633 5348 τὸ
2671 5299 2817 5356 παρὰ
2861 5297 2960 5361 τῆς
3002 5299 3213 5368 φύσεως
3257 5305 3512 5372 αίνιγμα;
3561 5306 3634 5356 ὅτι
3676 5317 3747 5370 χρή

2309 5473 2386 5544 (6)
2425 5473 2532 5526 Τοῦ
2565 5474 2776 5528 καλοῦ.
2827 5475 2918 5546 Sic
2972 5475 3102 5546 Reg.
3139 5479 3309 5536 codex
3362 5482 3509 5535 1910.
3562 5481 3679 5534 Isle
3708 5481 3741 5527 ia

2238 5545 2401 5601 editis
2433 5553 2487 5597 et
2514 5553 2771 5598 contextu
2803 5545 2897 5598 τοῦ
2930 5545 3120 5603 κακοῦ.

2312 5616 2388 5680 (7)
2420 5613 2678 5681 Πάντως.
2714 5614 2931 5685 Legitur
2960 5619 3012 5670 in
3039 5627 3291 5674 contextu
3320 5622 3543 5674 πάντων.

2310 5685 2527 5762 (8)-Ιςαί
2551 5685 2886 5762 εἱμαρμένη.
2931 5687 3022 5741 Sic
3066 5699 3347 5747 contextus
3374 5703 3420 5747 et
3458 5689 3649 5762 Regius
3672 5700 3738 5739 e0-

2241 5756 2362 5813 σΙει.
2391 5755 2530 5810 Editi
2559 5758 2647 5808 καὶ
2681 5756 2855 5825 φύσις.
