3810 6500
62 414 165 469 "3's
814 402 1046 460 SERMO
1074 401 1138 457 ll.
1180 431 1249 444 --
1287 399 1372 456 DE
1407 397 1751 456 DOCTRINA
1785 396 1872 453 ET
1900 394 2399 455 ‘ADMONITIONE.
2832 428 2835 431 -
3108 403 3248 459 “5t

61 528 273 591 πολλάκις
311 526 457 598 ἡμᾶς
508 525 604 580 καὶ
848 524 957 578 τῶν
1009 522 1301 595 ἀλλοτρίων
1345 522 1444 594 τῆς
1486 520 1565 575 πί-

1744 516 1890 574 ossis
1940 516 2185 590 capriﬁci
2234 522 2573 573 coercentes.
2608 515 2748 583 Quid
2797 515 2915 571 vult
2957 514 3063 571 sibi
3112 517 3248 574 illud

58 638 193 685 στεως
235 619 471 674 εὐτονίαν
526 616 644 672 τινὰ
695 615 1133 688 πρησλαμὸἀνειν
1183 616 1263 679 είς
1311 614 1412 684 τὴν
1468 611 1562 666 τῶι

1745 616 1888 664 tura:
1919 610 2228 682 exemplum
2249 610 2274 664 ?
2292 608 2451 677 Quod
2497 624 2597 667 nos
2621 611 2706 666 vel
2738 607 2808 665 ab
2833 611 2924 675 lis,
2958 609 3053 682 qui
3083 624 3115 664 a
3142 609 3249 666 tida

58 711 233 781 ἀγαθῶν
269 709 440 781 ἔργων
485 704 760 771 ἐπίδειξιν.
803 706 930 761 Ἐὰν
966 706 1077 780 γὰρ
1115 706 1230 778 ἰδῃς
1263 704 1354 759 τὸν
1390 706 1448 758 ὲν
1479 702 1562 774 βίη

1742 703 1840 759 ieni
1897 710 2061 769 sunt,
2113 703 2375 773 impetum
2426 700 2720 773 quemdam
2775 716 2840 757 ac
2885 702 3129 802 ﬁgorem
3178 700 3246 757 ad

57 803 232 874 ὲθνικῴ,
255 802 286 874 ἦ
320 801 424 856 ἀπό
449 817 592 865 τινος
619 798 887 872 αἱρέσεως
913 799 1296 871 ὲνδιαστρόφου
1324 798 1424 868 τῆς
1457 799 1561 849 Ἐκ-

1748 794 1917 849 ndum
1948 794 2219 851 bonorum
2250 808 2476 865 operum
2515 793 2791 864 specimen
2822 792 2964 865 saepe
2996 792 3248 864 accipere

57 896 239 967 χλησίας
263 892 672 961 ἀπεσχισμένον,
722 890 836 961 βίου
881 889 1157 962 σώφρονος
1199 890 1293 944 καὶ
1328 890 1429 960 τῆς
1464 888 1561 941 λοι‹

1806 902 1954 945 emus.
1984 886 2201 943 Etenim
2256 887 2305 942 si
2347 885 2554 942 videris
2609 900 2757 950 eum,
2791 884 2884 956 qui
2936 895 3032 940 aut
3075 887 3244 941 vitam
3306 877 3310 883 ’

56 989 134 1055 πῆς
160 982 282 1036 κατά
325 981 384 1035 τὸ
436 978 570 1053 ἦθος
614 980 864 1046 εὐταξίας
905 980 1365 1052 ἐπιμελούμενον,
1415 979 1560 1032 πλέοι

1741 978 1950 1032 hnicam
1984 979 2131 1049 agit,
2163 986 2257 1033 aut
2288 978 2361 1033 ob
2392 992 2705 1049 perversam
2747 977 3039 1048 quamdam
3070 977 3245 1033 barre-

54 1074 233 1131 σεαυτοῦ
264 1074 321 1127 τὸ
353 1072 634 1127 σπουδαῖον
669 1074 955 1137 ἐπίτεινον,
993 1073 1081 1128 ἵνα
1117 1072 1249 1145 γένῃ
1283 1070 1558 1142 παραπλή-

1739 1082 1779 1122 m
1818 1070 1890 1123 ab
1919 1068 2162 1127 Ecclesia
2210 1069 2492 1126 abscissus
2521 1078 2624 1135 est,
2653 1069 2836 1140 probae
2864 1083 2930 1124 ac
2958 1068 3243 1125 continen-

55 1186 138 1233 σιος
160 1169 216 1239 τῇ
250 1164 578 1237 καρποφόρῳ
618 1167 776 1236 συκῇ,
809 1166 872 1219 ὲκ
913 1166 1013 1238 τῆς
1056 1164 1163 1225 τῶν
1189 1163 1395 1236 ἀγρίων
1429 1180 1559 1235 παρ-

1736 1177 1744 1214 ι
1786 1159 1914 1216 vitze
1954 1168 2009 1216 et
2055 1162 2279 1232 reliquae
2323 1162 2550 1217 moralis
2593 1161 2896 1232 disciplinas
2937 1160 3240 1217 studiosum

53 1261 198 1322 θυσίας
224 1255 543 1329 ἀθροιζούσῃ
590 1255 686 1327 τὴν
732 1255 979 1328 δύναμιν,
1018 1256 1114 1309 καὶ
1156 1255 1254 1325 τὴν
1294 1254 1392 1325 μὲν
1419 1253 1557 1325 ρύσιι

1741 1264 1816 1315 se,
1853 1259 2004 1306 tuam
2054 1253 2233 1323 magis
2268 1250 2489 1308 intende
2534 1250 2909 1313 sedulitatem.
2954 1257 3013 1305 ut
3052 1249 3245 1305 fructi-

54 1350 289 1419 ἰπεχούσῃ,
328 1345 748 1417 ἐπιμελέστερον
794 1344 851 1398 δὲ
892 1344 985 1399 τὸν
1032 1344 1241 1415 καρπὸν
1280 1342 1558 1415 ἐκτρεφού-

1741 1355 1806 1397 rte
1850 1340 1956 1397 lico
1999 1358 2067 1398 ex
2112 1342 2492 1415 capriﬁcorum
2540 1342 2704 1414 477
2754 1341 3045 1413 praesentia
3087 1340 3245 1397 colli-

56 1458 117 1513 σῃ.
146 1437 261 1491 Τινὲ
296 1437 350 1490 δὲ
388 1436 498 1489 τῶν
536 1436 718 1506 φυτῶν
758 1436 852 1490 καὶ
882 1436 981 1508 τὴν
1026 1437 1089 1489 ὲκ
1127 1434 1342 1506 φύσεως
1374 1435 1560 1490 κακίαι

1740 1433 1819 1488 nti
1863 1433 2039 1497 vires,
2088 1443 2145 1491 et
2186 1432 2482 1491 deﬂuvium
2539 1434 2851 1499 cohibenti,
2892 1432 3242 1502 fructumque

53 1530 331 1601 ἐπιμελείαις
382 1527 646 1601 γεωργῶν
691 1528 1100 1601 θεραπευόμενα
1136 1528 1413 1600 ἔγνωμεν
1460 1523 1557 1583 οἷοι

1738 1523 1985 1594 ligentius
2045 1525 2379 1593 enutrienti,
2422 1525 2620 1582 similis
2668 1524 2891 1580 evadas.
2945 1523 3025 1596 (i)
3069 1522 3242 1579 Porro

55 1624 122 1687 τὰς
144 1621 299 1688 ὀξείας
327 1619 453 1690 ῥοάς
481 1620 576 1675 καὶ
607 1618 714 1674 τῶν
738 1620 1065 1691 ἀμυγδάλων
1092 1619 1190 1683 τάς
1217 1621 1559 1693 πικροτέρας,

1734 1616 1941 1670 [turalia
1985 1617 2345 1688 quarumdam
2391 1619 2647 1675 arborum
2695 1617 2827 1674 vitia
2878 1616 3238 1690 agricolarum

54 1719 144 1769 ὅταν
167 1710 520 1783 διατρηθεῖσαι
554 1710 616 1765 τὸ
649 1709 785 1782 πρὸς
816 1713 882 1782 τῇ
933 1712 1059 1786 ῥίζῃ
1086 1712 1356 1783 στέλεχος,
1392 1713 1558 1785 σφῆνα

1737 1704 1952 1776 ligentia
1995 1707 2179 1761 curari
2221 1707 2529 1775 novimus;
2571 1707 2884 1779 cujusmodi
2936 1714 3067 1765 sunt
3109 1702 3241 1760 mali

54 1806 211 1876 πεύκης
256 1802 478 1876 λιπαρὸν
531 1804 633 1877 τῆς
670 1802 994 1877 ὲντεριώνης
1046 1804 1208 1875 μέσον
1256 1804 1558 1860 διελαθέντα

1734 1797 1885 1851 micat
1916 1796 2106 1863 acidae,
2143 1806 2197 1854 et
2239 1798 2537 1871 amygdalae
2580 1799 2907 1865 amariores,
2950 1813 3095 1871 quae,
3143 1797 3238 1852 ubi

53 1896 275 1962 δέξωνται,
320 1895 400 1959 εἰς
455 1894 788 1967 εὐχρηστίαν
843 1892 1236 1966 μεταϐάλλουσι
1285 1895 1407 1950 τότε
1470 1897 1557 1961 τοῦ

1733 1888 1947 1944 ,rl'orato
1982 1889 2051 1945 ad
2092 1890 2332 1947 radicem
2375 1898 2573 1947 trunco
2617 1891 2874 1963 pinguem
2924 1889 3094 1961 picea:
3137 1904 3237 1944 cu-

54 1984 179 2057 χυμοῦ
202 1985 291 2057 τὴν
319 1985 655 2060 δυσχέρειαν.
692 1984 896 2059 Μηδεὶς
944 1982 1036 2040 οὖν
1079 1987 1137 2039 ὲν
1169 1986 1336 2061 κακίᾳ
1365 1988 1558 2059 διάγων

1732 1994 1836 2034 eum
1864 1995 1965 2051 per
2000 1981 2232 2037 mediam
2265 1982 2557 2038 medullam
2581 1984 2835 2040 adactum
2871 1981 3236 2054 susceperint,

54 2078 194 2133 ἑαυτοῦ
226 2078 535 2149 ἀπογνώτω.
580 2079 645 2133 Εἰ
686 2077 797 2152 γὰρ
836 2079 1077 2153 γεωργὸς
1102 2078 1213 2134 τῶν
1253 2080 1434 2152 φυτῶν
1463 2081 1558 2147 τὰς

1734 2086 1802 2127 nc
1842 2072 1994 2128 succi
2037 2074 2391 2131 acerbitatem
2440 2076 2496 2131 in
2529 2090 2731 2132 nonum
2763 2092 2923 2133 usum
2960 2083 3238 2131 transmu-

55 2174 280 2244 ποιότητας
311 2171 657 2244 μεταϐάλλει,
691 2171 870 2244 πολλῷ
915 2171 1113 2243 μᾶλλον
1141 2173 1174 2244 ή
1208 2173 1330 2227 κατ’
1362 2173 1559 2246 ἀρετὴν

1737 2172 1804 2220 nt.
1836 2163 2006 2222 Nemo
2031 2165 2198 2239 igitur
2223 2167 2279 2223 in
2314 2168 2450 2225 vitio
2491 2170 2716 2242 degens,
2757 2169 2826 2226 de
2876 2185 2935 2227 se
2980 2171 3098 2240 ipse
3142 2167 3241 2224 deo

54 2265 117 2333 τῆς
134 2263 288 2334 ψυχῆς
317 2263 603 2336 ἐπιμέλεια
638 2263 859 2319 δύναται
892 2264 1246 2319 παντοδαπῶν
1273 2266 1558 2338 ἀρρωστη-

1735 2263 1871 2313 eret.
1905 2255 2041 2312 Nam
2080 2260 2130 2315 si
2163 2262 2471 2330 plantarum
2498 2262 2792 2333 qualitates
2819 2263 3057 2335 agricola
3090 2278 3239 2318 como

54 2355 189 2424 μάτων
224 2356 620 2427 ἐπικρατῆσαι,
668 2357 728 2410 ὲν
777 2354 994 2429 Χριστῷ
1028 2356 1199 2429 Ἰησοῦ
1246 2357 1326 2429 τῷ
1372 2358 1558 2431 Κυρίῳ

1729 2351 1865 2411 utat,
1893 2347 2064 2403 multo
2094 2350 2271 2420 magis
2301 2350 2512 2406 nullum
2542 2359 2628 2409 est
2667 2351 3001 2409 inﬁrmitatis
3041 2369 3233 2427 genus.

54 2444 178 2515 ήμῶν,
200 2438 240 2513 ᾧ
275 2447 305 2518 ἡ
339 2447 468 2514 δόξα
500 2447 599 2501 καὶ
629 2446 690 2501 τὸ
719 2447 918 2519 κράτος
955 2448 1069 2515 νῦν,
1098 2450 1192 2504 καὶ
1223 2451 1331 2517 ἀεὶ,
1363 2451 1457 2504 καὶ
1481 2452 1558 2516 εἰς

1729 2437 1812 2493 Iod
1845 2453 1954 2494 non
1998 2440 2195 2497 anima:
2228 2442 2284 2497 in
2322 2445 2412 2507 iis,
2436 2459 2559 2516 quae
2586 2444 2651 2499 ad
2688 2446 2944 2502 virtutem
2983 2447 3233 2506 attinent.

55 2534 138 2599 τοὺς
155 2535 333 2602 αἰῶνας
360 2537 469 2591 τῶν
488 2536 723 2594 αἰώνων.
763 2539 955 2611 ’Δμήν.

1732 2525 1882 2580 itura
1927 2542 2189 2599 superare
2229 2533 2427 2602 possit,
2475 2532 2530 2587 in
2568 2532 2787 2591 Christo
2823 2534 2953 2591 Iesu
3008 2535 3236 2590 Domino

767 2628 805 2655 ει
1665 2623 1881 2684 nostro,
1915 2618 2005 2673 cui
2051 2620 2227 2691 gloria
2250 2629 2307 2677 et
2333 2629 2581 2692 potestas
2611 2640 2782 2690 nunc,
2817 2636 2874 2681 et
2911 2642 3146 2699 semper,
3180 2635 3237 2682 et

1664 2705 1719 2761 in
1750 2709 1948 2765 saecula
1976 2712 2325 2768 saeculorum.
2355 2713 2549 2769 Amen.

205 2848 371 2902 ΠΕΡΙ
410 2847 721 2902 ΔῘΔΑΧΗΣ
756 2849 886 2903 ΚΑΙ
916 2848 1345 2906 ΝΟΥΘΕΣΙΔΣ.

1806 2842 1909 2898 DE
1956 2844 2328 2902 DOCTRINA
2383 2847 2479 2903 ET
2525 2848 3089 2909 ΑΒΜΟΝΙΤΙΟΝΕ.

602 2960 821 3014 ΛΟΓΟΣ
858 2960 937 3015 B'.

2126 2962 2129 2965 ’
2277 2959 2510 3020 SERMO
2556 2961 2621 3020 ll.

98 3070 138 3125 l.
161 3073 214 3126 Εἰ
252 3074 339 3128 ἐπὶ
387 3072 680 3139 τοσαύταις
720 3075 1131 3143 παραινέσεσιν,
1169 3076 1237 3141 ἃς
1274 3076 1330 3131 ἔν
1374 3093 1433 3130 τε
1476 3075 1557 3149 τῷ

1736 3072 1784 3125 ι.
1817 3071 1892 3143 (2)
1924 3072 1982 3128 Si
2021 3082 2218 3131 ex.tot
2253 3077 2747 3141 exhortationibus,
2784 3095 2837 3134 .n
2876 3080 3075 3151 quibus
3116 3089 3232 3140 tum

53 3163 308 3234 προλαϐόντι
353 3167 531 3239 χρόνῳ
574 3166 1010 3239 παραιὲαλοῦντες
1054 3169 1199 3240 ὑμᾶς
1236 3169 1297 3222 ού
1328 3168 1557 3223 διελίπο-

1731 3163 1942 3219 Merito
1979 3171 2227 3235 tempore
2275 3182 2376 3224 vos
2416 3167 2793 3224 indesinenter
2840 3172 3111 3227 adhortati
3146 3191 3235 3230 su-

54 3272 138 3322 μεν,
160 3257 239 3311 καὶ
261 3258 450 3330 ἑφεξῆς
485 3258 599 3313 τῶν
639 3258 778 3313 ἑπτά
822 3258 923 3332 τῆς
963 3260 1215 3331 νηστείας
1251 3260 1558 3331 ἑϐδομάδων

1732 3271 1806 3319 ιε,
1835 3263 1948 3310 tum
1976 3263 2164 3327 postea
2198 3273 2297 3330 per
2322 3258 2422 3316 has
2449 3269 2654 3331 septem
2674 3262 3007 3333 jejuniorum
3034 3266 3236 3323 hebdo-

53 3349 192 3414 νυκτὸς
214 3353 301 3407 καὶ
325 3351 541 3427 ἡμέρας
565 3352 1050 3426 διαμαρτυρόμενοι
1082 3354 1209 3425 ὑμῖν
1232 3354 1292 3410 τὸ
1318 3353 1557 3423 Εὐαγγέ-

1726 3348 1848 3403 adas
1904 3356 2068 3405 nocte
2105 3364 2171 3404 ac
2215 3350 2306 3406 die
2346 3350 2700 3424 Evangelium
2756 3358 2943 3427 gratiae.
2979 3356 3076 3413 Dei
3110 3359 3230 3415 sine

52 3450 127 3491 ιιον
160 3442 246 3512 τῆς
283 3443 498 3516 χάριτος
544 3440 639 3497 τοῦ
685 3442 819 3499 Θεοῦ
852 3443 953 3497 οὐκ
991 3443 1368 3516 ἐπαυσάμεθα,
1406 3444 1556 3498 οὐδὲν

1724 3439 1767 3494 Ia
1816 3440 2220 3499 intermissione
2267 3444 2425 3501 vobis
2476 3444 2963 3516 denuntiavimus,
3016 3450 3228 3509 fructus

56 3530 222 3598 γέγονεν
255 3534 460 3604 ὃφελος,
512 3535 611 3589 ἐπὶ
640 3534 821 3599 ποίαις
866 3536 1045 3590 ὲλπίσι
1080 3534 1443 3607 διαλεχθῶμεν
1469 3535 1560 3607 σή-

1724 3530 1843 3587 Illus
1891 3532 2150 3604 nullaque
2194 3535 2404 3592 utilitas
2437 3539 2661 3595 emersit
2693 3556 2707 3593 :
2739 3555 2847 3610 qua
2875 3556 2973 3613 spe
3017 3558 3228 3600 sermo-

54 3639 196 3694 μερονς
230 3626 372 3681 Ἐπεὶ
399 3627 493 3682 καὶ
521 3627 787 3699 γεωργὸς,
817 3627 926 3681 τῶν
952 3626 1182 3700 πρώτων
1214 3625 1363 3698 αὐτῷ
1390 3643 1558 3698 σπερ-

1723 3639 1783 3678 ειη
1829 3624 1991 3679 hodie
2039 3624 2410 3681 habebimus?
2464 3628 2542 3699 (3)
2592 3627 2727 3683 Nam
2778 3638 2833 3685 et
2885 3632 3124 3702 agricola
3180 3636 3227 3688 si

54 3714 189 3778 μάτων
231 3719 299 3789 μὴ
346 3719 691 3791 ὲκφυέντων,
744 3718 1097 3791 όκνηρότερός
1142 3721 1258 3772 ἐστι
1314 3716 1452 3789 πρὸς
1498 3717 1558 3772 τὸ

1723 3715 1846 3771 'iora
1895 3716 2106 3773 semina
2141 3726 2301 3772 enata
2347 3734 2456 3774 non
2494 3719 2625 3784 sint,
2656 3719 2724 3773 ad
2762 3721 2911 3777 aliud
2948 3737 3133 3781 semen
3171 3726 3227 3780 in

52 3801 244 3877 δεῦτερον
275 3813 389 3874 ταῖς
416 3811 607 3873 αὐταῖς
632 3808 891 3881 ἀρούραις
942 3808 1102 3863 πάλιν
1144 3808 1556 3877 ὲγκαταϐαλεῖν.

1723 3807 1853 3864 ιάειη
1886 3811 2034 3865 arvis
2061 3824 2255 3866 rursus
2287 3811 2653 3882 spargendum
2676 3814 2895 3884 segnior
2925 3823 3009 3871 est
3035 3824 3089 3872 et
3114 3824 3227 3872 tar-

53 3894 169 3951 Ὥστε
203 3902 297 3956 κᾶν
337 3904 641 3975 ἐσιώπησα,
677 3897 736 3956 εὖ
772 3904 908 3967 ῐστε,
946 3903 995 3955 εἰ
1036 3902 1111 3973 μὴ
1152 3900 1461 3973 ὲφοόούμην
1498 3900 1557 3954 τὸ

1718 3913 1803 3957 or.
1850 3899 1928 3972 (4)
1977 3899 2158 3967 Quare
2202 3901 2367 3957 etiam
2420 3904 2752 3968 tacuissem,
2802 3904 2935 3960 mihi
2983 3907 3222 3967 credite.

52 3987 291 4063 ὑπόδειγμα
329 3995 628 4067 Ἱερεμίου·
657 3994 716 4059 ὂς
753 3993 888 4066 πρὸς
922 3992 1121 4065 ἀπειθῆ
1161 3992 1289 4046 λαὸν
1334 3992 1556 4063 φθέγγε-

1720 3991 1766 4045 si
1811 3990 2060 4047 Jeremize
2096 3992 2401 4057 timuissem
2437 3995 2742 4065 exemplum
2781 4015 2795 4052 :
2845 3998 2938 4067 qui
2985 4010 3109 4055 cum
3156 4001 3224 4055 ad

54 4076 139 4131 σθαι
178 4082 243 4153 μὴ
270 4083 606 4156 βουλόμενος,
640 4082 837 4137 ἔπαθεν
870 4084 1050 4136 ἐκεῖνα
1088 4083 1229 4155 ἅπερ
1286 4082 1448 4146 αὐτὸς
1480 4082 1558 4136 δι-

1720 4082 1917 4152 ιριιιιιιιι
1949 4092 2329 4139 contumacem
2374 4084 2540 4141 verba
2591 4086 2771 4143 facere
2807 4091 2999 4156 nollet,
3028 4107 3224 4162 passus

53 4170 257 4241 ηγήσατο,
308 4178 385 4231 ὅτι
427 4177 643 4247 ἐγένετο
697 4174 845 4246 αὐτῷ
884 4174 997 4247 πῦρ
1039 4176 1096 4228 ὲν
1145 4177 1257 4239 τοῖς
1285 4174 1556 4243 ὲγκάτοις,

1722 4183 1743 4228 t
1785 4190 1908 4244 qua:
1953 4176 2072 4248 ipse
2117 4187 2390 4241 recenset,
2437 4178 2581 4249 quod
2626 4179 2804 4238 factus
2846 4191 2931 4237 est
2981 4184 3125 4255 ignis
3168 4186 3223 4242 in

51 4261 116 4312 καὶ
139 4269 336 4336 παρεῖτο
368 4266 652 4330 πάντοθεν.
674 4267 768 4321 καὶ
797 4266 896 4321 οὐκ
915 4266 1144 4338 ἠδύνατο
1166 4267 1371 4339 φέρειν.
1408 4266 1555 4320 Ἐπεὶ

1721 4282 1778 4322 us
1800 4267 2104 4324 visceribus
2119 4308 2136 4332 ,
2181 4285 2246 4325 ac
2268 4270 2508 4342 undique
2530 4272 2953 4342 dissolvebatur,
2968 4294 3068 4335 nec
3084 4278 3225 4335 ferre

52 4351 128 4424 γὰρ
166 4356 308 4424 φύσει
358 4360 527 4432 ἀρετὴ
578 4358 775 4428 λόγου,
826 4358 961 4429 μήτε
1015 4358 1251 4430 ἀσαφείᾳ
1296 4357 1556 4430 κρύπτειν

1717 4365 1874 4412 iterat
1896 4361 1964 4413 “.
1984 4359 2059 4431 (5)
2089 4358 2223 4415 Nam
2241 4363 2287 4416 si
2315 4364 2567 4421 naturale
2590 4369 2858 4423 sermonis
2892 4385 3092 4427 munus
3118 4383 3221 4438 est,

51 4440 96 4493 ﬁ
122 4448 477 4520 σημαινόμενα,
512 4450 648 4520 μήτε
693 4448 940 4520 περιττὸν
989 4443 1127 4502 εἶναι
1178 4450 1271 4503 καὶ
1309 4449 1555 4520 μάταιον,

1714 4464 1837 4519 aque
1878 4450 2217 4506 obscuritate
2254 4466 2318 4508 ea
2360 4469 2483 4524 quae
2521 4454 2900 4525 signiﬁcantur
2923 4461 3218 4527 occultare,

50 4533 136 4605 εἰκῆ
174 4542 271 4604 τοῖς
318 4542 605 4613 πράγμασι
662 4540 1048 4627 περιρρἐνταζ
1103 4541 1163 4593 ού
1215 4539 1375 4594 καλὸν
1426 4540 1554 4611 περὶ

1718 4556 1835 4611 :que
1886 4555 2350 4613 supervacaneum
2390 4560 2513 4601 esse
2555 4552 2612 4602 et
2655 4563 2888 4613 vanum,
2924 4565 2989 4605 ac
3017 4558 3222 4608 temere

50 4624 207 4681 πολλῶν
246 4632 472 4698 εἰσάπαξ
517 4631 877 4702 διαλεχθῆναι,
932 4635 1003 4704 μή
1028 4624 1172 4685 ποτε
1209 4633 1277 4704 τῇ
1318 4632 1554 4704 ἀμετρία

1721 4635 1823 4692 bus
1854 4636 2233 4693 circumﬂuum
2260 4657 2273 4694 :
2312 4638 2389 4711 (6)
2423 4655 2533 4696 non
2558 4642 2815 4695 decorum
2842 4651 2947 4706 est,
2980 4642 3049 4698 de
3083 4644 3222 4699 mul-

49 4716 119 4770 ταῦ
161 4721 300 4793 λόγου
356 4729 602 4800 ἀχρηστα
650 4729 791 4798 φανῇ
839 4726 907 4779 τὰ
970 4726 1268 4797 φιλοπόνως
1321 4725 1553 4781 συνειλε-

1718 4746 1728 4784 ι
1759 4729 1922 4783 simul
1968 4730 2259 4795 disserere,
2313 4748 2384 4788 ne
2417 4730 2556 4788 forte
2584 4732 2940 4789 immoderato
2970 4749 3222 4791 sermone

48 4813 198 4879 Ὑμένα.
236 4820 515 4876 Ἀτονοῦσα
548 4820 654 4894 γὰρ
683 4822 717 4894 ἡ
746 4820 952 4876 διάνοια
992 4819 1205 4874 πάντων
1231 4817 1365 4892 ὁμοῦ
1398 4834 1552 4890 περι-

1719 4821 1867 4876 utilia
1912 4821 2174 4885 evadant,
2218 4837 2341 4894 quae
2386 4822 2676 4894 diligenter
2703 4838 2767 4879 ac
2810 4825 3055 4883 studiose
3109 4828 3223 4883 col-

49 4897 307 4972 δράξισθαι,
362 4911 546 4982 ὅμοιον
587 4910 785 4981 πάσχει
827 4911 1061 4981 γαστρὶ,
1104 4908 1192 4962 διὰ
1243 4909 1342 4979 τὴν
1395 4908 1553 4978 ὑπερ-

1717 4921 1797 4966 cta
1839 4920 1990 4967 sunt.
2026 4911 2179 4969 Mens
2207 4914 2352 4969 enim
2394 4926 2519 4984 qua:
2557 4914 3028 4987 apprehendendis
3058 4918 3221 4974 simul

49 4990 167 5066 θ’)ἳὴν
207 5000 292 5054 τοῦ
336 5003 517 5075 κόρου,
560 5003 638 5067 εἰς
688 5001 850 5071 πέψιν
893 5002 1120 5071 ἀγαγεῖν
1159 5001 1227 5056 τά
1260 5017 1552 5073 παραπεμο

1718 5003 1912 5061 nnibus
1959 5006 2135 5077 impar
2183 5014 2290 5071 est,
2339 5005 2487 5061 haud
2515 5007 2677 5064 aliter
2706 5024 2768 5065 se
2798 5010 2964 5065 habet
2995 5025 3061 5067 ac
3090 5027 3222 5068 ven-

49 5084 200 5149 φθεντα
236 5091 304 5164 μὴ
346 5093 635 5168 δυναμένῃ.
684 5093 864 5147 Βίαιον
906 5093 1003 5167 μὲν
1045 5093 1153 5165 γὰρ
1212 5093 1441 5166 μάθημα
1486 5095 1547 5149 ού

1718 5108 1764 5157 r,
1804 5095 1899 5164 qui
1948 5095 2021 5150 ob
2072 5095 2298 5152 nimiam
2348 5097 2695 5155 saturitatem
2760 5111 3009 5172 sumptos
3068 5102 3222 5157 cibos

49 5174 208 5242 πέφυκε
247 5183 595 5254 παραμένειν,
635 5181 695 5236 τὸ
725 5183 782 5236 δὲ
823 5182 961 5254 μετά
1002 5182 1244 5255 τέρψεως
1274 5184 1367 5239 καὶ
1391 5185 1551 5257 χάρι-

1720 5200 2004 5257 ncoquere
2044 5204 2155 5243 non
2202 5197 2404 5259 potest.
2443 5190 2518 5263 (7)
2551 5190 2655 5248 Vix
2687 5193 2833 5250 enim
2856 5193 3057 5249 durare
3087 5197 3224 5251 solet

49 5271 109 5321 τος
134 5264 445 5339 εἰσδυόμενον
464 5268 830 5343 μονιμώτερόν
858 5289 972 5337 πως
1002 5274 1117 5336 ταῖς
1143 5271 1342 5344 ψυχαῖς
1376 5273 1552 5340 Md-

1720 5277 1801 5332 nod
1847 5276 2049 5333 invitus
2083 5278 2342 5336 didiceris
2378 5299 2390 5335 :
2428 5283 2573 5353 quod
2605 5292 2787 5340 autem
2826 5283 3068 5356 jucunde
3093 5303 3224 5343 sua-

95 5434 131 5465 ’δ
148 5436 326 5497 Jcrem.
364 5459 454 5507 ιγ,
486 5443 540 5499 9.

100 5591 158 5657 (ι)
192 5595 260 5652 Ex
299 5601 442 5658 hom.
484 5619 516 5656 ν
552 5605 607 5658 in
636 5602 913 5668 "mam,
952 5602 1043 5657 46.

94 5664 154 5724 (2)
186 5665 250 5720 Et
282 5670 422 5725 hom.
455 5690 541 5730 xiv
572 5678 627 5729 in
651 5674 905 5732 ebriosos.
948 5673 1068 5730 122.

1726 5607 1807 5732 (ἥξ
1840 5605 1912 5660 Ex
1942 5608 2180 5693 homxin
2208 5610 2363 5673 illud,
2389 5612 2614 5699 Attende
2637 5618 2736 5700 tibi
2774 5620 2897 5689 ipsi.
2928 5623 3010 5676 l6.

1730 5679 1784 5732 (6
1840 5677 1914 5732 Ex
1933 5678 2077 5732 hom.
2095 5696 2148 5732 In
2168 5682 2319 5732 Illud.
2341 5681 2406 5732 In
2422 5700 2679 5732 unanima
2696 5700 2809 5732 pm!
2842 5692 3000 5732 νος-1η,

116 5665 158 5756 ξι
273 5670 422 5756 ¹ἰιοιιι.
455 5690 541 5730 xiv
572 5678 627 5729 in
651 5665 909 5739 ebriosos,
948 5673 1068 5730 {22.
1840 5677 1914 5756 Ex
1933 5678 2148 5756 homin
2168 5665 3078 5756 iiiu.i,**i,iiﬁiiéi},i6¥rdi'i‘érb'i'm,
3104 5694 3228 5755 138.

101 5735 160 5822 ,‘f’.’
186 5735 305 5822 ΞΡὲεὲ·
362 5810 454 5822 .--
891 5735 901 5739 ⁷

1738 5735 1813 5818 i7)
1843 5747 1917 5803 Ex
1938 5735 2087 5804 hom.
2116 5752 2172 5806 in
2201 5735 2675 5822 psaijfai'f'"
2696 5735 2804 5745 mu
2846 5735 3077 5761 "mm"

94 5802 156 5873 (ι)
186 5804 327 5873 Ibid,
360 5810 474 5865 tas.
