3876 6514
612 347 751 402 “39

1489 337 1854 396 APPENDIX.
1885 365 1955 376 —-
1982 332 2327 391 SYMEONIS
2363 324 2904 388 METAPHRASTE
3599 327 3686 380 illo

611 482 681 516 an
712 470 902 518 mutuo
929 477 1203 518 consensu
1228 461 1282 516 id
1313 459 1551 516 emciant
1578 475 1647 516 ex
1679 457 1927 530 Apostoii
1968 469 2174 526 praece-

2287 453 2366 508 ιοῦ
2413 449 2737 506 ’Δποστόλου
2761 488 2776 513 ,
2817 447 2912 500 καὶ
2936 444 3109 508 οὕτως
3139 441 3227 496 ἐπὶ
3258 443 3477 496 πλειόνων
3500 447 3692 517 page-39m

614 564 739 624 pto,
786 555 972 623 sicque
1005 552 1100 623 qui
1148 551 1380 615 accedit,
1423 565 1606 606 coram
1641 549 1890 620 pluribus
1941 547 2173 601 testibus

2287 546 2520 618 Ξέχεσθαι
2573 544 2663 598 τὸν
2710 540 3166 612 προσερχόμενον.
3218 538 3278 591 Et
3327 537 3376 590 δὲ
3423 540 3628 601 στασιάζοι
3659 544 3696 594 τὸ

611 645 956 714 recipiendus
1009 651 1111 699 est.
1170 642 1326 708 Quod
1379 642 1428 697 si
1471 640 1756 696 dissentiat
1805 638 1976 692 altera
2024 651 2174 706 pars,

2287 639 2460 712 ἕτερον
2501 636 2664 707 μέρος
2689 634 2783 688 καὶ
2814 631 3134 701 διαμάχοιτο
3151 671 3166 694 ,
3194 627 3392 682 ἔλαττον
3415 628 3623 698 φροντίζον
3637 631 3697 700 τῆς

613 743 1016 806 repugnetque,
1048 733 1192 805 quod
1240 736 1423 789 minus
1477 731 1710 789 sollicita
1762 731 1852 795 sit,
1905 729 2177 800 quomodo

614 827 826 893 placeat
848 823 979 888 Deo,
1013 825 1070 878 in
1105 831 1342 879 mentem
1372 822 1556 876 veniat
1583 821 1850 888 Apostoli,
1882 820 1975 889 qui
2004 818 2173 872 dicit:

617 913 683 969 In
723 932 849 985 pace
883 927 1059 969 autem
1101 915 1302 968 vocavit
1336 929 1431 968 nos
1461 911 1602 966 Deus
1631 912 1696 966 ³³.
1729 910 1806 981 (1)
1840 908 1974 964 Eum
2014 909 2180 980 igitur

614 1006 710 1075 qui
761 1005 967 1059 relictis
1016 1004 1131 1058 suis
1168 1003 1454 1057 Dominum
1501 1001 1653 1072 sequi
1701 999 1956 1063 instituit,
1988 999 2055 1054 de
2089 999 2177 1063 iis,

615 1112 735 1167 quae
761 1103 1008 1167 spectant
1032 1095 1101 1149 ad
1126 1109 1257 1165 opes
1286 1109 1436 1157 suas,
1471 1107 1581 1146 non
1611 1099 1823 1162 oportet
1850 1106 1972 1146 esse
2007 1088 2180 1159 negli-

618 1197 866 1260 gentem;
896 1188 992 1243 sed
1024 1187 1156 1243 illud
1190 1199 1406 1247 curare,
1439 1195 1498 1239 ut
1527 1184 1708 1238 omnia
1743 1189 2000 1238 accurate
2025 1181 2186 1237 colli-

621 1296 776 1350 gens,
811 1279 922 1349 jam
966 1287 1226 1350 tanquam
1260 1275 1490 1331 Domino
1518 1282 1838 1330 consecrata
1880 1288 2005 1328 cum
2034 1271 2183 1327 omni

621 1372 820 1441 pietate
844 1369 1157 1434 distribuat,
1182 1375 1275 1421 aut
1306 1382 1402 1437 per
1431 1365 1691 1434 seipsum,
1725 1365 1771 1419 si
1797 1372 1998 1434 potest,
2025 1362 2184 1433 eique

617 1464 745 1517 licet
791 1475 889 1531 per
937 1457 1364 1528 experientiam,
1407 1461 1500 1508 aut
1531 1468 1629 1522 per
1668 1452 1841 1518 alios,
1891 1451 1984 1521 qui
2013 1451 2186 1504 multo

620 1568 745 1607 cum
772 1550 1022 1606 examine
1047 1547 1242 1604 delecti
1266 1546 1412 1612 sint,
1448 1545 1648 1614 quippe
1687 1542 1848 1598 editis
1874 1540 2187 1612 specimini-

624 1645 728 1699 bus
757 1641 1099 1697 ostenderint
1126 1654 1185 1694 se
1209 1652 1302 1692 eas
1327 1635 1556 1692 ﬁdeliter
1583 1635 1989 1706 prudenterque
2007 1632 2188 1688 distri-

624 1736 789 1790 buere
818 1747 1000 1802 posse,
1030 1745 1153 1785 cum
1191 1730 1333 1784 scire
1369 1728 1564 1784 debeat
1591 1728 1737 1797 ipsas
1763 1741 1871 1781 non
1896 1726 2014 1780 sine
2037 1723 2185 1794 peri-

2277 729 2416 799 πρὸς
2446 727 2578 780 Θεὸν
2608 724 3050 797 εὐαρεστήσεως.
3083 720 3508 791 μνημονευέσθωό
3540 722 3699 774 Ἄποπι-

2277 819 2367 881 λος
2397 817 2569 886 λέγων
2585 832 2599 847 ο
2640 816 2736 868 Ἐν
2765 812 2833 866 δὲ
2850 812 3056 881 εἰρήνῃ
3095 811 3379 879 κέκληκεν
3403 808 3526 878 ἡμᾶς
3551 812 3574 862 ό
3597 814 3700 875 Θεές.

2279 913 2383 966 Τὸν
2409 910 2588 964 τοίνυν
2614 906 2966 978 ὲξερχόμενον
3003 903 3111 957 ἀπὸ
3149 903 3256 956 τῶν
3302 902 3458 964 ἰδίων,
3483 900 3618 970 σκοπῷ
3645 903 3701 954 τοῦ

2281 1001 2643 1072 ἀκολουθῆσαι
2699 998 2779 1069 τῷ
2830 997 3018 1068 Κυρίῳ
3037 1035 3051 1058 ,
3100 995 3162 1047 οὐ
3208 993 3308 1065 χρὴ
3356 992 3703 1061 καταφρονητικῶς

2281 1095 2412 1165 περὶ
2443 1093 2551 1146 τῶν
2589 1089 2949 1160 διαφερόντων
2975 1085 3122 1156 αὐτῷ
3165 1083 3473 1138 διακεῖσθαι·
3511 1083 3610 1136 ἀλλὰ

2287 1183 2482 1254 ρᾶσθαι
2528 1182 2704 1235 πάντα
2741 1178 2878 1250 μετά
2904 1176 3187 1249 ἀκριϐείας
3227 1173 3465 1239 λαϐόντα,
3489 1173 3546 1235 ὡς
3569 1172 3622 1241 τῷ
3641 1176 3706 1226 li.-

2287 1276 2385 1348 ρίῳ
2412 1273 2596 1327 λοιπὸν
2633 1268 3016 1341 ἀφιερωμένα,
3054 1265 3191 1337 μετά
3224 1265 3392 1336 πάσης
3425 1263 3637 1325 εὐλαϐείας
3667 1265 3710 1314 οξ·
3788 1297 3789 1300 η

2283 1369 2569 1438 κονομείν,
2607 1364 2642 1435 ἢ
2681 1364 2748 1416 δι’
2775 1360 2966 1415 ἑαυτοῦ
2986 1400 3001 1424 ,
3035 1359 3128 1412 eam
3157 1357 3385 1419 δυνατῶς
3414 1355 3493 1407 καὶ
3532 1355 3710 1424 ἐμπείρως

2285 1459 2419 1531 ἔχῃ,
2453 1457 2489 1529 ἦ
2525 1457 2612 1511 διά
2657 1455 2765 1509 τῶν
2800 1452 2937 1526 μετὰ
2971 1449 3290 1522 δοκιμασίας
3330 1447 3503 1517 πολλῆς
3541 1446 3712 1513 ἐπιλεγέν-

2284 1567 2393 1602 των
2412 1587 2428 1611 ,
2457 1546 2552 1600 καὶ⁵
2581 1543 2855 1608 ἀπόδειξιν
2887 1541 3193 1596 δεδωκότων
3233 1538 3324 1592 τοῦ
3355 1535 3566 1589 δύνασθαι
3587 1536 3712 1595 τιπιὶς

2287 1637 2384 1692 καὶ
2411 1635 2686 1708 φρονίμως
2716 1635 3046 1704 οἰκονομεῖν·
3086 1632 3261 1685 εἰδότα
3283 1670 3300 1695 ,
3342 1631 3416 1682 ὅτι
3437 1629 3519 1681 οὐκ
3539 1625 3714 1680 ἀκίνδυνόν

2289 1731 2437 1782 ἐστιν
2470 1725 2593 1780 οὕτε
2615 1726 2677 1778 τὸ
2707 1727 3062 1796 προσαφεῖναι
3089 1725 3200 1786 τοῖς
3233 1721 3438 1782 οἰκείοις
3461 1760 3474 1783 ,
3503 1718 3595 1771 οὐτε
3613 1717 3714 1769 tibi

622 1825 745 1878 culo
777 1831 870 1876 aut
921 1819 1242 1892 propinquis
1293 1817 1551 1889 relinqui,
1584 1827 1678 1872 aut
1722 1832 1754 1871 a
1799 1815 1994 1888 quovis
2024 1813 2188 1870 obvio

2287 1819 2382 1873 τοῦ
2419 1817 2673 1889 τυχόντος
2700 1817 3070 1887 οἰκονομῆσαι.
3109 1815 3172 1866 Et
3205 1813 3313 1884 γὰρ
3349 1814 3375 1866 ὁ
3409 1810 3607 1883 φροντίδα
3625 1808 3714 1877 βατι-

621 1914 898 1970 distribui.
931 1911 1140 1967 Etenim
1181 1913 1228 1968 si
1258 1911 1328 1976 is,
1357 1911 1446 1966 cui
1481 1924 1614 1964 cura
1661 1907 1936 1979 regiarum
1971 1921 2190 1979 posses-

622 2008 842 2062 sionum
878 2005 1170 2060 commissa
1190 2044 1206 2068 ,
1239 2004 1454 2058 etiamsi
1487 2018 1629 2073 saepe
1661 2001 1798 2056 nihil
1826 1999 2192 2056 interverterit

624 2114 691 2153 ex
732 2098 801 2155 iis
845 2112 967 2168 qua:
1019 2097 1076 2151 in
1117 2097 1370 2152 manibus
1411 2095 1680 2162 habebat,
1725 2092 1822 2150 sed
1864 2092 2192 2165 negligentia

624 2190 812 2260 aliqua
833 2188 1134 2260 prodiderit
1158 2203 1279 2259 quae
1313 2187 1527 2258 acquiri
1567 2191 1855 2258 poterant,
1892 2200 1925 2239 a
1962 2183 2192 2238 crimine

625 2299 733 2338 non
784 2280 1089 2337 absolvitur
1125 2299 1138 2336 :
1169 2280 1385 2352 qualem
1423 2278 1850 2350 exspectandum
1895 2286 1980 2334 est
2011 2277 2082 2332 ob
2128 2291 2192 2332 ea

625 2389 747 2444 qua:
797 2371 910 2442 jam
971 2369 1204 2426 Domino
1261 2370 1440 2426 dicata
1500 2377 1630 2425 sunt
1684 2368 2194 2424 condemnationem

626 2465 956 2528 subiturum,
985 2463 1080 2536 qui
1101 2463 1157 2518 in
1183 2463 1266 2519 eis
1292 2462 1740 2519 administrandis
1773 2461 1964 2533 ignave
1995 2476 2061 2516 ac
2094 2475 2193 2516 ne-

627 2561 894 2632 gligenter
921 2573 980 2614 se
1007 2556 1279 2629 gesserit:

696 2670 752 2726 4.
795 2670 875 2742 (Ξ)
903 2667 1167 2726 Secessus
1194 2678 1376 2724 autem
1403 2683 1434 2722 α
1462 2667 1686 2732 mundo,
1717 2681 1826 2722 non
1849 2674 1936 2722 est
1965 2680 2199 2737 corpore

628 2773 784 2817 extra
809 2762 989 2834 ipsum
1017 2776 1140 2817 esse
1161 2800 1175 2826 ,
1207 2761 1303 2817 sed
1335 2760 1572 2814 animam
1603 2759 1671 2814 ab
1697 2757 2043 2814 atl‘ectionum
2072 2774 2198 2814 cum

632 2868 861 2925 corpore
885 2853 1248 2910 consensione
1271 2853 1522 2914 avellere,
1560 2865 1624 2906 ac
1653 2851 1774 2906 sine
1801 2851 2020 2905 civitate
2051 2865 2196 2916 esse,

632 2946 752 3002 sine
793 2945 990 3013 domo,
1033 2945 1155 3001 sine
1201 2944 1438 3015 propriis
1483 2943 1669 3010 rebus,
1725 2944 1844 2997 sine
1899 2942 2198 2997 amicorum

633 3039 929 3104 societate,
963 3037 1084 3094 sine
1131 3035 1605 3106 possessionibus,
1657 3035 1780 3090 sine
1828 3034 1992 3090 rebus
2023 3034 2090 3089 ad
2123 3034 2201 3090 vi-

635 3140 783 3186 ctum
824 3128 1174 3190 necessariis,
1205 3126 1326 3184 sine
1365 3129 1618 3198 negotiis,
1647 3127 1827 3182 nullas
1860 3142 1948 3184 res
1979 3134 2199 3182 contra-
2225 3155 2269 3213 ο

635 3224 889 3289 beutem,
935 3221 1298 3277 humanarum
1345 3219 1511 3292 480
1547 3219 1960 3290 disciplinarum
2007 3233 2201 3289 exper-

635 3324 768 3381 tem,
799 3320 1052 3386 paratum
1077 3313 1144 3368 ad
1167 3312 1545 3382 suscipiendas
1568 3311 1734 3367 corde
1764 3310 2199 3373 informationes,

636 3421 759 3478 quae
779 3421 845 3462 ex
875 3405 1124 3461 doctrina
1150 3403 1334 3460 divina
1361 3404 1656 3460 ducuntur.
1682 3402 1780 3458 Est
1807 3410 1988 3458 autem
2020 3402 2203 3457 cordis

638 3497 997 3568 praeparatio.
1031 3496 1480 3552 documentorum
1517 3511 1582 3550 ex
1611 3508 1775 3564 prava
1809 3493 2206 3548 consuetudine

639 3589 773 3644 illud
805 3588 1301 3660 praeoccupantium
1323 3587 1545 3642 oblivio.
1580 3586 1660 3658 (5)
1706 3586 1884 3656 Atque
1915 3585 2046 3639 illud
2079 3583 2204 3654 qui-

639 3681 762 3737 dem
810 3681 865 3736 in
913 3681 1106 3752 primis
1155 3679 1366 3735 homini
1414 3677 1584 3734 Deum
1619 3678 1824 3732 amanti
1872 3675 2055 3732 studio
2084 3690 2206 3731 esse

640 3772 820 3839 debet,
852 3787 1106 3827 sermone
1126 3785 1235 3826 non
1262 3771 1456 3826 inscite
1483 3770 1581 3834 uti,
1610 3769 1704 3825 sed
1733 3768 2068 3838 interrogare
2090 3766 2208 3822 sine

641 3863 888 3936 litigandi
920 3863 1132 3928 studio,
1181 3862 1512 3932 respondere
1545 3861 1666 3916 sine
1715 3859 2050 3922 ambitione,
2097 3872 2207 3911 non

641 3955 995 4025 iuterpellare
1023 3954 1410 4018 disserentem,
1440 3953 1489 4009 si
1513 3952 1644 4022 quid
1675 3951 1821 4006 dicat
1854 3950 2005 4013 utile,
2030 3963 2210 4019 neque

643 4047 904 4116 cupidum
939 4061 1061 4102 esse
1091 4045 1298 4116 proprii
1323 4044 1595 4101 sermonis
1625 4041 2009 4098 ostentationis
2038 4054 2208 4094 causa

643 4139 1034 4205 interserendi,
1069 4138 1292 4193 modum
1331 4145 1518 4193 tenere
1547 4135 1803 4208 loquendi
1830 4143 1882 4189 et
1910 4133 2206 4189 audiendi:

645 4233 859 4286 discere
898 4230 1065 4286 etiam
1103 4230 1221 4286 sine
1251 4227 1611 4291 verecundia,
1649 4226 1849 4282 docere
1891 4224 2208 4287 liberaliter,

643 4339 749 4380 nec
780 4323 1060 4378 occultare
1104 4322 1152 4378 si
1183 4321 1312 4391 quid
1364 4320 1432 4375 ab
1462 4321 1571 4374 alio
1605 4317 1890 4382 didiceris,
1921 4317 2072 4372 velut
2104 4315 2210 4370 im-

645 4415 833 4486 probae
870 4414 1128 4468 mulieres
1163 4410 1344 4467 facere
1373 4411 1569 4477 solent,
1609 4425 1730 4481 qua:
1762 4410 1982 4480 spurios
2012 4415 2206 4480 partus

2288 1911 2456 1966 λικῶν
2506 1909 2799 1980 κτημάτων
2842 1906 3202 1979 ἐγχειρισθεὶς
3224 1945 3240 1969 ,
3273 1904 3370 1958 κᾶν
3411 1903 3474 1974 μὴ
3511 1905 3716 1968 veniam:

2289 2000 2548 2064 πολλάκις
2583 2001 2647 2052 ὲκ
2683 1997 2791 2050 τῶν
2837 1996 3102 2068 ἑτοίμων,
3143 1994 3368 2066 ἀμελείᾳ
3408 1993 3458 2046 δέ
3501 2008 3582 2043 τινι
3617 2005 3716 2042 xm-

2291 2095 2474 2169 προδῷ
2504 2094 2573 2147 τά
2609 2091 3015 2165 προσκτηθῆναι
3064 2089 3332 2159 δυνάμενα
3356 2128 3369 2153 ,
3416 2087 3502 2138 οὐκ
3533 2082 3718 2136 ἀπολύεται

2289 2186 2386 2241 τοῦ
2416 2184 2790 2256 ἐγκλήματος
2821 2182 2941 2238 τίνα
2981 2181 3088 2252 χρὴ
3130 2178 3424 2252 προσδοκᾷν
3451 2177 3529 2228 ἐπὶ
3558 2173 3633 2227 τῶν
3664 2171 3720 2241 tit,

2291 2275 2800 2348 κατονομασθέντων
2851 2271 2930 2345 τῷ
2967 2271 3158 2343 Κυρίῳ
3210 2270 3313 2341 τὴν
3362 2269 3622 2336 κατάκρισιν
3649 2265 3720 2314 iam

2295 2368 2626 2441 στήσεσθαι,
2670 2366 2762 2420 τὸν
2803 2364 3016 2435 χαύνως
3067 2364 3161 2415 καὶ
3199 2360 3530 2433 ἠμελημένως
3551 2357 3722 2410 διατεθέν-

2292 2479 2360 2516 τα
2390 2460 2466 2534 (4)
2507 2459 2643 2532 πρὸς
2675 2457 2773 2530 τὴν
2801 2455 3004 2510 τούτων
3035 2454 3336 2525 διοίκησιν;

2364 2663 2419 2718 4.
2451 2659 2675 2731 Κόσμου
2720 2657 2778 2712 δὲ
2827 2654 3170 2728 ἀναχώρησις
3191 2694 3207 2720 ,
3255 2653 3373 2724 οὐχὶ
3407 2669 3498 2716 εςω
3533 2646 3650 2702 αὐτοῦ

2297 2753 2482 2809 νέσθαι
2507 2750 2862 2824 σωματικῶς,
2891 2747 3027 2803 ἀλλά
3051 2747 3151 2817 τῆς
3194 2745 3332 2818 πρὸς
3361 2744 3418 2797 τὸ
3442 2743 3572 2812 σῶμα
3599 2754 3727 2806 συμπι-

2299 2847 2448 2911 Θείας
2497 2845 2594 2916 τὴν
2635 2841 2809 2913 ψυχὴν
2839 2838 3182 2912 ἀπορρῆξαι,
3225 2837 3318 2891 καὶ
3364 2834 3577 2905 γενέσθαι
3599 2829 3728 2888 ἄπολιν,

2299 2939 2480 2994 ἄοικον
2509 2975 2525 3000 ,
2578 2933 2778 2988 ἀνίδιον
2799 2974 2814 2999 ,
2875 2930 3224 3001 ἀφιλέταιρον
3253 2967 3269 2991 ,
3321 2927 3566 2994 ἀκτήμονα
3590 2960 3601 2982 ,
3627 2918 3729 2975 sum.

2300 3029 2658 3102 ἀπράγμονα,
2695 3023 3096 3079 ἀσυνάλλακτον
3116 3061 3132 3087 ,
3161 3019 3353 3091 ἀμαθῆ
3382 3018 3479 3070 τῶν
3496 3011 3731 3102 ἅνθρωιτίνιιῆ

2301 3099 2642 3191 διδαγμάτων
2661 3135 2676 3149 ·
2703 3116 2917 3187 ἕτοιμον
2960 3111 3318 3176 ὑποδέξασθαι
3350 3112 3412 3179 τῇ
3442 3105 3597 3176 καρδίᾳ
3621 3099 3732 3161 τάςὲι

2301 3214 2400 3285 τῆς
2453 3212 2601 3275 θείας
2657 3207 3002 3270 διδασκαλίας
3059 3203 3412 3274 ἐγγινομένας
3457 3193 3731 3251 διατυπιὲισεις·

2312 3303 2630 3375 Ἐτοιμασία
2657 3302 2712 3355 δὲ
2746 3299 2998 3371 καρδίας,
3027 3299 3061 3368 ἡ
3094 3293 3436 3366 ἀπομαθησις
3461 3290 3549 3342 τῶν
3571 3289 3617 3338 ἐκ

2306 3397 2404 3466 ρᾶς
2443 3392 2728 3465 συνηθείας
2769 3388 3257 3462 προκατασχόντων
3294 3383 3451 3456 αὐτὴν
3487 3375 3734 3466 διδαγμᾶτω.

2303 3486 2524 3559 Πρῶτόν
2575 3501 2639 3554 γε
2671 3483 2886 3537 πάντων
2907 3521 2922 3547 ,
2966 3475 3286 3542 σπουδάζειν
3314 3475 3550 3548 προσήκει
3570 3469 3635 3520 τὸν
3657 3463 3736 3559 ἶνιῙ-έν

2305 3551 2425 3634 θέον
2453 3551 2620 3648 ἄνδρα
2653 3574 2782 3646 περι
2827 3572 2926 3643 τὴν
2961 3569 3056 3624 τοῦ
3097 3569 3258 3638 λόγου
3305 3568 3487 3638 χρῆσιν
3513 3561 3573 3633 μὴ
3600 3551 3738 3648 aget;

2305 3668 2478 3738 ἔχειν,
2516 3643 2628 3720 ἀλλ’
2674 3643 2885 3735 ἐρωτᾷν
2928 3661 3024 3732 μὲν
3063 3657 3445 3728 ἀφιλονείκως,
3472 3643 3737 3738 ἀποκρίνεεωι

2305 3736 2366 3813 at
2388 3757 2721 3828 ἀφιλοτίμως
2743 3795 2758 3820 ,
2803 3755 2877 3825 μὴ
2905 3753 3262 3806 διακόπτοντα
3283 3749 3374 3802 τὸν
3413 3736 3738 3828 προσδιαλεγόμε-

2306 3869 2396 3906 νον
2414 3825 2447 3918 ,1
2469 3825 2673 3903 ὅτανντι
2709 3848 2977 3918 χρήσιμον
3009 3843 3138 3914 λέγῃ
3161 3883 3175 3907 ,
3218 3841 3353 3913 μηδὲ
3381 3832 3668 3905 ἐπιθυμοῦντα

2309 3912 2502 3998 ἑαυτοῦ
2545 3912 3119 4010 λόγον’ξπιδεικτικῶς
3162 3912 3478 4003 ἐμϐάλλειν,
3527 3924 3652 3998 μέτρα
3679 3912 3733 3984 69-i-

2309 4035 2470 4100 ζοντα
2498 4032 2639 4102 λόγῳ
2681 4031 2775 4084 καὶ
2801 4030 2938 4099 ἀκοῇ
2957 4044 2972 4057 ’
3006 4024 3298 4097 μανθάνειν
3332 4024 3386 4077 δὲ
3408 4013 3738 4083 dventu-lim;

2309 4127 2404 4180 καὶ
2437 4101 2706 4178 διδάσκειν
2750 4119 3146 4188 ἀνεπιφθόνως.
3194 4118 3292 4170 κα)⁸
3335 4115 3389 4168 εἴ
3424 4130 3472 4166 τι
3515 4101 3739 4177 mihi?“

2308 4217 2612 4272 δεδίδακται
2635 4254 2650 4279 ,
2689 4214 2763 4286 μὴ
2794 4211 3276 4284 ἀποκρυπτόμενον
3300 4249 3315 4272 ,
3345 4208 3417 4269 ὡς
3449 4206 3497 4259 αἱ
3521 4189 3742 4286 φαῦλαι

2309 4307 2582 4380 γυναικῶν
2621 4280 2782 4360 αίντά
2821 4280 2955 4359 νόθοι
2989 4300 3454 4370 ὐποὸαλλόμεναι·
3486 4289 3594 4346 ἀλλά
3625 4280 3742 4380 κῆρύξ

2313 4371 2428 4455 σειν
2461 4396 2820 4470 εὐγνωμόνως
2865 4396 2957 4450 τὸν
3009 4393 3220 4464 πατέρα
3273 4391 3368 4444 τοῦ
3411 4371 3743 4470 λόγου.Τόνοςδέ

645 4467 983 4579 subjiciunt;
1035 4503 1130 4560 sed
1175 4509 1329 4574 grato
1387 4503 1570 4557 animo
1624 4467 1902 4571 parentem
1949 4467 2198 4556 doctrina

2287 4494 2496 4566 ’φωνῆς
2628 4467 2790 4564 μέσος
2833 4485 3227 4560 προτιμητέος,
3257 4483 3334 4548 ὡς
3389 4481 3512 4552 μήτε
3543 4467 3744 4579 διεῗςεύγιιν

644 4598 967 4670 praedicare.
990 4595 1156 4652 Vocis
1175 4609 1305 4651 vero
1336 4610 1505 4650 sonus
1529 4592 1820 4649 mediocris
1842 4592 2214 4662 praeferendus

645 4700 754 4753 est,
777 4700 840 4744 ut
868 4704 970 4746 nec
993 4689 1188 4746 exilior
1213 4687 1458 4741 auditum
1487 4682 1877 4756 praeterfugiat,
1906 4698 2008 4738 nec
2043 4683 2214 4738 nimia

647 4782 1000 4838 contentione
1047 4780 1392 4850 importunus
1422 4777 1513 4832 sit.
1554 4773 1982 4846 Expendendum
2033 4783 2213 4829 tecum

647 4875 804 4946 prius
834 4873 967 4945 quid
998 4873 1246 4929 dicturus
1271 4871 1368 4936 sis,
1394 4877 1556 4939 atque
1585 4868 1662 4922 ita
1686 4869 1906 4921 demum
1940 4865 2212 4921 edendum

647 4976 702 5024 et
733 4966 1087 5038 vulgandum.
1135 4962 1475 5037 Adeuntibus
1507 4959 1778 5034 ati‘abilem
1805 4973 1929 5014 esse
1971 4965 2211 5028 oportet,

650 5071 814 5132 atque
839 5062 895 5116 in
917 5059 1206 5130 colloquiis
1237 5071 1497 5124 suavem;
1534 5069 1634 5110 nec
1657 5054 1987 5124 voluptatem
2020 5050 2212 5106 facetis

651 5153 998 5208 sermonibus
1044 5149 1340 5220 aucupari,
1401 5147 1495 5203 sed
1540 5145 1776 5217 benigna
1831 5143 2215 5199 adhortatione

651 5245 929 5300 leuitatem
961 5244 1226 5300 obtinere.
1277 5240 1490 5310 Ubique
1532 5239 1800 5310 asperitas
1823 5278 1839 5304 ,
1868 5235 2085 5292 etiarnsi
2115 5235 2216 5290 ob-

647 5337 981 5410 iurgandum
1024 5338 1127 5404 sit,
1167 5335 1484 5407 rejicienda.
1528 5332 1663 5387 Nam
1697 5332 1792 5402 qui
1835 5330 1984 5402 prior
2015 5330 2216 5399 seipse

719 5513 765 5548 "
786 5513 804 5566 ι
829 5514 954 5570 Cor.
981 5529 1078 5578 vtt,
1105 5513 1191 5568 15.

724 5674 800 5733 ('l)
837 5673 908 5726 Ex
951 5673 1159 5740 Reguli:
1195 5674 1364 5742 fusius
1402 5672 1664 5736 tractatis,
1708 5668 1833 5725 351.

725 5745 800 5816 (2i
840 5743 914 5798 Ex
949 5750 1106 5814 epist.
1141 5760 1194 5808 ιι,
1235 5744 1318 5795 71.

2310 4554 2408 4659 τὴν
2453 4554 2642 4657 ἀκοὴν.
2671 4583 2778 4637 ὑπὸ
2817 4554 3176 4653 σμικρότητος
3197 4617 3212 4642 ,
3257 4579 3393 4648 μήτε
3435 4567 3637 4644 φορτικὸν
3669 4554 3744 4659 εἶναι

2309 4653 2389 4751 rip
2420 4653 2639 4752 μεγέθει
2680 4677 2779 4748 τῆς
2801 4674 3096 4736 διατάσεως
3118 4687 3132 4702 ο
3171 4668 3584 4752 προεξετάσαντα
3608 4659 3652 4752 ὲν
3672 4653 3743 4752 ¹ἑπέ-

2309 4744 2389 4841 τίξ)
2421 4744 2513 4823 ’τὸν
2537 4744 2941 4841 ῥηθησόμενον,
2997 4762 3138 4815 οὕτω
3182 4757 3511 4830 δημοσιεύειν
3549 4751 3620 4802 τὸν
3642 4744 3744 4840 161'“:-

2312 4861 2730 4932 Εὐπροσήγορον
2768 4858 2824 4910 ὲν
2867 4857 2987 4918 ταῖς
3041 4852 3312 4917 ἐντεύξεσι
3334 4893 3349 4917 ,
3398 4847 3573 4917 γλυκὺν
3609 4843 3649 4891 ὲν
3680 4846 3745 4886 τις

2311 4930 2552 5024 ὁμιλίαις
2574 4968 2590 4982 ·
2619 4952 2680 5004 οὐ
2707 4948 2796 5003 διὰ
2813 4948 2910 5017 τῆς
2933 4945 3293 5018 εὐτραπελίας
3321 4942 3382 4996 τὸ
3408 4940 3494 5011 ἡδὺ

2314 5017 2450 5101 ἀλλά
2499 5045 2587 5098 διά
2621 5043 2719 5112 τῆς
2768 5017 3450 5112 εὐμενοῦςνπαρακλήσεως
3493 5032 3543 5083 τὸ
3580 5017 3746 5095 τριετὲς

2315 5139 2508 5210 ἔχοντα
2531 5155 2545 5168 ⁸
2579 5133 2853 5207 πανταχοῦ
2910 5133 2969 5186 τὸ
3007 5133 3212 5204 τραχὺ,
3257 5131 3360 5184 κᾶν
3409 5121 3664 5192 ἐπιτιμῆσαι
3684 5111 3746 5170 5:.

2317 5229 2727 5300 ἀπωθούμενον.
2758 5223 3194 5299 Προκαταϐαλὼν
3230 5222 3337 5293 γὰρ
3357 5219 3530 5273 ἑαυτὸν
3559 5211 3626 5263 διὰ
3646 5216 3744 5300 τίῖέί

2319 5295 2654 5395 νοφροσιίνης
2676 5365 2690 5392 ν
2719 5295 2888 5385 οὕτιυς
2921 5317 3318 5391 εὐπαράδεκτος
3349 5313 3491 5367 ἔσται
3516 5305 3580 5376 τῷ
3605 5295 3722 5364 52°93‘-

2391 5656 2779 5728 (3llhid..
2897 5722 2935 5728 __
3243 5720 3257 5728 _
3368 5715 3444 5728 ..
3534 5705 3613 5728 κλμ,

2897 5722 3129 5795 Uterque
3163 5720 3325 5778 codex
3361 5719 3387 5771 ὀ
3419 5708 3644 5769 διατεθείς.
