3876 6504
108 321 204 378 ιιιι

858 306 1091 365 δειιιιο
1131 307 1192 362 ιι.
1233 336 1300 346 -
1335 305 1424 362 os
1465 301 1809 361 DOUTRINA
1850 301 1937 358 ET
1976 267 2465 359 suosmores.

3138 298 3275 354 “12

103 436 178 504 τῆς
212 425 506 501 θεραπείας.
548 422 809 485 Πολλάκις
862 422 919 475 δὲ
953 423 1223 492 χρήσιμος
1261 421 1391 490 ἡμῖν
1446 418 1542 471 καὶ
1593 418 1621 469 ό

1733 430 1818 484 per
1859 415 2222 487 humilitatem
2267 412 2548 483 abiecerit,
2578 410 2680 468 hoc
2707 416 2867 482 pacto
2892 409 2973 476 ei,
2995 411 3084 465 cui
3112 426 3276 465 cura-

103 526 174 580 τοῧ
198 522 453 593 προφήτου
488 517 684 590 τρόπος
709 515 806 585 τῆς
835 513 1173 585 ἐπιπλήξεως
1200 530 1211 542 ·
1250 512 1308 576 ὃς
1349 509 1427 581 τῷ
1458 510 1619 563 Δαόὶδ

103 615 387 690 ἁμαρτόντι,
424 611 485 664 οὑ
533 607 879 681 παρ’ἐαυτοῦ
933 608 1180 678 ἐπήγαγε
1228 605 1317 657 τὸν
1362 606 1486 675 ὅρον
1523 604 1620 673 τῆς

103 710 355 780 καταδίκης
379 748 394 772 ,
445 706 558 761 ἀλλ’
615 704 847 776 ύποόολῇ
903 700 1193 774 προσώπου
1241 697 1616 772 χρησάμενος,

104 802 234 858 αὑτὸν
267 801 466 853 ἐκεῖνον
512 795 606 850 τοῦ
646 795 777 849 ίδίου
820 794 1077 866 δικαστὴν
1105 792 1356 846 ἐκάθισεν
1382 790 1621 862 ἁμαρτῆ·

101 908 240 967 ματος
269 907 282 920 ·
328 888 465 942 ὥστε
517 887 677 940 αὐτὸν
732 885 851 940 καθ’
905 884 1091 939 ἐαυτοῦ
1162 882 1620 954 προεξενεγκόντα

101 985 175 1055 τὴν
214 981 418 1055 κρίσιν,
476 980 642 1051 μηδὲν
692 977 1105 1050 ἐπιμέμψασθαι
1160 977 1250 1031 τὸν
1302 974 1616 1044 ἐλέγξαντα.

109 1075 262 1137 ὀλκδς
290 1073 381 1143 μὲν
405 1071 513 1144 γὰρ
539 1070 727 1135 ὓδατος
758 1069 995 1124 δείκνυσι
1033 1069 1132 1143 τὴν
1168 1068 1374 1123 οἰκείαν
1414 1067 1618 1137 πηγὴν,

101 1167 229 1234 λόγου
272 1163 325 1217 δὲ
369 1163 528 1232 φύσις
576 1161 674 1234 τὴν
718 1160 1153 1233 προενεγκοῦσαν
1182 1159 1353 1213 -αύτδν
1397 1155 1621 1231 καρδίαν

104 1254 468 1329 χαρακτηρίζει.

155 1430 199 1485 5.
223 1427 324 1483 Καὶ
357 1425 546 1500 ὥσπερ
573 1427 668 1481 ἐπὶ
693 1426 802 1481 τῶν
836 1426 1094 1500 ἰατρικῶν
1127 1427 1618 1499 παραγγελμάτων,

102 1521 200 1574 ὅταν
237 1518 493 1590 εὐστόχως
527 1518 620 1572 καὶ
664 1518 806 1573 κατὰ
842 1518 999 1587 λόγον
1035 1517 1289 1590 γίνηται,
1345 1518 1482 1590 μετά
1525 1517 1622 1590 τὴν

106 1614 262 1683 πεῖραν
293 1608 521 1680 μάλιστα
562 1608 625 1662 τὸ
653 1608 746 1662 ἀπ’
779 1608 958 1662 αὐτῶν
983 1607 1257 1679 ὠφέλιμον
1301 1607 1575 1662 δείκνυται
1604 1626 1619 1640 ο

103 1701 214 1755 οὕτω
236 1700 322 1754 καὶ
351 1700 444 1754 ἐπὶ
471 1699 583 1753 τῶν
612 1699 995 1770 πνευματικῶν
1034 1700 1407 1771 παραινέσεων
1432 1741 1447 1765 ,
1476 1702 1623 1754 ἐπειο

105 1794 178 1847 δάν
220 1793 441 1867 μάλιστα
490 1794 592 1866 τὴν
643 1792 868 1848 ἔκϐασιν
922 1793 1061 1866 λάϐῃ
1122 1793 1501 1867 μαρτυροῦσαν
1556 1794 1624 1849 τὰ

105 1884 489 1956 παραγγέλματα
514 1924 530 1950 ,
561 1883 683 1938 τότε
718 1883 781 1938 τὸ
812 1885 973 1955 σοφὸν
1006 1885 1183 1940 αὐτῶν
1228 1886 1321 1940 καὶ
1352 1884 1624 1956 ὠφέλιμον

107 1976 211 2046 πρὸς
229 1976 319 2046 τὴν
353 1974 727 2047 ἐπανόρθωσιν
756 1974 851 2030 τοῦ
888 1976 1006 2047 βίου
1041 1976 1138 2030 καὶ
1170 1975 1269 2047 τὴν
1307 1975 1419 2031 τῶν
1443 1977 1626 2031 πειθο-

108 2068 249 2138 μένων
275 2066 543 2123 τελείωσιν
593 2068 968 2139 ἀναφαίνεται.
1006 2068 1066 2123 '0
1104 2068 1213 2141 γὰρ
1249 2068 1340 2123 τὸν
1376 2070 1626 2142 κείμενον

106 2158 293 2213 ἀνιστῶν
313 2201 330 2227 ,
358 2158 689 2232 ὑψηλότερος
718 2157 853 2214 εἶναι
897 2158 991 2214 τοῦ
1021 2160 1370 2225 πεπτωκότος
1410 2158 1627 2226 πάντως

108 2248 294 2320 ὀφείλεν
325 2251 352 2304 ὀ
386 2250 443 2304 δὲ
471 2250 532 2318 ἐξ
563 2251 681 2305 τσου
719 2250 1042 2307 καταπεσὼν
1062 2292 1077 2316 ,
1117 2252 1307 2324 ἐτέρου
1349 2253 1441 2306 καὶ
1465 2252 1627 2318 αὐτὸς

107 2341 175 2395 τοῦ
207 2345 584 2416 ἀναστήσοντος
616 2345 910 2400 ἐπιδέεται.
938 2347 1001 2399 οι
1042 2345 1101 2399 δέ
1136 2345 1355 2416 τυφλοῖς
1379 2345 1631 2400 διδασκά-

111 2443 192 2498 λοις
214 2436 301 2508 τὴν
347 2437 571 2509 ὁδηγίαν
615 2437 822 2493 ἑαυτῶν
864 2438 1254 2511 ἐπιτρέψαντες
1275 2480 1291 2504 ,
1331 2439 1628 2511 ἐπέρησαν

110 2526 292 2591 ἐαυτοὺς
313 2527 410 2598 τῆς
450 2528 547 2582 τοῦ
581 2530 756 2598 φωτὸς
793 2529 1164 2595 ἀπολαύσεως.
1217 2531 1292 2584 Τὸ
1338 2530 1448 2603 γὰρ
1493 2531 1631 2601 μετά

111 2615 246 2687 θυμοῦ
280 2619 368 2673 καὶ
401 2619 574 2693 όργῆς
624 2620 864 2692 ἐλέγχειν
912 2623 1004 2677 τὸν
1058 2624 1446 2697 ἀμαρτήσαντα
1478 2624 1633 2679 ἀδελ-

111 2706 216 2775 φὺν,
242 2710 353 2782 οὐχὶ
382 2712 591 2766 ἐκεῖνόν
621 2713 768 2768 ἐστιν
801 2713 1071 2786 ἁμαρτίας
1102 2714 1483 2789 ἐλευθερῶσαι,
1516 2716 1631 2770 ἀλλ’

113 2799 262 2854 ἑαυτὸν
287 2804 595 2874 περιϐαλεῖν
628 2804 1114 2879 πλημμελήμασιν.
1173 2809 1260 2864 Ἐν
1308 2809 1417 2882 γὰρ
1457 2810 1632 2882 πραό-

113 2905 206 2960 τητι
268 2893 342 2947 δεῖ
392 2896 672 2955 παιδεύειν
724 2898 854 2963 τοὺς
908 2890 1503 2973 ἀντιδιατιθεμένους,
1540 2902 1633 2956 καὶ

115 2981 172 3053 μὴ
201 2984 250 3037 ὲν
289 2980 381 3050 οἷς.
407 2987 505 3059 μὲν
554 2989 717 3054 αὐτὸς
769 2990 1019 3064 παροφθῇ
1038 3030 1055 3057 ,
1097 2993 1324 3065 σφοδρὸν
1349 2988 1489 3049 εἶναι
1519 3011 1535 3026 ⁸
1573 2996 1634 3048 ἐν

1721 506 1867 559 tione
1895 519 2033 576 Opus
2059 512 2163 570 est,
2198 513 2455 574 acceptus
2474 502 2597 559 erit.
2617 500 2945 572 Plerumque
2974 517 3104 557 vero
3127 503 3278 561 utilis

1719 596 1879 651 nobis
1924 605 1978 652 et
2026 596 2120 651 illa
2155 596 2547 666 increpationis
2586 595 2724 648 ratio
2752 610 2783 648 a
2814 593 3077 666 propheta
3118 593 3276 649 adbi-

1720 684 1864 750 bita,
1894 685 2018 756 qui,
2053 702 2177 741 cum
2226 685 2394 739 David
2439 692 2751 755 peccasset,
2787 700 2895 739 non
2926 700 2959 739 a
2987 686 3279 753 semetipso

1719 778 2048 832 sententiam
2084 777 2299 832 induxit
2344 776 2838 838 condemnationis,
2871 776 2969 832 sed
3013 778 3277 832 accersita

1721 884 1955 940 persona
1986 880 2169 933 utens,
2200 870 2379 940 ipsum
2418 869 2622 939 proprii
2650 868 2886 937 iudicem
2917 869 3121 938 peccati
3153 882 3278 922 con-

1719 962 1927 1028 stituit;
1954 962 2029 1015 ita
2077 968 2137 1014 ut
2177 974 2301 1016 cum
2330 961 2384 1015 in
2420 975 2480 1015 se
2521 960 2637 1030 ipse
2673 960 2997 1015 sententiam
3025 959 3277 1028 dixiSset,

1719 1053 1853 1107 nihil
1891 1052 2002 1122 jam
2041 1060 2393 1108 succenseret
2434 1052 2702 1122 arguenti.
2740 1052 2813 1121 ('5)
2856 1049 2988 1105 Nam
3015 1066 3278 1121 aquarum

1719 1145 1939 1215 quidem
1964 1144 2174 1198 rivulus
2203 1143 2405 1200 fontem
2431 1160 2589 1200 suum
2616 1143 2855 1198 indicat:
2886 1144 3154 1198 sermonis
3182 1159 3280 1197 au-

1719 1247 1827 1295 tem
1878 1244 2071 1293 natura
2122 1247 2347 1310 pectus,
2392 1238 2536 1293 unde
2576 1240 2882 1303 emanavit,
2929 1235 3170 1306 depingit
3217 1251 3282 1291 ac

1703 1331 1988 1401 ,designat.

1791 1424 1845 1479 5.
1890 1424 1969 1493 (4)
2011 1424 2186 1494 Atque
2220 1429 2279 1476 ut
2330 1423 2386 1477 in
2437 1421 2771 1477 medicorum
2808 1420 3121 1491 praeceptis,
3156 1433 3280 1473 cum

1723 1516 1968 1586 apposite
2020 1523 2074 1571 et
2126 1530 2198 1571 ex
2248 1515 2458 1570 ratione
2494 1512 2659 1575 ﬁunt,
2716 1521 2838 1582 post
2891 1511 3283 1583 experientiam

1723 1606 1958 1663 maxime
1995 1622 2184 1663 eorum
2224 1606 2438 1662 utilitas
2464 1607 2600 1661 solet
2625 1603 2840 1660 ostendi
2875 1624 2889 1659 :
2923 1605 3003 1659 sic
3036 1602 3093 1658 in
3121 1603 3285 1673 spiri-

1724 1699 1967 1755 tualihus
2019 1697 2526 1761 exhortationibus,
2560 1695 2652 1752 ubi
2702 1697 2934 1750 maxime
2981 1694 3183 1748 monita
3220 1707 3287 1748 ac

1726 1798 1994 1863 praecepta
2048 1790 2262 1845 fuerint
2322 1790 2473 1844 exitu
2537 1794 2734 1842 testata
2790 1785 3284 1856 eomprohataque,

1724 1893 1857 1939 tunc
1886 1897 1952 1938 ea
2000 1882 2277 1954 sapienter
2307 1881 2621 1950 utiliterque
2665 1879 2730 1934 ad
2782 1880 2905 1933 vitae
2949 1878 3287 1933 emendatio-

1725 1992 1848 2033 nem
1882 1984 2045 2047 atque
2072 1976 2138 2031 ad
2172 1973 2660 2045 obtemperantium
2704 1971 3090 2043 perfectionem
3129 1970 3286 2027 adhi-

1725 2070 1837 2125 bita
1886 2069 2055 2124 fuisse
2096 2074 2339 2139 apparet.
2371 2066 2448 2138 (5)
2478 2064 2613 2119 Nam
2657 2065 2928 2132 iacentem
2968 2062 3062 2133 qui
3102 2064 3285 2132 erigit,

1728 2163 1891 2219 altior
1932 2162 2160 2218 omnino
2212 2161 2365 2231 lapso
2393 2174 2516 2215 esse
2545 2157 2706 2213 debet
2744 2177 2757 2211 :
2801 2157 2896 2226 qui
2926 2171 3054 2211 vero
3081 2155 3289 2226 pariter

1726 2253 1946 2318 cecidit,
1988 2252 2161 2309 altero
2201 2251 2294 2322 qui
2343 2250 2537 2322 erigat,
2586 2249 2749 2304 etiam
2778 2248 2893 2318 ipse
2937 2261 3076 2318 Opus
3104 2245 3286 2301 habet.

1729 2344 1807 2419 (6)
1832 2343 1935 2412 Qui
1953 2358 2080 2400 vero
2107 2357 2280 2399 caecos
2297 2341 2548 2397 doctores
2576 2340 2661 2395 sui
2688 2340 2854 2395 duces
2877 2338 3071 2403 fecere,
3090 2336 3290 2407 jucun-

1728 2438 1956 2496 dissimo
2002 2452 2063 2494 se
2115 2436 2340 2493 luminis
2392 2433 2575 2490 fructu
2628 2433 2998 2504 privaverunt.
3041 2431 3116 2503 (7)
3152 2430 3290 2485 Nam

1729 2531 2058 2601 redarguere
2101 2527 2329 2584 fratrem
2370 2512 2494 2582 cum
2543 2524 2916 2597 indignatione
2951 2530 3007 2579 et
3044 2522 3144 2590 ira,
3180 2538 3292 2579 non

1728 2628 1815 2678 est
1854 2621 2009 2675 illum
2052 2633 2084 2674 a
2125 2627 2347 2690 peccato
2377 2616 2646 2689 liberare;
2689 2614 2783 2670 sed
2813 2614 3051 2684 seipsum
3081 2611 3295 2668 delictis

1731 2713 2096 2785 obstringere.
2129 2709 2355 2782 Oportet
2381 2708 2529 2765 enim
2574 2708 2630 2763 in
2673 2704 3090 2764 mansuetudine
3120 2705 3295 2761 corri-

1731 2822 1858 2879 pere
1879 2821 1973 2863 eos
2001 2805 2097 2878 qui
2119 2804 2379 2860 resistunt
2401 2805 2448 2836 "
2484 2820 2498 2858 :
2530 2816 2723 2873 neque,
2751 2815 2876 2856 cum
2906 2799 3021 2870 ipse
3047 2804 3295 2855 contem-

1731 2900 1903 2963 neris,
1934 2897 2004 2954 ob
2049 2896 2105 2952 id
2143 2895 2436 2952 vehemens
2478 2908 2638 2950 esse:
2666 2892 2758 2947 ubi
2785 2906 2916 2947 vero
2959 2892 3135 2948 alium
3164 2905 3297 2946 con-

1735 2990 1903 3047 temni
1928 2988 2153 3055 videris,
2181 3002 2310 3059 erga
2339 3000 2462 3041 eum
2500 2983 2594 3056 qui
2624 2981 2881 3054 deliquit,
2907 2980 3296 3052 indulgentiam

114 3066 179 3136 οἷς
209 3074 257 3129 δὲ
302 3077 364 3131 ἂν
411 3079 574 3135 ἄλλον
618 3084 1126 3156 καταφρονούμενον
1175 3085 1260 3158 ἴδῃ
1282 3127 1297 3149 ,
1347 3088 1446 3159 τὴν
1497 3087 1634 3159 πρὸς

1737 3065 2026 3139 ostendere
2059 3100 2074 3137 :
2104 3079 2237 3151 quin
2287 3078 2470 3150 potius
2503 3084 2633 3131 tunc
2677 3075 2735 3130 in
2784 3080 3070 3146 peccatum
3115 3071 3296 3127 invehi

116 3166 182 3218 τδν
208 3169 543 3244 ἡμαρτηκότα
592 3176 973 3249 μακροθυμίαν
1026 3179 1427 3235 ἐπιδείκνυσθαι
1450 3197 1465 3212 ·
1499 3180 1636 3235 ἀλλά

116 3259 187 3310 καὶ
219 3262 399 3330 μᾶλλον
440 3266 817 3340 δυσχεραίνειν
858 3270 949 3323 ἐπὶ
976 3269 1054 3342 τῷ
1102 3271 1258 3343 κακῷ
1302 3273 1444 3329 τότε.
1479 3272 1636 3328 Οὕτω

116 3345 195 3417 γὰρ
219 3351 407 3424 καὶτῆς
448 3356 735 3426 φιλαυτίας
761 3357 858 3431 τὴν
889 3359 1121 3431 ὑποψίαν
1154 3360 1511 3431 ἐκφεύξεται,
1541 3363 1638 3417 καὶ

113 3437 337 3507 ἀπόδειξιν
356 3445 521 3501 δώσει
547 3447 639 3502 τοῦ
672 3449 746 3520 μὴ
775 3449 866 3504 τὸν
890 3452 1249 3524 ἡμαρτηκότα
1281 3456 1478 3525 μισεῖν,
1499 3453 1637 3509 ἀλλά

112 3529 186 3597 τὴν
214 3533 464 3607 ἁμαρτίαν
527 3540 961 3613 ἀποστρέφεσθαι
985 3560 999 3574 °
1032 3544 1095 3598 τὸ
1148 3544 1248 3616 μὲν
1282 3544 1392 3617 γὰρ
1443 3546 1518 3617 μὴ
1570 3546 1636 3600 δι’

113 3619 265 3679 ἑαυτὸν
305 3629 374 3700 (1)
415 3636 692 3705 μεριμνᾷν
740 3636 835 3689 καὶ
881 3636 1242 3707 ἐργάζεσθαι,
1295 3638 1639 3711 φιλοχρίστου

115 3714 186 3765 καὶ
215 3716 523 3794 φιλαδέλφου
577 3723 866 3790 διαθέσεως
902 3725 1195 3799 ἐγκώμιον.
1244 3729 1415 3783 Παντὶ
1460 3730 1641 3783 τοίνυν

114 3806 263 3880 τρόπῳ
290 3812 390 3887 χρὴ
424 3816 523 3869 τὸν
569 3816 895 3872 ἀσθενοῦντα
941 3818 1261 3891 θεραπεύειν
1289 3861 1305 3885 ,
1344 3820 1438 3874 καὶ
1477 3837 1641 3874 σπου-

114 3894 258 3960 δάζειν
302 3904 360 3957 τὸ
409 3905 829 3980 ἐξηρθρωμένον
854 3949 870 3975 ,
926 3910 992 3964 ἶν’
1030 3910 1202 3976 οὕτως
1259 3912 1395 3966 είπω
1421 3952 1437 3977 ,
1481 3914 1642 3984 μέλος

116 3988 369 4066 ὲναρθροῦν
393 4016 408 4031 ο
448 4001 548 4056 ἐάν
594 4001 651 4055 δὲ
692 4004 759 4074 τῇ
792 4004 1146 4077 οίᾳδηποτοῦν
1188 4006 1353 4078 κακίᾳ
1384 4008 1638 4080 ἐπιμένῃ,

116 4080 293 4149 ἀφιέναι
333 4091 405 4156 ὡς
436 4093 721 4166 ἀλλότριον
743 4113 755 4126 ο
791 4095 1099 4167 γέγραπται
1129 4098 1238 4173 γάρ
1257 4114 1271 4129 ·
1314 4097 1491 4155 Πᾶσα
1532 4117 1644 4169 φυ-

116 4176 217 4232 τεία
232 4219 246 4242 ,
272 4180 345 4250 ἣν
367 4187 479 4241 οὐκ
504 4186 839 4257 ἐφύτευσεν
868 4192 901 4243 ό
929 4188 1130 4258 Πατήρ
1145 4208 1264 4260 μου
1289 4194 1322 4245 ό
1343 4191 1640 4262 οὐράνιος,

115 4265 540 4342 ἐκριζωθήσεται.
605 4279 730 4333 Ἐὰν
792 4280 900 4352 γὰρ
962 4280 1425 4347 δυσαποσπάστως
1479 4283 1643 4355 ἔχωσι

116 4358 200 4413 τῶν
232 4364 366 4420 ίδίων
392 4369 533 4425 ἐθῶν
557 4413 572 4436 ,
603 4370 697 4424 καί¹
733 4373 853 4435 ταῖς
900 4371 1110 4442 ἡδοναῖς
1144 4373 1241 4444 τῆς
1279 4373 1479 4444 σαρκὸς
1519 4375 1642 4428 δου-

1733 3174 1910 3231 decet.
1957 3170 2038 3227 Ita
2088 3171 2233 3229 enim
2266 3176 2322 3226 et
2365 3167 2730 3240 suspicionem
2760 3180 2792 3220 a
2836 3173 2892 3221 te
2920 3164 3155 3221 hominis
3206 3178 3297 3220 se-

1735 3265 1914 3336 ipsum
1965 3261 2256 3318 immodice
2302 3258 2537 3315 amantis
2562 3254 2946 3320 submovehis,
2991 3262 3046 3309 et
3088 3253 3299 3324 planis-

1736 3358 1877 3413 sime
1915 3364 1969 3411 te
1998 3368 2109 3409 non
2133 3358 2453 3425 peccantem
2487 3349 2689 3411 odisse,
2716 3346 2812 3403 sed
2835 3355 3115 3418 peccatum
3146 3358 3302 3399 aver-

1736 3449 1847 3506 sari
1886 3444 2208 3503 declarabis.
2244 3442 2321 3516 (8)
2365 3441 2500 3497 Nam
2540 3439 2851 3509 sollicitum)
2871 3453 2992 3495 esse
3027 3444 3080 3493 et
3141 3450 3302 3508 agere

1736 3556 1848 3598 non
1889 3547 2112 3613 propter
2151 3536 2531 3606 semetipsum,
2556 3534 2676 3589 laus
2700 3540 2785 3588 est
2832 3530 2998 3585 animi
3020 3529 3299 3586 Christum

1738 3642 1791 3691 et
1819 3634 2015 3690 fratres
2046 3630 2301 3688 amantis.
2330 3628 2409 3701 (9)
2447 3625 2606 3684 Omni
2637 3623 2803 3698 igitur
2832 3623 2999 3678 modo
3023 3621 3299 3677 curandus

1738 3728 2010 3795 infirmus,
2041 3741 2105 3781 ac
2129 3723 2307 3781 danda
2336 3721 2525 3779 sedula
2555 3732 2741 3790 opera,
2769 3725 2829 3772 ut
2857 3717 3101 3771 luxatum
3131 3728 3303 3768 mem-

1740 3823 1919 3886 brum,
1953 3830 2012 3875 ut
2039 3820 2111 3874 ita
2136 3817 2334 3882 dicam,
2365 3814 2525 3889 48],
2560 3814 2616 3867 in
2647 3826 2805 3868 suum
2833 3810 3011 3866 locum
3049 3807 3303 3863 restitua-

1742 3920 1851 3967 tur.
1881 3911 2035 3978 Quod
2064 3910 2110 3965 si
2150 3909 2207 3964 in
2257 3922 2358 3964 suo
2387 3907 2520 3962 vitio
2551 3904 2927 3976 qualecunque
2961 3897 3177 3954 tandem
3208 3897 3301 3963 sit,

1741 4000 2202 4075 perseveraverit,
2233 4005 2349 4052 tum
2397 3995 2624 4069 perinde
2657 4004 2819 4066 atque
2863 3992 3073 4047 alienus
3115 3987 3303 4044 dimit-

1743 4092 1938 4149 tendus
1971 4100 2074 4147 est.
2113 4089 2389 4162 Scriptum
2431 4094 2517 4143 est
2560 4088 2704 4142 enim
2741 4103 2754 4140 :
2790 4081 2975 4140 Omnis
3018 4079 3302 4151 plantatio,

1740 4201 1898 4257 quam
1934 4200 2039 4238 non
2076 4181 2335 4251 plantavit
2378 4178 2542 4233 Pater
2582 4193 2724 4232 meus
2771 4175 3024 4240 cwlestis,
3064 4172 3295 4227 eradica-

1743 4278 1887 4331 bitur
1921 4276 1989 4330 ⁸⁸.
2024 4275 2137 4345 (ιιι)
2174 4271 2328 4340 Quod
2359 4274 2404 4327 si
2432 4271 2526 4341 qui
2548 4268 2764 4325 diﬂicile
2794 4269 3095 4322 avellantur
3121 4281 3150 4319 a
3178 4281 3306 4335 pro-

1743 4368 1879 4440 priis
1910 4365 2175 4431 moribus,
2206 4364 2498 4434 carnisque
2541 4360 2911 4431 voluptatibus
2939 4358 3143 4414 servire
3190 4370 3308 4410 ma-

117 4445 260 4507 λεύειν
298 4457 521 4515 ἐθέλωσι
561 4461 758 4532 μᾶλλον
786 4460 823 4533 ἢ
960 4439 1304 4535 Κυρίῳξκαὶ
1352 4439 1449 4535 τὴν
1500 4463 1644 4519 κατὰ

1748 4439 1847 4512 lint
1868 4471 2030 4527 quam
2056 4453 2305 4522 Domino,
2342 4462 2394 4510 et
2429 4453 2595 4508 vitam
2629 4452 2928 4508 secundum
2955 4447 3306 4518 Evangelium

116 4539 163 4592 τὸ
187 4544 499 4619 Εύαγγέλιον
554 4552 699 4623 ζωὴν
751 4551 828 4625 μὴ
858 4554 1275 4625 καταδέχωνται,
1310 4555 1484 4619 οὐδεὶς
1511 4558 1642 4628 ἡμῖν

118 4636 262 4702 κοινὸς
285 4644 413 4713 πρὸς
440 4646 637 4707 αὐτοὺς
668 4644 842 4714 λόγος.
883 4646 1072 4717 Ἡμεῖς
1103 4645 1210 4717 γὰρ
1246 4647 1304 4699 ὲν
1335 4645 1448 4718 λαῷ
1488 4647 1645 4700 ἀπει-

118 4721 184 4777 θεῖ
218 4733 302 4785 καὶ
345 4735 678 4806 ἀντιλέγοντι
723 4737 1079 4808 δεδιδάγμεθα
1127 4737 1378 4805 ἀκούειν,
1419 4740 1501 4793 ὅτι
1528 4740 1643 4794 Σώ-

118 4812 206 4873 (cur
236 4822 373 4886 σῶζε
415 4829 532 4896 τὴν
575 4827 836 4882 σεαυτοῦ
884 4827 1135 4897 ψυχὴν,
1187 4828 1282 4881 καὶ
1337 4829 1645 4902 ἀλλοτρίαις

116 4906 373 4983 ἁμαρτίαις
406 4920 481 4991 μὴ
511 4918 771 4974 κοινώνει.
806 4921 915 4973 Καὶ
939 4922 988 4973 εί
1019 4922 1092 4991 μή
1123 4938 1207 4984 τις
1234 4919 1643 4993 ἐπιθυμητικῶς

116 4995 300 5070 ἔρχεται
325 5010 416 5066 ἐπὶ
443 5013 505 5066 τὸ
546 5010 796 5081 ψάλλειν,
847 5013 941 5066 καὶ
978 5014 1026 5066 εί
1064 5013 1142 5085 μὴ
1190 5012 1533 5083 ἐπιφαίνεται
1565 5014 1642 5087 (‘2)

1746 4548 2035 4603 instituere
2073 4546 2269 4609 nolint,
2302 4545 2451 4599 nulla
2473 4550 2558 4600 est
2587 4542 2746 4597 nobis
2769 4555 2893 4595 cum
2933 4537 3041 4592 illis
3063 4550 3312 4592 commu-

1748 4641 1832 4696 nis
1860 4640 2020 4695 ratio.
2051 4638 2162 4695 Nos
2197 4640 2342 4694 enim
2378 4637 2435 4691 in
2466 4636 2667 4707 populo
2698 4629 3073 4701 inobsequenti
3103 4636 3158 4684 et
3185 4642 3312 4682 con-

1746 4734 2038 4791 tradicenti
2062 4732 2243 4789 edocti
2279 4745 2469 4788 sumus
2499 4727 2689 4783 audire
2717 4744 2730 4780 :
2759 4723 2982 4781 Seruum
3013 4737 3161 4777 serva
3193 4720 3313 4773 ani-

1749 4844 1892 4882 mam
1938 4837 2082 4880 tuam
2111 4826 2190 4889 ³⁸,
2232 4822 2428 4879 alienis
2470 4820 2711 4891 peccatis
2755 4834 2823 4873 ne
2872 4818 3311 4872 communicave-

1756 4924 1855 4978 ris.
1869 4920 1917 4991 (l
1931 4920 1979 4990 ί)
1993 4917 2052 4974 Si
2074 4918 2199 4989 quis
2222 4917 2478 4974 alacriter
2493 4927 2602 4969 non
2620 4911 2842 4968 accedat
2860 4909 2925 4965 ad
2948 4905 3309 4979 psallendum,

1750 5031 1850 5073 nec
1880 5014 2019 5071 ferat
2057 5028 2169 5085 pra:
2203 5027 2264 5067 se
2307 5009 2557 5068 affectum
2599 5005 2779 5069 illius,
2809 5002 2902 5075 qui
2935 5001 3106 5065 dixit,
3137 4998 3311 5066 Quam

172 5158 268 5215 “ll
288 5163 424 5225 Tim.
454 5186 514 5236 ιι,
543 5162 636 5227 95.
696 5170 743 5202 ⁸⁸
767 5169 956 5224 Matth.
986 5186 1077 5235 xv,
1110 5170 1197 5227 15.
1273 5171 1316 5203 ³⁸
1341 5170 1475 5228 Gen.
1506 5188 1620 5240 ιιι,
1658 5173 1741 5228 l7.

173 5311 238 5397 Π)
257 5318 348 5396 Μὴ
373 5323 447 5378 δι’
477 5324 714 5379 ἑαυτόν.
744 5322 1115 5397 Negationem,
1138 5342 1258 5397 qua:
1297 5343 1520 5397 prorsus
1550 5346 1646 5384 ne.

115 5390 531 5511 ἓὲιηιιιι
580 5390 861 5451 sententia:
894 5397 1111 5461 seriem,
1145 5390 1548 5469 desumpsimus
1576 5417 1644 5456 ex

415 5482 425 5511 I
471 5506 484 5511 -

247 5474 273 5510 ε
301 5474 485 5520 nemo.

174 5479 273 5510 uuce
301 5479 374 5515 ne
471 5506 485 5520 ,

174 5521 240 5609 β)
272 5479 683 5609 ξεπὲςῗιινεται.
721 5534 957 5609 Uterque
985 5534 1555 5609 οοᾱοκέπιφαίνηται,
1590 5548 1644 5596 et

116 5596 246 5722 ³⁸³Ξέ
271 5596 505 5722 ἔρχηται,
535 5614 589 5660 et
612 5606 771 5675 paulo
801 5596 924 5690 post
952 5605 1121 5661 codex
1158 5596 1534 5680 1910’ήγῆται.

319 5687 346 5722 x
373 5684 530 5722 emst-
561 5691 780 5722 cxxuv-
806 5676 932 5722 22.1-

276 5662 531 5753 Ex‘epist.
561 5662 780 5753 ςξκχιν,
801 5662 932 5731 ἒὲὅ.
1026 5747 1037 5753 _
1072 5746 1084 5753 _
1366 5662 1378 5678 ’
1412 5662 1480 5753 ’ὲ
1556 5698 1563 5703 ι

175 5730 243 5802 (4)
277 5738 346 5797 Ex
371 5730 513 5803 hom.
542 5730 801 5802 Adversus
828 5762 913 5803 eos
949 5747 1037 5819 qui
1066 5746 1388 5804 irascuntur.
1416 5747 1503 5804 8'5.

1823 5326 1896 5395 (5)
1931 5322 2007 5379 Ex
2037 5312 2184 5376 hem.
2217 5321 2466 5395 inmart.
2493 5317 2768 5395 datiuum,
2797 5317 2884 5395 42:

1933 5394 2167 5468 [iterque
2197 5390 2392 5468 _c_odex_
2417 5388 2618 5468 indicat
2658 5384 2934 5468 senm-pe
2963 5384 3067 5438 ira.

1849 5457 1900 5534 7)
1932 5465 2007 5519 Ex
2045 5457 2254 5532 Reguli;
2284 5459 2455 5534 fusius
2484 5459 2746 5534 tractatis,
2766 5457 2889 5534 595.

1843 5526 1898 5606 8)
1934 5526 2169 5606 Uterque
2199 5526 2367 5606 codex
2411 5526 2624 5606 indicat
2668 5533 2924 5606 ascetica.

1843 5597 1899 5668 9)
1932 5605 2005 5660 Ex
2044 5597 2257 5674 Regalis
2285 5599 2781 5674 brevius_t_ractatis,
2805 5597 2927 5652 451.

1843 5610 1899 5668 9)
1932 5610 2005 5660 Ex
2044 5610 2257 5674 [tegulis
2285 5610 2487 5654 brevius
2517 5610 2619 5650 trm

1821 5610 1934 5746 ίιο)
1966 5677 2041 5746 lix
2067 5676 2461 5746 epist._cc_xvu_,
2493 5668 2619 5724 550.

1823 5735 1932 5818 (ll)
1965 5744 2040 5801 Ex
2072 5735 2279 5816 Regalis
2306 5741 2506 5796 brevius
2535 5738 2798 5808 tractatis,
2832 5735 2955 5794 5H.
