3876 6518
609 310 749 364 11ιὸ

1456 304 1821 365 ΔΡΡΕΝΒΙΧ.
1860 338 1928 349 -
1968 304 2318 367 SYMEONIS
2355 311 2893 370 METAPHRASTE

605 430 786 485 dulcia
837 425 1077 497 faucibus
1129 425 1256 479 meis
1307 422 1515 495 eloquia
1573 424 1699 478 tua!
1739 441 1893 495 super
1944 426 2052 481 mel
2096 428 2177 481 ori

2279 426 2427 500 αὐτῷ
2455 431 2491 500 ἡ
2521 428 2759 494 διάθεσις
2782 429 2877 483 τοῦ
2903 431 3174 494 εἰπόντος’
3212 432 3311 498 Ὠς
3346 432 3549 501 γλυκέα
3577 437 3638 502 τῷ
3668 443 3741 495 λά-

607 538 722 579 meo
745 521 791 554 "
825 538 839 576 :
876 531 977 576 nec
1018 524 1170 588 putet
1202 530 1459 586 magnum
1492 515 1879 571 detrimentum
1911 516 2178 572 desidiam

2277 521 2448 591 ρυγγι
2471 538 2592 591 μου
2627 522 2699 576 τὰ
2736 521 2913 592 λόγιά
2941 522 3098 577 σουί
3120 521 3272 591 ὑπὲρ
3300 523 3432 592 μέλι
3467 523 3536 590 τῷ
3564 530 3742 598 στόματί

606 630 765 671 esse:
796 617 889 667 aut
918 609 1248 679 corrigatur,
1285 613 1380 662 aut
1423 606 1749 678 expellatur,
1795 620 1864 662 ne
1903 607 2175 662 modicum

608 706 935 763 fermentum
974 707 1143 757 totam
1186 712 1423 755 massam
1457 705 1772 770 corrumpat
1800 698 1868 755 ³³.
1910 698 1987 770 (i)
2028 700 2177 767 Quos

606 809 927 852 communes
955 807 1132 865 pinna:
1161 792 1225 846 ad
1265 805 1455 847 sanam
1485 797 1723 846 mentem
1755 806 1865 846 non
1896 800 2175 859 revocant,

608 905 708 945 nec
737 903 767 943 a
797 901 1021 959 precum
1065 883 1449 940 communione
1481 882 1754 953 separatio
1794 881 1862 936 ad
1906 883 2180 953 paeniten-

607 981 739 1035 tiam
783 977 1037 1043 adducit,
1077 989 1174 1031 eos
1220 989 1446 1030 necesse
1482 981 1567 1031 est
1608 973 1825 1030 traditis
1871 988 1903 1029 a
1950 973 2179 1030 Domino

609 1069 913 1126 eanonibus
942 1068 1234 1139 subjicere.
1271 1063 1548 1137 Scriptum
1575 1074 1659 1121 est
1687 1066 1831 1121 enim
1864 1085 1877 1122 :
1910 1064 1971 1121 Si
2010 1066 2181 1133 frater

613 1173 732 1216 tuus
762 1158 1071 1230 peccaverit,
1103 1158 1308 1227 corripe
1360 1172 1477 1211 eum
1520 1157 1656 1211 inter
1686 1165 1733 1210 te
1787 1166 1838 1212 et
1886 1157 2056 1226 ipsum
2086 1172 2106 1212 :
2135 1158 2183 1212 si

611 1260 659 1305 te
694 1267 799 1306 non
836 1246 1087 1312 audierit,
1129 1262 1337 1301 assume
1381 1254 1549 1300 tecum
1589 1247 1754 1301 alium
1792 1246 1978 1318 :quod
2028 1248 2076 1301 si
2119 1263 2181 1301 ne

609 1344 686 1398 sic
715 1340 953 1413 quidem,
997 1337 1083 1391 dic
1121 1337 1408 1402 Ecclesiae;
1438 1336 1485 1391 si
1527 1352 1645 1391 vero
1683 1353 1844 1407 neque
1888 1336 2194 1392 Ecclesium

612 1433 859 1498 audierit,
889 1432 958 1486 sit
1004 1429 1101 1484 tibi
1142 1438 1198 1483 ut
1230 1429 1465 1484 ethnicus
1492 1438 1540 1485 et
1573 1428 1886 1500 publicanus
1910 1430 1979 1484 “.
2022 1427 2179 1495 Quod

611 1528 789 1597 ipsum
819 1531 873 1580 et
905 1524 961 1577 in
989 1522 1099 1578 isto
1135 1521 1337 1576 factum
1368 1521 1505 1576 fuit.
1526 1519 1705 1576 Semel
1735 1528 2026 1577 accusatus
2055 1528 2177 1576 est:

610 1618 795 1672 c‘bram
832 1629 943 1669 uno
989 1622 1043 1668 et
1086 1613 1258 1669 altero
1285 1613 1573 1669 convictus
1616 1612 1719 1668 fuit
1749 1631 1762 1667 :
1790 1614 1954 1667 tertio
1996 1606 2179 1667 coram

608 1705 873 1761 Ecclesia.
908 1704 1043 1761 Cum
1078 1702 1244 1775 igitur
1285 1718 1408 1758 cum
1443 1703 1697 1759 obtestati
1731 1703 2033 1768 fuerimus,
2077 1715 2179 1756 nec

2271 624 2421 679 μου·
2455 612 2549 664 καὶ
2576 611 2625 664 εί
2654 610 2727 682 μὴ
2757 610 2957 682 ζημίαν
2986 610 3222 681 μεγάλην
3244 614 3453 682 ἡγεῖται
3478 613 3561 685 τὴν
3579 619 3740 688 ἀρτίτο-

2276 698 2737 771 ῆδιορθωσάσθω,
2765 702 2798 773 ἢ
2826 700 3108 774 saepeiam
3134 701 3230 773 (5)»
3269 702 3357 756 ῖνα
3390 704 3459 775 μὴ
3489 708 3627 778 μικρὰ
3648 712 3745 785 ξύμι

2277 790 2397 847 δλον
2424 793 2484 846 τὸ
2517 793 2745 867 φύραμα
2779 795 3006 868 δολώσῃ.
3035 795 3141 860 Οὓς
3165 796 3277 868 γὰρ
3310 797 3376 851 τά
3412 801 3549 855 κοινά
3573 805 3745 877 ἐπιτίμια

2276 882 2339 937 οὐ
2375 884 2726 956 σωφρονίζει,
2769 884 2893 940 οὔτε
2941 887 3003 940 τὺ
3039 888 3324 959 εἱρχθῆναι
3368 889 3471 942 τῶν
3513 893 3650 963 εὐχῶν
3670 899 3747 965 ἄγει

2278 976 2358 1039 είς
2390 976 2679 1047 μετάνοιαν
2699 1017 2715 1042 ,
2746 978 2958 1051 ἀνάγκη
2988 981 3103 1043 τοῖς
3128 981 3281 1052 παρὰ
3307 980 3401 1034 τοῦ
3426 984 3601 1055 Κυρίου
3615 986 3749 1047 δυθεῐτι

2278 1066 2497 1119 κανόσιν
2525 1066 2847 1120 ὑποὸἀλλειν
2870 1084 2884 1097 ·
2919 1068 3227 1139 γέγραπται
3260 1070 3368 1142 γάρ
3387 1087 3402 1100 θ
3443 1073 3562 1125 Ἐὰν
3588 1078 3617 1128 d
3630 1077 3747 1131 ἀδελ.

2278 1156 2393 1225 φός
2421 1170 2538 1210 σου
2569 1155 2799 1226 ἁμάρτῃ
2818 1198 2834 1222 ,
2877 1157 3132 1228 ἔλεγξον
3153 1161 3347 1214 αὑτὸν
3359 1162 3568 1230 μεταξὺ
3587 1166 3673 1220 σοῦ
3688 1170 3748 1222 zal

2278 1244 2465 1300 αὐτοῦ
2486 1245 2563 1316 (6)
2588 1260 2601 1275 '
2643 1244 2753 1300 ἐάν
2788 1260 2906 1301 σου
2928 1246 3015 1317 μὴ
3044 1249 3286 1317 ἀκούσῃ
3306 1289 3323 1313 ,
3367 1250 3632 1320 παράιασε
3652 1260 3752 1325 μετὰ

2278 1337 2539 1392 σεαυτοῦ
2589 1337 2689 1391 καί
2723 1337 2915 1393 ἄλλον
2936 1356 2951 1370 ⁸
2992 1339 3103 1393 ἐὰν
3160 1340 3230 1393 δὲ
3254 1340 3412 1411 μηδὲ
3450 1342 3637 1410 οὕτως,
3666 1348 3748 1401 eisi

2278 1426 2355 1496 τῇ
2393 1428 2724 1497 Ἐκκλησία
2747 1444 2763 1459 '
2803 1428 2913 1483 ἐὰν
2946 1429 3016 1483 δὲ
3039 1431 3136 1485 καί
3164 1430 3273 1500 τῆς
3318 1432 3635 1502 Ἐκκλησίας
3654 1452 3749 1505 παρ.

2279 1520 2511 1588 ακούσῃ
2534 1557 2549 1583 ,
2579 1519 2736 1573 ἔστω
2774 1534 2871 1574 σοι
2898 1520 2981 1588 ὡς
3007 1524 3041 1575 ό
3063 1522 3304 1589 ἐθνικὸς
3354 1523 3449 1575 καί
3486 1527 3517 1577 ό
3549 1527 3747 1596 τελώνης.

2287 1611 2351 1663 Ὃ
2386 1608 2518 1679 γοῦν
2573 1609 2789 1679 ἐγένετο
2825 1611 2920 1665 καὶ
2976 1612 3070 1664 ἐπὶ
3123 1612 3302 1670 τοῦδε.
3344 1614 3516 1681 ’Δπαξ
3551 1618 3747 1689 ἐνεκλήθη,
3820 1608 3821 1681 ί

2282 1702 2372 1754 ἐπὶ
2395 1700 2512 1765 ἑνὸς
2531 1702 2623 1754 καὶ
2646 1701 2897 1773 δευτέρου
2922 1702 3235 1775 διηλέγχθη,
3269 1705 3450 1776 τρίτον
3470 1707 3549 1759 ἐπὶ
3574 1708 3649 1780 τῆς
3675 1710 3748 1763 Ἐκ·
3820 1688 3821 1767 ἱ

608 1795 977 1867 acquieverit,
1009 1795 1080 1851 sit
1106 1773 1369 1865 deinceps
1408 1793 1932 1849 excommunicatus.
1980 1791 2046 1845 Et
2075 1792 2177 1846 hoc

2279 1789 2524 1860 κλησίας.
2570 1791 2722 1844 Ἐπεὶ
2759 1787 2853 1845 οὖν
2898 1773 3386 1865 διεμαρτυράμεθα
3430 1773 3748 1865 αύτῷβκείιῦ
3820 1782 3821 1849 ἓ

611 1902 754 1959 pago
784 1887 884 1942 toti
929 1885 1302 1950 denuntietur,
1338 1900 1462 1942 eum
1496 1884 1889 1941 admittendum
1921 1899 2027 1939 non
2056 1899 2180 1940 esse

609 1978 678 2034 ad
709 1971 1085 2034 ullam’rerum
1113 1976 1181 2031 ad
1207 1977 1374 2032 vitam
1406 1976 1795 2048 pertinentium
1824 1977 2173 2031 societatem:

610 2064 671 2125 ut‘
695 2084 760 2126 ex
781 2085 846 2127 eo
872 2070 1015 2140 quod
1044 2085 1166 2125 cum
1193 2083 1259 2125 eo
1288 2084 1396 2124 non
1415 2069 1889 2133 commisceamur,
1922 2069 1993 2123 sit
2024 2084 2180 2139 pror-

610 2177 706 2219 sus
759 2162 963 2217 diaboli
1016 2162 1295 2232 pabulum.
1337 2159 1416 2234 (2)
1466 2158 1534 2216 Ut
1572 2161 1716 2217 enim
1758 2162 1972 2231 pueruli
2007 2161 2179 2217 disci—

609 2253 884 2325 plinarum
937 2252 1293 2324 negligentes.
1334 2260 1460 2323 post
1495 2250 1702 2306 inflicta
1734 2252 1844 2307 illis
1878 2266 1907 2305 a
1940 2251 2180 2307 doctori-

609 2347 715 2405 bus
742 2346 997 2411 verbera,
1031 2345 1343 2401 attentiores
1385 2344 1593 2411 ell‘ecti,
1646 2352 1917 2416 praecepta
1969 2347 2180 2416 ample-

611 2446 872 2505 ctuntur;
903 2452 1174 2508 quemque
1196 2452 1502 2492 sermonem
1523 2452 1592 2491 ne
1612 2435 1906 2491 audiebant
1932 2436 2175 2506 quidem,

612 2538 901 2599 antequam
956 2528 1317 2599 vapularent,
1365 2527 1616 2582 eumdem
1667 2535 1890 2597 accepto
1925 2541 1956 2582 e
1994 2525 2178 2597 ﬂagris

612 2619 834 2687 dolore,
874 2618 986 2690 jam
1018 2618 1145 2674 inde
1184 2618 1387 2689 apertis
1419 2618 1646 2672 auribus
1675 2625 1728 2672 et
1758 2618 1950 2673 auditu
1998 2618 2178 2689 perci-

612 2713 797 2783 piunt,
842 2726 906 2767 ac
962 2710 1239 2766 memoriae
1288 2707 1590 2764 mandant:
1626 2708 1707 2764 sic
1757 2715 1812 2763 et
1863 2707 1950 2764 his
1981 2707 2181 2762 accidit

612 2802 704 2874 qui
736 2800 833 2857 Dei
866 2800 1173 2856 doctrinam
1204 2796 1577 2869 perfunctorie
1605 2797 2053 2868 negligenterque
2079 2810 2180 2850 au-

612 2897 803 2962 diunt,
846 2895 1075 2966 ejusque
1117 2891 1370 2947 mandata
1413 2907 1512 2962 pro
1557 2890 1730 2946 nihilo
1762 2891 1990 2947 ducunt.
2019 2890 2181 2946 Post-

613 3003 778 3061 quam
821 2988 926 3058 ipsi
960 3001 991 3040 a
1023 2985 1136 3041 Deo
1165 2984 1526 3055 castigatione
1573 2981 1749 3038 allecti
1793 2981 2029 3048 fuerint,
2047 2990 2181 3061 tum

2278 1877 2631 1942 κατεδέξατο,
2667 1877 2853 1932 λοιπὸν
2892 1878 3043 1935 ἔσται
3073 1882 3417 1954 ὲκκήρυκτος
3439 1924 3454 1948 ,
3486 1888 3566 1938 καὶ
3590 1887 3745 1955 item}
3820 1930 3821 1955 γ

2277 1968 2424 2040 θήτω
2457 1971 2607 2046 πάσῃ
2635 1974 2698 2043 τῇ
2730 1971 2880 2025 πόλει
2903 2013 2918 2034 ,
2953 1973 3324 2045 ἀπρόσδεκτον
3355 1978 3509 2032 αὐτὸν
3537 1974 3645 2033 εἶναι
3664 1982 3747 2052 ad;

2278 2062 2455 2115 πᾶσαν
2500 2062 2784 2115 κοινωνίαν
2816 2062 3065 2133 χρήσεως
3098 2062 3361 2135 βιωτικῆς
3380 2080 3397 2098 ο
3428 2066 3500 2129 ὡς
3531 2068 3585 2119 ὲκ
3609 2067 3677 2120 τοῦ
3704 2070 3747 2137 μὴ
3820 2062 3821 2111 Ι

2278 2151 2777 2222 συναναμίγνυσθαι
2808 2153 2955 2223 ἡμᾶς
2978 2152 3128 2225 αὐτῷ
3145 2199 3160 2220 ,
3193 2156 3424 2227 γένηται
3448 2156 3672 2220 παντελῶς
3691 2176 3747 2210 n-

2276 2241 2542 2315 τάδρωμα
2586 2243 2681 2297 τοῦ
2730 2244 2997 2304 διαϐόλου.
3030 2246 3239 2319 ’Ὠσπερ
3272 2248 3385 2320 γάρ
3417 2248 3519 2302 τῶν
3548 2251 3697 2303 παίδων
3718 2251 3749 2302 al

2277 2334 2495 2406 νήπιοι,
2523 2336 3018 2410 κατολιγωροῦντες
3046 2338 3156 2395 τῶν
3190 2339 3548 2412 μαθημάτων,
3577 2341 3749 2415 periri;

2280 2428 2571 2498 μάστιγας,
2598 2427 2665 2494 ἃς
2695 2430 2999 2485 διδάσκαλοι
3026 2432 3207 2496 αὐτοῖς
3235 2432 3271 2505 ἦ
3299 2433 3606 2502 παιδαγωγοὶ
3639 2449 3748 2503 προς»⁸
3820 2427 3821 2495 Ξ

2276 2521 2502 2591 ἀγουσι,
2537 2520 2951 2594 προσεχέστεροι
2995 2521 3248 2594 δέχονται
3286 2525 3359 2580 τὰ
3396 2525 3672 2597 διδάγματα·
3692 2523 3749 2578 ul

2277 2614 2306 2666 ὁ
2354 2612 2516 2675 αὐτὸς
2549 2611 2703 2681 λόγος
2749 2612 2856 2684 πρὸ
2887 2613 2987 2685 μὲν
3038 2614 3149 2668 τῶν
3179 2614 3407 2687 πληγῶν
3444 2616 3534 2670 οὐκ
3565 2615 3747 2685 tuatim,

2282 2699 2419 2772 μετά
2442 2701 2499 2755 δὲ
2520 2700 2620 2766 τὰς
2651 2703 2715 2755 ὲκ
2739 2701 2849 2756 τῶν
2884 2703 3162 2774 μαστίγων
3186 2705 3381 2771 ὀδύνας
3409 2707 3524 2777 ἄρτι
3548 2706 3634 2760 τῶν
3650 2705 3748 2757 ὢτων

2278 2792 2685 2862 διανοιγέντων,
2716 2794 2811 2847 καὶ
2836 2795 3141 2868 παρεδέχθη
3169 2799 3237 2867 τῇ
3279 2798 3416 2869 ἀκοῇ
3445 2800 3531 2851 καὶ
3560 2796 3747 2869 uspiam

2279 2885 2344 2955 "il
2392 2887 2583 2958 μνήμῃ
2606 2902 2619 2915 ⁸
2665 2885 2806 2940 οὕτω
2856 2886 2951 2940 καὶ
2987 2887 3081 2940 ἐπὶ
3124 2886 3235 2940 τῶν
3296 2888 3661 2959 παρακουόντων
3688 2884 3750 2953 τῆς

2282 2974 2431 3040 θείας
2482 2976 2829 3042 διδασκαλίας
2880 2977 2976 3033 καὶ
3018 2980 3659 3053 λκαταφρονητικιῖκπρδς
3689 2979 3749 3038 τὰς

616 3052 704 3137 vix
734 3052 953 3137 tandem
980 3077 1077 3133 Dei
1108 3052 1375 3149 praecepta
1400 3074 1608 3131 centies
1639 3076 1748 3131 illis
1775 3052 2179 3146 repetita,$en-

2283 3070 2500 3134 ἐντολὰς
2549 3071 2906 3144 διακειμένων
2963 3074 3271 3146 συμϐαίνει.

615 3177 825 3245 tiesque
861 3172 931 3228 ab
955 3171 1036 3228 eis
1074 3170 1351 3242 neglecta,
1399 3168 1558 3238 quasi
1604 3169 1839 3239 primum
1877 3169 1945 3224 ad
1990 3184 2179 3225 eorum

617 3280 780 3322 aures
823 3263 1190 3336 pervenirent,
1235 3261 1630 3332 suscipiuntur,
1665 3268 1724 3315 ut
1753 3260 1844 3316 ille
1875 3260 1980 3314 ait:
2011 3259 2184 3315 Disci-

615 3356 765 3428 plina
795 3355 1011 3411 Domini
1035 3353 1207 3423 aperit
1234 3352 1362 3407 mihi
1391 3369 1547 3407 aures
1579 3352 1646 3408 ³⁸.

687 3610 743 3667 6.
786 3610 864 3685 (3)
914 3611 1383 3680 Quemadmodum
1419 3619 1600 3667 autem
1639 3611 1729 3682 qui
1764 3622 1945 3669 mente
1983 3611 2185 3668 inﬁrmi

618 3713 783 3773 sunt,
829 3706 1018 3763 sedato
1050 3706 1234 3761 animo
1282 3705 1514 3761 curandi
1548 3724 1563 3760 :
1604 3705 1680 3761 ita
1720 3705 1960 3763 vicissim
2007 3706 2077 3763 ab
2115 3706 2185 3762 iis

617 3798 712 3869 qui
762 3804 1060 3863 curantur,
1104 3796 1514 3869 obiurgationes
1563 3797 1675 3853 odii
1727 3797 1848 3853 loco
1894 3813 2003 3854 non
2057 3806 2188 3855 sunt

618 3888 979 3961 accipiendae,
1022 3903 1198 3959 neque
1241 3902 1376 3945 cura
1398 3904 1494 3954 ea,
1533 3904 1656 3960 quae
1693 3904 1758 3945 ex
1810 3890 2185 3946 misericordia

618 3982 687 4038 ad
728 3980 923 4038 animae
963 3996 1152 4039 eorum
1195 3982 1428 4045 salutem
1462 3981 1775 4050 adhibetur,
1827 3983 2076 4039 ducenda
2100 3992 2187 4040 est

620 4089 721 4145 pro
742 4073 1054 4145 tyrannide.
1109 4072 1290 4146 Turpe
1320 4080 1405 4130 est
1447 4076 1594 4131 enim
1623 4091 1718 4132 eos
1745 4076 1837 4147 qui
1866 4091 2012 4149 aegro
2057 4092 2188 4133 cor-

620 4181 754 4236 pore
785 4172 942 4231 sunt,
987 4172 1202 4220 tantum
1251 4166 1479 4224 medicis
1525 4167 1815 4235 conﬁdere,
1847 4178 1905 4224 ut
1949 4171 2063 4226 sive
2100 4186 2188 4227 se-

2284 3162 2468 3226 αὐτοῖς
2499 3164 2650 3234 παρὰ
2687 3163 2784 3218 τοῦ
2812 3164 2947 3218 Θεοῦ
2975 3168 3009 3237 ἠ
3056 3167 3274 3221 παιδεία
3293 3207 3308 3230 ,
3339 3168 3457 3221 τότε
3484 3166 3539 3237 δὴ
3566 3164 3677 3237 μόλις
3706 3162 3749 3214 τὰ

2282 3252 2370 3306 ἀεὶ
2398 3251 2703 3325 λαλούμενα
2732 3256 2827 3308 καὶ
2863 3256 2951 3310 ἀεὶ
2993 3258 3414 3330 παρακουόμενα
3438 3256 3535 3309 τῶν
3573 3253 3643 3308 τοῦ
3664 3249 3747 3306 Θειῦ

2282 3345 2748 3416 προσταγμάτων,
2787 3347 2865 3411 ὡς
2913 3348 3127 3422 πρῶτον
3169 3349 3473 3421 ἐμπεσόντα
3505 3348 3647 3403 αὐτῶν
3673 3347 3748 3406 ταῖς

2281 3437 2475 3502 ἀκοαῖς
2496 3477 2511 3502 ,
2550 3437 2858 3510 παρεδέχθη
2874 3479 2889 3502 ,
2919 3440 3062 3494 κατά
3088 3440 3180 3494 τὸν
3201 3440 3429 3510 λέγοντα
3449 3484 3465 3509 ,
3492 3440 3563 3494 ὅτι
3594 3440 3647 3493 Ἦ
3662 3452 3748 3489 sct-

2282 3528 2412 3583 δεία
2440 3531 2662 3600 Κυρίου
2687 3531 2915 3602 ἀνοίγει
2946 3550 3068 3602 μου
3093 3533 3165 3586 τὰ
3192 3527 3335 3588 ὦτα.

2354 3622 2407 3677 6.
2438 3622 2650 3695 ’Ὠσπερ
2678 3623 2735 3677 δὲ
2780 3622 3009 3688 ἀπαθῶς
3035 3624 3141 3696 χρὴ
3172 3619 3621 3697 προσάγεσθαιτὰς
3641 3617 3747 3685 θερι-

2284 3712 2445 3778 πείας
2468 3714 2546 3785 (7)
2580 3716 2691 3779 τοῖς
2723 3714 3006 3770 ἀσθενοῦσι
3039 3715 3179 3770 κατά
3213 3715 3426 3787 ψυχὴν,
3468 3712 3611 3774 οὓτως
3645 3707 3745 3761 πάλιν

2285 3806 2390 3879 χρὴ
2416 3808 2544 3872 τοὺς
2581 3807 3050 3880 θεραπευομένους
3083 3809 3156 3880 μὴ
3198 3809 3339 3881 πρὸς
3377 3806 3556 3878 ἔχθραν
3578 3799 3745 3871 δέχεσθαι

2283 3897 2354 3952 τὰ
2409 3899 2694 3970 ἐπιτίμια,
2763 3900 2897 3972 μηδὲ
2956 3900 3245 3973 τυραννίδα
3301 3895 3529 3971 νομίζειν
3569 3893 3644 3965 τὴν
3680 3888 3744 3942 ἀπὶ

2285 3991 2684 4061 εὐσπλαγχνίας
2708 3991 2800 4044 ἐπὶ
2825 3992 3067 4064 σωτηρίᾳ
3099 3991 3278 4062 ψυχῆς
3308 3986 3663 4063 προσαγομένην
3687 3979 3745 4031 αὒ-

2283 4081 2392 4136 τῶν
2419 4082 2752 4153 ἐπιμέλειαν.
2785 4082 3017 4154 Αίσχρὸν
3045 4082 3153 4154 γὰρ
3175 4121 3190 4147 ,
3220 4085 3349 4147 τοὺς
3396 4082 3489 4154 μὲν
3514 4078 3571 4132 τὰ
3593 4072 3743 4143 σώματι

2285 4168 2572 4235 νοσοῦντας
2603 4210 2618 4236 ,
2670 4168 2921 4224 τοσοῦτον
2972 4173 3084 4237 τοῖς
3142 4173 3358 4243 ίατροῖς
3409 4161 3741 4225 καταπιστεύειν.

3649 325 3740 380 ΗΝ
3820 325 3821 359 ἶ

620 4264 783 4321 cent,
828 4258 945 4314 sive
981 4267 1180 4323 urant,
1219 4259 1334 4315 sive
1371 4260 1726 4315 amarulentis
1772 4261 2180 4319 medicamentis

2286 4259 2427 4315 ὥστε
2474 4260 2580 4315 κᾶν
2624 4260 2896 4333 τέμνωσι,
2934 4261 3040 4316 κᾶν
3076 4261 3306 4330 καίωσι,
3336 4262 3436 4317 κᾶν
3474 4259 3648 4330 πικροῖς

619 4348 927 4405 molestiam
958 4356 1165 4415 creent,
1201 4348 1349 4420 ipsos
1379 4351 1446 4407 de
1480 4367 1540 4407 se
1585 4352 1722 4409 bene
1754 4355 1976 4409 meritos
2010 4354 2180 4411 fuisse

2288 4354 2594 4426 φαρμάκοις
2620 4353 2844 4408 ἀνιῶσιν
2867 4393 2883 4419 ,
2918 4356 3208 4427 εὐεργέτας
3232 4354 3554 4426 λογίζεσθαι·
3582 4347 3684 4421 ἡμᾶς
3706 4341 3740 4394 δὲ

621 4445 848 4510 putent;
886 4454 988 4496 nos
1014 4454 1143 4496 vero
1171 4455 1298 4511 erga
1329 4442 1631 4496 animarum
1663 4451 1979 4498 nostrarum
2011 4444 2180 4500 medi-

2286 4446 2422 4519 πρὸς
2452 4447 2579 4510 τοὺς
2601 4445 2710 4500 τῶν
2732 4446 2920 4518 ψυχῶν
2951 4446 3289 4518 θεραπευτὰς
3305 4487 3321 4511 ,
3346 4448 3468 4501 ὅταν
3492 4446 3547 4498 δι’
3568 4438 3739 4495 iam

620 4547 739 4594 cos.
780 4531 1001 4602 quando
1027 4531 1317 4603 disciplina
1346 4532 1567 4588 duriore
1596 4534 1825 4588 saltitem
1868 4534 2027 4589 nobis
2058 4533 2180 4590 alie-

2288 4538 2508 4609 ἀγωγῆς
2536 4538 2635 4610 τὴν
2669 4536 2940 4609 σωτηρίαν
2970 4540 3103 4609 ἡμῖν
3138 4536 3559 4610 κατεργάζωνται
3587 4529 3673 4597 (8).
3694 4521 3740 4593 μὴ

619 4628 782 4688 runt,
815 4636 925 4677 non
954 4621 1140 4679 eodem
1181 4622 1343 4679 modo
1380 4620 1537 4679 allici.
1574 4622 1651 4695 (4)
1693 4622 1923 4690 Quando
1966 4624 2180 4695 quidem

2285 4629 2386 4700 τὴν
2415 4628 2584 4700 αὐτὴν
2614 4627 2757 4698 ἔχειν
2777 4627 3032 4682 διάθεσιν.
3082 4628 3233 4681 Ἐπεὶ
3262 4624 3356 4682 οὖν
3376 4624 3578 4697 φοϐερὸν
3605 4620 3649 4672 τδ
3670 4615 3741 4684 κρῖ.

621 4712 864 4770 terribile
912 4713 1181 4784 judicium
1229 4712 1476 4770 imminet
1535 4713 1792 4784 praefecto
1848 4714 2013 4787 482
2071 4731 2180 4771 non

2289 4738 2367 4793 μα
2399 4718 2477 4792 τῷ
2504 4718 2805 4792 προεστῶτι
2841 4718 2916 4790 μὴ
2948 4719 3222 4789 ἐλέγχοντι
3250 4720 3374 4782 τοὺς
3415 4711 3738 4793 ἁμαρτάνοντιιν

619 4805 969 4877 redarguenti
995 4814 1319 4878 peccantes:
1353 4806 1402 4865 is
1439 4807 1529 4864 cui
1572 4807 1898 4864 demandata
1927 4816 2010 4864 est
2032 4824 2180 4867 com-

2284 4791 2382 4883 τὴν
2409 4791 2593 4880 κοινὴν
2622 4808 2877 4881 φροντίδα
2918 4808 3368 4880 πεπιστευμένῳ·
3402 4806 3470 4868 ὡς
3493 4798 3666 4871 ὀφείλων
3687 4791 3740 4843 16-

618 4897 803 4953 munis
845 4912 1011 4964 cura,
1048 4905 1109 4953 ut
1155 4901 1419 4956 rationem
1452 4900 1523 4957 de
1567 4899 1800 4971 singulis
1834 4900 2180 4969 redditurus,

2284 4882 2380 4973 γον
2425 4901 2608 4956 δοῦναι
2654 4900 2783 4972 περὶ
2829 4899 3094 4963 ἑκάστου,
3123 4898 3268 4953 οὕτω
3297 4894 3591 4955 διακείσθω,
3624 4882 3737 4941 εἰδὼς,

617 4988 695 5045 ita
738 5005 935 5061 parare
987 5005 1047 5047 se
1092 4991 1252 5047 debet
1282 5010 1296 5047 :
1330 4991 1499 5063 probe
1540 4992 1721 5049 sciens
1757 4991 1803 5047 si
1835 4992 2088 5050 inciderit
2122 4994 2180 5051 in

2278 4996 2361 5050 ὅτι
2392 4992 2488 5047 ἐὰν
2531 4992 2745 5067 ἐμπέσῃ
2786 4993 2867 5056 εἰς
2909 4993 3181 5065 ἁμαρτίαν
3213 4986 3292 5055 εἷς
3324 4989 3426 5044 τῶν
3448 4980 3666 5051 ἀδελφῶνι
3687 4972 3732 5041 μὴ

618 5091 907 5156 peccatum
958 5082 1126 5139 frater
1171 5099 1348 5152 unus,
1400 5083 1490 5139 cui
1541 5094 1699 5140 antea
1731 5084 2179 5158 justiﬁcationem

2280 5086 2631 5160 προειπόντος
2677 5084 2824 5157 αὐτῷ
2855 5084 2917 5140 τδ
2946 5083 3218 5156 δικαίωμα
3257 5082 3349 5137 τοῦ
3380 5077 3532 5140 Θεοῦ,
3570 5070 3730 5144 ἦέμτεο

689 5242 735 5276 ³⁸
756 5239 901 5296 Psal.
936 5200 1127 5306 cxvut,
1153 5239 1275 5294 105.
1350 5240 1396 5272 ³³
1420 5237 1539 5296 Gal.
1570 5257 1623 5307 ν,
1654 5240 1709 5297 9.
1786 5243 1832 5276 “
1856 5242 2045 5302 Matth.
2076 5260 2180 5301 xvn

2277 5243 2451 5300 I5-l7.
2527 5243 2574 5276 ³⁸
2598 5243 2703 5299 lsa.
2736 5260 2789 5311 ι,
2818 5242 2874 5298 5.

2318 5427 2327 5433 -
2358 5399 2436 5471 (7)
2471 5400 2581 5471 Τὰς
2624 5398 2954 5471 θεραπείαςο
2988 5397 3137 5471 Idem.
3172 5395 3271 5471 τὰς
3304 5391 3534 5471 WE“?
3554 5372 3730 5471 “3‘35

2290 5468 2424 5558 post
2447 5468 2625 5523 αὐτῶν
2670 5468 3001 5539 ἐπιμέλειαν.
3045 5468 3191 5523 Editi
3225 5476 3280 5524 et
3319 5468 3568 5520 contextus

2185 5615 2189 5619 ’
2288 5557 2948 5678 ἰυῗῧ,Κιιτεργάζωντιιι.
2970 5606 3061 5662 Sic
3077 5615 3302 5676 uterque
3324 5602 3494 5660 codex.
3512 5593 3726 5678 Editt'

2289 5661 2633 5751 εργάξονταιῖ
2658 5661 2814 5751 ἰιιίτιι
2870 5661 3161 5751 legendum
3188 5661 3248 5732 ut
3286 5677 3338 5732 iu
3380 5661 3635 5730 contest“
3667 5661 3722 5717 τι*

2290 5748 2473 5822 κοινὴν
2504 5748 2755 5822 φροντίδα
2784 5749 3223 5822 πεπιστευμένος.

912 5397 1073 5467 epist.
1105 5411 1430 5478 C(ELXX.XV-l.ll,
1456 5396 1588 5478 A426.

710 5467 767 5538 ᾖ)
803 5467 1038 5538 [iterque
1066 5469 1237 5524 codex
1269 5468 1471 5523 indicat
1498 5473 1660 5538 epist.

713 5537 769 5609 ξ)
803 5536 1136 5609 ΕιιΛΒεγιειίὶε
1174 5539 1347 5609 fusius
1373 5536 1640 5604 tractatis,
1670 5539 1795 5595 596.

712 5605 769 5676 t)
803 5606 961 5670 lbid.,
991 5607 1114 5662 370.

692 5676 770 5752 (ε)
818 5677 1169 5752 Ἐξαρθῄζω.
1207 5677 1389 5752 Codex
1414 5677 1551 5752 1992
1574 5678 1678 5752 ιξῳ
1713 5678 1956 5752 ἀρθήτω.-

691 5746 768 5820 (6)
798 5747 1189 5806 Aetna-idem
1213 5751 1380 5807 codex
1412 5750 1561 5805 addit
1593 5746 1774 5822 μόνον.

688 5472 712 5680 ἓ

3819 628 3821 693 ι

3820 788 3821 863 ι

3820 1320 3821 1411 ι

3820 1448 3821 1519 ι

3820 2004 3821 2075 i

3820 2640 3821 2711 ι

3820 2768 3821 2851 l
