3876 6488
64 369 170 427 11ίὸ

65 493 145 547 σὼν
168 484 409 556 ἐπιμένῃ,
442 480 517 552 μὴ
550 476 814 549 διδαχθεὶς
841 477 932 530 τὸν
977 474 1178 547 τρόπον
1219 475 1318 543 τῆς
1361 475 1583 540 ἐπανορ-
1610 479 1655 534 Α

64 585 268 642 Θώσεως,
297 577 354 630 τὸ
389 571 527 646 αἷμα
562 569 721 626 αὐτοῦ
751 571 816 624 ὲκ
842 568 950 623 τῶν
991 567 1190 638 χειρῶν
1220 564 1384 619 αὑτοῦ
1420 563 1582 635 ἐκζηο

68 675 309 746 noscam
333 710 348 732 ,
376 665 560 730 καθὼς
592 663 924 735 γέγραπται·
953 661 1048 713 καὶ
1082 657 1344 729 μάλιστα,
1381 655 1475 710 ἐὰν
1508 655 1580 746 μὴ

63 744 112 823 δέ
137 761 334 832 ἄγνοιάν
378 776 430 813 τι
483 755 682 830 παρίδῃ
721 752 830 806 τῶν
879 750 1218 822 ἀρεσκόντων
1264 746 1419 817 Θεῷ,
1447 744 1582 798 ἀλλά

61 859 126 912 διὰ
151 852 416 910 κολακείαν
457 845 996 919 συμπεριφερόμενος
1045 843 1156 904 τοῖς
1210 840 1438 894 ἑκάστου
1485 853 1585 890 κα-

63 949 179 1007 κοῖς,
219 940 312 1011 τὴν
348 937 631 1008 ἀκρίϐειαν
671 934 773 1003 τῆς
804 931 1081 995 πολιτείας
1113 929 1335 1002 ἐκλύσῃ.
1375 928 1584 998 Ὠσπερ

63 1037 103 1089 δὲ
132 1037 154 1088 ό
180 1028 440 1103 προεστὼς
478 1025 778 1088 ὑπεύθυνός
819 1025 967 1076 ἐστιν
1017 1023 1228 1093 ὁδηγεῖν
1282 1022 1360 1084 είς
1408 1018 1585 1072 πάντα

63 1128 136 1195 τὴν
175 1119 526 1189 ἀδελφότητα,
573 1115 716 1170 οὓτω
749 1113 910 1167 πάλιν
940 1113 1034 1166 καὶ
1077 1114 1190 1175 τοῖς
1221 1110 1425 1173 λοιποῖς
1465 1109 1586 1160 ἑπι-

65 1217 225 1279 mist,
251 1214 342 1266 ἐάν
376 1226 508 1263 ποτε
547 1207 859 1278 ὑποπτευθῇ
892 1224 946 1260 τι
981 1204 1108 1276 περὶ
1138 1203 1230 1256 τὸν
1267 1200 1586 1273 προεστῶτα

66 1297 407 1380 πλημμέλημα,
458 1301 895 1373 ὑπομιμνήσκειν
942 1296 1103 1350 αὑτὸν
1154 1293 1280 1355 τοὺς
1317 1290 1584 1380 προέᾉονζ³

64 1375 240 1469 ταξτην
264 1375 320 1448 τε
347 1394 568 1467 ἡλικίαν
602 1393 696 1446 καὶ
722 1392 822 1462 τὴν
852 1388 1085 1442 σύνεσιν.
1132 1385 1258 1438 Ἐὰν
1295 1383 1394 1454 μὲν
1419 1377 1511 1434 οὖν

65 1508 100 1542 τι
133 1489 260 1553 ἄξιον
294 1485 632 1558 διορθώσεως
654 1523 670 1547 ,
716 1482 810 1536 τόν
846 1497 906 1533 τε
950 1475 1175 1547 ἀδελφὸν
1203 1474 1584 1544 ὠφελήσαμεν,

66 1582 133 1633 mi
169 1575 377 1639 ἑαυτοὺς
415 1575 481 1628 δι’
516 1573 724 1628 ἐκείνου
743 1611 758 1636 ,
787 1569 880 1624 τὸν
909 1567 1074 1621 οἱονεὶ
1103 1564 1303 1618 κανόνα
1343 1561 1436 1615 τοῦ
1463 1563 1590 1631 ἡμε-

67 1675 181 1743 τέρου
214 1670 318 1740 βίον
366 1667 496 1722 ὄντα
519 1707 537 1734 ,
571 1665 663 1719 καὶ
692 1665 761 1735 τῇ
813 1658 977 1714 αὑτοῦ
1024 1657 1278 1730 ὀρθότητι
1327 1654 1389 1707 τὸ
1423 1651 1590 1706 ενδιά·

67 1777 246 1834 στροφον
290 1762 421 1830 ἡμῖν
471 1756 766 1826 διελέγχειν
813 1751 1115 1822 ὀφείλοντα,
1163 1747 1298 1820 πρὸς
1339 1745 1399 1799 τὸ
1458 1745 1586 1798 εὐθὺ

67 1818 465 1923 καταρτίσαντεςο
495 1847 592 1901 ἐὰν
708 1818 884 1916 μάτην
913 1840 1057 1903 τινὲς
1081 1818 1417 1910 ταραχθῶσι,
1451 1834 1588 1905 πλη-
1621 1818 1663 1872 Β

71 1943 402 2014 ροςορηθέντες
458 1940 551 1994 διὰ
599 1939 696 2008 τῆς
756 1932 1115 2007 φανερώσεως
1167 1929 1276 1983 τῶν
1334 1929 1394 1981 οὐ
1453 1926 1587 1998 μετὰ

69 2033 270 2101 ἀληθείας
311 2028 789 2102 ὑποπτευθέντῳν,
823 2026 922 2096 τῆς
959 2022 1046 2077 ἐπ’
1086 2019 1234 2092 αὑτῷ
1259 2019 1588 2091 διακρίσεως

68 2124 471 2178 ἀπαλλάσσονται.

118 2390 158 2442 7.
183 2389 248 2442 Οὐ
291 2386 397 2459 γὰρ
445 2385 727 2455 ἀγνοεῖτε,
780 2382 857 2448 ὡς
886 2383 936 2437 οἱ
979 2380 1317 2453 προεστῶτες
1355 2380 1590 2452 δημοσίᾳ

70 2483 168 2533 πᾶσι
194 2479 566 2551 προκείμενοι,
599 2475 787 2548 ὥσπερ
819 2476 868 2530 οί
914 2477 973 2528 ἐν
1008 2477 1074 2547 τῇ
1116 2473 1360 2547 Θαλάσσῃ
1391 2472 1589 2544 προδε-

71 2571 274 2641 ὃλημένοι
319 2570 575 2624 σκόπελοι
604 2609 622 2635 ,
670 2568 824 2623 αὐτοὶ
849 2567 940 2621 τὸν
989 2565 1160 2637 θυμὸν
1194 2566 1304 2620 τῶν
1335 2564 1590 2618 ἐναντίων

71 2661 278 2731 κυμάτων
316 2659 711 2730 ὑποδέχονται,
743 2658 839 2712 καὶ⁸
867 2657 996 2730 περὶ
1031 2657 1227 2720 αὐτοὺς
1256 2655 1588 2730 ρηγνύμενα,

70 2750 118 2802 τὰ
141 2751 342 2804 κατόπιν
374 2748 558 2803 αὐτῶν
586 2748 686 2802 οὐκ
726 2747 1128 2812 ὲπικλύζουσιν.
1174 2745 1315 2816 Ἐγὼ
1353 2747 1451 2818 μὲν
1497 2742 1589 2800 οὖν

71 2843 336 2913 ίικράτιστα
358 2838 494 2896 εἶναι
518 2841 725 2914 κρίνω,
747 2841 817 2896 τὰ
847 2842 943 2913 μὲν
975 2839 1070 2895 νῦν
1101 2840 1364 2912 εἰρημένα
1388 2882 1403 2908 ,
1437 2839 1507 2893 τὰ
1532 2840 1590 2894 δὲ

72 2933 182 3003 παρὰ
207 2935 368 2988 πάντα
393 2933 486 2987 τόν
532 2933 650 3004 βίον
678 2933 807 3004 ὑμῖν
841 2932 1247 3003 ξυμϐουλεύσω.
1271 2931 1390 2986 Κᾶν
1415 2931 1522 3001 γὰρ
1555 2932 1587 3002 ἡ

71 3025 136 3077 τοῦ
163 3025 387 3097 σώματος
413 3027 672 3082 ἀσθένεια
697 3024 962 3098 ἐμποδίζῃ
998 3043 1066 3097 με
1099 3027 1185 3096 (ἣν
1220 3025 1319 3078 οὐκ
1347 3025 1590 3094 ἀγνοεῖτε

73 3119 240 3182 πάντως
265 3121 374 3191 (1),
409 3122 508 3190 ὅση
541 3137 632 3190 μοι
655 3119 918 3189 πάρεστιν
942 3157 958 3184 ,
989 3120 1052 3172 ὲκ
1076 3116 1176 3189 τῆς
1219 3118 1442 3190 πρώτης
1470 3117 1590 3189 ἡλι-

71 3211 162 3273 κίας
185 3211 330 3283 μέχρι
353 3212 447 3266 τοῦ
487 3213 677 3282 γήρως
715 3210 903 3264 τούτου
949 3211 1312 3283 συντραφεῖσά
1343 3227 1433 3280 μοι
1455 3251 1473 3274 ,
1497 3208 1593 3263 xa‘t

69 3302 339 3358 παιδεύουσά
367 3322 434 3376 με
456 3345 481 3368 ,
515 3303 656 3357 κατὰ
702 3302 800 3374 τὴν
827 3303 1042 3357 δικαίαν
1071 3303 1252 3374 κρίσιν
1293 3300 1389 3355 τοῦ
1416 3301 1592 3354 πάντα

68 3391 108 3442 ἐν
139 3393 274 3464 σοφίᾳ
295 3391 709 3464 οἰκονομοῦντος
737 3392 930 3464 Θεοῦ),
963 3391 1078 3446 ἀλλ’
1107 3392 1210 3455 ἓως
1232 3392 1590 3462 ἀναπνέομεν,

69 3482 301 3538 ὑπεύθυνοί
343 3487 520 3557 ὲσμεν
552 3484 716 3556 μηδὲν
749 3484 1100 3556 ὲλλιμπάνειν
1140 3483 1250 3537 τῶν
1286 3483 1368 3547 είς
1392 3483 1595 3536 οἰκοδο-

73 3574 149 3644 μὴν
179 3576 273 3631 τῶν
313 3578 522 3632 καλῶν.
575 3577 762 3648 Ὑμεῖς
791 3576 882 3644 δὲ,
926 3575 1094 3646 τριῶν
1145 3575 1595 3647 ἀρρωστημάτων

73 3665 127 3735 μὴ
157 3667 224 3737 τῷ
249 3669 445 3739 ἀνιάτῳ
505 3667 884 3739 προσεοικέναι
918 3667 1106 3737 δόξητε
1128 3707 1144 3732 ,
1188 3666 1322 3738 μηδὲ
1352 3667 1453 3739 τὴν
1494 3666 1596 3736 τῆς

74 3757 250 3830 γνώμης
274 3761 421 3814 νόσον
455 3758 852 3830 παραπλησίαν
885 3757 984 3828 τῆς
1007 3757 1115 3811 τῶν
1144 3759 1224 3821 είς
1264 3756 1334 3810 τὰ
1373 3756 1596 3828 σώματα

74 3845 472 3922 δυστυχησάντων
519 3851 749 3920 δείξητε.
798 3852 862 3903 Ui
897 3850 994 3922 μὲν
1025 3850 1135 3922 γὰρ
1173 3849 1243 3903 τά
1278 3849 1449 3921 μικρά
1489 3849 1597 3902 τῶν

75 3939 217 3994 παθῶν
247 3943 544 4014 κάμνοντες
567 3980 582 4005 ,
617 3941 772 3994 αὐτοὶ
800 3940 953 4012 παρὰ
983 3943 1108 4005 τοὺς
1155 3941 1369 4014 ἰατροὺς
1414 3941 1600 4012 ἔρχον-

79 4045 168 4082 ται·
207 4033 252 4084 oi
282 4033 334 4086 δὲ
375 4033 489 4087 ὑπὸ
536 4032 796 4103 μειζόνων
827 4031 1268 4102 καταληφθέντες
1306 4032 1597 4102 ἀρρωστη-

75 4121 238 4189 μάτων,
264 4125 343 4195 ἐφ’
371 4126 602 4188 ἑαυτοὺς
628 4121 855 4178 καλοῦσι
887 4124 1012 4187 τοὺς
1047 4122 1484 4195 θεραπεύσοντας
1505 4139 1518 4152 ο
1551 4123 1599 4175 oi

75 4209 106 4262 δ’
131 4216 194 4278 εἰς
213 4219 506 4288 ἀνήκεστον
544 4215 822 4278 παντελῶς
853 4215 1212 4286 μελαγχολίαν
1242 4214 1600 4287 παρενεχθέν-

76 4319 170 4368 τες,
211 4309 320 4362 οὐδὲ
351 4309 675 4382 προσιόντας
699 4308 774 4379 (2)
817 4307 1151 4378 προσίενται.
1186 4309 1250 4361 Ὃ
1283 4307 1358 4379 μὴ
1391 4306 1598 4378 πάθητε

80 4395 148 4450 νῦν
170 4398 310 4469 ὑμεῖς
329 4443 342 4466 ,
369 4400 546 4473 ὀρθῶς
577 4400 798 4472 ἔχοντας
824 4400 932 4454 τῶν
961 4396 1235 4469 λογισμῶν
1260 4398 1600 4468 ἀποφεύγον-

77 4501 144 4550 τες
161 4507 172 4520 ’
203 4490 328 4545 ἀλλὰ
356 4495 452 4546 καὶ
486 4491 808 4561 παιδεύθητε
826 4534 840 4555 ,
867 4492 962 4544 καὶ
997 4489 1373 4560 στοιχειὼθητε
1403 4489 1480 4561 τῷ
1507 4490 1598 4561 φό-

76 4579 136 4650 ὗῳ
157 4585 346 4655 Κυρίου
394 4585 491 4639 τοῦ
521 4583 656 4639 Θεοῦ
699 4583 858 4655 ἡμῶν
882 4625 896 4650 ,
927 4585 1012 4638 ἵνα
1043 4584 1135 4637 καὶ
1160 4583 1268 4637 τῶν
1299 4582 1596 4654 μελλόντων

70 4669 248 4737 ἀγαθῶν
295 4677 626 4748 ὲπιτύχητε,
680 4679 737 4732 ὲν
787 4677 1007 4748 Χριστῷ
1064 4675 1238 4748 Ἰησοῦ
1283 4674 1362 4746 τῷ
1408 4676 1597 4747 Κυρίῳ

71 4761 212 4830 ἡμῶν.
237 4760 279 4835 ᾧ
303 4772 336 4840 ὴ
366 4771 497 4836 δόξα
526 4771 619 4823 καὶ
646 4770 708 4823 τὸ
732 4769 933 4841 κράτος
961 4770 1058 4823 σὺν
1084 4769 1163 4840 τῷ
1183 4768 1404 4839 ἀνάρχῳ
1431 4767 1595 4822 αὑτοῦ

71 4850 237 4927 Πατρὶ,
282 4863 374 4915 καὶ
420 4861 501 4944 τῷ
551 4862 798 4931 παναγίῳ
845 4861 940 4915 καὶ
997 4861 1244 4931 ζωοποιῷ
1295 4860 1593 4931 Πνεύματι,

75 4943 143 4997 νῦν
160 4951 241 5004 καὶ
266 4953 371 5018 ἀεὶ,
402 4955 493 5008 καὶ
522 4956 600 5017 είς
625 4955 749 5017 τοὺς
778 4953 979 5018 αἰῶνας
1001 4952 1109 5007 τῶν
1135 4952 1366 5010 αἰώνων.
1403 4955 1593 5025 Ἀμήν.

127 5212 163 5242 ⁸⁵
180 5213 363 5272 Ezecb.
399 5236 480 5283 ιιι,
513 5221 602 5274 9.0.

125 5366 187 5446 li)
225 5371 590 5446 Ἐμποδίζῃ...
651 5373 905 5446 πάντως.
966 5373 1057 5428 Sic
1112 5381 1340 5443 uterque
1404 5374 1592 5429 codex.

71 5430 185 5516 ειιςιιι
216 5430 574 5516 φυὶιποδίσῇἱ..
610 5445 826 5506 πάντεςο

127 5507 190 5584 (ἓ)
218 5507 592 5584 ῌροσιόνϊας.
620 5516 798 5569 Codex
833 5513 968 5567 i992
994 5514 1300 5584 προσιόντα.

217 5580 284 5654 ξι
327 5583 534 5654 Regalis
552 5579 737 5654 fusius
763 5579 1180 5651 tractuum-57L

129 5647 193 5704 fil
228 5651 298 5708 Ex
327 5647 482 5724 epist.
523 5647 670 5720 εέιιι,
698 5654 820 5709 502.
897 5701 902 5706 .

817 353 1048 408 SER!!!)
1087 351 1153 404 ll.
1192 377 1262 390 -—
1298 350 1386 400 DE
1426 347 1772 401 DUCTIUNA
1809 345 1895 398 ΕΓ
1934 345 2422 402 ΑΒΜΟΝΙἸἹΟΝΕ.

3107 343 3245 398 Ηνὲῧ

1685 468 1776 523 Dei
1808 484 1915 523 non
1949 469 2262 536 declararit,
2294 476 2388 528 aut
2429 468 2475 522 si
2515 467 2724 535 lapsus,
2757 466 2902 520 ineo
2925 465 3226 535 perstiterit

1681 575 1790 613 non
1822 559 2050 615 edoctus
2079 559 2149 614 ab
2176 574 2242 614 eo
2269 557 2336 614 de
2374 558 2772 612 emendationis
2799 557 2992 621 modo,
3025 557 3217 625 sangui

1682 665 1805 704 nem
1849 649 2023 718 ipsius
2062 663 2128 704 ex
2173 648 2292 704 suis
2343 647 2594 702 manibus
2644 646 2966 716 requisitum
3013 646 3120 711 iri,
3169 655 3247 699 uti

1683 743 1945 812 scriptum
1972 749 2058 796 est
2076 741 2158 795 “z
2185 749 2240 796 et
2271 739 2525 804 maxime,
2563 739 2609 794 si
2640 739 2771 809 quid
2799 754 2988 794 eorum
3006 754 3125 809 quae
3143 738 3228 808 pla

1683 841 1806 889 cent
1845 832 1978 897 Deo,
2018 849 2127 887 non
2155 847 2221 887 ex
2251 830 2470 886 inscitia
2499 829 2816 898 neglexerit,
2848 828 2944 884 sed
2973 831 3154 900 potius
3180 844 3248 884 ex

1682 941 1748 980 eo
1789 925 1935 995 quod
1965 925 2036 980 ob
2079 923 2510 980 assentationem
2549 921 2618 975 ad
2652 921 3086 992 uniuscujusque
3118 921 3246 975 vitia

1685 1031 1805 1073 sese
1833 1016 2239 1078 accommodet,
2282 1014 2587 1085 disciplina:
2634 1014 3000 1084 integritatem
3048 1014 3222 1069 labefa

1683 1109 1866 1162 ctarit.
1897 1109 1974 1181 (3)
2011 1108 2192 1178 Atque
2239 1110 2404 1162 etiam
2456 1105 2914 1177 quemadmodum
2963 1107 3248 1176 praafectus

1685 1200 1740 1254 in
1787 1200 2042 1255 omnibus
2084 1200 2316 1253 fratrum
2348 1199 2461 1253 dux
2509 1212 2632 1253 esse
2673 1196 2865 1262 debet,
2918 1196 2993 1250 ita
3038 1211 3252 1266 quoque

1685 1289 1926 1346 vicissim
1955 1291 2178 1360 reliquis
2202 1289 2476 1355 convenit,
2507 1288 2552 1344 si
2578 1286 2795 1358 quando
2821 1285 3108 1358 praefectus
3142 1288 3256 1358 ipse

1687 1382 1871 1437 delicti
1919 1382 2156 1453 alicujus
2191 1392 2482 1452 suspectus
2510 1379 2702 1444 fuerit,
2736 1388 2796 1433 ut
2835 1379 3014 1448 ipsum
3061 1379 3223 1433 admo

1687 1483 1852 1530 ncant
1879 1475 1973 1545 qui
2012 1490 2140 1529 cum
2181 1481 2342 1530 aetate
2374 1481 2490 1528 tum
2526 1471 2815 1543 prudentia
2860 1481 3143 1540 praestant.
3195 1471 3248 1527 Si

1688 1567 1819 1637 quid
1853 1566 2017 1635 igitur
2049 1565 2246 1629 fuerit,
2280 1563 2430 1634 quod
2470 1562 2754 1619 emendari
2799 1577 2980 1632 Operae
3023 1561 3244 1639 pretiun

1689 1659 1794 1725 sit,
1842 1658 2156 1729 juvabimus
2202 1665 2256 1712 et
2308 1655 2568 1720 fratrem,
2614 1663 2668 1709 et
2708 1670 2804 1725 per
2835 1655 2986 1708 illum
3018 1663 3246 1710 nosmet;

1690 1753 1858 1823 ipsos,
1883 1766 1950 1806 eo
1978 1751 2070 1821 qui
2104 1749 2272 1804 veluti
2301 1749 2424 1803 vitae
2452 1757 2658 1804 nostra:
2689 1746 2876 1817 regula
2912 1754 3015 1810 est,
3049 1761 3258 1816 suaque

1687 1840 2016 1897 rectitudine
2062 1839 2475 1910 perversitatem
2517 1846 2763 1904 nostram
2800 1838 3129 1908 redarguere
3157 1838 3225 1892 de

1687 1917 1834 2011 bet,’
1855 1932 1924 1987 ad
1956 1939 2163 1987 rectam
2194 1931 2336 1985 viam
2379 1945 2410 1984 a
2457 1931 2613 1986 nobis
2642 1929 2869 1984 reducto
2904 1948 2918 1983 :
2949 1930 3036 1986 sin
3077 1938 3251 1983 autem

1687 2033 1888 2082 temere
1916 2025 2118 2081 turbati
2149 2024 2355 2080 fuerint
2377 2024 2626 2080 nonnulli
2652 2024 2800 2080 illius
2825 2038 3012 2088 causa,
3032 2023 3157 2093 ipsi,
3189 2024 3264 2078 iis

1687 2135 1807 2189 quis
1831 2118 1968 2174 falso
1997 2127 2253 2188 suspecta
2283 2116 2504 2172 fuerant
2535 2117 2790 2187 cognitis,
2823 2118 3086 2173 certiores
3106 2116 3257 2181 facti,

1689 2205 1758 2258 ab
1789 2219 1852 2259 ea
1891 2219 2055 2275 quam
2089 2203 2159 2260 de
2203 2205 2322 2276 ipso
2357 2211 2726 2276 conceperant
2768 2205 3080 2277 suspicione
3123 2206 3256 2262 libe.

1688 2301 1901 2348 rantur.

1757 2385 1811 2441 7.
1852 2385 1930 2457 (4)
1963 2382 2083 2440 Non
2115 2385 2260 2441 enim
2296 2385 2582 2457 ignoratis,
2617 2401 2712 2444 eos
2741 2387 2836 2458 qui
2867 2395 3131 2458 prmsunt,
3169 2405 3259 2460 pa-

1688 2478 1794 2533 lam
1837 2479 2092 2536 omnibus
2123 2479 2470 2551 propositos,
2505 2480 2669 2534 veluti
2715 2482 2972 2552 sc0pulos
3015 2483 3074 2538 in
3121 2485 3259 2537 mari

1689 2570 2098 2642 prominentes,
2126 2570 2369 2628 furorem
2400 2570 2666 2627 ﬂuctuum
2706 2572 3087 2629 haereticorum
3117 2577 3260 2631 exci-

1687 2676 1837 2731 pere,
1867 2662 1962 2741 (ιυιὶ
1990 2662 2120 2717 dum
2153 2666 2301 2719 circa
2339 2679 2436 2719 eos
2475 2662 2826 2734 franguntur,
2864 2682 2927 2721 ea
2963 2684 3083 2738 quae
3115 2678 3261 2724 retro

1689 2761 1838 2822 sunt,
1866 2771 1976 2811 non
1997 2756 2232 2812 alluunt.
2257 2755 2336 2829 (5)
2369 2757 2482 2829 Ego
2509 2759 2730 2828 quidem
2762 2775 2883 2830 quae
2906 2763 3112 2830 optima
3137 2777 3260 2818 esse

1689 2859 1910 2910 censeo,
1944 2847 2141 2917 partim
2171 2861 2319 2902 nunc
2351 2847 2488 2914 dixi,
2518 2849 2720 2918 partim
2749 2851 2906 2904 vobis
2931 2866 3027 2920 per
3048 2867 3264 2907 omnem

1688 2936 1856 2991 vitam
1883 2936 2144 2992 suadebo.
2170 2935 2247 3007 (6)
2279 2935 2508 2994 Etiamsi
2539 2939 2684 2994 enim
2712 2954 2799 2995 me
2828 2940 3079 3010 corporis
3111 2941 3260 2996 infir-

1691 3029 1854 3085 mitas
1895 3029 2239 3100 constringat
2273 3031 2476 3101 (quam
2523 3046 2752 3101 prorsus
2805 3048 2915 3088 non
2979 3034 3265 3104 ignoratis,

1692 3129 1895 3191 quanta
1942 3122 2074 3178 mihi
2115 3123 2291 3188 adsit,
2335 3139 2364 3178 a
2399 3124 2576 3194 prima
2611 3133 2770 3181 astate
2819 3127 2885 3181 ad
2921 3126 3064 3182 hanc
3098 3143 3266 3197 usque

1693 3218 2030 3268 senectutem
2056 3215 2297 3268 enutrita
2339 3230 2585 3282 mecum,
2634 3232 2831 3288 meque
2872 3220 3148 3290 castigans
3175 3236 3265 3277 sco

1693 3305 1932 3360 eundum
1955 3305 2169 3376 justum
2200 3306 2299 3362 Dei
2323 3307 2614 3376 judicium,
2645 3311 2738 3380 qui
2760 3313 2941 3365 omnia
2967 3313 3021 3366 in
3052 3313 3265 3384 sapien-

1693 3396 1769 3450 tia
1813 3395 2187 3468 moderatur);
2215 3397 2292 3467 (7)
2331 3407 2512 3453 tamen
2561 3401 2801 3471 quandiu
2854 3403 3266 3472 respirabinms,

1694 3488 1835 3544 nihil
1869 3487 2139 3546 debemus
2171 3506 2361 3547 eorum
2391 3493 2669 3557 omittere,
2702 3510 2824 3564 qua)
2849 3494 2917 3549 ad
2948 3495 3264 3551 aadiﬁcatio-

1692 3595 1817 3636 nem
1865 3581 2134 3638 bonorum
2185 3583 2479 3654 pertinent.
2524 3586 2601 3654 (8)
2653 3585 2766 3642 Vos
2815 3601 2945 3642 vero
2989 3603 3113 3642 cum
3161 3594 3264 3643 tria

1694 3673 1815 3730 sint‘
1849 3676 2235 3746 aegritudinum
2287 3692 2490 3750 genera
2511 3717 2526 3740 ,
2557 3678 2607 3732 ei
2651 3677 2798 3748 quod
2842 3679 3147 3736 insanabile
3181 3693 3264 3736 est

1696 3765 1903 3822 similes
1947 3782 2016 3822 ne
2046 3768 2358 3832 videamini,
2387 3783 2562 3838 neque
2591 3769 2894 3825 ostendatis
2923 3772 3089 3826 animi
3118 3789 3265 3828 mora

1695 3857 1823 3914 bum
1854 3860 2050 3914 morbo
2081 3875 2271 3915 eorum
2303 3861 2396 3930 qui
2429 3875 2660 3929 corpore
2685 3869 2972 3932 aegrotant,
3003 3866 3266 3920 consimi-

1697 3949 1824 4005 lem.
1888 3949 2103 4007 Etenim
2169 3953 2538 4009 invaletudine
2601 3969 2768 4024 parva
2837 3957 2931 4026 qui
2992 3957 3264 4021 laborant,

1697 4043 1803 4113 ipsi
1833 4044 2103 4100 accedunt
2136 4045 2204 4100 ad
2247 4046 2525 4102 medicos:
2562 4048 2656 4118 qui
2688 4063 2817 4104 vero
2859 4051 3066 4106 morbis
3094 4051 3266 4120 majo-

1698 4134 1852 4190 ribus
1880 4136 2117 4206 correpti
2142 4136 2314 4202 fuere,
2339 4137 2580 4195 medicos
2611 4149 2906 4196 accersunt
2938 4141 3007 4196 ad
3045 4157 3138 4198 se:
3174 4143 3266 4214 qui

1699 4235 1881 4282 autem
1933 4228 1987 4282 in
2018 4229 2254 4298 aliquem
2289 4244 2421 4285 atra:
2453 4231 2580 4287 bilis
2611 4234 2866 4288 morbum
2897 4250 3129 4304 prorsus
3161 4236 3266 4290 ini-

1698 4319 2076 4376 medicabilem
2119 4322 2256 4392 lapsi
2287 4333 2437 4388 sunt,
2468 4340 2537 4379 ne
2563 4326 2888 4382 accedentes
2913 4326 3134 4398 quidem
3171 4329 3268 4384 ad-

1699 4411 1941 4466 mittunt.
1973 4414 2128 4479 Quod
2160 4423 2348 4470 cavete
2367 4430 2435 4470 ne
2459 4417 2616 4471 vobis
2650 4433 2798 4472 nunc
2827 4419 3066 4484 accidat,
3098 4420 3144 4474 si
3172 4435 3268 4476 eos

1628 4525 1673 4579 Ι)
1701 4504 1794 4574 qui
1843 4511 2024 4560 mente
2068 4519 2132 4560 ac
2175 4507 2389 4562 ratione
2436 4507 2647 4576 praediti
2681 4518 2842 4571 sunt,
2877 4508 3136 4579 fugiatis;
3171 4511 3266 4564 sed

1699 4596 1993 4652 erudimini
2015 4606 2176 4668 atque
2200 4598 2490 4654 initiamini
2514 4600 2707 4656 timore
2721 4600 2934 4654 Domini
2951 4601 3043 4656 Dei
3068 4603 3264 4662 nostri,

1701 4698 1762 4744 ut
1802 4689 2112 4745 futurorum
2143 4693 2411 4748 bonorum
2440 4693 2734 4762 participes
2766 4709 2888 4749 esse
2927 4694 3172 4764 possitis,
3211 4696 3264 4749 in

1701 4785 1924 4840 Christo
1951 4783 2080 4841 Jesu
2110 4785 2340 4842 Domino
2370 4796 2578 4852 nostro,
2615 4787 2703 4841 cui
2733 4788 2906 4858 gloria
2941 4798 2995 4844 et
3025 4798 3266 4859 potestas

1701 4893 1825 4933 cum
1857 4884 2063 4932 aeterno
2096 4879 2216 4948 ejus
2258 4878 2419 4934 Patre
2436 4906 2462 4942 ,ο
2497 4887 2552 4933 et
2601 4881 2949 4937 sanctissimo
2987 4882 3267 4936 vivifican-

1700 4979 1865 5041 teque
1891 4969 2122 5041 Spiritu,
2154 4987 2299 5027 nunc
2327 4980 2382 5026 et
2408 4987 2646 5043 semper,
2679 4983 2734 5028 et
2771 4974 2826 5028 in
2867 4975 3066 5030 saecula
3096 4989 3264 5030 sieu-

1703 5062 1900 5118 lorum.
1932 5066 2127 5122 Amen.

1790 5439 1843 5508 6)
1886 5439 1962 5494 Ex
1990 5441 2329 5510 epistaccm,
2369 5440 2495 5496 299.

1767 5509 1846 5581 (τ)
1883 5509 2042 5581 una,
2074 5509 2196 5581 δον,

1769 5579 1844 5654 (8)
1873 5579 1950 5636 Ex
1978 5597 2139 5638 εει-ιιι.
2175 5579 2249 5637 De
2283 5579 2506 5652 legendis
2544 5580 2692 5636 libris
2733 5589 2897 5652 gent,
2935 5579 3055 5637 184.

1766 5369 1844 5512 ξεί)
1878 5369 1955 5423 Ex
1992 5384 2157 5426 serm.
2187 5369 2262 5422 De
2295 5369 2521 5438 legendis
2548 5369 2694 5424 libris
2723 5362 2888 5442 gent”
2916 5370 3034 5425 184.

1790 5441 1843 5508 6)
1886 5439 1962 5494 Ex
1990 5441 2329 5512 epist._CCIil,
2369 5440 2495 5496 299.
