3876 6508
89 352 194 410 lli!)

1151 346 1380 404 SERMO
1413 347 1582 403 lll.—
1618 349 1700 403 DE
1738 347 2149 404 CHARITATE.

3123 352 3261 406 1150

85 473 180 526 οὔτε
209 466 383 530 κτίσας
421 467 586 538 ἡμᾶς,
615 465 737 522 οὔτε
777 467 1062 524 ἀποθανὼν
1095 470 1233 541 ὑπὲρ
1264 467 1442 540 ἡμῶν,
1481 469 1596 522 ἀλλ’

1721 470 1938 524 umacia
1976 479 2031 524 et
2077 468 2144 524 de
2188 466 2492 521 defectione
2537 475 2721 536 nostra
2755 467 3077 537 gloriabitur
3117 488 3130 523 :
3165 470 3258 539 qui

85 566 200 632 ὅμως
233 563 377 628 ἔσχεν
407 561 555 629 ἡμᾶς
594 561 1017 622 ἀκολουθοῦντας
1061 561 1210 632 αὐτῷ
1239 563 1296 615 ἐν
1334 565 1398 633 τῇ
1446 563 1598 615 ἀπει-

84 653 202 722 θείᾳ,
243 649 332 702 καὶ
373 649 430 700 ἐν
479 651 544 720 τῇ
597 649 825 721 ἀμελείᾳ
867 650 976 702 τῶν
1024 650 1252 704 ἐντολῶν
1301 651 1394 703 τοῦ
1440 650 1596 704 Θεοῦ.

85 744 217 796 Τοῦτο
244 741 302 794 τὸ
343 741 563 804 ὄνειδος,
602 741 663 794 τὸ
709 743 849 796 κατά
889 741 984 794 τοῦ
1029 743 1256 814 Κυρίου,
1306 741 1601 813 βαρύτερόν

88 855 153 906 μοι
172 834 266 888 τῶν
302 836 355 886 ὲν
383 836 446 903 τῇ
471 833 664 903 γεέννῃ
713 834 984 888 κολάσεων
1016 834 1282 902 φαίνεται,
1315 833 1394 904 τῷ
1424 832 1602 904 ἐχθρῷ

87 926 156 978 τού
177 922 388 994 Χριστοῦ
417 922 548 992 ὓλην
576 923 828 990 γενέσθαι
850 925 1200 994 καυχήματος
1223 925 1318 976 καὶ
1349 922 1600 994 ἀφορμὴν

88 1023 322 1088 ὲπάρσεως
379 1014 522 1068 κατά
569 1016 664 1068 τοῦ
711 1016 851 1085 ὑπὲρ
895 1017 1050 1086 ἡμων
1096 1016 1457 1078 ἀποθανόντος
1506 1014 1600 1066 καὶ

89 1108 385 1170 ἀναστάντος.

142 1387 185 1441 2.
220 1386 319 1439 Καὶ
346 1383 452 1458 γάρ
479 1383 683 1457 Κύριον
708 1383 798 1436 τὸν
841 1383 970 1436 Θεὸν
1010 1385 1228 1455 ἀγαπᾷν
1256 1383 1336 1435 δεῖ
1363 1385 1507 1455 πάσῃ
1536 1387 1602 1455 τῇ

94 1475 420 1545 ὲίιυπαρχούση
471 1477 602 1544 ἡμῖν
652 1477 786 1544 πρὸς
840 1473 902 1526 τὸ
947 1475 1164 1544 ἀγαπᾷν
1209 1474 1456 1544 δυνάμει,
1516 1476 1611 1527 καὶ

94 1569 270 1636 ἀγαπᾷν
303 1565 391 1616 καὶ
428 1565 520 1617 τὸν
563 1564 809 1634 πλησίον,
854 1566 947 1618 καὶ
973 1567 1190 1637 ἀγαπᾷν
1231 1568 1478 1631 καὶτοὺς
1522 1570 1611 1638 ἑχ-

95 1661 237 1728 θροὺς,
261 1658 342 1710 ἵνα
365 1650 512 1727 ὦμεν
540 1657 752 1720 τέλειοι,
789 1657 1108 1728 μιμούμενοι
1135 1659 1233 1726 τὴν
1271 1659 1612 1730 χρηστότητα

96 1750 162 1802 τοῦ
186 1751 234 1800 ἐν
268 1749 510 1820 οὐρανοῖς
537 1749 772 1818 Πατρὸς,
802 1747 892 1800 τὸν
920 1749 1069 1819 ἥλιον
1095 1749 1259 1803 αὐτοῦ
1301 1749 1611 1802 ἀνατέλλον-

95 1857 161 1902 τος
189 1840 268 1892 ἐπὶ
293 1841 560 1910 πονηροὺς
587 1840 682 1894 καὶ
712 1839 949 1908 ἀγαθούς
969 1857 982 1870 ·
1020 1842 1098 1904 είς
1131 1839 1264 1894 ἄλλα
1292 1841 1349 1894 δὲ
1391 1839 1488 1911 τὴν
1514 1839 1606 1892 τοῦ

95 1932 271 2001 ἀγαπᾷν
321 1930 547 2002 δύναμιν
593 1931 1016 2002 παραναλίσκειν
1061 1933 1122 1985 ού
1173 1931 1604 2004 συγκεχώρηται.

97 2023 150 2074 Τὸ
182 2021 274 2092 γάρ
317 2022 413 2094 τῆς
455 2023 677 2094 ἀγάπης
721 2023 904 2086 καλὸν,
935 2026 982 2076 εί
1035 2025 1131 2095 μὲν
1174 2027 1232 2078 ὲν
1271 2024 1349 2096 τῷ
1389 2026 1610 2096 ὀνόματι

98 2115 168 2181 τῆς
186 2113 386 2184 ἀγάπης
423 2114 819 2186 περιγράφεται
840 2115 1006 2185 μόνῳ,
1035 2115 1441 2184 καταγέλαστόν
1471 2119 1608 2182 ἐστι,

98 2206 165 2257 τὸν
195 2205 323 2258 δεῖνα
365 2206 460 2259 καὶ⁵
503 2207 599 2259 τὸν
645 2207 793 2261 δεῖνα
840 2207 1228 2278 ἐκλεγομένους
1271 2210 1370 2280 (1),
1404 2208 1612 2274 τούτοις

101 2297 242 2365 μένοις
284 2299 616 2368 μεταδιδόναι
643 2299 735 2352 τοῦ
768 2300 1006 2370 ἀγαπᾷν,
1043 2301 1260 2370 ἐτέρους
1287 2301 1343 2354 δὲ
1388 2302 1612 2373 μυρίους

100 2388 351 2442 ἀποκλείειν
377 2388 476 2460 τῆς
530 2390 668 2462 πρὸς
712 2390 773 2443 τὸ
819 2391 984 2445 καλὸν
1037 2391 1340 2456 κοινωνίας.
1377 2394 1440 2445 Et
1471 2393 1529 2446 δὲ
1578 2396 1611 2464 ή

99 2479 202 2548 πρὸς
224 2481 338 2544 τοὺς
367 2481 664 2553 βλαϐεροὺς
706 2485 992 2554 συμφωνία
1020 2486 1076 2537 ὲν
1116 2485 1335 2555 ἀγάπης
1372 2488 1613 2557 προσχή-

103 2590 202 2640 ματι
236 2574 297 2628 τά
324 2576 428 2628 τῶν
458 2576 738 2646 πολεμίων
779 2578 906 2641 τοὺς
949 2578 1412 2649 προσδεχομένους
1446 2581 1613 2649 ἐργά-

101 2668 232 2730 ζεται,
263 2674 472 2724 σκοπεζν
503 2671 790 2740 ὀφείλομεν
835 2666 914 2734 οἷς
954 2672 1177 2735 ἑαυτοὺς
1219 2672 1613 2742 ἀναμίγνυμεν.

104 2759 253 2831 Είγάρ
280 2763 306 2814 ὁ
335 2762 617 2836 ἀγαπητὸς
649 2765 776 2829 Υἱὸς
803 2765 904 2839 ’τοῦ
928 2765 1060 2818 Θεοῦ
1098 2769 1353 2836 μισεῖται,
1390 2765 1445 2819 τί
1477 2766 1619 2836 μέγα

103 2854 138 2902 εί
158 2853 294 2922 ἡμεῖς
317 2855 406 2908 τοῦ
452 2857 646 2926 μίσους
678 2856 976 2925 άξιούμεθα
1009 2857 1159 2926 παρά
1183 2856 1508 2928 ἀνθρώποις,
1538 2853 1619 2922 οἷς

105 2945 362 3012 περισσεύει
392 2948 451 3000 τὺ
474 2949 662 3020 κτῆμα
693 2946 785 3000 τοῦ
818 2947 1006 3018 μίσους
1031 2965 1044 3014 ;
1075 2949 1220 3020 Πλὴν
1253 2948 1376 3002 οὔτε
1413 2949 1617 3003 οἰκοδο-

108 3036 186 3102 μὴν
227 3039 486 3109 συστῆναι,
544 3039 853 3110 συνδέσμων
895 3041 1325 3111 ύφαιρεθέντων,
1373 3042 1617 3108 δυνατὸν,

1643 1810 1684 1868 Β

1701 575 1824 613 cum
1884 575 1986 614 nec
2031 558 2299 614 creaverit
2349 573 2480 619 nos,
2529 573 2629 610 nec
2679 573 2780 627 pro
2829 559 2984 613 nobis
3033 559 3260 614 subierit

1701 657 1954 713 mortem,
1990 659 2169 704 tamen
2197 663 2309 704 sua:
2341 649 2717 711 contumaciae,
2747 663 2969 718 suaeque
2993 648 3047 702 in
3076 650 3263 703 obser-

1701 739 1893 794 vandis
1947 740 2040 794 Dei
2097 738 2368 794 mandatis
2420 739 2761 807 negligentiae
2809 739 2991 794 socios
3052 754 3152 793 nos
3197 754 3262 793 ac

1703 835 1930 885 comites
1950 831 2219 885 habuerit.
2251 828 2388 882 lllnd
2419 828 2563 899 quod
2595 829 2821 884 Domino
2855 829 3116 884 inferetur
3138 846 3264 900 pro-

1703 922 1886 986 brum,
1915 932 1970 978 et
2008 923 2099 976 illa
2141 922 2438 976 adversarii
2486 921 2750 990 jactantia
2794 921 2927 974 mihi
2981 922 3263 990 suppliciis

1704 1015 1961 1085 gehennae
2011 1015 2226 1085 gravior
2288 1013 2522 1075 videtur,
2570 1010 2717 1081 quod
2776 1011 2979 1066 Christi
3041 1013 3264 1068 inimico

1707 1106 2043 1176 praebeamus
2092 1105 2416 1167 materiam,
2462 1102 2628 1176 484
2675 1103 2938 1158 adversus
2974 1120 3122 1170 eum,
3171 1105 3267 1175 qui

1707 1211 1806 1266 pro
1837 1197 1995 1251 nobis
2021 1205 2268 1251 mortuus
2299 1204 2383 1251 est
2411 1203 2464 1250 et
2505 1195 2825 1259 resurrexit,
2851 1195 3098 1265 jactandi
3128 1211 3186 1251 se
3213 1203 3268 1250 et

1706 1287 1984 1342 efferendi.

1777 1401 1831 1454 2.
1867 1401 1943 1472 (2)
1975 1399 2108 1454 Nam
2155 1397 2444 1454 Dominum
2490 1397 2655 1454 Deum
2686 1407 2903 1469 oportet
2943 1399 3169 1470 diligere
3205 1415 3268 1455 ea

1709 1502 1822 1548 tota
1858 1495 2079 1556 virtute,
2123 1506 2244 1562 qua:
2281 1491 2439 1546 nobis
2473 1492 2616 1546 inest
2647 1491 2715 1544 ad
2747 1491 3081 1562 diligendum
3115 1492 3275 1546 :dili-

1711 1584 1920 1655 gendus
1952 1583 2176 1653 insuper
2205 1584 2486 1652 proximus
2524 1598 2536 1634 :
2568 1592 2695 1637 sunt
2732 1598 2951 1652 quoque
2983 1591 3036 1638 et
3065 1583 3272 1638 inimici

1711 1671 1996 1742 diligendi,
2027 1679 2089 1724 ut
2116 1671 2292 1726 simus
2324 1671 2574 1740 perfecti,
2607 1671 2944 1726 inimitantes
2970 1671 3276 1742 benignita-

1714 1775 1819 1820 tem
1833 1762 2011 1819 Patris
2033 1764 2228 1828 nostri,
2259 1763 2352 1833 qui
2381 1763 2436 1816 in
2460 1763 2614 1818 ctelis
2644 1770 2729 1817 est
2753 1780 2768 1818 :
2797 1763 2888 1832 qui
2915 1765 3083 1818 solem
3115 1780 3274 1819 suum

1709 1853 1843 1907 oriri
1888 1851 2022 1906 facit
2067 1865 2233 1920 super
2266 1851 2439 1905 honos
2485 1856 2540 1904 et
2587 1849 2759 1904 malos
2803 1849 2871 1902 ³⁸.
2911 1848 3082 1904 Porro
3119 1851 3274 1903 nefas

1709 1955 1792 1998 est
1815 1942 1869 1995 in
1890 1942 1997 1995 alia
2026 1956 2307 2011 perperam
2334 1955 2656 1995 consumere
2675 1941 2782 1994 vim
2806 1940 3086 2011 diligendi.
3111 1942 3187 2012 ('5)
3217 1941 3276 1996 Si

1708 2033 1990 2089 charitatis
2033 2031 2236 2086 bonum
2281 2033 2401 2086 solo
2447 2031 2727 2086 charitatis
2781 2034 3003 2088 nomine
3046 2033 3278 2087 circum-

1710 2126 1987 2191 scribitur,
2052 2123 2341 2178 ridiculum
2394 2128 2479 2178 est
2517 2122 2662 2177 hunc
2699 2131 2753 2178 et
2795 2124 2946 2178 illum
2995 2125 3276 2194 eligentes,

1711 2219 1779 2274 iis
1801 2218 1932 2272 solis
1951 2216 2274 2271 charitatem
2308 2215 2607 2285 impertire,
2649 2215 2786 2270 alios
2810 2230 2939 2270 vero
2966 2217 3282 2270 innumera-

1710 2310 1846 2365 biles
1871 2309 1940 2362 ab
1969 2308 2114 2362 illius
2148 2305 2276 2361 boni
2300 2306 2792 2362 communicatione
2813 2306 3119 2362 excludere.
3173 2305 3281 2363 Sed

1713 2402 1760 2457 si
1802 2416 1927 2455 cum
1971 2399 2298 2471 perniciosis
2351 2399 2666 2455 hominibus
2715 2402 3009 2456 consensio
3078 2401 3185 2466 iis,
3251 2415 3284 2453 a

1717 2492 1921 2562 quibus
1971 2491 2290 2560 suscipitur,
2335 2490 2439 2544 sub
2484 2490 2638 2559 pacis
2681 2490 2863 2560 specie
2902 2488 3161 2543 damnum
3199 2489 3284 2542 in-

1714 2583 1821 2637 fert
1863 2583 2060 2638 hostile
2092 2599 2107 2647 ;
2150 2579 2499 2636 considerare
2545 2580 2807 2636 debemus
2847 2582 3071 2650 quinam
3103 2581 3213 2635 sint
3246 2580 3285 2634 ii

1715 2675 1912 2745 quibus
1972 2688 2071 2728 nos
2115 2672 2504 2728 admiscemus.
2553 2673 2629 2744 (4)
2662 2671 2717 2726 Si
2751 2673 2895 2728 enim
2927 2672 3159 2728 dilectus
3194 2673 3287 2728 Dei

1716 2767 1897 2823 Filius
1945 2768 2074 2822 odio
2105 2767 2358 2832 habetur,
2404 2769 2536 2839 quid
2581 2769 2783 2823 mirum
2825 2769 2871 2822 si
2910 2785 3011 2825 nos
3055 2769 3290 2824 homini-

1718 2859 1821 2914 bus
1857 2857 2032 2914 odiosi
2070 2874 2262 2914 sumus
2307 2859 2376 2924 ”,
2418 2860 2475 2914 in
2533 2860 2734 2930 quibus
2786 2860 3032 2930 profecto
3102 2859 3287 2914 odium

1717 2949 2051 3019 exsuperat?
2099 2948 2371 3006 Caeterum
2419 2965 2596 3022 neque
2653 2951 2943 3006 aedificium
2990 2953 3294 3006 consistere

1723 3043 1921 3098 ablatis
1986 3043 2428 3114 colligationibus
2499 3051 2713 3115 potest,
2787 3060 2964 3114 neque
3048 3043 3293 3098 Ecclesia

105 3126 197 3179 οὔτε
229 3129 536 3202 Ἐκκλησίαν
568 3133 648 3193 είς
678 3129 810 3200 ὕψος
838 3130 1155 3202 αὐξηθῆναι,
1204 3131 1278 3202 μὴ
1318 3133 1620 3203 συνδεδεμέ-

1727 3133 2007 3204 adaugeri,
2043 3134 2150 3188 nisi
2190 3135 2344 3203 pacis
2381 3136 2697 3206 amorisque
2734 3135 2959 3192 vinculo
2993 3134 3156 3189 fuerit
3180 3134 3295 3188 col-

105 3235 175 3288 γην
200 3219 263 3290 τῷ
294 3223 574 3294 συνδέσμῳ
605 3222 702 3292 τῆς
731 3223 950 3294 εἰρήνης
977 3223 1070 3276 καί
1101 3223 1203 3292 τῆς
1240 3222 1476 3294 ἀγάπης.
1513 3225 1622 3277 Καὶ

101 3310 180 3380 γὰρ
204 3312 334 3366 οὐδὲν
361 3314 540 3379 οὕτως
565 3315 692 3368 ἴδιον
719 3316 816 3386 τῆς
841 3315 1053 3385 φύσεως
1089 3317 1264 3387 ἡμῶν,
1291 3319 1367 3380 ὡς
1416 3317 1477 3370 τὸ
1509 3334 1623 3372 κοι-

102 3405 246 3455 νωνεῖν
279 3405 550 3477 ἀλλήλοις,
578 3408 672 3460 καί
704 3405 922 3478 χρῄζειν
955 3406 1216 3477 ἀλλήλων,
1270 3409 1365 3460 καὶ
1405 3409 1624 3478 ἀγαπᾷν

101 3491 145 3542 τὸ
182 3494 443 3565 ὁμόφυλον.
512 3495 679 3550 Πλέον
723 3497 832 3569 γάρ
881 3500 1042 3567 ἡμεῖς
1087 3497 1185 3567 τῆς
1230 3499 1347 3562 ἐνὸς
1396 3499 1625 3552 ἑκάστου

104 3583 185 3636 τῶν
215 3587 436 3658 ἀδελφῶν
490 3591 808 3658 ἐπικουρίας
855 3589 1164 3660 δεόμεθα,ἢ
1211 3591 1332 3644 ὅσον
1373 3592 1406 3662 ἡ
1468 3592 1629 3662 ἑτέρα

105 3673 186 3724 τῶν
211 3679 390 3748 χειρῶν
422 3680 528 3749 τῆς
556 3679 765 3750 ἐτέρας.
802 3680 966 3733 Ὅταν
993 3680 1100 3750 γὰρ
1130 3680 1264 3751 πρὸς
1288 3681 1427 3733 αύτά
1455 3682 1630 3736 ἀπίδω

104 3765 156 3816 τὰ
195 3769 312 3842 μέλη
356 3774 538 3844 ἡμῶν,
591 3775 670 3826 ὃτι
709 3773 768 3826 ἓν
814 3773 934 3826 οὐδὲ
978 3773 1152 3844 ἐαυτῷ
1186 3774 1320 3846 πρὸς
1354 3775 1630 3847 ἐνέργειαν

106 3856 349 3931 αὔταρκες,
388 3867 512 3927 πῶς
555 3866 789 3935 ἐμαυτὸν
842 3865 1124 3937 λογίσομαι
1163 3867 1411 3938 ἐξαρκεῖν
1455 3869 1632 3940 ἑαυτῷ

108 3949 215 4017 πρὸς
255 3955 316 4006 τά
364 3957 457 4010 τοῦ
512 3957 625 4027 βίου
676 3959 1007 4029 πράγματα;
1059 3958 1194 4013 Οὔτε
1228 3961 1336 4032 γάρ
1390 3961 1456 4014 ἂν
1501 3961 1633 4024 ποῦς

107 4041 319 4110 ἀσφαλῶς
367 4048 625 4118 βαδίσειε,
666 4050 739 4120 μὴ
793 4051 1343 4122 συνυποστηρίζοντος
1386 4051 1480 4104 τοῦ
1514 4051 1632 4104 ἑτέ-

109 4147 207 4198 ρσυο
238 4137 350 4190 οὕτε
393 4139 672 4210 ὀφθαλμὸς
703 4142 868 4209 ὑγιῶς
902 4142 1020 4203 ἴδοι,
1072 4142 1144 4213 μὴ
1190 4143 1442 4196 κοινωνὸν
1495 4143 1632 4212 ἔχων

105 4223 174 4274 τὸν
209 4228 401 4298 ἕτερον,
439 4235 540 4288 καὶ
575 4234 690 4303 μετ’
728 4232 894 4285 αὐτοῦ
930 4232 1233 4303 συμφώνως
1286 4233 1635 4305 προσϐάλλων

106 4319 192 4380 τοῖς
232 4324 452 4392 ὁρατοῖς.
490 4327 598 4378 Καὶ
630 4326 765 4396 ἀκοὴ
817 4325 1200 4394 ἀκριϐεστέρα,
1246 4326 1280 4394 ἡ
1332 4324 1397 4376 δι’
1437 4327 1636 4392 ἀμφοῖν

107 4413 193 4460 τοῖν
246 4415 422 4487 πάροιν
473 4418 573 4490 τὴν
627 4417 809 4488 φωνὴν
853 4417 1113 4488 δεχομένη
1142 4432 1156 4447 ·
1207 4417 1302 4470 καὶ
1355 4416 1635 4486 ἀντίληψις

1727 3227 1912 3297 ligata.
1946 3225 2160 3282 Etenim
2198 3227 2331 3281 nihil
2370 3235 2455 3283 est
2503 3235 2715 3282 natura:
2751 3239 2958 3282 nostra:
2992 3229 3128 3282 adeo
3169 3242 3298 3296 pro-

1725 3319 1924 3389 prium,
1959 3327 2020 3372 ut
2066 3328 2257 3371 mutuo
2303 3319 2443 3373 inter
2485 3334 2584 3374 nos
2614 3320 3036 3386 communicare,
3076 3328 3296 3372 mutuo-

1725 3423 1830 3480 que
1865 3407 2129 3477 indigere.
2174 3417 2338 3478 atque
2373 3408 2618 3478 ejusdem
2649 3411 2867 3480 generis
2917 3410 3165 3464 homines
3207 3410 3299 3463 ad-

1726 3515 1931 3556 amare.
1967 3501 2044 3571 (5)
2080 3500 2250 3568 Magis
2285 3502 2430 3555 enim
2473 3516 2576 3557 nos
2607 3502 3037 3572 uniuscujusque
3065 3501 3297 3555 fratrum

1727 3593 1933 3646 auxilio
1983 3593 2310 3663 indigemus,
2383 3607 2546 3662 quam
2605 3609 2800 3648 manus
2851 3595 3019 3648 altera
3071 3593 3298 3648 alterius

1729 3701 1850 3758 Ope.
1898 3683 1974 3756 (6;
2007 3684 2142 3740 Cum
2183 3685 2326 3740 enim
2365 3683 2480 3738 haec
2521 3685 2636 3754 ipsa
2667 3695 2853 3740 nostra
2894 3685 3135 3739 membra
3163 3700 3296 3738 con-

1730 3779 1930 3843 sideto,
1965 3793 2197 3847 quorum
2229 3778 2436 3830 nullum
2466 3777 2568 3831 sibi
2599 3777 2704 3845 ipsi
2735 3774 2803 3828 ad
2853 3774 3120 3846 agendum
3165 3777 3301 3832 satis

1730 3881 1834 3933 est,
1880 3871 2153 3941 quomodo
2189 3870 2324 3923 mihi
2369 3869 2486 3939 ipse
2533 3868 2757 3922 videbor
2810 3867 2877 3922 ad
2917 3869 3041 3921 vitae
3086 3869 3300 3937 negotia

1733 3962 2017 4018 sufficere?
2063 3961 2251 4033 Neque
2304 3964 2449 4018 enim
2502 3977 2600 4032 pes
2647 3967 2766 4014 tuto
2826 3959 3127 4030 gradiatur,
3191 3974 3302 4015 non

1733 4053 2082 4108 su-tfulcientc
2131 4055 2305 4107 altero
2348 4069 2361 4104 :
2407 4067 2584 4122 neque
2647 4051 2840 4106 oculus
2886 4060 3033 4105 recte
3079 4049 3299 4114 videat,

1733 4158 1845 4197 non
1871 4142 2077 4196 habens
2107 4142 2335 4197 alterum
2377 4149 2711 4205 consortem,
2763 4148 2969 4195 etcum
3015 4154 3080 4196 eo
3125 4141 3304 4194 socia-

1733 4235 1859 4290 liter
1900 4235 1989 4289 his
2032 4250 2152 4306 qua:
2183 4236 2456 4302 videntur,
2491 4235 2756 4288 intentus.
2796 4231 3030 4287 Auditus
3079 4246 3308 4286 accura-

1735 4327 1861 4390 tior,
1901 4326 1990 4396 qni
2023 4342 2122 4395 per
2179 4338 2440 4397 utrosque
2478 4334 2692 4381 meatus
2737 4340 2924 4380 vocem
2973 4323 3224 4394 suscipit,
3253 4330 3309 4376 et

1738 4416 1932 4470 fortior
1960 4417 2322 4486 apprehensio
2351 4415 2644 4488 digitorum
2688 4415 3093 4484 conjunctione.
3139 4414 3206 4467 Et
3250 4413 3308 4466 in

109 4510 429 4582 κραταιοτέρα
465 4514 531 4583 τῇ
567 4511 819 4582 κοινωνίᾳ
846 4510 953 4563 τῶν
987 4509 1282 4563 δακτύλων.
1321 4511 1430 4564 Καὶ
1463 4509 1620 4574 ἅπαξ·

1737 4523 1970 4571 summa,
2023 4509 2160 4562 nihil
2217 4524 2391 4578 neque
2441 4523 2632 4563 eorum
2671 4522 2792 4577 quae
2847 4515 3080 4565 natura,
3132 4517 3309 4572 neque

109 4592 279 4660 σπλῶς,
326 4603 476 4657 οὐδὲν
528 4601 652 4655 οὔτε
706 4601 813 4655 τῶν
862 4603 927 4654 ὲκ
973 4601 1205 4672 φύσεως,
1258 4600 1378 4655 οὕτε
1417 4601 1524 4655 τῶν
1571 4605 1636 4655 ὲκ

110 4691 439 4758 προαιρέσεως
495 4693 938 4765 κατορθουμένων
988 4693 1131 4766 ὁρῶ,
1193 4693 1320 4747 ἄνευ
1378 4695 1476 4764 τῆς
1529 4693 1638 4746 τῶν

109 4774 355 4846 ὁμοφύλων
401 4787 704 4858 συμπνοίας
750 4786 1190 4858 ὲπιτελούμενον’
1246 4787 1378 4839 ὅπου
1430 4803 1494 4854 γε
1543 4786 1638 4839 καὶ

110 4866 276 4942 uirili)
321 4876 616 4948 προσευχὴ,
673 4876 746 4948 μὴ
794 4875 986 4945 ἔχουσα
1034 4877 1160 4938 τοὺς
1201 4875 1638 4945 συμφωνοῦντας,

113 4956 441 5038 ἀδρανεστέρα
475 4971 590 5023 ἐστὶ
623 4968 799 5039 πολλῷ
825 4969 1040 5039 ἑαυτῆς.
1074 4967 1410 5021 Νουθετείτω
1446 4984 1504 5019 σε
1531 4966 1640 5019 τῶν

111 5058 396 5125 νυκτερίδων
433 5061 495 5116 τὸ
525 5061 864 5132 φιλάλληλον,
894 5062 950 5114 αἳ
979 5061 1168 5130 ὥσπερ
1200 5058 1438 5132 δρμαθὸς
1476 5059 1642 5130 ἀλλήυ

111 5137 196 5193 λων
239 5147 474 5220 ἔχονταιο
522 5155 617 5210 καὶ
661 5155 735 5226 μὴ
765 5153 828 5207 τὸ
873 5152 1270 5223 ἀπεσχισμένον
1305 5153 1400 5206 καὶ
1443 5151 1641 5216 ἰδιάζον

170 5348 206 5379 ³³
242 5350 418 5414 Matth.
453 5376 506 5426 v,
541 5358 727 5412 43-45.
805 5358 847 5391 ”
881 5357 1040 5411 Joan.
1074 5373 1163 5418 xv.
1204 5356 1286 5410 l8.

171 5534 243 5614 μ)
297 5543 768 5618 Ἐκλεγομένους.
823 5544 914 5599 Sic
969 5554 1193 5612 uterque
1252 5543 1440 5598 codex.
1500 5540 1638 5596 Edili

117 5595 514 5662 ἕκλελεγιιένουε.

176 5628 517 5683 λελεγμένους.

176 5675 244 5751 (ἓ)
272 5681 338 5738 Ex
375 5701 664 5744 comment.
700 5687 752 5740 in
789 5685 921 5751 Isa.,
948 5685 1070 5740 MU.

180 5747 246 5818 (ὅ)
275 5751 346 5808 Εἰ
376 5761 530 5831 epist.
560 5775 676 5824 ccc,
702 5759 824 5812 585.

1735 4612 1928 4656 eorum
1987 4616 2109 4670 qua:
2155 4600 2327 4654 libera
2389 4601 2671 4656 voluntate
2729 4598 3108 4669 perficiuntur,
3161 4595 3306 4648 citra

1736 4695 2198 4763 conspirationem
2245 4708 2433 4748 eorum
2470 4708 2592 4762 qua:
2626 4691 2871 4761 ejusdem
2899 4687 3118 4759 generis
3151 4692 3303 4747 sunt,

1741 4786 1926 4857 perlici
1975 4785 2177 4851 video;
2217 4799 2343 4840 cum
2388 4793 2442 4840 et
2486 4800 2676 4855 preces
2720 4783 2874 4851 ipsre,
2909 4781 2955 4835 si
2999 4779 3180 4834 desint
3215 4778 3312 4847 qui

1741 4879 2078 4947 conspirent,
2119 4878 2277 4947 longe
2329 4879 2440 4932 sint
2481 4875 2678 4946 seipsis
2717 4874 3032 4929 debiliores.
3078 4871 3154 4942 (7)
3201 4869 3314 4923 Ad-

1747 4981 1965 5025 moneat
2003 4979 2058 5027 te
2104 4982 2328 5026 mutuus
2378 4969 2831 5039 vespertilionum
2862 4980 3017 5018 amor
3051 4964 3142 5033 qui
3178 4977 3316 5017 con-
3354 5027 3364 5050 ἢ

1748 5065 1935 5119 textim
1969 5065 2112 5119 inter
2139 5080 2198 5119 se
2225 5063 2499 5118 cohaerent
2536 5080 2549 5116 :
2594 5075 2770 5130 neque
2798 5057 2944 5128 quod
2980 5065 3064 5111 est
3095 5071 3316 5126 separa-

1746 5162 1861 5209 tum
1901 5170 1966 5209 ac
2026 5155 2321 5228 singulare,
2366 5153 2718 5224 praestantius
2766 5166 2892 5206 esse
2931 5149 3207 5213 existima,
3250 5162 3318 5203 eo

1819 5538 1895 5604 (4)
1935 5533 2170 5600 Uterque
2203 5530 2370 5586 codex
2399 5529 2602 5604 indicat
2623 5530 2784 5598 epist.

1932 5606 2008 5658 Ex
2035 5607 2193 5674 epist.
2223 5618 2386 5665 tum,
2422 5600 2542 5654 190.

1821 5681 1897 5746 (ti)
1933 5676 2068 5746 Ibid.

1819 5735 1896 5818 (7)
1939 5748 2010 5800 ιιι
2043 5745 2187 5800 hom.
2225 5759 2320 5799 vni
2358 5742 2409 5795 in
2447 5741 2725 5803 Ilc.raem.,
2753 5735 2820 5791 ⁸17
