4020 6380
1448 614 2377 740 MONITUM

858 867 963 932 DE
1012 865 1172 931 HAG
1217 864 1766 930 BENEDICTlN/E
1813 862 2208 930 EDITIONIS
2255 862 2472 931 NOVA
2521 862 2984 930 RECUSIONE.

260 1207 705 1274 Immortalem
735 1205 1008 1270 Patrum
1039 1205 1628 1270 Benedictinorum
1657 1203 1946 1284 gloriam
1984 1205 2422 1267 temerarium
2452 1205 2750 1287 profecto
2795 1206 2968 1270 foret
3009 1207 3464 1288 praetendere;
3525 1208 3648 1270 mi-

177 1309 344 1372 nime
390 1323 554 1367 vero
602 1303 1024 1386 impossibile
1079 1307 1183 1366 est
1246 1301 1749 1364 lucubrationes
1803 1318 2042 1364 eorum
2097 1300 2479 1380 meliorare,
2548 1301 2948 1366 introductis
3000 1291 3491 1371 mutationibus
3543 1305 3652 1366 ali-

175 1401 498 1487 quantulis
531 1419 702 1481 quas
760 1400 1056 1481 ipsimet,
1111 1398 1169 1460 si
1225 1403 1458 1460 nostra
1497 1397 1803 1462 viverent
1841 1401 2062 1473 aetate,
2107 1397 2536 1478 judicassent
2573 1400 3026 1462 necessarias.
3085 1398 3410 1464 Caeterum
3447 1400 3649 1464 hodie

173 1497 472 1564 convenit
503 1495 682 1576 apud
719 1495 1216 1558 eruditissimos
1266 1495 1474 1571 viros,
1530 1494 1864 1575 imprimis
1910 1497 2101 1556 extra
2149 1492 2450 1571 Galliam,
2504 1494 3010 1559 Benedictinam
3050 1497 3444 1576 editionem,
3487 1499 3645 1562 licet

175 1593 343 1658 omni
397 1591 680 1670 dignam
745 1590 1216 1667 aestimatione,
1298 1591 1693 1672 caaterisque
1752 1589 2306 1652 antecedentibus
2361 1591 2574 1653 multo
2642 1594 3206 1672 praestantiorem,
3280 1598 3642 1663 nonnullas

174 1697 378 1752 tamen
409 1685 851 1765 negligentiae
885 1689 1080 1746 notas
1119 1703 1256 1765 prae
1307 1703 1380 1747 se
1412 1687 1610 1761 ferre,
1647 1685 1790 1748 sive
1841 1683 2022 1765 quod
2071 1684 2364 1747 editores
2415 1685 2717 1748 laborem
2748 1705 2868 1768 per
2906 1687 3150 1766 viginti
3184 1689 3492 1768 integros
3527 1713 3648 1757 an-

173 1800 286 1846 nos
315 1783 730 1861 protractum
764 1779 1058 1858 impares
1090 1778 1340 1840 fuerint
1367 1778 1710 1841 indefessa
1740 1778 2111 1841 attentione
2153 1779 2558 1857 sustinendi,
2595 1780 2739 1844 sive
2779 1782 2958 1862 quod
2985 1801 3275 1863 pensum
3304 1791 3405 1850 tot
3444 1789 3647 1852 colla-

168 1873 581 1941 boratoribus
631 1872 1025 1936 devolutum
1073 1873 1402 1936 unitatem
1443 1892 1580 1936 non
1631 1874 2036 1936 admitteret.
2075 1872 2183 1937 Sic
2212 1875 2552 1937 interdum
2584 1875 2892 1939 videntur
2920 1883 3228 1942 veterum
3272 1883 3650 1950 editionum

167 1972 585 2036 collationem
623 1968 1049 2047 neglexisse;
1088 1969 1184 2032 sic
1222 1969 1452 2045 etiam,
1487 1969 1694 2032 variis
1724 1969 2129 2032 lectionibus
2162 1988 2341 2032 nunc
2381 1971 2451 2031 in
2485 1974 2768 2052 utraque
2807 1975 3118 2052 margine
3154 1979 3419 2058 positis,
3465 2001 3648 2049 nunc

169 2069 244 2132 ad
265 2067 513 2129 calcem
536 2065 702 2128 tomi
733 2066 1026 2146 rejectis,
1064 2069 1444 2127 accuratam
1468 2069 1779 2128 textuum
1808 2065 2305 2142 recensionem,
2332 2065 2610 2128 unitatis
2635 2067 3064 2148 detrimento,
3102 2084 3642 2158 prosequuntur;

169 2166 254 2228 sic
291 2163 610 2243 denique,
645 2167 719 2224 ut
749 2163 1006 2225 omissa
1034 2167 1449 2244 repararent,
1486 2166 1601 2224 aut
1629 2162 1954 2224 lectiones
1987 2161 2428 2226 citationesve
2459 2163 2825 2227 mendosas
2859 2168 3239 2248 complures
3264 2172 3646 2255 impruden.

168 2267 257 2324 ter
285 2260 704 2322 introductas
759 2277 1189 2340 quocumque
1245 2259 1448 2322 modo
1500 2257 1964 2335 emendarent,
2019 2252 2338 2320 addendz's
2395 2262 2462 2321 et
2514 2256 2915 2344 corrigendis
2973 2264 3245 2344 singula
3301 2252 3650 2342 volumina

168 2373 638 2420 exoneravere.

248 2452 516 2514 Duobus
575 2451 786 2529 igitur
836 2448 1272 2531 potissimum
1320 2448 1853 2527 invigilavimus,
1899 2447 2153 2512 scilicet
2207 2467 2293 2512 ne
2343 2449 2504 2531 quid
2570 2456 2768 2514 antea
2815 2454 3167 2534 vulgatum
3220 2461 3290 2525 in
3347 2465 3642 2532 editione

167 2553 382 2612 nostra
410 2547 865 2622 omitteretur,
916 2548 1125 2626 utque
1157 2544 1806 2608 convenientissimo
1840 2541 2076 2607 ordine
2134 2563 2243 2608 res
2302 2547 2617 2627 quaelibet
2667 2549 3157 2617 institueretur.
3216 2557 3464 2625 Praeter
3501 2582 3641 2627 ma-

166 2644 540 2724 nuscriptos
598 2641 888 2718 codices,
960 2640 1294 2703 editiones
1357 2639 1741 2720 plerasque,
1805 2643 1949 2700 tum
2010 2644 2302 2717 veteres,
2372 2645 2518 2703 tum
2573 2646 2986 2710 recentiores
3047 2654 3233 2715 tanta
3290 2657 3642 2738 diligentia

164 2738 722 2821 comparavimus,
761 2742 836 2800 ut
873 2740 1108 2800 nostra
1133 2735 1534 2817 locupletior
1579 2732 1966 2796 necessario
2000 2734 2305 2798 debuerit
2335 2754 2714 2816 emergere,
2752 2743 3042 2823 jureque
3075 2732 3464 2815 asseremu's
3498 2773 3640 2818 om-

165 2837 313 2899 nino
366 2835 542 2897 nihil
596 2833 1326 2932 hactenusprodiisse,
1377 2829 1702 2932 quoduin
1759 2849 1855 2932 ea
1905 2849 2044 2893 non
2084 2831 2403 2895 abundet.
2450 2832 2765 2899 Attamen
2826 2842 3280 2924 nequicquam
3321 2855 3641 2932 suppete-

162 2936 254 2995 ret
288 2936 385 2994 tot
417 2931 737 3009 coegisse
767 2929 1059 3004 divitias,
1091 2927 1224 3027 nisi
1254 2930 1433 2988 recte
1475 2925 1979 3027 ordinarentur;
2024 2945 2245 3027 neque
2300 2947 2460 2992 vero
2508 2933 2704 2994 nobis
2753 2935 3024 2999 animus
3064 2946 3169 3003 est
3208 2925 3533 3027 quidquid
3573 2948 3642 3010 in

161 3028 276 3091 hoc
309 3025 826 3110 praestiterimus
857 3023 1245 3085 minutatim
1285 3021 1692 3103 exponendi.
1730 3018 1949 3084 Pauca
1979 3022 2200 3084 solum
2239 3025 2546 3106 exempla
2577 3027 2974 3093 referemus.

247 3129 309 3186 1ο
353 3123 531 3185 Nihil
561 3120 760 3183 nobis
815 3119 1160 3199 antiquius
1193 3118 1342 3194 fuit,
1387 3135 1591 3198 quam
1622 3121 1696 3179 ut
1727 3117 1797 3178 in
1844 3117 2011 3180 locis
2045 3136 2083 3179 a
2111 3121 2500 3183 reverendis
2549 3123 2716 3202 ipsis
2764 3123 3084 3191 Patribus
3126 3130 3436 3199 indicatis
3470 3157 3636 3204 suus

161 3219 363 3282 textui
394 3219 582 3280 nitor
609 3216 1113 3313 restitueretur.
1141 3213 1416 3313 Quoties
1450 3213 1519 3313 in
1551 3212 1846 3313 aliquem
1881 3232 2196 3313 errorem
2221 3216 2394 3280 ultro
2437 3217 2809 3299 impcgisse
2860 3223 2990 3285 visi
3042 3234 3224 3306 sunt,
3271 3236 3473 3313 atque
3531 3237 3640 3300 de-

162 3315 424 3377 fuerunt
462 3329 707 3376 eorum
747 3310 1053 3388 consilia,
1099 3309 1473 3401 genuinam
1501 3308 1866 3372 lectionem
1910 3310 2362 3374 stabilivimus
2405 3316 2548 3374 tum
2587 3317 3232 3401 manuscriptorum,
3278 3308 3423 3390 tum
3452 3329 3646 3396 libro-

159 3428 299 3473 rum
329 3408 758 3473 auctoritate.
1287 3399 1301 3411 ’

239 3512 303 3568 2°
351 3505 609 3569 Praeter
649 3508 874 3566 textus
906 3502 1197 3565 nitorem
1228 3519 1388 3582 quo,
1419 3499 1930 3581 qualiscumque
1964 3501 2073 3579 sit,
2129 3501 2334 3565 editio
2381 3501 2815 3570 Benedictina
2846 3515 3121 3576 caeteras
3152 3534 3390 3582 omnes
3439 3522 3645 3605 longe

158 3607 448 3684 superat,
487 3602 620 3664 hoc
649 3603 921 3681 praestat
950 3599 1410 3680 potissimum,
1465 3596 1644 3677 quod
1693 3597 2202 3677 praefationibus
2260 3598 2531 3661 eximiis
2589 3619 2978 3685 magnaque
3023 3609 3536 3682 adnotationum
3560 3596 3648 3684 vet

159 3700 571 3762 variantium
617 3697 988 3759 lectionum
1041 3695 1233 3776 copia
1282 3692 1688 3773 locupletata
1727 3693 1835 3754 sit.
1882 3691 2038 3769 Quae
2094 3695 2325 3756 omnia
2366 3695 2600 3759 sedulo
2642 3700 3090 3781 servavimus,
3136 3706 3271 3770 imo
3306 3713 3645 3779 variantes

153 3795 560 3859 adauximus
590 3793 949 3866 lectiones;
977 3810 1117 3854 non
1138 3807 1378 3854 omnes
1408 3807 1570 3852 vero
1599 3788 2000 3852 admisimus
2033 3808 2182 3870 quae
2215 3791 2412 3853 nobis
2445 3794 2896 3876 undequaque
2920 3805 3383 3868 occurrebant.
3411 3809 3648 3875 Liben-

153 3899 245 3956 ter
278 3891 676 3966 fatebimur,
721 3907 860 3950 non
898 3887 1030 3950 isto
1063 3886 1488 3949 incendimur
1525 3884 1914 3966 philologiae
1947 3886 2170 3948 studio
2202 3887 2382 3966 quod
2406 3888 2721 3951 editionis
2767 3894 3234 3960 excellentiam
3276 3900 3644 3971 lectionum

152 3988 566 4052 variantium
596 3983 1221 4081 numeropmetitur.
1257 3981 1305 4045 E
1338 3980 1842 4081 contra,_dubia3
1883 3981 2280 4081 plerumque
2320 3988 2517 4045 erunt
2557 3985 2885 4065 utilitatis,
2931 3989 2988 4050 si
3020 3994 3404 4061 attendatur
3442 4019 3645 4081 quam

151 4085 368 4148 tenuis
404 4083 549 4145 sint
580 4079 934 4156 momenti,
964 4082 1293 4159 quantum
1324 4078 1660 4140 sermonis
1693 4077 1941 4140 seriem
1962 4077 2354 4158 impediant,
2382 4083 2850 4162 quantumque
2883 4087 3059 4165 apud
3088 4091 3340 4155 multos
3362 4077 3646 4162 lectores

153 4179 518 4244 auctoritas
567 4176 896 4239 librorum
927 4174 1055 4236 illis
1085 4173 1556 4274 labefactetur;
1581 4173 1931 4274 duplicem
1980 4173 2164 4235 enim
2188 4173 2562 4274 lectionem
2591 4177 2841 4240 veritas
2881 4199 3019 4243 non
3052 4187 3326 4264 patitur.
3364 4190 3648 4274 Expedit

152 4281 374 4359 igitur,
417 4279 662 4340 nostra
692 4273 1052 4346 sententia,
1088 4275 1186 4334 tot
1216 4271 1392 4334 inter
1429 4271 2048 4352 manuscriptorum
2078 4275 2146 4333 et
2188 4271 2516 4335 librorum
2548 4275 2934 4355 varietates,
2970 4299 3110 4344 non
3149 4287 3334 4349 molli
3370 4271 3645 4357 brachio

148 4382 423 4439 cunctas
489 4373 834 4448 excutere,
897 4368 1126 4447 sagaci
1182 4368 1604 4446 negligentia
1653 4368 1983 4449 quasdam
2043 4369 2582 4448 praetermittere,
2651 4389 2905 4454 easque
2967 4379 3231 4443 tantum
3293 4383 3646 4450 admittere

147 4492 288 4555 quae
329 4473 420 4536 ad
450 4473 712 4534 rectam
743 4466 1035 4530 auctoris
1076 4465 1596 4544 intelligentiam
1635 4463 1740 4529 vel
1769 4464 2008 4527 leviter
2039 4464 2442 4528 inserviunt.

223 4569 422 4648 Quod
464 4568 552 4630 de
582 4563 951 4628 lectionum
983 4561 1442 4636 varietatibus,
1486 4560 1552 4622 id
1592 4560 1672 4622 de
1707 4559 2157 4641 supposititiis
2191 4561 2509 4641 operibus
2543 4563 2795 4626 dictum
2822 4570 2993 4630 esto.

223 4667 454 4745 Vulgo
490 4657 1200 4758 contigitclarissimis
1241 4656 1660 4758 antiquitatis
1711 4656 2174 4736 scriptoribus,
2209 4663 2310 4758 ut,
2351 4663 2741 4758 temporum
2774 4662 3280 4746 obscuratione,
3317 4671 3644 4758 bibliopo-

137 4764 352 4826 larum
385 4757 705 4833 avaritia,
741 4754 1024 4835 aliisque
1065 4753 1146 4815 de
1178 4752 1426 4828 causis,
1483 4754 1682 4814 foetus
1723 4769 1960 4814 eorum
2019 4753 2301 4830 genuini
2349 4753 2631 4833 indigna
2685 4759 3075 4838 spuriorum
3125 4768 3394 4831 caterva
3435 4752 3640 4853 stipa-

137 4865 394 4922 rentur.
465 4853 664 4917 Haud
723 4849 992 4912 difﬁcile
1050 4852 1228 4911 certe
1284 4847 1527 4910 fuisset
1557 4845 2073 4925 Augustinianae
2135 4847 2454 4910 editionis
2514 4851 2768 4914 molem
2824 4854 3164 4935 duplicare
3220 4845 3644 4944 triplicareve

133 4957 212 5019 ad
253 4955 566 5027 libitum,
638 4946 972 5028 adjunctis
1034 4943 1482 5025 supposititiis
1539 4943 1857 5025 operibus
1907 4962 2056 5025 quae
2107 4945 2232 5006 sub
2291 4945 2525 5024 magni
2587 4947 2884 5012 Doctoris
2950 4955 3229 5019 nomine
3289 4943 3641 5028 circumfe-

133 5056 404 5115 runtur.
438 5046 683 5110 .Nulla
728 5061 936 5126 prope
1002 5047 1107 5104 est
1164 5041 1567 5104 bibliotheca
1611 5059 1759 5121 quae
1800 5059 1938 5102 non
1991 5039 2374 5103 istiusmodi
2429 5042 2766 5106 thesauris
2814 5064 2888 5109 se
2936 5049 3168 5128 jactet.
3228 5053 3396 5130 Quid
3434 5062 3645 5123 vero?

133 5167 367 5212 nonne
418 5146 643 5225 liquet
692 5140 948 5204 zizania
1003 5137 1334 5201 debilitari
1399 5137 1720 5214 triticum,
1779 5154 2228 5217 verarumque
2297 5154 2728 5216 gemmarum
2791 5141 3186 5211 decrescere
3245 5151 3521 5230 famam,
3585 5155 3644 5217 si

136 5262 288 5307 cum
322 5238 739 5306 adulterinis
780 5236 1242 5298 misceantur?
1289 5232 1601 5296 Attamen
1645 5251 1731 5296 ne
1776 5233 1935 5314 quid
1969 5234 2038 5295 in
2077 5233 2373 5296 editione
2421 5239 2656 5298 nostra
2687 5237 3211 5322 desideraretur,
3266 5249 3527 5310 nullum
3559 5269 3645 5314 ex

137 5340 392 5423 spuriis
437 5335 559 5401 vel
602 5333 824 5397 dubiis
881 5331 1199 5413 operibus
1257 5347 1407 5412 quae
1461 5328 1584 5392 PP.
1646 5328 2061 5392 Benedictini
2101 5329 2350 5410 publici
2379 5331 2557 5409 juris
2614 5333 2945 5412 fecerunt,
2984 5343 3646 5418 praetermittendum

136 5437 510 5507 duximus;
560 5428 934 5512 quinetiam
971 5443 1208 5490 eorum
1242 5424 1626 5489 recensioni
1682 5424 2009 5487 nonnulla
2058 5423 2439 5488 addidimus
2492 5444 2731 5490 recens
2767 5429 3067 5509 inventa,
3113 5454 3264 5516 quae
3310 5439 3646 5506 omniain

136 5533 572 5597 Sermonum
599 5525 1064 5589 collectionem
1095 5522 1418 5585 incidunt.
1463 5520 1715 5586 Verum
1760 5521 1886 5584 hac
1919 5521 2217 5600 augendi
2273 5522 2545 5585 licentia
2595 5543 2794 5606 parce
2828 5528 2934 5590 usi
2976 5547 3239 5608 sumus,
3275 5551 3414 5598 non
3457 5537 3646 5602 obliti

136 5627 461 5693 Patribus
515 5620 997 5698 Benedictinis,
1039 5623 1237 5701 prout
1268 5617 1568 5682 consiliis
1626 5618 2006 5700 opibusque
2045 5624 2237 5682 erant
2271 5619 2687 5700 circumdati,
2741 5630 3155 5706 compertam
3206 5646 3371 5694 sane
3424 5633 3635 5700 fuisse

1502 5895 1556 5994 ἐ
1591 5891 2028 5994 £33281
