4020 6352
1934 317 2265 410 ΜΟΝΙΤΗΜ
2279 358 2292 372 .

353 459 724 526 maximam
754 455 1016 536 partem
1049 447 1388 510 fallacium
1425 445 1714 508 istarum
1745 443 2164 521 divitiarum,
2200 460 2369 525 quas
2423 460 2498 506 se
2550 442 2872 506 eﬂ‘odisse
2928 441 3238 505 nonnulli
3296 444 3622 508 coaetanei
3680 464 3838 509 asse

357 560 617 629 verant,
655 548 1028 628 meritoque
1069 543 1532 624 suspicionem
1579 545 1646 603 et
1701 539 1994 602 dedecus
2051 539 2395 602 incurrere
2463 537 2791 620 quidquid
2847 538 2977 602 viri
3020 541 3204 601 tanta
3251 536 3556 602 doctrina
3602 542 3860 622 pariter

365 671 442 715 ac
473 646 731 732 judicio
765 639 1284 707 commendandi
1321 637 1742 719 repulerunt.

453 716 519 816 3'°
550 750 680 812 Res
725 749 831 810 est
875 743 1109 824 utique
1168 737 1556 819 gravissimi
1589 736 1918 798 momenti
1976 739 2043 798 et
2083 735 2166 797 ad
2199 734 2464 797 facilem
2494 737 2809 798 textuum
2861 716 3457 815 comparationem.
3482 737 3862 819 aptissima,

367 855 444 916 ut
487 846 816 911 lectiones
853 839 1196 904 variantes
1255 853 1424 918 quas
1474 833 1597 896 PP.
1642 832 1930 895 Maurini
1977 831 2159 893 haud
2203 829 2525 893 unimode
2568 830 2999 907 distribuere,
3035 848 3328 912 semper,
3364 837 3684 896 notarum
3723 852 3866 897 mo-

372 947 482 1022 do,
515 940 731 1005 textui
793 934 1119 1018 proximae
1161 931 1450 994 subsint.
1513 927 1930 1010 Nuperrimaa
1987 930 2256 990 exstant
2310 925 2645 989 editiones
2701 924 3146 1003 Parisienses,
3212 945 3361 1008 quae
3401 945 3620 1009 neque
3670 929 3872 1006 hanc,

373 1057 596 1122 neque
663 1035 785 1098 PP.
847 1031 1309 1095 Maurinorum
1376 1024 1623 1105 agendi
1678 1025 2016 1087 rationem
2071 1027 2342 1100 secutae,
2397 1040 2638 1085 omnes
2694 1021 3066 1084 lectionum
3114 1023 3478 1087 varietates
3545 1027 3780 1106 procul
3842 1044 3880 1088 a

374 1118 566 1202 textu
606 1133 687 1196 ad
717 1133 923 1192 ﬁnem
954 1125 1496 1203 uniuscujusque
1533 1121 1903 1184 voluminis
1954 1119 2454 1198 agglomerant,
2499 1123 2638 1196 aut,
2683 1136 2925 1200 parum
2967 1118 3295 1198 sollicitae,
3328 1122 3873 1202 praetermittunt.

376 1235 716 1312 Quantum
751 1221 923 1288 inde
987 1223 1381 1285 nasceretur
1434 1217 1873 1295 incommodi,
1942 1218 2332 1297 quantaque
2372 1214 2700 1296 temporis
2755 1217 3054 1295 jactura,
3116 1233 3256 1278 non
3328 1216 3541 1279 semel
3589 1218 3876 1300 experti,

381 1344 736 1415 speramus
769 1325 912 1386 fore
949 1324 1026 1382 ut
1075 1315 1440 1380 methodus
1491 1318 1751 1392 nostra,
1813 1314 1940 1376 sub
1987 1315 2303 1394 respectu
2360 1311 2864 1375 commoditatis
2919 1330 3112 1394 asque
3155 1330 3232 1375 ac
3283 1313 3622 1394 utilitatis,
3662 1315 3886 1398 potior

382 1429 714 1494 videatur.

475 1529 541 1588 4ο
589 1518 778 1597 Quod
809 1516 892 1579 ad
933 1508 1485 1587 chronologicam
1522 1504 2184 1585 Augustinianorum
2227 1521 2512 1586 operum
2540 1503 2788 1567 seriem
2819 1504 3083 1583 attinet,
3126 1505 3477 1586 paululum
3525 1509 3608 1571 ab
3649 1508 3884 1572 ordine

387 1621 510 1688 PP.
545 1615 1009 1682 Maurinorum
1041 1605 1467 1681 deﬂeximus,
1509 1607 1584 1666 ut
1613 1620 1773 1664 eum
1831 1618 2276 1683 sequeremur
2311 1617 2515 1682 quem
2571 1619 2801 1664 rerum
2849 1601 3191 1681 analogia,
3243 1603 3663 1686 proindeque
3714 1606 3886 1668 ratio

385 1722 536 1803 ipsa
565 1711 1003 1795 suggerebat.
1031 1705 1106 1768 In
1123 1705 1340 1803 primo
1358 1702 1584 1803 itaque
1603 1705 1787 1803 to-mo
1808 1699 1940 1803 duo
1972 1698 2502 1803 §oliloquiorum
2521 1697 2698 1803 libri,
2717 1699 2833 1781 qui
2855 1698 3032 1779 apud
3057 1698 3177 1761 PP.
3205 1699 3680 1765 Benedictiuos
3696 1702 3890 1765 libris

389 1795 470 1883 de
503 1813 746 1880 Ordine
771 1805 1078 1890 proxime
1104 1800 1496 1876 succedunt,
1529 1797 1758 1860 statim
1787 1801 1944 1878 post
1964 1795 2467 1872 Confessiones,
2499 1795 2903 1876 quibuscum
2927 1795 3012 1857 ob
3037 1795 3474 1859 manifestam
3501 1797 3889 1876 argumenti

385 1889 905 1980 similitudinem
935 1899 1236 1983 apprime
1283 1894 1722 1971 conveniunt,
1762 1911 1802 1955 a
1839 1893 2039 1956 nobis
2071 1892 2375 1955 collocati
2419 1894 2599 1953 sunt.
2645 1889 2786 1952 Duo
2837 1890 3043 1953 etiam
3079 1890 3234 1954 libri
3273 1891 3354 1955 de
3414 1892 3657 1956 Genesi
3724 1913 3882 1958 con-

387 2018 493 2077 tra
516 2004 922 2072 Manichaeos
953 2015 990 2060 e
1020 1996 1238 2078 primo
1269 1997 1454 2056 tomo
1497 1991 1565 2052 in
1592 1989 1869 2052 tertium
1907 1988 2165 2070 rejecti,
2210 2005 2292 2050 eo
2329 1987 2582 2050 scilicet
2618 1985 2767 2050 loco
2799 2005 2933 2068 quo
2966 1985 3214 2067 duplex
3239 1984 3433 2072 :aliud
3473 1990 3544 2052 in
3576 1989 3894 2055 Genesim

392 2125 565 2192 opus
595 2104 760 2166 item
807 2092 1204 2192 instituitur.
1244 2088 1576 2192 Prmtcrea
1624 2085 1994 2192 librumde
2048 2103 2213 2192 vera
2254 2083 2646 2192 _Religione,
2692 2081 2810 2164 qui
2859 2083 2930 2145 in
2983 2083 3279 2148 editione
3327 2084 3763 2150 Benedictina
3817 2089 3896 2152 li-

389 2179 592 2271 brum
622 2200 702 2263 de
743 2191 1040 2258 Moribus
1103 2185 1629 2250 Manichaeorum
1691 2182 1963 2264 excipit,
2008 2182 2091 2244 ad
2122 2182 2394 2245 tertium
2437 2179 2747 2243 similiter
2783 2184 3050 2244 tomum
3096 2182 3587 2261 revocavimus,
3648 2201 3896 2266 nempe

392 2305 548 2387 post
574 2313 747 2378 opus
788 2292 869 2356 de
897 2285 1209 2351 Doctrina
1244 2281 1648 2387 Christiana,
1694 2283 1894 2387 cujus
1923 2278 2453 2387 _abs‘quehdubio
2495 2276 3362 2387 complementumncuique
3409 2278 3668 2358 legenti
3699 2299 3896 2363 appa-

392 2372 588 2464 rebit.
620 2372 824 2456 Varia
860 2387 1136 2450 tandem
1175 2377 1525 2462 opuscula,
1560 2377 1784 2459 qualia
1823 2375 2164 2458 Epistolae,
2208 2373 2598 2452 Sermones,
2633 2377 2792 2452 etc.,
2828 2392 2980 2455 qua;
3015 2372 3139 2436 PP.
3175 2373 3463 2438 Maurini
3495 2381 3560 2438 et
3597 2383 3755 2458 post
3777 2397 3898 2442 eos

396 2489 620 2560 cateri
651 2485 813 2551 editi
853 2483 1019 2565 ipsis
1059 2476 1349 2542 nimium
1396 2474 1794 2537 insistentes
1834 2472 2092 2554 passim
2131 2470 2607 2548 disseminant,
2659 2469 2744 2532 ad
2792 2468 3083 2533 classem
3134 2489 3332 2534 suam
3382 2473 3893 2553 primigeniam,

395 2590 600 2674 prout
630 2600 741 2648 res
771 2577 1180 2663 postulabat,
1224 2575 1532 2636 accurate
1562 2570 1839 2632 reducta
1871 2570 2053 2630 sunt.

487 2695 553 2753 5°
595 2685 821 2750 Ambae
859 2676 1290 2763 praefationes
1322 2689 1472 2754 quae
1512 2669 1712 2752 paulo
1771 2668 2057 2730 inferius
2118 2665 3013 2763 Mabilloniidedicatoriam
3056 2665 3427 2749 Epistolam
3483 2674 3893 2751 sequuntur,

399 2783 838 2853 undecimum
861 2761 1328 2851 “ultimumque
1359 2766 1677 2830 editionis
1704 2763 2154 2827 Benedictiuos
2183 2766 2449 2824 tomum
2497 2761 2863 2838 inchoant;
2917 2780 3044 2825 nec
3089 2764 3368 2842 mirum,
3405 2765 3744 2848 siquidem
3784 2785 3906 2830 ve-

399 2879 683 2951 nerandi
723 2875 1042 2948 editores,
1083 2865 1492 2931 curriculum
1519 2863 1686 2926 adeo
1717 2861 2005 2941 longum
2044 2858 2453 2939 ingressuri,
2508 2857 2837 2940 quidquid
2875 2858 2948 2920 in
2991 2862 3134 2922 toto
3193 2860 3486 2925 decursu
3520 2868 3704 2926 esset
3751 2884 3910 2946 per-

403 2977 747 3062 agendum
785 2989 870 3035 ex
909 2970 1056 3050 ipso
1104 2963 1340 3027 limine
1379 2959 1751 3044 praevidere
1808 2975 1948 3062 non
1985 2957 2358 3038 potuerint.
2421 2953 2630 3018 Nobis
2683 2958 2914 3018 autem
2979 2972 3187 3037 opera
3241 2975 3479 3021 eorum
3535 2960 3912 3024 recudenti-

403 3051 533 3143 bus
573 3088 730 3137 cum
768 3065 954 3130 nulla
1002 3063 1087 3126 sit
1130 3077 1336 3123 causa
1388 3077 1507 3122 cur
1558 3055 1764 3118 talem
1810 3053 2180 3117 toleremus
2235 3051 2670 3129 anomaliam,
2712 3055 3072 3132 utramque
3102 3053 3570 3132 prmfationem
3605 3074 3730 3119 suo
3761 3057 3912 3122 loco

403 3167 717 3244 naturali,
788 3163 854 3226 id
913 3163 1041 3237 est,
1110 3156 1305 3220 initio
1364 3153 1616 3236 Operis,
1676 3149 1878 3232 primi
1935 3148 2320 3230 posuimus.
2383 3146 2633 3210 Eadem
2687 3165 2900 3228 prope
2961 3146 3133 3210 ratio
3192 3167 3322 3213 nos
3389 3150 3658 3232 impulit
3714 3157 3790 3216 ut
3845 3155 3916 3218 in

404 3276 669 3334 tomum
699 3242 996 3344 primum
1033 3253 1563 3318 transterremus
1612 3247 1781 3310 duas
1823 3245 1893 3309 D.
1946 3243 1991 3307 A

2373 3242 2586 3320 Vitas,
2641 3261 2931 3344 quarum
2977 3244 3163 3344 prior
3201 3263 3242 3306 a
3281 3243 3405 3309 PP.
3459 3245 3916 3312 Benedictinis

408 3365 490 3431 ad
531 3339 780 3426 calce—m
809 3354 978 3419 tomi
1009 3348 1276 3426 decimi,
1302 3345 1640 3429 posterior
1668 3360 1830 3408 vero
1861 3359 2083 3423 usque
2123 3341 2205 3404 ad
2246 3346 2508 3403 tomum
2548 3339 2990 3402 undecimum
3019 3341 3323 3421 relegata
3352 3346 3477 3405 est.
3515 3343 3726 3408 Nemo
3759 3346 3918 3409 infi-

408 3459 692 3528 ciabitur
719 3456 922 3518 hasce
954 3451 1309 3530 gestorum
1354 3440 1701 3523 scriptoris
1758 3438 2185 3502 narrationes
2228 3455 2382 3500 esse
2428 3437 2769 3518 quoddam
2817 3438 3234 3518 praefationis
3285 3456 3508 3518 genus
3550 3459 3630 3504 ea
3685 3448 3918 3508 mente

410 3558 828 3628 contextum,
881 3551 956 3610 ut
999 3543 1364 3624 anticipata
1421 3539 1764 3602 variarum
1817 3535 2481 3598 circumstantiarum
2525 3531 2976 3619 revelationeZ,
3036 3535 3325 3598 lectores
3382 3537 3465 3598 ad
3521 3537 3804 3602 intimos
3853 3544 3919 3603 et

411 3651 608 3738 quasi
659 3647 1099 3728 generatores
1164 3637 1388 3720 operis
1465 3652 1712 3700 sensus
1774 3636 1924 3738 jam
1972 3631 2556 3738 tuminiti’en‘tur.
2621 3630 2811 3692 Haud
2874 3630 3067 3694 aliter
3123 3633 3506 3696 sentiebant
3573 3634 3705 3716 ipsi
3786 3635 3913 3698 ΡΡ,

409 3722 850 3820 ﬁeliedictini,
905 3744 983 3802 ut
1017 3740 1355 3799 testantur
1374 3733 1594 3815 prima
1630 3731 1837 3794 verba
1878 3722 2907 3791 AdmonitionisCoufessionum
2934 3726 3124 3790 libris
3172 3730 3552 3810 praepositae
3597 3752 3612 3792 :
3667 3755 3695 3789 «
3757 3731 3920 3808 Qua;

417 3872 444 3906 ››
502 3861 732 3918 causa,
766 3836 1107 3918 inquiunt,
1141 3831 1300 3895 fecit
1329 3835 1404 3892 ut
1430 3827 1778 3911 scriptoris
1810 3828 2144 3907 cujusque
2173 3823 2324 3918 Vita
2357 3823 2747 3886 emittendis
2779 3824 2849 3886 in
2879 3824 3225 3906 publicum
3252 3829 3402 3908 ejus
3441 3827 3630 3890 libris
3664 3827 3921 3892 solem-

418 3968 447 4002 »
503 3942 576 4006 ni
595 3917 785 4003 more
818 3931 1309 4015 praeﬁgeretur,
1355 3925 1594 3991 eadem
1631 3923 1837 3987 etiam
1867 3921 2124 4003 primos
2155 3918 2224 3983 S.
2268 3917 2640 3999 Augustini
2686 3937 2972 4000 operum
3002 3920 3296 3984 editores
3335 3922 3515 3985 haud
3547 3922 3750 3986 dubie
3781 3943 3927 3990 mo-

420 4064 447 4097 υ
503 4037 626 4115 vit,
668 4039 745 4097 ut
783 4025 1260 4094 Confessiones
1291 4023 1508 4104 ipsius
1550 4020 1778 4083 statim
1825 4019 1983 4100 post
2034 4015 2632 4115 Petractationum-
2662 4015 2957 4080 libros...
3023 4017 3092 4078 in
3132 4022 3317 4115 tomo
3367 4019 3586 4100 primo
3641 4021 3923 4086 colloca-

422 4160 450 4196 »
505 4108 678 4199 rent.
714 4129 964 4213 Nempe
996 4121 1264 4186 interest
1277 4116 1656 4206 plurimum
1687 4124 1765 4213 ut
1791 4109 2082 4213 auctoris
2109 4109 2404 4213 genium,
2449 4108 2698 4213 studia,
2730 4131 2967 4192 mores,
2993 4109 3424 4199 probitatem,
3452 4111 3682 4201 ﬁdem,
3718 4113 3926 4183 αίίας-

420 4257 449 4292 ››
505 4247 631 4317 que
680 4205 895 4291 dotes-
915 4227 1299 4317 perspectas
1343 4212 1589 4317 habeat
1631 4209 1754 4317 qui
1803 4208 1947 4317 ejus
1991 4207 2239 4317 scripta
2299 4227 2460 4317 cum
2505 4205 2868 4317 uoluptate,
2935 4218 3076 4273 tum
3109 4210 3414 4297 profectu
3465 4209 3803 4299 perlegere
3860 4214 3927 4280 in

421 4353 449 4388 ››
507 4305 807 4391 animum
840 4305 1111 4383 inducit.
1170 4339 1199 4374 »
1261 4313 1423 4377 Post
1467 4310 1674 4374 talem
1719 4306 2270 4384 declarationem,
2324 4305 2596 4369 difﬁcile
2638 4306 3087 4387 intelligimus
3146 4311 3592 4390 quamobrem
3629 4315 3926 4394 propria;

419 4422 700 4490 editioni
726 4420 948 4484 Vitam
978 4415 1045 4480 S.
1081 4411 1385 4477 Doctoris
1425 4407 1549 4472 PP.
1583 4403 2002 4470 Benedictini
2030 4422 2170 4466 non
2194 4403 2633 4485 praeﬂxerint,
2667 4405 3054 4485 praesertim
3085 4423 3171 4468 ex
3203 4407 3522 4470 omnibus
3554 4411 3705 4489 ejus
3729 4411 3928 4492 scrip.

416 4522 504 4584 tis
537 4518 1031 4582 concinnatam.
1075 4508 1250 4573 Nulli
1290 4507 1503 4586 igitur
1531 4504 1900 4567 molestum
1933 4502 2078 4564 fore
2108 4505 2429 4582 putamus
2483 4501 2540 4562 si
2590 4500 2662 4562 in
2710 4500 2818 4563 his
2858 4506 2923 4564 et
2963 4501 3034 4564 in
3083 4503 3495 4584 quibusdam
3544 4505 3694 4568 aliis
3737 4510 3923 4588 ejus-

420 4618 882 4698 demnaturze,
920 4609 1038 4672 sed
1063 4602 1644 4690 perpaucissimis,
1679 4605 1746 4663 et
1789 4599 1870 4662 de
1901 4599 2151 4681 quibus
2197 4598 2414 4661 obiter
2465 4598 2927 4677 monebimus,
2985 4599 3506 4664 discesserimus
3541 4603 3624 4667 ab
3655 4603 3929 4687 inclytis

419 4695 728 4790 ducibus,
764 4724 1057 4792 quorum
1088 4702 1390 4785 alioquin
1428 4699 1723 4778 vestigia
1749 4716 1878 4761 nos
1908 4696 2232 4776 religiose
2271 4695 2544 4760 trivisse
2587 4695 2988 4775 gloriamur.

508 4855 587 4920 N.
622 4854 690 4919 B.
769 4857 832 4916 1ο
872 4844 1250 4914 Lectionum
1298 4839 1648 4934 varietates
1685 4858 1832 4926 qua:
1881 4839 2016 4934 PP.
2077 4832 2536 4934 Benedictiuos
2567 4835 2878 4934 primum
2928 4835 3333 4934 eﬂugerant,
3395 4837 3626 4920 textui,
3679 4850 3756 4904 ut
3804 4839 3932 4929 ipsi

417 4948 720 5026 suadent,
755 4943 1104 5033 aliquoties
1133 4930 1659 5016 interted'uimus,
1695 4932 1915 5024 priori
1936 4954 2165 4998 eorum
2205 4930 2476 4996 lectione
2505 4930 2678 4998 liisce
2709 4931 2966 4998 uncinis
2997 4939 3018 5014 [
3155 4939 3174 5014 ]
3203 4932 3492 5022 signata.

509 5091 586 5156 N.
641 5091 711 5155 B.
767 5095 833 5152 2°
869 5081 1067 5168 Quod
1095 5081 1156 5149 si
1198 5078 1466 5172 quando
1508 5089 1758 5145 textum
1807 5075 2072 5166 qualem
2112 5074 2431 5142 habemus
2473 5096 2518 5140 a
2559 5076 2699 5141 PP.
2750 5073 3186 5142 Benedictinis
3241 5031 3710 5142 concinnatum
3779 5086 3930 5142 tan-

425 5188 623 5276 tisper
653 5187 1008 5252 immutare
1039 5180 1246 5248 visum
1286 5191 1400 5260 est,
1428 5175 1784 5268 propriam
1816 5196 2047 5242 eorum
2087 5172 2425 5240 lectionem
2461 5173 2698 5262 ferunt
2739 5172 3198 5242 adnotationes
3235 5172 3412 5240 hisce
3449 5172 3676 5262 signis,
3715 5177 3792 5240 In
3821 5177 3926 5252 B.,

419 5281 760 5350 distincta.
947 5281 1031 5346 M.
1087 5279 1176 5364 (ί)

471 5457 541 5521 (t)
573 5457 929 5523 Quaecumque
959 5456 1053 5506 PP.
1085 5455 1546 5507 Benedictinorum
1582 5448 1803 5501 editioni
1833 5446 2206 5504 addiderimus,
2237 5445 2399 5496 hocce
2431 5445 2602 5510 signo.
2635 5445 2722 5506 M.,
2759 5443 3170 5507 distinguentur.
