  <div class='ocr_page' id='page_1' title='image "/cluster/home/n/w/nwhite01/storage/ocr_20150623/32/umn.31951002477326y/016.png"; bbox 0 0 4020 6362; ppageno 0'>
   <div class='ocr_carea' id='block_1_1' title="bbox 226 404 2147 420">
    <p class='ocr_par' dir='ltr' id='par_1_1' title="bbox 296 404 2147 417">
     <span class='ocr_line' id='line_1_1' title="bbox 296 404 2147 417; baseline -0.001 -3"><span class='ocrx_word' id='word_1_1' title='bbox 296 405 611 417; x_wconf 51' lang='lat' dir='ltr'><strong>M-</strong></span> <span class='ocrx_word' id='word_1_2' title='bbox 634 404 2147 414; x_wconf 39' lang='lat' dir='ltr'><strong>ﬁ—WWM</strong></span> 
     </span>
    </p>
   </div>
   <div class='ocr_carea' id='block_1_2' title="bbox 1282 618 2393 697">
    <p class='ocr_par' dir='ltr' id='par_1_2' title="bbox 1282 618 2393 697">
     <span class='ocr_line' id='line_1_2' title="bbox 1282 618 2393 697; baseline -0.003 0"><span class='ocrx_word' id='word_1_3' title='bbox 1282 618 1503 697; x_wconf 80' lang='lat' dir='ltr'><strong>REGI</strong></span> <span class='ocrx_word' id='word_1_4' title='bbox 1567 618 1936 697; x_wconf 77' lang='lat' dir='ltr'><strong>CHRISTI</strong></span> <span class='ocrx_word' id='word_1_5' title='bbox 1952 618 2252 696; x_wconf 85' lang='lat' dir='ltr'><strong>ANISSI</strong></span> <span class='ocrx_word' id='word_1_6' title='bbox 2265 618 2393 695; x_wconf 81' lang='lat' dir='ltr'>MO</span> 
     </span>
    </p>
   </div>
   <div class='ocr_carea' id='block_1_3' title="bbox 462 770 3197 1092">
    <p class='ocr_par' dir='ltr' id='par_1_3' title="bbox 462 770 3197 1092">
     <span class='ocr_line' id='line_1_3' title="bbox 462 770 3197 1092; baseline 0.003 -27"><span class='ocrx_word' id='word_1_7' title='bbox 462 839 1994 1092; x_wconf 85' lang='lat' dir='ltr'><strong>LUDOVICO</strong></span> <span class='ocrx_word' id='word_1_8' title='bbox 2144 847 3197 1073; x_wconf 81' lang='lat' dir='ltr'><strong>MAGNO</strong></span> 
     </span>
    </p>
   </div>
   <div class='ocr_carea' id='block_1_4' title="bbox 1038 1211 2614 1274">
    <p class='ocr_par' dir='ltr' id='par_1_4' title="bbox 1038 1211 2614 1274">
     <span class='ocr_line' id='line_1_4' title="bbox 1038 1211 2614 1274; baseline -0.002 -11"><span class='ocrx_word' id='word_1_9' title='bbox 1038 1212 1394 1274; x_wconf 81' lang='lat' dir='ltr'><strong>VICTORI,</strong></span> <span class='ocrx_word' id='word_1_10' title='bbox 1459 1212 2121 1271; x_wconf 78' lang='lat' dir='ltr'><strong>TRIUMPHATORI,</strong></span> <span class='ocrx_word' id='word_1_11' title='bbox 2197 1211 2614 1263; x_wconf 83' lang='lat' dir='ltr'><strong>PACIFICO.</strong></span> 
     </span>
    </p>
   </div>
   <div class='ocr_carea' id='block_1_5' title="bbox 1710 1379 1986 1388">
    <p class='ocr_par' dir='ltr' id='par_1_5' title="bbox 1710 1379 1986 1388">
     <span class='ocr_line' id='line_1_5' title="bbox 1710 1379 1986 1388; baseline 0.011 -3"><span class='ocrx_word' id='word_1_12' title='bbox 1710 1379 1986 1388; x_wconf 55' lang='grc' dir='ltr'><em>Ἦ</em></span> 
     </span>
    </p>
   </div>
   <div class='ocr_carea' id='block_1_6' title="bbox 163 1534 3573 1610">
    <p class='ocr_par' dir='ltr' id='par_1_6' title="bbox 163 1534 3573 1610">
     <span class='ocr_line' id='line_1_6' title="bbox 163 1534 3573 1610; baseline 0.001 -15"><span class='ocrx_word' id='word_1_13' title='bbox 163 1544 513 1601; x_wconf 74' lang='lat' dir='ltr'><strong>Acoesnxcn,</strong></span> <span class='ocrx_word' id='word_1_14' title='bbox 568 1534 824 1590; x_wconf 78' lang='lat' dir='ltr'><strong>Ecclesiae</strong></span> <span class='ocrx_word' id='word_1_15' title='bbox 880 1535 1075 1588; x_wconf 87' lang='lat' dir='ltr'><strong>lumen</strong></span> <span class='ocrx_word' id='word_1_16' title='bbox 1125 1539 1180 1589; x_wconf 89' lang='lat' dir='ltr'><strong>et</strong></span> <span class='ocrx_word' id='word_1_17' title='bbox 1233 1536 1549 1597; x_wconf 87' lang='lat' dir='ltr'><strong>oraculum,</strong></span> <span class='ocrx_word' id='word_1_18' title='bbox 1597 1537 1782 1592; x_wconf 83' lang='lat' dir='ltr'><strong>Caroli</strong></span> <span class='ocrx_word' id='word_1_19' title='bbox 1827 1538 2012 1610; x_wconf 85' lang='lat' dir='ltr'><strong>Magni</strong></span> <span class='ocrx_word' id='word_1_20' title='bbox 2069 1540 2360 1610; x_wconf 89' lang='lat' dir='ltr'><strong>quondam</strong></span> <span class='ocrx_word' id='word_1_21' title='bbox 2414 1540 2670 1606; x_wconf 81' lang='lat' dir='ltr'><strong>delicias,</strong></span> <span class='ocrx_word' id='word_1_22' title='bbox 2719 1543 2834 1596; x_wconf 88' lang='lat' dir='ltr'><strong>Rex</strong></span> <span class='ocrx_word' id='word_1_23' title='bbox 2880 1542 3385 1608; x_wconf 86' lang='lat' dir='ltr'><strong>Christianissime,</strong></span> <span class='ocrx_word' id='word_1_24' title='bbox 3432 1562 3573 1600; x_wconf 91' lang='lat' dir='ltr'><strong>novo</strong></span> 
     </span>
    </p>
   </div>
   <div class='ocr_carea' id='block_1_7' title="bbox 106 1622 3548 1698">
    <p class='ocr_par' dir='ltr' id='par_1_7' title="bbox 106 1622 3548 1698">
     <span class='ocr_line' id='line_1_7' title="bbox 106 1622 3548 1698; baseline 0.001 -16"><span class='ocrx_word' id='word_1_25' title='bbox 106 1630 259 1693; x_wconf 86' lang='lat' dir='ltr'><strong>cultu,</strong></span> <span class='ocrx_word' id='word_1_26' title='bbox 288 1624 556 1695; x_wconf 87' lang='lat' dir='ltr'><strong>novisque</strong></span> <span class='ocrx_word' id='word_1_27' title='bbox 586 1623 735 1694; x_wconf 82' lang='lat' dir='ltr'><strong>typis</strong></span> <span class='ocrx_word' id='word_1_28' title='bbox 766 1623 1108 1677; x_wconf 88' lang='lat' dir='ltr'><strong>adornatum</strong></span> <span class='ocrx_word' id='word_1_29' title='bbox 1136 1622 1242 1677; x_wconf 89' lang='lat' dir='ltr'><strong>tibi</strong></span> <span class='ocrx_word' id='word_1_30' title='bbox 1282 1623 1555 1692; x_wconf 86' lang='lat' dir='ltr'><strong>sistimus,</strong></span> <span class='ocrx_word' id='word_1_31' title='bbox 1587 1626 1691 1680; x_wconf 88' lang='lat' dir='ltr'><strong>sub</strong></span> <span class='ocrx_word' id='word_1_32' title='bbox 1725 1626 2065 1680; x_wconf 83' lang='lat' dir='ltr'><strong>immortalis</strong></span> <span class='ocrx_word' id='word_1_33' title='bbox 2096 1627 2342 1681; x_wconf 85' lang='lat' dir='ltr'><strong>nominis</strong></span> <span class='ocrx_word' id='word_1_34' title='bbox 2378 1627 2462 1681; x_wconf 91' lang='lat' dir='ltr'><strong>tui</strong></span> <span class='ocrx_word' id='word_1_35' title='bbox 2494 1627 2760 1698; x_wconf 65' lang='lat' dir='ltr'><strong>praesidio</strong></span> <span class='ocrx_word' id='word_1_36' title='bbox 2807 1629 3235 1686; x_wconf 76' lang='lat' dir='ltr'><strong>immortalitate</strong></span> <span class='ocrx_word' id='word_1_37' title='bbox 3267 1633 3442 1687; x_wconf 88' lang='lat' dir='ltr'><strong>altera</strong></span> <span class='ocrx_word' id='word_1_38' title='bbox 3475 1633 3548 1688; x_wconf 93' lang='lat' dir='ltr'><strong>do</strong></span> 
     </span>
    </p>
   </div>
   <div class='ocr_carea' id='block_1_8' title="bbox 101 1711 3585 1791">
    <p class='ocr_par' dir='ltr' id='par_1_8' title="bbox 101 1711 3585 1791">
     <span class='ocr_line' id='line_1_8' title="bbox 101 1711 3585 1791; baseline 0.001 -21"><span class='ocrx_word' id='word_1_39' title='bbox 101 1717 343 1771; x_wconf 84' lang='lat' dir='ltr'><strong>nandum.</strong></span> <span class='ocrx_word' id='word_1_40' title='bbox 371 1714 533 1767; x_wconf 87' lang='lat' dir='ltr'><strong>Hunc</strong></span> <span class='ocrx_word' id='word_1_41' title='bbox 563 1712 869 1782; x_wconf 82' lang='lat' dir='ltr'><strong>aliquando</strong></span> <span class='ocrx_word' id='word_1_42' title='bbox 902 1711 1130 1766; x_wconf 66' lang='lat' dir='ltr'><strong>Basileaa</strong></span> <span class='ocrx_word' id='word_1_43' title='bbox 1162 1712 1333 1765; x_wconf 88' lang='lat' dir='ltr'><strong>veluti</strong></span> <span class='ocrx_word' id='word_1_44' title='bbox 1364 1718 1755 1768; x_wconf 86' lang='lat' dir='ltr'><strong>renascentem</strong></span> <span class='ocrx_word' id='word_1_45' title='bbox 1786 1714 2086 1769; x_wconf 82' lang='lat' dir='ltr'><strong>Germania</strong></span> <span class='ocrx_word' id='word_1_46' title='bbox 2101 1714 2351 1785; x_wconf 85' lang='lat' dir='ltr'><strong>excepit;</strong></span> <span class='ocrx_word' id='word_1_47' title='bbox 2387 1715 2617 1769; x_wconf 87' lang='lat' dir='ltr'><strong>Lovanii</strong></span> <span class='ocrx_word' id='word_1_48' title='bbox 2646 1718 3022 1787; x_wconf 85' lang='lat' dir='ltr'><strong>recognitum.</strong></span> <span class='ocrx_word' id='word_1_49' title='bbox 3055 1723 3397 1791; x_wconf 90' lang='lat' dir='ltr'><strong>auctumque</strong></span> <span class='ocrx_word' id='word_1_50' title='bbox 3427 1720 3585 1774; x_wconf 89' lang='lat' dir='ltr'><strong>fovit</strong></span> 
     </span>
    </p>
   </div>
   <div class='ocr_carea' id='block_1_9' title="bbox 105 1798 3567 1874">
    <p class='ocr_par' dir='ltr' id='par_1_9' title="bbox 105 1798 3567 1874">
     <span class='ocr_line' id='line_1_9' title="bbox 105 1798 3567 1874; baseline 0.001 -16"><span class='ocrx_word' id='word_1_51' title='bbox 105 1803 356 1874; x_wconf 80' lang='lat' dir='ltr'><strong>Belgium;</strong></span> <span class='ocrx_word' id='word_1_52' title='bbox 388 1800 772 1871; x_wconf 79' lang='lat' dir='ltr'><strong>eamdemque</strong></span> <span class='ocrx_word' id='word_1_53' title='bbox 798 1798 1061 1869; x_wconf 76' lang='lat' dir='ltr'><strong>genuinze</strong></span> <span class='ocrx_word' id='word_1_54' title='bbox 1094 1802 1391 1870; x_wconf 84' lang='lat' dir='ltr'><strong>(quantum</strong></span> <span class='ocrx_word' id='word_1_55' title='bbox 1421 1800 1479 1854; x_wconf 93' lang='lat' dir='ltr'><strong>in</strong></span> <span class='ocrx_word' id='word_1_56' title='bbox 1508 1801 1671 1854; x_wconf 89' lang='lat' dir='ltr'><strong>nobis</strong></span> <span class='ocrx_word' id='word_1_57' title='bbox 1698 1800 1823 1872; x_wconf 79' lang='lat' dir='ltr'><strong>fuit)</strong></span> <span class='ocrx_word' id='word_1_58' title='bbox 1871 1802 2184 1873; x_wconf 80' lang='lat' dir='ltr'><strong>integritati</strong></span> <span class='ocrx_word' id='word_1_59' title='bbox 2212 1802 2540 1857; x_wconf 89' lang='lat' dir='ltr'><strong>restitutum</strong></span> <span class='ocrx_word' id='word_1_60' title='bbox 2583 1820 2732 1857; x_wconf 90' lang='lat' dir='ltr'><strong>nunc</strong></span> <span class='ocrx_word' id='word_1_61' title='bbox 2761 1805 2989 1859; x_wconf 89' lang='lat' dir='ltr'><strong>tandem</strong></span> <span class='ocrx_word' id='word_1_62' title='bbox 3013 1806 3344 1861; x_wconf 83' lang='lat' dir='ltr'><strong>exhibemus</strong></span> <span class='ocrx_word' id='word_1_63' title='bbox 3377 1825 3390 1861; x_wconf 92' lang='lat'><strong>:</strong></span> <span class='ocrx_word' id='word_1_64' title='bbox 3424 1808 3567 1862; x_wconf 90' lang='lat' dir='ltr'><strong>adeo</strong></span> 
     </span>
    </p>
   </div>
   <div class='ocr_carea' id='block_1_10' title="bbox 101 1887 3561 1962">
    <p class='ocr_par' dir='ltr' id='par_1_10' title="bbox 101 1887 3561 1962">
     <span class='ocr_line' id='line_1_10' title="bbox 101 1887 3561 1962; baseline 0.001 -17"><span class='ocrx_word' id='word_1_65' title='bbox 101 1898 149 1947; x_wconf 86' lang='lat' dir='ltr'><strong>ut</strong></span> <span class='ocrx_word' id='word_1_66' title='bbox 172 1890 368 1945; x_wconf 76' lang='lat' dir='ltr'><strong>collatis</strong></span> <span class='ocrx_word' id='word_1_67' title='bbox 404 1888 569 1960; x_wconf 90' lang='lat' dir='ltr'><strong>quasi</strong></span> <span class='ocrx_word' id='word_1_68' title='bbox 598 1888 843 1942; x_wconf 79' lang='lat' dir='ltr'><strong>dexteris</strong></span> <span class='ocrx_word' id='word_1_69' title='bbox 884 1891 941 1943; x_wconf 90' lang='lat' dir='ltr'><strong>et</strong></span> <span class='ocrx_word' id='word_1_70' title='bbox 990 1887 1211 1951; x_wconf 89' lang='lat' dir='ltr'><strong>ofﬁciis,</strong></span> <span class='ocrx_word' id='word_1_71' title='bbox 1246 1888 1430 1958; x_wconf 70' lang='lat' dir='ltr'><strong>Belgae</strong></span> <span class='ocrx_word' id='word_1_72' title='bbox 1461 1904 1589 1941; x_wconf 89' lang='lat' dir='ltr'><strong>cum</strong></span> <span class='ocrx_word' id='word_1_73' title='bbox 1621 1889 1935 1956; x_wconf 86' lang='lat' dir='ltr'><strong>Germanis,</strong></span> <span class='ocrx_word' id='word_1_74' title='bbox 1967 1906 2097 1945; x_wconf 90' lang='lat' dir='ltr'><strong>cum</strong></span> <span class='ocrx_word' id='word_1_75' title='bbox 2127 1890 2383 1961; x_wconf 89' lang='lat' dir='ltr'><strong>utrisque</strong></span> <span class='ocrx_word' id='word_1_76' title='bbox 2415 1890 2558 1946; x_wconf 87' lang='lat' dir='ltr'><strong>Galli</strong></span> <span class='ocrx_word' id='word_1_77' title='bbox 2587 1892 2658 1945; x_wconf 90' lang='lat' dir='ltr'><strong>ad</strong></span> <span class='ocrx_word' id='word_1_78' title='bbox 2690 1893 3101 1962; x_wconf 71' lang='lat' dir='ltr'><strong>perliciendum</strong></span> <span class='ocrx_word' id='word_1_79' title='bbox 3134 1910 3341 1948; x_wconf 89' lang='lat' dir='ltr'><strong>munus</strong></span> <span class='ocrx_word' id='word_1_80' title='bbox 3374 1896 3561 1950; x_wconf 88' lang='lat' dir='ltr'><strong>Ludo-</strong></span> 
     </span>
    </p>
   </div>
   <div class='ocr_carea' id='block_1_11' title="bbox 99 1975 3563 2054">
    <p class='ocr_par' dir='ltr' id='par_1_11' title="bbox 99 1975 3563 2054">
     <span class='ocr_line' id='line_1_11' title="bbox 99 1975 3563 2054; baseline 0.001 -22"><span class='ocrx_word' id='word_1_81' title='bbox 99 1982 196 2035; x_wconf 78' lang='lat' dir='ltr'><strong>vico</strong></span> <span class='ocrx_word' id='word_1_82' title='bbox 224 1980 409 2048; x_wconf 71' lang='lat' dir='ltr'><strong>Magno</strong></span> <span class='ocrx_word' id='word_1_83' title='bbox 437 1976 681 2047; x_wconf 89' lang='lat' dir='ltr'><strong>dignum</strong></span> <span class='ocrx_word' id='word_1_84' title='bbox 720 1979 1067 2046; x_wconf 83' lang='lat' dir='ltr'><strong>conspirasse</strong></span> <span class='ocrx_word' id='word_1_85' title='bbox 1094 1975 1407 2030; x_wconf 85' lang='lat' dir='ltr'><strong>videantur.</strong></span> <span class='ocrx_word' id='word_1_86' title='bbox 1443 1975 1724 2029; x_wconf 87' lang='lat' dir='ltr'><strong>Nimirum</strong></span> <span class='ocrx_word' id='word_1_87' title='bbox 1752 1976 1954 2031; x_wconf 86' lang='lat' dir='ltr'><strong>victori</strong></span> <span class='ocrx_word' id='word_1_88' title='bbox 1980 1994 2045 2031; x_wconf 90' lang='lat' dir='ltr'><strong>ac</strong></span> <span class='ocrx_word' id='word_1_89' title='bbox 2072 1977 2475 2048; x_wconf 86' lang='lat' dir='ltr'><strong>triumphatori</strong></span> <span class='ocrx_word' id='word_1_90' title='bbox 2500 1978 2870 2032; x_wconf 85' lang='lat' dir='ltr'><strong>conveniebat</strong></span> <span class='ocrx_word' id='word_1_91' title='bbox 2894 1983 2978 2033; x_wconf 91' lang='lat' dir='ltr'><strong>tot</strong></span> <span class='ocrx_word' id='word_1_92' title='bbox 3013 1984 3341 2050; x_wconf 89' lang='lat' dir='ltr'><strong>pacatorum</strong></span> <span class='ocrx_word' id='word_1_93' title='bbox 3372 1999 3563 2054; x_wconf 90' lang='lat' dir='ltr'><strong>popu-</strong></span> 
     </span>
    </p>
   </div>
   <div class='ocr_carea' id='block_1_12' title="bbox 100 2062 3560 2138">
    <p class='ocr_par' dir='ltr' id='par_1_12' title="bbox 100 2062 3560 2138">
     <span class='ocr_line' id='line_1_12' title="bbox 100 2062 3560 2138; baseline 0.001 -17"><span class='ocrx_word' id='word_1_94' title='bbox 100 2070 256 2121; x_wconf 88' lang='lat' dir='ltr'><strong>lorum</strong></span> <span class='ocrx_word' id='word_1_95' title='bbox 304 2080 607 2118; x_wconf 88' lang='lat' dir='ltr'><strong>commune</strong></span> <span class='ocrx_word' id='word_1_96' title='bbox 659 2063 765 2117; x_wconf 90' lang='lat' dir='ltr'><strong>hoc</strong></span> <span class='ocrx_word' id='word_1_97' title='bbox 803 2066 1273 2127; x_wconf 89' lang='lat' dir='ltr'><strong>monumentum;</strong></span> <span class='ocrx_word' id='word_1_98' title='bbox 1323 2062 1606 2134; x_wconf 87' lang='lat' dir='ltr'><strong>planeque</strong></span> <span class='ocrx_word' id='word_1_99' title='bbox 1650 2063 1904 2132; x_wconf 85' lang='lat' dir='ltr'><strong>decebat,</strong></span> <span class='ocrx_word' id='word_1_100' title='bbox 1957 2070 2017 2119; x_wconf 87' lang='lat' dir='ltr'><strong>ut</strong></span> <span class='ocrx_word' id='word_1_101' title='bbox 2061 2065 2443 2135; x_wconf 81' lang='lat' dir='ltr'><strong>Augustinum</strong></span> <span class='ocrx_word' id='word_1_102' title='bbox 2490 2065 2796 2135; x_wconf 89' lang='lat' dir='ltr'><strong>integrum,</strong></span> <span class='ocrx_word' id='word_1_103' title='bbox 2836 2083 3046 2137; x_wconf 87' lang='lat' dir='ltr'><strong>purum</strong></span> <span class='ocrx_word' id='word_1_104' title='bbox 3095 2072 3264 2138; x_wconf 90' lang='lat' dir='ltr'><strong>atque</strong></span> <span class='ocrx_word' id='word_1_105' title='bbox 3317 2073 3560 2135; x_wconf 88' lang='lat' dir='ltr'><strong>tersum,</strong></span> 
     </span>
    </p>
   </div>
   <div class='ocr_carea' id='block_1_13' title="bbox 102 2151 3561 2225">
    <p class='ocr_par' dir='ltr' id='par_1_13' title="bbox 102 2151 3561 2225">
     <span class='ocr_line' id='line_1_13' title="bbox 102 2151 3561 2225; baseline 0.001 -14"><span class='ocrx_word' id='word_1_106' title='bbox 102 2154 320 2211; x_wconf 69' lang='lat' dir='ltr'><strong>Ecclesiae</strong></span> <span class='ocrx_word' id='word_1_107' title='bbox 350 2154 637 2208; x_wconf 90' lang='lat' dir='ltr'><strong>doctorem</strong></span> <span class='ocrx_word' id='word_1_108' title='bbox 671 2152 1006 2215; x_wconf 83' lang='lat' dir='ltr'><strong>maximum,</strong></span> <span class='ocrx_word' id='word_1_109' title='bbox 1037 2156 1378 2222; x_wconf 88' lang='lat' dir='ltr'><strong>perpetuum</strong></span> <span class='ocrx_word' id='word_1_110' title='bbox 1407 2151 1808 2206; x_wconf 66' lang='lat' dir='ltr'><strong>haereticorum</strong></span> <span class='ocrx_word' id='word_1_111' title='bbox 1834 2154 2142 2225; x_wconf 84' lang='lat' dir='ltr'><strong>flagellum,</strong></span> <span class='ocrx_word' id='word_1_112' title='bbox 2176 2155 2394 2224; x_wconf 83' lang='lat' dir='ltr'><strong>Regum</strong></span> <span class='ocrx_word' id='word_1_113' title='bbox 2425 2154 2847 2224; x_wconf 84' lang='lat' dir='ltr'><strong>augustissimo,</strong></span> <span class='ocrx_word' id='word_1_114' title='bbox 2883 2155 3152 2222; x_wconf 87' lang='lat' dir='ltr'><strong>maximo,</strong></span> <span class='ocrx_word' id='word_1_115' title='bbox 3184 2157 3561 2213; x_wconf 83' lang='lat' dir='ltr'><strong>invictissime</strong></span> 
     </span>
    </p>
   </div>
   <div class='ocr_carea' id='block_1_14' title="bbox 101 2242 3487 2318">
    <p class='ocr_par' dir='ltr' id='par_1_14' title="bbox 101 2242 3487 2318">
     <span class='ocr_line' id='line_1_14' title="bbox 101 2242 3487 2318; baseline -0.004 -21"><span class='ocrx_word' id='word_1_116' title='bbox 101 2261 151 2297; x_wconf 86' lang='lat' dir='ltr'><strong>ac</strong></span> <span class='ocrx_word' id='word_1_117' title='bbox 175 2242 589 2314; x_wconf 85' lang='lat' dir='ltr'><strong>religiosissime</strong></span> <span class='ocrx_word' id='word_1_118' title='bbox 627 2256 1103 2295; x_wconf 89' lang='lat' dir='ltr'><strong>consecraremus.</strong></span> <span class='ocrx_word' id='word_1_119' title='bbox 3478 2310 3487 2318; x_wconf 39' lang='lat'><strong>.</strong></span> 
     </span>
    </p>
   </div>
   <div class='ocr_carea' id='block_1_15' title="bbox 160 2328 3573 2406">
    <p class='ocr_par' dir='ltr' id='par_1_15' title="bbox 160 2328 3573 2406">
     <span class='ocr_line' id='line_1_15' title="bbox 160 2328 3573 2406; baseline 0.002 -20"><span class='ocrx_word' id='word_1_120' title='bbox 160 2334 330 2403; x_wconf 81' lang='lat' dir='ltr'><strong>Neque</strong></span> <span class='ocrx_word' id='word_1_121' title='bbox 360 2347 494 2384; x_wconf 89' lang='lat' dir='ltr'><strong>vero</strong></span> <span class='ocrx_word' id='word_1_122' title='bbox 529 2330 598 2384; x_wconf 89' lang='lat' dir='ltr'><strong>de</strong></span> <span class='ocrx_word' id='word_1_123' title='bbox 626 2328 925 2399; x_wconf 81' lang='lat' dir='ltr'><strong>Majestatis</strong></span> <span class='ocrx_word' id='word_1_124' title='bbox 954 2335 1066 2383; x_wconf 65' lang='lat' dir='ltr'><strong>tua:</strong></span> <span class='ocrx_word' id='word_1_125' title='bbox 1096 2329 1305 2395; x_wconf 84' lang='lat' dir='ltr'><strong>favore,</strong></span> <span class='ocrx_word' id='word_1_126' title='bbox 1339 2330 1454 2383; x_wconf 84' lang='lat' dir='ltr'><strong>Rex</strong></span> <span class='ocrx_word' id='word_1_127' title='bbox 1494 2329 1926 2399; x_wconf 84' lang='lat' dir='ltr'><strong>Augustissime,</strong></span> <span class='ocrx_word' id='word_1_128' title='bbox 1958 2331 2217 2386; x_wconf 86' lang='lat' dir='ltr'><strong>dubitare</strong></span> <span class='ocrx_word' id='word_1_129' title='bbox 2258 2330 2422 2385; x_wconf 88' lang='lat' dir='ltr'><strong>nobis</strong></span> <span class='ocrx_word' id='word_1_130' title='bbox 2453 2331 2601 2391; x_wconf 77' lang='lat' dir='ltr'><strong>licet.</strong></span> <span class='ocrx_word' id='word_1_131' title='bbox 2645 2332 3107 2403; x_wconf 82' lang='lat' dir='ltr'><strong>quandoquidem</strong></span> <span class='ocrx_word' id='word_1_132' title='bbox 3153 2336 3573 2406; x_wconf 87' lang='lat' dir='ltr'><strong>amplissimum</strong></span> 
     </span>
    </p>
   </div>
   <div class='ocr_carea' id='block_1_16' title="bbox 101 2417 3570 2491">
    <p class='ocr_par' dir='ltr' id='par_1_16' title="bbox 101 2417 3570 2491">
     <span class='ocr_line' id='line_1_16' title="bbox 101 2417 3570 2491; baseline 0.002 -17"><span class='ocrx_word' id='word_1_133' title='bbox 101 2421 219 2474; x_wconf 90' lang='lat' dir='ltr'><strong>illud</strong></span> <span class='ocrx_word' id='word_1_134' title='bbox 253 2418 612 2491; x_wconf 78' lang='lat' dir='ltr'><strong>privilegium</strong></span> <span class='ocrx_word' id='word_1_135' title='bbox 659 2433 692 2471; x_wconf 91' lang='lat' dir='ltr'><strong>a</strong></span> <span class='ocrx_word' id='word_1_136' title='bbox 733 2417 915 2487; x_wconf 87' lang='lat' dir='ltr'><strong>teipse</strong></span> <span class='ocrx_word' id='word_1_137' title='bbox 954 2417 1118 2471; x_wconf 90' lang='lat' dir='ltr'><strong>nobis</strong></span> <span class='ocrx_word' id='word_1_138' title='bbox 1147 2433 1494 2482; x_wconf 89' lang='lat' dir='ltr'><strong>concessum,</strong></span> <span class='ocrx_word' id='word_1_139' title='bbox 1526 2417 1887 2486; x_wconf 87' lang='lat' dir='ltr'><strong>obsignatum</strong></span> <span class='ocrx_word' id='word_1_140' title='bbox 1933 2423 1983 2473; x_wconf 92' lang='lat' dir='ltr'><strong>el</strong></span> <span class='ocrx_word' id='word_1_141' title='bbox 2026 2424 2335 2483; x_wconf 88' lang='lat' dir='ltr'><strong>assertum;</strong></span> <span class='ocrx_word' id='word_1_142' title='bbox 2384 2418 2579 2488; x_wconf 85' lang='lat' dir='ltr'><strong>scripti</strong></span> <span class='ocrx_word' id='word_1_143' title='bbox 2609 2418 2832 2473; x_wconf 88' lang='lat' dir='ltr'><strong>codices</strong></span> <span class='ocrx_word' id='word_1_144' title='bbox 2861 2436 2890 2473; x_wconf 92' lang='lat' dir='ltr'><strong>e</strong></span> <span class='ocrx_word' id='word_1_145' title='bbox 2922 2420 3098 2491; x_wconf 86' lang='lat' dir='ltr'><strong>Regia</strong></span> <span class='ocrx_word' id='word_1_146' title='bbox 3131 2423 3484 2479; x_wconf 85' lang='lat' dir='ltr'><strong>Bibliotheca</strong></span> <span class='ocrx_word' id='word_1_147' title='bbox 3516 2430 3570 2479; x_wconf 88' lang='lat' dir='ltr'><strong>te</strong></span> 
     </span>
    </p>
   </div>
   <div class='ocr_carea' id='block_1_17' title="bbox 93 2506 3572 2582">
    <p class='ocr_par' dir='ltr' id='par_1_17' title="bbox 93 2506 3572 2582">
     <span class='ocr_line' id='line_1_17' title="bbox 93 2506 3572 2582; baseline 0.002 -22"><span class='ocrx_word' id='word_1_148' title='bbox 93 2510 297 2578; x_wconf 86' lang='lat' dir='ltr'><strong>jubente</strong></span> <span class='ocrx_word' id='word_1_149' title='bbox 325 2508 542 2562; x_wconf 80' lang='lat' dir='ltr'><strong>affatim</strong></span> <span class='ocrx_word' id='word_1_150' title='bbox 574 2507 952 2578; x_wconf 86' lang='lat' dir='ltr'><strong>suppeditati;</strong></span> <span class='ocrx_word' id='word_1_151' title='bbox 982 2506 1187 2561; x_wconf 63' lang='lat' dir='ltr'><strong>litteras</strong></span> <span class='ocrx_word' id='word_1_152' title='bbox 1216 2506 1289 2561; x_wconf 90' lang='lat' dir='ltr'><strong>ad</strong></span> <span class='ocrx_word' id='word_1_153' title='bbox 1314 2511 1536 2561; x_wconf 88' lang='lat' dir='ltr'><strong>exteros</strong></span> <span class='ocrx_word' id='word_1_154' title='bbox 1566 2506 1800 2560; x_wconf 89' lang='lat' dir='ltr'><strong>nomine</strong></span> <span class='ocrx_word' id='word_1_155' title='bbox 1825 2513 1927 2560; x_wconf 90' lang='lat' dir='ltr'><strong>tuo</strong></span> <span class='ocrx_word' id='word_1_156' title='bbox 1953 2508 2013 2561; x_wconf 92' lang='lat' dir='ltr'><strong>in</strong></span> <span class='ocrx_word' id='word_1_157' title='bbox 2042 2523 2166 2561; x_wconf 90' lang='lat' dir='ltr'><strong>rem</strong></span> <span class='ocrx_word' id='word_1_158' title='bbox 2186 2511 2439 2561; x_wconf 88' lang='lat' dir='ltr'><strong>nostram</strong></span> <span class='ocrx_word' id='word_1_159' title='bbox 2475 2506 2694 2573; x_wconf 71' lang='lat' dir='ltr'><strong>missm;</strong></span> <span class='ocrx_word' id='word_1_160' title='bbox 2720 2508 2788 2563; x_wconf 85' lang='lat' dir='ltr'><strong>ad</strong></span> <span class='ocrx_word' id='word_1_161' title='bbox 2812 2508 2931 2562; x_wconf 61' lang='lat' dir='ltr'><strong>haec</strong></span> <span class='ocrx_word' id='word_1_162' title='bbox 2952 2510 3258 2580; x_wconf 88' lang='lat' dir='ltr'><strong>Augustini</strong></span> <span class='ocrx_word' id='word_1_163' title='bbox 3281 2512 3572 2582; x_wconf 85' lang='lat' dir='ltr'><strong>meritum,</strong></span> 
     </span>
    </p>
   </div>
   <div class='ocr_carea' id='block_1_18' title="bbox 100 2594 3572 2667">
    <p class='ocr_par' dir='ltr' id='par_1_18' title="bbox 100 2594 3572 2667">
     <span class='ocr_line' id='line_1_18' title="bbox 100 2594 3572 2667; baseline 0.001 -16"><span class='ocrx_word' id='word_1_164' title='bbox 100 2600 225 2651; x_wconf 81' lang='lat' dir='ltr'><strong>fama</strong></span> <span class='ocrx_word' id='word_1_165' title='bbox 266 2600 319 2651; x_wconf 89' lang='lat' dir='ltr'><strong>et</strong></span> <span class='ocrx_word' id='word_1_166' title='bbox 363 2595 676 2650; x_wconf 85' lang='lat' dir='ltr'><strong>auctoritas</strong></span> <span class='ocrx_word' id='word_1_167' title='bbox 717 2594 1090 2649; x_wconf 86' lang='lat' dir='ltr'><strong>certissimam</strong></span> <span class='ocrx_word' id='word_1_168' title='bbox 1132 2612 1291 2666; x_wconf 88' lang='lat' dir='ltr'><strong>spem</strong></span> <span class='ocrx_word' id='word_1_169' title='bbox 1332 2595 1496 2649; x_wconf 89' lang='lat' dir='ltr'><strong>nobis</strong></span> <span class='ocrx_word' id='word_1_170' title='bbox 1526 2596 1816 2666; x_wconf 83' lang='lat' dir='ltr'><strong>ingerunt,</strong></span> <span class='ocrx_word' id='word_1_171' title='bbox 1848 2600 1902 2649; x_wconf 89' lang='lat' dir='ltr'><strong>te</strong></span> <span class='ocrx_word' id='word_1_172' title='bbox 1934 2595 2169 2665; x_wconf 78' lang='lat' dir='ltr'><strong>hujusce</strong></span> <span class='ocrx_word' id='word_1_173' title='bbox 2191 2596 2457 2651; x_wconf 88' lang='lat' dir='ltr'><strong>editionis</strong></span> <span class='ocrx_word' id='word_1_174' title='bbox 2500 2597 2804 2664; x_wconf 85' lang='lat' dir='ltr'><strong>fautorem,</strong></span> <span class='ocrx_word' id='word_1_175' title='bbox 2834 2601 3164 2667; x_wconf 90' lang='lat' dir='ltr'><strong>patronum,</strong></span> <span class='ocrx_word' id='word_1_176' title='bbox 3197 2615 3262 2653; x_wconf 90' lang='lat' dir='ltr'><strong>ac</strong></span> <span class='ocrx_word' id='word_1_177' title='bbox 3291 2599 3572 2655; x_wconf 86' lang='lat' dir='ltr'><strong>vindicem</strong></span> 
     </span>
    </p>
   </div>
   <div class='ocr_carea' id='block_1_19' title="bbox 103 2682 3569 2759">
    <p class='ocr_par' dir='ltr' id='par_1_19' title="bbox 103 2682 3569 2759">
     <span class='ocr_line' id='line_1_19' title="bbox 103 2682 3569 2759; baseline 0.001 -21"><span class='ocrx_word' id='word_1_178' title='bbox 103 2685 218 2738; x_wconf 85' lang='lat' dir='ltr'><strong>fore.</strong></span> <span class='ocrx_word' id='word_1_179' title='bbox 249 2684 552 2738; x_wconf 82' lang='lat' dir='ltr'><strong>Enimvero</strong></span> <span class='ocrx_word' id='word_1_180' title='bbox 583 2682 712 2753; x_wconf 89' lang='lat' dir='ltr'><strong>quis</strong></span> <span class='ocrx_word' id='word_1_181' title='bbox 740 2682 1017 2752; x_wconf 87' lang='lat' dir='ltr'><strong>Principis</strong></span> <span class='ocrx_word' id='word_1_182' title='bbox 1047 2682 1516 2737; x_wconf 85' lang='lat' dir='ltr'><strong>Christianissimi</strong></span> <span class='ocrx_word' id='word_1_183' title='bbox 1544 2682 1730 2737; x_wconf 90' lang='lat' dir='ltr'><strong>studio</strong></span> <span class='ocrx_word' id='word_1_184' title='bbox 1760 2687 1818 2736; x_wconf 90' lang='lat' dir='ltr'><strong>et</strong></span> <span class='ocrx_word' id='word_1_185' title='bbox 1856 2683 2275 2738; x_wconf 82' lang='lat' dir='ltr'><strong>existimatione</strong></span> <span class='ocrx_word' id='word_1_186' title='bbox 2307 2684 2537 2755; x_wconf 81' lang='lat' dir='ltr'><strong>dignior</strong></span> <span class='ocrx_word' id='word_1_187' title='bbox 2565 2685 2902 2755; x_wconf 88' lang='lat' dir='ltr'><strong>Augustino,</strong></span> <span class='ocrx_word' id='word_1_188' title='bbox 2945 2702 3116 2756; x_wconf 86' lang='lat' dir='ltr'><strong>quem</strong></span> <span class='ocrx_word' id='word_1_189' title='bbox 3157 2687 3534 2759; x_wconf 83' lang='lat' dir='ltr'><strong>Hieronymus</strong></span> <span class='ocrx_word' id='word_1_190' title='bbox 3556 2735 3569 2754; x_wconf 86' lang='lat'><strong>,</strong></span> 
     </span>
    </p>
   </div>
   <div class='ocr_carea' id='block_1_20' title="bbox 103 2770 3571 2845">
    <p class='ocr_par' dir='ltr' id='par_1_20' title="bbox 103 2770 3571 2845">
     <span class='ocr_line' id='line_1_20' title="bbox 103 2770 3571 2845; baseline 0.002 -19"><span class='ocrx_word' id='word_1_191' title='bbox 103 2778 147 2826; x_wconf 82' lang='lat' dir='ltr'><strong>et</strong></span> <span class='ocrx_word' id='word_1_192' title='bbox 170 2772 248 2826; x_wconf 84' lang='lat' dir='ltr'><strong>sui</strong></span> <span class='ocrx_word' id='word_1_193' title='bbox 275 2771 551 2843; x_wconf 89' lang='lat' dir='ltr'><strong>temporis</strong></span> <span class='ocrx_word' id='word_1_194' title='bbox 581 2789 708 2826; x_wconf 88' lang='lat' dir='ltr'><strong>cum</strong></span> <span class='ocrx_word' id='word_1_195' title='bbox 741 2788 809 2825; x_wconf 91' lang='lat' dir='ltr'><strong>eo</strong></span> <span class='ocrx_word' id='word_1_196' title='bbox 836 2770 1129 2837; x_wconf 86' lang='lat' dir='ltr'><strong>Catholici,</strong></span> <span class='ocrx_word' id='word_1_197' title='bbox 1162 2772 1314 2825; x_wconf 89' lang='lat' dir='ltr'><strong>velut</strong></span> <span class='ocrx_word' id='word_1_198' title='bbox 1336 2772 1576 2840; x_wconf 61' lang='lat' dir='ltr'><strong>antique</strong></span> <span class='ocrx_word' id='word_1_199' title='bbox 1601 2786 1821 2845; x_wconf 67' lang='lat' dir='ltr'><strong>rursum</strong></span> <span class='ocrx_word' id='word_1_200' title='bbox 1847 2771 1977 2840; x_wconf 79' lang='lat' dir='ltr'><strong>fidei</strong></span> <span class='ocrx_word' id='word_1_201' title='bbox 2001 2773 2327 2827; x_wconf 77' lang='lat' dir='ltr'><strong>conditorem</strong></span> <span class='ocrx_word' id='word_1_202' title='bbox 2365 2779 2715 2843; x_wconf 75' lang='lat' dir='ltr'><strong>suspexere?</strong></span> <span class='ocrx_word' id='word_1_203' title='bbox 2746 2775 2869 2844; x_wconf 89' lang='lat' dir='ltr'><strong>Ipse</strong></span> <span class='ocrx_word' id='word_1_204' title='bbox 2901 2780 2985 2828; x_wconf 88' lang='lat' dir='ltr'><strong>est</strong></span> <span class='ocrx_word' id='word_1_205' title='bbox 3025 2776 3332 2830; x_wconf 89' lang='lat' dir='ltr'><strong>Doctorum</strong></span> <span class='ocrx_word' id='word_1_206' title='bbox 3356 2778 3571 2840; x_wconf 88' lang='lat' dir='ltr'><strong>lumen,</strong></span> 
     </span>
    </p>
   </div>
   <div class='ocr_carea' id='block_1_21' title="bbox 100 2859 3571 2936">
    <p class='ocr_par' dir='ltr' id='par_1_21' title="bbox 100 2859 3571 2936">
     <span class='ocr_line' id='line_1_21' title="bbox 100 2859 3571 2936; baseline 0.002 -21"><span class='ocrx_word' id='word_1_207' title='bbox 100 2861 452 2933; x_wconf 85' lang='lat' dir='ltr'><strong>antiquiorum</strong></span> <span class='ocrx_word' id='word_1_208' title='bbox 496 2862 733 2915; x_wconf 86' lang='lat' dir='ltr'><strong>Patrum</strong></span> <span class='ocrx_word' id='word_1_209' title='bbox 771 2859 1093 2914; x_wconf 86' lang='lat' dir='ltr'><strong>humilitate</strong></span> <span class='ocrx_word' id='word_1_210' title='bbox 1130 2875 1195 2913; x_wconf 89' lang='lat' dir='ltr'><strong>ac</strong></span> <span class='ocrx_word' id='word_1_211' title='bbox 1235 2859 1508 2930; x_wconf 87' lang='lat' dir='ltr'><strong>religione</strong></span> <span class='ocrx_word' id='word_1_212' title='bbox 1556 2859 1885 2930; x_wconf 89' lang='lat' dir='ltr'><strong>discipulus,</strong></span> <span class='ocrx_word' id='word_1_213' title='bbox 1932 2861 2237 2931; x_wconf 67' lang='lat' dir='ltr'><strong>aequalium</strong></span> <span class='ocrx_word' id='word_1_214' title='bbox 2283 2861 2539 2915; x_wconf 88' lang='lat' dir='ltr'><strong>doctrina</strong></span> <span class='ocrx_word' id='word_1_215' title='bbox 2568 2862 2730 2915; x_wconf 85' lang='lat' dir='ltr'><strong>facile</strong></span> <span class='ocrx_word' id='word_1_216' title='bbox 2769 2862 3057 2934; x_wconf 85' lang='lat' dir='ltr'><strong>princeps,</strong></span> <span class='ocrx_word' id='word_1_217' title='bbox 3100 2864 3571 2936; x_wconf 89' lang='lat' dir='ltr'><strong>subsequentium</strong></span> 
     </span>
    </p>
   </div>
   <div class='ocr_carea' id='block_1_22' title="bbox 102 2947 3573 3019">
    <p class='ocr_par' dir='ltr' id='par_1_22' title="bbox 102 2947 3573 3019">
     <span class='ocr_line' id='line_1_22' title="bbox 102 2947 3573 3019; baseline 0.002 -16"><span class='ocrx_word' id='word_1_218' title='bbox 102 2950 195 3003; x_wconf 81' lang='lat' dir='ltr'><strong>dux</strong></span> <span class='ocrx_word' id='word_1_219' title='bbox 222 2965 279 3003; x_wconf 85' lang='lat' dir='ltr'><strong>ex</strong></span> <span class='ocrx_word' id='word_1_220' title='bbox 312 2948 591 3019; x_wconf 82' lang='lat' dir='ltr'><strong>magister</strong></span> <span class='ocrx_word' id='word_1_221' title='bbox 633 2964 647 3002; x_wconf 93' lang='lat'><strong>:</strong></span> <span class='ocrx_word' id='word_1_222' title='bbox 681 2964 854 3019; x_wconf 90' lang='lat' dir='ltr'><strong>quem</strong></span> <span class='ocrx_word' id='word_1_223' title='bbox 889 2948 1168 3001; x_wconf 86' lang='lat' dir='ltr'><strong>viventem</strong></span> <span class='ocrx_word' id='word_1_224' title='bbox 1206 2947 1454 3002; x_wconf 86' lang='lat' dir='ltr'><strong>Africani</strong></span> <span class='ocrx_word' id='word_1_225' title='bbox 1492 2949 1684 3001; x_wconf 86' lang='lat' dir='ltr'><strong>Patres</strong></span> <span class='ocrx_word' id='word_1_226' title='bbox 1723 2947 1810 3000; x_wconf 88' lang='lat' dir='ltr'><strong>uti</strong></span> <span class='ocrx_word' id='word_1_227' title='bbox 1847 2948 2091 3018; x_wconf 86' lang='lat' dir='ltr'><strong>Spiritus</strong></span> <span class='ocrx_word' id='word_1_228' title='bbox 2132 2948 2310 3001; x_wconf 90' lang='lat' dir='ltr'><strong>sancti</strong></span> <span class='ocrx_word' id='word_1_229' title='bbox 2355 2949 2728 3018; x_wconf 86' lang='lat' dir='ltr'><strong>interpretem</strong></span> <span class='ocrx_word' id='word_1_230' title='bbox 2767 2950 2946 3003; x_wconf 91' lang='lat' dir='ltr'><strong>secuti</strong></span> <span class='ocrx_word' id='word_1_231' title='bbox 2984 2956 3117 3004; x_wconf 89' lang='lat' dir='ltr'><strong>sunt</strong></span> <span class='ocrx_word' id='word_1_232' title='bbox 3159 2952 3217 3006; x_wconf 92' lang='lat' dir='ltr'><strong>in</strong></span> <span class='ocrx_word' id='word_1_233' title='bbox 3258 2954 3573 3008; x_wconf 86' lang='lat' dir='ltr'><strong>condendis</strong></span> 
     </span>
    </p>
   </div>
   <div class='ocr_carea' id='block_1_23' title="bbox 101 3035 3571 3109">
    <p class='ocr_par' dir='ltr' id='par_1_23' title="bbox 101 3035 3571 3109">
     <span class='ocr_line' id='line_1_23' title="bbox 101 3035 3571 3109; baseline 0.002 -19"><span class='ocrx_word' id='word_1_234' title='bbox 101 3037 439 3092; x_wconf 86' lang='lat' dir='ltr'><strong>sanctioribns</strong></span> <span class='ocrx_word' id='word_1_235' title='bbox 470 3036 737 3091; x_wconf 67' lang='lat' dir='ltr'><strong>Ecclesiae</strong></span> <span class='ocrx_word' id='word_1_236' title='bbox 768 3036 1000 3106; x_wconf 87' lang='lat' dir='ltr'><strong>regulis,</strong></span> <span class='ocrx_word' id='word_1_237' title='bbox 1030 3040 1331 3089; x_wconf 82' lang='lat' dir='ltr'><strong>veneratus</strong></span> <span class='ocrx_word' id='word_1_238' title='bbox 1361 3040 1447 3090; x_wconf 88' lang='lat' dir='ltr'><strong>est</strong></span> <span class='ocrx_word' id='word_1_239' title='bbox 1478 3036 1628 3089; x_wconf 90' lang='lat' dir='ltr'><strong>inter</strong></span> <span class='ocrx_word' id='word_1_240' title='bbox 1656 3035 1961 3090; x_wconf 88' lang='lat' dir='ltr'><strong>Pontiﬁces</strong></span> <span class='ocrx_word' id='word_1_241' title='bbox 1998 3036 2272 3089; x_wconf 86' lang='lat' dir='ltr'><strong>maximos</strong></span> <span class='ocrx_word' id='word_1_242' title='bbox 2304 3036 2665 3090; x_wconf 84' lang='lat' dir='ltr'><strong>Innocentius</strong></span> <span class='ocrx_word' id='word_1_243' title='bbox 2704 3037 2746 3103; x_wconf 86' lang='grc' dir='ltr'>Ι,</span> <span class='ocrx_word' id='word_1_244' title='bbox 2778 3037 2984 3091; x_wconf 89' lang='lat' dir='ltr'><strong>litteris</strong></span> <span class='ocrx_word' id='word_1_245' title='bbox 3023 3038 3242 3109; x_wconf 89' lang='lat' dir='ltr'><strong>dignati</strong></span> <span class='ocrx_word' id='word_1_246' title='bbox 3292 3042 3571 3096; x_wconf 81' lang='lat' dir='ltr'><strong>[Ionoriiis</strong></span> 
     </span>
    </p>
   </div>
   <div class='ocr_carea' id='block_1_24' title="bbox 100 3124 3571 3198">
    <p class='ocr_par' dir='ltr' id='par_1_24' title="bbox 100 3124 3571 3198">
     <span class='ocr_line' id='line_1_24' title="bbox 100 3124 3571 3198; baseline 0 -16"><span class='ocrx_word' id='word_1_247' title='bbox 100 3133 145 3181; x_wconf 86' lang='lat' dir='ltr'><strong>et</strong></span> <span class='ocrx_word' id='word_1_248' title='bbox 181 3128 517 3182; x_wconf 86' lang='lat' dir='ltr'><strong>Theodosius</strong></span> <span class='ocrx_word' id='word_1_249' title='bbox 573 3129 947 3197; x_wconf 86' lang='lat' dir='ltr'><strong>Imperatores</strong></span> <span class='ocrx_word' id='word_1_250' title='bbox 999 3126 1240 3196; x_wconf 85' lang='lat' dir='ltr'><strong>Augusti</strong></span> <span class='ocrx_word' id='word_1_251' title='bbox 1300 3142 1312 3179; x_wconf 91' lang='lat'>:</span> <span class='ocrx_word' id='word_1_252' title='bbox 1366 3125 1527 3195; x_wconf 86' lang='lat' dir='ltr'><strong>cujus</strong></span> <span class='ocrx_word' id='word_1_253' title='bbox 1572 3124 1784 3179; x_wconf 88' lang='lat' dir='ltr'><strong>mortui</strong></span> <span class='ocrx_word' id='word_1_254' title='bbox 1829 3125 2146 3178; x_wconf 89' lang='lat' dir='ltr'><strong>doctrinam</strong></span> <span class='ocrx_word' id='word_1_255' title='bbox 2191 3124 2448 3190; x_wconf 89' lang='lat' dir='ltr'><strong>concilia,</strong></span> <span class='ocrx_word' id='word_1_256' title='bbox 2507 3126 2845 3180; x_wconf 90' lang='lat' dir='ltr'><strong>sanctissimi</strong></span> <span class='ocrx_word' id='word_1_257' title='bbox 2888 3126 3101 3198; x_wconf 87' lang='lat' dir='ltr'><strong>quique</strong></span> <span class='ocrx_word' id='word_1_258' title='bbox 3155 3127 3449 3198; x_wconf 88' lang='lat' dir='ltr'><strong>pontiﬁces</strong></span> <span class='ocrx_word' id='word_1_259' title='bbox 3515 3133 3571 3182; x_wconf 88' lang='lat' dir='ltr'><strong>et</strong></span> 
     </span>
    </p>
   </div>
   <div class='ocr_carea' id='block_1_25' title="bbox 98 3212 2991 3287">
    <p class='ocr_par' dir='ltr' id='par_1_25' title="bbox 98 3212 2991 3287">
     <span class='ocr_line' id='line_1_25' title="bbox 98 3212 2991 3287; baseline 0 -19"><span class='ocrx_word' id='word_1_260' title='bbox 98 3216 339 3287; x_wconf 87' lang='lat' dir='ltr'><strong>episcopi,</strong></span> <span class='ocrx_word' id='word_1_261' title='bbox 372 3216 711 3271; x_wconf 69' lang='lat' dir='ltr'><strong>Caelestinus</strong></span> <span class='ocrx_word' id='word_1_262' title='bbox 740 3232 890 3285; x_wconf 89' lang='lat' dir='ltr'><strong>papa</strong></span> <span class='ocrx_word' id='word_1_263' title='bbox 918 3231 1044 3267; x_wconf 90' lang='lat' dir='ltr'><strong>cum</strong></span> <span class='ocrx_word' id='word_1_264' title='bbox 1077 3212 1276 3285; x_wconf 90' lang='lat' dir='ltr'><strong>primis</strong></span> <span class='ocrx_word' id='word_1_265' title='bbox 1305 3219 1361 3267; x_wconf 87' lang='lat' dir='ltr'><strong>et</strong></span> <span class='ocrx_word' id='word_1_266' title='bbox 1390 3212 1696 3282; x_wconf 86' lang='lat' dir='ltr'><strong>Gregorius</strong></span> <span class='ocrx_word' id='word_1_267' title='bbox 1720 3214 1953 3282; x_wconf 85' lang='lat' dir='ltr'><strong>Magnus</strong></span> <span class='ocrx_word' id='word_1_268' title='bbox 1990 3212 2559 3267; x_wconf 84' lang='lat' dir='ltr'><strong>honoriﬁcentissime</strong></span> <span class='ocrx_word' id='word_1_269' title='bbox 2590 3214 2991 3284; x_wconf 69' lang='lat' dir='ltr'><strong>praedicarunt.</strong></span> 
     </span>
    </p>
   </div>
   <div class='ocr_carea' id='block_1_26' title="bbox 156 3302 3567 3377">
    <p class='ocr_par' dir='ltr' id='par_1_26' title="bbox 156 3302 3567 3377">
     <span class='ocr_line' id='line_1_26' title="bbox 156 3302 3567 3377; baseline 0.001 -19"><span class='ocrx_word' id='word_1_270' title='bbox 156 3305 300 3359; x_wconf 75' lang='lat' dir='ltr'><strong>Nefas</strong></span> <span class='ocrx_word' id='word_1_271' title='bbox 346 3305 417 3359; x_wconf 90' lang='lat' dir='ltr'><strong>sit</strong></span> <span class='ocrx_word' id='word_1_272' title='bbox 468 3305 583 3359; x_wconf 84' lang='lat' dir='ltr'><strong>hoc</strong></span> <span class='ocrx_word' id='word_1_273' title='bbox 633 3305 757 3359; x_wconf 92' lang='lat' dir='ltr'><strong>loco</strong></span> <span class='ocrx_word' id='word_1_274' title='bbox 804 3304 1097 3374; x_wconf 64' lang='lat' dir='ltr'><strong>praeterire</strong></span> <span class='ocrx_word' id='word_1_275' title='bbox 1143 3302 1655 3357; x_wconf 88' lang='lat' dir='ltr'><strong>Christianissimos</strong></span> <span class='ocrx_word' id='word_1_276' title='bbox 1705 3303 2051 3356; x_wconf 85' lang='lat' dir='ltr'><strong>Francorum</strong></span> <span class='ocrx_word' id='word_1_277' title='bbox 2107 3304 2305 3371; x_wconf 82' lang='lat' dir='ltr'><strong>Reges,</strong></span> <span class='ocrx_word' id='word_1_278' title='bbox 2356 3308 2742 3357; x_wconf 88' lang='lat' dir='ltr'><strong>antecessores</strong></span> <span class='ocrx_word' id='word_1_279' title='bbox 2784 3308 2942 3370; x_wconf 88' lang='lat' dir='ltr'><strong>tuos,</strong></span> <span class='ocrx_word' id='word_1_280' title='bbox 2992 3303 3230 3359; x_wconf 82' lang='lat' dir='ltr'><strong>Maxime</strong></span> <span class='ocrx_word' id='word_1_281' title='bbox 3279 3304 3567 3377; x_wconf 73' lang='lat' dir='ltr'><strong>Princeps,</strong></span> 
     </span>
    </p>
   </div>
   <div class='ocr_carea' id='block_1_27' title="bbox 97 3390 3570 3464">
    <p class='ocr_par' dir='ltr' id='par_1_27' title="bbox 97 3390 3570 3464">
     <span class='ocr_line' id='line_1_27' title="bbox 97 3390 3570 3464; baseline 0.001 -19"><span class='ocrx_word' id='word_1_282' title='bbox 97 3409 309 3461; x_wconf 85' lang='lat' dir='ltr'><strong>quorum</strong></span> <span class='ocrx_word' id='word_1_283' title='bbox 338 3410 453 3448; x_wconf 91' lang='lat' dir='ltr'><strong>non</strong></span> <span class='ocrx_word' id='word_1_284' title='bbox 485 3393 681 3462; x_wconf 89' lang='lat' dir='ltr'><strong>impar</strong></span> <span class='ocrx_word' id='word_1_285' title='bbox 704 3391 917 3446; x_wconf 85' lang='lat' dir='ltr'><strong>exstilit</strong></span> <span class='ocrx_word' id='word_1_286' title='bbox 950 3390 1009 3444; x_wconf 91' lang='lat' dir='ltr'><strong>in</strong></span> <span class='ocrx_word' id='word_1_287' title='bbox 1048 3395 1272 3445; x_wconf 89' lang='lat' dir='ltr'><strong>tantum</strong></span> <span class='ocrx_word' id='word_1_288' title='bbox 1312 3391 1497 3444; x_wconf 84' lang='lat' dir='ltr'><strong>virum</strong></span> <span class='ocrx_word' id='word_1_289' title='bbox 1538 3390 1915 3444; x_wconf 83' lang='lat' dir='ltr'><strong>observantia.</strong></span> <span class='ocrx_word' id='word_1_290' title='bbox 1959 3390 2095 3444; x_wconf 84' lang='lat' dir='ltr'><strong>Inde</strong></span> <span class='ocrx_word' id='word_1_291' title='bbox 2140 3395 2244 3455; x_wconf 86' lang='lat' dir='ltr'><strong>est,</strong></span> <span class='ocrx_word' id='word_1_292' title='bbox 2277 3391 2431 3461; x_wconf 90' lang='lat' dir='ltr'><strong>quod</strong></span> <span class='ocrx_word' id='word_1_293' title='bbox 2479 3407 2607 3445; x_wconf 90' lang='lat' dir='ltr'><strong>cum</strong></span> <span class='ocrx_word' id='word_1_294' title='bbox 2652 3409 2860 3446; x_wconf 87' lang='lat' dir='ltr'><strong>munus</strong></span> <span class='ocrx_word' id='word_1_295' title='bbox 2906 3393 3062 3463; x_wconf 87' lang='lat' dir='ltr'><strong>regia</strong></span> <span class='ocrx_word' id='word_1_296' title='bbox 3092 3394 3383 3464; x_wconf 87' lang='lat' dir='ltr'><strong>majestate</strong></span> <span class='ocrx_word' id='word_1_297' title='bbox 3417 3394 3570 3449; x_wconf 88' lang='lat' dir='ltr'><strong>haud</strong></span> 
     </span>
    </p>
   </div>
   <div class='ocr_carea' id='block_1_28' title="bbox 98 3476 3570 3551">
    <p class='ocr_par' dir='ltr' id='par_1_28' title="bbox 98 3476 3570 3551">
     <span class='ocr_line' id='line_1_28' title="bbox 98 3476 3570 3551; baseline 0.001 -20"><span class='ocrx_word' id='word_1_298' title='bbox 98 3480 363 3551; x_wconf 85' lang='lat' dir='ltr'><strong>indignum</strong></span> <span class='ocrx_word' id='word_1_299' title='bbox 390 3479 725 3551; x_wconf 83' lang='lat' dir='ltr'><strong>exquireret</strong></span> <span class='ocrx_word' id='word_1_300' title='bbox 763 3477 1133 3549; x_wconf 72' lang='lat' dir='ltr'><strong>Engelbertus</strong></span> <span class='ocrx_word' id='word_1_301' title='bbox 1163 3476 1514 3531; x_wconf 88' lang='lat' dir='ltr'><strong>Corbeiensis</strong></span> <span class='ocrx_word' id='word_1_302' title='bbox 1550 3477 1755 3545; x_wconf 89' lang='lat' dir='ltr'><strong>Abbas,</strong></span> <span class='ocrx_word' id='word_1_303' title='bbox 1788 3493 1901 3531; x_wconf 91' lang='lat' dir='ltr'><strong>non</strong></span> <span class='ocrx_word' id='word_1_304' title='bbox 1932 3477 2088 3531; x_wconf 89' lang='lat' dir='ltr'><strong>aliud</strong></span> <span class='ocrx_word' id='word_1_305' title='bbox 2118 3477 2396 3532; x_wconf 88' lang='lat' dir='ltr'><strong>Ludovico</strong></span> <span class='ocrx_word' id='word_1_306' title='bbox 2438 3478 2578 3549; x_wconf 89' lang='lat' dir='ltr'><strong>Regi</strong></span> <span class='ocrx_word' id='word_1_307' title='bbox 2609 3479 2790 3549; x_wconf 89' lang='lat' dir='ltr'><strong>magis</strong></span> <span class='ocrx_word' id='word_1_308' title='bbox 2819 3485 3137 3549; x_wconf 87' lang='lat' dir='ltr'><strong>acceptum,</strong></span> <span class='ocrx_word' id='word_1_309' title='bbox 3169 3497 3343 3551; x_wconf 86' lang='lat' dir='ltr'><strong>quam</strong></span> <span class='ocrx_word' id='word_1_310' title='bbox 3373 3484 3570 3550; x_wconf 82' lang='lat' dir='ltr'><strong>Augu-</strong></span> 
     </span>
    </p>
   </div>
   <div class='ocr_carea' id='block_1_29' title="bbox 95 3564 3571 3637">
    <p class='ocr_par' dir='ltr' id='par_1_29' title="bbox 95 3564 3571 3637">
     <span class='ocr_line' id='line_1_29' title="bbox 95 3564 3571 3637; baseline 0.001 -17"><span class='ocrx_word' id='word_1_311' title='bbox 95 3568 206 3622; x_wconf 87' lang='lat' dir='ltr'><strong>stini</strong></span> <span class='ocrx_word' id='word_1_312' title='bbox 250 3569 317 3624; x_wconf 89' lang='lat' dir='ltr'><strong>de</strong></span> <span class='ocrx_word' id='word_1_313' title='bbox 359 3568 640 3624; x_wconf 90' lang='lat' dir='ltr'><strong>Doctrina</strong></span> <span class='ocrx_word' id='word_1_314' title='bbox 679 3567 995 3622; x_wconf 77' lang='lat' dir='ltr'><strong>Christiana</strong></span> <span class='ocrx_word' id='word_1_315' title='bbox 1042 3566 1214 3620; x_wconf 90' lang='lat' dir='ltr'><strong>libros</strong></span> <span class='ocrx_word' id='word_1_316' title='bbox 1262 3565 1607 3620; x_wconf 79' lang='lat' dir='ltr'><strong>existimavit</strong></span> <span class='ocrx_word' id='word_1_317' title='bbox 1646 3583 1659 3621; x_wconf 90' lang='lat'><strong>:</strong></span> <span class='ocrx_word' id='word_1_318' title='bbox 1692 3570 1747 3619; x_wconf 90' lang='lat' dir='ltr'><strong>et</strong></span> <span class='ocrx_word' id='word_1_319' title='bbox 1785 3565 2017 3619; x_wconf 90' lang='lat' dir='ltr'><strong>Carolus</strong></span> <span class='ocrx_word' id='word_1_320' title='bbox 2052 3566 2114 3631; x_wconf 89' lang='lat' dir='ltr'><strong>V,</strong></span> <span class='ocrx_word' id='word_1_321' title='bbox 2158 3571 2537 3635; x_wconf 83' lang='lat' dir='ltr'><strong>cognomento</strong></span> <span class='ocrx_word' id='word_1_322' title='bbox 2582 3564 2840 3637; x_wconf 82' lang='lat' dir='ltr'><strong>Sapiens,</strong></span> <span class='ocrx_word' id='word_1_323' title='bbox 2881 3568 3054 3623; x_wconf 91' lang='lat' dir='ltr'><strong>libros</strong></span> <span class='ocrx_word' id='word_1_324' title='bbox 3094 3568 3162 3622; x_wconf 88' lang='lat' dir='ltr'><strong>de</strong></span> <span class='ocrx_word' id='word_1_325' title='bbox 3205 3568 3438 3623; x_wconf 83' lang='lat' dir='ltr'><strong>Civitate</strong></span> <span class='ocrx_word' id='word_1_326' title='bbox 3474 3569 3571 3622; x_wconf 86' lang='lat' dir='ltr'><strong>Dei</strong></span> 
     </span>
    </p>
   </div>
   <div class='ocr_carea' id='block_1_30' title="bbox 96 3654 3568 3727">
    <p class='ocr_par' dir='ltr' id='par_1_30' title="bbox 96 3654 3568 3727">
     <span class='ocr_line' id='line_1_30' title="bbox 96 3654 3568 3727; baseline 0.001 -19"><span class='ocrx_word' id='word_1_327' title='bbox 96 3657 269 3725; x_wconf 85' lang='lat' dir='ltr'><strong>gallice</strong></span> <span class='ocrx_word' id='word_1_328' title='bbox 305 3658 566 3713; x_wconf 86' lang='lat' dir='ltr'><strong>redditos</strong></span> <span class='ocrx_word' id='word_1_329' title='bbox 606 3656 828 3727; x_wconf 88' lang='lat' dir='ltr'><strong>sibique</strong></span> <span class='ocrx_word' id='word_1_330' title='bbox 868 3660 1244 3725; x_wconf 89' lang='lat' dir='ltr'><strong>nuncupatos,</strong></span> <span class='ocrx_word' id='word_1_331' title='bbox 1275 3654 1551 3725; x_wconf 88' lang='lat' dir='ltr'><strong>singulari</strong></span> <span class='ocrx_word' id='word_1_332' title='bbox 1586 3654 1916 3724; x_wconf 83' lang='lat' dir='ltr'><strong>dignatione</strong></span> <span class='ocrx_word' id='word_1_333' title='bbox 1956 3654 2286 3723; x_wconf 80' lang='lat' dir='ltr'><strong>complexus</strong></span> <span class='ocrx_word' id='word_1_334' title='bbox 2325 3659 2424 3709; x_wconf 91' lang='lat' dir='ltr'><strong>est.</strong></span> <span class='ocrx_word' id='word_1_335' title='bbox 2468 3656 2576 3710; x_wconf 90' lang='lat' dir='ltr'><strong>Sed</strong></span> <span class='ocrx_word' id='word_1_336' title='bbox 2615 3656 2754 3710; x_wconf 90' lang='lat' dir='ltr'><strong>illud</strong></span> <span class='ocrx_word' id='word_1_337' title='bbox 2789 3656 2847 3709; x_wconf 92' lang='lat' dir='ltr'><strong>in</strong></span> <span class='ocrx_word' id='word_1_338' title='bbox 2878 3656 3076 3726; x_wconf 86' lang='lat' dir='ltr'><strong>primis</strong></span> <span class='ocrx_word' id='word_1_339' title='bbox 3113 3658 3568 3725; x_wconf 84' lang='lat' dir='ltr'><strong>memorandum,</strong></span> 
     </span>
    </p>
   </div>
   <div class='ocr_carea' id='block_1_31' title="bbox 93 3742 3567 3814">
    <p class='ocr_par' dir='ltr' id='par_1_31' title="bbox 93 3742 3567 3814">
     <span class='ocr_line' id='line_1_31' title="bbox 93 3742 3567 3814; baseline 0 -16"><span class='ocrx_word' id='word_1_340' title='bbox 93 3745 219 3814; x_wconf 88' lang='lat' dir='ltr'><strong>quod</strong></span> <span class='ocrx_word' id='word_1_341' title='bbox 256 3746 435 3801; x_wconf 87' lang='lat' dir='ltr'><strong>sancti</strong></span> <span class='ocrx_word' id='word_1_342' title='bbox 476 3745 739 3801; x_wconf 91' lang='lat' dir='ltr'><strong>Doctoris</strong></span> <span class='ocrx_word' id='word_1_343' title='bbox 791 3744 1094 3798; x_wconf 87' lang='lat' dir='ltr'><strong>lectionem</strong></span> <span class='ocrx_word' id='word_1_344' title='bbox 1140 3760 1257 3797; x_wconf 91' lang='lat' dir='ltr'><strong>non</strong></span> <span class='ocrx_word' id='word_1_345' title='bbox 1304 3743 1475 3797; x_wconf 90' lang='lat' dir='ltr'><strong>modo</strong></span> <span class='ocrx_word' id='word_1_346' title='bbox 1528 3743 1797 3797; x_wconf 88' lang='lat' dir='ltr'><strong>Rotberto</strong></span> <span class='ocrx_word' id='word_1_347' title='bbox 1843 3742 1966 3812; x_wconf 87' lang='lat' dir='ltr'><strong>regi</strong></span> <span class='ocrx_word' id='word_1_348' title='bbox 2011 3742 2290 3797; x_wconf 88' lang='lat' dir='ltr'><strong>Adalbero</strong></span> <span class='ocrx_word' id='word_1_349' title='bbox 2343 3743 2732 3797; x_wconf 88' lang='lat' dir='ltr'><strong>Laudunensis</strong></span> <span class='ocrx_word' id='word_1_350' title='bbox 2774 3744 3073 3814; x_wconf 84' lang='lat' dir='ltr'><strong>episcOpus</strong></span> <span class='ocrx_word' id='word_1_351' title='bbox 3120 3746 3567 3810; x_wconf 88' lang='lat' dir='ltr'><strong>commendavit;</strong></span> 
     </span>
    </p>
   </div>
   <div class='ocr_carea' id='block_1_32' title="bbox 94 3830 3569 3903">
    <p class='ocr_par' dir='ltr' id='par_1_32' title="bbox 94 3830 3569 3903">
     <span class='ocr_line' id='line_1_32' title="bbox 94 3830 3569 3903; baseline 0.001 -20"><span class='ocrx_word' id='word_1_352' title='bbox 94 3849 263 3888; x_wconf 78' lang='lat' dir='ltr'><strong>verum</strong></span> <span class='ocrx_word' id='word_1_353' title='bbox 300 3834 475 3889; x_wconf 89' lang='lat' dir='ltr'><strong>etiam</strong></span> <span class='ocrx_word' id='word_1_354' title='bbox 507 3834 572 3888; x_wconf 92' lang='lat' dir='ltr'><strong>in</strong></span> <span class='ocrx_word' id='word_1_355' title='bbox 616 3832 833 3887; x_wconf 90' lang='lat' dir='ltr'><strong>deliciis</strong></span> <span class='ocrx_word' id='word_1_356' title='bbox 870 3833 1068 3887; x_wconf 90' lang='lat' dir='ltr'><strong>habuit</strong></span> <span class='ocrx_word' id='word_1_357' title='bbox 1105 3832 1205 3903; x_wconf 87' lang='lat' dir='ltr'><strong>qui</strong></span> <span class='ocrx_word' id='word_1_358' title='bbox 1243 3849 1391 3887; x_wconf 91' lang='lat' dir='ltr'><strong>unus</strong></span> <span class='ocrx_word' id='word_1_359' title='bbox 1422 3830 1803 3901; x_wconf 86' lang='lat' dir='ltr'><strong>plurimorum</strong></span> <span class='ocrx_word' id='word_1_360' title='bbox 1835 3831 2014 3886; x_wconf 90' lang='lat' dir='ltr'><strong>instar</strong></span> <span class='ocrx_word' id='word_1_361' title='bbox 2043 3848 2163 3885; x_wconf 90' lang='lat' dir='ltr'><strong>esse</strong></span> <span class='ocrx_word' id='word_1_362' title='bbox 2189 3832 2378 3897; x_wconf 89' lang='lat' dir='ltr'><strong>debet,</strong></span> <span class='ocrx_word' id='word_1_363' title='bbox 2412 3833 2643 3886; x_wconf 88' lang='lat' dir='ltr'><strong>Carolus</strong></span> <span class='ocrx_word' id='word_1_364' title='bbox 2674 3849 2803 3885; x_wconf 87' lang='lat' dir='ltr'><strong>vere</strong></span> <span class='ocrx_word' id='word_1_365' title='bbox 2835 3834 3091 3902; x_wconf 84' lang='lat' dir='ltr'><strong>Magnus.</strong></span> <span class='ocrx_word' id='word_1_366' title='bbox 3140 3834 3190 3886; x_wconf 89' lang='lat' dir='ltr'><strong>Is</strong></span> <span class='ocrx_word' id='word_1_367' title='bbox 3221 3833 3395 3899; x_wconf 89' lang='lat' dir='ltr'><strong>enim,</strong></span> <span class='ocrx_word' id='word_1_368' title='bbox 3427 3838 3569 3888; x_wconf 89' lang='lat' dir='ltr'><strong>teste</strong></span> 
     </span>
    </p>
   </div>
   <div class='ocr_carea' id='block_1_33' title="bbox 96 3918 3571 3992">
    <p class='ocr_par' dir='ltr' id='par_1_33' title="bbox 96 3918 3571 3992">
     <span class='ocr_line' id='line_1_33' title="bbox 96 3918 3571 3992; baseline 0 -19"><span class='ocrx_word' id='word_1_369' title='bbox 96 3922 404 3992; x_wconf 76' lang='lat' dir='ltr'><strong>Eginhardo,</strong></span> <span class='ocrx_word' id='word_1_370' title='bbox 435 3923 812 3978; x_wconf 81' lang='lat' dir='ltr'><strong>delectabatur</strong></span> <span class='ocrx_word' id='word_1_371' title='bbox 841 3923 993 3976; x_wconf 77' lang='lat' dir='ltr'><strong>libris</strong></span> <span class='ocrx_word' id='word_1_372' title='bbox 1023 3924 1199 3976; x_wconf 80' lang='lat' dir='ltr'><strong>sancti</strong></span> <span class='ocrx_word' id='word_1_373' title='bbox 1225 3922 1540 3987; x_wconf 73' lang='lat' dir='ltr'><strong>Augustini,</strong></span> <span class='ocrx_word' id='word_1_374' title='bbox 1570 3922 1944 3989; x_wconf 66' lang='lat' dir='ltr'><strong>praecipueque</strong></span> <span class='ocrx_word' id='word_1_375' title='bbox 1971 3920 2055 3971; x_wconf 84' lang='lat' dir='ltr'><strong>his</strong></span> <span class='ocrx_word' id='word_1_376' title='bbox 2082 3921 2180 3987; x_wconf 82' lang='lat' dir='ltr'><strong>qui</strong></span> <span class='ocrx_word' id='word_1_377' title='bbox 2208 3918 2273 3971; x_wconf 88' lang='lat' dir='ltr'><strong>de</strong></span> <span class='ocrx_word' id='word_1_378' title='bbox 2302 3920 2530 3975; x_wconf 80' lang='lat' dir='ltr'><strong>Civitate</strong></span> <span class='ocrx_word' id='word_1_379' title='bbox 2561 3921 2657 3972; x_wconf 84' lang='lat' dir='ltr'><strong>Dei</strong></span> <span class='ocrx_word' id='word_1_380' title='bbox 2681 3920 3010 3988; x_wconf 79' lang='lat' dir='ltr'><strong>praetitulati</strong></span> <span class='ocrx_word' id='word_1_381' title='bbox 3033 3924 3177 3973; x_wconf 84' lang='lat' dir='ltr'><strong>sunt.</strong></span> <span class='ocrx_word' id='word_1_382' title='bbox 3212 3920 3571 3989; x_wconf 85' lang='lat' dir='ltr'><strong>Intelligebat</strong></span> 
     </span>
    </p>
   </div>
   <div class='ocr_carea' id='block_1_34' title="bbox 94 4004 3570 4081">
    <p class='ocr_par' dir='ltr' id='par_1_34' title="bbox 94 4004 3570 4081">
     <span class='ocr_line' id='line_1_34' title="bbox 94 4004 3570 4081; baseline 0.001 -21"><span class='ocrx_word' id='word_1_383' title='bbox 94 4010 275 4079; x_wconf 85' lang='lat' dir='ltr'><strong>quippe</strong></span> <span class='ocrx_word' id='word_1_384' title='bbox 320 4009 789 4081; x_wconf 86' lang='lat' dir='ltr'><strong>sapientissimus</strong></span> <span class='ocrx_word' id='word_1_385' title='bbox 841 4008 1131 4078; x_wconf 84' lang='lat' dir='ltr'><strong>Princeps,</strong></span> <span class='ocrx_word' id='word_1_386' title='bbox 1172 4006 1484 4077; x_wconf 87' lang='lat' dir='ltr'><strong>Imperium</strong></span> <span class='ocrx_word' id='word_1_387' title='bbox 1531 4022 1660 4059; x_wconf 88' lang='lat' dir='ltr'><strong>cum</strong></span> <span class='ocrx_word' id='word_1_388' title='bbox 1702 4004 2043 4071; x_wconf 84' lang='lat' dir='ltr'><strong>Sacerdotio,</strong></span> <span class='ocrx_word' id='word_1_389' title='bbox 2093 4006 2439 4075; x_wconf 83' lang='lat' dir='ltr'><strong>Majestatem</strong></span> <span class='ocrx_word' id='word_1_390' title='bbox 2486 4022 2615 4060; x_wconf 90' lang='lat' dir='ltr'><strong>cum</strong></span> <span class='ocrx_word' id='word_1_391' title='bbox 2647 4005 2959 4076; x_wconf 85' lang='lat' dir='ltr'><strong>Religione,</strong></span> <span class='ocrx_word' id='word_1_392' title='bbox 3001 4022 3131 4060; x_wconf 90' lang='lat' dir='ltr'><strong>cum</strong></span> <span class='ocrx_word' id='word_1_393' title='bbox 3170 4023 3306 4077; x_wconf 88' lang='lat' dir='ltr'><strong>pace</strong></span> <span class='ocrx_word' id='word_1_394' title='bbox 3336 4007 3570 4075; x_wconf 85' lang='lat' dir='ltr'><strong>bellum,</strong></span> 
     </span>
    </p>
   </div>
   <div class='ocr_carea' id='block_1_35' title="bbox 95 4094 3576 4167">
    <p class='ocr_par' dir='ltr' id='par_1_35' title="bbox 95 4094 3576 4167">
     <span class='ocr_line' id='line_1_35' title="bbox 95 4094 3576 4167; baseline 0.001 -20"><span class='ocrx_word' id='word_1_395' title='bbox 95 4098 602 4167; x_wconf 77' lang='lat' dir='ltr'><strong>magnanimitatem</strong></span> <span class='ocrx_word' id='word_1_396' title='bbox 649 4112 779 4150; x_wconf 91' lang='lat' dir='ltr'><strong>cum</strong></span> <span class='ocrx_word' id='word_1_397' title='bbox 819 4095 1234 4162; x_wconf 88' lang='lat' dir='ltr'><strong>moderatione,</strong></span> <span class='ocrx_word' id='word_1_398' title='bbox 1275 4096 1430 4148; x_wconf 91' lang='lat' dir='ltr'><strong>nullo</strong></span> <span class='ocrx_word' id='word_1_399' title='bbox 1471 4094 1675 4147; x_wconf 88' lang='lat' dir='ltr'><strong>melius</strong></span> <span class='ocrx_word' id='word_1_400' title='bbox 1713 4099 1843 4165; x_wconf 88' lang='lat' dir='ltr'><strong>post</strong></span> <span class='ocrx_word' id='word_1_401' title='bbox 1874 4094 2108 4148; x_wconf 84' lang='lat' dir='ltr'><strong>Litteras</strong></span> <span class='ocrx_word' id='word_1_402' title='bbox 2147 4111 2331 4147; x_wconf 89' lang='lat' dir='ltr'><strong>sacras</strong></span> <span class='ocrx_word' id='word_1_403' title='bbox 2371 4100 2601 4149; x_wconf 89' lang='lat' dir='ltr'><strong>auctore</strong></span> <span class='ocrx_word' id='word_1_404' title='bbox 2640 4095 2933 4149; x_wconf 88' lang='lat' dir='ltr'><strong>conciliari</strong></span> <span class='ocrx_word' id='word_1_405' title='bbox 2964 4112 3148 4166; x_wconf 81' lang='lat' dir='ltr'><strong>posse,</strong></span> <span class='ocrx_word' id='word_1_406' title='bbox 3179 4112 3350 4167; x_wconf 89' lang='lat' dir='ltr'><strong>quam</strong></span> <span class='ocrx_word' id='word_1_407' title='bbox 3380 4100 3576 4167; x_wconf 84' lang='lat' dir='ltr'><strong>Augu-</strong></span> 
     </span>
    </p>
   </div>
   <div class='ocr_carea' id='block_1_36' title="bbox 92 4181 3572 4257">
    <p class='ocr_par' dir='ltr' id='par_1_36' title="bbox 92 4181 3572 4257">
     <span class='ocr_line' id='line_1_36' title="bbox 92 4181 3572 4257; baseline 0.002 -23"><span class='ocrx_word' id='word_1_408' title='bbox 92 4183 255 4239; x_wconf 69' lang='lat' dir='ltr'><strong>stino:</strong></span> <span class='ocrx_word' id='word_1_409' title='bbox 303 4188 472 4257; x_wconf 88' lang='lat' dir='ltr'><strong>cujus</strong></span> <span class='ocrx_word' id='word_1_410' title='bbox 515 4184 763 4240; x_wconf 87' lang='lat' dir='ltr'><strong>lectione</strong></span> <span class='ocrx_word' id='word_1_411' title='bbox 798 4190 968 4255; x_wconf 89' lang='lat' dir='ltr'><strong>atque</strong></span> <span class='ocrx_word' id='word_1_412' title='bbox 1014 4200 1143 4251; x_wconf 90' lang='lat' dir='ltr'><strong>usu,</strong></span> <span class='ocrx_word' id='word_1_413' title='bbox 1174 4200 1303 4237; x_wconf 91' lang='lat' dir='ltr'><strong>cum</strong></span> <span class='ocrx_word' id='word_1_414' title='bbox 1336 4182 1601 4253; x_wconf 89' lang='lat' dir='ltr'><strong>privatas,</strong></span> <span class='ocrx_word' id='word_1_415' title='bbox 1646 4188 1768 4237; x_wconf 90' lang='lat' dir='ltr'><strong>tum</strong></span> <span class='ocrx_word' id='word_1_416' title='bbox 1815 4181 2000 4251; x_wconf 89' lang='lat' dir='ltr'><strong>regias</strong></span> <span class='ocrx_word' id='word_1_417' title='bbox 2042 4182 2298 4251; x_wconf 87' lang='lat' dir='ltr'><strong>virtutes,</strong></span> <span class='ocrx_word' id='word_1_418' title='bbox 2347 4182 2713 4253; x_wconf 89' lang='lat' dir='ltr'><strong>religionem,</strong></span> <span class='ocrx_word' id='word_1_419' title='bbox 2752 4183 3167 4251; x_wconf 78' lang='lat' dir='ltr'><strong>fortitudinem,</strong></span> <span class='ocrx_word' id='word_1_420' title='bbox 3211 4185 3572 4255; x_wconf 86' lang='lat' dir='ltr'><strong>prudentiam</strong></span> 
     </span>
    </p>
   </div>
   <div class='ocr_carea' id='block_1_37' title="bbox 92 4270 2178 4346">
    <p class='ocr_par' dir='ltr' id='par_1_37' title="bbox 92 4270 2178 4346">
     <span class='ocr_line' id='line_1_37' title="bbox 92 4270 2178 4346; baseline 0.001 -23"><span class='ocrx_word' id='word_1_421' title='bbox 92 4288 200 4327; x_wconf 89' lang='lat' dir='ltr'><strong>cum</strong></span> <span class='ocrx_word' id='word_1_422' title='bbox 234 4275 354 4329; x_wconf 86' lang='lat' dir='ltr'><strong>aliis</strong></span> <span class='ocrx_word' id='word_1_423' title='bbox 381 4274 633 4346; x_wconf 86' lang='lat' dir='ltr'><strong>acquiri,</strong></span> <span class='ocrx_word' id='word_1_424' title='bbox 663 4278 761 4327; x_wconf 85' lang='lat' dir='ltr'><strong>aut</strong></span> <span class='ocrx_word' id='word_1_425' title='bbox 786 4277 936 4327; x_wconf 85' lang='lat' dir='ltr'><strong>certe</strong></span> <span class='ocrx_word' id='word_1_426' title='bbox 968 4272 1184 4343; x_wconf 79' lang='lat' dir='ltr'><strong>perlici,</strong></span> <span class='ocrx_word' id='word_1_427' title='bbox 1213 4272 1518 4343; x_wconf 87' lang='lat' dir='ltr'><strong>ornarique</strong></span> <span class='ocrx_word' id='word_1_428' title='bbox 1546 4287 1883 4342; x_wconf 88' lang='lat' dir='ltr'><strong>persuasum</strong></span> <span class='ocrx_word' id='word_1_429' title='bbox 1914 4270 2178 4325; x_wconf 84' lang='lat' dir='ltr'><strong>habebat.</strong></span> 
     </span>
    </p>
   </div>
   <div class='ocr_carea' id='block_1_38' title="bbox 147 4357 3573 4431">
    <p class='ocr_par' dir='ltr' id='par_1_38' title="bbox 147 4357 3573 4431">
     <span class='ocr_line' id='line_1_38' title="bbox 147 4357 3573 4431; baseline 0 -19"><span class='ocrx_word' id='word_1_430' title='bbox 147 4361 240 4414; x_wconf 87' lang='lat' dir='ltr'><strong>Has</strong></span> <span class='ocrx_word' id='word_1_431' title='bbox 266 4363 453 4431; x_wconf 85' lang='lat' dir='ltr'><strong>dotes,</strong></span> <span class='ocrx_word' id='word_1_432' title='bbox 490 4362 746 4431; x_wconf 85' lang='lat' dir='ltr'><strong>Regibus</strong></span> <span class='ocrx_word' id='word_1_433' title='bbox 769 4366 1066 4431; x_wconf 84' lang='lat' dir='ltr'><strong>tantopere</strong></span> <span class='ocrx_word' id='word_1_434' title='bbox 1098 4360 1459 4429; x_wconf 82' lang='lat' dir='ltr'><strong>expetendas,</strong></span> <span class='ocrx_word' id='word_1_435' title='bbox 1482 4359 1580 4413; x_wconf 87' lang='lat' dir='ltr'><strong>sed</strong></span> <span class='ocrx_word' id='word_1_436' title='bbox 1612 4364 1727 4413; x_wconf 85' lang='lat' dir='ltr'><strong>tam</strong></span> <span class='ocrx_word' id='word_1_437' title='bbox 1762 4375 1889 4412; x_wconf 90' lang='lat' dir='ltr'><strong>raro</strong></span> <span class='ocrx_word' id='word_1_438' title='bbox 1920 4357 1977 4411; x_wconf 90' lang='lat' dir='ltr'><strong>in</strong></span> <span class='ocrx_word' id='word_1_439' title='bbox 2010 4374 2189 4412; x_wconf 87' lang='lat' dir='ltr'><strong>unum</strong></span> <span class='ocrx_word' id='word_1_440' title='bbox 2219 4363 2502 4423; x_wconf 87' lang='lat' dir='ltr'><strong>coeuntes,</strong></span> <span class='ocrx_word' id='word_1_441' title='bbox 2537 4359 2812 4429; x_wconf 85' lang='lat' dir='ltr'><strong>singulari</strong></span> <span class='ocrx_word' id='word_1_442' title='bbox 2841 4360 3116 4415; x_wconf 85' lang='lat' dir='ltr'><strong>beneﬁcio</strong></span> <span class='ocrx_word' id='word_1_443' title='bbox 3145 4362 3292 4415; x_wconf 89' lang='lat' dir='ltr'><strong>Deus</strong></span> <span class='ocrx_word' id='word_1_444' title='bbox 3324 4360 3381 4415; x_wconf 90' lang='lat' dir='ltr'><strong>in</strong></span> <span class='ocrx_word' id='word_1_445' title='bbox 3407 4366 3461 4415; x_wconf 91' lang='lat' dir='ltr'><strong>te</strong></span> <span class='ocrx_word' id='word_1_446' title='bbox 3494 4360 3573 4414; x_wconf 81' lang='lat' dir='ltr'><strong>sic</strong></span> 
     </span>
    </p>
   </div>
   <div class='ocr_carea' id='block_1_39' title="bbox 90 4447 3570 4523">
    <p class='ocr_par' dir='ltr' id='par_1_39' title="bbox 90 4447 3570 4523">
     <span class='ocr_line' id='line_1_39' title="bbox 90 4447 3570 4523; baseline 0.002 -26"><span class='ocrx_word' id='word_1_447' title='bbox 90 4449 332 4517; x_wconf 82' lang='lat' dir='ltr'><strong>proludit,</strong></span> <span class='ocrx_word' id='word_1_448' title='bbox 360 4454 596 4523; x_wconf 84' lang='lat' dir='ltr'><strong>Regum</strong></span> <span class='ocrx_word' id='word_1_449' title='bbox 628 4449 887 4518; x_wconf 80' lang='lat' dir='ltr'><strong>Maxime,</strong></span> <span class='ocrx_word' id='word_1_450' title='bbox 917 4452 1122 4502; x_wconf 89' lang='lat' dir='ltr'><strong>utnon</strong></span> <span class='ocrx_word' id='word_1_451' title='bbox 1150 4447 1261 4501; x_wconf 88' lang='lat' dir='ltr'><strong>alio</strong></span> <span class='ocrx_word' id='word_1_452' title='bbox 1291 4463 1464 4517; x_wconf 90' lang='lat' dir='ltr'><strong>quam</strong></span> <span class='ocrx_word' id='word_1_453' title='bbox 1488 4447 1611 4516; x_wconf 89' lang='lat' dir='ltr'><strong>ipso</strong></span> <span class='ocrx_word' id='word_1_454' title='bbox 1644 4447 1786 4501; x_wconf 89' lang='lat' dir='ltr'><strong>duce</strong></span> <span class='ocrx_word' id='word_1_455' title='bbox 1812 4464 1876 4500; x_wconf 90' lang='lat' dir='ltr'><strong>ac</strong></span> <span class='ocrx_word' id='word_1_456' title='bbox 1904 4452 2254 4518; x_wconf 68' lang='lat' dir='ltr'><strong>prmeeptore</strong></span> <span class='ocrx_word' id='word_1_457' title='bbox 2284 4447 2354 4501; x_wconf 90' lang='lat' dir='ltr'><strong>ad</strong></span> <span class='ocrx_word' id='word_1_458' title='bbox 2383 4448 2669 4518; x_wconf 85' lang='lat' dir='ltr'><strong>fastigium</strong></span> <span class='ocrx_word' id='word_1_459' title='bbox 2699 4450 3025 4519; x_wconf 89' lang='lat' dir='ltr'><strong>perveneris</strong></span> <span class='ocrx_word' id='word_1_460' title='bbox 3050 4465 3247 4503; x_wconf 89' lang='lat' dir='ltr'><strong>earum</strong></span> <span class='ocrx_word' id='word_1_461' title='bbox 3274 4449 3570 4513; x_wconf 87' lang='lat' dir='ltr'><strong>virtutum,</strong></span> 
     </span>
    </p>
   </div>
   <div class='ocr_carea' id='block_1_40' title="bbox 88 4534 3571 4609">
    <p class='ocr_par' dir='ltr' id='par_1_40' title="bbox 88 4534 3571 4609">
     <span class='ocr_line' id='line_1_40' title="bbox 88 4534 3571 4609; baseline 0.001 -21"><span class='ocrx_word' id='word_1_462' title='bbox 88 4553 194 4605; x_wconf 73' lang='lat' dir='ltr'><strong>qua:</strong></span> <span class='ocrx_word' id='word_1_463' title='bbox 228 4539 449 4594; x_wconf 87' lang='lat' dir='ltr'><strong>illustre</strong></span> <span class='ocrx_word' id='word_1_464' title='bbox 499 4538 688 4608; x_wconf 83' lang='lat' dir='ltr'><strong>Magni</strong></span> <span class='ocrx_word' id='word_1_465' title='bbox 717 4540 1164 4609; x_wconf 85' lang='lat' dir='ltr'><strong>cognomentum</strong></span> <span class='ocrx_word' id='word_1_466' title='bbox 1208 4535 1483 4605; x_wconf 86' lang='lat' dir='ltr'><strong>Majcstati</strong></span> <span class='ocrx_word' id='word_1_467' title='bbox 1518 4539 1633 4589; x_wconf 70' lang='lat' dir='ltr'><strong>tua:</strong></span> <span class='ocrx_word' id='word_1_468' title='bbox 1673 4539 2096 4599; x_wconf 86' lang='lat' dir='ltr'><strong>compararunt.</strong></span> <span class='ocrx_word' id='word_1_469' title='bbox 2128 4535 2266 4588; x_wconf 89' lang='lat' dir='ltr'><strong>Aliis</strong></span> <span class='ocrx_word' id='word_1_470' title='bbox 2296 4535 2545 4604; x_wconf 87' lang='lat' dir='ltr'><strong>regibus,</strong></span> <span class='ocrx_word' id='word_1_471' title='bbox 2581 4534 2753 4589; x_wconf 87' lang='lat' dir='ltr'><strong>etiam</strong></span> <span class='ocrx_word' id='word_1_472' title='bbox 2796 4535 2886 4602; x_wconf 85' lang='lat' dir='ltr'><strong>iis,</strong></span> <span class='ocrx_word' id='word_1_473' title='bbox 2919 4552 3061 4607; x_wconf 89' lang='lat' dir='ltr'><strong>quos</strong></span> <span class='ocrx_word' id='word_1_474' title='bbox 3100 4537 3307 4607; x_wconf 88' lang='lat' dir='ltr'><strong>passim</strong></span> <span class='ocrx_word' id='word_1_475' title='bbox 3338 4538 3571 4607; x_wconf 63' lang='lat' dir='ltr'><strong>praecel-</strong></span> 
     </span>
    </p>
   </div>
   <div class='ocr_carea' id='block_1_41' title="bbox 90 4622 3572 4699">
    <p class='ocr_par' dir='ltr' id='par_1_41' title="bbox 90 4622 3572 4699">
     <span class='ocr_line' id='line_1_41' title="bbox 90 4622 3572 4699; baseline 0.001 -24"><span class='ocrx_word' id='word_1_476' title='bbox 90 4624 239 4679; x_wconf 83' lang='lat' dir='ltr'><strong>lentes</strong></span> <span class='ocrx_word' id='word_1_477' title='bbox 261 4627 624 4699; x_wconf 79' lang='lat' dir='ltr'><strong>existimant,</strong></span> <span class='ocrx_word' id='word_1_478' title='bbox 653 4626 783 4681; x_wconf 87' lang='lat' dir='ltr'><strong>satis</strong></span> <span class='ocrx_word' id='word_1_479' title='bbox 812 4624 983 4680; x_wconf 81' lang='lat' dir='ltr'><strong>fuerit</strong></span> <span class='ocrx_word' id='word_1_480' title='bbox 1012 4624 1263 4679; x_wconf 89' lang='lat' dir='ltr'><strong>eminere</strong></span> <span class='ocrx_word' id='word_1_481' title='bbox 1294 4624 1353 4676; x_wconf 90' lang='lat' dir='ltr'><strong>in</strong></span> <span class='ocrx_word' id='word_1_482' title='bbox 1374 4623 1636 4693; x_wconf 88' lang='lat' dir='ltr'><strong>singulis,</strong></span> <span class='ocrx_word' id='word_1_483' title='bbox 1663 4622 1938 4676; x_wconf 90' lang='lat' dir='ltr'><strong>nimirum</strong></span> <span class='ocrx_word' id='word_1_484' title='bbox 1968 4639 2089 4676; x_wconf 89' lang='lat' dir='ltr'><strong>esse</strong></span> <span class='ocrx_word' id='word_1_485' title='bbox 2120 4627 2218 4676; x_wconf 88' lang='lat' dir='ltr'><strong>aut</strong></span> <span class='ocrx_word' id='word_1_486' title='bbox 2245 4623 2566 4693; x_wconf 88' lang='lat' dir='ltr'><strong>religiosos,</strong></span> <span class='ocrx_word' id='word_1_487' title='bbox 2600 4628 2699 4677; x_wconf 87' lang='lat' dir='ltr'><strong>aut</strong></span> <span class='ocrx_word' id='word_1_488' title='bbox 2725 4622 3046 4687; x_wconf 87' lang='lat' dir='ltr'><strong>bellicosos,</strong></span> <span class='ocrx_word' id='word_1_489' title='bbox 3074 4624 3572 4695; x_wconf 86' lang='lat' dir='ltr'><strong>tranquillitatisve</strong></span> 
     </span>
    </p>
   </div>
   <div class='ocr_carea' id='block_1_42' title="bbox 85 4711 3569 4783">
    <p class='ocr_par' dir='ltr' id='par_1_42' title="bbox 85 4711 3569 4783">
     <span class='ocr_line' id='line_1_42' title="bbox 85 4711 3569 4783; baseline 0.001 -17"><span class='ocrx_word' id='word_1_490' title='bbox 85 4714 299 4781; x_wconf 68' lang='lat' dir='ltr'><strong>publica:</strong></span> <span class='ocrx_word' id='word_1_491' title='bbox 338 4721 657 4771; x_wconf 88' lang='lat' dir='ltr'><strong>amatores.</strong></span> <span class='ocrx_word' id='word_1_492' title='bbox 689 4716 754 4769; x_wconf 92' lang='lat' dir='ltr'><strong>In</strong></span> <span class='ocrx_word' id='word_1_493' title='bbox 797 4720 851 4768; x_wconf 91' lang='lat' dir='ltr'><strong>te</strong></span> <span class='ocrx_word' id='word_1_494' title='bbox 891 4729 1088 4768; x_wconf 88' lang='lat' dir='ltr'><strong>omnes</strong></span> <span class='ocrx_word' id='word_1_495' title='bbox 1118 4712 1239 4768; x_wconf 71' lang='lat' dir='ltr'><strong>ista:</strong></span> <span class='ocrx_word' id='word_1_496' title='bbox 1274 4712 1507 4766; x_wconf 90' lang='lat' dir='ltr'><strong>virtutes</strong></span> <span class='ocrx_word' id='word_1_497' title='bbox 1536 4729 1665 4766; x_wconf 91' lang='lat' dir='ltr'><strong>cum</strong></span> <span class='ocrx_word' id='word_1_498' title='bbox 1709 4712 1835 4765; x_wconf 90' lang='lat' dir='ltr'><strong>aliis</strong></span> <span class='ocrx_word' id='word_1_499' title='bbox 1874 4711 1955 4765; x_wconf 89' lang='lat' dir='ltr'><strong>ita</strong></span> <span class='ocrx_word' id='word_1_500' title='bbox 1990 4712 2352 4778; x_wconf 83' lang='lat' dir='ltr'><strong>conveniunt,</strong></span> <span class='ocrx_word' id='word_1_501' title='bbox 2384 4716 2448 4765; x_wconf 90' lang='lat' dir='ltr'><strong>ut</strong></span> <span class='ocrx_word' id='word_1_502' title='bbox 2477 4717 2530 4766; x_wconf 90' lang='lat' dir='ltr'><strong>te</strong></span> <span class='ocrx_word' id='word_1_503' title='bbox 2561 4712 2855 4783; x_wconf 89' lang='lat' dir='ltr'><strong>religione,</strong></span> <span class='ocrx_word' id='word_1_504' title='bbox 2877 4713 3120 4783; x_wconf 88' lang='lat' dir='ltr'><strong>justitia,</strong></span> <span class='ocrx_word' id='word_1_505' title='bbox 3156 4715 3569 4783; x_wconf 89' lang='lat' dir='ltr'><strong>moderatione,</strong></span> 
     </span>
    </p>
   </div>
   <div class='ocr_carea' id='block_1_43' title="bbox 85 4799 3571 4874">
    <p class='ocr_par' dir='ltr' id='par_1_43' title="bbox 85 4799 3571 4874">
     <span class='ocr_line' id='line_1_43' title="bbox 85 4799 3571 4874; baseline 0.001 -22"><span class='ocrx_word' id='word_1_506' title='bbox 85 4803 359 4872; x_wconf 74' lang='lat' dir='ltr'><strong>sapientia,</strong></span> <span class='ocrx_word' id='word_1_507' title='bbox 391 4810 517 4859; x_wconf 87' lang='lat' dir='ltr'><strong>tam</strong></span> <span class='ocrx_word' id='word_1_508' title='bbox 548 4804 715 4869; x_wconf 87' lang='lat' dir='ltr'><strong>bello,</strong></span> <span class='ocrx_word' id='word_1_509' title='bbox 742 4819 915 4874; x_wconf 89' lang='lat' dir='ltr'><strong>quam</strong></span> <span class='ocrx_word' id='word_1_510' title='bbox 938 4818 1071 4873; x_wconf 81' lang='lat' dir='ltr'><strong>pace</strong></span> <span class='ocrx_word' id='word_1_511' title='bbox 1096 4800 1627 4872; x_wconf 67' lang='lat' dir='ltr'><strong>praestantissimum</strong></span> <span class='ocrx_word' id='word_1_512' title='bbox 1650 4799 1918 4854; x_wconf 85' lang='lat' dir='ltr'><strong>efﬁciant.</strong></span> <span class='ocrx_word' id='word_1_513' title='bbox 1946 4799 2101 4855; x_wconf 85' lang='lat' dir='ltr'><strong>Multi</strong></span> <span class='ocrx_word' id='word_1_514' title='bbox 2130 4799 2455 4870; x_wconf 90' lang='lat' dir='ltr'><strong>principum</strong></span> <span class='ocrx_word' id='word_1_515' title='bbox 2487 4800 2624 4853; x_wconf 91' lang='lat' dir='ltr'><strong>dum</strong></span> <span class='ocrx_word' id='word_1_516' title='bbox 2657 4816 2867 4855; x_wconf 89' lang='lat' dir='ltr'><strong>nomen</strong></span> <span class='ocrx_word' id='word_1_517' title='bbox 2891 4818 3059 4855; x_wconf 91' lang='lat' dir='ltr'><strong>suum</strong></span> <span class='ocrx_word' id='word_1_518' title='bbox 3088 4802 3261 4856; x_wconf 86' lang='lat' dir='ltr'><strong>armis</strong></span> <span class='ocrx_word' id='word_1_519' title='bbox 3285 4804 3571 4858; x_wconf 89' lang='lat' dir='ltr'><strong>celebrare</strong></span> 
     </span>
    </p>
   </div>
   <div class='ocr_carea' id='block_1_44' title="bbox 82 4888 3571 4961">
    <p class='ocr_par' dir='ltr' id='par_1_44' title="bbox 82 4888 3571 4961">
     <span class='ocr_line' id='line_1_44' title="bbox 82 4888 3571 4961; baseline 0 -17"><span class='ocrx_word' id='word_1_520' title='bbox 82 4892 335 4959; x_wconf 77' lang='lat' dir='ltr'><strong>ambiunt,</strong></span> <span class='ocrx_word' id='word_1_521' title='bbox 373 4892 767 4948; x_wconf 90' lang='lat' dir='ltr'><strong>constituendi</strong></span> <span class='ocrx_word' id='word_1_522' title='bbox 796 4891 960 4961; x_wconf 88' lang='lat' dir='ltr'><strong>regni</strong></span> <span class='ocrx_word' id='word_1_523' title='bbox 991 4890 1263 4961; x_wconf 85' lang='lat' dir='ltr'><strong>abjiciunt</strong></span> <span class='ocrx_word' id='word_1_524' title='bbox 1291 4905 1508 4954; x_wconf 88' lang='lat' dir='ltr'><strong>curam,</strong></span> <span class='ocrx_word' id='word_1_525' title='bbox 1550 4888 1785 4959; x_wconf 90' lang='lat' dir='ltr'><strong>aliisque</strong></span> <span class='ocrx_word' id='word_1_526' title='bbox 1817 4888 2180 4943; x_wconf 91' lang='lat' dir='ltr'><strong>committunt</strong></span> <span class='ocrx_word' id='word_1_527' title='bbox 2216 4905 2229 4942; x_wconf 91' lang='lat'><strong>:</strong></span> <span class='ocrx_word' id='word_1_528' title='bbox 2271 4888 2535 4942; x_wconf 92' lang='lat' dir='ltr'><strong>nonnulli</strong></span> <span class='ocrx_word' id='word_1_529' title='bbox 2580 4888 2747 4943; x_wconf 91' lang='lat' dir='ltr'><strong>unius</strong></span> <span class='ocrx_word' id='word_1_530' title='bbox 2786 4889 2939 4960; x_wconf 87' lang='lat' dir='ltr'><strong>pacis</strong></span> <span class='ocrx_word' id='word_1_531' title='bbox 2967 4890 3165 4945; x_wconf 89' lang='lat' dir='ltr'><strong>studiis</strong></span> <span class='ocrx_word' id='word_1_532' title='bbox 3194 4891 3416 4958; x_wconf 88' lang='lat' dir='ltr'><strong>intenti,</strong></span> <span class='ocrx_word' id='word_1_533' title='bbox 3450 4908 3571 4945; x_wconf 90' lang='lat' dir='ltr'><strong>rem</strong></span> 
     </span>
    </p>
   </div>
   <div class='ocr_carea' id='block_1_45' title="bbox 80 4976 3571 5055">
    <p class='ocr_par' dir='ltr' id='par_1_45' title="bbox 80 4976 3571 5055">
     <span class='ocr_line' id='line_1_45' title="bbox 80 4976 3571 5055; baseline 0.001 -23"><span class='ocrx_word' id='word_1_534' title='bbox 80 4978 316 5037; x_wconf 78' lang='lat' dir='ltr'><strong>bellicam</strong></span> <span class='ocrx_word' id='word_1_535' title='bbox 348 4984 601 5055; x_wconf 88' lang='lat' dir='ltr'><strong>insuper</strong></span> <span class='ocrx_word' id='word_1_536' title='bbox 629 4982 858 5036; x_wconf 88' lang='lat' dir='ltr'><strong>habent.</strong></span> <span class='ocrx_word' id='word_1_537' title='bbox 893 4982 975 5035; x_wconf 89' lang='lat' dir='ltr'><strong>Tu</strong></span> <span class='ocrx_word' id='word_1_538' title='bbox 1006 4980 1154 5034; x_wconf 85' lang='lat' dir='ltr'><strong>inter</strong></span> <span class='ocrx_word' id='word_1_539' title='bbox 1183 4978 1336 5050; x_wconf 89' lang='lat' dir='ltr'><strong>pacis</strong></span> <span class='ocrx_word' id='word_1_540' title='bbox 1367 4977 1554 5032; x_wconf 89' lang='lat' dir='ltr'><strong>studia</strong></span> <span class='ocrx_word' id='word_1_541' title='bbox 1584 4977 1813 5032; x_wconf 89' lang='lat' dir='ltr'><strong>bellicas</strong></span> <span class='ocrx_word' id='word_1_542' title='bbox 1838 4981 1986 5031; x_wconf 89' lang='lat' dir='ltr'><strong>artes</strong></span> <span class='ocrx_word' id='word_1_543' title='bbox 2006 4976 2197 5031; x_wconf 91' lang='lat' dir='ltr'><strong>animo</strong></span> <span class='ocrx_word' id='word_1_544' title='bbox 2223 4976 2423 5048; x_wconf 87' lang='lat' dir='ltr'><strong>agitas,</strong></span> <span class='ocrx_word' id='word_1_545' title='bbox 2455 4981 2511 5030; x_wconf 87' lang='lat' dir='ltr'><strong>et</strong></span> <span class='ocrx_word' id='word_1_546' title='bbox 2533 4976 2683 5031; x_wconf 89' lang='lat' dir='ltr'><strong>inter</strong></span> <span class='ocrx_word' id='word_1_547' title='bbox 2705 4977 3017 5033; x_wconf 86' lang='lat' dir='ltr'><strong>arridentes</strong></span> <span class='ocrx_word' id='word_1_548' title='bbox 3041 4980 3318 5034; x_wconf 73' lang='lat' dir='ltr'><strong>bellorum</strong></span> <span class='ocrx_word' id='word_1_549' title='bbox 3340 4984 3571 5034; x_wconf 78' lang='lat' dir='ltr'><strong>eventus</strong></span> 
     </span>
    </p>
   </div>
   <div class='ocr_carea' id='block_1_46' title="bbox 79 5065 3570 5141">
    <p class='ocr_par' dir='ltr' id='par_1_46' title="bbox 79 5065 3570 5141">
     <span class='ocr_line' id='line_1_46' title="bbox 79 5065 3570 5141; baseline 0.001 -20"><span class='ocrx_word' id='word_1_550' title='bbox 79 5083 251 5135; x_wconf 71' lang='lat' dir='ltr'><strong>pacem</strong></span> <span class='ocrx_word' id='word_1_551' title='bbox 281 5070 611 5125; x_wconf 84' lang='lat' dir='ltr'><strong>meditaris.</strong></span> <span class='ocrx_word' id='word_1_552' title='bbox 643 5070 773 5138; x_wconf 87' lang='lat' dir='ltr'><strong>Sed,</strong></span> <span class='ocrx_word' id='word_1_553' title='bbox 811 5069 961 5140; x_wconf 90' lang='lat' dir='ltr'><strong>quod</strong></span> <span class='ocrx_word' id='word_1_554' title='bbox 994 5065 1348 5138; x_wconf 83' lang='lat' dir='ltr'><strong>paucissimis</strong></span> <span class='ocrx_word' id='word_1_555' title='bbox 1387 5065 1633 5137; x_wconf 85' lang='lat' dir='ltr'><strong>Regibus</strong></span> <span class='ocrx_word' id='word_1_556' title='bbox 1664 5065 1967 5137; x_wconf 90' lang='lat' dir='ltr'><strong>contingit,</strong></span> <span class='ocrx_word' id='word_1_557' title='bbox 2004 5081 2134 5119; x_wconf 90' lang='lat' dir='ltr'><strong>cum</strong></span> <span class='ocrx_word' id='word_1_558' title='bbox 2165 5066 2239 5119; x_wconf 90' lang='lat' dir='ltr'><strong>sis</strong></span> <span class='ocrx_word' id='word_1_559' title='bbox 2271 5081 2405 5136; x_wconf 84' lang='lat' dir='ltr'><strong>pace</strong></span> <span class='ocrx_word' id='word_1_560' title='bbox 2445 5084 2508 5118; x_wconf 88' lang='lat' dir='ltr'><strong>ac</strong></span> <span class='ocrx_word' id='word_1_561' title='bbox 2533 5065 2682 5120; x_wconf 90' lang='lat' dir='ltr'><strong>bello</strong></span> <span class='ocrx_word' id='word_1_562' title='bbox 2722 5068 3081 5133; x_wconf 85' lang='lat' dir='ltr'><strong>exercitatus,</strong></span> <span class='ocrx_word' id='word_1_563' title='bbox 3122 5071 3279 5123; x_wconf 92' lang='lat' dir='ltr'><strong>nulla</strong></span> <span class='ocrx_word' id='word_1_564' title='bbox 3315 5086 3570 5141; x_wconf 84' lang='lat' dir='ltr'><strong>unquam</strong></span> 
     </span>
    </p>
   </div>
   <div class='ocr_carea' id='block_1_47' title="bbox 80 5155 3566 5225">
    <p class='ocr_par' dir='ltr' id='par_1_47' title="bbox 80 5155 3566 5225">
     <span class='ocr_line' id='line_1_47' title="bbox 80 5155 3566 5225; baseline 0.001 -18"><span class='ocrx_word' id='word_1_565' title='bbox 80 5158 215 5225; x_wconf 86' lang='lat' dir='ltr'><strong>regni</strong></span> <span class='ocrx_word' id='word_1_566' title='bbox 256 5160 341 5213; x_wconf 89' lang='lat' dir='ltr'><strong>tui</strong></span> <span class='ocrx_word' id='word_1_567' title='bbox 397 5157 739 5213; x_wconf 88' lang='lat' dir='ltr'><strong>felicitatem</strong></span> <span class='ocrx_word' id='word_1_568' title='bbox 788 5156 1192 5212; x_wconf 88' lang='lat' dir='ltr'><strong>interturbavit</strong></span> <span class='ocrx_word' id='word_1_569' title='bbox 1221 5155 1525 5209; x_wconf 90' lang='lat' dir='ltr'><strong>adversitas</strong></span> <span class='ocrx_word' id='word_1_570' title='bbox 1573 5171 1585 5208; x_wconf 91' lang='lat'>:</span> <span class='ocrx_word' id='word_1_571' title='bbox 1640 5160 1701 5209; x_wconf 89' lang='lat' dir='ltr'><strong>ut</strong></span> <span class='ocrx_word' id='word_1_572' title='bbox 1739 5171 1937 5209; x_wconf 89' lang='lat' dir='ltr'><strong>omnes</strong></span> <span class='ocrx_word' id='word_1_573' title='bbox 1976 5155 2126 5208; x_wconf 75' lang='lat' dir='ltr'><strong>ultro</strong></span> <span class='ocrx_word' id='word_1_574' title='bbox 2157 5158 2483 5225; x_wconf 88' lang='lat' dir='ltr'><strong>agnoscant,</strong></span> <span class='ocrx_word' id='word_1_575' title='bbox 2516 5158 2571 5208; x_wconf 90' lang='lat' dir='ltr'><strong>te</strong></span> <span class='ocrx_word' id='word_1_576' title='bbox 2600 5155 2840 5209; x_wconf 88' lang='lat' dir='ltr'><strong>summis</strong></span> <span class='ocrx_word' id='word_1_577' title='bbox 2866 5156 3167 5211; x_wconf 90' lang='lat' dir='ltr'><strong>virtutibus</strong></span> <span class='ocrx_word' id='word_1_578' title='bbox 3194 5158 3566 5223; x_wconf 87' lang='lat' dir='ltr'><strong>cumulatum,</strong></span> 
     </span>
    </p>
   </div>
   <div class='ocr_carea' id='block_1_48' title="bbox 79 5244 1407 5316">
    <p class='ocr_par' dir='ltr' id='par_1_48' title="bbox 79 5244 1407 5316">
     <span class='ocr_line' id='line_1_48' title="bbox 79 5244 1407 5316; baseline 0.001 -20"><span class='ocrx_word' id='word_1_579' title='bbox 79 5247 415 5312; x_wconf 76' lang='lat' dir='ltr'><strong>providentia</strong></span> <span class='ocrx_word' id='word_1_580' title='bbox 448 5246 679 5301; x_wconf 87' lang='lat' dir='ltr'><strong>felicem</strong></span> <span class='ocrx_word' id='word_1_581' title='bbox 709 5263 847 5312; x_wconf 86' lang='lat' dir='ltr'><strong>esse,</strong></span> <span class='ocrx_word' id='word_1_582' title='bbox 877 5244 1089 5316; x_wconf 89' lang='lat' dir='ltr'><strong>ubique</strong></span> <span class='ocrx_word' id='word_1_583' title='bbox 1120 5245 1407 5316; x_wconf 83' lang='lat' dir='ltr'><strong>Magnum.</strong></span> 
     </span>
    </p>
   </div>
   <div class='ocr_carea' id='block_1_49' title="bbox 133 5329 3569 5407">
    <p class='ocr_par' dir='ltr' id='par_1_49' title="bbox 133 5329 3569 5407">
     <span class='ocr_line' id='line_1_49' title="bbox 133 5329 3569 5407; baseline -0 -20"><span class='ocrx_word' id='word_1_584' title='bbox 133 5334 305 5397; x_wconf 87' lang='lat' dir='ltr'><strong>Quam</strong></span> <span class='ocrx_word' id='word_1_585' title='bbox 338 5335 607 5407; x_wconf 84' lang='lat' dir='ltr'><strong>primum</strong></span> <span class='ocrx_word' id='word_1_586' title='bbox 637 5333 799 5404; x_wconf 91' lang='lat' dir='ltr'><strong>regni</strong></span> <span class='ocrx_word' id='word_1_587' title='bbox 824 5332 1060 5387; x_wconf 88' lang='lat' dir='ltr'><strong>habenis</strong></span> <span class='ocrx_word' id='word_1_588' title='bbox 1103 5348 1335 5386; x_wconf 88' lang='lat' dir='ltr'><strong>manum</strong></span> <span class='ocrx_word' id='word_1_589' title='bbox 1371 5331 1620 5386; x_wconf 91' lang='lat' dir='ltr'><strong>admovit</strong></span> <span class='ocrx_word' id='word_1_590' title='bbox 1650 5331 1904 5402; x_wconf 81' lang='lat' dir='ltr'><strong>Majestas</strong></span> <span class='ocrx_word' id='word_1_591' title='bbox 1949 5336 2067 5397; x_wconf 87' lang='lat' dir='ltr'><strong>tua,</strong></span> <span class='ocrx_word' id='word_1_592' title='bbox 2116 5331 2233 5385; x_wconf 81' lang='lat' dir='ltr'><strong>Rex</strong></span> <span class='ocrx_word' id='word_1_593' title='bbox 2284 5329 2520 5401; x_wconf 89' lang='lat' dir='ltr'><strong>optime,</strong></span> <span class='ocrx_word' id='word_1_594' title='bbox 2554 5330 2844 5402; x_wconf 86' lang='lat' dir='ltr'><strong>religionis</strong></span> <span class='ocrx_word' id='word_1_595' title='bbox 2889 5336 3059 5401; x_wconf 87' lang='lat' dir='ltr'><strong>caput</strong></span> <span class='ocrx_word' id='word_1_596' title='bbox 3114 5331 3462 5396; x_wconf 82' lang='lat' dir='ltr'><strong>existimasti,</strong></span> <span class='ocrx_word' id='word_1_597' title='bbox 3508 5335 3569 5386; x_wconf 88' lang='lat' dir='ltr'><strong>ut</strong></span> 
     </span>
    </p>
   </div>
   <div class='ocr_carea' id='block_1_50' title="bbox 80 5417 3568 5494">
    <p class='ocr_par' dir='ltr' id='par_1_50' title="bbox 80 5417 3568 5494">
     <span class='ocr_line' id='line_1_50' title="bbox 80 5417 3568 5494; baseline 0 -23"><span class='ocrx_word' id='word_1_598' title='bbox 80 5420 303 5492; x_wconf 84' lang='lat' dir='ltr'><strong>leipsum</strong></span> <span class='ocrx_word' id='word_1_599' title='bbox 329 5431 587 5494; x_wconf 86' lang='lat' dir='ltr'><strong>tuosque</strong></span> <span class='ocrx_word' id='word_1_600' title='bbox 612 5439 856 5494; x_wconf 89' lang='lat' dir='ltr'><strong>regeres,</strong></span> <span class='ocrx_word' id='word_1_601' title='bbox 876 5425 931 5475; x_wconf 91' lang='lat' dir='ltr'><strong>et</strong></span> <span class='ocrx_word' id='word_1_602' title='bbox 953 5421 1022 5475; x_wconf 90' lang='lat' dir='ltr'><strong>de</strong></span> <span class='ocrx_word' id='word_1_603' title='bbox 1052 5421 1459 5492; x_wconf 89' lang='lat' dir='ltr'><strong>componendis</strong></span> <span class='ocrx_word' id='word_1_604' title='bbox 1490 5420 1845 5475; x_wconf 89' lang='lat' dir='ltr'><strong>subditorum</strong></span> <span class='ocrx_word' id='word_1_605' title='bbox 1876 5420 2151 5484; x_wconf 87' lang='lat' dir='ltr'><strong>moribus,</strong></span> <span class='ocrx_word' id='word_1_606' title='bbox 2175 5435 2238 5472; x_wconf 93' lang='lat' dir='ltr'><strong>ac</strong></span> <span class='ocrx_word' id='word_1_607' title='bbox 2256 5418 2552 5488; x_wconf 89' lang='lat' dir='ltr'><strong>disciplina</strong></span> <span class='ocrx_word' id='word_1_608' title='bbox 2574 5418 2769 5472; x_wconf 89' lang='lat' dir='ltr'><strong>sedulo</strong></span> <span class='ocrx_word' id='word_1_609' title='bbox 2791 5417 3086 5488; x_wconf 90' lang='lat' dir='ltr'><strong>cogitares.</strong></span> <span class='ocrx_word' id='word_1_610' title='bbox 3115 5419 3252 5472; x_wconf 86' lang='lat' dir='ltr'><strong>Hinc</strong></span> <span class='ocrx_word' id='word_1_611' title='bbox 3271 5433 3568 5488; x_wconf 90' lang='lat' dir='ltr'><strong>oppressos</strong></span> 
     </span>
    </p>
   </div>
   <div class='ocr_carea' id='block_1_51' title="bbox 80 5504 3564 5576">
    <p class='ocr_par' dir='ltr' id='par_1_51' title="bbox 80 5504 3564 5576">
     <span class='ocr_line' id='line_1_51' title="bbox 80 5504 3564 5576; baseline 0.001 -19"><span class='ocrx_word' id='word_1_612' title='bbox 80 5510 135 5559; x_wconf 67' lang='lat' dir='ltr'><strong>ab</strong></span> <span class='ocrx_word' id='word_1_613' title='bbox 179 5510 593 5566; x_wconf 82' lang='lat' dir='ltr'><strong>infensissimis</strong></span> <span class='ocrx_word' id='word_1_614' title='bbox 633 5509 891 5564; x_wconf 85' lang='lat' dir='ltr'><strong>hostibus</strong></span> <span class='ocrx_word' id='word_1_615' title='bbox 934 5508 1276 5563; x_wconf 89' lang='lat' dir='ltr'><strong>Christianos</strong></span> <span class='ocrx_word' id='word_1_616' title='bbox 1316 5507 1609 5561; x_wconf 86' lang='lat' dir='ltr'><strong>submissis</strong></span> <span class='ocrx_word' id='word_1_617' title='bbox 1648 5507 1869 5562; x_wconf 88' lang='lat' dir='ltr'><strong>auxiliis</strong></span> <span class='ocrx_word' id='word_1_618' title='bbox 1909 5508 2157 5561; x_wconf 87' lang='lat' dir='ltr'><strong>relevare</strong></span> <span class='ocrx_word' id='word_1_619' title='bbox 2205 5523 2269 5560; x_wconf 87' lang='lat' dir='ltr'><strong>ac</strong></span> <span class='ocrx_word' id='word_1_620' title='bbox 2308 5506 2483 5560; x_wconf 90' lang='lat' dir='ltr'><strong>tutari</strong></span> <span class='ocrx_word' id='word_1_621' title='bbox 2521 5505 2772 5576; x_wconf 54' lang='lat' dir='ltr'><strong>coepisti;</strong></span> <span class='ocrx_word' id='word_1_622' title='bbox 2816 5512 2940 5560; x_wconf 89' lang='lat' dir='ltr'><strong>tum</strong></span> <span class='ocrx_word' id='word_1_623' title='bbox 2971 5506 3041 5559; x_wconf 90' lang='lat' dir='ltr'><strong>ad</strong></span> <span class='ocrx_word' id='word_1_624' title='bbox 3071 5504 3324 5559; x_wconf 70' lang='lat' dir='ltr'><strong>Ecclesiae</strong></span> <span class='ocrx_word' id='word_1_625' title='bbox 3350 5505 3564 5561; x_wconf 81' lang='lat' dir='ltr'><strong>exstin-</strong></span> 
     </span>
    </p>
   </div>
   <div class='ocr_carea' id='block_1_52' title="bbox 80 5592 3569 5669">
    <p class='ocr_par' dir='ltr' id='par_1_52' title="bbox 80 5592 3569 5669">
     <span class='ocr_line' id='line_1_52' title="bbox 80 5592 3569 5669; baseline -0.001 -18"><span class='ocrx_word' id='word_1_626' title='bbox 80 5601 282 5663; x_wconf 62' lang='lat' dir='ltr'><strong>guenda</strong></span> <span class='ocrx_word' id='word_1_627' title='bbox 320 5600 596 5667; x_wconf 86' lang='lat' dir='ltr'><strong>discidia,</strong></span> <span class='ocrx_word' id='word_1_628' title='bbox 636 5598 893 5669; x_wconf 79' lang='lat' dir='ltr'><strong>finesque</strong></span> <span class='ocrx_word' id='word_1_629' title='bbox 930 5596 1330 5669; x_wconf 82' lang='lat' dir='ltr'><strong>prOpagandos</strong></span> <span class='ocrx_word' id='word_1_630' title='bbox 1372 5594 1667 5650; x_wconf 87' lang='lat' dir='ltr'><strong>intendere</strong></span> <span class='ocrx_word' id='word_1_631' title='bbox 1707 5593 1990 5663; x_wconf 88' lang='lat' dir='ltr'><strong>animum;</strong></span> <span class='ocrx_word' id='word_1_632' title='bbox 2042 5594 2344 5666; x_wconf 87' lang='lat' dir='ltr'><strong>abrogatas</strong></span> <span class='ocrx_word' id='word_1_633' title='bbox 2371 5610 2636 5649; x_wconf 88' lang='lat' dir='ltr'><strong>revocare</strong></span> <span class='ocrx_word' id='word_1_634' title='bbox 2682 5593 2854 5663; x_wconf 85' lang='lat' dir='ltr'><strong>leges,</strong></span> <span class='ocrx_word' id='word_1_635' title='bbox 2884 5608 3055 5647; x_wconf 86' lang='lat' dir='ltr'><strong>novas</strong></span> <span class='ocrx_word' id='word_1_636' title='bbox 3094 5592 3344 5659; x_wconf 88' lang='lat' dir='ltr'><strong>sancire;</strong></span> <span class='ocrx_word' id='word_1_637' title='bbox 3376 5593 3569 5648; x_wconf 83' lang='lat' dir='ltr'><strong>faciles</strong></span> 
     </span>
    </p>
   </div>
   <div class='ocr_carea' id='block_1_53' title="bbox 273 5678 3301 5767">
    <p class='ocr_par' dir='ltr' id='par_1_53' title="bbox 273 5678 3301 5767">
     <span class='ocr_line' id='line_1_53' title="bbox 273 5678 3301 5767; baseline -0.001 -10"><span class='ocrx_word' id='word_1_638' title='bbox 273 5692 570 5757; x_wconf 77' lang='lat' dir='ltr'><strong>PATROL.</strong></span> <span class='ocrx_word' id='word_1_639' title='bbox 622 5687 864 5753; x_wconf 81' lang='lat' dir='ltr'><strong>XXXII.</strong></span> <span class='ocrx_word' id='word_1_640' title='bbox 3082 5678 3301 5767; x_wconf 58' lang='lat' dir='ltr'><strong>(CM-,5</strong></span> 
     </span>
    </p>
   </div>
  </div>
