4020 6374
463 300 481 349 l
500 300 517 349 1
1786 291 2114 347 EPISTOLA
2153 292 2638 348 DEDICATORIA.
3898 301 3945 350 l2

456 417 957 488 interpellantibus
993 417 1251 487 praebere
1294 416 1501 483 aditus,
1534 415 1630 486 jus
1680 431 1778 470 ore
1814 414 2047 486 prOprio
2086 413 2304 482 dicere;
2349 430 2624 469 renovare
2673 419 2823 469 artes
2857 431 2921 469 ac
2958 413 3253 479 scientias;
3304 413 3467 469 bonis
3496 414 3755 485 praemia,
3795 417 3945 471 malis

457 503 741 576 supplicia
767 519 1109 575 proponere.
1126 504 1237 557 Nec
1258 502 1566 571 instabilia,
1584 501 1746 569 utﬁt,
1769 507 1868 556 aut
1887 501 2049 573 quasi
2069 508 2471 558 momentanea
2492 504 2728 557 fuerunt
2747 502 2931 557 edicta
2950 502 3141 572 legum
3155 507 3404 569 tuarum,
3427 502 3487 556 in
3508 503 3717 574 quibus
3738 504 3941 569 eadem,

455 609 585 665 quas
625 593 685 647 in
716 592 877 647 dictis
903 591 1314 663 promissisque
1356 591 1491 658 tuis,
1520 590 1837 646 constantia
1863 591 2012 662 viget
2053 607 2118 645 ac
2160 591 2384 663 religio.
2418 592 2653 657 Quantis
2695 592 2984 646 minarum
3012 591 3328 646 terroribus
3358 592 3496 646 olim
3526 595 3760 647 cautum
3785 598 3866 648 est
3892 595 3944 649 in

452 683 697 738 furiosos
726 698 790 736 ac
814 680 1230 752 perditissimos
1259 681 1538 747 homines,
1571 680 1673 752 qui
1700 678 1979 750 singulari
2007 678 2267 733 condicto
2296 681 2628 748 certamine,
2661 684 2921 735 mutuam
2960 680 3022 734 in
3050 680 3263 734 caedem
3294 681 3506 752 passim
3534 681 3818 736 ruebant?
3847 683 3945 737 Nec

452 779 647 827 tamen
675 773 1028 842 grassantem
1067 770 1250 824 labem
1275 770 1609 837 compressit
1636 768 1743 822 ista
1766 768 1961 838 legum
1998 767 2260 839 varietas,
2294 786 2436 840 quas
2460 769 2639 824 facilis
2667 770 2728 824 in
2758 786 2884 824 reos
2913 769 3271 841 indulgentia
3301 774 3357 823 et
3384 769 3668 840 pudendae
3700 770 3943 841 gloriola!

450 878 665 917 nomen
693 859 885 915 irritas
913 859 1247 914 reddebant.
1286 860 1348 913 ld
1386 864 1670 914 servatum
1700 860 1820 912 erat
1857 857 2192 911 constantiae
2231 862 2367 923 tuae,
2406 858 2725 913 Justissime
2762 859 3052 930 Princeps,
3093 858 3191 930 qui
3232 859 3510 928 ejusmodi
3550 858 3945 930 gladiatoribus

449 949 963 1021 condignissimum
994 949 1341 1020 supplicium
1380 965 1511 1003 cum
1542 952 1757 1002 aeterna
1784 945 2036 1000 infamia:
2067 951 2202 1000 nota
2228 946 2592 1001 inexorabilis
2612 945 2797 1017 inﬂigi
2815 946 3002 1017 jubes.
3036 946 3125 1001 Sic
3145 946 3430 1001 efﬁcacius
3462 963 3635 1017 quam
3660 947 3797 1002 olim
3823 950 3943 1002 Tra-

442 1041 633 1111 janus,
654 1054 773 1109 quae
800 1039 948 1092 mala
977 1037 1197 1105 adimis,
1226 1039 1494 1107 prospicis
1525 1053 1590 1090 ne
1608 1038 1820 1106 possint
1851 1050 1960 1089 esse
1988 1034 2230 1088 recidiva
2247 1053 2263 1099 ;
2294 1035 2380 1089 uti
2405 1052 2523 1105 qua
2553 1036 2690 1090 bona
2712 1039 2967 1105 praestas,
2996 1037 3167 1104 efﬁcis
3194 1051 3260 1089 ne
3289 1035 3494 1089 caduca
3523 1038 3652 1091 sint.
3684 1038 3758 1091 At
3787 1054 3943 1108 quam

450 1129 585 1184 scite
616 1128 675 1183 in
700 1127 931 1199 judiciis
956 1126 1069 1181 tuis
1098 1126 1410 1181 observasti
1439 1142 1667 1197 semper
1692 1125 1835 1180 illud
1866 1124 2348 1196 Augustinianum
2378 1142 2390 1179 :
2437 1126 2588 1181 Nihil
2611 1128 2711 1193 ﬁat
2742 1126 3074 1193 immaniter,
3104 1125 3249 1178 nihil
3277 1126 3678 1179 inhumaniter!
3703 1126 3945 1197 Namque

447 1219 527 1273 ita
554 1218 636 1272 rei
667 1216 922 1272 sentiunt
943 1216 1179 1288 justitias
1208 1222 1321 1271 tuae
1346 1216 1703 1287 gravitatem,
1737 1221 1801 1271 ut
1830 1215 2196 1281 severitatem
2233 1213 2454 1268 causari
2482 1230 2599 1267 non
2627 1213 2864 1283 possint,
2889 1218 2947 1267 et
2974 1213 3035 1267 in
3074 1212 3217 1283 ipsis
3248 1212 3424 1267 etiam
3464 1212 3760 1284 suppliciis
3789 1214 3946 1285 aequi-

446 1313 624 1363 tatem
679 1306 1156 1378 clementiamque
1198 1311 1357 1360 tuam
1399 1311 1726 1377 agnoscant.
1770 1307 1832 1360 In
1870 1304 1960 1360 his
1997 1303 2153 1375 pacis
2182 1302 2405 1371 studiis,
2458 1304 2575 1358 Rex
2617 1302 3085 1370 Prudentissime,
3122 1303 3271 1357 bella
3308 1303 3700 1373 pracveniebas
3747 1303 3945 1369 animo,

447 1396 766 1468 tacitusque
795 1410 919 1449 rem
941 1394 1216 1466 grandem
1245 1394 1473 1464 agebas,
1508 1398 1572 1448 ut
1598 1410 1672 1449 ne
1702 1393 1837 1462 alio,
1871 1409 2045 1465 quam
2073 1397 2128 1447 te
2148 1393 2494 1463 imperatore
2524 1396 2673 1445 esset
2702 1407 2866 1461 opus,
2899 1407 3030 1445 cum
3059 1391 3196 1445 belli
3226 1391 3530 1445 necessitas
3559 1391 3820 1447 instaret.

516 1504 642 1558 Jam
673 1501 993 1557 accedimus
1022 1499 1253 1555 attoniti
1282 1501 1349 1555 ad
1373 1500 1472 1556 illa
1494 1500 1883 1564 memoranda,
1919 1499 1981 1553 in
2006 1498 2215 1570 quibus
2234 1501 2405 1568 caput
2422 1496 2565 1552 illud
2588 1497 2693 1551 toti
2718 1496 2843 1551 orbi
2866 1497 3254 1552 venerandum
3282 1501 3369 1552 tot
3389 1497 3645 1568 objecisti
3672 1499 3947 1569 periculis,

446 1595 535 1646 tot
573 1590 723 1646 curis
757 1590 1065 1646 distraxisti
1104 1589 1385 1658 animum,
1426 1594 1511 1646 tot
1545 1589 1829 1662 prodigiis
1866 1593 2197 1660 stupentem
2235 1585 2547 1642 distinuisti
2588 1587 2888 1657 Europam.
2936 1587 3001 1639 Et
3034 1586 3133 1640 illa
3171 1586 3292 1640 sola
3328 1585 3672 1657 cogitatione
3713 1588 3947 1660 assequi,

446 1681 661 1736 nedum
688 1680 946 1736 oratione
975 1680 1257 1750 explicare
1297 1679 1425 1750 quis
1457 1678 1736 1735 sufﬁciat?
1769 1678 1949 1733 Simul
1974 1682 2039 1732 ut
2069 1681 2205 1732 nata
2233 1679 2319 1729 est
2352 1675 2487 1729 belli
2517 1674 2736 1728 occasio
2776 1691 2840 1728 ac
2871 1673 3131 1742 materia,
3169 1678 3294 1728 tum
3333 1674 3588 1745 primum
3626 1674 3811 1729 amice
3839 1692 3948 1729 rem

445 1769 583 1840 agis,
619 1785 691 1822 ne
718 1768 919 1836 ferias;
950 1768 1209 1833 minaris,
1242 1773 1306 1822 ut
1332 1772 1583 1835 terreas;
1625 1773 1806 1823 terres
1837 1784 1901 1822 ac
1932 1782 2151 1833 mones,
2184 1781 2255 1819 ne
2285 1764 2479 1818 hostes
2508 1762 2818 1834 imparatos
2843 1762 3118 1817 invenias.
3147 1763 3287 1817 Hinc
3306 1763 3568 1833 procedis
3587 1779 3716 1818 cum
3748 1764 3949 1835 insigni

442 1857 697 1912 militum
724 1856 948 1911 delectu
980 1871 993 1910 :
1037 1872 1167 1910 mox
1199 1856 1422 1911 decedit
1453 1858 1688 1913 Rhenus
1718 1856 1993 1927 Majestati
2021 1861 2157 1918 tuae,
2190 1855 2308 1909 Rex
2345 1852 2738 1915 Invictissime,
2786 1868 2943 1907 arces
2975 1857 3146 1924 atque
3175 1852 3345 1907 urbes
3373 1851 3780 1908 munitissimae
3807 1870 3947 1923 pra:-

443 1945 627 2001 sentia
644 1946 911 2017 famaque
934 1949 1033 1999 tua
1053 1945 1392 2001 exanimata:
1419 1946 1720 2002 turmatim
1750 1946 1986 2001 veniunt
2016 1945 2077 1999 in
2104 1942 2484 2009 deditionem;
2511 1957 2574 1995 ac
2603 1941 2834 1996 demum
2866 1941 3161 2011 conjurata
3188 1940 3250 1994 in
3278 1945 3333 1995 te
3364 1941 3587 2011 Europa
3605 1940 3724 1996 fere
3750 1940 3946 2007 omnis,

442 2034 639 2090 virtuti
667 2038 781 2088 tuas
820 2033 1050 2089 nonnisi
1077 2033 1344 2089 victorias
1372 2036 1707 2107 palmasque
1739 2035 2077 2090 accumulat.
2111 2035 2265 2088 Inter
2294 2032 2436 2098 haec,
2468 2029 2892 2086 adversantium
2923 2029 3086 2095 dolis,
3121 2028 3421 2095 machinis,
3445 2029 3775 2101 viribusque
3797 2046 3948 2100 supe-

444 2120 606 2185 ratis,
639 2120 778 2175 dum
814 2119 920 2175 tibi
952 2121 1023 2175 ad
1064 2125 1260 2176 votum
1309 2122 1619 2177 succedunt
1661 2121 1877 2181 omnia,
1920 2121 2056 2176 dum
2101 2125 2317 2191 paratas
2353 2124 2487 2175 sunt
2514 2119 2584 2173 ad
2634 2118 2986 2173 deditionem
3026 2117 3267 2188 integras
3305 2117 3647 2189 provincia);
3681 2123 3845 2174 tanta
3875 2124 3949 2174 est

444 2209 761 2264 moderatio
799 2213 916 2274 tua,
947 2213 1013 2262 ut
1056 2225 1122 2263 ex
1159 2209 1465 2281 Augustini
1494 2210 1795 2276 sententia,
1826 2209 2077 2281 glorioso
2107 2209 2255 2263 bello
2286 2224 2486 2279 pacem
2514 2207 2831 2262 modestam
2856 2208 3144 2278 praeferas.
3175 2206 3604 2263 Confosderatos
3634 2208 3830 2263 hostes
3888 2209 3947 2264 de

442 2294 866 2350 conditionibus
895 2294 1273 2368 disceptantes
1296 2297 1369 2352 ad
1398 2296 1762 2352 concordiam
1792 2295 2055 2363 adducis;
2089 2300 2148 2350 et
2176 2295 2277 2367 qui
2300 2296 2437 2352 belli
2468 2296 2705 2351 dederas
2731 2297 2907 2367 leges,
2939 2296 3040 2351 das
3070 2296 3243 2350 etiam
3269 2295 3446 2367 pacis.

515 2401 652 2466 Quis
689 2400 748 2456 in
782 2402 982 2456 mediis
1023 2407 1108 2458 tot
1145 2407 1549 2477 tantarumque
1577 2403 1945 2459 victoriarum
1975 2402 2206 2472 tropaeis
2234 2402 2392 2458 mille
2420 2404 2744 2474 triumphos
2766 2403 3058 2458 Ludovico
3090 2404 3290 2474 Magno
3319 2419 3589 2475 repensus
3617 2420 3731 2459 non
3762 2405 3945 2460 existi-

442 2493 611 2546 met?
642 2492 849 2546 Verum
879 2492 1050 2563 longe
1080 2493 1192 2548 alia
1222 2498 1305 2548 est
1330 2510 1494 2549 mens
1514 2498 1631 2559 tua,
1662 2495 1776 2549 Rex
1809 2493 2024 2565 ubique
2053 2492 2262 2559 Victor,
2295 2508 2469 2563 quam
2499 2492 2818 2562 priscorum
2847 2490 3283 2560 imperatorum,
3316 2492 3417 2562 qui
3437 2496 3745 2564 postquam
3766 2493 3949 2548 hostes

443 2578 619 2633 armis
657 2578 857 2634 leviter
886 2579 1217 2651 attigerant,
1248 2581 1577 2652 triumphis,
1609 2581 2156 2653 triumphorumque
2184 2578 2494 2650 impendiis
2527 2578 2783 2634 subditos
2822 2594 2956 2633 suos
2984 2578 3316 2649 fatigabant.
3367 2581 3674 2651 Majestatis
3702 2586 3820 2637 tuas
3852 2582 3950 2636 iter

445 2685 476 2722 a
504 2667 672 2733 bello,
704 2668 821 2722 imo
865 2685 899 2722 a
928 2667 1194 2736 victoriis,
1227 2670 1518 2741 placidum
1561 2688 1625 2725 ac
1650 2671 1997 2738 modestum,
2036 2667 2200 2742 quasi
2237 2668 2407 2739 plane
2446 2684 2477 2721 a
2524 2682 2664 2737 pace
2694 2666 2982 2721 redeuntis
3017 2682 3030 2721 :
3073 2671 3138 2721 ut
3183 2667 3252 2720 de
3294 2667 3545 2723 hostium
3576 2669 3874 2724 ferocitate
3899 2686 3952 2723 ac

443 2754 731 2825 superbia,
764 2754 834 2810 de
859 2754 984 2826 ipsa
1010 2756 1437 2827 triumphorum
1466 2773 1700 2828 pompa,
1732 2772 1847 2811 non
1878 2756 1946 2811 de
1966 2754 2243 2826 patientia
2274 2754 2633 2809 subditorum
2661 2753 3017 2825 triumphare
3046 2753 3306 2809 videaris.
3328 2756 3442 2809 Hoc
3463 2757 3580 2811 solo
3603 2757 3950 2812 advertimus

440 2848 497 2899 te
526 2843 799 2899 victorem
829 2861 971 2911 esse,
1015 2844 1133 2900 Rex
1173 2845 1672 2912 Cbristianissime,
1722 2844 1879 2917 quod
1906 2843 2057 2899 inter
2090 2842 2311 2898 medios
2349 2843 2632 2898 bellorum
2673 2842 3058 2913 undequaque
3095 2842 3463 2897 frementium
3513 2843 3765 2914 impetus
3805 2851 3953 2901 tran-

440 2932 606 3005 quilli
635 2950 700 2989 ac
729 2934 914 2989 securi
939 2951 1164 3004 sumus;
1189 2941 1245 2991 et
1275 2936 1429 3008 quod
1460 2935 1719 2991 omnium
1752 2934 2127 2990 Ecclesiarum
2154 2933 2384 2989 festivos
2412 2935 2740 2997 concentus,
2769 2931 2994 3002 linguas
3024 2947 3088 2985 ac
3116 2947 3279 2986 voces
3299 2931 3664 2987 Sacerdotum
3682 2950 3951 3004 provocas

438 3023 509 3078 ad
531 3023 936 3079 celebrandum
968 3024 1068 3079 Dei
1096 3040 1335 3095 numen,
1367 3024 1459 3081 cui
1483 3024 1854 3080 victoriarum
1884 3028 2115 3079 tuarum
2144 3020 2387 3093 gloriam
2416 3024 2706 3091 acceptam
2735 3019 2939 3075 referri
2960 3019 3150 3092 jubes.

510 3119 863 3185 Mirabuntur
898 3129 1020 3185 sine
1050 3130 1222 3185 dubio
1253 3132 1487 3202 posteri,
1532 3133 1651 3187 Rex
1698 3130 1966 3198 maxime,
1989 3133 2210 3184 tantam
2252 3125 2581 3181 felicitatem
2601 3141 2734 3180 cum
2763 3142 2829 3180 ea
2859 3125 3247 3181 moderatione
3276 3125 3670 3198 conjunctam,
3696 3132 3766 3182 ut
3796 3129 3951 3184 nulla

442 3233 696 3288 unquam
727 3217 1063 3289 cujusquam
1085 3217 1378 3273 incondita
1407 3218 1620 3273 locutio
1652 3223 1752 3274 aut
1780 3218 1943 3285 actio,
1974 3214 2329 3289 impatientis
2348 3213 2528 3269 animi
2558 3218 2779 3269 motum
2809 3231 2840 3269 a
2868 3219 2922 3269 te
2943 3215 3270 3271 excusserit.
3300 3215 3655 3271 Mirabuntur
3672 3218 3948 3289 profecto,

439 3310 496 3359 et
522 3308 695 3360 tantas
724 3304 1117 3377 prosperitatis
1142 3306 1391 3361 rationes
1415 3322 1448 3359 a
1476 3306 1643 3361 nobis
1673 3305 1925 3378 exigent.
1964 3309 2055 3372 At,
2088 3305 2135 3359 si
2163 3303 2418 3360 Ausonio
2448 3302 2754 3372 credimus,
2801 3306 3065 3359 rationem
3093 3306 3376 3371 felicitatis
3409 3321 3557 3360 nemo
3594 3306 3801 3363 reddit.
3836 3309 3949 3362 Imo

438 3410 572 3448 vero
592 3393 756 3449 facile
786 3398 871 3449 est
904 3394 1166 3461 reddere,
1199 3394 1247 3448 si
1274 3410 1390 3448 non
1422 3394 1490 3449 de
1513 3393 1760 3448 aliorum
1790 3393 2138 3465 principum,
2171 3398 2322 3448 certe
2351 3393 2420 3448 de
2458 3397 2577 3460 tua,
2616 3393 3083 3449 Fortunatissime
3114 3394 3404 3466 Princeps,
3437 3395 3749 3463 felicitater
3778 3411 3947 3470 quam

438 3497 555 3536 non
584 3480 786 3536 incerti
816 3497 978 3535 casus
1008 3496 1316 3553 rerumque
1347 3484 1604 3544 eventus,
1636 3497 1754 3534 non
1784 3497 1933 3535 caeca
1960 3480 2191 3535 fortuna
2220 3481 2396 3552 regit;
2429 3482 2525 3536 sed
2547 3481 2864 3537 certissima
2893 3487 2951 3537 et
2978 3483 3316 3543 inconcussa
3337 3484 3510 3541 ratio.
3539 3484 3596 3539 Si
3608 3485 3944 3556 religionem

437 3575 594 3625 tuam
634 3569 1005 3637 consulimus,
1045 3570 1192 3625 hanc
1227 3569 1556 3624 felicitatem
1592 3573 1773 3624 totam
1812 3568 2081 3623 refundes
2120 3568 2182 3623 in
2216 3571 2567 3642 singularem
2603 3570 2706 3626 Dei
2742 3571 3189 3642 providentiam,
3247 3589 3277 3625 e
3312 3573 3474 3643 cujus
3512 3577 3657 3628 nutu
3696 3576 3949 3645 pendent

435 3659 697 3732 imperia,
730 3658 1250 3731 imperantiumque
1278 3659 1548 3714 conditio.
1578 3658 1636 3714 Si
1675 3658 2083 3730 Augustinum,
2117 3675 2244 3713 eam
2279 3659 2496 3715 tribuet
2538 3659 2710 3715 etiam
2742 3660 2983 3731 justitiae
3022 3666 3136 3715 tua:
3168 3678 3182 3718 :
3222 3661 3437 3732 quippe
3479 3662 3581 3733 qui
3608 3663 3947 3720 christianos

436 3749 814 3820 imperatores
838 3748 944 3803 hoc
973 3748 1207 3802 nomine
1236 3748 1426 3804 felices
1454 3748 1606 3814 dicit,
1642 3750 1692 3803 si
1707 3747 1865 3817 juste
1897 3750 2187 3818 imperant,
2222 3750 2273 3803 si
2309 3764 2465 3803 suam
2502 3754 2820 3819 potestatem
2859 3751 2933 3805 ad
2962 3753 3060 3805 Dei
3091 3753 3296 3807 cultum
3332 3754 3570 3807 maxime
3602 3754 3947 3810 dilatandam

434 3840 714 3909 majestati
732 3838 849 3908 ejus
877 3838 1146 3904 famulam
1163 3840 1399 3905 faciunt.
1438 3838 1693 3911 Denique
1721 3838 1767 3908 si
1797 3855 1905 3894 nos
1924 3838 2082 3909 ipsos
2104 3838 2551 3909 interrogamus,
2577 3839 2724 3892 hanc
2745 3837 3073 3893 felicitatem
3094 3839 3332 3910 insuper
3360 3840 3708 3895 ascribemus
3734 3841 3947 3896 incom-

433 3925 676 3998 parabili
713 3925 882 3998 genio
911 3926 1128 3980 caelitus
1155 3926 1261 3981 tibi
1290 3944 1557 3983 concesso
1593 3945 1605 3983 :
1641 3929 1804 4000 cujus
1834 3944 1903 3983 ea
1927 3928 2009 3982 vis
2040 3932 2126 3982 est
2152 3943 2217 3982 ac
2246 3926 2604 3998 magnitudo,
2637 3932 2699 3982 ut
2726 3927 3037 3983 dubiorum
3065 3935 3375 3984 eventuum
3405 3946 3602 3985 causas
3633 3930 3857 4002 dirigas
3885 3929 3946 3985 ad

433 4017 780 4072 destinatum
810 4015 1006 4082 tinem,
1037 4015 1305 4088 ipsosque
1334 4022 1570 4072 eventus
1611 4033 1998 4089 prazoccupes,
2040 4021 2097 4073 et
2133 4016 2448 4071 incursuris
2487 4016 2746 4072 obicibus
2776 4017 2994 4073 aditum
3030 4020 3365 4089 praecludas.
3411 4021 3538 4074 llaec
3577 4023 3661 4075 est
3694 4020 3805 4087 vis,
3842 4036 3947 4092 qua

432 4123 523 4161 res
551 4121 699 4176 pene
723 4103 999 4171 inﬁnitas,
1025 4104 1195 4176 longe
1227 4104 1532 4161 dissimiles
1561 4123 1625 4161 ac
1653 4107 1968 4171 intricatas,
2002 4107 2125 4162 sine
2149 4105 2430 4172 molestia,
2463 4105 2627 4177 quasi
2657 4105 2895 4173 otiosus,
2927 4106 3120 4161 animo
3150 4108 3561 4179 complecteris.
3600 4109 3713 4163 Hac
3743 4109 3947 4164 merita

433 4192 704 4249 discernis
731 4194 1127 4264 praestantium
1152 4194 1424 4263 virorum,
1458 4212 1601 4267 quos
1627 4196 1870 4267 publicis
1890 4196 2060 4250 rebus
2087 4200 2246 4250 tanto
2276 4212 2407 4249 cum
2431 4196 2655 4250 delectu
2683 4196 2949 4266 praeﬁcis.
2987 4198 3099 4251 Hac
3121 4197 3253 4251 ades
3281 4189 3454 4252 etiam
3480 4198 3617 4252 locis
3651 4199 3943 4263 omnibus,

432 4287 489 4338 et
515 4282 678 4338 factis
706 4282 987 4337 omnium.
1025 4285 1104 4338 Tu
1130 4285 1296 4338 simul
1323 4287 1506 4339 omnia
1544 4286 1866 4355 per/“undis;
1899 4290 1961 4340 ut
2007 4286 2116 4352 Sol,
2148 4300 2254 4339 non
2281 4288 2437 4353 parte
2481 4285 2698 4353 aliqua,
2730 4285 2826 4338 sed
2851 4287 3039 4340 statim
3080 4289 3241 4352 totus,
3273 4303 3367 4341 nec
3395 4288 3494 4340 uni
3519 4291 3616 4342 aut
3643 4288 3833 4350 alteri,
3861 4287 3947 4343 sed

431 4372 674 4428 omnibus
704 4373 763 4427 in
796 4386 1067 4427 commune
1090 4374 1397 4442 profertur.
1441 4373 1580 4428 Inde
1619 4372 1939 4444 procedunt
1975 4372 2293 4427 rectissima
2331 4372 2401 4427 de
2440 4373 2609 4428 rebus
2640 4373 2908 4428 omnibus
2941 4374 3120 4429 animi
3158 4374 3242 4429 tui
3275 4375 3511 4446 judicia,
3542 4376 3641 4431 illa
3678 4376 3799 4431 oris
3829 4393 3946 4432 ma-

421 4460 619 4533 jestas,
651 4475 850 4533 graves
871 4460 984 4514 illa:
1010 4460 1332 4527 sententias,
1366 4461 1513 4517 dicta
1543 4461 1641 4517 illa
1679 4478 1976 4535 nunquam
2008 4478 2124 4517 non
2153 4462 2226 4518 ad
2257 4465 2426 4517 rectas
2455 4462 2695 4517 rationis
2734 4463 2934 4518 limam
2966 4480 3032 4519 ex
3071 4469 3331 4537 tempore
3362 4467 3599 4537 prolata,
3631 4466 3835 4537 qualia
3862 4465 3946 4519 vix

432 4552 768 4621 assequatur
796 4548 1121 4620 sapientum
1149 4549 1426 4604 meditata
1454 4550 1656 4606 oratio.

498 4655 709 4709 Verum
734 4653 877 4709 illud
909 4654 1206 4709 cumulum
1245 4652 1403 4709 addit
1426 4654 1685 4709 felicitati
1713 4658 1828 4710 tua
1858 4672 1922 4710 ac
1950 4658 2176 4722 nostrae,
2208 4656 2325 4711 Rex
2355 4655 2793 4728 Augustissime,
2827 4658 2979 4730 quod
3013 4658 3218 4713 Natum
3248 4658 3514 4713 instituas
3544 4658 3799 4715 similem
3842 4659 3939 4714 tui.

426 4743 586 4808 Quod
614 4743 786 4798 talem
817 4742 1102 4814 genueris,
1135 4747 1356 4798 naturae
1398 4747 1482 4798 est
1522 4760 1535 4798 :
1579 4743 1734 4816 quod
1773 4743 2017 4799 similem
2046 4743 2133 4799 tui
2171 4744 2404 4813 efficias,
2436 4745 2732 4815 sapientiae
2761 4751 2897 4802 tum.
2929 4748 3073 4801 Nam
3103 4747 3545 4802 Serenissimum
3576 4748 3935 4819 Delphinum

425 4847 543 4887 non
566 4835 791 4887 tantum
820 4830 1060 4886 assiduis
1099 4831 1596 4887 selectissimorum
1642 4833 1903 4888 Virorum
1943 4832 2263 4905 praeceptis,
2305 4832 2405 4888 sed
2442 4833 2690 4888 maxime
2729 4834 2982 4905 paternis
3008 4835 3238 4890 monitis
3269 4838 3661 4908 exemplisque
3691 4839 3769 4893 ad
3800 4839 3943 4893 bene

424 4920 782 4992 regnandum
811 4919 1112 4988 informes;
1145 4926 1203 4976 et
1239 4920 1703 4976 reviviscentibus
1737 4922 1797 4976 in
1824 4926 1880 4976 te
1915 4937 2031 4977 uno
2062 4921 2322 4977 omnium
2363 4924 2606 4978 heroum
2642 4926 2916 4994 praeclare
2946 4925 3107 4979 factis
3141 4926 3334 4996 palam
3375 4926 3756 4987 demonstras.
3801 4926 3942 4982 nihil

424 5009 607 5081 magis
628 5008 939 5081 gloriosum
961 5008 1293 5081 contingere
1311 5027 1475 5083 posse
1504 5010 1768 5065 Ludovici
1797 5010 1984 5082 Magni
2002 5010 2141 5075 ﬁlio,
2168 5027 2341 5083 quam
2363 5012 2587 5082 parenti
2611 5029 2831 5085 morem
2857 5029 3076 5084 gerere,
3100 5017 3157 5068 et
3178 5030 3351 5085 quam
3378 5013 3643 5085 proxime
3669 5017 3940 5072 accedere

421 5095 727 5152 imitando.

491 5207 786 5260 Postremo
812 5203 1043 5275 imperii
1072 5204 1154 5259 tui
1196 5204 1473 5272 felicitati,
1507 5206 1625 5260 Rex
1654 5204 1910 5272 Paciﬁce,
1939 5204 2295 5275 ascribimus,
2329 5208 2482 5278 quod
2510 5208 2686 5261 sancti
2714 5207 3017 5278 Augustini
3045 5207 3314 5279 operibus
3345 5208 3745 5277 emendandis,
3777 5211 3938 5266 resti-

420 5292 671 5360 tuendis,
701 5292 1057 5348 illustrandis
1085 5292 1417 5348 incumbere
1438 5294 1602 5348 nobis
1623 5293 1772 5348 licet.
1805 5293 2021 5358 Quietis
2045 5294 2166 5348 haec
2194 5312 2298 5366 per
2325 5301 2381 5349 te
2412 5295 2617 5350 mediis
2647 5295 2708 5350 in
2743 5296 2907 5349 bellis
2933 5300 3107 5366 partas
3138 5296 3252 5350 otia
3283 5314 3346 5351 ac
3377 5297 3611 5368 negotia
3642 5303 3798 5354 sunt.
3836 5301 3938 5355 Ne-

419 5397 530 5451 que
562 5380 715 5435 enim
756 5378 905 5434 inter
940 5395 1232 5435 armorum
1272 5380 1545 5452 strepitus
1586 5397 1826 5451 operosa
1857 5382 1981 5436 haec
2020 5381 2209 5436 studia
2247 5388 2429 5437 terere
2467 5387 2709 5449 vacaret,
2752 5388 2851 5437 aut
2894 5400 3026 5437 vero
3066 5386 3502 5439 reilorescerent
3530 5390 3680 5439 artes
3712 5403 3934 5452 omnes,

418 5469 530 5523 nisi
555 5468 659 5524 sub
690 5473 790 5524 tuo
826 5468 1147 5540 principatu
1189 5485 1308 5523 esse
1339 5469 1477 5524 tutis
1506 5470 1717 5525 liceret.
1763 5470 1923 5524 Nunc
1951 5474 2141 5525 autem
2175 5470 2312 5541 quid
2344 5488 2459 5525 non
2495 5470 2834 5541 Augustino,
2868 5471 3005 5542 quid
3034 5488 3151 5526 non
3180 5472 3344 5527 bonis
3377 5472 3608 5539 litteris,
3641 5473 3785 5545 quid
3820 5493 3935 5531 non

419 5557 685 5613 omnibus
715 5557 783 5613 de
814 5557 1107 5613 communi
1137 5574 1279 5630 pace
1310 5558 1694 5630 sperandum?
1723 5558 1895 5613 Nobis
1933 5575 2116 5614 unum
2147 5566 2404 5631 superest
2431 5559 2786 5631 simplexque
2820 5564 3053 5628 votum;
3088 5560 3365 5615 nimirum
3395 5564 3460 5614 ut
3490 5561 3641 5615 Deus
3669 5562 3937 5632 Optimus

421 5644 695 5701 Maximus
727 5645 1011 5701 continuis
1037 5662 1229 5701 rerum
1257 5648 1637 5702 secundarum
1661 5647 2032 5715 successibus,
2064 5664 2207 5720 quos
2227 5647 2392 5703 beata
2423 5647 2654 5702 demum
2677 5646 2903 5703 claudat
2932 5646 3357 5718 immortalitas,
3390 5649 3741 5721 Majestatem
3777 5654 3937 5707 tuam
