4020 6368
151 289 216 339 l3
1492 298 1861 354 PREFATIO
1903 301 2318 354 GENERALIS.
3597 309 3658 362 14

141 409 472 466 diutissime
505 413 794 468 fortunare
823 420 1043 486 pergat.
1077 417 1312 472 Interim
1337 422 1434 473 tua
1461 419 1715 476 bonitate
1745 420 1964 487 conﬁsi,
1999 421 2190 494 Regia!
2220 423 2412 477 tutelae
2440 422 2788 494 praesidium,
2820 423 2973 493 quod
2995 397 3115 494 jam
3138 424 3270 479 inde
3297 426 3366 480 ab
3387 427 3550 482 initio
3576 445 3660 482 re—

138 498 246 566 gni
278 500 361 553 tui
395 501 561 555 toties
592 502 803 573 experti
835 520 1050 571 sumus,
1083 505 1143 560 in
1172 511 1463 577 posterum
1496 509 1669 563 etiam
1701 509 1865 564 nobis
1897 510 2154 580 impendi
2187 511 2393 565 obnixe
2424 511 2798 582 postulamus,
2833 512 2947 566 Rex
2991 513 3462 583 Clementissime,
3497 517 3659 588 quid-

139 585 290 655 quid
317 588 567 658 perinde
596 590 990 663 habuerimus,
1017 593 1295 666 quidquid
1323 596 1433 668 ipsi
1462 597 1761 668 fuerimus,
1793 604 1955 652 tuum
1985 598 2045 654 id
2078 617 2248 655 omne
2277 600 2613 672 reputaturi.

831 696 1017 754 Sacra:
1047 699 1320 768 Majestati
1357 706 1470 757 tuae

2459 794 2817 850 Devotissimi
2849 813 2912 850 ac
2941 796 3254 851 ﬁdelissimi

2580 883 2813 937 clientes
2851 888 2908 937 et
2937 885 3166 951 subditi,

279 959 514 1020 Parisiis,
548 975 576 1010 e
605 961 922 1012 Monasterio
954 963 1004 1014 S.
1037 965 1280 1015 Germani
1309 979 1339 1015 a
1363 967 1544 1026 Pratis,

492 1041 594 1091 cal.
620 1041 872 1106 januarii,
905 1058 994 1093 an.
1028 1048 1162 1096 l679.

2106 1128 2422 1182 MONAClll
2467 1129 2902 1184 BENEDICTINI
2946 1131 3198 1185 CONUB.
3341 1133 3580 1187 MAL‘HI.

3479 1314 3654 1323 -w

1629 1442 1700 1492 IN
1747 1443 2178 1494 NOVISSIMAM

833 1603 950 1725 S.
1050 1603 2074 1730 AUGUSTINI
2177 1606 2960 1736 OPERUM

1523 1838 2276 1899 EDITIONEM

1145 2013 1810 2098 ΡΒίΕΡΑΤΙΟ
1909 2014 2660 2099 GENERALIS.

209 2391 351 2445 Cum
380 2390 637 2461 primum
667 2390 1130 2460 Congregationis
1160 2393 1368 2444 nostrae
1401 2390 1698 2459 Praepositi
1723 2391 1925 2445 fratres
1955 2394 2177 2444 nostros
2209 2390 2277 2444 ad
2306 2389 2490 2444 studia
2519 2391 2838 2446 litterarum
2868 2395 3156 2464 applicare
3181 2407 3548 2469 censuerunt,
3585 2421 3651 2456 ea

141 2479 508 2550 potissimum
540 2479 612 2533 ab
642 2479 724 2533 eis
766 2479 981 2532 delecta
1027 2481 1159 2532 sunt
1189 2478 1395 2545 studia,
1442 2494 1568 2550 quae
1599 2479 1730 2550 plus
1755 2477 2015 2532 utilitatis
2049 2494 2168 2548 pra:
2205 2495 2263 2531 se
2299 2478 2532 2548 ferrent,
2565 2497 2735 2551 quam
2785 2483 3213 2553 ostentationis;
3258 2493 3314 2540 et
3343 2505 3470 2560 quae
3505 2491 3637 2544 reli-

138 2567 310 2637 giosae
343 2567 638 2622 solitudini
669 2571 723 2620 et
751 2567 1169 2620 conversationi
1199 2566 1380 2636 magis
1410 2566 1796 2621 convenirent.
1832 2567 1896 2619 In
1924 2582 1990 2620 eo
2022 2583 2229 2636 genere
2262 2567 2400 2621 nihil
2431 2569 2620 2638 aptius
2651 2574 2747 2624 aut
2787 2573 3164 2641 opportunius
3205 2576 3285 2628 eis
3315 2577 3499 2631 visum
3532 2585 3638 2646 est,

139 2673 313 2727 quam
343 2655 662 2726 recognitio
692 2661 746 2709 et
776 2655 949 2709 editio
981 2672 1124 2710 nova
1154 2663 1475 2710 sanctorum
1505 2656 1757 2722 Patrum,
1790 2670 1920 2708 cum
1949 2655 2297 2722 Latinorum,
2329 2659 2451 2710 tum
2481 2659 2806 2712 Graecorum
2842 2676 2853 2712 :
2887 2667 3192 2730 propterea
3223 2666 3375 2733 quod
3403 2671 3456 2719 et
3487 2683 3643 2722 exer-

138 2744 330 2799 citatio
360 2745 484 2815 ipsa
515 2761 618 2816 per
647 2761 767 2799 sese
798 2744 1051 2807 maxime
1072 2745 1413 2800 conduceret
1442 2745 1511 2799 ad
1544 2743 1849 2799 lectitanda
1879 2747 1933 2797 et
1975 2743 2299 2798 meditanda
2326 2760 2524 2797 eorum
2566 2745 2794 2816 scripta,
2825 2747 2884 2799 in
2916 2748 3122 2818 quibus
3154 2766 3282 2805 vera
3333 2757 3391 2806 et
3421 2754 3641 2810 sincera

139 2833 400 2889 Ecclesize
432 2834 688 2889 doctrina
717 2851 779 2888 ac
808 2834 989 2904 pietas
1020 2833 1308 2901 consistit;
1339 2837 1393 2887 et
1431 2849 1544 2887 non
1571 2849 1750 2903 pauca
1781 2833 1946 2888 nobis
1975 2833 2306 2904 adjumenta
2332 2839 2700 2904 suppeterent
2729 2835 2794 2888 ad
2825 2836 2882 2890 id
2914 2837 3103 2906 operis
3135 2841 3558 2911 suscipiendum
3587 2851 3642 2899 et

137 2921 591 2992 exsequendum.
623 2924 807 2992 Atque
841 2925 905 2975 ut
933 2919 1275 2991 quibusdam
1303 2920 1477 2975 veluti
1501 2920 1771 2992 gradibus
1792 2921 1862 2974 ad
1890 2921 2040 2975 hunc
2067 2921 2344 2989 laborem,
2375 2922 2554 2992 magis
2579 2923 2824 2976 arduum
2855 2930 3002 2977 certe
3035 2943 3097 2979 ac
3127 2927 3439 2996 difﬁcilem,
3467 2949 3640 3001 quam

136 3010 520 3079 splendidum,
553 3010 750 3063 fratres
780 3008 959 3062 nostri
985 3008 1178 3062 idonei
1208 3013 1263 3062 et
1288 3007 1469 3078 parati
1497 3008 1710 3062 sensim
1741 3007 2132 3075 redderentur,
2165 3025 2197 3062 a
2219 3008 2559 3079 quibusdam
2587 3011 2759 3063 veluti
2789 3011 3123 3067 rudimentis
3149 3014 3379 3070 initium
3406 3019 3644 3075 ductum

136 3104 242 3163 est,
278 3099 494 3153 scilicet
529 3099 600 3152 ab
632 3098 880 3152 editione
923 3099 1261 3152 selectorum
1293 3097 1707 3169 Opusculorum
1739 3102 2060 3152 sanctorum
2094 3100 2358 3163 Patrum;
2389 3097 2522 3151 dein
2547 3097 2618 3152 ab
2649 3097 2883 3168 integris
2915 3099 3136 3171 scriptis
3164 3102 3430 3173 aliorum,
3463 3107 3645 3163 donec

135 3187 372 3242 tandem
402 3187 474 3242 ad
503 3204 676 3258 opera
702 3185 1040 3241 sanctissimi
1067 3186 1310 3240 doctoris
1341 3186 1642 3257 Augustini
1668 3191 1901 3241 ventum
1930 3191 2012 3240 est
2045 3203 2058 3240 :
2089 3187 2296 3257 quibus
2327 3187 2696 3242 emendandis
2727 3193 2781 3242 et
2810 3193 3276 3260 recognoscendis
3311 3202 3371 3248 ut
3401 3212 3635 3266 Operam

134 3277 626 3348 impenderemus,
658 3277 823 3330 multi
855 3276 1111 3330 Ecclesia:
1142 3275 1510 3330 illustrissimi
1540 3277 1830 3346 praesules,
1864 3291 2082 3329 necnon
2111 3276 2280 3329 etiam
2304 3280 2450 3345 togae
2480 3275 2766 3346 principes
2791 3277 2896 3330 viri
2922 3283 3177 3334 auctores
3201 3281 3362 3336 nobis
3393 3290 3450 3338 et
3479 3286 3638 3340 insti-

135 3371 362 3435 gatores
389 3366 567 3420 fuere.
603 3366 643 3421 E
671 3365 871 3436 primis
899 3365 1007 3419 fuit
1033 3365 1447 3419 illustrissimus
1477 3365 1800 3419 Franciscus
1834 3365 2084 3418 Harlzeus
2110 3364 2455 3419 Parisiorum
2482 3382 2667 3436 nuper
2696 3367 3086 3437 archiprcesul,
3121 3370 3220 3441 qui
3251 3371 3422 3443 hujus
3450 3376 3637 3445 operis

132 3459 448 3523 patronum
480 3458 534 3508 et
579 3455 865 3509 fautorem
913 3470 1136 3524 semper
1164 3470 1222 3508 se
1255 3453 1558 3525 praestitit:
1595 3471 1625 3507 e
1662 3453 1920 3508 secundis
1968 3453 2300 3508 Guillelmus
2350 3454 2654 3508 Lamonius
2684 3455 2922 3509 Senatus
2969 3457 3300 3512 Parisiensis
3349 3464 3642 3532 quondam

132 3544 429 3615 princeps,
457 3543 576 3614 qui,
606 3559 710 3613 pro
738 3559 839 3597 sua
861 3541 920 3597 in
943 3543 1159 3596 litteras
1185 3543 1578 3614 litteratosque
1599 3539 2013 3606 benevolentia,
2039 3540 2506 3612 typographicam
2530 3541 2690 3595 nobis
2716 3542 3085 3599 domesticam
3111 3545 3398 3601 ofﬁcinam
3430 3567 3463 3602 a
3489 3551 3644 3622 Rege

133 3633 447 3704 impetrare
475 3637 532 3686 et
559 3647 866 3702 procurare
896 3629 1094 3699 voluit,
1116 3635 1180 3685 ut
1199 3631 1317 3685 haec
1347 3629 1518 3685 editio
1548 3630 1608 3683 in
1636 3628 1867 3701 privatis
1898 3629 2113 3683 {edibus
2144 3629 2495 3684 commodius
2525 3635 2579 3684 et
2608 3629 2831 3684 facilius
2857 3638 3274 3702 procuraretur.
3302 3637 3510 3691 Verum
3535 3639 3640 3693 hac

131 3721 482 3786 conditione,
517 3720 878 3791 quantumvis
917 3719 975 3773 in
1002 3719 1248 3790 speciem
1280 3723 1624 3790 opportuna,
1654 3719 1725 3772 ob
1755 3717 1936 3771 varias
1965 3734 2179 3780 causas,
2213 3735 2354 3789 quas
2383 3734 2832 3773 commemorare
2872 3720 3013 3774 nihil
3037 3723 3218 3791 juvat,
3266 3724 3502 3779 minime
3539 3727 3643 3782 ad-

129 3810 330 3874 missa,
364 3808 570 3862 institit
598 3807 973 3863 nihilominus
1003 3810 1216 3862 Prteses
1246 3807 1681 3874 illustrissimus,
1718 3806 1969 3861 institere
2000 3811 2054 3861 et
2086 3805 2180 3859 alii
2212 3822 2385 3876 quam
2416 3807 2606 3876 plures
2633 3807 2986 3863 diversorum
3035 3810 3313 3865 Ordinum
3343 3815 3636 3884 spectatis-

131 3897 267 3952 simi
298 3897 430 3967 viri,
462 3903 524 3951 ut
552 3902 728 3951 tanta:
760 3895 926 3950 molis
955 3913 1099 3967 opus
1129 3896 1323 3951 subire
1354 3912 1425 3950 ne
1455 3896 1870 3966 refugeremus.

206 3986 307 4041 llis
346 3985 730 4040 incitamentis
774 3985 1047 4039 commoti
1088 3984 1422 4056 Superiores
1470 3983 1670 4052 nostri,
1701 3984 1789 4038 vix
1821 3988 2013 4038 tamen
2045 3981 2113 4035 ad
2143 3985 2368 4035 vastum
2414 3981 2574 4036 illum
2622 3981 2876 4037 laborem
2922 3984 3304 4053 subeundum,
3358 3993 3421 4042 ut
3473 3996 3640 4045 erant

130 4075 514 4148 perspicaces,
546 4075 750 4129 adduci
796 4079 1069 4145 potuere;
1122 4073 1250 4138 rati,
1286 4071 1344 4126 id
1374 4071 1521 4143 quod
1553 4069 1740 4124 docuit
1771 4072 2024 4138 eventus,
2076 4085 2200 4124 rem
2241 4087 2358 4124 esse
2388 4072 2526 4125 aleae
2576 4088 2639 4125 ac
2685 4072 3031 4127 difﬁcultatis
3077 4075 3323 4144 plenam,
3365 4078 3542 4147 cujus,
3590 4080 3635 4133 si

133 4165 328 4218 minus
361 4181 428 4217 ea
459 4163 800 4228 succederet,
832 4163 1058 4216 incauta
1089 4166 1145 4214 et
1169 4159 1504 4230 imprudens
1536 4157 1757 4212 molitio
1788 4157 1952 4211 nobis
1976 4158 2188 4227 probro
2216 4164 2496 4226 verteret;
2527 4160 2571 4213 si
2599 4159 2764 4226 bene,
2797 4159 3006 4215 invidia
3035 4162 3179 4216 forte
3211 4163 3269 4217 in
3301 4181 3400 4218 nos
3426 4167 3638 4221 redun—

129 4254 315 4307 daret.
366 4251 582 4307 Deinde
613 4252 980 4306 temerarium
1019 4249 1335 4316 videbatur,
1377 4247 1690 4302 secundum
1737 4246 2112 4301 Lovanienses
2164 4248 2477 4320 Theologos
2526 4249 2897 4315 doctissimos,
2931 4251 3000 4304 de
3033 4252 3374 4322 Augustino,
3407 4259 3640 4326 totaque

129 4341 427 4412 republica
449 4341 754 4395 christiana
777 4339 991 4410 optime
1014 4339 1266 4398 meritos,
1290 4354 1496 4392 novam
1522 4335 1699 4392 sancti
1731 4336 1984 4390 Doctoris
2006 4337 2252 4408 Operum
2281 4337 2593 4392 editionem
2626 4338 2885 4393 meditari
2911 4355 2924 4393 :
2950 4339 3164 4411 quippe
3187 4341 3276 4397 vix
3303 4342 3424 4397 ﬁeri
3447 4360 3638 4414 posse,

129 4435 194 4483 ut
225 4447 257 4483 a
289 4429 457 4484 nobis
486 4445 686 4483 eorum
719 4427 1014 4498 diligentia
1052 4432 1394 4498 aequaretur,
1427 4425 1640 4480 nedum
1671 4427 2055 4494 superaretur.

197 4519 281 4573 Ad
312 4519 440 4573 haec
469 4517 836 4572 recurrebant
872 4516 1063 4570 animo
1092 4520 1309 4570 veteres
1339 4512 1735 4568 controversiae
1766 4528 1830 4565 ac
1860 4512 2016 4580 rixae,
2047 4530 2176 4585 qua:
2207 4531 2271 4567 ex
2303 4514 2480 4568 sancti
2513 4514 2766 4568 Doctoris
2798 4515 3021 4585 scriptis
3055 4521 3110 4570 et
3139 4517 3400 4572 doctrina
3430 4517 3637 4574 identi-

129 4608 262 4662 dem
293 4607 358 4661 in
392 4606 634 4660 Ecclesia
663 4605 917 4660 excitatae
949 4605 1202 4672 fuerant;
1235 4603 1689 4672 verebanturque
1721 4599 1824 4668 illi,
1857 4617 1949 4668 ne,
1983 4601 2121 4656 dum
2156 4602 2410 4656 Ecclesiae
2440 4604 2548 4657 hoc
2583 4604 2822 4658 fratrum
2852 4620 3087 4658 suorum
3119 4604 3314 4661 labore
3343 4610 3640 4663 consulere

127 4701 418 4769 optarent,
452 4712 726 4750 novarum
756 4693 1188 4749 altercationum
1215 4692 1434 4746 semina
1454 4691 1585 4745 inde
1611 4689 1916 4755 orirentur,
1944 4691 2028 4745 uti
2053 4687 2404 4762 experientia
2422 4708 2537 4746 non
2564 4694 2736 4746 semel
2767 4693 3072 4763 probatum
3101 4699 3219 4748 est:
3247 4711 3454 4767 nempe
3480 4698 3633 4768 quod

128 4787 272 4841 tanti
301 4786 411 4839 viri
444 4784 703 4840 doctrina
731 4788 788 4839 et
817 4784 1070 4838 humano
1102 4781 1334 4852 ingenio
1366 4783 1534 4852 captu
1577 4778 1649 4832 sit
1685 4777 1951 4842 difﬁcilis,
1986 4783 2044 4832 et
2072 4779 2405 4834 mortalium
2434 4780 2729 4852 cupiditati
2778 4799 2840 4835 ac
2881 4783 3162 4853 superbiae
3197 4800 3404 4854 parum
3443 4785 3636 4840 favens

130 4881 185 4929 et
217 4879 479 4929 accepta.

217 4891 351 4928 acce
375 4891 479 4929 na.

196 4891 415 5018 Veruin
446 4962 548 5016 has
579 4961 830 5032 aliasque
880 4959 1238 5015 difﬁcultates
1266 4973 1500 5030 prorsus
1530 4955 1793 5011 discussit
1827 4971 1888 5008 ac
1921 4955 2164 5010 removit
2193 4973 2416 5012 summa
2449 4957 2703 5029 dignatio
2755 4959 3020 5014 Ludovici
3053 4961 3261 5032 Magni,
3296 4962 3396 5033 qui
3428 4979 3634 5018 novam

128 5055 281 5108 hanc
313 5052 630 5107 editionem
662 5049 1060 5121 augustissimo
1088 5065 1188 5103 suo
1218 5047 1447 5102 nomine
1478 5044 1771 5109 illustrari,
1793 5059 1858 5097 ac
1885 5043 2200 5114 patrocinio
2233 5045 2388 5115 regio
2418 5046 2630 5100 muniri
2659 5047 2938 5117 permisit.

193 5140 451 5196 Accessit
477 5139 710 5209 insuper
739 5137 1154 5209 amplissimum
1185 5135 1352 5207 Regis
1381 5133 1743 5205 privilegium
1771 5131 1831 5184 in
1861 5131 2105 5200 gratiam
2128 5149 2287 5186 novae
2317 5133 2604 5203 editionis,
2632 5135 3003 5190 illustrissimi
3034 5138 3286 5192 Francia:
3313 5139 3633 5192 caneellarii

131 5230 422 5284 Michaelis
451 5226 680 5282 Tellerii
708 5225 1061 5290 auctoritate,
1094 5223 1367 5294 regioque
1397 5222 1580 5277 edicto
1602 5225 1900 5286 assertum,
1934 5220 2375 5274 reclamantibus
2400 5227 2454 5275 et
2482 5221 2888 5276 obsistentibus
2909 5223 3195 5280 incassum
3228 5225 3515 5280 nonnullis
3553 5226 3633 5279 bi-

129 5317 420 5388 bliopolis,
470 5331 614 5386 quos
653 5314 856 5368 occulti
895 5313 1131 5384 quidam
1187 5311 1491 5368 adversarii
1547 5310 1617 5365 ad
1671 5307 2044 5363 avertendum
2104 5324 2264 5362 novre
2304 5308 2568 5363 editionis
2609 5310 2967 5381 propositum
3026 5312 3347 5367 clanculum
3404 5313 3634 5384 instiga-

128 5406 284 5461 bant.
327 5405 523 5460 Tantis
561 5403 688 5458 fulti
728 5401 1029 5474 praasidiis,
1061 5401 1284 5456 nullum
1315 5399 1536 5454 obicem
1572 5396 2042 5468 insuperabilem,
2077 5397 2295 5452 nullam
2326 5397 2602 5453 invidiam
2631 5399 2796 5454 nobis
2825 5400 3248 5456 formidandam
3279 5416 3399 5454 esse
3432 5401 3630 5457 existi-

133 5495 438 5548 mavimus.

198 5585 324 5638 1am
355 5597 492 5638 vero
540 5596 611 5634 ne
641 5579 748 5634 hoc
793 5578 1092 5634 consilium
1123 5578 1292 5634 nimis
1321 5577 1503 5633 audax
1533 5594 1597 5632 ac
1628 5573 1998 5631 temerarium
2028 5573 2336 5640 videretur,
2367 5575 2666 5645 praeiverat
2695 5576 3021 5647 exemplum
3063 5573 3217 5629 Petri
3258 5575 3459 5631 Morini
3490 5577 3638 5631 Vati-

136 5687 288 5728 cance
321 5667 724 5745 typographia:
754 5666 1026 5741 praefecti,
1049 5667 1402 5739 aliorumque
1430 5667 1597 5720 almae
1632 5662 1792 5719 Urbis
1818 5662 2168 5718 eruditorum
2192 5663 2465 5732 virorum,
2497 5663 2730 5719 Adriani
2755 5663 2993 5729 abbatis,
3017 5667 3190 5733 atque
3218 5662 3375 5718 Obrii
3394 5664 3640 5721 doctoris
