4020 6348
398 308 457 357 lii
1734 298 2100 351 I’HxiiFA'l'lU
2141 299 2551 352 GENEHALIS.
3838 301 3895 351 lti

393 423 748 490 Parisiensis,
780 427 836 476 et
860 421 1124 485 aliorum,
1148 419 1246 490 qui
1276 419 1528 490 primum
1561 419 1715 473 Sixto
1742 419 1805 486 V,
1830 418 1961 473 dein
1995 419 2283 475 Clemente
2310 421 2449 485 VIII,
2477 420 2715 475 summis
2735 420 3130 483 Pontificibus,
3153 437 3360 475 novam
3388 422 3565 475 sancti
3590 421 3898 493 Augustini

392 510 943 568 commentationum
976 508 1287 562 editionem
1319 512 1449 579 post
1486 507 1643 562 illam
1677 508 2081 561 Lovaniensem
2111 510 2364 579 aggressi
2394 510 2636 579 fuerant,
2668 510 2778 565 rati
2807 510 3020 564 scilicet
3048 511 3309 580 egregios
3341 528 3459 564 esse
3490 510 3790 565 Vaticanos
3835 512 3900 565 li-

389 602 543 668 bros,
568 616 711 671 quos
742 597 1113 653 Lovanienses
1142 596 1381 650 minime
1412 596 1837 661 consuluerant,
1870 613 2259 668 magnumque
2290 614 2488 652 eorum
2516 616 2635 653 esse
2666 615 2995 666 numerum,
3024 599 3175 654 unde
3206 599 3375 654 varire
3403 600 3679 653 lectiones
3710 615 3899 653 excer-

392 695 666 763 perentur
680 705 694 754 ;
705 689 965 757 pleraque
984 690 1128 749 item,
1153 701 1271 755 quae
1291 688 1349 739 in
1368 686 1789 739 Lovaniensibus
1811 686 1992 750 libris,
2013 687 2360 754 quantumvis
2377 687 2667 750 accuratis,
2688 684 3088 750 desiderantur,
3112 685 3253 738 unde
3275 686 3382 738 hac
3402 684 3568 738 editio
3584 686 3898 755 christiame

392 780 650 835 doctrin
678 778 844 831 lucem
858 776 1098 829 allatura
1126 775 1217 839 sit,
1233 774 1507 827 utl’etrus
1530 774 1777 827 Morinus
1796 774 1992 829 scribit
2012 775 2070 828 in
2090 773 2326 845 epistola
2343 772 2563 827 decima
2574 773 2774 843 quinta
2803 773 2871 829 ad
2886 774 3233 827 cardinalem
3254 774 3609 843 Cajetanum,
3634 772 3733 844 qui
3750 789 3895 843 prm-

393 870 544 925 dicto
583 864 818 922 consilio
870 862 1184 934 plurimum
1235 862 1672 933 suti‘ragabatur.
1710 864 1938 918 Factum
1985 869 2070 918 est
2100 879 2113 917 :
2147 861 2336 917 collati
2366 867 2499 916 sunt
2543 861 2917 915 Lovanienses
2955 861 3087 916 libri
3136 878 3265 916 cum
3296 861 3583 915 codicibus
3614 860 3897 914 Vaticanis

391 971 670 1029 perquam
702 952 1139 1017 accuratissime,
1175 956 1229 1005 et
1255 951 1323 1006 ad
1355 951 1676 1023 marginem
1708 951 1982 1023 apposita:
2014 953 2296 1007 variantes
2326 951 2595 1007 lectiones
2634 952 2705 1007 ad
2735 951 3045 1005 editionem
3076 951 3487 1017 adornandam,
3521 950 3611 1005 cui
3641 949 3897 1004 cardina-

390 1046 462 1099 lis
491 1046 727 1098 Veronae
758 1040 901 1095 sacri
945 1039 1182 1109 Collegii
1228 1039 1495 1110 princeps
1544 1040 1845 1112 praefectus
1896 1040 2024 1095 fuit.
2058 1043 2266 1095 Verum
2314 1057 2443 1094 cum
2476 1057 2566 1094 res
2597 1040 2799 1095 effectu
2829 1039 3120 1106 caruisset,
3155 1056 3356 1095 omnes
3396 1040 3510 1093 illa:
3550 1039 3899 1092 variationes

384 1135 551 1206 jussu
582 1129 885 1186 Clementis
909 1129 950 1183 Χ
979 1127 1271 1182 Pontiticis
1294 1146 1327 1182 a
1355 1128 1464 1199 piae
1497 1128 1793 1183 memoria:
1824 1129 2110 1185 cardiuale
2141 1131 2298 1184 Bona
2336 1128 2635 1184 nobiscum
2664 1128 3099 1185 communicata:
3140 1133 3290 1196 sunt,
3337 1133 3396 1183 ut
3420 1128 3489 1182 iis
3520 1144 3666 1183 nova
3698 1131 3899 1182 nostra

392 1222 639 1277 editione
668 1224 984 1273 uteremur.

463 1315 818 1388 Comparatis
858 1314 1050 1385 itaque
1082 1331 1207 1367 eam
1239 1313 1297 1367 in
1329 1330 1452 1367 rem
1481 1314 1568 1368 his
1599 1319 1654 1368 et
1679 1314 1805 1369 aliis
1835 1316 2217 1387 undequaque
2245 1320 2504 1371 veterum
2536 1300 2795 1371 codicum
2841 1316 3133 1386 subsidiis,
3167 1333 3298 1371 cum
3329 1332 3358 1370 c
3390 1315 3625 1384 nostris,
3657 1319 3777 1369 tum
3831 1332 3899 1369 ex

391 1407 591 1461 alienis
620 1403 996 1469 bibliothecis,
1029 1402 1300 1456 continuo
1332 1418 1538 1456 manus
1567 1403 1727 1472 operi
1749 1403 2127 1472 admovimus,
2150 1405 2416 1460 adhibitis
2444 1405 2514 1459 ad
2543 1406 2917 1461 conferendos
2943 1406 3162 1461 codices
3188 1404 3451 1477 pluribus
3476 1404 3764 1459 sodalibus
3795 1421 3896 1458 no-

392 1492 541 1559 stris,
571 1509 683 1546 non
714 1493 901 1545 solum
925 1491 986 1544 in
1016 1489 1197 1544 sancti
1220 1490 1485 1544 Germani
1514 1490 1838 1558 Parisiensi,
1870 1492 1969 1546 sed
2000 1497 2057 1545 et
2082 1492 2142 1546 in
2171 1494 2297 1548 aliis
2328 1493 2567 1548 aliarum
2597 1494 3016 1565 provinciarum
3042 1494 3508 1565 Congregationis
3538 1499 3747 1547 nostrae
3779 1508 3902 1546 mo-

390 1582 683 1648 nasteriis;
717 1599 780 1636 ac
806 1580 1039 1635 demum
1069 1580 1221 1633 intra
1248 1579 1452 1651 viginti
1482 1579 1707 1633 circiter
1745 1596 2024 1634 annorum
2058 1583 2328 1652 spatium,
2359 1599 2472 1636 non
2503 1582 2624 1636 sine
2654 1583 2849 1637 multis
2880 1583 3142 1654 expensis
3173 1588 3225 1637 et
3257 1582 3428 1647 curis,
3461 1587 3612 1637 certe
3646 1582 3901 1636 maxime

391 1689 521 1726 cum
552 1672 762 1736 labore,
790 1674 908 1724 tota
952 1669 1075 1723 haec
1113 1668 1309 1738 editio,
1343 1670 1457 1723 Deo
1500 1670 1743 1734 favente,
1776 1669 2011 1723 omnino
2059 1670 2321 1723 absoluta
2348 1674 2451 1729 est,
2484 1674 2541 1723 et
2568 1670 2639 1724 ab
2668 1670 2937 1725 omnibus
2967 1671 3125 1725 nullo
3176 1669 3513 1741 przejudicio
3542 1669 3781 1738 affectis,
3830 1686 3901 1723 eo

390 1762 596 1834 plausu
634 1778 699 1815 ac
729 1776 985 1814 successu
1015 1763 1261 1829 accepta,
1294 1759 1524 1829 qualem
1555 1775 1659 1812 nec
1690 1775 1917 1828 sperare
1952 1764 2301 1830 poteramus.

459 1861 529 1914 L't
554 1874 684 1912 vero
713 1873 923 1911 munus
952 1861 1212 1909 nostrum
1242 1855 1637 1925 implexemus,
1670 1862 1728 1909 et
1757 1856 2001 1927 publica:
2031 1857 2099 1910 de
2119 1857 2283 1909 nobis
2314 1855 2719 1926 exspectationi
2738 1872 2843 1926 pro
2867 1854 3102 1910 modulo
3128 1855 3630 1927 responderemus,
3655 1856 3905 1925 quatuor

385 1946 676 2019 praecipua
704 1946 766 1999 iu
798 1949 994 2000 nostra
1022 1944 1275 1999 editione
1304 1949 1575 2014 pra'stare
1606 1944 1793 1998 conati
1825 1960 2022 2000 sumus
2056 1961 2068 1999 :
2103 1944 2365 1999 videlicet
2389 1949 2455 1998 ut
2480 1944 2604 1998 haec
2626 1949 2889 1998 accurata
2910 1949 3076 2011 esset,
3103 1943 3425 2013 commoda,
3457 1942 3566 1996 rite
3597 1941 3901 2006 illustrata,

386 2035 673 2106 nullisque
702 2032 954 2104 partium
983 2032 1183 2087 studiis
1224 2032 1463 2087 addicta.

458 2134 529 2188 Ut
558 2136 706 2186 esset
734 2146 907 2202 quam
940 2130 1187 2184 maxime
1218 2135 1499 2196 accurata,
1532 2134 1646 2184 tres
1672 2131 2023 2186 conditiones
2052 2130 2215 2199 nobis
2250 2132 2581 2186 necessaria:
2612 2132 2746 2186 visae
2780 2138 2914 2187 sunt
2944 2153 2956 2187 :
2992 2148 3199 2203 nempe
3229 2135 3294 2186 ut
3323 2129 3613 2185 contextui
3643 2129 3899 2201 genuina

385 2221 684 2293 integritas
712 2221 782 2275 ad
813 2224 1031 2274 veteres
1079 2218 1299 2273 codices
1340 2224 1394 2272 et
1424 2218 1762 2273 sinceriores
1792 2219 2071 2274 editiones
2101 2219 2536 2287 restitueretur;
2564 2227 2631 2276 ut.
2658 2226 2813 2276 certa
2843 2226 2898 2276 et
2927 2238 3202 2293 germana
3231 2218 3409 2275 sancti
3438 2218 3689 2274 Doctoris
3719 2235 3900 2289 opera

387 2312 821 2363 secernerentur
849 2324 883 2361 a
909 2306 1097 2361 dubiis
1152 2312 1209 2361 et
1251 2306 1488 2377 spuriis;
1523 2311 1580 2362 et
1609 2311 1672 2361 ut
1712 2307 1885 2362 editio
1933 2307 2056 2378 ipsa
2086 2325 2120 2362 a
2147 2310 2575 2381 typographicis
2605 2311 2849 2381 mendis,
2880 2314 3159 2382 quantum
3192 2309 3253 2363 in
3284 2308 3448 2363 nobis
3481 2312 3645 2371 esset,
3696 2323 3901 2378 repur-

385 2402 518 2469 gata
537 2396 814 2468 prodiret.
1026 2470 1034 2477 .

459 2496 531 2550 Ut
567 2511 699 2549 vero
729 2509 1008 2566 perquam
1038 2492 1339 2548 commoda
1364 2493 1723 2562 redderetur,
1752 2497 1998 2564 quatuor
2020 2493 2382 2565 potissimum
2402 2510 2434 2548 a
2458 2495 2621 2549 nobis
2646 2498 2842 2549 curata
2870 2499 3002 2549 sunt
3032 2511 3044 2548 :
3070 2493 3341 2548 nimirum
3372 2510 3611 2565 operum
3635 2493 3792 2559 ordo,
3819 2510 3903 2546 se-

387 2584 622 2650 cliones,
656 2581 987 2648 summaria,
1016 2585 1072 2636 ct
1098 2581 1331 2636 indices.
1365 2582 1533 2647 Ordo,
1566 2587 1630 2636 ut
1655 2582 1973 2637 secundum
2001 2588 2227 2651 tempus
2266 2600 2381 2654 quo
2413 2583 2641 2654 singula
2670 2599 2845 2653 opera
2870 2583 2942 2636 ab
2972 2582 3291 2654 Augustino
3332 2583 3543 2654 scripta
3580 2582 3762 2649 fuere,
3791 2581 3905 2635 dis-

387 2684 743 2752 ponerentur
774 2695 786 2732 :
821 2694 934 2747 quo
975 2679 1060 2744 tit,
1094 2683 1158 2731 ut
1188 2679 1363 2732 lector
1390 2693 1523 2732 cum
1551 2677 1873 2747 Augustino
1921 2678 2047 2749 ipso
2099 2675 2312 2731 sensim
2338 2672 2742 2745 progrediatur
2778 2676 2833 2725 et
2860 2671 3142 2742 proﬁciat,
3175 2676 3229 2724 et
3259 2672 3515 2742 priorum
3547 2669 3796 2742 cognitio
3828 2671 3903 2725 ad

386 2768 704 2839 posteriora
739 2766 1113 2837 intelligenda
1141 2766 1324 2820 lucem
1357 2767 1657 2837 praeferat;
1692 2783 1807 2837 quo
1834 2767 1903 2821 de
1934 2767 2135 2821 ordine
2175 2765 2344 2837 plura
2373 2762 2611 2817 inferius
2641 2760 2850 2815 dicturi
2879 2777 3096 2814 sumus.
3130 2761 3442 2827 Sectiones,
3475 2766 3539 2815 ut
3581 2777 3697 2814 non
3724 2760 3901 2814 modo

391 2855 656 2927 capitulis
687 2860 942 2910 veterum
965 2854 1305 2921 editionum,
1334 2871 1463 2927 qua:
1494 2856 1733 2909 subinde
1765 2855 2079 2926 prolixiora
2108 2859 2292 2919 erant,
2320 2851 2623 2922 cujuslibet
2652 2850 2839 2920 operis
2860 2854 3157 2904 contextus
3176 2854 3229 2903 et
3255 2866 3459 2921 corpus
3486 2849 3898 2919 distinguatur;

387 2946 487 3001 sed
527 2944 699 3000 etiam
726 2945 847 3015 ipsa
878 2944 1062 3014 capita
1086 2944 1144 2999 in
1170 2944 1509 2999 minutiores
1534 2944 1860 2999 dividantur
1885 2944 2184 3009 sectiones,
2208 2940 2518 2997 numericis
2548 2939 2842 2994 distinctas
2866 2940 3014 2993 notis
3042 2957 3053 2993 :
3086 2944 3209 2993 tum
3238 2944 3299 2993 ut
3320 2939 3569 2993 indicata
3597 2936 3904 3009 cujuslibet

385 3034 571 3108 operis
596 3034 847 3089 sectione
876 3033 1095 3087 facilius
1126 3032 1450 3088 inveniatur
1474 3032 1756 3088 indicatus
1775 3034 1933 3088 locus
1967 3050 1980 3087 :
2010 3038 2136 3088 tum
2164 3032 2336 3087 etiam
2366 3036 2431 3084 ut
2458 3029 2516 3083 in
2549 3028 2793 3099 legendo
2818 3027 2906 3081 bis
2935 3027 3112 3082 veluti
3140 3027 3452 3081 intervallis
3481 3031 3535 3080 et
3558 3025 3793 3080 morutis
3821 3026 3899 3079 le-

383 3109 555 3179 cteris
597 3124 817 3177 levetur
862 3122 1024 3175 labor
1055 3126 1113 3175 et
1141 3121 1396 3175 attentio.
1430 3121 1513 3175 Ad
1544 3121 1666 3175 haec
1699 3120 1873 3174 etiam
1899 3121 2105 3191 juvant
2151 3118 2463 3174 summaria
2492 3133 2609 3171 non
2644 3117 2811 3170 modo
2843 3120 3162 3181 contextus,
3191 3117 3260 3169 ad
3304 3115 3625 3185 marginem
3657 3113 3900 3185 singulis

383 3212 593 3284 passim
627 3210 971 3265 sectionibus
1009 3209 1290 3279 apposita,
1323 3226 1451 3279 quae
1483 3225 1765 3262 summam
1808 3208 1909 3274 rei,
1940 3225 2055 3280 qua
2084 3210 2152 3263 de
2182 3207 2393 3279 agitur,
2425 3207 2620 3278 paucis
2647 3205 2989 3270 exhibeant;
3025 3205 3123 3258 sed
3152 3198 3324 3258 etiam
3354 3204 3620 3257 omnibus
3651 3203 3811 3256 libris
3842 3208 3900 3255 et

383 3300 671 3373 plerisque
701 3298 961 3369 capitulis
988 3297 1300 3368 praemissa,
1329 3314 1458 3368 quas
1491 3302 1894 3367 argumentum
1925 3298 2201 3367 cujusque
2234 3295 2365 3349 libri
2394 3299 2450 3348 et
2480 3292 2713 3366 capituli
2736 3292 2982 3347 breviter
3011 3291 3315 3363 explicant.
3346 3292 3448 3346 llla
3476 3308 3609 3345 vero
3641 3307 3891 3345 summa~

384 3391 469 3444 ria
499 3388 838 3459 marginalia
868 3404 933 3441 ex
962 3387 1100 3458 ipsis
1131 3392 1423 3440 contextus
1452 3385 1657 3451 verbis,
1692 3386 1880 3457 quoad
1912 3386 2037 3457 ejus
2066 3383 2191 3438 fieri
2229 3381 2440 3455 potuit,
2472 3380 2872 3453 expressimus,
2912 3380 2992 3432 vel
3024 3379 3145 3450 ipsa
3178 3378 3616 3445 Lovaniensium
3648 3394 3897 3431 summa-

385 3477 469 3530 ria
502 3476 863 3530 rctiuuimus.

452 3574 536 3628 Ad
568 3573 789 3628 Iudices
818 3572 970 3644 quod
992 3571 1213 3637 attinet,
1242 3587 1487 3642 quorum
1510 3572 1811 3626 commoda
1837 3576 1893 3625 et
1920 3571 2194 3626 utilitates
2223 3584 2392 3622 nemo
2424 3584 2536 3622 non
2563 3567 2737 3634 novit,
2760 3584 2877 3621 non
2906 3570 3129 3620 tantum
3150 3565 3406 3637 singulos
3437 3563 3677 3635 singulis
3697 3563 3892 3629 tomis,

384 3669 441 3717 et
470 3661 703 3733 quidem
740 3661 1078 3727 uberrimos,
1113 3659 1391 3730 subjicere
1421 3659 1782 3725 curavimus;
1811 3676 2009 3714 verum
2041 3656 2216 3712 etiam
2255 3658 2555 3727 generales
2585 3674 2686 3711 seu
2713 3656 3065 3711 universales
3095 3655 3155 3709 in
3188 3654 3494 3725 posteriori
3537 3655 3709 3707 hocce
3741 3654 3897 3705 volu-

383 3747 538 3802 mine
569 3745 981 3814 contexuimus,
1019 3750 1085 3799 ut
1113 3760 1228 3798 uno
1265 3750 1573 3815 conspectu
1598 3749 1717 3798 tota
1747 3745 2055 3816 Augustini
2083 3745 2343 3800 doctrina
2372 3746 2440 3801 de
2471 3746 2671 3818 quovis
2702 3750 3045 3815 argumento
3077 3744 3299 3799 facilius
3328 3741 3586 3814 indagari
3618 3741 3819 3813 possit.

453 3843 613 3909 Quod
644 3842 848 3897 attinet
874 3842 946 3898 ad
971 3842 1232 3896 ordinem
1266 3857 1299 3895 a
1320 3841 1480 3895 nobis
1511 3841 1570 3895 in
1600 3842 1706 3895 hac
1736 3842 1985 3896 editione
2014 3842 2363 3909 institutum,
2388 3844 2509 3915 ejus
2532 3844 2810 3898 rationem
2836 3826 3075 3897 reddere
3109 3858 3225 3896 non
3254 3840 3563 3896 admodum
3586 3856 3895 3910 operosum

382 3933 569 3988 fuerit.
607 3934 749 3987 Nam
778 3932 953 3986 totius
982 3931 1136 3986 illius
1162 3930 1381 3986 ordinis
1410 3934 1577 3985 tenor
1610 3930 1752 3985 adeo
1776 3930 2054 3985 naturalis
2078 3937 2135 3986 et
2162 3932 2449 4002 genuinus
2473 3932 2716 4001 videtur,
2740 3937 2806 3985 ut
2828 3931 3072 3985 sufficiat
3092 3930 3161 3985 ad
3193 3946 3325 3984 eum
3351 3927 3711 4000 probandum
3738 3928 3895 3981 nuda

381 4023 501 4092 ejus
530 4021 826 4093 expositio.

450 4120 511 4173 ln
538 4118 725 4189 primo
746 4122 924 4184 tomo,
949 4116 1260 4187 praemissis
1291 4116 1513 4171 duobus
1540 4117 2018 4171 Retractationum
2046 4117 2207 4172 libris
2235 4124 2290 4173 et
2312 4120 2585 4174 tredecim
2611 4118 2771 4174 libris
2795 4118 3244 4183 Confessionum,
3264 4132 3392 4188 qua:
3417 4113 3891 4186 subsequentiqu

379 4223 618 4277 operum
649 4205 825 4261 veluti
852 4205 1132 4276 praeludia
1177 4210 1331 4267 sunt,
1364 4205 1790 4277 subsequuntur
1818 4222 1886 4259 ea
1917 4206 2220 4277 Opuscula,
2261 4224 2389 4278 quae
2420 4208 2806 4262 sanctissimus
2836 4208 3044 4260 Doctor
3073 4205 3257 4261 adhuc
3286 4205 3750 4272 catechumenus,
3793 4206 3893 4255 aut

378 4295 637 4350 nondum
668 4294 964 4365 presbyter
992 4292 1364 4347 elucubravit.

449 4392 767 4447 Succedunt
795 4390 855 4444 in
886 4392 1135 4445 secundo
1165 4394 1322 4445 tomo
1352 4390 1641 4461 Epistolze,
1676 4407 1918 4445 numero
1950 4391 2209 4446 ducenta:
2256 4391 2639 4462 septuaginta,
2672 4392 2987 4447 secundum
3014 4391 3277 4446 ordinem
3306 4394 3654 4460 temporum,
3698 4387 3888 4458 quoad

377 4480 499 4536 ﬁeri
530 4479 709 4546 licuit,
743 4478 1052 4550 dispositae,
1084 4484 1140 4533 et
1167 4479 1227 4532 in
1257 4484 1507 4550 quatuor
1535 4479 1852 4534 distributae
1898 4481 2123 4535 classes.
2156 4482 2221 4534 In
2252 4480 2438 4552 prima
2490 4486 2848 4551 reponuntur
2889 4481 3003 4534 illa:
3035 4480 3309 4550 epistolae,
3359 4496 3500 4550 quas
3528 4477 3886 4549 Augustinus

379 4570 629 4624 nondum
664 4567 958 4639 episcopus
986 4568 1212 4638 scripsit
1239 4588 1252 4623 :
1286 4568 1346 4622 in
1375 4568 1644 4629 secunda,
1678 4586 1820 4640 quas
1858 4570 1980 4640 jam
2021 4570 2343 4640 episcopus,
2377 4577 2508 4625 ante
2540 4571 2914 4626 Collationem
2945 4569 3448 4639 Carthaginensem
3480 4573 3534 4621 et
3565 4572 3695 4622 ante
3726 4566 3885 4620 dete-

376 4663 522 4712 ctam
553 4658 615 4711 in
641 4656 831 4711 Africa
860 4657 1076 4727 Pelagii
1104 4657 1371 4712 haeresim
1403 4658 1635 4712 dictavit
1658 4674 1671 4711 :
1695 4658 1754 4712 in
1778 4659 1967 4724 tertia,
2004 4675 2133 4728 qua:
2154 4659 2223 4712 ab
2242 4675 2309 4712 eo
2326 4664 2585 4730 tempore
2613 4659 2682 4712 ad
2713 4658 2893 4728 ipsius
2915 4658 3135 4712 obitum
3158 4658 3380 4728 scriptae
3409 4662 3543 4711 sunt
3566 4673 3579 4710 :
3599 4656 3659 4709 in
3684 4660 3886 4726 quarta

375 4745 645 4816 denique,
667 4760 910 4815 quarum
933 4748 1162 4814 tempus
1182 4744 1375 4799 minus
1392 4750 1747 4816 compertum
1770 4750 1871 4800 est.
1896 4747 2009 4801 Cur
2026 4753 2217 4801 autem
2240 4753 2528 4817 receptum
2549 4748 2927 4818 Epistolarum
2939 4747 3196 4801 ordinem
3221 4746 3657 4811 mutaverimus,
3677 4744 3886 4815 quidve

375 4835 432 4888 in
464 4834 825 4888 commodum
860 4834 1129 4887 lectorum
1160 4850 1193 4887 a
1223 4834 1385 4888 nobis
1411 4834 1521 4888 huc
1547 4834 1864 4906 praestitum
1891 4834 1985 4903 sit,
2018 4837 2184 4890 docet
2212 4835 2391 4905 ipsius
2414 4836 2557 4890 tomi
2584 4836 2888 4906 peculiaris
2928 4834 3215 4889 Praefatio.

445 4934 508 4986 ln
548 4931 718 4986 tertio
775 4936 932 4985 temo
986 4931 1350 4986 continentur
1403 4933 1687 5003 Opuscula
1717 4933 2029 5003 exegetica,
2061 4934 2372 4987 secundum
2430 4931 2855 5002 Scripturarum
2894 4931 3156 4985 ordinem
3207 4930 3508 4998 disposita,
3542 4928 3795 5000 prmﬁxis
3827 4928 3883 4981 in

371 5022 495 5092 ipso
525 5020 665 5075 tomi
696 5020 893 5075 limine
916 5024 1162 5091 quatuor
1187 5020 1347 5075 libris
1375 5022 1443 5077 de
1475 5021 1745 5076 Doctrina
1774 5021 2113 5088 Christiana,
2145 5038 2291 5092 quos
2320 5021 2799 5092 subsequentium
2830 5022 3253 5093 Opusculorum
3295 5021 3734 5075 fundamentum
3763 5034 3885 5073 esse

371 5126 540 5165 nemo
583 5108 784 5164 nescit.

439 5207 686 5277 ltcjecta:
712 5210 844 5260 sunt
872 5205 931 5259 in
959 5210 1183 5261 tomum
1212 5211 1481 5279 quartum
1513 5208 1912 5262 Enarrationes
1931 5209 1991 5262 in
2022 5210 2298 5263 Psalmos.

436 5309 499 5361 In
529 5312 685 5361 tomo
715 5304 917 5377 quinto
946 5304 1232 5359 habentur
1261 5306 1563 5360 Sermones
1588 5306 1657 5361 ad
1689 5308 1991 5377 populum,
2026 5307 2087 5360 in
2116 5312 2363 5379 quatuor
2394 5306 2594 5361 tributi
2624 5307 2848 5369 classes,
2881 5306 3155 5361 nimirum
3187 5306 3246 5360 in
3277 5307 3578 5361 Sermones
3621 5304 3689 5358 de
3733 5303 3881 5358 Scri-

368 5394 547 5465 pturis
582 5394 792 5448 Veteris
818 5397 875 5448 et
912 5393 1054 5447 Novi
1082 5394 1451 5464 Testamenti,
1473 5394 1531 5447 in
1563 5395 1865 5449 Sermones
1891 5396 1959 5449 de
1990 5397 2290 5465 Tempore,
2320 5395 2389 5449 de
2420 5393 2636 5449 Sanctis
2667 5399 2723 5448 et
2750 5394 2820 5448 de
2856 5394 3132 5449 Diversis:
3160 5393 3367 5465 quibus
3392 5393 3451 5446 in
3478 5391 3678 5463 quinta
3701 5391 3879 5445 classe

364 5485 663 5539 Sermones
690 5482 849 5538 dubii
878 5482 1176 5538 accedunt.

433 5580 638 5634 Tomus
665 5580 862 5634 Sextus
890 5579 1073 5650 Opera
1101 5577 1341 5633 moralia
1370 5581 1807 5651 comprehendit
1836 5597 1965 5636 cum
1997 5581 2216 5653 aliquot
2242 5580 2633 5647 Qutnsti0num
2664 5579 2845 5636 libris.
