4020 6366
149 341 203 391 l7
1485 342 1734 399 ΡΒΔΕῩΑ

2059 338 2303 395 ΒΒΑΙᾸΞ.
3582 346 3646 400 18

212 457 298 513 Ab
329 458 467 514 hinc
497 458 776 532 incipiunt
801 463 984 533 Opera
1012 461 1308 534 polemica,
1342 479 1588 535 quorum
1618 465 1830 537 primas
1857 467 2055 519 tenent
2086 463 2146 517 in
2170 467 2328 517 tomo
2359 463 2599 535 septimo
2630 462 2762 518 libri
2790 463 2991 535 viginti
3021 464 3134 519 duo
3165 465 3233 520 de
3264 466 3500 523 Civitate
3524 467 3641 533 Dei,

141 550 341 600 contra
373 550 652 620 Paganos.

208 645 425 699 Tomus
473 652 720 712 octavus,
770 647 1067 717 praemisso
1114 649 1173 703 in
1220 649 1408 704 fronte
1449 650 1594 704 libro
1639 650 1709 705 de
1758 650 2092 715 llreresibus,
2126 649 2348 703 exhibet
2377 665 2549 721 opera
2584 649 2860 721 polemica
2890 650 3157 704 adversus
3185 651 3430 716 Iudaeos,
3463 652 3632 707 Mani-

140 732 352 797 chzeos,
388 732 869 802 Priscillianistas,
901 740 955 789 et
980 736 1219 790 Arianos
1252 753 1264 791 :
1296 738 1501 808 quibus
1527 738 1827 809 Opusculis
1857 738 2112 809 adjuncti
2142 743 2275 791 sunt
2307 738 2434 792 libri
2456 738 2782 809 quindecim
2814 738 2882 793 de
2909 739 3213 793 Trinitate.

210 829 423 883 Tomus
451 847 635 885 nonus
664 831 918 887 continet
945 833 1127 904 Opera
1151 834 1431 905 polemica
1460 839 1661 889 contra
1700 836 2033 891 Donatistas.

212 925 472 998 Denique
490 931 677 981 tomus
694 928 950 982 decimus
979 928 1161 1000 Opera
1190 929 1388 985 itidem
1418 931 1700 1003 polemica
1719 937 1913 986 contra
1934 933 2267 1003 Pelagianos
2290 948 2303 986 ε
2329 933 2535 1004 quibus
2555 933 2776 1004 scriptis
2796 933 3223 1004 subjunguntur
3243 934 3399 987 varia
3423 950 3628 989 monu-

142 1019 358 1080 menta,
391 1032 522 1087 quae
549 1016 620 1070 ad
651 1032 717 1071 ea
742 1017 1076 1072 itlustranda
1104 1010 1346 1088 possunt
1372 1020 1712 1075 conducere.
1752 1021 2027 1074 Hactenus
2057 1020 2125 1073 de
2156 1019 2374 1073 ordine.

206 1124 332 1176 Jam
366 1139 499 1177 vero
529 1124 880 1178 illustraudis
910 1125 1250 1179 sanctissimi
1280 1126 1460 1181 Patris
1491 1126 1757 1196 operibus
1806 1125 2171 1180 Prmfationes
2216 1126 2454 1196 singulis
2482 1125 2651 1179 tomis
2680 1125 3028 1196 praemittere
3056 1127 3435 1180 necessarium
3468 1126 3635 1180 duxi-

140 1227 286 1274 mus,
322 1211 381 1265 in
414 1211 623 1282 quibus
653 1229 740 1267 res
767 1214 956 1284 potius
980 1214 1298 1282 historicas,
1318 1232 1491 1286 quam
1514 1214 1862 1285 dogmaticas
1884 1214 2161 1284 explicare
2185 1214 2526 1279 studuimus,
2549 1215 2620 1268 ad
2635 1214 2947 1285 juvandam
2968 1214 3242 1268 lectorum
3263 1214 3626 1269 industriam.

135 1299 216 1351 Ad
251 1300 376 1353 hinc
405 1300 694 1371 plerisque
724 1302 1013 1372 opusculis
1037 1302 1473 1357 Admonitiones
1501 1303 1848 1374 praetiximus
1868 1303 1941 1357 ad
1970 1304 2368 1374 explicandum
2397 1320 2593 1357 eorum
2622 1311 3042 1374 argumentum.
3080 1305 3318 1374 Insuper
3350 1304 3640 1358 breviores

134 1387 380 1442 subinde
413 1390 625 1443 notulae
670 1390 729 1444 in
770 1391 1025 1461 margine
1056 1391 1310 1446 inferiori
1339 1408 1372 1445 a
1402 1390 1565 1447 nobis
1608 1392 1901 1463 appositae,
1940 1392 2146 1463 quibus
2176 1393 2259 1446 vel
2300 1392 2582 1446 variantes
2612 1393 2876 1447 lectiones
2907 1392 3251 1462 iudicentur,
3282 1393 3368 1447 vel
3400 1392 3639 1446 obscura

131 1476 273 1542 loca,
310 1477 557 1530 maxime
584 1477 829 1533 aliorum
860 1480 1110 1533 locorum
1140 1480 1584 1552 comparatione,
1619 1482 2014 1552 explaneutur.

204 1574 271 1626 In
300 1573 387 1627 his
418 1575 685 1629 omnibus
715 1575 770 1630 id
801 1577 911 1630 alte
942 1576 1107 1632 nobis
1137 1577 1329 1631 animo
1358 1578 1599 1632 inlixum
1628 1578 1753 1644 fuit,
1777 1581 1833 1631 et
1861 1594 1894 1631 a
1925 1576 2246 1648 Praepositis
2270 1577 2474 1630 nostris
2496 1576 2862 1646 inculcatum,
2887 1583 2946 1632 ut
2967 1579 3218 1648 partium
3243 1577 3429 1633 studia
3459 1578 3519 1631 in
3552 1593 3642 1631 ex-

131 1660 398 1730 plicanda
424 1663 733 1733 Augustini
764 1664 1020 1718 doctrina
1048 1665 1244 1719 sedulo
1276 1682 1623 1720 caveremus.
1653 1667 1789 1730 Quae
1821 1683 1912 1721 res
1934 1666 1993 1720 in
2014 1683 2183 1720 causa
2210 1666 2335 1732 fuit,
2360 1670 2478 1721 uta
2496 1666 2895 1737 prolixioribus
2916 1667 3351 1721 commentariis
3376 1671 3431 1722 et
3452 1667 3643 1720 obser-

129 1749 475 1819 rationibus,
502 1751 970 1819 abstinuerimus,
1005 1757 1069 1807 ut
1100 1770 1171 1807 ne
1204 1754 1475 1826 cuiquam
1493 1754 1579 1808 vel
1604 1753 1909 1808 minimum
1933 1754 2261 1809 oifendiculi
2285 1755 2695 1825 praeberemus,
2717 1755 2888 1809 ullive
2910 1756 3319 1810 catholicorum
3349 1755 3645 1825 theologo'

129 1853 261 1891 rum
291 1839 596 1893 sententias
629 1841 1163 1911 priejudicaremus.

202 1936 415 1990 Verum
447 1937 815 2007 quantumvis
842 1938 898 1993 id
934 1940 1341 2006 curaverimus,
1371 1940 1802 2011 curandumque
1835 1939 2228 1993 mandaverint
2261 1938 2559 2008 Praepositi
2579 1938 2787 2006 nostri;
2824 1939 3055 1993 difficile
3088 1943 3280 1993 tamen
3312 1937 3437 2002 fuit,
3474 1941 3534 1990 ut
3569 1954 3638 1991 ne

132 2022 269 2093 quid
292 2023 357 2077 in
379 2029 494 2078 tam
516 2029 671 2078 vasto
692 2041 863 2096 opere
886 2027 1050 2080 nobis
1072 2026 1298 2082 incaute
1320 2044 1435 2082 non
1457 2028 1807 2098 subreperet,
1841 2028 1945 2091 vel,
1980 2031 2044 2080 ut
2065 2032 2197 2081 sunt
2222 2028 2553 2082 mortalium
2574 2027 2755 2082 animi
2776 2028 2928 2083 varie.
2961 2028 3167 2093 affecti,
3200 2044 3273 2081 ne
3303 2025 3443 2097 quid
3474 2042 3637 2080 secus

132 2126 307 2181 quam
345 2111 798 2181 intenderemus,
835 2114 893 2168 in
929 2116 1247 2186 sequiorem
1281 2122 1502 2187 partem
1532 2132 1653 2170 non
1682 2117 2005 2187 acciperent
2034 2117 2318 2171 nonnulli.
2354 2119 2418 2172 Et
2443 2134 2500 2171 re
2527 2118 2758 2189 quidem
2796 2117 2917 2187 ipsa
2944 2118 3021 2172 sic
3052 2116 3274 2171 accidit.

200 2211 344 2263 Nam
380 2210 488 2263 etsi
518 2211 778 2282 plerique
807 2227 1003 2266 omnes
1034 2219 1285 2267 nostram
1317 2213 1630 2269 editionem
1672 2217 2014 2277 accuratam,
2064 2215 2445 2280 commodam,
2482 2215 2732 2285 satisque
2765 2216 3127 2281 illustratam,
3166 2213 3416 2283 denique
3446 2213 3637 2282 Augu-

130 2298 395 2352 stinianze
425 2299 700 2353 doctrinae
734 2300 967 2355 omnino
1002 2309 1444 2356 consentaneam
1474 2319 1595 2356 esse
1648 2302 1991 2367 censuerint,
2023 2317 2266 2372 eamque
2314 2301 2402 2355 his
2441 2302 2773 2356 nominibus
2804 2303 3073 2373 suffragio
3104 2318 3207 2356 suo
3238 2298 3639 2369 comprobave-

132 2387 275 2453 rint;
309 2386 670 2442 insurrexere
699 2392 891 2443 tamen
922 2395 1138 2457 contra,
1165 2394 1296 2461 post
1328 2390 1521 2447 decem
1553 2393 1669 2445 fere
1702 2408 1887 2445 annos
1915 2390 1986 2444 ab
2019 2391 2169 2445 edito
2200 2390 2401 2445 ultimo
2434 2394 2609 2456 tomo,
2644 2392 2916 2463 anonymi
2943 2392 3177 2463 quidam
3222 2405 3505 2457 censores,
3537 2388 3638 2458 qui

130 2474 357 2529 furtivis
388 2474 613 2546 scriptis
637 2476 784 2531 hanc
819 2477 1150 2543 editionem,
1184 2483 1241 2532 et
1266 2482 1488 2532 tantum
1519 2495 1636 2532 non
1665 2478 1839 2533 fidem
1870 2484 2127 2533 nostram
2155 2484 2475 2549 suspectam
2504 2480 2741 2534 reddere
2774 2480 2959 2535 moliti
2989 2486 3138 2536 sunt.

198 2572 496 2642 Ejusmodi
522 2574 946 2643 scriptinnculis
977 2575 1038 2629 in
1068 2576 1273 2646 vulgus
1302 2576 1532 2646 sparsis,
1565 2592 1869 2631 commune
1900 2576 2268 2647 prudentium
2302 2577 2419 2631 fere
2449 2577 2709 2631 omnium
2736 2578 3030 2633 consilium
3066 2581 3194 2647 fuit,
3222 2587 3286 2636 ut
3321 2583 3557 2637 leviores
3581 2582 3638 2637 id

130 2677 313 2729 genus
344 2661 572 2715 libellos
602 2679 1038 2733 aspernaremur
1069 2680 1082 2717 :
1114 2663 1326 2735 quippe
1348 2680 1465 2718 non
1492 2665 1711 2730 decere,
1736 2668 1801 2719 ut
1827 2682 1958 2719 cum
1984 2665 2150 2718 larvis
2176 2669 2232 2718 et
2256 2665 2473 2719 umbris
2502 2666 2869 2732 luctaremur,
2893 2683 2962 2720 ne
2991 2670 3384 2738 respondendo
3413 2669 3638 2741 pondus

135 2755 185 2802 et
214 2750 615 2804 auctoritatem
645 2751 870 2805 furtivis
914 2751 1027 2806 illis
1058 2752 1260 2806 libellis
1290 2753 1675 2823 praeberemus
1718 2769 1732 2806 :
1775 2770 1879 2807 nec
1922 2753 2180 2808 Ecclesiae
2206 2770 2403 2824 pacem
2433 2754 2597 2808 editis
2626 2755 2776 2808 ultro
2809 2754 3084 2826 citroque,
3121 2761 3181 2811 ut
3207 2757 3289 2823 ﬁt,
3323 2758 3639 2829 scriptioni-

133 2837 237 2891 bus
261 2838 758 2907 perturbaremus.
800 2840 914 2892 Hoc
934 2838 1235 2894 consilium
1266 2840 1526 2893 unanimi
1551 2857 1781 2893 assensu
1810 2843 2248 2912 comprobavere
2277 2842 2573 2912 Prmpositi
2596 2842 2775 2896 nostri
2808 2860 2821 2897 :
2851 2843 3008 2914 quod
3035 2849 3227 2899 tamen
3259 2846 3495 2900 minime
3526 2846 3635 2901 im-

125 2925 343 2995 pedivit
377 2926 709 2997 quominus,
743 2926 854 2981 illis
884 2927 1240 2994 inconsultis,
1287 2928 1522 2999 quidam
1570 2945 1599 2981 e
1642 2928 1847 2982 nostris
1878 2944 2081 2982 novam
2116 2928 2294 2982 sancti
2324 2930 2630 2999 Augustini
2677 2930 2988 2993 editionem
3020 2932 3435 2995 defendendam
3475 2938 3636 2988 tuen-

129 3016 377 3085 damque
434 3031 537 3085 pro
567 3015 718 3069 virili
748 3017 1100 3087 susceperint
1132 3034 1144 3071 :
1179 3034 1247 3071 ex
1281 3017 1488 3088 quibus
1518 3034 1688 3085 unus,
1717 3017 1816 3088 qui
1848 3021 1969 3070 tum
1999 3017 2192 3071 Romae
2220 3018 2568 3085 versabatur,
2601 3018 2773 3088 hujus
2804 3018 3064 3073 editionis
3092 3020 3375 3075 Vindicias
3402 3021 3461 3075 in
3482 3022 3636 3076 alma

134 3103 301 3169 Urbe,
330 3104 437 3157 sub
465 3104 802 3159 auctoritate
835 3106 977 3159 sacri
1011 3106 1213 3160 Palatii
1244 3106 1517 3176 Magistri,
1553 3106 1823 3160 Romanis
1853 3105 2301 3175 approbantibus
2328 3107 2593 3177 vulgavit.

196 3202 322 3255 Jam
346 3217 415 3254 eo
440 3217 529 3255 res
559 3202 888 3268 devenerat,
913 3207 976 3257 ut
997 3203 1223 3257 furtivae
1242 3203 1356 3257 illre
1379 3208 1753 3274 utrarumque
1775 3201 2028 3272 partium
2048 3201 2405 3256 velitationes
2427 3203 2483 3256 in
2505 3207 2766 3273 apertum
2792 3203 2906 3258 fere
2932 3205 3146 3260 bellum
3173 3210 3631 3277 prorumperent,

126 3306 255 3344 cum
286 3290 586 3360 Praepositi
615 3291 815 3356 nostri,
851 3296 1071 3346 mutato
1102 3292 1331 3346 demum
1364 3308 1468 3363 pro
1498 3291 1582 3346 rei
1613 3296 1759 3346 statu
1788 3291 2047 3354 consilio,
2078 3291 2339 3345 eamdem
2370 3291 2683 3346 editionem
2713 3294 3027 3363 approbata
3056 3295 3127 3349 ab
3157 3311 3215 3348 se
3241 3294 3470 3365 publica
3495 3295 3632 3349 scri-

126 3378 345 3450 ptione,
378 3378 852 3450 Congregationis
882 3385 1090 3434 nostra!
1119 3380 1373 3445 nomine,
1405 3381 1671 3435 adversus
1703 3380 1942 3433 latentes
1973 3378 2328 3433 adversarios
2356 3379 2547 3448 palam
2579 3382 3063 3451 propugnandam
3092 3387 3456 3437 censuerunt.
3485 3385 3635 3438 Jam-

127 3483 234 3538 que
262 3468 686 3538 propemodum
732 3469 950 3534 aifecta,
992 3468 1253 3539 typisque
1309 3473 1505 3539 parata
1546 3471 1667 3521 erat
1698 3467 1817 3520 time
1847 3466 2096 3537 scriptio,
2128 3482 2256 3538 (Ilth
2288 3472 2345 3519 et
2375 3467 2709 3534 editionem,
2744 3476 2800 3522 et
2832 3469 3002 3523 tidem
3036 3476 3287 3524 nostram
3318 3471 3388 3525 ab
3433 3471 3633 3542 iniqua

124 3555 449 3626 suspicione
472 3560 529 3609 et
559 3556 974 3624 criminatione,
1001 3558 1225 3612 tametsi
1256 3557 1461 3628 privati
1491 3556 1720 3627 quidam
1752 3572 1781 3608 e
1812 3554 2019 3609 nostris
2050 3554 2108 3609 id
2131 3556 2252 3625 jam
2279 3555 2411 3608 satis
2441 3556 2844 3626 praestiterant,
2873 3558 3110 3612 omnino
3144 3559 3473 3614 vindicaret.

192 3653 407 3706 Verum
456 3653 593 3707 dum
639 3653 699 3707 id
729 3654 1159 3721 meditaremur,
1191 3654 1279 3708 his
1316 3654 1522 3724 jurgiis
1561 3652 1878 3707 intercessit
1908 3652 2173 3707 Ludovici
2203 3653 2391 3724 Magni
2420 3654 2748 3720 auctoritas,
2779 3655 2899 3726 qui,
2931 3660 2992 3709 ut
3027 3656 3283 3711 Ecclesia:
3317 3657 3443 3728 paci
3472 3657 3542 3710 ab
3573 3674 3632 3711 se

123 3740 444 3795 conciliata;
487 3741 769 3796 indefessa
811 3741 1195 3797 sollicitudine
1228 3758 1455 3813 semper
1499 3741 1776 3812 invigilat,
1808 3740 2067 3811 gliscenti
2097 3740 2157 3795 in
2190 3740 2309 3795 dies
2350 3741 2714 3811 dissensioni,
2750 3742 3028 3814 imperato
3072 3744 3330 3815 utrisque
3377 3745 3633 3816 partibus

124 3828 380 3895 silentio,
414 3830 651 3883 modum
681 3830 958 3900 imposuit
1007 3847 1022 3884 :
1069 3831 1263 3902 sicque
1294 3830 1438 3884 tanti
1482 3829 1761 3900 Principis
1792 3829 2126 3883 auctoritate
2156 3846 2415 3900 repressa
2443 3834 2528 3884 est
2556 3832 2761 3885 ardens
2792 3831 2886 3885 illa
2915 3833 3224 3899 contentio,
3253 3851 3382 3905 quin
3413 3835 3632 3905 sopitos

118 3916 467 3985 jamdudum
497 3915 659 3987 ignes
688 3915 1002 3970 excitatura
1017 3916 1343 3973 videbatur.
1377 3918 1530 3971 Hanc
1553 3922 1744 3971 autem
1764 3917 2177 3988 redintegrare,
2200 3932 2332 3971 cum
2362 3919 2531 3988 longe
2549 3918 2707 3972 abest
2735 3935 2767 3972 a
2798 3919 3053 3973 moribus
3073 3920 3299 3989 nostris,
3329 3926 3452 3975 tum
3485 3926 3634 3977 vetat

124 4006 179 4058 in
210 4004 422 4075 primis
452 4020 680 4059 summa
708 4009 904 4059 nostra
933 4021 1068 4076 erga
1100 4006 1334 4076 Regem,
1369 4005 1642 4076 regiaque
1665 4007 1824 4076 jussa
1865 4004 2280 4074 obtemperatio
2320 4021 2333 4059 :
2368 4005 2500 4059 dein
2532 4006 2789 4060 Ecclesiae
2819 4007 2974 4077 pacis
2998 4008 3250 4063 studium
3285 4010 3395 4063 alte
3425 4008 3631 4063 animis

123 4094 365 4148 insitum
398 4093 607 4148 nostris
640 4110 655 4148 :
686 4094 935 4165 denique
965 4093 1209 4148 charitas
1238 4094 1507 4149 adversus
1539 4110 1760 4161 omnes,
1787 4110 1931 4165 quos
1953 4091 2301 4147 turbulentis
2325 4092 2605 4163 ejusmodi
2627 4096 3137 4151 concertationibus
3157 4097 3443 4151 offendere
3465 4097 3632 4152 nobis

126 4183 327 4253 religio
356 4182 550 4238 fuerit.

191 4279 531 4352 Suppressis
561 4280 776 4352 itaque,
805 4296 934 4351 quae
966 4280 1034 4335 ad
1064 4283 1317 4334 nostram
1341 4284 1667 4351 nostraeque
1690 4278 1948 4334 editionis
1978 4278 2369 4334 defensionem
2398 4279 2689 4334 adornatae
2717 4285 2899 4348 erant,
2930 4282 3527 4350 commentationibus,
3560 4284 3631 4338 ad

124 4370 351 4440 objecta
379 4369 837 4423 adversariorum
872 4369 1217 4438 respondere
1248 4368 1693 4440 supersedimus,
1732 4384 1804 4421 ne
1833 4366 2234 4438 respondendo
2264 4382 2433 4420 novas
2464 4373 2663 4421 contra
2690 4368 2958 4423 mandata
2987 4369 3146 4440 regia
3174 4369 3302 4423 lites
3332 4386 3519 4424 serere
3547 4369 3630 4424 vi-

124 4460 427 4514 deremur.

196 4558 411 4611 Verum
434 4571 507 4611 ne
534 4555 674 4610 forte
688 4555 1142 4610 adversariorum
1159 4554 1371 4626 iniqua:
1385 4554 1808 4610 criminationes
1822 4554 2051 4626 piorum
2074 4555 2458 4624 quorumdam
2472 4558 2528 4608 et
2542 4554 2951 4609 benevolorum
2966 4555 3137 4609 etiam
3149 4554 3403 4611 virorum
3424 4555 3630 4610 animis

122 4647 409 4719 quosdam
458 4646 754 4716 scrupulos
807 4643 1293 4716 ingeneraverint;
1346 4644 1452 4698 hos
1503 4642 1698 4714 paucis
1738 4640 1924 4695 verbis
1965 4657 2163 4695 curare
2209 4642 2269 4697 in
2311 4643 2569 4697 animum
2604 4643 2950 4709 induximus,
2985 4642 3115 4710 rati,
3150 4643 3209 4698 id
3239 4660 3426 4716 neque
3462 4645 3631 4716 regite

117 4733 394 4806 jussioni,
438 4749 625 4803 neque
678 4733 937 4787 Ecclesia:
983 4731 1110 4803 paci
1138 4730 1506 4793 contrarium.
1539 4731 1654 4785 imo
1681 4730 1911 4800 utrique
1943 4729 2180 4784 omnino
2229 4736 2678 4786 consentaneum
2710 4732 2848 4786 fore.
2886 4732 3001 4786 Etsi
3032 4731 3187 4786 enim
3224 4732 3367 4787 nihil
3398 4749 3511 4787 non
3540 4749 3631 4787 ca-

120 4823 358 4887 tholico,
390 4825 544 4875 certe
572 4820 716 4874 nihil
751 4837 869 4874 non
895 4819 1172 4874 catholico
1201 4818 1393 4872 animo
1424 4836 1455 4872 ιι
1484 4818 1650 4872 nobis
1697 4818 1909 4872 dictum
1940 4817 2048 4885 sit;
2087 4818 2374 4873 malumus
2404 4824 2593 4874 tamen
2629 4821 2763 4874 dare
2795 4821 3008 4892 aliquid
3040 4826 3250 4876 tenerze
3281 4837 3345 4874 ac
3374 4821 3483 4892 pia:
3514 4822 3635 4875 illo-

119 4928 254 4967 rum
286 4910 441 4963 circa
472 4909 646 4963 ﬁdem
689 4908 994 4975 affectioni,
1026 4924 1199 4980 quam
1241 4906 1487 4977 superbo
1516 4906 1741 4961 fastidio
1766 4922 1963 4961 eorum
1994 4908 2291 4979 scrupulos
2333 4909 2719 4965 dissimulare.
2757 4909 3018 4965 Aliorum
3066 4927 3219 4978 vero,
3252 4911 3299 4964 si
3330 4911 3429 4982 qui
3469 4915 3633 4965 erunt

120 5002 221 5073 qui
274 4998 639 5053 contentioso
686 4997 879 5052 animo
911 4996 1060 5051 rixas
1090 4996 1279 5051 denuo
1312 4995 1701 5065 redintegrare
1729 4999 1992 5065 pergant,
2028 4995 2182 5050 dicas
2212 5001 2268 5051 et
2300 4996 2689 5051 cavillationes
2712 4997 2981 5069 deinceps
3009 4999 3542 5070 praetermittemus,
3578 5002 3633 5052 et

120 5106 226 5160 pro
268 5085 455 5140 nihilo
485 5085 844 5140 habebimus.

190 5188 261 5241 In
294 5184 501 5257 primis
534 5183 703 5238 toties
733 5184 974 5255 repetita
1004 5200 1037 5237 a
1066 5184 1231 5237 nobis
1257 5182 1523 5238 omnibus
1554 5188 1610 5239 et
1639 5179 1879 5251 singulis
1908 5181 2208 5252 professio,
2229 5198 2341 5254 qua
2362 5182 2875 5239 Constitutionibus
2905 5200 3261 5239 summorum
3292 5183 3629 5238 Pontiﬁcum

123 5272 452 5329 Innocentii
499 5274 539 5326 X
591 5278 648 5325 et
677 5271 982 5327 Alexandri
1011 5272 1103 5326 VII
1131 5289 1233 5326 nos
1264 5272 1479 5326 sincere
1509 5276 1565 5326 et
1595 5288 1659 5326 ex
1691 5270 1882 5325 animo
1915 5270 2206 5326 adhaerere
2238 5271 2462 5341 publice
2492 5274 2787 5326 contestati
2813 5290 3033 5342 sumus,
3064 5278 3319 5328 nostram
3352 5272 3502 5325 circa
3537 5270 3619 5324 fa-

125 5380 316 5417 mosas
370 5361 633 5434 quinque
663 5360 1087 5431 Propositiones
1119 5361 1290 5415 ﬁdem
1326 5361 1395 5415 ab
1428 5359 1586 5415 omni
1611 5374 1841 5431 prorsus
1873 5356 2194 5429 suspicione
2225 5358 2395 5413 debet
2424 5359 2689 5415 eximere.
2723 5360 2781 5415 Si
2811 5362 2965 5415 enim
2994 5365 3079 5416 tot
3106 5357 3457 5430 argumentis
3489 5357 3635 5413 fulta

125 5453 270 5508 ﬁdes
304 5452 366 5506 in
398 5456 529 5505 tuto
560 5466 673 5503 non
702 5453 802 5514 est,
841 5450 998 5504 nulla
1027 5449 1135 5504 erit
1160 5467 1194 5504 a
1221 5450 1540 5521 suspicione
1569 5447 1874 5516 immunis;
1910 5451 1968 5501 et
1995 5446 2042 5500 si
2074 5446 2165 5501 cui
2197 5464 2312 5502 non
2337 5447 2581 5502 sufficiat
2609 5452 2727 5503 tam
2758 5449 2977 5503 sincera
3004 5447 3301 5520 professio,
3335 5445 3495 5499 nulla
3524 5447 3635 5502 alia

127 5539 503 5612 quantumvis
536 5538 751 5609 jurata,
783 5537 1147 5609 quantumvis
1180 5538 1512 5610 explicatior
1551 5537 1861 5592 sufﬁceret.
1898 5536 2009 5589 Has
2038 5536 2249 5608 quippe
2278 5537 2722 5592 Constitutiones
2752 5542 2808 5591 et
2834 5554 2901 5592 ex
2936 5535 3137 5607 primis
3166 5549 3295 5588 cum
3332 5533 3523 5589 debita
3554 5553 3638 5591 re-

129 5629 381 5685 verentia
429 5632 490 5683 et
523 5627 897 5682 submissione
928 5632 1273 5698 exceperunt
1314 5628 1376 5683 in
1405 5627 1648 5682 comitiis
1681 5625 1795 5680 suis
1838 5625 2201 5694 generalibus
2234 5626 2528 5696 Praepositi
2558 5626 2757 5693 nostri,
2789 5641 2998 5695 easque
3031 5623 3099 5676 ab
3134 5622 3403 5678 omnibus
3435 5629 3493 5679 et
3521 5625 3634 5680 sin-

133 5719 294 5789 gulis,
329 5718 438 5791 qni
474 5718 537 5772 in
559 5721 769 5771 coetum
800 5720 1054 5771 nostrum
1084 5708 1423 5773 admittendi
1453 5719 1662 5781 essent,
1690 5704 1971 5769 subscribi
2009 5721 2422 5785 praeceperunt.
