4020 6360
99 348 148 397 'll
1428 343 1797 397 PREFATIO
1837 343 2243 397 GENEBALIS.
3523 351 3588 401 2'2

160 466 440 519 Craterum
470 468 532 518 ut
576 463 752 518 solam
791 464 1029 536 gratiam
1061 464 1349 521 victricem
1379 469 1433 520 et
1462 471 1750 521 actuosam
1780 466 2066 521 vocabulis
2092 467 2231 536 istis,
2262 483 2378 536 quae
2405 470 2624 537 proprie
2652 471 2838 535 gratia
2868 474 2967 534 est,
3001 470 3105 524 hoc
3144 471 3266 524 loco
3296 476 3351 526 et
3382 473 3588 527 simili-

95 554 190 606 bus
220 551 532 621 designarit
555 552 927 621 Augustinus,
958 552 1099 607 falso
1116 553 1246 625 quis
1275 554 1402 608 inde
1424 554 1714 625 colligeret
1740 557 1927 610 locum
1956 573 2071 609 non
2102 556 2348 627 relinqui
2373 556 2504 610 ullis
2530 556 2654 610 aliis
2685 557 3003 627 adjutoriis,
3026 559 3218 628 qualia
3238 564 3371 614 sunt
3395 560 3583 615 inefﬁ-

94 643 233 698 cacia
262 647 319 696 et
348 658 521 696 sensu
568 641 990 696 Thomistarum
1020 642 1380 697 sufﬁcientia.
1427 644 1603 713 Hujus
1632 645 1856 714 generis
1900 644 2109 715 gratias
2156 645 2306 698 haud
2345 644 2515 699 dubie
2557 646 2811 716 agnoscit
2842 651 3067 700 sanctus
3098 648 3332 713 Prtesul,
3368 665 3582 720 nosque

94 749 209 786 cum
240 731 366 801 ipso
396 747 555 785 veras
585 734 640 785 et
664 731 895 802 proprie
927 731 1103 786 dictas
1128 735 1486 802 proﬁtemur.
1522 733 1632 786 Nec
1657 732 1827 786 refert
1850 733 2005 805 quod
2035 732 2216 786 rarior
2240 732 2322 786 illi
2352 733 2419 787 de
2442 733 2563 786 istis
2586 734 2995 803 posterioribus
3027 735 3264 799 mentio,
3296 740 3395 790 aut
3424 738 3580 807 quod

95 820 410 876 nominibus
441 820 563 874 aliis
592 820 741 890 ipsas
770 822 1106 892 plerumque
1137 823 1404 892 appellet,
1436 821 1649 877 scilicet
1677 823 2019 895 quandoque
2048 823 2373 875 voluntatem
2410 837 2659 890 parvam,
2695 823 3039 894 quandoque
3074 839 3306 892 parvam
3336 826 3580 879 Charita-

97 918 205 974 tem,
243 911 523 973 minorem,
568 909 892 976 invalidam,
934 911 1323 979 imperfectam.
1355 910 1638 965 Vocabula
1676 910 1821 965 nihil
1850 912 1918 966 de
1962 926 2021 964 re
2064 910 2183 981 ipsa
2216 910 2537 964 detrahunt.
2572 912 2734 966 Certe
2764 911 3096 966 cliaritatem
3127 930 3360 983 parvam
3392 918 3447 967 et
3476 914 3583 968 im-

99 998 385 1067 perfectam
420 996 479 1050 in
520 998 684 1051 Petro
723 998 793 1053 de
831 1014 885 1051 se
924 1002 1301 1069 prmsumente
1340 999 1554 1053 donum
1588 1000 1684 1053 Dei
1712 1003 2036 1054 constanter
2064 1002 2248 1067 vocat,
2281 998 2423 1051 libro
2453 999 2521 1052 de
2558 999 2747 1053 Gratia
2777 1005 2832 1053 et
2863 999 3062 1053 Libero
3092 1000 3361 1065 Arbitrio,
3396 1003 3583 1072 capite

98 1085 300 1138 decimo
328 1085 591 1155 septimo.
625 1086 694 1140 Ut
720 1085 978 1140 omittam
1010 1086 1262 1153 interim,
1295 1087 1443 1159 quod
1474 1088 1655 1142 omnis
1682 1089 1830 1142 bona
1859 1087 2116 1141 voluntas
2144 1081 2334 1139 sancto
2368 1087 2590 1141 Doctori
2621 1104 2734 1141 non
2763 1088 2941 1158 possit
2967 1104 3086 1143 esse
3115 1090 3330 1161 absque
3361 1092 3543 1160 gratia
3567 1108 3579 1144 :

97 1174 233 1245 quod
263 1177 317 1227 et
346 1172 418 1226 ad
447 1189 610 1227 oram
639 1173 866 1242 codicis,
895 1175 994 1228 ubi
1023 1193 1081 1229 se
1113 1177 1246 1230 tulit
1276 1176 1516 1244 occasio,
1547 1182 1743 1231 notare
1771 1192 1888 1231 non
1917 1175 2415 1246 prietermisimus.

162 1282 344 1350 Neque
394 1295 529 1333 vero
577 1280 815 1351 aequiori
843 1281 911 1335 de
941 1298 1109 1335 causa
1147 1282 1215 1336 lis
1245 1282 1541 1337 adversum
1585 1300 1686 1337 nos
1715 1286 2000 1347 movetur,
2035 1281 2192 1353 quod
2223 1284 2529 1336 universam
2558 1282 2758 1337 divina:
2784 1286 2978 1351 gratiae
3019 1288 3358 1339 oeconomiam
3408 1289 3584 1342 oculis

98 1367 279 1436 subjici
306 1367 450 1421 libro
481 1367 552 1421 de
594 1368 961 1438 Correptione
992 1374 1048 1443 et
1077 1370 1265 1425 Gratia
1304 1371 1789 1425 admonuerimus.
1826 1370 2015 1424 Primo
2043 1370 2103 1424 id
2143 1369 2390 1424 mutuati
2429 1386 2625 1424 sumus
2653 1370 2722 1423 ab
2762 1370 3075 1425 clarissimo
3107 1378 3164 1425 et
3192 1373 3581 1427 eruditissimo

97 1456 508 1527 .tugustiuianze
551 1456 823 1511 doctrinae
869 1457 1087 1512 vindice
1127 1462 1184 1512 et
1221 1458 1526 1530 interprete
1559 1458 1656 1530 (α),
1686 1459 1847 1530 cujus
1880 1458 2052 1512 verba
2091 1460 2147 1511 et
2191 1474 2419 1511 sensum
2460 1458 2832 1513 reddidimus.
2874 1458 3147 1525 Secundo,
3183 1462 3340 1515 nullo
3380 1462 3492 1515 alio
3523 1463 3585 1516 in

96 1561 251 1614 opere
282 1543 484 1615 majori
517 1561 649 1599 cum
676 1546 797 1599 luce
828 1546 1097 1615 explicuit
1128 1546 1507 1617 Hipponensis
1532 1548 1745 1602 Preesul
1772 1545 2093 1601 discrimina
2123 1546 2373 1601 hominis
2404 1547 2603 1601 stantis
2634 1552 2690 1601 et
2712 1547 3051 1615 innocentis,
3085 1554 3141 1602 et
3166 1550 3418 1604 hominis
3440 1552 3583 1622 lapsi

98 1638 146 1686 et
189 1631 348 1687 noxii.
396 1633 613 1702 Tertio,
660 1650 855 1688 causas
884 1636 1283 1704 perseverandi
1326 1637 1409 1690 vel
1462 1652 1582 1690 non
1610 1636 2009 1707 perseverandi
2050 1635 2109 1690 in
2151 1640 2393 1706 utroque
2424 1638 2574 1689 statu
2612 1651 2893 1706 nusquam
2925 1636 3256 1706 diligentius
3283 1640 3578 1709 expressit.

102 1721 329 1793 Denique
359 1723 880 1793 praedestinationis
899 1729 1128 1778 ueterum
1159 1724 1306 1779 circa
1334 1725 1543 1779 electos
1563 1724 1956 1779 inconcussam
1982 1724 2301 1778 doctrinam
2322 1723 2647 1777 admirabili
2671 1724 3011 1795 compendio
3038 1727 3328 1795 pertexuit
3350 1726 3407 1779 in
3430 1727 3581 1780 dicto

100 1806 243 1859 libro.
287 1806 395 1861 Cur
437 1807 622 1878 igitur
649 1808 785 1863 vitio
826 1811 912 1864 vel
954 1810 1177 1865 crimini
1218 1811 1385 1866 datur
1423 1812 1554 1879 dici,
1585 1812 1737 1867 hunc
1765 1812 1977 1868 librum
2016 1812 2341 1867 universam
2381 1812 2580 1882 gratiae
2620 1812 2999 1867 mcenomiam
3028 1814 3361 1884 complecti?
3393 1815 3497 1868 Ubi
3523 1820 3582 1867 et

100 1894 262 1948 obiter
287 1894 421 1950 illud
453 1898 817 1967 profitemur,
850 1900 1119 1970 Opusculi
1146 1901 1399 1971 ejusdem
1429 1901 1767 1971 analyticam
1807 1901 2099 1973 synopsim
2138 1900 2330 1955 insciis
2361 1901 2683 1971 Praspositis
2715 1901 2920 1954 nostris
2948 1901 3293 1971 publicatam
3330 1919 3342 1956 :
3376 1902 3434 1955 in
3466 1919 3580 1974 quo

102 1983 451 2054 ﬂagitantium
482 1986 647 2041 illam
676 1988 1059 2058 quorumdam
1089 1990 1370 2044 voluntati
1398 2006 1617 2043 morem
1644 2006 1841 2060 gerere
1873 2008 1930 2044 se
1959 2006 2126 2060 posse
2153 1988 2456 2042 arbitratus
2486 1993 2568 2042 est
2594 2005 2740 2042 unus
2768 2004 2799 2042 e
2828 1989 3056 2054 nostris,
3088 2005 3218 2043 cum
3247 1994 3441 2044 tamen
3477 2007 3580 2043 nec

102 2072 165 2125 illi
191 2088 283 2126 nec
310 2074 470 2127 nobis
502 2074 808 2131 consilium
838 2076 1035 2130 fuisset
1063 2078 1399 2148 particulam
1428 2079 1595 2133 istam
1615 2079 1878 2133 universo
1911 2078 2071 2148 operi
2098 2076 2467 2147 praemittere,
2500 2094 2533 2130 a
2560 2077 2723 2147 cujus
2751 2076 3044 2148 proposito
3075 2077 3323 2132 alienam
3355 2094 3498 2144 esse,
3523 2084 3580 2132 et

102 2161 225 2214 adid
245 2161 390 2231 quod
408 2164 692 2233 agebatur
719 2165 956 2220 minime
976 2166 1356 2236 pertinentem
1386 2183 1504 2221 non
1525 2167 1685 2222 inviti
1709 2166 2089 2237 agnoscimus.
2114 2166 2307 2236 Neque
2329 2165 2485 2219 enim
2510 2165 2951 2219 commentarios
2976 2170 3074 2220 aut
3098 2166 3404 2236 analyticas
3430 2184 3579 2221 sum-

102 2266 201 2304 mas
226 2252 384 2306 edere
427 2253 659 2307 animus
688 2254 794 2309 fuit
821 2255 881 2309 in
907 2271 1082 2338 opera
1109 2257 1288 2310 sancti
1334 2257 1602 2311 Doctoris.
1652 2258 1933 2312 Caeterum
1963 2254 2032 2309 de
2070 2253 2356 2325 praedictas
2401 2254 2717 2324 analyseos,
2764 2270 2892 2325 quae
2922 2270 3050 2307 cum
3080 2254 3410 2308 auctoritate
3441 2255 3577 2309 olim

101 2336 378 2406 prodierat,
407 2339 682 2407 utilitate,
716 2342 922 2412 pretio,
952 2336 1080 2409 ﬁde,
1109 2343 1182 2397 ad
1210 2359 1315 2397 nos
1345 2344 1531 2398 dicere
1562 2360 1679 2398 non
1707 2344 1938 2412 attinet;
1973 2359 2103 2399 cum
2135 2344 2405 2397 harumce
2435 2358 2629 2396 rerum
2658 2343 2968 2413 prtesulum
2998 2343 3298 2398 arbitrium
3330 2360 3449 2397 esse
3479 2345 3576 2397 de-

103 2426 229 2489 beat,
252 2442 362 2480 non
388 2427 771 2497 privatorum,
805 2431 1000 2501 quales
1032 2447 1245 2486 sumus.

162 2535 274 2586 Post
301 2550 365 2588 ea
390 2550 531 2589 vero
558 2552 685 2607 qua:
712 2536 982 2605 diximus,
1013 2538 1226 2593 morari
1257 2554 1604 2611 quemquam
1636 2556 1751 2593 non
1781 2536 1968 2605 debet,
1997 2536 2109 2590 sive
2141 2537 2292 2608 quod
2319 2536 2465 2591 libro
2488 2537 2556 2591 de
2586 2537 2953 2607 Correptione
2984 2542 3039 2591 et
3069 2538 3279 2607 Gratia,
3313 2538 3383 2593 ad
3416 2555 3571 2592 mar-

105 2622 266 2690 ginem
294 2623 491 2693 capitis
521 2625 774 2692 secundi,
807 2626 1005 2696 gratias
1031 2626 1247 2681 efﬁcaci
1276 2642 1487 2681 nomen
1515 2630 1705 2695 gratiae
1724 2628 1928 2685 Christi
1946 2625 2235 2695 praecipua
2259 2624 2506 2696 quadam
2530 2624 2749 2679 ratione
2776 2615 3041 2679 tribuisse
3065 2625 3167 2679 visi
3197 2642 3393 2680 sumus
3417 2642 3429 2679 :
3454 2626 3567 2679 sive

104 2710 230 2780 quod
256 2710 311 2765 in
341 2712 484 2766 libro
513 2715 588 2767 de
618 2714 807 2769 Gratia
836 2715 1041 2770 Christi
1070 2715 1548 2771 insinuaverimus
1577 2733 1703 2771 eam
1729 2732 1848 2769 esse
1877 2716 2237 2783 deﬁnitionem
2262 2716 2457 2782 gratim
2485 2714 2710 2781 Christi,
2743 2729 2916 2783 quam
2946 2712 3059 2767 illic
3100 2713 3262 2767 affert
3289 2713 3343 2769 S.
3377 2716 3571 2785 Augu-

104 2799 273 2866 stinus,
301 2801 532 2869 scilicet,
576 2805 1001 2873 Inspirationem
1039 2806 1468 2860 luminosissimae
1505 2810 1555 2859 et
1599 2806 1991 2860 ardentissimae
2022 2805 2346 2857 charitatis:
2380 2801 2494 2856 sive
2538 2802 2769 2856 demum
2805 2802 2954 2872 quod
2985 2801 3057 2855 ad
3086 2806 3255 2872 caput
3286 2802 3573 2856 decimum

102 2888 298 2943 tertium
325 2891 583 2960 ejusdem
611 2891 743 2947 libri
773 2897 1031 2947 notatum
1061 2893 1153 2962 sit,
1187 2894 1343 2959 Quod
1368 2896 1465 2963 qui
1490 2910 1587 2963 per
1611 2896 1854 2962 gratiam
1882 2891 2099 2955 didicit,
2131 2895 2263 2958 agat
2285 2892 2497 2944 omnino
2526 2890 2801 2960 quidquid
2823 2890 3090 2957 agendum
3114 2890 3341 2957 didicit;
3366 2895 3440 2956 et,
3466 2891 3575 2957 Qui

102 2991 180 3043 per
203 2982 425 3044 gratiam
451 2980 674 3046 didicit,
700 2983 876 3045 venit;
910 2982 1008 3049 qui
1032 2996 1139 3035 non
1166 2983 1326 3041 venit,
1356 2995 1459 3033 non
1486 2980 1700 3034 didicit.
1736 2980 1865 3033 Htec
1892 2978 2046 3032 enim
2076 2982 2132 3032 et
2158 2978 2269 3031 alia
2296 2978 2647 3049 huiusmodi,
2678 2994 2807 3047 qua:
2845 2978 3042 3047 gratiae
3086 2978 3300 3031 efﬁcaci
3331 2978 3573 3032 maxime

105 3066 420 3132 conveniunt,
454 3068 610 3122 dicta
638 3072 771 3122 sunt
798 3069 1013 3140 absque
1044 3068 1387 3123 detrimento
1413 3068 1645 3122 alterius
1673 3084 1821 3123 vera:
1865 3071 1920 3123 et
1947 3066 2234 3121 interioris
2281 3065 2502 3136 gratiae,
2535 3066 2630 3119 sed
2663 3066 2865 3120 effectu
2904 3082 3006 3119 suo
3035 3066 3301 3135 carentis,
3335 3067 3570 3137 qualem

104 3157 208 3220 post
232 3160 473 3209 sanctum
502 3156 893 3227 Augustinum
922 3157 1110 3211 schola
1132 3156 1549 3211 Thomistarum
1572 3160 1918 3227 propugnat.
1955 3155 2093 3210 Hinc
2122 3154 2293 3209 solius
2319 3155 2519 3225 gratiae
2547 3153 2790 3208 victricis
2821 3157 2878 3208 et
2906 3153 3168 3207 maxima:
3191 3153 3443 3223 inopiam
3474 3159 3573 3208 aut

105 3240 535 3298 substructionem
568 3244 886 3315 significare
913 3245 1198 3299 voluimus
1223 3245 1292 3298 ad
1324 3244 1534 3298 librum
1575 3244 1890 3298 secundum
1917 3244 1986 3298 de
2019 3245 2383 3297 Peccatorum
2423 3242 2632 3296 Meritis
2658 3247 2715 3296 et
2745 3240 3118 3306 Remissione,
3153 3241 3254 3299 ubi
3282 3258 3414 3295 cum
3444 3258 3569 3296 sau-

105 3333 202 3383 ctus
228 3331 421 3388 Doctor
453 3334 720 3405 inquirit,
752 3351 849 3388 cur
876 3337 1151 3389 victricem
1191 3335 1592 3387 delectationem
1632 3348 1738 3387 non
1779 3334 2046 3398 omnibus,
2086 3334 2167 3386 vel
2204 3347 2307 3387 non
2351 3347 2556 3400 semper
2600 3334 2801 3385 sanctis
2832 3331 2920 3384 det
2947 3333 3116 3395 Deus;
3145 3330 3395 3384 hreviori
3425 3331 3569 3385 forte

106 3420 404 3489 compendio
432 3422 778 3477 sententiam
811 3423 869 3477 in
900 3423 1159 3494 margine
1190 3423 1267 3475 sic
1296 3422 1678 3493 expressimus
1706 3438 1719 3474 :
1750 3423 1945 3476 Gratia
1972 3437 2068 3473 cur
2095 3435 2202 3474 non
2228 3420 2493 3486 omnibus,
2522 3420 2604 3472 vel
2632 3435 2737 3472 non
2762 3433 2967 3487 semper
3010 3421 3212 3472 sanctis
3242 3419 3417 3473 detur.
3460 3420 3565 3474 Ubi

105 3504 265 3561 addita
292 3510 478 3564 vocula
496 3513 725 3577 victrix,
748 3512 1073 3566 offensionis
1105 3529 1301 3567 ansam
1332 3528 1562 3566 omnem
1593 3511 1838 3565 ablatam
1869 3524 2236 3579 cuperemus:
2265 3507 2397 3561 licet
2421 3506 2723 3577 Augustini
2755 3523 2945 3575 sensu,
2972 3522 3155 3577 eoque
3189 3506 3423 3560 minime
3448 3523 3569 3561 am-

104 3592 265 3663 biguo,
295 3612 500 3652 nomen
552 3600 747 3669 gratias
790 3600 1122 3671 simpliciter
1158 3617 1261 3673 pro
1310 3600 1524 3655 efﬁcaci
1565 3599 1747 3669 gratia
1775 3596 2211 3668 sumpserimus,
2240 3612 2369 3649 cum
2407 3595 2551 3649 etin
2596 3594 2801 3648 sanctis
2840 3599 2897 3649 et
2932 3595 2991 3648 in
3020 3595 3410 3664 peccatoribus
3440 3611 3568 3650 cum

106 3687 260 3737 sancto
285 3686 548 3741 Antistite
578 3686 825 3742 minores
854 3688 1087 3759 gratias,
1120 3705 1327 3761 easque
1356 3688 1696 3744 Thomistico
1727 3702 1895 3741 sensu
1925 3684 2290 3751 sufﬁcientes,
2322 3683 2708 3738 admittamus.

160 3788 348 3845 Revera
374 3792 496 3864 ejus
549 3794 776 3863 generis
818 3797 1028 3864 gratias
1065 3795 1274 3866 passim
1324 3793 1695 3865 experiuntur
1741 3791 1916 3846 etiam
1958 3795 2302 3863 peccatores,
2335 3790 2579 3845 maxime
2627 3789 2685 3843 in
2718 3806 2817 3843 sua
2863 3789 3118 3859 ipsorum
3165 3790 3564 3845 conversione:

107 3878 251 3931 multo
278 3880 460 3935 minus
477 3882 651 3953 justis
681 3899 775 3937 eas
801 3884 1049 3953 denegat
1078 3885 1226 3937 Deus
1251 3883 1508 3953 ;.quippe
1549 3881 1649 3953 qui
1671 3882 1857 3951 justos
1883 3896 1990 3934 non
2017 3879 2234 3945 deserit,
2270 3880 2380 3931 nisi
2402 3881 2562 3946 prius
2591 3878 2659 3930 ab
2690 3880 2766 3930 eis
2797 3877 3094 3931 deseratur.
3130 3878 3244 3930 Hoc
3273 3878 3426 3931 enim
3455 3878 3569 3931 dis-

104 3964 280 4020 crimen
306 3971 663 4040 Augustiuus
692 3970 843 4026 inter
868 3972 1050 4025 Deum
1089 3972 1496 4042 justiﬁcantem
1525 3974 1582 4024 et
1611 3968 1896 4023 medicum
1926 3972 2222 4021 sanantem
2252 3967 2468 4031 statuit,
2507 3967 2651 4036 quod
2678 3966 2912 4020 medicus
2953 3967 3103 4019 homo
3148 3980 3267 4019 cum
3296 3967 3569 4018 sanaverit

106 4052 344 4124 hominem,
367 4059 489 4126 jam
513 4059 583 4113 de
611 4064 795 4114 caetero
822 4060 1233 4115 sustentandum
1261 4061 1529 4114 elementis
1576 4063 1626 4111 et
1655 4059 1925 4112 alimentis
1964 4055 2354 4125 corporalibus,
2378 4060 2439 4109 ut
2467 4055 2651 4109 eadem
2687 4056 2897 4108 sanitas
2936 4061 3062 4123 apto
3091 4053 3334 4107 subsidio
3363 4068 3566 4107 conva-

106 4141 252 4208 lescat,
282 4147 378 4199 Deo
402 4147 652 4201 dimittit.
685 4151 759 4202 At
781 4148 929 4202 Deus
957 4155 1262 4218 postquam
1293 4147 1536 4218 impium
1558 4145 1969 4217 justiﬁcaverit,
2001 4160 2119 4198 eum
2147 4159 2253 4199 non
2282 4143 2478 4199 deserit
2515 4145 2565 4198 si
2592 4159 2697 4197 non
2722 4144 3020 4211 deseratur,
3049 4147 3111 4197 ut
3134 4145 3225 4212 pie
3249 4156 3453 4211 semper
3469 4142 3568 4210 ju-

105 4233 250 4297 steque
274 4236 509 4304 vivatur,
538 4235 727 4307 inquit
750 4242 977 4291 sanctus
1009 4238 1214 4290 Doctor
1245 4236 1304 4289 in
1333 4236 1478 4289 libro
1509 4235 1578 4289 de
1610 4236 1820 4289 Natura
1846 4238 1904 4287 et
1932 4233 2141 4300 Gratia,
2167 4232 2350 4303 capite
2376 4232 2650 4303 vigesimo
2682 4235 2854 4287 sexto.

158 4334 280 4391 Cum
304 4337 390 4391 his
418 4339 612 4411 itaque
642 4339 905 4394 subsidiis
934 4339 1121 4411 justus
1146 4342 1553 4411 perseveraret,
1589 4338 1635 4391 si
1671 4337 1841 4392 vellet
1882 4356 1895 4393 :
1927 4339 2082 4411 quod
2123 4355 2256 4393 vero
2296 4338 2458 4404 nolit,
2490 4339 2613 4409 ejus
2650 4337 2818 4408 culpa
2856 4340 2957 4400 est,
2999 4337 3228 4392 tametsi
3273 4350 3567 4407 nunquam

106 4422 237 4489 plene
264 4431 317 4480 et
344 4427 651 4482 efﬁcaciter
673 4430 842 4495 volet,
874 4428 984 4482 nisi
1015 4428 1280 4499 ampliori
1310 4432 1367 4482 et
1394 4426 1616 4481 fortiori
1646 4426 1846 4497 gratiae
1885 4427 2167 4497 adjutorio
2197 4426 2482 4482 fulciatur.

160 4531 217 4584 Ex
247 4533 327 4586 his
353 4535 515 4589 facile
548 4535 908 4607 intelligitur,
937 4536 1215 4589 sinceram
1256 4535 1317 4588 in
1347 4535 1461 4588 Deo
1490 4550 1611 4588 esse
1641 4547 1840 4587 omnes
1878 4532 2131 4587 salvandi
2178 4530 2441 4586 homines
2469 4532 2820 4585 voluntatem
2845 4548 2857 4585 :
2890 4545 3062 4602 quam
3089 4530 3437 4583 voluntatem
3465 4528 3567 4582 etsi

104 4618 367 4690 aliquando
394 4625 463 4678 ad
486 4625 717 4692 electos,
739 4629 837 4679 aut
854 4625 923 4679 ad
944 4640 1154 4695 genera
1175 4623 1532 4694 singulorum
1557 4621 1896 4693 restringere
1913 4620 2173 4675 videatur
2191 4620 2565 4692 Augustinus,
2591 4625 2653 4674 ut
2670 4619 3105 4691 Pelagianorum
3128 4617 3311 4688 pravis
3333 4617 3565 4687 quibus-

102 4707 206 4762 dam
232 4709 281 4763 in
312 4712 416 4765 hoc
446 4713 629 4783 capite
661 4712 917 4766 sensibus
940 4716 1231 4766 occurrat:
1258 4727 1375 4765 non
1399 4715 1591 4764 tamen
1620 4709 1907 4780 improbat
1935 4709 2046 4763 alio
2076 4710 2329 4780 quolibet
2356 4726 2525 4763 sensu
2544 4709 2894 4763 voluntatem
2922 4707 3091 4761 istam
3116 4704 3407 4775 explicari,
3436 4704 3566 4759 dum

103 4801 246 4852 tamen
269 4801 474 4855 credere
491 4818 599 4855 non
619 4817 891 4869 cogamur,
916 4800 1120 4871 inquit,
1149 4800 1364 4869 aliquid
1389 4802 1798 4868 omnipotentem
1823 4800 1989 4851 Deum
2007 4801 2128 4867 ﬁeri
2148 4800 2398 4864 voluisse,
2419 4798 2710 4852 voluntate
2738 4796 3013 4850 nimirum
3036 4796 3312 4859 absoluta,
3336 4797 3567 4860 factum-

101 4900 179 4950 que
191 4903 287 4942 non
306 4906 413 4943 esse
434 4890 623 4959 (Each.
651 4906 696 4943 c.
734 4890 872 4957 103).
897 4889 1051 4944 Unde
1070 4889 1179 4942 alio
1207 4890 1328 4942 loco
1352 4889 1675 4958 generalem
1707 4886 2011 4958 quamdam
2034 4886 2132 4941 Dei
2160 4886 2230 4940 de
2250 4886 2511 4940 omnium
2536 4886 2839 4939 hominum
2871 4885 3051 4939 salute
3078 4884 3429 4938 voluntatem
3453 4900 3565 4936 non

101 4972 305 5029 obscure
333 4977 541 5043 innuit,
574 4993 702 5031 cum
734 4977 918 5042 docet,
946 4978 1034 5032 Sic
1063 4978 1193 5031 velle
1218 4979 1381 5031 Deum
1417 4991 1594 5030 omnes
1625 4977 1861 5029 homines
1890 4976 2065 5029 salvos
2093 4976 2214 5043 ﬁeri
2241 4982 2291 5029 et
2333 4977 2392 5029 in
2430 4977 2761 5043 agnitionem
2798 4976 3043 5028 veritatis
3073 4975 3272 5039 venire,
3300 4976 3362 5025 ut
3390 4977 3566 5025 tamen

103 5075 180 5113 non
206 5063 405 5120 adimat
429 5069 505 5119 eis
538 5066 761 5121 liberum
787 5067 1098 5131 arbitrium,
1131 5081 1234 5134 quo
1261 5065 1385 5119 bene
1415 5066 1494 5119 vel
1523 5067 1661 5119 male
1686 5068 1888 5119 utentes
1920 5063 2225 5132 justissime
2260 5063 2609 5133 judiceutur:
2643 5064 2787 5132 quod
2823 5078 2942 5117 cum
2970 5066 3051 5131 ﬁt,
3082 5062 3321 5131 infideles
3350 5060 3563 5130 quidem

102 5156 254 5205 contra
279 5155 604 5208 voluntatem
632 5158 727 5209 Dei
750 5157 984 5221 faciunt,
1019 5170 1138 5209 cum
1166 5154 1281 5223 ejus
1312 5154 1604 5220 Evangelia
1626 5168 1731 5206 non
1761 5152 2015 5216 credunt;
2046 5168 2137 5206 nec
2167 5152 2286 5206 ideo
2316 5157 2493 5206 tamen
2523 5168 2639 5206 eam
2666 5154 2909 5217 vincunt,
2936 5166 3119 5204 verum
3149 5166 3202 5219 se
3228 5153 3373 5220 ipsos
3400 5151 3561 5216 frau-

102 5237 210 5294 dant
234 5257 417 5309 magno
446 5249 497 5298 ct
526 5260 729 5298 summo
770 5244 921 5309 bono,
952 5245 1218 5311 malisque
1244 5243 1546 5312 pmnalibus
1578 5244 1880 5311 implicant,
1912 5242 2193 5310 experturi
2220 5244 2279 5295 in
2308 5242 2595 5311 suppliciis
2620 5245 2939 5310 potestatem
2964 5240 3103 5309 ejus,
3133 5240 3284 5309 cujus
3316 5240 3373 5292 in
3404 5238 3561 5291 donis

105 5330 491 5385 misericordiam
529 5337 969 5402 contempserunt.
997 5332 1098 5401 (De
1121 5333 1267 5401 Spir.
1300 5336 1350 5385 et
1379 5332 1535 5392 Litt.,
1569 5347 1688 5401 cap.
1724 5331 1832 5401 33).

161 5434 226 5488 De
251 5444 660 5509 prmccptorum
686 5438 1064 5510 possibilitate
1093 5441 1177 5492 tot
1204 5442 1263 5493 et
1289 5443 1407 5491 tam
1438 5441 1631 5507 aperta
1669 5442 1801 5491 sunt
1838 5438 2015 5492 sancti
2043 5437 2346 5508 Augustini
2374 5436 2722 5502 testimonia,
2751 5440 2816 5491 ut
2845 5452 2911 5490 ea
2938 5436 3048 5489 huc
3079 5434 3278 5488 aﬁ'erre
3310 5431 3560 5486 otiosum

109 5518 248 5579 fuerit
268 5542 279 5580 :
303 5533 472 5598 negat
500 5532 693 5583 tamen
722 5544 788 5582 ea
816 5526 1107 5599 possibilia
1127 5542 1247 5581 esse
1276 5526 1346 5580 ad
1377 5529 1630 5580 mentem
1655 5525 2110 5597 Pelagianorum,
2142 5525 2241 5598 qui
2270 5542 2336 5580 ea
2365 5526 2497 5581 solis
2521 5531 2743 5579 natura:
2765 5523 2998 5589 viribus,
3026 5523 3241 5591 absque
3270 5518 3561 5575 interioris

156 5751 215 5809 (α)
241 5752 689 5825 Eminentissimus
722 5755 1003 5806 cardinalis
1034 5755 1286 5815 Norisius,
1317 5755 1555 5804 Historiae
1584 5755 1875 5817 Pelagianae
1908 5755 2042 5805 libro
2070 5759 2113 5815 l,
2146 5768 2262 5816 pag.
2298 5757 2404 5812 H3,
2430 5753 2675 5802 editionis
2702 5753 2968 5800 Patavina:
3001 5752 3125 5800 anni
3167 5755 3304 5802 1673.
