4020 6360
389 321 454 374 23
836 286 845 293 ’
1740 306 2105 363 ramento
2146 307 2553 365 cenemus.
3838 307 3909 359 2:.

389 439 589 512 gratias
620 437 852 498 auxilio,
883 435 1177 508 possibilia
1205 452 1326 490 esse
1356 434 1796 489 contendebant.
1832 434 1972 489 Hinc
2001 434 2369 489 manifestum
2402 440 2488 489 est
2515 435 2690 489 cuivis
2714 434 2935 490 sincero
2958 439 3014 489 et
3040 450 3206 506 inquo
3234 433 3453 498 lectori,
3477 450 3592 506 quo
3618 449 3792 488 sensu
3813 433 3908 487 di-

384 529 638 583 xerimus
666 526 727 580 in
756 524 1002 580 sectione
1033 524 1272 596 septima
1301 523 1658 579 Prasfationis
1687 523 1759 576 ad
1786 528 2009 576 tomum
2037 521 2368 591 septimum,
2403 524 2611 578 Bedam
2632 524 2693 578 in
2723 523 3159 579 Commentariis
3188 538 3358 593 super
3387 522 3616 577 Cantica
3646 521 3904 576 cantico-

386 633 515 672 rum
547 620 1023 670 commonstrasse
1055 613 1401 667 reconditum
1448 612 1603 666 virus
1641 612 1702 665 in
1738 611 1877 666 locis
1915 611 2232 682 Pelagianae
2263 614 2334 667 ad
2365 612 2787 667 Demetriadem
2830 612 3105 683 epistolae,
3138 627 3268 664 cum
3298 610 3355 664 in
3387 610 3531 673 aliis,
3567 615 3691 664 tum
3723 610 3782 664 in
3814 598 3908 663 his

387 710 508 774 eius
535 704 739 768 verbis,
768 704 911 773 quod
938 706 1074 757 Deus
1104 718 1197 756 nec
1229 702 1559 771 impossibile
1585 701 1803 770 aliquid
1827 703 2008 771 potuit
2036 704 2321 770 imperare,
2341 704 2438 771 qui
2460 702 2642 771 justus
2673 707 2750 756 est
2771 720 2787 766 ;
2812 717 2905 755 nec
2935 701 3294 755 damnaturus
3323 704 3400 753 est
3432 700 3695 753 hominem
3722 715 3827 769 pro
3850 715 3909 762 eo

388 796 533 865 quod
560 798 737 848 vitare
767 809 873 847 non
899 797 1090 861 potest,
1125 795 1223 861 qui
1248 794 1377 866 pius
1403 796 1499 846 est.
1532 790 1655 854 Quo
1684 790 1746 844 in
1773 791 1917 855 loco,
1950 789 2111 859 cujus
2138 806 2332 843 sensus
2355 791 2477 859 jam
2504 790 2734 844 aliunde
2764 789 2897 843 satis
2929 790 3251 859 exploratus
3282 793 3422 852 erat,
3451 787 3771 842 antidotum
3804 788 3909 841 ad-

386 885 582 939 hibere
615 881 998 937 necessarium
1030 897 1140 934 non
1165 880 1454 945 duximus,
1487 880 1556 933 ad
1588 878 2021 950 praecavendum
2051 878 2294 933 abusum
2319 878 2471 933 illius
2496 878 2667 945 eﬁ'ati,
2701 878 2851 949 quod
2883 878 3005 931 sine
3036 877 3211 931 dubio
3237 893 3436 931 verum
3463 882 3520 930 et
3549 876 3905 931 catholicum

387 977 472 1028 est
499 979 620 1027 tum
652 971 804 1042 apud
835 971 1067 1025 beatum
1096 969 1499 1040 Augustinum,
1525 973 1645 1022 tum
1677 967 1826 1038 apud
1851 966 2144 1020 universos
2170 966 2302 1020 ﬁdei
2324 967 2612 1021 catholica:
2642 968 2904 1021 cultores.
2931 965 3078 1030 Quin
3104 965 3276 1018 etiam
3305 964 3364 1018 in
3394 964 3719 1035 Appendice
3746 965 3906 1035 ejus-

386 1063 514 1116 dem
546 1060 687 1115 tomi
708 1061 994 1131 integrum
1024 1059 1184 1113 Bedm
1211 1059 1397 1113 locum
1420 1057 1740 1125 retulimus,
1760 1054 1860 1126 qui
1886 1055 2169 1125 duplicem
2193 1056 2314 1126 ejus
2341 1056 2492 1110 etiati
2515 1072 2744 1110 sensum
2775 1055 2980 1109 diserte
3002 1053 3271 1125 exprimit
3294 1071 3306 1107 :
3342 1069 3671 1125 quanquam
3697 1057 3753 1107 ct
3787 1054 3908 1106 vel-

387 1152 570 1203 lemus
599 1149 760 1204 illum
805 1154 1115 1220 utrumque
1162 1148 1221 1202 in
1266 1147 1601 1219 praefatione
1642 1146 1764 1216 ipsa
1805 1146 2298 1214 repraesentatum,
2330 1148 2393 1197 ut
2443 1145 2525 1198 vel
2569 1144 2911 1199 levissimam
2958 1142 3287 1198 olfendiculi
3336 1142 3693 1195 occasionem
3742 1157 3906 1195 amo-

386 1254 666 1292 veremus.

460 1348 573 1401 Nos
620 1361 870 1417 quoque,
903 1348 967 1398 ut
1013 1342 1329 1399 Catholicos
1376 1342 1557 1410 decet,
1586 1341 1831 1395 liberum
1887 1338 1948 1392 in
1975 1338 2208 1393 homine
2249 1338 2420 1393 etiam
2460 1339 2619 1409 lapso
2662 1338 2963 1393 arbitrium
3003 1338 3399 1391 incunctanter
3428 1335 3814 1407 agnoscimus,
3852 1340 3909 1387 et

385 1436 555 1506 hujus
597 1434 889 1488 catholicus
936 1433 1186 1487 veritatis
1217 1437 1553 1486 assertorem
1599 1428 1986 1500 Augustinum
2019 1427 2216 1492 secuti,
2246 1444 2375 1481 cum
2422 1427 2547 1498 ipso
2579 1434 2637 1481 et
2674 1427 2940 1482 omnibus
2982 1426 3280 1482 Catholicis
3310 1426 3606 1491 sentimus,
3641 1426 3907 1479 volunta-

384 1530 502 1578 tem
532 1523 785 1578 hominis
830 1523 1091 1578 sufﬁcere
1122 1521 1227 1575 sibi
1275 1522 1341 1576 ad
1372 1521 1610 1585 malum,
1641 1535 1757 1573 non
1788 1533 1914 1571 vero
1946 1517 2015 1571 ad
2047 1517 2262 1571 bonum
2302 1516 2515 1587 alisque
2561 1516 2746 1586 gratia
2778 1533 2790 1570 :
2823 1533 2953 1569 cum
2985 1533 3013 1569 e
3045 1515 3325 1569 contrario
3358 1514 3647 1585 Pelagiani
3679 1530 3908 1567 assere-

385 1617 533 1679 rent,
566 1614 849 1683 integram
899 1628 999 1666 nec
1045 1615 1276 1681 peccato
1324 1609 1497 1681 primi
1524 1607 1775 1663 hominis
1804 1606 2061 1661 vitiatam
2091 1605 2412 1660 libertatem
2454 1621 2619 1675 requa
2647 1605 2805 1659 lance
2847 1603 2982 1657 ferri
3012 1604 3125 1657 sive
3156 1603 3227 1657 ad
3267 1605 3505 1668 bonum,
3538 1602 3652 1655 sive
3683 1603 3753 1657 ad
3788 1618 3912 1654 ma-

386 1702 524 1755 lum.
562 1701 701 1755 Hinc
729 1716 857 1754 cum
888 1705 1080 1754 sancto
1106 1700 1371 1753 Antistite
1399 1704 1594 1753 notare
1626 1702 1683 1752 et
1709 1696 1942 1767 rejicere
1974 1695 2143 1749 libuit
2172 1692 2446 1748 libertatis
2473 1694 2834 1747 deﬁnitiones
2860 1710 2892 1746 a
2920 1693 3144 1748 Juliauo
3174 1693 3231 1746 in
3260 1692 3459 1763 gratia:
3502 1690 3909 1762 praijudicium

388 1788 674 1854 adductas,
708 1788 915 1859 quibus
943 1786 1255 1858 aequilibris
1283 1786 1351 1839 ad
1396 1786 1615 1840 bonum
1645 1789 1703 1839 et
1732 1784 1947 1838 malum
1972 1782 2209 1837 facilitas
2250 1782 2535 1836 statuitur.
2572 1781 2678 1837 Ubi
2718 1787 2909 1837 tamen
2939 1781 3188 1851 ingenue
3236 1780 3593 1852 proﬁtemur,
3623 1780 3692 1834 de
3721 1779 3912 1833 libero

385 1877 617 1931 arbitrio
648 1875 961 1931 secundum
1008 1893 1067 1929 se
1107 1879 1356 1946 spectato
1395 1874 1540 1928 forte
1584 1889 1819 1945 parvam
1867 1876 1967 1926 aut
2012 1871 2423 1953 nullam‘inter
2464 1870 2781 1925 Catholicos
2824 1876 2880 1924 et
2908 1869 3239 1941 Pelagianos
3284 1874 3538 1923 exortam
3582 1884 3702 1922 esse
3750 1880 3912 1940 qum‘

387 1966 648 2019 stionem.

457 2072 577 2125 Non
609 2071 856 2126 absimili
886 2070 1143 2125 cautione
1170 2087 1299 2124 cum
1328 2071 1492 2124 beato
1526 2069 1794 2124 Antistite
1820 2065 2247 2138 repudiavimus
2268 2065 2554 2119 Julianeas
2574 2065 2788 2135 peccati
2819 2064 3201 2131 deﬁnitiones,
3231 2064 3502 2135 quoniam
3535 2065 3684 2118 mala
3708 2068 3911 2118 mente

386 2158 839 2230 proferebantur,
873 2157 1085 2211 scilicet
1110 2158 1170 2212 in
1216 2158 1492 2212 damnum
1524 2159 1721 2229 gratias
1765 2157 1833 2211 ad
1862 2156 2094 2210 vitanda
2139 2159 2369 2225 peccata
2412 2154 2769 2221 necessariae,
2803 2160 2859 2209 et
2895 2154 2956 2208 in
2998 2154 3420 2208 incrementum
3461 2154 3626 2209 liberi
3656 2153 3910 2207 arbitrii.

384 2247 642 2301 Julianus
691 2262 898 2317 nempe
928 2250 1222 2316 peccatum
1267 2246 1473 2311 aiebat,
1506 2262 1540 2300 a
1570 2261 1673 2316 quo
1704 2247 1970 2299 abstinere
2004 2244 2231 2297 liberum
2276 2248 2372 2308 est,
2406 2258 2472 2297 ea
2518 2241 2779 2297 videlicet
2819 2242 3099 2311 libertate,
3140 2242 3231 2297 cui
3278 2242 3425 2297 nihil
3454 2260 3521 2297 ex
3569 2260 3627 2296 se
3658 2242 3806 2295 desit
3836 2242 3910 2296 ad

383 2335 680 2389 vitandum
710 2338 1021 2404 peccatum.
1057 2334 1192 2399 Quae
1224 2339 1418 2388 tamen
1445 2333 1704 2388 deﬁnitio
1752 2333 1799 2386 si
1845 2332 1915 2386 ab
1945 2330 2056 2386 alio
2084 2332 2460 2400 proferretur,
2503 2347 2674 2402 quam
2705 2332 2775 2386 ab
2825 2332 3043 2387 doloso‘
3068 2332 3472 2401 hmresiarcha,
3500 2348 3616 2386 non
3655 2335 3804 2385 esset
3835 2330 3911 2385 de

385 2425 508 2495 ipsa
537 2427 832 2494 tantopere
860 2422 1220 2494 litigandum.

458 2532 566 2586 Sed
602 2535 910 2602 utcumque
939 2530 1241 2601 disputarit
1274 2530 1652 2601 Hipponensis
1681 2529 1928 2584 Antistes
1954 2542 2083 2581 cum
2111 2526 2333 2581 Juliano
2363 2526 2431 2579 de
2464 2526 2741 2581 libertatis
2770 2532 2826 2582 et
2853 2528 3071 2599 peccati
3101 2526 3552 2593 deﬁnitionibus,
3572 2526 3712 2581 illud
3737 2525 3911 2579 nobis

388 2621 623 2674 omnino
644 2625 884 2685 certum,
904 2619 1347 2673 inditl‘erentiam
1368 2617 1628 2686 activam,
1646 2617 1761 2671 sive
1786 2617 2127 2683 libertatem,
2146 2620 2436 2680 utvocant,
2458 2616 2919 2671 contradictionis
2942 2617 3010 2671 ad
3032 2617 3318 2689 agendum
3337 2617 3421 2670 vel
3450 2632 3564 2670 non
3587 2615 3906 2686 agendum,

388 2707 687 2761 siveetiam
705 2706 772 2760 ad
790 2706 1127 2761 merendum
1154 2706 1635 2760 etdemerondum
1654 2705 1714 2758 in
1735 2704 1969 2758 homine
1990 2705 2168 2775 lapso,
2194 2707 2516 2758 constanter
2537 2704 2791 2775 agnitum
2812 2710 2866 2759 et
2886 2706 3181 2776 probatam
3204 2722 3237 2760 a
3258 2709 3450 2759 sancto
3472 2702 3737 2758 Antistite
3755 2719 3768 2769 ;
3789 2703 3910 2754 sive

387 2797 446 2850 in
474 2795 695 2850 bonum
715 2812 781 2848 ex
804 2794 986 2865 gratia
1012 2794 1226 2849 victrici
1248 2796 1506 2848 voluntas
1528 2794 1763 2862 feratur,
1785 2793 1899 2847 sive
1927 2793 1997 2846 ad
2024 2794 2235 2847 malum
2266 2810 2330 2847 ex
2362 2810 2420 2848 se
2445 2793 2566 2864 ipsa
2588 2798 2643 2848 et
2664 2794 2893 2866 proprio
2918 2796 3156 2850 defectu.
3183 2798 3366 2866 Atque
3390 2794 3534 2848 istud
3554 2792 3687 2847 ﬁdei
3711 2791 3912 2845 catho-

389 2885 511 2938 licas
542 2884 753 2955 dogma
781 2888 902 2938 tum
935 2890 1087 2945 ante,
1109 2889 1231 2939 tum
1264 2888 1393 2955 post
1421 2886 1676 2937 exortam
1698 2882 1913 2953 Pelagii
1941 2882 2204 2937 haeresim
2230 2898 2295 2936 ex
2324 2898 2489 2953 aequo
2520 2883 2804 2953 professus
2825 2889 2908 2938 est
2935 2885 3121 2938 clarus
3152 2884 3349 2955 gratiae
3375 2883 3668 2936 defensor:
3695 2882 3760 2934 Et
3779 2880 3911 2950 qui-

386 2974 516 3027 dem
548 2973 618 3026 de
647 2977 876 3043 peccato
907 2989 1105 3044 agens,
1133 2973 1278 3027 libro
1307 2972 1475 3026 tertio
1501 2971 1570 3026 de
1604 2971 1804 3025 Libero
1841 2970 2113 3041 Arbitrio,
2144 2972 2328 3042 capite
2368 2972 2587 3026 decimo
2612 2978 2806 3028 octavo
2831 2991 2843 3027 :
2878 2975 3234 3044 Quavcumque
3264 2976 3370 3029 ista
3409 2988 3573 3027 causa
3602 2977 3679 3025 est
3713 2971 3909 3024 volun-

388 3063 540 3130 tatis,
570 3061 776 3133 inquit,
813 3061 1025 3115 scilicet
1054 3062 1240 3128 malas,
1271 3063 1322 3115 si
1346 3076 1451 3114 non
1478 3064 1655 3130 potest
1682 3062 1732 3112 ei
1758 3062 1960 3124 resisti,
1993 3061 2110 3112 sine
2135 3065 2348 3128 peccato
2378 3063 2427 3114 ei
2448 3062 2656 3115 ceditur
2684 3080 2700 3115 :
2731 3064 2782 3115 si
2805 3071 2982 3117 autem
3016 3068 3210 3132 potest,
3246 3078 3352 3116 non
3382 3065 3431 3115 ei
3454 3061 3697 3123 cedatur,
3720 3062 3770 3111 et
3798 3074 3910 3112 non

382 3149 711 3220 peccabitur.
740 3150 831 3203 An
859 3151 1001 3215 forte
1027 3150 1177 3216 fallit
1206 3151 1520 3203 incautum?
1552 3150 1694 3214 Ergo
1721 3152 1907 3202 caveat
1932 3163 1997 3200 ne
2037 3149 2290 3213 fallatur.
2323 3149 2414 3203 An
2445 3155 2599 3203 tanta
2627 3151 2855 3216 fallacia
2880 3155 2978 3218 est,
3008 3156 3069 3204 ut
3098 3152 3278 3204 caveri
3299 3153 3518 3204 omnino
3547 3164 3652 3201 non
3681 3150 3861 3216 possit
3886 3151 3913 3201 ?

387 3239 446 3292 Si
483 3240 564 3290 ita
592 3242 690 3301 est,
726 3239 879 3291 nulla
902 3242 1125 3306 peccata
1153 3243 1297 3291 sunt.
1343 3238 1478 3303 Quis
1524 3238 1665 3290 enim
1710 3241 1893 3305 peccat
1922 3238 1979 3289 in
2023 3251 2079 3289 eo
2131 3238 2275 3306 quod
2320 3238 2467 3291 nullo
2513 3238 2667 3292 modo
2698 3240 2880 3293 caveri
2915 3242 3132 3306 potest?
3163 3238 3383 3291 Scimus
3414 3236 3644 3307 quidem
3677 3235 3907 3290 librum

385 3326 537 3379 hunc
567 3342 600 3378 a
629 3330 819 3379 sancto
850 3326 1083 3383 Doctore
1110 3325 1385 3394 scriptum
1415 3324 1586 3378 fuisse
1615 3329 1746 3378 ante
1784 3324 2112 3378 ventilatam
2142 3324 2210 3378 de
2241 3324 2422 3395 gratia
2452 3325 2892 3379 controversiam
2923 3330 3121 3378 contra
3147 3322 3503 3393 Pelagianos.
3528 3323 3738 3375 Verum
3769 3338 3911 3377 cum

384 3413 478 3467 hic
509 3413 663 3466 locus
693 3429 725 3465 a
756 3413 982 3483 Pelagio
1024 3412 1134 3483 ipsi
1181 3412 1435 3482 objectus
1479 3411 1697 3477 fuisset,
1732 3412 1986 3481 agnoscit
2011 3411 2183 3466 verba
2212 3429 2333 3479 sua,
2363 3430 2465 3467 nec
2504 3429 2569 3467 ea
2600 3413 2905 3483 improbat,
2938 3413 3109 3467 modo
3140 3412 3497 3483 intelligatur
3522 3428 3686 3481 posse
3717 3413 3908 3465 caveri

385 3506 681 3572 peccatum
708 3518 835 3555 cum
868 3501 1047 3570 gratia
1082 3500 1211 3566 Dei;
1237 3518 1336 3555 nec
1366 3517 1595 3570 prorsus
1624 3499 1824 3554 eadem
1853 3500 2175 3555 conditione
2206 3506 2546 3555 censeantur
2572 3518 2699 3571 quin
2731 3501 2809 3554 ita
2835 3506 3067 3570 peccata
3096 3505 3251 3567 sunt,
3278 3506 3343 3554 ut
3371 3499 3485 3553 sint
3514 3498 3686 3553 etiam
3716 3515 3908 3569 poma:

386 3589 601 3660 peccati
630 3592 720 3657 (De
744 3590 868 3643 Nat.
902 3595 951 3643 et
978 3589 1154 3653 Grat.,
1187 3605 1241 3643 n.
1276 3591 1387 3658 80).
1421 3590 1548 3643 Hasc
1577 3588 1732 3643 enim
1761 3604 2089 3660 quanquam
2121 3589 2300 3643 libere
2326 3590 2777 3655 committantur,
2820 3594 3070 3643 attamen
3100 3606 3212 3643 non
3245 3605 3310 3643 ea
3340 3588 3605 3643 libertate
3634 3604 3746 3658 qua
3801 3604 3910 3641 ca:-

387 3684 529 3743 t.era,
563 3693 690 3747 quae
735 3682 864 3757 ante
909 3693 1079 3731 omne
1108 3682 1400 3747 peccatum
1451 3676 1733 3731 committi
1772 3682 2101 3747 potuerunt.
2150 3680 2262 3734 Hac
2294 3679 2468 3749 igitur
2507 3678 2760 3739 adhibita
2790 3679 3056 3732 cautione
3096 3678 3347 3733 admittit
3373 3678 3429 3733 S.
3462 3675 3814 3746 Augustinus
3847 3678 3907 3730 in

386 3766 511 3837 ipso
541 3771 669 3820 actu
700 3766 909 3836 peccati
937 3782 1126 3820 veram
1159 3766 1225 3819 ad
1257 3782 1372 3820 non
1403 3766 1754 3836 peccandum
1785 3768 2123 3837 potentiam,
2156 3768 2213 3822 id
2246 3772 2331 3821 est
2367 3766 2608 3821 activam
2647 3766 3110 3834 indiﬁ‘erentiam,
3144 3767 3373 3837 qualem
3402 3767 3462 3820 in
3490 3765 3655 3820 bonis
3683 3765 3907 3819 actibus

387 3871 450 3909 ex
482 3854 664 3923 gratia
690 3854 852 3908 factis
881 3854 1129 3910 admisit.

459 3963 582 4016 Non
627 3961 860 4016 recessit
904 3962 975 4016 ab
1025 3961 1134 4015 ista
1185 3961 1440 4016 doctrina
1484 3965 1708 4015 sanctus
1752 3961 2079 4033 Episcopus,
2122 3962 2238 4016 sive
2267 3963 2491 4033 primis,
2526 3962 2641 4018 sive
2681 3961 2982 4033 postremis
3021 3966 3217 4016 contra
3252 3961 3585 4032 Pelagianos
3614 3960 3907 4037 operibus,

387 4067 558 4122 quam
589 4067 719 4105 cum
748 4051 976 4121 Pelagio
1025 4054 1082 4105 et
1119 4050 1344 4104 Juliano
1384 4050 1680 4104 decertans
1719 4050 2079 4118 apertissime
2106 4056 2453 4122 propugnat.
2488 4053 2680 4122 Neque
2712 4067 2843 4105 vero
2876 4066 3102 4104 necesse
3133 4054 3217 4105 est
3264 4066 3436 4121 super
3462 4066 3530 4104 ea
3556 4066 3616 4103 re
3646 4050 3905 4104 locorum

386 4139 634 4193 indicem
660 4144 980 4203 contexere,
1015 4138 1115 4207 qui
1138 4138 1258 4207 jam
1291 4138 1361 4190 ab
1391 4136 1518 4190 aliis
1548 4141 1635 4189 est
1655 4136 1968 4194 confectus.
2012 4138 2074 4191 Id
2101 4140 2289 4194 solum
2313 4141 2760 4208 observabimus,
2792 4141 3036 4195 liberum
3068 4156 3481 4209 nonnunquam
3512 4138 3698 4193 latiori
3720 4142 3777 4193 et
3806 4154 3909 4209 ge-

317 4217 323 4227 ’
386 4227 655 4282 neraliori
698 4226 1021 4298 signiﬁcatu
1059 4226 1130 4280 ab
1167 4225 1485 4294 Augustino
1531 4224 1794 4294 usurpari
1833 4242 1937 4296 pro
1974 4228 2297 4281 voluntario
2336 4229 2508 4282 etiam
2548 4229 2901 4283 necessario:
2931 4244 3044 4299 quo
3078 4244 3245 4282 sensu
3278 4244 3531 4282 amorem
3563 4226 3803 4298 justitias
3846 4227 3905 4281 in

390 4318 525 4381 Deo,
574 4320 629 4370 et
674 4315 935 4368 innatum
989 4314 1049 4367 in
1095 4313 1331 4368 homine
1376 4312 1745 4380 beatitudinis
1783 4314 2099 4381 generatim
2150 4320 2389 4386 sumptae
2418 4316 2786 4383 desiderium,
2820 4317 3062 4370 liberum
3103 4333 3222 4370 esse
3253 4316 3410 4380 dixit,
3443 4317 3498 4371 id
3532 4322 3617 4370 est
3644 4316 3905 4370 volunta-

383 4406 557 4461 rium.
592 4406 951 4474 Quapropter
999 4403 1056 4456 in
1106 4403 1248 4457 libro
1291 4402 1360 4455 de
1401 4402 1613 4455 Natura
1642 4405 1698 4454 et
1740 4400 1947 4466 Gratia,
1980 4402 2149 4456 allato
2189 4402 2404 4473 Pelagii
2443 4402 2553 4456 hoc
2592 4402 2764 4468 dicto,
2802 4404 3110 4457 Voluntatis
3160 4405 3390 4458 arbitrio
3421 4421 3481 4458 ac
3521 4405 3904 4458 deliberatione

386 4490 602 4562 privari
617 4493 891 4562 quidquid
914 4492 1161 4546 naturali
1178 4491 1489 4543 necessitate
1506 4490 1919 4554 constringitur,
1944 4489 2001 4543 id
2032 4507 2145 4545 non
2169 4492 2403 4546 omnino
2438 4493 2646 4563 probat
2678 4493 2731 4547 S.
2759 4492 3136 4563 Augustinus,
3159 4493 3296 4547 dum
3323 4494 3535 4560 subdit,
3564 4497 3634 4548 Et
3657 4495 3741 4548 hic
3764 4510 3900 4548 non-

386 4583 539 4635 nulla
568 4583 789 4649 quaestio
817 4586 913 4636 est.
948 4581 1069 4645 Quo
1101 4581 1222 4634 loco
1255 4578 1537 4648 signiﬁcat
1577 4576 1746 4630 nimis
1781 4576 1982 4631 ditfuse
2019 4584 2075 4632 et
2102 4579 2451 4648 indistincte,
2482 4580 2598 4633 imo
2637 4579 2807 4633 etiam
2840 4581 3273 4650 inconsiderate,
3305 4582 3560 4636 locutum
3589 4598 3708 4635 esse
3735 4582 3898 4637 Pela-

388 4669 568 4739 gium,
602 4675 770 4740 atque
801 4669 861 4722 in
891 4672 1015 4738 ejus
1044 4668 1193 4722 dicto
1219 4666 1482 4721 nonnihil
1513 4665 1697 4720 adhuc
1726 4682 2019 4737 superesse
2051 4667 2401 4738 qtuestionis,
2436 4684 2501 4721 eo
2542 4669 2691 4739 quod
2726 4684 2841 4722 non
2873 4669 2924 4722 id
2960 4685 3128 4722 omne
3154 4670 3307 4740 quod
3338 4670 3643 4723 voluntatis
3667 4670 3899 4724 arbitrio

389 4776 451 4813 ac
482 4757 889 4813 deliberatione
919 4758 1194 4828 privatur,
1229 4754 1474 4810 naturali
1504 4754 1823 4809 necessitati
1854 4756 2164 4810 obnoxium
2197 4756 2303 4811 sit:
2352 4757 2563 4828 quippe
2603 4758 2657 4812 id
2688 4758 3023 4824 absurdum,
3056 4774 3158 4811 nec
3197 4758 3328 4812 satis
3354 4765 3611 4813 accurate
3642 4765 3738 4813 aut
3766 4777 3899 4831 pro—

388 4847 514 4901 vide
556 4847 769 4901 dictum
813 4862 952 4912 esse,
984 4845 1187 4916 probat
1229 4844 1488 4915 exemplo
1519 4843 1701 4897 innati
1731 4842 1789 4897 in
1829 4844 1995 4899 nobis
2035 4844 2403 4899 beatitudinis
2434 4847 2741 4916 appetitus,
2777 4850 2831 4900 et
2859 4846 3167 4900 voluntatis
3191 4846 3429 4917 justitiaa
3458 4847 3519 4900 in
3553 4849 3667 4901 Dco
3696 4864 3709 4914 ;
3746 4848 3894 4919 quod

390 4943 699 5006 utrumque
731 4936 1109 4989 necessarium
1142 4939 1241 5000 est,
1277 4933 1356 4988 sic
1383 4939 1577 4988 tamen
1608 4938 1670 4988 ut
1697 4950 1798 4987 suo
1823 4934 2076 5005 quodam
2107 4934 2275 4988 modo
2307 4934 2377 4988 ad
2409 4935 2715 4989 voluntatis
2742 4934 3061 5002 arbitrium,
3093 4935 3290 4988 saltem
3323 4936 3511 5006 quoad
3541 4935 3713 5005 hujus
3742 4953 3896 4990 exer-

387 5025 551 5080 cendi
583 5025 840 5091 modum,
882 5025 1169 5095 pertinere
1198 5040 1362 5094 posse
1405 5022 1689 5078 videatur.
1739 5023 1898 5078 Unde
1937 5022 2123 5076 verbis
2154 5022 2333 5093 ipsius
2359 5030 2652 5077 contextus
2682 5024 3059 5090 adbmrentes,
3091 5040 3157 5077 eo
3188 5024 3308 5077 loco
3340 5024 3409 5078 ad
3439 5023 3760 5094 marginem
3793 5042 3894 5096 ap-

386 5104 681 5187 posuimus
718 5113 825 5167 hoc
853 5113 1262 5167 summarium:
1294 5114 1593 5168 Necessitas
1630 5127 1735 5165 non
1774 5116 1986 5180 pugnat
2014 5127 2133 5166 cum
2163 5113 2390 5166 arbitrio
2437 5114 2750 5167 voluntatis.
2785 5113 2993 5167 Durius
3023 5112 3254 5183 quidem
3284 5113 3338 5166 id
3368 5114 3655 5184 aliquibus
3685 5113 3896 5168 dictum

387 5203 565 5260 videri
590 5207 805 5273 posset,
834 5202 945 5255 nisi
975 5218 1038 5255 ex
1073 5202 1195 5272 ipso
1237 5206 1501 5255 contextu
1531 5199 1666 5254 satis
1696 5200 2131 5271 intelligeretur,
2162 5200 2280 5255 illic
2327 5201 2637 5255 voluntatis
2683 5200 3008 5269 arbitrium,
3040 5200 3087 5253 si
3130 5201 3199 5255 ad
3244 5217 3366 5255 rem
3398 5201 3583 5272 ipsam
3615 5202 3891 5263 attendas,

388 5292 537 5347 sumi
567 5308 670 5363 pro
699 5290 822 5362 ipsa
848 5291 1164 5358 voluntate,
1192 5289 1307 5343 sive
1336 5306 1441 5359 pro
1476 5288 1812 5343 voluntario.
1845 5288 2185 5360 Quanquam
2214 5294 2271 5345 et
2300 5290 2411 5345 dici
2440 5297 2650 5360 posset,
2679 5307 2808 5344 cum
2840 5290 2931 5344 hic
2959 5290 3310 5360 Augustinus
3340 5291 3480 5344 nolit
3508 5295 3733 5345 tantum
3765 5308 3895 5363 qua-

386 5380 471 5433 vis
511 5378 845 5433 necessitate
885 5377 1093 5448 pcrimi
1120 5376 1177 5430 in
1208 5376 1441 5431 homine
1475 5376 1719 5431 liberum
1757 5378 2080 5443 arbitrium,
2112 5382 2311 5431 contra
2337 5378 2487 5448 quod
2530 5378 2750 5431 volebat
2779 5378 3077 5448 Pelagius;
3111 5379 3330 5433 cautius
3372 5380 3609 5433 fortasse
3638 5379 3892 5434 futurum

387 5468 559 5523 fuisse
591 5467 966 5522 summarium
1002 5466 1316 5536 adjectione
1349 5466 1516 5519 unius
1546 5466 1716 5535 vocis,
1747 5466 1808 5520 in
1837 5466 1988 5520 hunc
2018 5466 2275 5534 modum,
2307 5468 2425 5522 Non
2456 5469 2657 5534 qumvis
2688 5469 2971 5521 necessitas
2994 5473 3206 5536 pugnat
3243 5484 3362 5522 cum
3391 5469 3620 5523 arbitrio
3650 5471 3895 5524 volunta-

390 5561 479 5612 tis.
513 5556 728 5611 Revera
771 5557 925 5611 enim
974 5554 1273 5609 necessitas
1316 5555 1735 5610 infallibilitatis
1766 5571 1880 5609 non
1910 5555 2244 5610 adversatur
2279 5571 2427 5607 verm
2460 5554 2729 5617 libertati,
2766 5558 2826 5607 ut
2861 5556 3148 5626 plerisque
3191 5556 3251 5611 in
3282 5556 3418 5610 locis
3448 5558 3502 5612 S.
3545 5560 3892 5628 Augustinus

391 5644 681 5714 explicuit,
713 5645 812 5715 qui
843 5650 899 5698 et
918 5644 1254 5698 vocabulum
1278 5643 1623 5697 necessitatis
1645 5660 1760 5698 non
1790 5660 1915 5697 raro
1946 5643 2243 5713 usurpavit
2276 5659 2380 5713 pro
2411 5643 2729 5696 vehementi
2760 5643 3003 5713 quadam
3035 5645 3416 5719 propensione
3439 5661 3502 5698 ex
3528 5650 3744 5700 natura).
3762 5646 3890 5700 vitio
