4020 6356
108 302 164 350 2;;
534 276 543 283 ’
1428 297 1790 355 PREFATIO
1830 300 2235 356 cenamus.
3517 308 3585 360 '26

106 424 216 472 orla
246 433 257 470 :
289 432 399 487 quo
429 430 595 468 sensu
628 414 685 469 in
718 416 949 471 homine
980 423 1106 487 post
1138 419 1364 489 lapsum
1393 435 1507 474 nou
1530 425 1756 475 veretur
1784 437 2088 491 agnoscere
2118 424 2315 477 duram
2332 423 2595 491 peccandi
2613 425 3013 484 necessitatem,-
3037 424 3132 478 sed
3160 441 3289 496 qua:
3319 424 3392 479 sit
3416 441 3588 497 gene-

107 506 224 561 ralis
244 505 509 559 duntaxat
538 504 842 574 :quoniam
863 505 918 559 in
950 507 1219 576 praesenti
1239 507 1562 563 conditione
1590 509 1783 563 omnia
1809 513 1865 562 et
1884 511 2127 579 singula,
2157 510 2324 563 etiam
2350 510 2511 575 levia,
2536 516 2768 581 peccata
2785 510 2965 563 vitare
2986 510 3156 564 homo
3178 527 3288 564 non
3301 517 3487 581 potest
3510 513 3581 566 ob

106 602 304 650 natura!
336 592 872 659 intirmitatem;'vel
904 611 1030 665 qum
1062 595 1133 649 sit
1159 596 1386 650 moralis
1418 602 1658 664 tantum,
1691 604 1749 652 et
1776 598 1893 652 fere
1924 599 2122 652 similis
2153 598 2243 653 isti
2274 599 2613 663 necessitati,
2642 614 2816 669 quam
2841 598 3004 652 affert
3033 615 3204 669 prava
3234 600 3581 654 consuetudo

103 685 299 739 crebris
327 682 540 737 actibus
560 682 877 752 progenita.
918 684 989 737 Ea
1019 700 1149 737 vero
1179 686 1586 740 consuetudine
1619 687 1937 757 simplicem
1968 693 2025 743 et
2053 689 2369 743 absolutam
2396 687 2593 742 inferri
2624 688 3010 741 necessitatem
3043 703 3157 742 non
3191 687 3583 743 existimarunt

103 776 148 827 ς.
180 771 523 842 Augustinus
552 774 648 823 aut
677 771 955 831 Julianus.
990 773 1142 841 quod
1167 789 1234 826 ex
1277 774 1572 845 utriusque
1602 773 2088 846 disputationibus
2118 776 2445 844 promptum
2477 772 2621 826 foret
2650 772 2969 826 ostendere.

164 880 456 933 Occasione
483 882 672 931 autem
699 878 806 931 loci
837 879 1098 948 superius
1126 879 1375 947 adducti,
1415 895 1532 935 non
1556 880 1628 934 ab
1658 896 1719 934 re
1764 881 1938 936 fuerit
1968 881 2286 947 observare,
2329 880 2621 949 vulgatum
2660 878 2961 949 Augustini
3000 894 3065 933 ex
3104 878 3251 932 libro
3282 878 3349 932 de
3378 879 3573 933 Corre-

106 969 278 1039 ptione
307 971 363 1020 et
387 966 600 1034 Gratia,
622 967 802 1036 capite
824 966 1148 1033 undecimo,
1183 969 1414 1022 effatum
1444 968 1513 1022 ad
1543 969 1956 1039 manuscriptos
1986 967 2205 1021 codices
2227 984 2259 1020 a
2288 966 2452 1021 nobis
2479 967 2845 1020 emendatum
2869 966 3037 1019 fuisse
3058 966 3116 1019 in
3138 966 3284 1019 hunc
3310 966 3539 1019 modum
3566 983 3578 1019 ε

108 1054 331 1107 Liberum
358 1055 649 1107 arbitrium
677 1054 751 1107 ad
778 1054 982 1108 malum
1014 1056 1250 1124 sufﬁcit,
1278 1055 1351 1108 ad
1376 1055 1569 1109 bonum
1598 1061 1775 1110 autem
1798 1074 1993 1127 parum
2022 1061 2119 1119 est,
2152 1058 2263 1109 nisi
2282 1056 2575 1124 adjuvetur
2603 1056 2670 1109 ab
2699 1057 3049 1124 omnipotenti
3078 1057 3247 1109 Bono:
3281 1053 3379 1109 ubi
3409 1071 3579 1123 supe-

107 1143 263 1195 riores
291 1143 459 1195 etiam
496 1142 929 1196 Lovaniensium
963 1143 1237 1198 editiones
1259 1144 1468 1198 habent
1488 1146 1625 1199 nihil
1649 1151 1744 1200 est.
1776 1147 1936 1211 Quod
1965 1145 2068 1200 etsi
2092 1145 2439 1216 Augustinus
2466 1144 2635 1198 habet
2664 1145 2725 1198 in
2756 1144 2996 1215 Epistola
3024 1144 3331 1197 centesima
3361 1147 3586 1213 octoge-

106 1232 232 1285 sima
253 1237 424 1297 sexta,
458 1233 528 1287 ad
561 1233 886 1299 Paulinum,
916 1249 1155 1287 numero
1186 1234 1479 1305 trigesimo
1508 1242 1734 1306 quarto,
1761 1235 1861 1290 ubi
1889 1234 1986 1298 ait,
2015 1236 2131 1287 sine
2158 1236 2342 1301 gratia
2374 1234 2448 1287 ad
2476 1249 2579 1286 non
2601 1233 2931 1302 peccandum
2956 1234 3097 1286 nihil
3124 1234 3415 1286 voluntatis
3440 1231 3586 1284 arbi-

108 1323 251 1373 trium
280 1322 489 1383 valere;
521 1321 699 1391 priori
727 1327 915 1375 tamen
948 1323 1089 1389 loco,
1121 1322 1220 1394 qui
1259 1340 1325 1377 ex
1358 1324 1500 1377 libro
1530 1325 1599 1379 de
1632 1323 1998 1395 Correptione
2026 1327 2083 1375 et
2113 1321 2299 1374 Gratia
2324 1321 2660 1386 desumitur,
2692 1321 2893 1374 melius
2923 1320 3163 1390 quadrat
3189 1336 3383 1389 parum
3409 1335 3583 1389 quam

107 1409 232 1461 nihil
263 1425 280 1461 :
312 1407 592 1479 siquidem
622 1407 737 1461 illic
768 1409 958 1478 agitur
988 1410 1056 1463 de
1083 1409 1270 1479 primo
1299 1410 1532 1465 homine
1561 1412 1881 1476 innocente,
1925 1427 2095 1481 quem
2131 1411 2275 1464 Deus
2308 1409 2489 1463 noluit
2519 1425 2637 1463 esse
2668 1409 2787 1463 sine
2818 1409 3021 1479 gratia,
3054 1418 3224 1478 quam
3256 1408 3436 1462 libero
3460 1408 3583 1477 ejus

108 1495 342 1566 permisit
371 1496 643 1562 arbitrio;
680 1498 952 1568 quoniam
984 1499 1211 1552 liberum
1247 1500 1560 1566 arbitrium,
1603 1500 1681 1554 ait
1721 1504 1946 1553 sanctus
1980 1498 2204 1562 Doctor,
2247 1498 2321 1550 ml
2358 1498 2559 1551 nullum
2598 1499 2823 1566 sufficit,
2856 1496 2930 1549 ad
2959 1497 3151 1549 bonum
3182 1500 3360 1549 autem
3384 1511 3583 1565 parum

106 1591 189 1643 est,
215 1586 315 1637 nisi
344 1584 639 1652 adjuvetur
662 1586 730 1639 ab
756 1589 1107 1656 omnipotenti
1135 1589 1295 1641 Bono.
1331 1588 1490 1641 Certe
1523 1592 1584 1642 ut
1612 1587 1722 1641 dici
1751 1586 1932 1658 possit
1960 1587 2029 1640 de
2059 1578 2307 1640 hominis
2336 1586 2478 1655 lapsi
2506 1586 2683 1639 libero
2709 1584 2962 1649 arbitrio,
2997 1584 3150 1655 quod
3180 1600 3245 1637 cx
3275 1600 3332 1636 se
3363 1585 3577 1654 absque

110 1672 268 1739 gratia
296 1672 434 1725 nihil
477 1673 553 1726 sit
590 1674 661 1727 ad
691 1674 908 1728 bonum
939 1676 1289 1745 operandum
1314 1696 1330 1743 ;
1362 1676 1550 1730 minus
1576 1692 1825 1747 congrue
1855 1674 1964 1729 dici
1993 1691 2160 1747 posse
2189 1675 2413 1729 videtur
2440 1674 2508 1727 de
2538 1673 2768 1728 homine
2796 1673 3121 1757 innocente,
3148 1672 3309 1742 cujus
3342 1672 3579 1725 liberum

110 1761 404 1828 arbitrium,
436 1765 639 1833 utpote
665 1779 887 1830 sanum,
916 1764 984 1817 ad
1017 1764 1229 1819 bonum
1258 1766 1378 1819 sine
1409 1766 1523 1819 ullo
1546 1765 1706 1820 obice
1739 1764 1873 1819 ferri
1902 1768 2144 1836 poterat.

171 1868 285 1921 Haec
308 1867 620 1922 minutiora
646 1870 925 1939 persecuti
941 1887 1156 1937 sumus,
1177 1877 1239 1925 ut
1256 1873 1537 1926 verborum
1553 1874 1941 1927 controversias
1961 1873 2275 1938 auferamus
2297 1870 2394 1939 (De
2413 1870 2549 1923 dono
2563 1871 2770 1924 Perseu.
2788 1886 2843 1923 n.
2869 1874 2887 1923 ί
2909 1874 2920 1923 l
2930 1871 2974 1937 ).
2996 1869 3332 1939 Quanquam
3354 1882 3572 1933 eorum,

115 1955 198 2027 qui
223 1960 466 2009 veterum
506 1958 737 2011 Patrum
765 1975 939 2028 opera
980 1975 1273 2014 recensere
1312 1962 1558 2026 student,
1592 1961 1799 2015 misera
1828 1966 1975 2014 esset
2003 1959 2273 2024 conditio,
2306 1958 2350 2011 si
2382 1958 2439 2010 in
2480 1957 2628 2027 ipsas
2658 1958 2830 2011 etiam
2868 1962 3032 2010 notas
3068 1972 3266 2010 eorum
3298 1955 3583 2025 margina-

114 2045 197 2108 les,
223 2048 283 2097 ut
320 2050 521 2098 contra
558 2061 661 2098 nos
701 2046 759 2100 in
790 2046 894 2099 hac
923 2047 1171 2102 editione
1200 2054 1390 2103 actum
1420 2056 1525 2108 est.
1558 2050 1792 2120 impune
1829 2048 2298 2111 animadvertere,
2338 2052 2391 2101 et
2430 2045 2683 2115 singulas
2723 2061 2922 2098 earum
2954 2044 3195 2114 syllabas
3226 2044 3294 2097 ad
3326 2060 3580 2098 severam

110 2131 317 2185 immitis
345 2148 603 2186 censurm
634 2135 911 2189 trutinam
949 2136 1228 2190 discutere
1260 2137 1550 2208 quibusvis
1580 2138 1794 2209 iniquis
1832 2136 2157 2190 censoribus
2195 2135 2403 2189 liceret.
2438 2134 2651 2199 Quotus
2680 2132 2835 2187 enim
2877 2133 3118 2204 quisque
3157 2138 3260 2197 est,
3302 2131 3401 2202 qui
3432 2131 3488 2184 in
3522 2148 3581 2185 re

108 2225 203 2274 tam
231 2220 436 2275 lubrica
479 2226 539 2276 et
581 2222 801 2277 difficili
837 2241 951 2279 non
1002 2225 1310 2295 aliquando
1350 2227 1435 2279 vel
1476 2226 1673 2280 leviter
1710 2227 1986 2296 cespitet;
2042 2226 2141 2297 qui
2171 2225 2513 2279 sententiam
2552 2224 2797 2278 auctoris
2836 2240 3061 2293 semper
3090 2222 3161 2276 ad
3192 2222 3410 2293 apicem
3437 2238 3583 2275 assc-

110 2315 308 2378 quatur,
334 2313 430 2362 aut
457 2311 709 2379 perfecte
740 2311 943 2366 reddat
969 2332 984 2379 ;
1023 2313 1123 2384 qui
1161 2314 1408 2385 denique
1442 2320 1558 2368 tam
1603 2314 1761 2368 brevi
1792 2315 2094 2369 verborum
2134 2314 2475 2384 compendio
2505 2314 2789 2384 pagellam
2821 2311 3169 2383 quandoque
3200 2311 3479 2382 integram
3509 2311 3582 2365 ad

110 2396 350 2451 amussim
380 2397 664 2469 explicare
693 2399 917 2469 possit?

173 2505 358 2557 Verum
387 2505 759 2575 quantumvis
786 2505 995 2577 injusta
1019 2506 1211 2561 futura
1226 2507 1298 2561 sit
1325 2508 1705 2579 quorumdam
1733 2508 1791 2563 in
1814 2526 1918 2562 nos
1942 2508 2242 2564 hominum
2270 2524 2524 2571 censura,
2552 2506 2877 2561 institutum
2901 2506 3275 2560 nihilominus
3298 2510 3581 2573 nostrum,

114 2593 205 2645 Deo
232 2592 462 2659 favente,
499 2599 829 2647 constanter
855 2611 1271 2665 persequemur
1303 2613 1315 2650 :
1347 2602 1403 2651 et
1433 2596 1479 2650 si
1509 2596 1743 2667 quidem
1790 2597 1957 2651 nobis
1987 2614 2107 2651 esse
2137 2597 2363 2651 molesti
2388 2601 2648 2668 pergent,
2682 2597 2821 2650 illud
2853 2596 3017 2649 nobis
3047 2594 3245 2649 solatio
3271 2594 3397 2663 erit,
3431 2594 3585 2664 quod

113 2681 282 2735 eadem
311 2697 423 2734 sors
452 2682 594 2736 olim
639 2683 942 2753 contigerit
972 2684 1115 2737 veris
1144 2684 1447 2755 Augustini
1486 2685 1798 2756 discipulis,
1840 2686 1901 2739 in
1942 2686 2144 2756 primis
2175 2685 2418 2739 Caesario
2449 2684 2769 2738 Arelatensi
2807 2683 3094 2754 episcopo,
3126 2684 3285 2753 cujus
3328 2683 3467 2737 ﬁdes
3511 2682 3582 2735 ob

114 2770 434 2839 pra-dicatam
470 2771 814 2825 sanctissimi
839 2772 956 2826 Viri
986 2772 1305 2826 doctrinam
1334 2790 1365 2827 a
1394 2773 1732 2845 quibusdam
1767 2773 2245 2827 obtrectatoribus
2286 2773 2560 2827 infamata
2588 2779 2692 2827 est.

168 2876 290 2931 Iliuc
310 2878 544 2932 collecta
576 2878 843 2933 Valentia:
872 2880 1120 2951 synodus
1151 2880 1571 2953 episc0porum,
1604 2881 1813 2952 quibus
1852 2880 2125 2934 Caesarius
2165 2881 2339 2934 fidem
2381 2896 2542 2932 suam
2592 2878 2944 2950 approbavit.
2978 2878 3121 2942 Quia
3150 2877 3322 2931 etiam
3350 2877 3582 2931 Bonifa-

113 2963 212 3016 cius
236 2965 483 3019 Pontifex
518 2967 830 3033 Romanus,
863 2969 1072 3023 calcata
1091 2969 1440 3037 jurgantium
1470 2971 1730 3025 malevola
1760 2972 2069 3033 intentione,
2098 2971 2519 3037 prosecutioncm
2556 2970 2732 3020 sancti
2764 2968 2986 3021 Ctesarii
3023 2966 3317 3034 apostolica
3345 2967 3581 3019 auctori-

118 3057 205 3105 tate
226 3055 472 3121 ﬁrmavit,
507 3058 576 3108 ut
612 3055 927 3126 Cyprianus
954 3057 1289 3111 Tolonensis
1327 3059 1560 3112 antistes
1590 3058 1648 3112 in
1676 3058 1797 3128 ejus
1830 3058 1954 3111 Vita
1992 3056 2184 3110 tradit.

167 3157 476 3230 Quanquam
507 3160 717 3214 melius
745 3160 979 3215 fortasse
1012 3162 1173 3215 nobis
1213 3163 1280 3216 de
1312 3163 1611 3217 hominum
1640 3161 1908 3232 aequitate
1938 3161 2283 3233 sperandum
2313 3161 2401 3215 sit.
2438 3163 2599 3215 Forte
2630 3160 2805 3227 enim,
2829 3164 2892 3213 ut
2921 3158 3107 3213 verbis
3130 3156 3434 3227 Augustini
3455 3160 3578 3209 uta-

113 3260 235 3313 mur,
265 3246 307 3299 si
336 3247 431 3318 qui
460 3248 631 3302 aliter
658 3250 956 3315 senserint,
991 3252 1207 3320 quando
1236 3268 1409 3305 sccum
1440 3254 1548 3321 ipsi
1571 3252 1855 3320 paululum
1878 3251 1994 3302 sine
2019 3247 2263 3301 certandi
2290 3247 2468 3300 studio
2498 3248 2871 3314 cogitaverint,
2896 3261 3058 3313 quam
3079 3246 3149 3297 sit
3166 3242 3463 3296 absurdum
3488 3257 3583 3294 nec

112 3333 301 3398 dignum
332 3336 701 3405 disputatione
729 3338 873 3406 quod
901 3339 1107 3403 dicunt,
1139 3342 1387 3393 continuo
1417 3342 1735 3393 sententiam
1762 3338 2178 3393 commutabant.
2199 3335 2351 3406 ()uod
2379 3337 2429 3388 si
2452 3336 2739 3399 noluerint,
2769 3350 2874 3387 non
2896 3349 3062 3402 usque
3081 3333 3213 3385 adeo
3235 3331 3298 3383 de
3329 3330 3577 3382 humanis

116 3423 321 3477 smsibus
359 3424 757 3493 desperandum
786 3432 885 3495 est,
915 3432 975 3481 ut
1003 3434 1299 3482 metuamus
1327 3444 1392 3481 ne
1422 3429 1515 3483 hoc
1545 3429 1782 3496 cuipiam
1804 3426 2169 3497 persuadeant
2200 3424 2297 3492 (De
2328 3426 2666 3477 Peccatorum
2697 3425 2901 3477 Mu'itis
2939 3422 3033 3476 lib.
3076 3425 3124 3487 l,
3157 3437 3208 3473 η.
3244 3420 3357 3487 2?).
3552 3422 3561 3427 '

168 3528 294 3591 Quid
318 3529 434 3600 jam
459 3530 630 3585 nobis
661 3531 813 3586 aliud
848 3537 1015 3587 restat
1046 3538 1171 3603 post
1201 3533 1458 3588 diuturni
1489 3550 1552 3587 ac
1582 3532 1851 3588 laboriosi
1880 3532 2069 3602 operis
2097 3535 2358 3601 optatum
2390 3529 2583 3595 finem,
2619 3545 2793 3600 quam
2824 3533 2888 3582 ut
2910 3528 3146 3582 tutelam
3167 3542 3231 3580 ac
3259 3522 3588 3596 prazsidium

120 3615 608 3674 illustrissimorum
638 3621 829 3675 Gallia:
870 3621 1185 3677 antistitum
1218 3623 1485 3686 demisso,
1518 3624 1615 3677 sed
1646 3623 1817 3676 alacri
1843 3627 2055 3684 tamen,
2086 3619 2278 3673 animo
2309 3618 2723 3688 deposcamus?

167 3721 364 3779 Scilicet
391 3742 523 3780 cum
567 3726 891 3781 admirabili
943 3727 1151 3782 divinae
1185 3728 1562 3783 Providentiae
1606 3729 1839 3783 consilio
1868 3727 2081 3781 factum
2111 3722 2217 3791 sit,’
2239 3729 2301 3778 ut
2347 3723 2689 3778 sanctissimi
2723 3722 2978 3777 Ecclesiae
3007 3721 3253 3776 doctoris
3279 3716 3582 3787 Augustini

109 3827 239 3867 novre
266 3831 501 3886 operum
535 3816 774 3870 editioni
798 3833 1063 3887 suprema
1086 3824 1209 3872 tum
1230 3836 1260 3872 a
1287 3818 1446 3875 nobis
1476 3818 1871 3889 imponeretur
1908 3830 2131 3873 manus,
2163 3829 2295 3867 cum
2318 3813 2388 3867 ad
2415 3812 2705 3882 generalia
2738 3811 2982 3866 Comitia
3005 3828 3071 3865 ex
3105 3809 3373 3864 omnibus
3398 3808 3584 3877 Regni

112 3900 327 3967 partibus
354 3919 470 3957 uua
496 3904 875 3966 convenirent
901 3906 971 3959 ad
998 3906 1193 3959 fanum
1223 3904 1405 3960 sancti
1426 3906 1691 3960 Germani
1720 3922 1734 3960 :
1768 3903 1912 3959 nihil
1943 3902 2106 3956 nobis
2135 3900 2540 3970 opportunius,
2572 3899 2984 3953 fortunatiusve
3015 3898 3349 3967 contingere
3375 3895 3584 3968 potuit,

111 4004 252 4057 quam
276 3995 335 4045 ut
364 4008 458 4046 eos
487 3982 910 4063 appellaremus
940 3994 1370 4065 qualiscumque
1400 3994 1611 4048 laboris
1641 3992 1819 4049 nostri
1840 3991 2062 4061 judices
2092 3993 2149 4043 et
2183 3988 2447 4049 arbitros.
2480 3987 2579 4059 qui
2608 3992 2665 4041 et
2694 3987 2969 4057 dignitate
3009 4002 3110 4039 sua
3138 3983 3407 4039 constitui
3436 3990 3572 4038 sunt

111 4091 136 4126 a
162 4076 256 4131 Deo
282 4084 535 4149 pastores
566 4080 637 4134 ad
667 4081 977 4151 regendam
999 4083 1322 4148 Ecclesium,
1356 4087 1410 4137 et
1433 4083 1504 4137 ad
1531 4082 1818 4138 catholica:
1839 4078 2109 4135 doctrinae
2147 4081 2566 4132 sacrosanctum
2608 4075 2932 4146 depositum
2960 4074 3119 4145 vigili
3162 4088 3298 4127 cura
3345 4076 3573 4144 aposto-

119 4162 303 4237 licaque
339 4169 675 4222 auctoritate
702 4170 1029 4224 tutandum.

168 4272 329 4341 Atque
372 4274 478 4327 hoc
520 4273 815 4345 praecipue
861 4274 1120 4340 nomine,
1174 4274 1546 4328 lllustrissimi
1577 4275 1837 4330 Ecclesia
1893 4275 2205 4346 Principes,
2251 4274 2634 4345 Augustinum
2679 4273 3014 4328 adducimus
3044 4271 3114 4325 ad
3153 4288 3272 4339 vos,
3298 4270 3399 4341 qui
3429 4274 3585 4323 totus

112 4364 321 4425 quantus
363 4365 467 4423 est,
524 4362 631 4415 sub
660 4362 829 4416 unius
860 4364 1032 4417 veluti
1061 4364 1283 4417 tabella:
1327 4367 1629 4434 conspectu
1672 4364 1852 4417 oculis
1895 4364 2093 4417 vestris
2135 4362 2611 4433 contemplandas
2652 4360 2936 4431 objicitur.
2965 4361 3159 4431 Neque
3189 4374 3318 4412 vero
3349 4374 3579 4428 conspe-

112 4449 237 4499 ctum
260 4454 505 4503 vestrum
558 4450 926 4505 reformidare
957 4456 1141 4521 potest
1176 4456 1383 4505 veteris
1414 4457 1469 4505 et
1500 4451 1663 4505 avitae
1706 4451 1837 4505 fidei
1864 4458 2258 4524 propugnator
2287 4450 2616 4516 acerrimus,
2663 4450 2761 4521 qui
2800 4465 3029 4503 causam
3059 4447 3315 4502 Ecclesia:
3344 4446 3509 4501 toties
3547 4462 3580 4500 a

112 4548 154 4584 se
180 4533 474 4607 defensam,
519 4539 804 4609 majorum
835 4555 1061 4611 quoque
1090 4546 1407 4594 vestrorum
1437 4540 1718 4611 praesidiis
1744 4541 1913 4595 toties
1943 4541 2236 4595 suffultam
2262 4541 2417 4594 haud
2457 4540 2701 4609 ignorat,
2743 4554 2917 4608 quam
2947 4543 3003 4591 et
3032 4553 3065 4590 a
3092 4535 3273 4602 vobis,
3305 4534 3406 4606 qui
3434 4535 3587 4605 ipso-

113 4637 212 4676 rum
232 4626 477 4696 vestigiis
518 4628 782 4682 lubenter
806 4628 1083 4695 insistitis,
1118 4646 1229 4682 non
1259 4629 1518 4683 dissimili
1547 4630 1740 4683 animo
1772 4634 1941 4700 atque
1968 4629 2156 4683 studio
2190 4632 2381 4699 sperat
2409 4628 2576 4681 hodie
2608 4626 3107 4698 propngnandam.

166 4729 285 4783 Hinc
312 4731 370 4786 in
399 4733 570 4787 nobis
600 4733 784 4787 oritur
822 4749 936 4787 non
969 4733 1141 4787 dubia
1164 4750 1311 4802 spes,
1354 4751 1447 4787 vos
1481 4751 1663 4805 nuper
1691 4736 1992 4789 elaborata:
2023 4734 2573 4806 Augustinianorum
2595 4749 2835 4804 Operam
2856 4731 3097 4786 editioni
3123 4730 3405 4801 propitios
3426 4729 3577 4808 fore;

110 4833 262 4890 neque
278 4828 524 4877 vestrum
548 4823 699 4877 illius
721 4823 828 4877 viri
849 4822 1336 4877 lucubrationibus
1363 4823 1691 4878 defuturum
1715 4826 2117 4895 patrocinium,
2150 4841 2320 4895 quem
2339 4826 2623 4893 specialem
2647 4822 2775 4890 ﬁdei
2790 4826 3084 4891 patronum
3104 4821 3178 4890 (S.
3207 4822 3393 4889 Prosp.
3418 4822 3579 4889 epist.

109 4906 179 4960 ud.
218 4911 440 4977 August.
473 4929 529 4967 η.
569 4915 619 4982 1)
659 4929 753 4965 vos
780 4911 1025 4965 universi
1056 4928 1185 4965 cum
1216 4912 1380 4965 beato
1403 4913 1680 4983 Prospero
1709 4913 2106 4968 incunctanter
2134 4912 2459 4984 agnoscitis.

164 5014 297 5069 Nihil
329 5018 415 5072 hic
445 5035 675 5072 necesse
708 5022 792 5071 est
822 5037 853 5071 a
882 5017 1043 5071 nobis
1070 5018 1525 5084 commemorari,
1557 5026 1770 5090 quanta
1800 5022 1969 5076 fuerit
1997 5023 2136 5076 olim
2166 5021 2587 5077 Gallicanorum
2618 5035 2748 5072 cum
2784 5017 3051 5072 Romanis
3084 5016 3427 5088 prmsulibus
3456 5030 3564 5069 con

110 5102 265 5156 sensio
288 5104 347 5159 in
378 5107 554 5160 sancti
581 5107 697 5160 Viri
725 5106 1193 5161 commendandis
1223 5107 1507 5177 operibus.
1545 5109 1771 5161 Exstant
1808 5114 1929 5162 tum
1977 5108 2136 5162 Sedis
2167 5107 2491 5179 apostolicae
2530 5106 2872 5160 Pontificum
2906 5104 3246 5171 Innocentii,
3280 5101 3565 5159 Coelestini

110 5192 153 5241 et
173 5192 433 5260 aliorum;
485 5201 551 5249 tu
590 5195 1005 5249 Gallicanarum
1042 5196 1391 5265 synodorum
1432 5197 1807 5263 Arausicanze,
1855 5196 2167 5251 Valentiam
2211 5202 2267 5251 et
2296 5196 2538 5250 aliarum
2579 5194 2913 5262 consignata
2940 5193 3141 5246 litteris
3172 5194 3560 5256 monumenta,

110 5277 284 5345 quibus
314 5283 691 5354 Hipponensis
718 5284 967 5338 Antistes
996 5289 1052 5338 et
1079 5284 1229 5338 inter
1259 5284 1506 5356 optimos
1540 5286 1794 5340 Ecclesim
1825 5286 2125 5357 magistros
2155 5290 2585 5351 annumeratur,
2619 5288 2677 5338 ct
2702 5288 2973 5355 tauquam
3000 5282 3252 5353 antiquae
3300 5279 3429 5334 fidei
3469 5294 3567 5332 cu-

111 5370 200 5417 stos
223 5368 617 5441 iutegerrimus
642 5390 706 5426 ex
737 5372 997 5427 omnium
1029 5373 1321 5427 communi
1353 5390 1486 5427 voce
1517 5378 1572 5428 et
1602 5391 1768 5429 sensu
1801 5375 2138 5429 declaratur.

166 5453 347 5512 Isthaac
375 5460 703 5531 aequissima
733 5461 937 5515 veteris
970 5461 1225 5515 Ecclesia;
1249 5461 1464 5531 judicia
1491 5462 1560 5516 de
1598 5464 1778 5517 sancti
1813 5463 2076 5517 Praesulis
2108 5462 2365 5516 doctrina
2395 5464 2453 5515 et
2492 5459 2604 5514 ﬁde
2646 5462 2709 5512 ut
2738 5459 2958 5513 animos
2993 5456 3257 5510 addidere
3298 5453 3463 5507 nobis
3492 5454 3564 5509 ad

114 5538 341 5599 immensi
378 5548 591 5601 laboris
621 5565 765 5603 onus
808 5549 1195 5616 subeundum,
1234 5549 1313 5603 ita
1342 5550 1577 5605 effecere
1609 5556 1765 5606 utea
1810 5568 1924 5622 qua
1969 5567 2072 5622 par
2110 5555 2234 5604 erat
2273 5549 2547 5619 religione
2577 5547 2887 5601 doctissimi
2931 5542 3209 5598 Antistitis
3252 5541 3461 5612 scripta
3488 5550 3574 5597 at-

113 5627 462 5703 tingeremus;
494 5636 590 5708 pia
609 5637 883 5691 nimirum
910 5636 1206 5691 sedulitate
1234 5637 1612 5709 religiosaque
1642 5639 1907 5694 cautione
1937 5654 2081 5709 opus
2111 5654 2230 5691 esse
2261 5636 2390 5703 rati,
2424 5640 2487 5689 ut
2515 5650 2628 5706 qua
2660 5640 2869 5697 mente,
2898 5646 3010 5702 quo
3040 5628 3297 5694 consilio,
3318 5645 3432 5700 qua
3462 5630 3572 5686 fide

117 5719 327 5785 primum
356 5726 609 5795 profecta
636 5730 822 5781 essent
851 5742 919 5782 ex
945 5726 1283 5780 sanctissimi
1317 5727 1572 5781 Doctoris
1600 5744 1697 5781 ore
1728 5733 1783 5782 et
1814 5744 1986 5783 manu
2019 5725 2317 5780 utilissima
2348 5740 2539 5796 opera,
2572 5736 2797 5775 rursum
2829 5719 3133 5771 ederentur
3182 5735 3212 5772 a
3245 5718 3406 5773 nobis
3449 5722 3572 5791 pari
