4020 6360
380 334 446 385 27
1795 336 2041 392 BREVIS
2078 336 2469 393 PBEFATIO.
3834 342 3899 391 9R
3978 390 3979 399 η

378 456 511 523 ﬁde,
539 454 735 511 animo
766 460 936 528 atque
964 458 1282 530 proposito,
1313 459 1373 513 in
1402 459 1739 514 universalis
1769 462 2026 516 Ecclesiae
2049 461 2243 531 decus,
2273 462 2598 529 commoda,
2634 466 2805 534 atque
2836 460 3191 533 praesidium.

450 545 588 610 Quis
616 549 927 599 conatuum
973 551 1300 601 nostrorum
1347 546 1406 601 in
1452 552 1569 602 tam
1601 549 1778 603 arduo
1826 549 2073 620 incoepto
2117 550 2289 604 fuerit
2320 566 2630 615 successus,
2670 550 2860 620 palam
2896 550 3115 605 edicere
3156 566 3288 604 cum
3330 553 3482 604 vetat
3509 550 3726 622 pudor,
3772 553 3895 603 tum

379 650 526 705 pene
556 633 955 688 universorum
984 634 1045 689 in
1077 636 1318 689 Ecclesia
1347 636 1637 705 ordinum,
1666 636 1727 690 in
1752 635 1953 708 primis
1984 643 2233 693 vestrum
2262 640 2518 694 omnium
2565 638 2977 710 benignissima
3008 639 3077 693 de
3116 639 3214 693 illo
3253 637 3486 710 judicia.
3521 639 3616 693 His
3649 637 3895 709 amplis-

381 722 594 777 simum
637 722 819 777 labori
862 729 1056 778 nostro
1106 725 1431 796 przemium,
1473 731 1620 781 certe
1653 728 2072 797 exspectatione
2102 731 2298 783 nostra
2324 733 2382 783 et
2424 727 2627 783 merito
2658 734 2851 782 nostro
2900 729 3070 797 longe
3100 728 3308 799 majus,
3341 744 3457 783 non
3486 727 3609 782 sine
3644 726 3809 799 grati
3840 744 3899 780 ac

381 809 614 865 demissi
640 812 815 865 animi
843 812 1014 867 tacita
1041 813 1456 885 signiﬁcatione
1495 816 1713 886 experti
1734 833 1949 873 sumus.

452 899 577 953 Istis
604 904 797 954 autem
826 900 1107 955 bonarum
1132 906 1447 957 vestrarum
1477 905 1835 959 voluntatum
1860 904 2351 960 testiﬁcationibus
2391 904 2519 959 freti
2550 909 2719 977 atque
2748 904 2968 971 confisi,
3004 903 3391 977 querimonias
3446 903 3903 959 obtrectautium

385 989 799 1043 nonnullorum
831 988 994 1044 facile
1034 990 1271 1061 insuper
1307 991 1640 1047 habuimus.
1681 992 1741 1047 ld
1772 992 1927 1047 enim
1966 992 2131 1047 nobis
2161 998 2313 1047 certo
2344 1009 2680 1065 persuasum
2708 993 2838 1061 fuit,
2871 998 3133 1049 navatam
3165 1010 3198 1048 a
3228 994 3438 1048 nostris
3473 994 3533 1049 in
3562 993 3896 1065 Augustino

382 1076 723 1131 illustrando
755 1093 987 1147 operam
1019 1078 1249 1132 calculis
1278 1079 1676 1135 universorum
1706 1080 2208 1151 comprobandam,
2231 1098 2362 1137 cum
2386 1083 2456 1137 iis
2481 1084 2777 1154 placuerit,
2807 1100 2980 1155 penes
3000 1100 3142 1156 quos
3171 1084 3412 1138 istarum
3439 1100 3633 1138 rerum
3662 1088 3727 1137 et
3752 1083 3902 1153 judi-

386 1165 541 1219 cium
571 1170 628 1219 et
655 1166 957 1220 arbitrium
987 1183 1107 1220 esse
1137 1168 1386 1222 universi
1425 1169 1797 1223 conﬁtentur.

459 1256 654 1324 Neque
682 1271 815 1309 vero
847 1256 1187 1327 exspectatio
1216 1256 1325 1311 ista
1368 1274 1471 1312 nos
1497 1258 1711 1313 fefellit.
1764 1260 1980 1313 Novum
2017 1276 2143 1314 ecce
2174 1265 2228 1314 et
2258 1260 2459 1331 ingens
2504 1262 2664 1332 operi
2706 1266 2902 1316 nostro
2944 1261 3276 1334 priesidium
3311 1262 3524 1317 accedit
3571 1278 3639 1315 ex
3671 1277 3901 1332 nupera

385 1359 489 1412 per
517 1343 881 1414 apostolicam
910 1344 1112 1400 Sedem
1142 1346 1509 1401 damnatione
1534 1347 1861 1402 libellorum
1892 1347 2100 1419 quibus
2126 1348 2340 1404 invidia
2367 1367 2603 1421 gravare
2633 1368 2738 1405 nos
2768 1351 3150 1405 moliebantur
3178 1351 3331 1406 haud
3361 1352 3512 1423 aequi
3532 1351 3812 1405 laborum
3842 1366 3902 1403 ac

388 1431 523 1487 ﬁdei
553 1437 762 1487 nostra:
793 1434 1188 1491 aestimatores.
1228 1436 1578 1490 Palmarium
1606 1436 1875 1490 adversus
1904 1436 2039 1490 istos
2068 1436 2411 1491 defensionis
2441 1442 2649 1492 nostrae.
2680 1438 3096 1496 incrementum
3124 1438 3321 1493 afferet
3345 1438 3747 1509 augustissimi
3783 1438 3901 1493 Co)-

392 1527 483 1576 tus
509 1522 682 1576 vestri
721 1522 1024 1577 auctoritas
1055 1527 1112 1577 et
1140 1523 1475 1595 suﬁ'ragium
1510 1542 1523 1579 :
1571 1529 1742 1596 atque
1776 1525 1921 1578 hanc
1958 1526 2279 1581 communis
2328 1531 2527 1580 vestras
2559 1527 2852 1581 sententiae
2884 1531 3052 1599 atque
3075 1526 3275 1597 judicii
3304 1526 3791 1597 signiﬁcationem
3834 1543 3898 1578 eo

386 1610 701 1681 impensius
727 1611 1076 1683 liberiusque
1106 1613 1485 1684 deposcimus,
1528 1630 1641 1685 quo
1666 1618 1854 1667 totum
1883 1614 1990 1668 hoc
2018 1614 2346 1686 vigiliarum
2388 1620 2713 1670 nostrarum
2759 1632 2901 1687 opus
2932 1616 3036 1670 sub
3077 1615 3340 1670 Ludovici
3372 1615 3556 1685 Magni
3597 1614 3897 1685 auspiciis,

387 1697 665 1769 regioque
693 1698 1031 1769 insignitum
1062 1700 1299 1754 nomine
1328 1701 1617 1771 publicam
1641 1700 1699 1755 in
1726 1702 1915 1756 lucem
1945 1701 2259 1758 emisimus.

453 1788 610 1851 Quod
644 1787 689 1841 si
721 1788 1135 1861 religiosissimi
1166 1789 1442 1861 Principis
1472 1791 1529 1845 in
1559 1791 2016 1861 recognoscendo
2040 1791 2147 1846 isto
2177 1808 2414 1847 munere
2437 1791 2782 1863 benignitati
2812 1796 2868 1847 et
2890 1792 3238 1847 humanitati
3261 1790 3591 1846 addideritis
3608 1808 3905 1845 commen-

382 1874 626 1929 dationis
655 1880 855 1930 vestrae
885 1877 1132 1948 pondus,
1166 1878 1277 1932 erit
1306 1879 1463 1932 omni
1496 1879 1752 1950 praesidii
1782 1896 1991 1951 genere
2023 1878 2293 1933 vallatum
2323 1871 2487 1950 opus,
2528 1880 2682 1953 quod
2715 1896 2819 1934 nec
2846 1880 2962 1934 ulla
2991 1880 3205 1934 delebit
3235 1885 3392 1945 mtas,
3429 1880 3587 1934 nulla
3619 1880 3901 1934 lacessere

381 1963 441 2017 in
480 1970 775 2034 posterum
802 1965 1037 2020 audebit
1067 1982 1270 2021 manus
1293 1972 1463 2039 atquc
1488 1968 1769 2039 protervia
1804 1985 1817 2022 :
1843 1985 1947 2039 pro
1973 1985 2087 2039 quo
2117 1966 2329 2038 insigni
2359 1970 2546 2024 favore
2576 1975 2745 2042 atque
2776 1970 3094 2036 benefacto,
3138 1969 3449 2024 Clarissimi
3490 1974 3699 2023 sanctxe
3746 1970 3901 2025 Reli-

381 2052 569 2123 gionis
610 2054 933 2119 Antistites,
979 2059 1037 2109 et
1082 2055 1241 2109 vobis
1280 2056 1562 2127 singulis.
1608 2061 1665 2111 et
1709 2057 1977 2112 universo
2029 2057 2396 2112 Sacrosaucto
2445 2058 2645 2113 Ordini
2687 2063 2877 2112 vestro
2932 2058 3110 2113 acturi
3170 2062 3340 2130 atque
3398 2057 3651 2113 habituri
3697 2074 3901 2114 sumus

380 2141 733 2197 immortales
764 2143 995 2213 gratias.

770 2508 944 2631 IN
1023 2505 2068 2632 APPENDICES
2178 2467 3543 2629 AUGUSTINIANAS

1352 2750 1451 2809 ET
1495 2749 1680 2809 ALIA
1724 2749 1877 2808 HOC
1931 2744 2010 2806 IN
2055 2746 2466 2807 VOLUMINE
2510 2745 2933 2806 CONTEN'I‘A

1662 2953 2027 3032 BREVIS
2088 2950 2614 3038 PR/EFATIO

451 3274 926 3345 Quandoquidem
974 3290 1231 3328 seorsum
1261 3278 1316 3327 et
1347 3273 1403 3328 in
1441 3274 1720 3341 angulum
1762 3273 1966 3341 rejecta
1996 3275 2129 3326 sunt
2165 3271 2357 3342 spuria
2386 3271 2483 3325 illa
2513 3269 2814 3341 Opuscula,
2850 3285 2981 3340 quae
3010 3268 3181 3322 variis
3208 3267 3560 3338 temporibus
3585 3265 3641 3321 S.
3670 3268 3888 3338 Augu-

382 3364 533 3417 stino
558 3363 855 3434 supposita
884 3363 1079 3425 fuere;
1126 3363 1389 3417 eumdem
1421 3378 1653 3434 quoque
1686 3362 1921 3416 modum
1960 3366 2016 3415 et
2054 3360 2313 3415 ordinem
2356 3360 2462 3413 hoc
2509 3359 2633 3413 loco
2677 3363 2871 3412 tenere
2903 3356 3089 3410 visum
3119 3360 3224 3422 est,
3255 3356 3509 3427 adeoque
3538 3355 3896 3426 peculiarem

381 3452 662 3521 ejusmodi
687 3450 909 3522 scriptis
939 3451 1343 3505 Praefationem
1381 3452 1669 3522 assignare
1700 3466 1733 3504 a
1761 3448 2015 3519 generali
2042 3449 2378 3520 sejunctam,
2408 3464 2537 3520 quae
2568 3463 2759 3518 operae
2791 3446 2851 3500 in
2872 3446 2977 3501 hac
2998 3445 3173 3499 etiam
3190 3448 3400 3516 partea
3430 3443 3593 3498 nobis
3614 3443 3896 3515 impensm

379 3540 663 3595 rationem
693 3540 980 3594 contineat
1006 3557 1018 3594 :
1053 3545 1175 3594 tum
1206 3545 1270 3594 ut
1300 3557 1371 3593 ne
1400 3540 1527 3611 quis
1557 3557 1622 3593 ea
1653 3556 1685 3593 a
1714 3539 1880 3593 nobis
1909 3539 2164 3608 neglecta
2192 3537 2362 3592 fuisse
2386 3538 2530 3591 forte
2561 3536 2908 3607 suspicetur;
2934 3540 3055 3589 tum
3082 3540 3147 3589 ut
3177 3536 3351 3589 lector
3375 3534 3440 3589 ad
3474 3549 3674 3588 eorum
3698 3534 3897 3589 lectio-

378 3647 514 3685 nem
542 3631 903 3697 informetur,
936 3635 1353 3702 moneaturque
1386 3630 1455 3684 de
1488 3630 1612 3683 aliis
1651 3630 1841 3693 rebus,
1876 3645 2003 3699 quin
2035 3629 2093 3682 in
2122 3628 2231 3681 hoc
2258 3632 2545 3697 postremo
2571 3625 2864 3679 volumine
2896 3624 3282 3679 continentur.

452 3721 522 3774 Ut
550 3719 619 3774 ad
665 3735 787 3773 rem
816 3720 1133 3785 veniamus,
1184 3719 1426 3789 singula:
1472 3717 1711 3787 singulis
1748 3717 2054 3788 Augustini
2080 3717 2254 3771 tomis
2293 3716 2679 3786 subjiciuntur
2716 3714 3095 3786 Appendices,
3139 3730 3234 3767 eas
3272 3714 3713 3785 complectentes
3743 3715 3895 3769 scri-

378 3809 724 3880 ptiunculas,
752 3826 893 3881 quas
923 3811 1007 3865 vel
1041 3809 1155 3864 stili
1186 3809 1450 3880 quaedam
1479 3807 1743 3874 imitatio,
1785 3809 1872 3861 vel
1911 3806 2239 3878 argumenti
2268 3805 2537 3872 afﬁnitas,
2569 3806 2656 3859 vel
2702 3821 2884 3874 casus,
2914 3805 3003 3858 vel
3032 3809 3361 3875 temporum
3402 3803 3748 3875 ignorantia,
3801 3806 3895 3859 vel
3978 3791 3987 3807 ’

380 3897 628 3971 denique
656 3886 823 3954 fraus.
839 3904 1137 3954 auctorum
1165 3898 1678 3969 bibliopolarumve
1704 3897 2023 3968 Augustino
2058 3897 2301 3952 afﬁnxit.
2337 3898 2411 3950 Ex
2434 3896 2549 3950 stili
2583 3896 2861 3950 nonnulla
2899 3894 3220 3949 imitatione
3249 3893 3462 3948 factum
3490 3899 3778 3965 putamus,
3833 3899 3899 3947 ut

381 3987 609 4042 Caesarii
639 3988 986 4043 Arelatensis
1012 3988 1266 4059 episcopi
1287 3988 1522 4059 plurimi
1550 4003 1843 4041 sermones
1870 3986 2298 4057 Augustinianis
2320 3990 2778 4040 accenserentur.
2802 3984 2962 4049 Quod
2986 4000 3114 4038 vero
3136 3972 3350 4054 Pelagii
3368 3984 3439 4038 ad
3472 3983 3897 4037 Demetriadem

383 4077 645 4147 epistola,
684 4082 738 4130 et
784 4077 1014 4131 Fastidii
1052 4076 1124 4130 ad
1157 4078 1407 4130 Fatalem
1435 4076 1666 4129 viduam
1705 4075 1775 4129 de
1803 4074 1985 4129 Vidua
2020 4075 2329 4129 christiana
2358 4074 2505 4129 liber
2534 4078 2727 4127 sancto
2760 4072 2987 4127 Ductori
3018 4071 3338 4142 adscriptus
3367 4071 3459 4141 sit,
3488 4071 3643 4125 haud
3673 4070 3789 4125 scio
3818 4087 3899 4126 an

382 4164 709 4237 argumenti
733 4164 1033 4229 afﬁnitate,
1074 4180 1147 4217 an
1179 4164 1308 4217 dolo
1333 4163 1634 4232 contigerit
1662 4167 1982 4230 auctorum,
2015 4164 2112 4233 qui
2142 4164 2229 4216 vel
2260 4166 2322 4216 ut
2351 4163 2649 4233 scriptioni
2678 4178 2795 4216 suae
2832 4161 3230 4216 auctoritatem
3278 4160 3599 4232 pretiumve
3638 4175 3899 4215 accerse-

380 4256 527 4322 rent,
556 4254 644 4307 vel
676 4253 829 4323 quod
857 4251 1083 4307 nomini
1112 4252 1437 4306 difﬁderent
1465 4268 1587 4317 suo,
1619 4249 1762 4304 tanti
1792 4249 2044 4304 nominis
2071 4249 2306 4305 titulum
2336 4250 2759 4321 supposuerint.
2796 4252 2923 4305 Non
2961 4250 3117 4305 aliud
3147 4254 3297 4304 certe
3342 4249 3401 4304 in
3433 4266 3602 4304 causa
3631 4249 3759 4314 fuit,
3793 4265 3900 4305 cur

378 4342 623 4398 editores
653 4346 709 4396 et
735 4340 1064 4411 bibliopola:
1090 4338 1400 4395 subdititiis
1430 4339 1542 4393 illis
1572 4336 1795 4408 scriptis
1824 4337 1978 4392 idem
2006 4354 2221 4393 nomen
2251 4338 2621 4409 praeﬁxerint,
2644 4338 2919 4393 nimirum
2952 4344 3014 4393 ut
3046 4337 3276 4408 majoris
3302 4336 3473 4407 pretii
3519 4338 3897 4403 haberentur,

380 4434 440 4485 et
464 4430 647 4484 carius
675 4428 936 4483 venirent
963 4428 1171 4499 spuriaa
1197 4426 1312 4481 illas
1343 4442 1579 4481 merces.
1607 4428 1680 4479 At
1700 4424 1995 4478 fatendum
2026 4428 2112 4477 est
2135 4441 2269 4482 casu
2299 4429 2385 4482 vel
2414 4430 2736 4483 temeritate
2766 4427 3208 4482 amanuensium
3239 4431 3295 4480 et
3323 4427 3613 4481 editorum
3641 4427 3897 4497 plerum-

378 4534 490 4589 que
543 4518 757 4572 factum
807 4515 978 4571 fuisse
1009 4557 1024 4584 ,
1087 4519 1150 4569 ut
1207 4516 1316 4569 hoc
1359 4514 1617 4585 specioso
1675 4513 1840 4567 titulo
1901 4514 2183 4583 ejusmodi
2239 4515 2559 4570 adulterina
2621 4516 2894 4586 opuscula
2963 4515 3426 4572 honestarentur.
3491 4516 3633 4569 Nam
3683 4516 3896 4587 saepius

376 4605 661 4676 contigit,
705 4609 769 4660 ut
822 4621 953 4658 cum
1000 4603 1218 4658 librarii
1259 4603 1478 4673 aliquos
1522 4601 1833 4674 Augustini
1881 4602 2059 4657 libros
2101 4603 2569 4674 exscripsissent,
2607 4621 2711 4658 nec
2764 4604 2846 4658 eis
2902 4621 2965 4658 ex
3025 4608 3219 4658 sancto
3278 4605 3513 4658 Doctore
3571 4607 3902 4673 suppeteret

374 4693 529 4748 unde
574 4709 807 4763 aequum
855 4693 1123 4747 volumen
1152 4692 1530 4757 conﬁcerent;
1574 4706 1645 4745 ex
1675 4690 1877 4761 quovis
1927 4707 2213 4761 anonymo
2246 4708 2442 4763 opere,
2482 4692 2640 4764 quod
2682 4692 2919 4747 fortuito
2965 4698 3111 4747 esset
3152 4693 3223 4747 ad
3255 4708 3511 4759 manum,
3562 4692 3898 4763 supplerent

382 4781 538 4854 quod
562 4782 719 4852 justo
754 4781 1035 4835 volumini
1082 4780 1321 4835 deesset.
1373 4780 1551 4851 quue
1590 4769 1831 4833 subinde
1879 4796 2075 4834 ansam
2107 4782 2355 4853 prmbuit
2384 4787 2507 4837 tum
2540 4782 3004 4853 exscriptoribus,
3034 4787 3157 4836 tum
3189 4781 3435 4836 incautis
3463 4780 3800 4842 editoribus,
3836 4787 3900 4836 ut

378 4869 699 4943 posteriora
728 4870 847 4924 haec
878 4885 1052 4940 opera
1098 4870 1282 4924 eidem
1330 4868 1549 4923 auctori
1576 4869 1982 4936 adscriberent,
2015 4870 2176 4941 cujus
2217 4887 2428 4926 nomen
2469 4870 2666 4942 priora
2702 4871 3104 4942 praeferebant.
3142 4870 3283 4935 Quae
3324 4886 3415 4925 res
3454 4886 3522 4924 eo
3551 4884 3730 4941 usque
3758 4885 3899 4939 pru-

383 4974 581 5030 gressa
611 4963 716 5024 est,
764 4963 829 5012 ut
869 4959 1095 5013 nullum
1137 4958 1255 5012 fere
1301 4959 1569 5012 saeculum
1603 4957 1692 5023 sit,
1738 4974 1804 5011 ex
1846 4975 1959 5030 quo
1989 4959 2325 5013 adulterinas
2355 4959 2639 5030 ejusmodi
2678 4960 2884 5031 aliquae
2915 4959 3253 5030 scriptiones
3287 4958 3555 5029 genuinis
3585 4958 3896 5029 Augustini

383 5047 657 5119 operibus
688 5064 806 5102 non
827 5047 1184 5102 accesserint.

450 5136 592 5190 Hinc
622 5141 821 5191 natum
853 5142 937 5190 est
965 5137 1168 5206 triplex
1200 5137 1628 5192 incommodum
1662 5154 1676 5190 :
1717 5152 1897 5190 unum
1930 5137 2083 5209 quod
2115 5137 2501 5209 genuiuorum
2533 5138 2655 5207 ejus
2685 5153 2927 5209 operum
2956 5136 3205 5207 dignitas
3236 5141 3291 5190 ct
3320 5136 3577 5191 lectionis
3611 5135 3795 5206 gratia
3826 5151 3897 5190 ex

377 5227 484 5281 hac
512 5225 801 5298 farragine
833 5225 1096 5279 nonnihil
1126 5227 1510 5294 minueretur;
1543 5229 1804 5290 alterum,
1847 5226 2000 5296 quod
2029 5226 2164 5281 inde
2190 5226 2512 5281 traditionis
2541 5226 2750 5281 veritas
2789 5224 3213 5297 quodammodo
3264 5224 3435 5280 etiam
3468 5224 3899 5290 obscuraretur,

382 5315 521 5369 dum
552 5314 933 5385 posteriorum
966 5318 1295 5386 temporum
1322 5316 1531 5386 scripta
1574 5315 1641 5369 ad
1675 5315 2029 5386 superiorem
2057 5319 2283 5377 aetatem
2314 5313 2599 5385 pertinere
2629 5319 2939 5386 putantur;
2982 5313 3223 5369 tertium
3271 5313 3543 5385 denique,
3577 5312 3733 5385 quod
3758 5330 3894 5384 sup-

384 5404 553 5475 positi
582 5404 667 5457 illi
696 5403 845 5457 fetus
876 5403 1135 5457 incautos
1167 5404 1402 5459 lectores
1430 5404 1703 5458 inducant
1732 5404 1802 5457 ad
1832 5405 2125 5458 sectandas
2155 5397 2414 5458 sinistras
2442 5404 2763 5475 opiniones,
2809 5419 2950 5474 quas
2996 5402 3297 5473 splendido
3330 5402 3633 5473 Augustini
3665 5401 3898 5457 nomine

385 5491 633 5545 obtectas
664 5491 1165 5563 deprehenderint.
1200 5492 1558 5563 Quapropter
1590 5497 1649 5546 ut
1678 5492 1765 5546 his
1794 5490 2171 5549 incommodis
2200 5497 2611 5559 occurreretur,
2640 5491 2923 5563 ejusmodi
2955 5491 3177 5562 spurias
3201 5492 3542 5563 scriptiones
3573 5509 3606 5546 a
3635 5491 3900 5563 genuinis

385 5586 444 5635 et
464 5579 700 5635 sinceris
730 5579 1035 5651 Augustini
1063 5579 1341 5650 Operibus
1370 5597 1693 5651 segregare,
1725 5585 1780 5635 et
1810 5581 1867 5635 in
1911 5583 2186 5653 angulum
2219 5582 2526 5653 quemdam
2556 5581 2788 5653 rcjicere
2817 5581 3130 5652 plurimum
3162 5581 3458 5636 intererat.

461 5669 578 5722 Hoc
606 5668 899 5739 negotium
932 5669 1001 5723 ab
1031 5668 1265 5723 eruditis
1298 5670 1589 5724 nonnullis
1615 5670 1867 5740 primum
1894 5670 2246 5736 inchoatum,
2276 5686 2309 5723 a
2340 5668 2780 5723 Lovaniensibus
2807 5666 3034 5738 deinde,
3066 5673 3192 5722 tum
3220 5685 3253 5723 a
3276 5669 3495 5722 Joanne
3520 5667 3747 5721 Verliuo
3780 5672 3834 5722 et
3864 5686 3897 5724 a

394 5756 681 5811 Bernardo
712 5756 1010 5825 Vindingo,
1043 5756 1497 5826 Augustinianis,
1538 5758 1785 5813 multum
1805 5761 2156 5828 promotum,
2190 5763 2248 5811 et
2273 5773 2479 5827 magna
2509 5774 2577 5810 ex
2602 5760 2765 5826 parte
2795 5757 3130 5822 confectum,
3169 5757 3409 5812 necdum
3439 5761 3634 5810 tamen
3665 5756 3895 5827 penitus
