4020 6390
131 357 178 407 29
1515 356 1761 411 BREVIS
1808 356 2189 414 PREFATIO.
3538 357 3606 409 30

131 477 448 543 absolutum,
482 492 715 549 operam
744 477 916 532 etiam
944 495 1095 534 nunc
1118 480 1371 552 aliquam
1392 480 1618 551 exigere
1645 479 1962 536 videbatur.
1985 480 2135 536 Nihil
2164 497 2296 536 vero
2322 497 2355 535 a
2383 479 2547 535 nobis
2574 477 3048 550 prmtermissum,
3078 482 3139 531 ut
3164 476 3216 531 ei
3237 478 3399 533 ﬁeret
3428 478 3563 532 satis
3580 519 3593 531 .

129 568 234 636 Ejus
260 565 339 619 rei
370 581 542 619 causa
571 571 783 619 veteres
810 569 1230 639 manuscriptos
1270 569 1507 633 codices,
1548 568 1604 622 in
1636 569 1843 639 quibus
1872 586 1972 624 sua
1999 570 2204 641 cuique
2234 572 2449 625 auctori
2480 567 2898 633 adscribuntur,
2929 583 3101 638 quam
3132 566 3411 636 plurimos
3440 566 3599 620 adhi-

129 654 369 710 buimus:
396 653 551 708 viros
576 654 788 721 doctos,
820 655 921 727 qui
952 673 1015 710 ex
1046 657 1312 711 familiari
1356 657 1534 711 sancti
1564 657 1813 711 Doctoris
1843 656 2077 712 lectione
2109 665 2166 713 et
2193 657 2478 730 frequenti
2507 674 2609 711 usu
2639 656 2833 710 stilum
2865 656 2987 726 ejus
3015 672 3079 709 ac
3107 655 3341 725 genium
3374 671 3601 725 persen-

129 744 210 796 :ire
238 742 536 796 assuefacti
578 748 726 808 sunt,
762 745 1177 811 consuluimus;
1210 763 1426 817 nosque
1460 746 1565 817 ipsi
1596 762 1725 800 cum
1753 746 2088 801 iudubitatis
2114 748 2417 819 Augustini
2449 745 2728 817 Operibus
2773 762 2840 799 ea
2882 760 3010 815 quae
3058 743 3231 797 dubia
3262 748 3319 797 et
3358 759 3472 796 non
3520 743 3602 795 ita

130 837 254 887 :erta
308 835 492 896 erant,
556 831 861 902 diligenter
911 834 1284 901 contulimus;
1331 839 1387 889 et
1416 834 1566 901 stilo,
1621 834 1933 900 sententiis,
1975 820 2251 904 doctrina,
2300 835 2720 905 Scripturarum
2777 832 3138 887 citationibus
3168 835 3224 885 et
3280 831 3599 902 explicandi

129 922 328 976 ratione
375 920 620 976 invicem
666 924 1029 994 comparatis,
1072 942 1192 979 rem
1232 942 1298 980 eo
1349 942 1382 979 a
1428 925 1595 979 nobis
1637 925 1966 997 perductam
2013 923 2424 989 existimamus,
2471 927 2535 976 ut
2577 922 2821 988 nullum,
2872 925 2971 975 aut
3007 920 3123 974 fere
3166 921 3392 974 nullum
3443 919 3601 973 inter

127 1009 356 1079 genuina
396 1009 702 1080 Augustini
734 1027 909 1081 opera
961 1013 1337 1082 rejiciendum
1367 1013 1632 1083 supersit,
1682 1014 1834 1085 quod
1863 1029 1977 1067 non
2024 1014 2297 1084 rejectum
2326 1012 2423 1079 sit;
2465 1010 2708 1077 nullum,
2762 1014 2863 1065 aut
2898 1009 3015 1064 fere
3047 1010 3270 1063 nullum
3296 1009 3596 1079 rejectum,

130 1099 262 1170 quod
290 1114 403 1152 non
431 1098 615 1170 requis
643 1101 971 1155 censoribus
1007 1102 1384 1172 rejiciendum
1411 1101 1689 1157 videatur.

184 1208 378 1259 Verum
417 1205 557 1277 quia
580 1207 759 1261 notha
803 1208 927 1263 hanc
955 1225 1129 1280 opera
1151 1209 1469 1264 discernere
1510 1209 1663 1263 haud
1702 1208 2040 1276 sufﬁciebat,
2072 1208 2183 1262 nisi
2213 1208 2383 1262 etiam
2414 1207 2531 1261 veri
2577 1222 2776 1262 eorum
2805 1210 3065 1260 auctores
3093 1205 3510 1269 iudicarentur;
3544 1203 3598 1258 id

127 1311 352 1366 quoque,
394 1298 679 1366 quantum
710 1297 873 1351 nobis
903 1297 1081 1365 licuit,
1114 1304 1382 1370 praestare
1412 1299 1596 1354 conati
1629 1315 1844 1365 sumus,
1900 1298 2005 1351 rati
2033 1297 2244 1351 nullius
2273 1297 2390 1351 fere
2419 1296 2581 1366 pensi
2608 1312 2640 1349 a
2682 1295 2987 1349 lectoribus
3017 1294 3215 1348 haberi
3260 1309 3327 1347 ea
3369 1292 3598 1363 scripta,

127 1399 351 1455 quorum
370 1383 678 1454 scriptores
698 1383 1058 1458 ignorantur.
1083 1389 1275 1458 Neque
1292 1392 1443 1443 certe
1466 1404 1570 1442 nos
1590 1403 1778 1458 opera:
1800 1391 2007 1440 nostra:
2029 1385 2318 1457 paenituit.
2348 1386 2548 1439 Datum
2572 1382 2784 1455 quippe
2801 1389 2887 1437 est
2913 1384 3176 1454 detegere
3198 1382 3344 1436 bene
3364 1382 3598 1449 multos,

125 1487 345 1541 quorum
372 1470 576 1524 seriem
604 1454 853 1525 inferius
880 1473 1185 1527 exhibituri
1216 1490 1437 1528 sumus.
1472 1476 1536 1528 lu
1563 1474 1688 1528 aliis
1714 1473 1864 1528 haud
1895 1474 2259 1545 paucioribus
2286 1478 2580 1527 auctorum
2612 1472 2968 1544 superiorum
2999 1472 3318 1542 fragmenta
3343 1470 3602 1524 observa-

125 1560 305 1617 vimus,
340 1574 467 1629 quae
504 1558 587 1611 vel
620 1560 921 1628 asteriscis,
951 1562 1036 1615 vel
1069 1562 1238 1616 etiam
1267 1563 1552 1616 uncinulis
1599 1562 1975 1627 distinximus,
2009 1562 2218 1616 notatis
2263 1563 2413 1624 locis,
2451 1577 2518 1615 ex
2557 1560 2765 1631 quibus
2811 1560 2933 1614 haec
2964 1560 3232 1614 translata
3271 1562 3327 1611 et
3368 1561 3596 1628 accepta

125 1653 284 1702 erant.
319 1647 468 1702 Unde
498 1648 564 1702 fit
588 1652 654 1703 ut
689 1649 843 1704 facili
872 1652 1101 1722 negotio
1132 1652 1589 1723 deprehendatur
1616 1657 1844 1722 tempus
1872 1668 1986 1722 quo
2018 1665 2376 1720 unaquaeque
2405 1650 2528 1703 haec
2549 1666 2722 1719 opera
2751 1649 3071 1719 conscripta
3100 1647 3230 1701 siut.
3266 1647 3405 1700 Hinc
3424 1644 3599 1699 tradi-

125 1737 275 1790 tionis
300 1736 693 1791 ecclesiasticm
720 1737 977 1793 curiosus
1006 1739 1306 1809 indagator
1335 1741 1653 1812 perspiciet,
1690 1741 1894 1795 saeculo
1923 1739 2257 1795 duodecimo
2289 1738 2611 1809 superiores
2642 1727 2757 1792 non
2788 1754 2923 1795 esse.
2960 1737 3172 1791 nedum
3200 1735 3269 1790 ad
3298 1731 3601 1804 Augustini

125 1832 327 1896 tempus
363 1826 732 1892 revocandos,
772 1827 946 1882 libros
983 1828 1050 1882 de
1081 1828 1293 1900 Spiritu
1324 1834 1379 1884 et
1406 1830 1632 1897 Anima,
1677 1833 1745 1885 de
1786 1828 2085 1900 Diligendo
2118 1829 2253 1897 Deo,
2294 1827 2569 1894 Manuale,
2601 1826 2702 1881 ubi
2741 1826 2802 1881 in
2833 1827 2914 1880 eis
2943 1824 3252 1880 adverterit
3282 1824 3603 1891 fragmenta

128 1933 183 1970 ex
215 1917 492 1983 Anselmo,
545 1916 859 1982 Bernardo,
908 1922 965 1971 et
1014 1919 1247 1989 llugone
1288 1919 1595 1974 Victorino.
1646 1921 1927 1975 Caeterum
1964 1933 2036 1971 ne
2085 1915 2364 1987 ejusmodi
2411 1914 2619 1985 spuriis
2666 1913 2953 1984 opusculis
2991 1912 3296 1982 Augustini
3343 1909 3601 1966 doctrina

127 2005 520 2076 quodammodo
559 2005 1061 2073 contaminaretur,
1097 2007 1145 2060 si
1182 2023 1273 2061 res
1311 2008 1380 2062 de
1411 2008 1618 2079 quibus
1657 2007 1717 2061 in
1756 2007 1837 2060 eis
1865 2006 2076 2077 agitur,
2106 2005 2167 2057 in
2210 2003 2479 2058 eumdem
2509 2002 2755 2056 iudicem
2793 2001 3122 2073 permixtim
3157 2000 3600 2071 conjiceremus;

125 2094 441 2164 peculiarem
466 2094 895 2165 Appendicibus
919 2095 1161 2150 indicem
1193 2098 1518 2167 generalem
1549 2095 1851 2167 rejecimus
1877 2096 1936 2149 in
1971 2092 2245 2146 ultimum
2272 2092 2489 2145 huncce
2517 2095 2763 2159 tomum,
2795 2091 2864 2145 de
2903 2106 3017 2161 quo
3043 2089 3103 2144 in
3129 2104 3381 2161 praasens
3425 2101 3599 2156 agen-

123 2182 239 2236 dum
260 2186 366 2237 est.

183 2288 235 2339 ln
274 2290 560 2356 postremo
604 2287 776 2342 hocce
804 2292 960 2342 torno
999 2292 1125 2359 post
1170 2289 1316 2343 hanc
1356 2288 1751 2343 Praefationem
1780 2285 2038 2356 sequitur
2075 2285 2197 2339 Vita
2225 2285 2402 2339 sancti
2441 2287 2765 2357 Augustini,
2798 2303 2863 2341 ex
2899 2286 3080 2357 ipsius
3117 2282 3340 2354 scriptis
3368 2299 3402 2336 a
3439 2280 3601 2336 nobis

126 2374 459 2430 concinnata:
494 2390 616 2446 qua
642 2374 702 2429 in
729 2391 791 2429 re
814 2392 1022 2446 magno
1054 2376 1217 2430 nobis
1246 2374 1375 2429 usui
1405 2374 1561 2428 fuere
1599 2373 1992 2427 commentarii
2014 2373 2126 2445 pia:
2154 2374 2444 2428 memoriae
2468 2374 2785 2430 Sebastiani
2816 2377 2887 2430 Le
2920 2375 3065 2429 Nain
3093 2370 3462 2436 Tillemontii,
3500 2368 3601 2440 qui

128 2461 391 2516 nobiscum
419 2479 557 2517 suos
595 2463 655 2517 in
701 2463 845 2518 hanc
876 2463 1059 2518 Vitam
1099 2462 1539 2517 commentarios
1581 2461 1890 2515 liberaliter
1934 2462 2395 2526 communicavit,
2434 2464 2592 2517 nullo
2628 2464 2740 2518 alio
2786 2464 3001 2529 animo,
3033 2478 3207 2534 quam
3235 2466 3300 2515 ut
3338 2458 3599 2541 Ecclesia?

131 2548 213 2602 Dei
256 2550 593 2616 consuleret,
641 2550 733 2606 cui
780 2552 1073 2606 universos
1120 2551 1342 2605 labores
1380 2567 1535 2619 suos,
1566 2549 1848 2603 maximos
1894 2568 2030 2605 sane
2073 2556 2130 2606 et
2155 2552 2511 2618 utilissimos,
2543 2553 2707 2607 unice
2745 2552 3111 2619 consecravit,
3156 2551 3226 2605 ab
3269 2549 3427 2603 inani
3471 2547 3602 2602 van1

131 2637 348 2692 nominis
393 2638 640 2709 gloriola
665 2656 837 2710 supra
866 2656 1231 2694 communem
1262 2639 1494 2693 modum
1535 2638 1769 2692 alienus.
1804 2639 1932 2692 Haec
1961 2642 2085 2694 Vita
2130 2640 2239 2694 erit
2274 2641 2453 2695 instar
2497 2641 3066 2711 Augustiuiauorum,
3117 2640 3233 2694 imo
3265 2636 3600 2692 ecclesiasti-

131 2742 300 2780 corum
328 2727 447 2797 ejus
467 2728 768 2798 temporis,
791 2729 1099 2783 Annalium
1125 2745 1373 2800 quorum
1404 2726 1786 2782 sanctissimus
1817 2728 2025 2783 Doctor
2043 2745 2173 2799 pars
2204 2745 2411 2800 magna
2440 2728 2580 2795 fuit;
2609 2729 2965 2801 singulisque
2986 2728 3149 2783 annis
3179 2727 3250 2782 ad
3280 2724 3599 2796 marginem

129 2814 395 2881 adnotatis,
436 2831 544 2869 sua
584 2815 745 2882 facta,
780 2821 1058 2887 quantum
1089 2822 1345 2871 veterum
1374 2832 1570 2869 rerum
1614 2814 2004 2886 longinquitas
2028 2817 2262 2888 patitur,
2298 2817 2759 2888 assignabuntur.
2806 2817 2991 2872 Aliam
3019 2814 3337 2871 breviorem
3363 2813 3537 2867 vitam
3567 2828 3600 2865 a

128 2904 355 2959 Possidio
385 2905 766 2975 compositam
796 2905 971 2959 habes
995 2905 1056 2959 in
1087 2906 1199 2960 line
1220 2904 1364 2960 tomi
1393 2904 1619 2959 decimi.

184 3009 463 3065 Prolixiori
486 3010 578 3064 illi
606 3010 745 3065 Vita:
774 3011 1077 3065 succedent
1105 3014 1220 3065 tres
1248 3009 1466 3064 iudices
1494 3010 1747 3080 Operum
1777 3008 1833 3063 S.
1857 3007 2187 3078 Augustini.
2231 3008 2290 3061 lu
2318 3007 2506 3077 primo
2537 3007 2834 3061 exhibetur
2862 3006 3034 3060 series
3065 3008 3121 3059 et
3148 3004 3288 3058 ordo
3318 3002 3596 3073 cujusque

130 3098 249 3151 tomi
274 3099 541 3170 Operum,
576 3116 706 3154 cum
736 3100 1092 3167 Lovaniensi,
1124 3098 1215 3154 cui
1259 3098 1619 3154 Erasmianus
1660 3098 1776 3153 fere
1807 3096 2125 3163 concordat,
2159 3099 2557 3167 comparatus:
2587 3095 2647 3149 in
2696 3094 2966 3160 secundo,
2999 3093 3139 3147 ordo
3170 3091 3440 3162 antiquus
3467 3104 3599 3143 cum

132 3202 257 3240 novo
284 3188 510 3243 collatus
537 3205 553 3242 :
589 3188 649 3241 in
677 3188 847 3242 tertio
874 3188 1141 3259 denique,
1173 3188 1400 3258 singula
1422 3187 1701 3258 Opuscula
1732 3186 1932 3241 ordine
1963 3185 2319 3256 alphabetico
2341 3186 2693 3239 referuntur.
2732 3186 2948 3239 Horum
2978 3183 3237 3237 Indicum
3267 3178 3478 3235 auxilio
3497 3178 3597 3249 qui

137 3275 356 3346 antiqiu's
373 3276 723 3330 editionibus
762 3276 1058 3330 assuefacti
1087 3280 1239 3344 sunt,
1271 3275 1423 3329 facili
1453 3275 1682 3345 negotio
1709 3274 2159 3346 unumquodque
2189 3273 2537 3344 Opusculum
2566 3272 2852 3344 reperturi
2882 3277 3014 3326 sunt
3039 3273 3135 3342 (a).

186 3380 470 3451 Triplicem
506 3382 666 3436 hunc
694 3381 942 3436 Iudicem
970 3380 1210 3452 excipiet
1238 3381 1412 3435 Index
1441 3380 1795 3446 universalis,
1824 3384 1881 3435 et
1909 3381 2143 3452 quidem
2169 3381 2594 3453 copiosissimus
2622 3381 2883 3435 omnium
2907 3396 3122 3444 rerum,
3155 3396 3283 3451 qua;
3309 3377 3369 3432 in
3400 3377 3596 3431 decem

129 3470 397 3539 Augustini
426 3470 682 3541 Operam
710 3470 879 3524 tomis
909 3470 1303 3537 continentur;
1337 3474 1459 3524 tum
1490 3470 1665 3523 Index
1697 3468 1893 3523 itidem
1923 3471 2207 3540 generalis
2234 3471 2492 3525 omnium
2519 3470 2826 3541 Scriptura:
2856 3486 3025 3524 sacrze
3058 3470 3333 3530 locorum,
3381 3481 3509 3537 qum
3537 3465 3599 3519 in

130 3553 223 3608 illis
248 3557 505 3628 operibus
538 3558 782 3629 sparsim
814 3558 1193 3629 explicantur.
1233 3559 1298 3612 In
1328 3557 1507 3628 priori
1528 3557 1625 3611 illo
1656 3557 1846 3611 Iudice
1866 3558 2262 3612 conciuuando
2294 3574 2409 3612 non
2438 3562 2662 3612 tantum
2694 3557 3054 3627 singulorum
3074 3563 3360 3610 tomorum
3380 3553 3599 3607 Indices

129 3656 157 3693 a
179 3643 323 3697 nobis
352 3645 596 3699 consulti
636 3650 786 3711 sunt,
820 3646 921 3701 sed
950 3663 1096 3701 nova
1123 3646 1358 3717 insuper
1397 3646 1692 3716 diligentia
1732 3645 1985 3700 adhibita
2014 3648 2082 3702 ad
2127 3647 2443 3718 supplenda
2472 3663 2559 3712 ea,
2592 3662 2719 3717 quae
2761 3646 2903 3700 forte
2951 3645 3012 3699 in
3056 3642 3439 3715 peculiaribus
3488 3641 3599 3694 illis

134 3729 386 3786 Iudicibus
425 3733 910 3789 desiderabantur.
955 3736 1061 3790 Diu
1091 3752 1299 3806 auceps
1346 3734 1451 3789 fuit
1480 3735 1725 3798 animus,
1775 3750 2083 3805 quamuam
2130 3735 2462 3789 methodum
2509 3734 2569 3788 in
2605 3735 2933 3789 adornaudo
2963 3734 3069 3788 hoc
3108 3731 3362 3803 generali
3408 3729 3597 3784 Indice

130 3834 481 3890 sequeremur.
516 3822 806 3894 Principio
837 3828 1068 3877 venerat
1093 3825 1153 3878 in
1181 3827 1455 3889 mentem,
1489 3822 1795 3894 quamdam
1821 3824 2249 3894 Augustinianm
2275 3823 2545 3877 doctrina:
2572 3823 2888 3887 Summam,
2913 3822 3028 3876 sive
3055 3821 3343 3892 quoddam
3363 3818 3599 3873 Theolo-

132 3908 295 3977 gicum
323 3928 525 3983 corpus
556 3912 627 3967 ad
667 3917 917 3967 mentem
949 3914 1128 3967 sancti
1158 3912 1412 3967 Doctoris
1442 3929 1508 3965 ex
1540 3911 1760 3966 selectis
1789 3911 2213 3983 fusioribusque
2239 3912 2360 3981 ejus
2386 3911 2679 3965 sententiis
2706 3915 3005 3965 contexere
3034 3909 3347 3963 secundum
3378 3908 3598 3961 metho-

131 3997 243 4053 dum
270 4002 441 4056 sancti
469 4002 708 4056 Thomte
734 4003 822 4056 vel
846 4002 1095 4073 Magistri
1125 4001 1564 4055 sententiarum.
1592 4002 1811 4054 'Vcrum
1841 4001 2153 4055 consultius
2184 4000 2419 4055 demum
2445 4000 2630 4053 visum
2661 4004 2745 4053 est
2773 4000 3097 4070 generalem
3128 4013 3320 4052 rerum
3347 3995 3595 4049 Iudicem

130 4087 300 4142 ordine
321 4090 677 4161 alphabetico
704 4092 963 4145 de'more
994 4091 1300 4158 adornare,
1331 4106 1399 4143 ex
1429 4106 1542 4160 quo
1573 4089 1726 4143 haud
1758 4104 2067 4158 operosum
2093 4090 2267 4146 fuerit
2286 4090 2619 4161 praedictam
2647 4090 2924 4145 conﬁcere
2950 4088 3266 4153 Summam,
3298 4101 3428 4157 quae
3458 4084 3595 4138 alias

127 4175 163 4226 si
188 4192 213 4229 e
239 4192 293 4231 re
320 4179 549 4249 publica
578 4196 698 4235 esse
719 4180 1022 4246 videbitur,
1055 4180 1180 4234 ﬁeri
1210 4180 1442 4250 poterit,
1474 4183 1530 4234 et
1559 4179 1797 4233 seorsim
1828 4179 1886 4233 in
1913 4180 2097 4234 lucem
2131 4180 2333 4234 emitti.

183 4282 486 4340 Extremum
517 4286 765 4358 denique
793 4287 982 4341 locum
1012 4285 1230 4340 tenebit
1258 4285 1429 4341 Index
1458 4286 1602 4339 alius
1632 4287 1911 4357 generalis
1942 4287 2202 4342 omnium
2236 4287 2564 4357 spuriorum
2594 4286 3029 4357 Opusculorum,
3065 4300 3193 4355 qua:
3229 4282 3289 4336 in
3307 4279 3597 4352 Appendi-

124 4369 257 4424 cibus
283 4373 481 4446 cuique
512 4380 671 4429 tomo
702 4375 1015 4446 subjuuctis
1043 4375 1423 4430 continentur.
1481 4376 1579 4430 Hic
1604 4376 1779 4430 Index
1812 4377 2047 4431 omnino
2077 4376 2426 4431 necessarius
2460 4376 2610 4429 visus
2639 4380 2723 4429 est
2750 4376 2821 4429 ad
2872 4373 3176 4429 levandum
3207 4373 3484 4425 lectorum
3512 4369 3596 4423 la-

125 4457 310 4527 borem,
340 4463 439 4533 qui
467 4463 776 4534 Augustini
822 4463 1045 4534 scriptis
1089 4464 1406 4519 lectitandis
1435 4463 1667 4533 assueti,
1713 4464 1806 4518 vix
1844 4481 1905 4519 ac
1938 4482 2010 4519 ne
2040 4464 2129 4519 vix
2162 4465 2394 4537 quidem
2427 4463 2625 4518 alienis
2656 4462 2939 4533 ejusmodi
2980 4459 3416 4532 scriptiunculis,
3453 4474 3596 4530 quas

125 4545 250 4601 inter
274 4552 460 4606 multa:
479 4552 805 4624 quisquilias
838 4557 996 4617 sunt,
1020 4558 1247 4623 tempus
1274 4558 1331 4607 et
1360 4554 1540 4607 otium
1571 4558 1755 4607 terere
1786 4552 2152 4609 sustinerent.
2189 4553 2432 4608 Tametsi
2456 4569 2575 4607 non
2597 4568 2778 4623 pauca
2796 4550 2966 4605 iubis
2994 4549 3360 4620 reperiuntur
3387 4547 3597 4618 scripta

125 4640 349 4692 veterum
376 4642 755 4711 quorumdam
779 4641 1090 4713 insignium
1115 4647 1433 4710 auctorum,
1460 4643 1736 4696 lectorum
1768 4641 1953 4697 studio
1975 4643 2423 4713 haudquaquam
2440 4641 2679 4712 indigna
2705 4658 2718 4695 :
2748 4640 2939 4712 qualia
2959 4644 3087 4693 sunt
3114 4638 3348 4693 Joannis
3360 4637 3596 4707 Chryso-

126 4724 287 4791 stomi,
315 4729 621 4795 Ambrosii,
672 4730 900 4785 Maximi
944 4731 1329 4791 Taurinensis.
1375 4731 1659 4803 Fulgentii
1700 4730 2030 4803 Ruspensis,
2079 4736 2135 4785 et
2182 4731 2431 4785 aliorum
2460 4729 2742 4801 ejusmodi
2771 4728 3061 4800 Opuscula,
3101 4726 3185 4781 uti
3215 4731 3271 4780 et
3303 4741 3599 4779 sermones

125 4810 324 4869 Cassarii
351 4817 600 4888 episcopi
628 4819 999 4887 Arelatensis;
1036 4820 1131 4873 sed
1161 4836 1290 4891 quae
1323 4821 1409 4873 vel
1440 4822 1559 4874 solo
1589 4825 1886 4874 auctorum
1915 4820 2149 4873 nomine
2173 4820 2447 4873 lectorem
2478 4818 2973 4873 alliciant.Horum
3004 4815 3262 4870 omnium
3291 4819 3593 4869 auctorum

124 4903 171 4950 et
192 4900 442 4969 aliorum,
484 4907 849 4977 quantumvis
878 4907 1218 4977 ignobilium
1250 4908 1334 4961 vel
1368 4907 1719 4979 ignotorum,
1752 4908 1999 4963 Iudicem
2020 4908 2372 4979 generalem,
2402 4908 2473 4961 ab
2502 4906 2914 4978 Augustiuiauo
2947 4905 3288 4974 sejunctum,
3314 4903 3593 4957 conficere

124 4990 386 5056 quoddam
414 5010 601 5065 operte
631 4997 880 5066 pretium
912 4997 1218 5051 duximus:
1250 5003 1315 5052 ut
1343 4997 1448 5052 hoc
1477 4997 1838 5068 compendio,
1870 4998 2081 5067 absque
2112 5012 2320 5067 magno
2373 4996 2671 5066 dispendio
2703 4994 2998 5066 temporis,
3034 4995 3265 5048 lectores
3314 4992 3591 5063 dispicere

127 5079 333 5147 possint,
365 5084 639 5155 quidquid
670 5085 729 5138 in
759 5085 869 5138 illis
899 5086 1189 5156 opusculis
1222 5088 1366 5140 lectu
1397 5092 1497 5141 aut
1525 5089 1670 5142 scitu
1701 5087 1939 5159 dignum
1968 5086 2304 5156 reperiatur.
2337 5086 2400 5139 In
2428 5089 2584 5139 tanta
2612 5101 2763 5151 vero,
2795 5089 3025 5154 tamque
3052 5081 3207 5136 varia
3235 5080 3591 5135 diversorum

126 5172 389 5224 auctorum
420 5177 476 5225 et
499 5174 904 5244 opusculorum
932 5175 1196 5245 congerie
1228 5175 1353 5229 fieri
1383 5192 1495 5229 non
1526 5176 1735 5246 potuit,
1766 5175 1907 5246 quin
1936 5174 2169 5229 diversa:
2197 5173 2435 5228 subinde
2459 5177 2895 5243 pugnantesque
2926 5172 2995 5225 de
3025 5187 3137 5225 una
3174 5169 3492 5239 eademque
3531 5183 3592 5221 re

127 5262 393 5312 occurrant
432 5262 752 5331 sentcntiae,
783 5264 898 5317 imo
929 5264 1102 5318 etiam
1135 5269 1427 5318 erroreset
1465 5265 1697 5319 exotica:
1745 5264 2062 5334 opiniones.
2097 5262 2260 5326 Quod
2310 5261 2411 5332 qui
2468 5262 2526 5316 in
2567 5262 2777 5316 malam
2831 5259 3016 5330 rapiat
3046 5263 3291 5329 partem,
3352 5273 3443 5310 me
3496 5255 3593 5310 ille

127 5348 296 5398 contra
317 5352 481 5403 rectae
511 5350 751 5404 rationis
782 5352 933 5421 leges
962 5353 1316 5423 pugnaverit.
1351 5354 1523 5407 Paulo
1572 5353 1765 5407 minus
1794 5352 1864 5406 ab
1903 5352 2170 5422 aequitate
2213 5350 2577 5415 aberraverit,
2610 5349 2710 5420 qui
2754 5365 2855 5402 nos
2884 5346 3289 5416 marginalium
3332 5351 3595 5396 notarum

129 5427 295 5486 fecerit
320 5438 722 5507 approbatorcs
751 5445 849 5494 aut
879 5441 1260 5511 tidejussores.
1309 5443 1369 5495 In
1400 5441 1486 5495 his
1517 5441 1670 5496 enim
1701 5441 1882 5495 nostri
1912 5444 2131 5494 tantum
2174 5438 2429 5493 muneris
2454 5443 2560 5506 est,
2584 5454 2701 5492 non
2748 5442 2962 5501 nostra,
2992 5436 3088 5489 sed
3126 5434 3312 5488 aliena
3345 5430 3597 5485 indicare

130 5521 173 5569 et
195 5523 462 5593 proferre;
506 5544 690 5599 neque
738 5533 1065 5583 contextum
1094 5530 1163 5585 ad
1195 5530 1466 5583 amussim
1491 5534 1920 5600 repraesentare,
1964 5528 2060 5582 sed
2109 5532 2271 5581 notas
2315 5527 2590 5599 quasdam
2632 5530 2689 5581 et
2737 5525 2901 5596 signa
2932 5529 3091 5577 extra
3130 5522 3311 5576 lineas
3353 5534 3596 5590 ponere,

179 5724 241 5783 (α)
258 5724 518 5779 Translata
548 5730 651 5780 huc
683 5737 900 5793 utraque
931 5730 1121 5780 Beued.
1146 5731 1469 5793 praefatione,
1496 5733 1601 5781 tres
1632 5734 1807 5781 tamen
1833 5730 2050 5790 iudices,
2082 5730 2147 5779 de
2177 5731 2372 5793 quibus
2400 5730 2593 5792 agitur,
2625 5729 2678 5778 iu
2710 5728 2895 5777 ultimo
2920 5735 3063 5776 tomo
3094 5726 3271 5776 videre
3301 5731 3397 5777 est.
3495 5728 3567 5777 Μ.
