4020 6412
366 323 423 375 31

3839 324 3896 376 32

367 457 497 513 qua:
528 442 797 496 lectorem
828 445 1254 512 properantem,
1278 445 1335 495 et
1363 441 1454 495 cui
1480 458 1583 513 per
1602 441 1782 497 otium
1811 443 2031 514 integra
2060 442 2157 497 illa
2177 441 2460 513 Opuscula
2488 441 2784 512 perlegere
2822 456 2942 496 non
2969 443 3147 505 vacet,
3168 440 3513 495 admoneant
3532 444 3898 513 argumenta

363 529 433 584 de
463 545 576 601 quo
608 528 820 600 agitur,
852 528 1211 601 invitentque
1234 529 1301 584 ad
1335 546 1401 584 ea
1429 529 1680 601 penitius
1710 530 2066 585 discutienda
2093 546 2221 601 qua:
2253 546 2282 584 e
2322 546 2382 583 re
2413 546 2515 583 sua
2546 545 2666 583 esse
2696 528 3063 582 intellexerit.

436 617 532 671 His
564 617 860 685 absolutis,
893 616 1001 670 tria
1035 617 1310 671 duntaxat
1357 635 1388 670 a
1418 616 1584 670 nobis
1615 617 1852 687 insuper
1878 617 2186 672 desiderari
2229 637 2391 691 posse
2423 620 2720 678 videntur:
2779 635 2987 689 nempe
3038 617 3308 672 iudicatio
3357 618 3654 672 variarum
3715 618 3896 670 sancti

363 706 666 776 Augustini
697 706 1037 772 editionum,
1071 722 1199 779 quas
1246 707 1316 761 ab
1363 705 1594 761 inventa
1624 711 1741 760 arte
1789 707 2197 777 typographica
2226 710 2386 763 facta:
2432 713 2600 762 sunt:
2636 708 2837 762 deinde
2880 706 3347 761 commemoratio
3378 707 3635 771 virorum
3695 707 3890 760 omnis

364 795 581 849 ordinis
610 794 1074 861 clarissimorum,
1105 796 1205 866 qui
1225 796 1390 850 nobis
1420 802 1675 849 veterum
1705 795 2287 867 codicum-suppetias
2317 797 2678 850 contulerunt
2706 796 2776 850 ad
2810 796 2957 849 hanc
2973 794 3284 849 editionem
3313 795 3726 850 adornandam
3756 810 3771 848 :
3810 795 3897 847 de-

367 884 542 954 nique
571 883 828 938 collectio
850 883 1318 957 testimoniorum
1341 902 1407 939 ex
1428 885 1661 938 vetustis
1686 885 1884 938 saltem
1918 885 2264 952 auctoribus,
2293 885 2392 956 qui
2414 885 2835 939 sanctissimum
2872 886 3164 939 Doctorem
3191 885 3426 956 ejusque
3449 884 3669 956 scripta
3692 884 3894 955 elogiis

362 976 724 1028 exornarunt.

430 1060 516 1115 Ad
546 1060 798 1131 primum
832 1061 981 1131 quod
1012 1060 1239 1128 attinet,
1270 1077 1359 1114 res
1387 1062 1805 1132 propemodum
1850 1062 2074 1116 inlinita
2107 1067 2251 1117 esset
2280 1080 2478 1117 omnes
2509 1079 2962 1117 commemorare
3002 1062 3553 1134 Augustiuianorum
3586 1062 3881 1133 Operum.

364 1150 478 1204 sive
500 1150 779 1217 omnium,
817 1150 932 1204 sive
962 1151 1342 1221 singulorum,
1376 1151 1675 1205 editiones.
1712 1154 1839 1205 Post
1868 1152 2046 1206 libros
2074 1152 2143 1206 de
2165 1152 2398 1207 Civitatc
2434 1152 2550 1219 Dei,
2585 1152 2685 1224 qui
2714 1168 2875 1207 nova:
2896 1153 3321 1224 typographicze
3343 1152 3480 1206 artis
3509 1152 3751 1222 primos
3774 1150 3885 1204 fere

362 1239 607 1293 honores
640 1240 937 1311 lucemque
970 1244 1322 1302 meruerunt,
1356 1240 1467 1293 alia
1493 1239 1832 1293 sanctissimi
1866 1241 2123 1294 Doctoris
2163 1242 2346 1313 Opera
2375 1242 2614 1296 subinde
2646 1242 2897 1312 vulgavit
2922 1243 3168 1296 Joannes
3214 1241 3659 1310 Amorbacliius,
3699 1256 3885 1310 eaque

362 1328 557 1382 omnia
587 1328 647 1382 in
676 1345 857 1382 unum
883 1329 1113 1383 tandem
1134 1344 1339 1400 corpus
1367 1329 1628 1399 redigere
1649 1329 1819 1400 cmpit
1857 1346 2005 1383 anno
2050 1333 2204 1396 1504,
2247 1332 2396 1402 quod
2428 1331 2697 1385 undecim
2723 1330 2781 1385 in
2811 1336 3001 1402 partes
3027 1331 3358 1385 distinctum
3387 1330 3538 1383 intra
3566 1328 3886 1383 biennium

362 1419 633 1474 absolvit:
667 1420 803 1474 dum
834 1419 1063 1474 interim
1094 1419 1339 1474 Jodocus
1370 1419 1576 1473 Badius
1618 1420 1921 1473 Ascensius
1947 1421 2209 1490 quaedam
2238 1420 2419 1474 sancti
2464 1419 2717 1474 Doctoris
2747 1420 3029 1490 Opuscula
3058 1419 3229 1472 variis
3259 1418 3422 1472 annis
3453 1422 3574 1472 tum
3609 1417 3879 1479 Parisiis,

362 1512 484 1561 tum
524 1508 806 1577 Lugduni,
848 1508 997 1579 typis
1027 1506 1282 1578 imprimi
1312 1508 1546 1561 curavit.
1569 1507 1836 1577 Majorem
1866 1509 2252 1563 collectionem
2287 1509 2482 1563 decem
2511 1507 2701 1575 tomis,
2734 1524 2883 1561 anno
2914 1511 3070 1573 l5'29,
3116 1507 3344 1561 Basilem
3371 1506 3428 1560 in
3460 1507 3644 1559 lucem
3689 1505 3885 1559 emisit

365 1594 688 1649 Desiderius
747 1596 1045 1651 Erasmus:
1079 1596 1242 1665 cujus
1280 1596 1594 1649 editionem
1644 1597 1840 1650 multm
1900 1598 2023 1650 alia:
2052 1599 2226 1652 variis
2259 1597 2321 1652 in
2376 1598 2510 1651 locis
2566 1596 2882 1650 subsecutae
2938 1600 3070 1649 sunt
3099 1611 3279 1667 usque
3335 1595 3403 1649 ad
3455 1610 3677 1647 annum
3724 1596 3884 1659 1577,

362 1699 476 1755 quo
510 1685 777 1738 Doctores
808 1684 1184 1738 Lovanienses
1212 1684 1526 1738 auctiorem
1560 1688 1618 1738 et
1647 1685 1818 1755 longe
1850 1687 2257 1740 accuratiorem
2288 1684 2626 1756 Antwerpim
2657 1684 2870 1756 publici
2892 1684 3041 1755 juris
3070 1685 3347 1738 fecerunt.

430 1773 554 1825 Jam
582 1788 714 1827 vero
746 1772 971 1843 quoties
998 1773 1119 1827 haec
1167 1773 1533 1827 Lovaniensis
1570 1773 1745 1828 editio
1784 1791 1980 1830 recusa
2013 1776 2104 1842 sit,
2155 1776 2201 1829 si
2248 1774 2375 1845 quis
2406 1789 2737 1845 percensere
2767 1774 2956 1839 vellet,
3009 1790 3096 1826 res
3127 1772 3310 1826 abiret
3337 1772 3396 1825 in
3455 1773 3732 1843 longum,
3788 1787 3886 1824 nec

360 1859 504 1915 forte
534 1860 679 1914 tanti
705 1865 871 1916 esset.
904 1860 1039 1925 Quis
1068 1877 1240 1932 porro
1262 1862 1621 1932 singulorum
1650 1862 2064 1933 Opusculorum
2094 1864 2348 1933 singulas
2378 1862 2654 1916 editiones
2679 1864 3015 1916 enunieret?
3036 1863 3099 1915 In
3120 1860 3209 1915 his
3235 1862 3479 1915 Joannes
3506 1859 3884 1915 Ulimmerius

359 1963 569 2001 novum
647 1948 933 2011 volumen,
1012 1949 1103 2002 cui
1178 1949 1411 2004 titulum
1486 1950 1777 2021 inscripsit
1849 1953 1914 2005 de
1966 1955 2224 2013 Diversis,
2285 1956 2547 2005 constans
2621 1950 2992 2005 Sermonibus
3047 1954 3276 2004 centum
3332 1950 3568 2021 triginta
3622 1949 3883 2015 duobus,

359 2035 569 2106 partim
601 2041 768 2090 antea
806 2036 1054 2103 ineditis,
1103 2037 1314 2107 partim
1345 2038 1414 2091 ab
1470 2038 1595 2108 ipso
1625 2037 1936 2109 castigatis,
1985 2054 2136 2091 anno
2173 2041 2331 2105 1564,
2366 2055 2494 2092 cum
2536 2038 2662 2093 Vita
2709 2037 3015 2108 Augustini
3051 2055 3084 2091 a
3125 2037 3379 2092 Possidio
3425 2037 3631 2108 scripta
3667 2042 3732 2091 et
3765 2036 3882 2105 ejus

360 2125 610 2195 Operam
644 2125 896 2179 lndieulo
923 2126 982 2179 in
1012 2127 1217 2196 vulgus
1247 2126 1456 2180 emisit.
1489 2126 1642 2180 Alios
1672 2142 1966 2180 sermones
1996 2130 2192 2181 nostro
2231 2132 2490 2197 tempore
2521 2144 2551 2181 e
2577 2127 2827 2181 tenebris
2857 2131 3132 2180 eruerant
3158 2126 3400 2180 Jacobus
3424 2124 3802 2192 Sirmondus,
3835 2130 3886 2177 et

363 2214 740 2285 Hieronymus
769 2214 1089 2284 Vignerius,
1122 2231 1368 2285 quorum
1392 2215 1678 2285 posterior
1706 2215 1861 2284 Opus
1891 2215 2288 2285 imperfectum
2320 2222 2517 2270 contra
2545 2216 2837 2269 Juliannm
2868 2216 3089 2286 primus
3119 2214 3393 2286 vulgavit.

431 2304 542 2358 Has
562 2302 622 2357 in
661 2303 863 2374 primis
894 2303 1184 2374 suppetias
1213 2303 1523 2358 habuimus
1553 2303 1620 2357 ad
1654 2309 1909 2358 nostram
1941 2304 2250 2359 editionem
2279 2304 2693 2358 conﬁciendam
2721 2322 2733 2358 :
2766 2304 2979 2376 quibus
3010 2320 3294 2358 accessere
3322 2303 3533 2357 inﬁniti
3561 2319 3881 2374 propemo-

362 2391 501 2446 dum
529 2396 748 2445 veteres
777 2392 1017 2459 codices,
1052 2409 1082 2445 e
1119 2392 1386 2461 plurimis
1418 2392 1743 2463 deprompti
1781 2392 2156 2461 bibliothecis,
2190 2410 2331 2465 quas
2374 2393 2957 2449 commemoravimus
3007 2394 3121 2447 suis
3160 2392 3321 2459 locis,
3371 2392 3470 2446 ubi
3513 2392 3881 2462 singulorum

364 2482 614 2553 Opernm
647 2482 976 2537 collationes
1005 2483 1077 2537 ad
1108 2487 1322 2537 veteres
1352 2483 1575 2538 codices
1614 2484 1788 2537 factas
1818 2484 2161 2539 notavimus.
2185 2482 2554 2554 Singulorum
2598 2483 2854 2537 virorum
2886 2482 3140 2546 nomina,
3176 2483 3275 2553 qui
3306 2481 3588 2552 ejusmedi
3619 2480 3882 2535 subsidia

373 2570 539 2625 nobis
567 2571 950 2638 contulerunt,
996 2587 1289 2625 recensere
1318 2587 1692 2642 cuperemus:
1723 2587 1918 2625 verum
1951 2572 2020 2625 ab
2049 2572 2154 2626 hac
2186 2570 2617 2624 enumeratione
2645 2570 2755 2624 hoc
2788 2571 2908 2624 loco
2938 2569 3219 2624 abstinere
3252 2570 3434 2623 visum
3465 2574 3568 2635 est,
3602 2585 3675 2622 ne
3707 2583 3878 2639 quem

375 2663 473 2713 aut
517 2660 851 2713 illaudatum
902 2660 1350 2731 praeteriremus,
1380 2665 1479 2714 aut
1508 2676 1609 2712 suo
1640 2676 1755 2713 non
1789 2676 2303 2714 commemoramus
2345 2660 2566 2722 ordine,
2610 2664 2710 2713 aut
2743 2659 2934 2713 debito
2956 2659 3203 2730 denique
3227 2658 3413 2728 elogio
3447 2658 3875 2712 fraudaremus.

367 2748 644 2803 Omnibus
670 2752 726 2801 et
756 2748 997 2817 singulis
1026 2748 1272 2819 gratiam
1324 2747 1640 2815 habebunt,
1671 2750 1733 2800 ut
1761 2763 2075 2818 speramus,
2133 2750 2369 2803 lectores
2427 2748 2710 2816 benevoli,
2764 2765 2894 2804 cum
2927 2764 3126 2803 eorum
3180 2747 3550 2802 bibliothecas
3579 2746 3701 2801 suis
3734 2746 3873 2800 locis

363 2841 836 2890 eommemoratas
864 2836 1131 2891 viderint.
3592 2907 3597 2913 _

434 2927 505 2978 At
534 2924 655 2979 sine
686 2924 898 2995 ingrati
939 2924 1114 2978 animi
1144 2924 1280 2979 vitio
1308 2924 1474 2979 silere
1514 2941 1624 2978 non
1665 2940 1987 2996 possumus,
2030 2931 2307 2997 quantam
2337 2927 2648 2982 habeamus
2679 2926 2922 3001 gratiam
2974 2930 3097 2981 tum
3129 2925 3582 2979 eminentissimo
3615 2923 3880 2978 Ecclesia

365 3012 611 3084 principi
649 3014 899 3068 Antonio
931 3014 1210 3069 Ludovico
1250 3015 1318 3069 de
1349 3014 1595 3069 Noailles
1632 3014 2058 3086 archiepiscopo
2088 3015 2415 3085 Parisieusi,
2448 3032 2624 3088 quem
2656 3015 3049 3070 sanctissimus
3092 3014 3351 3069 Pontifex
3388 3013 3764 3068 Innocentius
3793 3013 3882 3068 ΧΠ

364 3100 437 3154 ob
483 3101 755 3171 pietatem
787 3107 844 3156 et
874 3102 1188 3157 doctrinam
1218 3103 1325 3157 sibi
1379 3108 1572 3157 notam
1604 3108 1661 3157 et
1694 3104 2013 3173 probatam,
2060 3119 2217 3157 sacra
2257 3121 2535 3174 purpura,
2591 3104 2731 3159 dum
2762 3104 2883 3158 haec
2915 3103 3352 3169 absolveremus,
3384 3102 3629 3172 gratanti
3660 3102 3880 3167 animo,

366 3188 644 3243 universis
685 3192 1168 3261 applaudentibus
1190 3192 1504 3259 decoravit;
1531 3196 1653 3245 tum
1686 3191 2069 3246 illustrissimo
2100 3194 2304 3247 Carolo
2336 3193 2597 3248 Mauritio
2628 3194 2677 3247 le
2706 3193 2916 3247 Tellier
2945 3192 3367 3262 archiepiscopo
3409 3190 3539 3244 duci
3565 3189 3877 3244 Remensi:

366 3278 464 3348 qui
489 3278 678 3345 ambo,
713 3295 813 3350 pro
845 3280 1055 3334 eximio
1100 3297 1203 3334 suo
1242 3280 1301 3334 in
1329 3280 1711 3351 Augustinum
1743 3280 1951 3341 studio,
1983 3297 2190 3335 novam
2221 3282 2368 3336 hanc
2397 3282 2705 3336 editionem
2742 3298 2845 3335 suo
2879 3280 3196 3351 patrocinio
3225 3279 3442 3351 dignati
3470 3283 3620 3343 sunt,
3656 3295 3878 3350 suaque

365 3367 699 3422 auctoritate
741 3369 1123 3441 roborarunt:
1157 3369 1368 3440 quibus
1396 3369 1817 3423 illustrissimus
1845 3369 2157 3425 Meldarum
2189 3371 2442 3439 antistes,
2473 3370 2715 3425 Jacobus
2749 3371 3038 3439 Bcnignus
3071 3372 3321 3435 Bossuet,
3353 3384 3469 3422 non
3510 3366 3705 3421 minus
3746 3383 3876 3439 pro-

365 3471 545 3527 penso
576 3455 636 3509 in
668 3462 928 3511 sanctum
960 3458 1254 3512 Doctorem
1286 3458 1477 3512 animo
1506 3459 1655 3512 ultro
1683 3459 1933 3515 accessit.

438 3547 731 3600 Postremo
774 3552 1028 3601 veterum
1062 3547 1132 3601 de
1168 3548 1490 3619 Augustino
1534 3547 1867 3602 testimonia
1894 3565 2202 3619 congerere
2243 3549 2396 3603 haud
2442 3563 2633 3615 operae
2674 3547 2922 3617 pretium
2955 3547 3166 3601 fuerit:
3218 3561 3346 3599 cum
3385 3543 3701 3598 illustriora
3756 3544 3875 3613 ejus

369 3634 553 3705 elogia
592 3634 767 3689 cuivis
814 3636 1034 3690 erudito
1074 3636 1274 3690 lectori
1321 3636 1552 3691 aliunde
1595 3637 1760 3691 obvia
1807 3637 1954 3704 sint;
2000 3655 2103 3692 nec
2144 3636 2256 3693 alia
2295 3636 2609 3691 necessaria
2659 3635 2957 3689 videantur
2987 3635 3057 3689 ad
3097 3638 3325 3689 tantum
3354 3632 3543 3686 virum
3584 3646 3873 3686 commen-

366 3722 638 3788 dandum,
682 3740 855 3795 quem
907 3724 969 3778 in
998 3724 1350 3796 exponendis
1382 3724 1517 3779 tidei
1566 3726 1944 3797 dogmatibus,
1974 3731 2030 3780 et
2066 3725 2274 3781 morali
2324 3725 2581 3779 doctrina
2608 3724 2916 3778 christiana
2948 3722 3303 3793 explicanda,
3347 3722 3648 3776 Doctorem
3697 3719 3876 3775 maxi-

367 3829 549 3881 mum,
572 3812 1034 3883 integerrimum,
1069 3818 1127 3867 et
1159 3813 1381 3885 puriori
1412 3813 1618 3868 Christi
1647 3812 1920 3868 doctrinae
1951 3814 2199 3869 maxime
2224 3812 2603 3868 inhmrcntem
2633 3812 2897 3866 universa
2925 3809 3179 3881 agnoscit
3208 3808 3471 3864 Ecclesia.

2900 4051 3153 4060 ———_—-——

1437 4256 1865 4384 VITA
1978 4255 2799 4383 POSSIDII.

442 4767 756 4835 Possidius,
787 4767 947 4822 urbis
973 4767 1322 4822 Calamensis
1347 4767 1407 4821 in
1440 4766 1707 4822 Numidia
1735 4767 2034 4840 episcopus
2065 4769 2273 4823 electus
2321 4783 2470 4822 anno
2502 4772 2625 4835 397,
2668 4768 2978 4839 discipulus
3023 4767 3132 4822 fuit
3181 4768 3243 4822 D.
3275 4764 3600 4835 Augustini,
3632 4777 3869 4834 quocum

376 4856 755 4928 quadraginta
783 4873 961 4927 prope
991 4857 1174 4923 annis,
1200 4862 1264 4911 ut
1290 4857 1408 4929 ipse
1439 4862 1649 4923 narrat,
1684 4858 1822 4912 vixit
1851 4858 2226 4913 familiariter.
2261 4858 2512 4930 Magistri
2542 4859 2629 4912 sui
2660 4863 2979 4912 extremum
3007 4856 3229 4928 excepit
3258 4856 3544 4927 spiritum,
3578 4854 3870 4924 Vitamque

372 4945 597 5015 scripsit
626 4962 799 5017 quam
829 4946 977 5000 infra
1007 4946 1327 5013 referimus,
1351 4963 1466 5001 non
1497 4946 1611 5000 stili
1630 4948 1863 5018 quidem
1895 4947 2215 5018 splendore,
2245 4948 2342 5002 sed
2368 4948 2526 5002 suavi
2547 4948 2797 5019 quadam
2826 4947 3189 5014 simplicitate
3219 4961 3443 4999 necnon
3473 4944 3758 4998 factorum
3788 4956 3868 4994 ve-

372 5033 538 5087 ritate
566 5035 894 5105 pretiosam.
930 5035 1031 5090 Cui
1060 5035 1657 5107 Indiculumadjunxit
1680 5036 2344 5105 lib,rorum,tractatuum
2372 5037 2837 5108 etepistolarum.
2855 5036 2914 5090 D.
2942 5034 3247 5106 Augustini
3269 5034 3360 5104 (1).
3378 5035 3532 5087 Inter
3549 5031 3735 5085 varias
3756 5043 3872 5102 quae

372 5122 711 5193 prodierunt
740 5124 912 5194 hujus
938 5123 1080 5178 Vitae
1094 5113 1395 5192 editiones,
1412 5125 1867 5195 primumlocum
1891 5126 2055 5179 facile
2076 5130 2292 5192 tenent,
2317 5131 2552 5197 propter
2571 5124 3008 5179 annotationum
3035 5124 3448 5188 excellentiam,
3471 5122 3584 5176 duo
3603 5137 3748 5191 quas
3766 5117 3872 5172 vul-

373 5225 575 5281 gavere
608 5211 714 5265 PP.
752 5212 1105 5267 Benedictini
1130 5213 1189 5266 in
1204 5214 1535 5268 collectione
1549 5229 1790 5284 operum
1820 5214 1999 5267 sancti
2029 5214 2294 5280 doctoris,
2318 5220 2375 5268 et
2391 5215 2625 5268 seorsim
2645 5216 2890 5268 Joannes
2915 5213 3133 5266 Salinas
3150 5212 3579 5284 Neapolitanus,
3600 5207 3870 5281 regularis

372 5299 680 5355 canonicus
713 5301 1125 5356 Lateranensis.
1171 5303 1360 5357 Haecce
1398 5304 1684 5374 posterior
1721 5303 1895 5358 editio
1930 5304 2121 5358 Romae
2148 5306 2279 5360 data
2307 5307 2389 5357 est
2419 5319 2568 5357 anno
2602 5305 2756 5357 l73l.
2792 5303 3100 5373 Utramque
3131 5301 3547 5355 censulnimus.
3738 5299 3807 5354 Μ.

433 5482 499 5542 (l)
536 5481 805 5530 lndienlus
837 5479 899 5529 «le
926 5495 1030 5544 quo
1061 5481 1250 5544 agitur,
1281 5482 1331 5531 in
1363 5486 1504 5531 temo
1530 5482 1715 5531 ultimo
1740 5487 2036 5546 opportune
2067 5480 2259 5528 veniet.
