4020 6396
54 328 117 375 '53
978 331 1135 384 VITA
1172 331 1225 385 S.
1265 331 1639 386 AIJUUSTINI
1681 332 1985 387 EPISCOPI
2026 333 2347 387 ALTC'I‘ORE
2387 332 2720 388 POSSIDIO.
3526 338 3592 389 34

64 501 357 510 th

364 506 3207 519 -H———-—‘———’————-_—”mm——.—__m———ﬂ_
3224 510 3591 519 _—__—____.___.

1625 689 2080 791 VITA

466 943 1154 1071 SANCTI
1270 943 2050 1071 AURELII
2133 942 3227 1097 AUGUSTINI,

1291 1213 1893 1274 HIPPONENSIS
1978 1213 2415 1287 EPISCOPI,

940 1407 1319 1462 AUC'I‘ORE
1366 1408 1747 1464 POSSIDIO
1796 1406 2271 1463 CALAMENSI
2330 1407 2748 1463 EPISCOPO.

151 1587 355 1639 Variis
386 1584 704 1638 lectionibus
736 1598 871 1651 quas
896 1584 998 1637 PP.
1031 1585 1272 1637 Maurini
1324 1588 1434 1638 tum
1464 1600 1490 1637 e
1534 1601 1628 1638 sea:
1670 1583 1959 1648 codicibus,
1992 1585 2195 1637 scilicet
2233 1583 2438 1637 duobus
2490 1584 2935 1649 Floriacensibus,
2987 1584 3354 1650 Germanensi,
3412 1584 3597 1639 Veda-

65 1674 243 1738 stino,
296 1674 611 1727 Fossatensi
650 1676 701 1725 et
746 1672 1105 1735 Cisterciensi,
1142 1676 1252 1725 tum
1300 1689 1367 1725 ea:
1408 1672 1733 1727 editionibus
1764 1675 2009 1742 antiquis
2046 1689 2245 1739 eruere,
2296 1674 2591 1743 complures
2638 1674 2780 1727 alias
2826 1673 3124 1742 adjecunus
3155 1674 3500 1743 depromptas
3529 1689 3598 1727 ea:

64 1765 286 1816 Joanne
320 1764 571 1825 Salinas,
600 1761 665 1814 de
703 1778 807 1830 quo
835 1777 1005 1830 supra
1036 1763 1093 1814 in
1130 1762 1256 1815 Vita
1284 1761 1537 1815 Possidii.
1571 1762 1829 1815 Eruditus
1858 1763 1949 1816 ille
1970 1764 2085 1828 uir,
2129 1764 2215 1815 cui
2245 1764 2513 1816 nonnulla
2542 1762 2808 1816 debentur
2834 1762 3074 1831 ejusdem
3104 1764 3314 1828 generis
3346 1764 3597 1816 lucubra-

66 1853 245 1904 tiones
273 1855 329 1904 et
362 1851 635 1919 imprimis
662 1850 1066 1905 Commonitorii
1096 1849 1394 1901 Lirinensis
1424 1851 1853 1918 exquisitissimo
1880 1850 2066 1915 editio,
2099 1856 2160 1905 ut
2188 1852 2313 1905 bene
2342 1856 2605 1905 noverunt
2636 1838 2812 1905 nostri
2841 1849 3164 1920 Theologite
3193 1852 3404 1905 Cursus
3434 1851 3595 1904 Com-

68 1940 218 2009 pleti
246 1941 498 2005 lectores,
538 1940 720 1994 Vitam
748 1942 811 1993 D.
847 1939 1149 2005 Augustini
1193 1942 1408 1991 auctore
1454 1940 1697 1994 Possidio
1743 1943 1921 1996 Roma:
1963 1940 2232 2007 vulgavit,
2265 1956 2406 1994 anno
2443 1942 2596 1994 1731.
2635 1941 2705 1993 Hi
2760 1944 2889 1993 sunt
2924 1941 3099 2006 fontes
3138 1938 3280 1992 unde
3321 1939 3595 1992 variantes

67 2030 176 2082 sibi
199 2031 476 2098 proprias
507 2030 692 2083 hausit
724 2043 736 2080 :
774 2030 886 2081 Duo
912 2028 1113 2080 codices
1154 2029 1211 2079 in
1243 2027 1567 2081 Bibliotheca
1598 2030 1887 2083 Succorum
1912 2031 2128 2095 Reginae
2154 2031 2408 2099 inscripti
2435 2031 2680 2083 numeris
2711 2030 2806 2083 5H
2861 2033 2913 2083 et
2947 2031 3103 2094 1025,
3134 2033 3346 2096 tresque
3376 2029 3475 2081 alii
3512 2043 3597 2081 co-

72 2119 224 2171 dices
253 2118 609 2172 Bibliotheca
648 2118 943 2180 Vaticana},
989 2118 1143 2182 1188,
1184 2118 1316 2169 1190
1344 2120 1394 2169 et
1432 2119 1554 2170 1191
1592 2132 1787 2170 numer.

3187 2118 3259 2172 Μ.

1084 2297 1524 2342 PR.ECIPUABUM
1573 2298 2119 2344 ABBREVIATIONUM
2169 2300 2542 2344 EXPLICATIO
2553 2329 2566 2343 .

726 2433 816 2482 Cd.
849 2433 1042 2482 Codex.

720 2513 848 2563 Cdd.
883 2513 1114 2562 Codices.

721 2594 817 2642 Ms.
849 2592 1255 2656 Manuscriptus.

2567 2438 2691 2487 Mss.
2725 2438 3082 2502 Manuscripti.

2561 2516 2692 2565 Edd.
2724 2517 2863 2566 Editi

2566 2596 2731 2645 Vatic.
2760 2596 3043 2646 Vaticanus
3074 2596 3259 2645 codex.
3360 2597 3425 2645 Μ.

1712 2716 2002 2727 a——___.

1538 2855 2163 2942 PBAEFATIO.

160 3052 493 3124 lnspirante
545 3068 736 3105 rerum
785 3051 1040 3105 omnium
1072 3051 1282 3105 factore
1323 3054 1378 3104 et
1413 3051 1796 3120 gubernatore

93 3141 229 3205 Deo,
282 3139 401 3193 mei
446 3155 672 3193 memor
717 3137 1017 3209 propositi,
1080 3154 1193 3209 quo
1241 3154 1345 3208 per
1390 3137 1635 3208 gratiam
1678 3137 1796 3192 Sal-

92 3228 307 3282 vatoris
336 3227 716 3298 omnipotenti
747 3244 808 3280 ac
832 3226 1037 3280 divina:
1068 3243 1171 3297 per
1199 3226 1372 3280 iidem
1401 3225 1662 3280 'l‘rinitati
1690 3241 1801 3279 ser-

92 3317 208 3370 vire
274 3316 525 3381 decrevi,
578 3321 634 3370 et
678 3321 848 3369 antea
901 3315 960 3367 in
1010 3315 1127 3368 vita
1185 3314 1481 3381 laicorum,
1541 3319 1596 3368 et
1648 3330 1801 3369 nunc

94 3406 150 3459 in
208 3405 410 3459 ofticio
472 3404 891 3475 episcoporum,
949 3404 1181 3457 studens
1258 3420 1324 3457 ex
1397 3402 1799 3474 qualicumque

93 3500 335 3564 accepto
380 3492 615 3563 ingenio
668 3496 724 3545 et
773 3507 1035 3545 sermone
1078 3490 1440 3545 mdilicationi
1482 3492 1496 3527 ¹
1535 3491 1802 3561 prodesse

90 3587 308 3635 sanctae
341 3598 405 3635 ac
435 3597 581 3635 verte
610 3580 815 3636 Christi
848 3579 1073 3634 Domini
1102 3579 1390 3633 catholicae
1424 3580 1696 3645 Ecclesim,
1732 3580 1801 3634 de

92 3671 211 3723 \ita
244 3674 303 3722 et
334 3669 590 3722 moribus
620 3667 1025 3738 prwdestinati,
1055 3673 1111 3721 et
1137 3684 1240 3721 suo
1266 3672 1524 3737 tempore
1552 3684 1801 3737 praesen-

91 3760 199 3810 tati
233 3755 259 3790 ³
292 3756 607 3810 sacerdotis
644 3755 847 3826 optimi
876 3754 1202 3826 Augustini,
1236 3772 1365 3826 qua:
1396 3755 1455 3809 in
1485 3756 1685 3810 eodem
1718 3756 1803 3809 vi-

92 3850 167 3913 di,
210 3849 285 3901 ab
319 3863 504 3918 eoque
540 3845 753 3911 audivi,
790 3845 1026 3899 minime
1060 3845 1295 3899 reticere
1325 3846 1523 3900 debeo.
1553 3846 1613 3899 Id
1650 3846 1803 3900 enim
1837 3850 1861 3865 ’

95 3937 272 3989 etiam
309 3940 441 3988 ante
472 3951 575 3988 nos
598 3934 913 3987 factitatum
947 3933 1118 3987 fuisse
1151 3950 1184 3986 a
1212 3933 1653 4004 religiosissimis
1674 3950 1801 3987 san-

95 4031 198 4078 cta:
230 4024 436 4077 matris
466 4022 725 4076 Ecclesia:
757 4022 1047 4075 catholica:
1090 4021 1226 4075 viris
1274 4020 1518 4091 legimus
1548 4026 1604 4075 et
1649 4038 1802 4075 com-

99 4114 384 4184 perimus,
432 4112 532 4183 qui
565 4110 755 4165 divino
786 4111 963 4164 afﬂati
1006 4110 1241 4180 Spiritu,
1283 4126 1544 4164 sermone
1574 4110 1804 4182 proprio

99 4209 271 4274 atque
320 4200 472 4266 stilo,
508 4205 566 4254 et
598 4200 831 4253 auribus
859 4204 915 4252 et
958 4198 1137 4253 oculis
1184 4198 1326 4252 scire
1359 4199 1691 4264 volentium,
1726 4199 1804 4254 di-

98 4292 282 4345 cendo
313 4295 371 4344 et
393 4288 694 4343 scribendo
728 4288 937 4341 similia
974 4287 1359 4341 studiosorum
1389 4288 1608 4342 notitiae
1650 4288 1803 4342 intu-

98 4381 294 4435 lerunt
324 4379 520 4450 quales
552 4376 864 4448 quantique
888 4375 992 4429 viri
1018 4393 1081 4429 ex
1114 4376 1405 4429 communi
1438 4376 1664 4430 Domini
1684 4392 1807 4447 gra-

99 4471 178 4524 tia
211 4467 235 4501 5
266 4469 330 4522 in
362 4468 533 4522 rebus
563 4465 851 4530 humanis,
898 4469 955 4518 et
986 4464 1193 4531 vivere,
1233 4470 1290 4519 et
1320 4481 1496 4536 usque
1525 4465 1585 4519 in
1632 4464 1805 4519 ﬁnem

101 4559 291 4612 obitus
313 4570 680 4627 perseverare
710 4557 1058 4606 meruerunt.
1084 4553 1293 4607 Idcirco
1311 4552 1430 4623 ipse
1443 4569 1671 4624 quoque
1692 4554 1807 4607 dis-

101 4651 475 4717 pensatorum
502 4644 763 4697 omnium
791 4642 1082 4706 minimus,
1109 4643 1217 4695 lide
1244 4658 1358 4695 non
1389 4643 1539 4707 ticta,
1564 4659 1674 4713 qua
1705 4646 1805 4697 Do-

104 4744 261 4796 mino
296 4738 720 4794 dominantium
754 4737 1139 4807 omnibusque
1169 4735 1330 4789 bonis
1362 4735 1721 4789 serviendum
1753 4741 1809 4788 et

103 4829 450 4900 placendum
481 4831 566 4881 est
609 4826 892 4891 ﬁdelibus,
933 4826 1000 4880 de
1042 4824 1302 4895 prmdicti
1329 4823 1670 4878 venerabilis
1700 4824 1807 4877 viri

101 4926 149 4973 et
169 4923 402 4981 exortu,
431 4921 488 4971 et
514 4931 813 4987 procursu,
864 4918 919 4967 et
951 4913 1140 4968 debito
1160 4914 1274 4967 ﬁne
1303 4912 1348 4979 ⁸,
1383 4930 1510 4983 quae
1545 4929 1644 4984 per
1675 4929 1805 4967 eum

102 5007 292 5070 didici,
330 5011 388 5059 et
418 5009 680 5074 expertus
715 5019 861 5068 sum,
886 5019 1059 5074 quam
1088 5000 1354 5072 plurimis
1388 5001 1553 5055 annis
1578 5003 1700 5071 ejus
1726 5002 1810 5055 in-

106 5097 331 5150 luerens
358 5092 644 5160 charitati,
667 5097 728 5145 ut
756 5092 1031 5145 Dominus
1062 5090 1375 5153 donaverit,
1407 5090 1805 5161 explicandum

106 5185 347 5256 suscepi.
381 5185 590 5237 Verum
614 5197 899 5235 summam
920 5197 1114 5252 quaeso
1138 5180 1512 5251 majestatem,
1537 5196 1651 5250 quo
1682 5196 1807 5233 mu-

164 5309 179 5340 ¹
224 5308 439 5355 Veteres
479 5303 606 5352 Cdd.
639 5303 1026 5363 Germanensis,
1058 5301 1384 5352 Fossatensis
1413 5305 1466 5350 et
1508 5300 1811 5350 Cistercien-

113 5373 176 5419 sis
202 5370 405 5418 habent
432 5366 816 5429 u'di/icailionis.

165 5437 183 5468 ²
214 5432 443 5485 Salinas.
474 5425 540 5478 ex
570 5428 660 5476 Cd.
688 5428 901 5489 Reginae
928 5426 1233 5480 Succorum.
1264 5426 1550 5489 pru'elecli.’
1647 5425 1714 5489 Μ.

166 5500 185 5530 ³
216 5492 538 5543 Vedastinus
559 5490 649 5539 Cd.
673 5494 725 5538 et
754 5487 893 5537 unus
912 5503 975 5538 ex
994 5489 1200 5537 duobus
1224 5487 1637 5537 Floriacensibus
1654 5488 1776 5535 Mss.
1795 5501 1807 5534 :

115 5560 205 5606 I’cr
226 5558 528 5607 communis
556 5553 760 5602 Domini
786 5553 1030 5612 gratiam.
1055 5577 1116 5586 —
1145 5550 1351 5600 Salinas
1373 5564 1435 5599 ex
1464 5550 1555 5598 Cd.
1574 5549 1807 5612 Reginae:

116 5621 188 5669 Ex
219 5619 488 5668 communi
530 5614 807 5663 Dominira
830 5615 1020 5676 gratia.
1056 5613 1121 5676 lt].

172 5686 189 5716 δ
217 5677 601 5731 Ulimmeriana
628 5675 807 5734 editio,
831 5671 886 5724 'et
916 5677 1027 5737 vitae
1052 5671 1473 5737 ﬁneseorrupte.
1496 5671 1697 5723 Alludit
1724 5671 1811 5722 hic

120 5742 374 5792 Possidius
401 5740 468 5790 ad
492 5737 775 5801 Augustini
795 5736 974 5797 verba,
996 5734 1061 5785 de
1091 5734 1308 5785 Civitate
1326 5734 1438 5797 D‘ei,
1461 5735 1495 5785 l.
1518 5738 1593 5796 11,
1616 5748 1729 5799 cap.
1764 5738 1808 5785 1.

1911 3092 2021 3131 nus
2047 3076 2375 3148 hujusmodi
2404 3093 2436 3130 a
2465 3093 2556 3131 me
2583 3081 2874 3148 arreptum
2904 3078 2983 3133 ita
3002 3094 3196 3148 geram
3230 3082 3287 3134 et
3305 3095 3598 3151 peragam,

1912 3169 1975 3218 ut
2005 3180 2106 3218 nec
2138 3165 2317 3225 Patris
2348 3165 2631 3219 luminum
2653 3165 2937 3220 offendam
2960 3166 3279 3235 veritatem,
3300 3185 3401 3222 nec
3424 3169 3600 3222 bono-

1912 3270 2041 3308 rum
2072 3253 2326 3308 Ecclesia:
2368 3254 2618 3308 ﬁliorum
2649 3256 2764 3309 ulla
2805 3271 2871 3308 ex
2900 3260 3060 3327 parte
3099 3256 3363 3311 fraudare
3410 3257 3603 3312 videar

1913 3343 2266 3397 charitatem.
2316 3344 2426 3397 Nec
2480 3343 2761 3415 attingam
2791 3360 2857 3398 ea
2887 3343 3082 3399 omnia
3113 3344 3425 3411 insinuare,
3472 3362 3600 3417 qua:

1912 3432 2065 3486 idem
2106 3431 2464 3486 beatissimus
2510 3433 2864 3504 Augustinus
2917 3433 2978 3487 in
3011 3433 3125 3488 suis
3170 3434 3599 3489 Confessionum

1912 3521 2072 3574 libris
2104 3521 2172 3574 de
2224 3521 2549 3591 semetipso,
2598 3522 2783 3592 qualis
2812 3525 2942 3575 ante
2985 3526 3309 3592 perceptam
3363 3522 3604 3592 gratiam

1911 3609 2102 3675 fuerit,
2135 3608 2433 3680 qualisque
2449 3609 2568 3679 jam
2602 3614 2830 3680 sumpta
2857 3609 3089 3676 viveret,
3121 3610 3456 3680 designavit.
3492 3612 3605 3664 Hoc

1913 3697 2066 3751 enim
2083 3698 2265 3751 facere
2288 3697 2487 3763 voluit,
2506 3705 2573 3751 ut
2590 3698 2668 3751 ait
2685 3699 3006 3767 Apostolus,
3036 3714 3107 3751 ne
3132 3698 3200 3751 de
3221 3715 3277 3751 se
3300 3698 3604 3768 quisquam

1912 3786 2212 3840 hominum
2244 3802 2416 3855 supra
2441 3802 2614 3856 quam
2644 3801 2702 3838 se
2734 3790 2879 3839 esset
2909 3788 3161 3850 noverat,
3198 3791 3294 3839 aut
3326 3787 3394 3839 de
3426 3802 3483 3839 se
3504 3802 3603 3839 au-

1911 3874 2093 3928 ditum
2137 3874 2353 3941 fuisset,
2399 3874 2654 3927 crederet
2702 3874 2789 3926 vel
2839 3856 3066 3943 putaret
3100 3874 3164 3941 (ll
3211 3877 3330 3935 Cor.
3374 3890 3473 3938 xu,
3526 3872 3603 3937 6,)

1910 3961 2251 4016 humilitatis
2300 3967 2508 4015 sancta:
2542 3977 2701 4015 more
2735 3966 2921 4024 utens,
2973 3965 3028 4014 et
3063 3962 3185 4031 jam
3245 3962 3468 4015 nullum
3501 3962 3602 4015 fal-

1912 4052 2034 4104 lens
2067 4050 2107 4117 ¹,
2144 4049 2242 4103 sed
2275 4050 2501 4104 laudem
2558 4066 2673 4103 non
2725 4065 2907 4115 suam,
2953 4049 3045 4103 sed
3100 4048 3187 4102 sui
3240 4049 3485 4118 Domini,
3534 4050 3605 4103 de

1910 4139 2143 4210 propria
2172 4138 2506 4193 liberatione
2537 4155 2601 4192 ac
2633 4154 2866 4191 munere
2896 4154 3178 4209 quaerens,
3214 4154 3276 4191 ex
3309 4138 3377 4191 iis
3406 4138 3606 4194 videli-

1912 4232 2000 4281 cet
2018 4244 2146 4297 qua":
2183 4234 2303 4298 jam
2341 4232 2706 4298 perceperat;
2738 4233 2795 4280 et
2821 4226 3096 4279 fraternas
3126 4242 3322 4296 preces
3348 4244 3605 4297 poscens,

1913 4316 1982 4370 de
2004 4316 2073 4369 iis
2094 4332 2223 4386 (ιιιω
2241 4316 2493 4386 accipere
2513 4315 2796 4385 cupiebat.
2820 4316 3223 4370 Sacramentum
3246 4314 3601 4385 igiturregis,

1912 4409 1977 4459 ut
1999 4404 2254 4476 angelica
2282 4404 2615 4458 auctoritate
2638 4405 2918 4474 prolatum
2940 4408 3043 4468 est,
3070 4404 3262 4457 bonum
3282 4408 3359 4457 est
3379 4405 3604 4460 abscon-

1912 4493 2036 4547 dere
2063 4512 2079 4545 :
2110 4510 2273 4563 opera
2298 4500 2476 4547 autem
2504 4496 2721 4548 Domini
2745 4495 2979 4547 revelare
3007 4498 3055 4547 et
3089 4492 3352 4563 conﬁteri,
3384 4495 3599 4549 honori-

1911 4582 2074 4653 ﬁcum
2099 4588 2177 4637 est
2202 4584 2411 4651 {Tobize
2438 4600 2535 4648 xu,
2567 4583 2643 4652 7).

1915 4680 2137 4734 CAPUT
2178 4680 2470 4733 PRIMUM.
2521 4710 2588 4718 —
2641 4680 3163 4747 Augustini'ortus,
3223 4682 3493 4735 conversio
3555 4685 3604 4735 et

1984 4769 2302 4838 baptismus.
2335 4769 2612 4822 Ambrosii
2640 4768 2887 4821 doctrina
2908 4774 3187 4822 revocatur
3203 4770 3270 4821 ab
3288 4784 3464 4823 errore
3485 4771 3605 4824 Ma-

1983 4859 2332 4912 nichaeorum.
2364 4858 2686 4926 Baptizatur
2712 4857 2779 4910 ab
2810 4857 3011 4910 eodem.

1986 4956 2059 5008 Ex
2110 4953 2405 5025 provincia
2471 4969 2606 5025 ergo
2685 4954 2947 5008 Africana
3019 4957 3065 5021 ³,
3135 4954 3358 5009 civitate
3433 4956 3609 5026 Taga-

1976 5054 1990 5086 ¹
2027 5051 2301 5113 TresMss.
2336 5066 2346 5099 :
2380 5052 2707 5100 [Inmiti/alis
2737 5053 2931 5100 sancta:
2951 5064 3093 5099 more
3113 5053 3293 5113 utique
3318 5049 3486 5100 nihilo
3505 5049 3610 5112 fal-

1913 5113 2041 5164 lens.
2067 5139 2126 5148 —
2157 5112 2358 5161 Salinas
2378 5128 2440 5161 ex
2467 5113 2558 5162 Cd.
2578 5112 2792 5174 Reginze
2816 5127 2826 5158 :
2854 5113 3178 5161 [Inmiti/alis
3199 5112 3395 5163 sam-ta;
3418 5126 3608 5174 memo-

1912 5176 2352 5288 riiiauutepskt’rtque
2364 5174 2497 5224 nihil
2514 5172 2731 5239 fallens.
2754 5174 2897 5224 Alter
2907 5174 2996 5223 Cd.
3021 5175 3233 5238 Reginae
3252 5190 3262 5222 :
3284 5176 3460 5238 Utique
3476 5172 3609 5222 nihil

1942 5251 1973 5288 α
2025 5251 2084 5286 en
2126 5274 2136 5285 .
2172 5270 2185 5285 ι
2228 5273 2238 5284 .

1942 5250 2136 5289 auena.
2172 5250 2238 5285 Μ.

1913 5237 2238 5347 [αξιέἔιῖίηξέ
2264 5313 2275 5347 :
2310 5299 2576 5347 Libentius
2596 5299 2823 5359 legerem
2847 5312 2857 5345 :
2883 5298 2960 5349 Ex
2976 5299 3375 5360 procinciaergo
3394 5296 3605 5360 Africzr,

1916 5366 1975 5410 ut
1993 5361 2335 5423 manuscripti
2361 5366 2463 5409 tres
2479 5358 2683 5409 codices
2698 5361 2935 5423 Vaticani
2958 5358 3158 5419 ferunt;
3186 5358 3468 5423 praesertim
3484 5359 3610 5423 quia

1915 5419 2300 5493 eumebsolute
2316 5422 2853 5493 Africauaprovjncia
2878 5419 3200 5493 npmiuatur,
3219 5419 3608 5493 proconsularis

1916 5485 2241 5551 intelligitur,
2277 5485 2418 5551 utin
2437 5481 3102 5551 concilioCarthaginiensi,
3133 5484 3195 5531 de
3220 5481 3610 5551 iteratione_lm-

1915 5542 2114 5618 ptismi:
2142 5548 2241 5596 sub
2269 5546 2527 5618 Cypriane
2552 5546 2759 5618 habito._
2787 5542 3045 5618 incumin
3069 5557 3251 5613 unum.
3274 5542 3465 5618 inquit,
3485 5543 3611 5616 ,ϐαι-

1916 5603 2117 5673 tbagini
2138 5603 2514 5673 convenissent
2532 5608 2762 5673 episcopi
2787 5608 2996 5669 plurimi
3017 5603 3563 5673 ex_provi_ncit_i_Afriea
3582 5624 3608 5653 ο

1915 5666 2306 5783 gsedAfi-icana,
2322 5671 2385 5719 ad
2408 5666 3275 5778 designandam'proconsulayem).
3292 5682 3318 5711 α
3342 5666 3607 5727 Numidia,

1944 5732 2242 5783 lauritania.
2262 5747 2288 5778 »
2303 5731 2469 5783 Unde.
2486 5743 2605 5780 cum
2623 5731 2802 5783 Aunus
2829 5730 2946 5778 inus
2969 5740 3077 5777 non
3093 5731 3161 5777 sit
3174 5740 3228 5775 In
3245 5730 3607 5783 proconsulari

1944 5732 2242 5783 lauritania.
2262 5747 2288 5778 »
2303 5731 2469 5791 Unde,
2486 5730 2605 5780 cum
2623 5730 2946 5793 Augustinus
2969 5740 3077 5777 non
3093 5730 3161 5777 sit
3174 5730 3228 5775 in
3245 5730 3608 5791 proconsulari
