4020 6364
480 268 553 320 35
1686 260 1848 313 VITA
1903 259 1965 312 S.
2019 257 2393 315 AUGUSTINI
2451 261 2782 321 EPISCOPI.
3526 222 3529 225 I
3923 283 3967 334 36

480 386 676 453 stensi,
710 385 780 440 de
823 399 1067 440 numero
1097 382 1401 439 curialium
1447 381 1781 454 parentibus
1826 379 2082 436 honestis
2128 382 2185 433 et

478 474 803 530 christianis
856 472 1192 545 progenitus
1248 476 1399 539 erat;
1462 471 1750 542 alitusque
1808 485 1873 524 ac
1932 469 2181 523 nutritus

479 580 679 619 eorum
700 579 853 626 cura,
880 566 936 616 et
955 560 1253 631 diligentia
1271 560 1681 632 impensisque,
1713 558 2063 613 secularibus
2084 556 2179 610 lit-
2200 628 2223 646 .

478 653 619 708 teris
648 652 908 707 eruditus
938 650 1221 721 apprime,
1251 650 1520 704 omnibus
1563 648 1824 703 videlicet
1865 645 2179 718 disciplinis

484 742 761 810 imbutus,
793 756 935 813 quas
964 739 1227 794 liberales
1256 744 1459 792 vocant
1489 740 1530 792 ί.
1574 739 1714 791 Nam
1745 741 1799 791 et
1838 734 2176 807 grammati-

482 847 607 885 cam
640 830 799 901 prius
826 829 886 883 in
916 844 1018 883 sua
1037 828 1279 894 civitate,
1314 832 1371 881 et
1396 826 1737 881 rhetoricam
1770 826 1829 879 in
1860 825 2062 879 Africae
2094 839 2179 877 ca-

483 918 599 991 pite
631 916 971 987 Carthagine
1001 921 1196 987 postea
1213 915 1425 971 docuit.
1448 914 1828 986 Consequenti
1848 914 2179 968 etiam'tem-

482 1024 621 1080 pore
650 1012 808 1062 trans
838 1022 994 1060 mare
1022 1005 1082 1060 in
1114 1005 1252 1059 urbe
1282 1006 1479 1071 Roma,
1504 1008 1558 1057 et
1587 1003 1737 1074 apud
1772 1002 2178 1071 Mediolanum,

481 1096 581 1153 ubi
611 1102 745 1151 tunc
788 1094 1153 1165 imperatoris
1187 1092 1566 1148 Valentiniani
1597 1091 1832 1146 minoris
1873 1091 2177 1145 comitatus

478 1187 662 1241 fuerat
692 1184 1053 1237 constitutus.
1088 1183 1152 1236 In
1181 1198 1293 1253 qua
1322 1182 1463 1235 urbe
1491 1186 1627 1235 tunc
1657 1180 2044 1251 episcopatum
2076 1178 2174 1232 ad-

479 1273 840 1329 ministrabat
858 1270 1281 1341 acceptissimus
1301 1270 1435 1335 Deo,
1458 1274 1515 1323 et
1543 1269 1601 1323 in
1617 1268 1851 1339 optimis
1872 1267 2006 1321 viris
2026 1284 2174 1339 pra:-

477 1361 822 1417 clarissimus
852 1359 1113 1414 sacerdos
1154 1357 1505 1412 Ambrosius.
1543 1357 1722 1428 Hujus
1758 1356 1975 1411 interea
2017 1355 2176 1410 verbi

479 1449 582 1505 Dei
609 1447 995 1521 prmdicatoris
1040 1446 1516 1518 frequentissimis
1557 1445 1618 1499 in
1650 1445 1887 1499 ecclesia
1916 1444 2173 1515 disputa-

475 1537 727 1592 tionibus
755 1542 945 1591 astans
972 1536 1030 1590 in
1059 1536 1286 1607 populo,
1318 1534 1649 1589 intendebat
1667 1550 1973 1605 suspensus
2000 1538 2173 1605 atque

474 1626 701 1683 afﬁxus.
732 1628 940 1681 Verum
964 1624 1273 1697 aliquando
1294 1623 1731 1679 Manichaeorum
1760 1622 1914 1693 apud
1944 1623 2177 1677 Cartha-

473 1713 665 1784 ginem
690 1713 1014 1769 adolescens
1039 1714 1226 1768 fuerat
1242 1728 1431 1767 errore
1452 1712 1751 1767 seductus:
1775 1716 1831 1766 et
1850 1712 1979 1766 ideo
2006 1715 2173 1765 caete-

472 1801 551 1856 ris
581 1802 910 1873 suspensior
926 1802 1145 1865 aderat,
1177 1818 1249 1855 ne
1272 1801 1412 1873 quid
1440 1803 1525 1855 vel
1551 1818 1654 1872 pro
1682 1801 1826 1871 ipsa,
1861 1801 1949 1854 vel
1978 1805 2173 1855 contra

467 1890 654 1961 ipsam
683 1889 949 1945 haeresim
981 1890 1291 1946 diceretur.
1333 1892 1396 1945 Et
1416 1890 1700 1962 praevenit
1723 1893 1745 1926 ²
1777 1888 1875 1943 Dei
1900 1889 2169 1943 liberato-

470 1979 547 2033 ris
581 1979 883 2035 clementia
910 1979 999 2033 sui
1027 1978 1332 2034 sacerdotis
1364 1995 1462 2034 cor
1490 1978 1905 2050 pertractantis,
1941 1983 2005 2033 ut
2032 1993 2169 2032 con-

467 2072 555 2123 tra
571 2068 736 2123 illum
752 2084 1004 2123 errorem
1026 2068 1339 2123 incidentes
1364 2066 1503 2139 legis
1528 2068 1887 2122 solverentur
1907 2065 2171 2138 quaestio-

469 2174 569 2212 nes
603 2174 617 2212 :
652 2163 825 2223 atque
853 2157 934 2212 ita
957 2158 1205 2221 edoctus,
1242 2156 1457 2211 sensim
1489 2162 1661 2228 atque
1693 2156 1970 2227 paulatim
1993 2156 2171 2210 haere-

469 2245 544 2300 sis
582 2246 682 2300 illa
725 2246 1091 2301 miseratione
1122 2245 1312 2300 divina
1343 2246 1466 2316 ejus
1515 2261 1584 2299 ex
1630 2245 1822 2298 animo
1853 2245 2016 2316 pulsa
2044 2250 2165 2312 est;

468 2334 846 2406 protinusque
875 2334 997 2405 ipse
1030 2335 1091 2389 in
1121 2334 1233 2389 ﬁde
1263 2334 1539 2388 catholica
1569 2333 1958 2399 conﬁrmatus,
1991 2332 2165 2404 proﬁ-

467 2422 656 2477 ciendi
685 2423 744 2476 in
781 2422 1060 2493 religione
1089 2422 1273 2477 eidem
1326 2422 1536 2476 amoris
1569 2422 1738 2476 ardor
1777 2422 2008 2476 innatus
2060 2425 2165 2490 est,

467 2527 582 2582 quo
630 2511 1155 2583 propinquantibus
1196 2511 1397 2565 diebus
1446 2510 1651 2565 sanctis
1698 2511 1925 2564 Pascha:
1968 2510 2166 2564 salutis

466 2616 675 2671 aquam
698 2600 1037 2671 perciperet.
1072 2601 1136 2654 Et
1157 2600 1369 2654 factum
1393 2604 1477 2653 est
1503 2599 1692 2653 divina
1708 2604 2015 2669 prmstante
2040 2599 2166 2669 opi-

464 2688 761 2755 tulatione,
793 2693 856 2743 ut
883 2704 988 2759 per
1038 2688 1203 2742 illum
1259 2688 1431 2742 talem
1464 2704 1529 2742 ac
1573 2691 1800 2741 tantum
1854 2687 2164 2741 antistitem

463 2776 850 2843 Ambrosium,
883 2781 940 2831 et
968 2776 1283 2831 doctrinam
1317 2777 1624 2830 salutarem
1675 2775 1933 2830 Ecclesiae
1966 2775 2163 2830 catho-

461 2866 607 2926 licaa,
641 2870 696 2919 et
721 2866 912 2920 divina
940 2866 1263 2937 perciperet
1283 2866 1651 2921 Sacramenta
1679 2863 1719 2921 ⁸.

462 2963 689 3017 CAPUT
739 2963 806 3017 II.
857 2992 925 3003 —
983 2964 1200 3018 Relictis
1248 2963 1493 3017 omnibus
1545 2964 1775 3031 suscipit
1822 2964 2163 3032 prepositum

694 3051 963 3105 serviendi
990 3053 1112 3118 Deo,
1140 3051 1262 3120 jam
1287 3053 1447 3105 annis
1478 3053 1651 3121 major
1679 3053 1930 3120 triginta.

533 3148 776 3218 Moxque
806 3163 876 3200 ex
932 3145 1151 3200 intimis
1199 3146 1383 3201 cordis
1431 3146 1696 3201 medullis
1737 3162 1895 3217 spem
1930 3164 2161 3202 omnem

461 3251 634 3306 quam
666 3235 914 3289 habebat
964 3235 1024 3288 in
1074 3236 1303 3301 saeculo,
1335 3235 1643 3306 dereliquit
1672 3252 1685 3302 ;
1727 3236 1846 3306 jam
1874 3253 1990 3290 non
2020 3253 2162 3290 uxo-

460 3340 603 3387 rem,
627 3340 745 3378 non
765 3323 915 3377 ﬁlios
934 3323 1139 3391 carnis,
1166 3340 1281 3378 non
1298 3324 1544 3391 divitias,
1568 3340 1684 3378 non
1702 3324 1948 3378 honores
1968 3324 2161 3379 saeculi

459 3432 747 3487 quaerens;
766 3416 864 3469 sed
886 3418 1001 3471 Deo
1020 3414 1042 3449 ⁸
1056 3432 1185 3470 cum
1211 3416 1325 3470 suis
1340 3416 1548 3470 servire
1568 3417 1787 3483 statuit,
1805 3422 1861 3471 et
1882 3417 1943 3471 in
1962 3418 2082 3481 illo,
2106 3421 2162 3471 et

458 3521 524 3559 ex
546 3504 645 3559 illo
675 3504 886 3575 pusillo
917 3521 1091 3576 grege
1114 3521 1236 3559 esse
1257 3506 1510 3571 studens,
1534 3522 1703 3576 quem
1728 3506 2003 3560 Dominus
2023 3507 2160 3561 allo-

457 3592 673 3664 quitur,
707 3593 899 3647 dicens
931 3610 944 3647 :
977 3596 1156 3651 Nolite
1184 3596 1390 3661 timere,
1417 3595 1658 3663 pusillus
1704 3612 1860 3663 grex,
1904 3598 2157 3663 quoniam

455 3683 778 3752 complacuit
799 3684 957 3737 Patri
980 3688 1154 3737 vestro
1183 3683 1316 3737 dare
1342 3683 1492 3737 vobis
1521 3699 1764 3750 regnum.
1798 3684 2020 3739 Vendite
2040 3702 2159 3754 qua:

447 3772 760 3841 possidetis,
793 3776 844 3825 et
873 3772 999 3826 date
1022 3773 1404 3840 cleemosynam
1427 3791 1445 3828 :
1506 3774 1676 3839 facite
1711 3773 1861 3826 vobis
1920 3775 2155 3828 sacculos

451 3876 557 3913 non
594 3864 995 3929 veterascentes,
1048 3862 1361 3916 thesaurum
1401 3877 1508 3917 non
1552 3862 1885 3933 deﬁcientem
1914 3865 1972 3917 in
2011 3865 2155 3919 caelis

449 3952 597 4018 (Luc.
626 3964 721 4011 xu,
756 3952 863 4019 3‘2),
913 3954 970 4003 et
1011 3954 1232 4005 caetera.
1293 3952 1359 4005 Et
1413 3950 1558 4005 illud
1587 3951 1743 4022 quod
1774 3952 1908 4006 dicit
1942 3952 2152 4007 iterum

449 4062 915 4128 provincia‘ortns,
933 4062 1025 4111 sed
1044 4063 1099 4111 in
1115 4063 1380 4122 Numidia,
1394 4064 1552 4128 cujus
1567 4064 1875 4128 Opulentum
1900 4081 1958 4114 ac
1977 4067 2151 4116 nobile

448 4124 561 4189 erat
574 4124 841 4189 ‘opp‘idnm
860 4125 1097 4187 Tagaste,
1128 4129 1405 4189 propterea
1428 4124 1623 4175 rectius
1653 4128 1916 4177 diceretur
1945 4143 2006 4176 ex
2039 4144 2153 4189 pro-

446 4185 823 4249 vinciaAt'ricas
846 4185 1026 4249 natus:
1044 4185 1256 4249 accepta
1272 4187 1521 4236 nimirum
1535 4188 1724 4245 Africa,
1741 4193 1798 4237 ut
1813 4190 1938 4237 olim
1960 4204 1990 4237 a
2004 4185 2151 4239 Pom-

447 4247 609 4321 ponio
622 4247 1109 4321 ΜΞιιιηιᾎομπλιεῐεο,⁸
1120 4247 1517 4321 antiquitusque
1533 4251 1966 4321 e§_eccl.esiastico
1977 4266 2147 4321 more,

447 4309 502 4380 in
524 4312 629 4358 tres
649 4309 1193 4380 dividebaturpartes,
1208 4309 1462 4380 nimirum
1492 4312 1545 4360 in
1567 4312 1955 4380 Mauritaniam,
1974 4315 2150 4380 Numi-

447 4370 592 4437 diam
615 4384 681 4437 ac
702 4370 1137 4437 Afrieam_stricte
1158 4376 1442 4437 sumptam,
1465 4387 1584 4436 quas
1614 4378 1727 4437 erat
1756 4370 2148 4437 proconsularis

445 4433 735 4498 provincia.
761 4433 1040 4498 At‘lsidori
1061 4433 1381 4498 llispalensis
1397 4433 1692 4484 reverentia
1715 4433 1987 4498 prohibuit
2007 4453 2071 4487 ne
2094 4440 2146 4487 in

444 4498 650 4562 textum
689 4495 1096 4562 immitteremus
1124 4495 1482 4562 conjecturam
1511 4495 1766 4557 nostram,
1797 4500 1921 4561 quia
1954 4500 2062 4562 ipse
2092 4502 2144 4549 in

445 4556 579 4623 libro
601 4556 666 4606 de
686 4557 1043 4623 Scriptoribus
1063 4556 1593 4623 ecclesiasticismap.
1609 4563 1655 4618 8,
1679 4556 1830 4610 vocat
1852 4556 2145 4612 Poss‘idiuni

444 4618 711 4691 Africana;
722 4618 1012 4691 provinciae
1024 4621 1347 4691 ep_i_scopum,
1370 4621 1490 4671 licet
1511 4618 1565 4671 in
1585 4622 1832 4672 Numidia
1854 4626 1977 4673 urbs
1999 4624 2143 4675 Cala-

444 4684 641 4730 mensis
671 4684 768 4730 sita
800 4686 951 4731 esset.
1076 4684 1145 4731 Μ.

518 4744 535 4775 ί
570 4743 791 4802 Salinas,
806 4744 1014 4811 e_x_C_dd.
1029 4744 1235 4811 duobus
1252 4746 1417 4795 Vatic.
1434 4744 1733 4811 :Alitusque
1745 4748 1905 4811 atque
1920 4751 2146 4798 nutri/us

441 4817 629 4870 eorum
645 4818 779 4856 cura
793 4808 841 4853 et
854 4805 1145 4867 diligentia,
1162 4809 1450 4870 impensius
1459 4805 1799 4860 sa’cularibus
1810 4805 2009 4861 lit/eris
2026 4824 2146 4861 eru-

442 4867 609 4925 ditus,
639 4871 881 4978 gignitur:
906 4870 1143 4919 omnibus
1162 4867 1452 4932 disciplinis
1472 4872 1730 4931 imbutus,
1750 4874 2143 4936 quasliberales

444 4932 650 4978 vocant.
732 4944 816 4978 am
846 4933 941 4978 etsi
968 4941 1209 4978 unrentes
1238 4946 1359 4978 eum
1390 4934 1643 4978 impensis
1673 4936 1866 4978 auibus
1900 4940 2143 4978 natarunt

444 4932 665 5002 paeana
686 4932 816 5002 Nam
846 4933 941 5002 etsi
968 4941 1359 5002 parentes_eum
1390 4934 1647 5002 impensis
1673 4932 1866 4997 quibus
1891 4940 2145 5002 poterant

436 4994 691 5053 juverint,
713 5006 779 5041 ex
800 4994 911 5055 ipso
928 4997 1104 5043 tamen
1123 4994 1175 5043 S.
1206 4996 1446 5055 Doetore,
1464 4994 1604 5045 libro
1627 5000 1655 5045 2
1670 4994 1856 5046 contra
1875 4994 2144 5047 Academi-

441 5067 551 5124 cos,
573 5066 628 5101 n.
660 5055 707 5124 ἕξ,
731 5058 937 5124 constat
952 5056 1248 5124 sumptibus
1265 5058 1598 5124 Romaniani,
1621 5060 1676 5107 in
1688 5073 1784 5108 suo.
1803 5061 1933 5109 urbe
1949 5061 2142 5124 prima-

441 5116 527 5188 tis,
567 5116 851 5188 profecisse
903 5117 958 5165 in
987 5116 1198 5188 litteris;
1230 5118 1415 5188 hisque
1447 5116 1621 5169 verbis
1676 5126 1882 5188 gratum
1922 5116 2142 5188 testatur

440 5179 675 5247 animum
707 5193 718 5226 :
752 5179 883 5247 «_Tu_
913 5193 996 5228 me
1030 5179 1479 5247 adolescentulum
1514 5179 1814 5245 pauperem,
1846 5184 2036 5247 inquit,
2074 5186 2136 5233 ad

438 5240 717 5310 peregrina
745 5240 919 5310 studia
944 5248 1266 5310 pergentem,
1295 5248 1347 5292 et
1370 5240 1528 5310 domo
1558 5248 1611 5293 et
1624 5240 1871 5309 "sumptu,
1902 5240 1969 5306 et,
1998 5240 2139 5310 quod

437 5303 681 5369 plus_est,
712 5304 890 5369 animo
913 5303 1181 5367 excepisti.
1204 5323 1230 5369 ιι
1384 5306 1454 5354 Μ.

499 5366 520 5399 ‘-’
550 5364 731 5413 Plures
757 5366 899 5421 Mss,
932 5371 979 5415 et
1008 5364 1267 5421 provenit.

498 5426 772 5538 ἒηῗῗξξέδε,
786 5427 993 5538 exﬁdd.
1007 5426 1137 5493 lteg.
1160 5432 1278 5478 1025
1295 5443 1305 5478 :
1322 5428 1637 5481 Etdivinum
1651 5431 1946 5495 perciperet
1958 5438 2139 5484 Sacra-

439 5500 487 5536 ιιι
493 5501 550 5538 οη
559 5500 575 5536 ι
583 5504 610 5538 lt
619 5503 686 5538 ιη.
849 5500 895 5538 Μ
907 5526 917 5536 .

498 5550 974 5621 ‘__I~1dd.,»so.li‘Deo.
1008 5551 1172 5621 Abest
1196 5552 1298 5621 soli
1313 5567 1343 5621 ιι
1366 5554 1484 5603 Mss.
1518 5580 1578 5621 -_-_
1595 5554 1823 5621 Salinas,
1838 5570 1900 5621 ex
1924 5558 2013 5607 Cd.
2028 5572 2136 5609 uno

438 5610 604 5661 Vatie.
638 5627 650 5661 :
687 5613 787 5663 Sed
813 5617 916 5665 Deo
942 5620 1141 5665 servire
1159 5617 1492 5667 constituens.
1515 5617 1658 5666 Alter
1686 5617 1776 5668 Cd.
1810 5610 1973 5669 Vatie.
1997 5636 2008 5669 :
2036 5622 2138 5672 Sed

438 5675 622 5733 Deum,
644 5678 729 5726 cui
756 5689 939 5728 servus
954 5690 1062 5729 esse.
1081 5679 1377 5729 constituit.
1538 5679 1606 5729 M.

2294 385 2587 454 Dominus,
2622 387 2775 444 idem
2805 390 2892 445 vir
2919 396 3144 447 sanctus
3174 394 3356 449 facere
3378 395 3612 466 cupiens
3644 412 3658 450 :
3691 398 3757 452 Si
3785 400 3865 452 tis
3891 415 3968 453 esse

2285 479 2578 544 perfectus,
2609 479 2777 532 vende
2800 483 2981 535 omnia
3011 498 3130 552 quae
3150 483 3330 546 habes,
3364 488 3413 538 et
3466 486 3539 539 da
3562 486 3919 555 pauperibus,
3938 498 3968 542 et

2289 564 2505 619 habebis
2536 566 2847 622 thesaurum
2874 571 2933 623 in
2967 571 3138 639 ctrlis;
3163 576 3214 625 et
3241 573 3380 637 veni,
3416 588 3632 641 sequere
3658 590 3746 627 me
3777 576 3966 643 (Matth.

2289 668 2399 714 xxx,
2428 654 2535 723 2t).
2575 656 2639 709 Et
2668 672 2839 727 super
2867 658 3001 712 ﬁdei
3045 660 3490 716 fundamentum
3519 662 3813 717 aediﬁcare
3846 663 3963 717 desi-

2291 742 2495 797 derans
2526 745 2566 811 ¹,
2602 762 2718 800 non
2740 747 2914 818 ligna,
2947 750 3171 814 fenum:
3202 755 3259 805 et
3287 751 3593 821 stipulam;
3630 751 3735 806 sed
3768 769 3964 809 aurum.

2291 836 2616 901 argentum,
2657 840 2714 889 et
2759 836 2978 906 lapides
3025 839 3327 910 pretiosos.
3372 841 3439 895 Et
3476 845 3599 895 erat
3647 845 3793 895 tunc
3839 843 3966 896 annis

2289 921 2474 991 major
2500 923 2901 994 triginta,.sola
2932 929 3233 999 superstite
3256 934 3436 984 matre
3474 928 3515 999 ⁸,
3545 929 3777 1001 sibique
3807 931 3965 985 adhes.

2288 1014 2469 1078 rente,
2520 1016 2577 1066 et
2627 1013 2696 1067 de
2734 1020 2993 1086 suscepto
3036 1018 3158 1088 ejus
3207 1019 3497 1089 proposito
3528 1020 3821 1073 serviendi
3874 1022 3957 1074 Deo

2288 1098 2535 1168 amplius
2576 1116 2748 1172 quam
2781 1103 2850 1157 de
2896 1105 3081 1159 carnis
3121 1107 3427 1178 nepotibus
3473 1110 3819 1163 exsultante.
3854 1110 3957 1163 Nam

2289 1187 2413 1257 ejus
2441 1194 2604 1259 pater
2657 1197 2827 1247 antea
2867 1193 3167 1249 defunctus
3214 1201 3356 1254 erat.
3397 1197 3776 1253 Renuntiavit
3824 1199 3958 1251 etiam

2288 1276 2658 1346 scholasticis,
2692 1296 2834 1351 quos
2862 1282 3209 1339 rhetoricam
3245 1285 3502 1351 docebat,
3551 1290 3617 1340 ut
3658 1285 3773 1341 sibi
3811 1287 3958 1357 magi-

2288 1370 2471 1419 strum
2500 1367 2679 1424 alium
2726 1371 3111 1442 providerent,
3163 1391 3230 1428 eo
3281 1375 3439 1447 quod
3477 1374 3694 1429 servire
3728 1376 3844 1430 Deo
3869 1376 3957 1446 ipse

2286 1452 2649 1511 decrevisset.

2426 1571 2653 1627 CAPUT
2691 1574 2797 1631 Ill.
2823 1606 2894 1616 —
2919 1577 3161 1633 Secessus
3184 1579 3504 1645 Augustini.
3537 1578 3780 1645 Quidam
3808 1579 3872 1634 ab

2814 1666 3121 1733 Augustino
3151 1683 3450 1723 conversus.

2352 1776 2431 1828 Ac
2459 1774 2673 1845 placuit
2720 1774 2773 1829 ei
2816 1780 3086 1845 percepta
3133 1775 3319 1843 gratia
3362 1778 3384 1812 ³
3412 1790 3543 1829 cum
3588 1773 3721 1827 aliis
3775 1772 3955 1826 civibus

2285 1868 2343 1918 et
2402 1862 2598 1917 amicis
2655 1864 2773 1918 suis
2831 1865 2945 1917 Deo
2998 1863 3213 1935 pariter
3270 1863 3647 1919 servientibus
3705 1862 3778 1917 ad
3839 1862 3952 1915 Afri-

2284 1969 2407 2007 cam
2438 1958 2494 2007 et
2522 1953 2818 2025 propriam
2848 1954 3085 2008 domum
3109 1968 3394 2024 agrosque
3422 1968 3703 2008 remeare.
3727 1951 3810 2008 Ad
3841 1967 3953 2023 quos

2281 2043 2536 2109 veniens,
2562 2048 2615 2097 et
2645 2043 2707 2097 in
2736 2043 2945 2115 quibus
2974 2042 3336 2108 constitutus,
3370 2042 3547 2096 ferme
3571 2040 3846 2107 triennio,
3870 2045 3952 2094 eta

2282 2148 2339 2185 se
2355 2132 2475 2202 jam
2497 2132 2758 2186 alienatis
2779 2131 2930 2186 curis
2959 2130 3380 2198 sazcularibus‘,
3412 2147 3541 2185 cum
3568 2130 3639 2185 iis
3669 2130 3779 2202 qui
3798 2129 3950 2184 eidem

2281 2221 2667 2286 adhaerebant,
2701 2222 2813 2275 Deo
2844 2221 3083 2285 vivebat,
3099 2219 3354 2292 jejuniis,
3389 2218 3768 2285 orationibus,
3798 2218 3949 2274 bonis-

2280 2326 2390 2379 que
2423 2310 2711 2381 operibus,
2744 2310 2801 2363 in
2830 2310 2955 2379 lege
2995 2308 3218 2363 Domini
3248 2308 3531 2362 meditans
3562 2308 3653 2363 die
3682 2323 3754 2362 ac
3793 2312 3947 2361 nocte.

2282 2400 2347 2453 Et
2374 2398 2442 2453 de
2470 2399 2538 2452 iis
2571 2415 2697 2468 qua:
2728 2397 2835 2455 sibi
2865 2399 3013 2452 Deus
3041 2396 3316 2469 cogitanti
3345 2402 3517 2467 atque
3547 2396 3736 2451 oranti
3765 2396 3950 2450 intelle»

2278 2492 2367 2541 cta
2396 2489 2719 2552 revelabat;
2750 2492 2807 2541 et
2862 2493 3173 2558 praesentes
3222 2491 3279 2540 et
3308 2486 3567 2540 absentes
3614 2486 3947 2540 sermonibus

2278 2593 2342 2631 ac
2373 2576 2530 2631 libris
2583 2577 2845 2631 docebat.
2903 2576 3153 2645 Contigit
3189 2574 3333 2628 forte
3363 2574 3563 2628 eodem
3597 2579 3879 2645 tempore,
3907 2579 3946 2625 ut

2278 2666 2510 2737 quidam
2560 2682 2625 2719 ex
2680 2665 2749 2718 iis
2788 2681 2931 2735 quos
2977 2664 3177 2718 dicunt
3204 2666 3450 2733 Agentes
3491 2661 3551 2716 in
3582 2662 3778 2728 rebus,
3826 2661 3945 2732 apud

2278 2752 3300 2825 Hipponem-Regium.constitutus,
3375 2751 3521 2805 bene
3604 2749 3944 2813 christianus,

2277 2843 2573 2913 Deumque
2599 2842 2827 2906 timens,
2858 2844 3148 2912 comperta
3177 2840 3299 2910 ejus
3331 2839 3481 2893 bona
3500 2839 3651 2892 fama
3677 2843 3851 2910 atque
3870 2838 3944 2891 do-

2275 2931 2478 3001 ctrina,
2512 2931 2857 2986 dcsideraret
2887 2935 3056 3000 atque
3087 2933 3313 2999 optaret
3338 2945 3471 2983 eum
3494 2928 3703 2994 videre,
3736 2928 3944 3000 promit-

2274 3024 2400 3075 tens
2432 3038 2489 3074 se
2518 3037 2684 3091 posse
2713 3019 2916 3074 mundi
2945 3019 3115 3085 hujus
3139 3034 3337 3072 omnes
3358 3021 3721 3072 contemnere
3750 3016 3942 3089 cupidi-

2273 3115 2417 3165 tates
2447 3114 2616 3181 atque
2643 3109 2957 3175 illecebras,
3017 3108 3064 3162 si
3096 3107 3426 3179 aliquando,
3458 3122 3523 3161 ex
3564 3107 3691 3178 ejus
3739 3123 3837 3162 ore
3870 3105 3943 3160 Dei

2273 3201 2511 3254 verbum
2541 3199 2739 3253 audire
2766 3198 3084 3252 meruisset.
3120 3197 3282 3262 Quod
3311 3212 3442 3251 cum
3472 3196 3541 3251 ad
3571 3212 3629 3250 se
3659 3195 3941 3251 ﬁdelifuis

2272 3293 2356 3343 set
2380 3287 2655 3343 relatione
2704 3288 2975 3352 delatum,
3010 3287 3251 3341 liberare
3280 3284 3303 3320 ⁵
3332 3285 3586 3340 animam
3631 3286 3868 3356 cupiens
3892 3284 3941 3337 ab

2271 3379 2443 3450 hujus
2469 3378 2597 3432 vita:
2622 3376 2891 3449 periculis
2920 3381 3218 3446 morteque
3235 3380 3469 3442 (eterna,
3497 3374 3567 3428 ad
3591 3380 3940 3429 memoratam

2270 3469 2421 3523 ultro
2464 3472 2633 3538 atque
2673 3465 2973 3520 confestim
3005 3465 3159 3519 venit
3206 3464 3515 3530 civitatem,
3562 3469 3619 3518 et
3669 3463 3938 3518 hominem

2271 3558 2455 3612 visum
2507 3557 2784 3612 allocutus
2846 3554 3203 3625 frequentius
3255 3559 3425 3625 atque
3479 3554 3814 3611 exhortatus
3858 3556 3937 3615 est,

2270 3651 2550 3719 quantum
2582 3648 2729 3700 Deus
2761 3645 3028 3709 donabat,
3060 3647 3125 3698 ut
3162 3642 3317 3714 quod
3348 3644 3463 3697 Deo
3511 3647 3742 3697 voverat
3768 3641 3936 3697 reddi-

2267 3737 2459 3791 disset.
2486 3739 2563 3789 Ac
2590 3735 2613 3769 5
2646 3751 2703 3789 se
2734 3734 2829 3789 ille
2861 3734 2930 3788 de
2969 3732 3060 3787 die
3086 3732 3148 3786 in
3171 3732 3322 3786 diem
3353 3733 3637 3786 facturum
3657 3732 3937 3802 polliceba-

2268 3832 2380 3892 tur,
2423 3842 2524 3878 uec
2553 3830 2746 3879 tamen
2774 3823 2836 3877 in
2866 3823 2987 3892 ejus
3016 3827 3153 3876 tunc
3180 3822 3287 3875 hoc
3317 3821 3577 3891 implevit
3606 3820 3935 3891 prmsentia:

2265 3914 2362 3968 scd
2392 3930 2586 3968 vacare
2622 3912 2818 3983 utique
2864 3910 2886 3944 ⁷
2918 3916 2974 3965 et
3024 3910 3194 3965 inane
3225 3926 3345 3964 esse
3394 3926 3512 3964 non
3541 3909 3751 3980 potuit,
3810 3905 3937 3979 quod

2262 4021 2366 4075 per
2395 4004 2507 4058 tale
2553 4019 2646 4057 vas
2676 4000 2959 4056 mundum
2990 4004 3048 4054 et
3075 3999 3135 4053 in
3161 3999 3397 4065 honore,
3434 3997 3572 4051 utile
3613 3998 3872 4063 Domino,
3898 3998 3935 4047 et

2265 4094 2332 4147 ad
2365 4109 2534 4147 omne
2564 4108 2708 4162 opus
2740 4090 2954 4145 bonum
3016 4092 3278 4159 paratum
3323 4088 3389 4151 (11
3424 4089 3564 4142 Tim.
3627 4104 3687 4157 ιι,
3735 4091 3845 4152 21),
3892 4084 3933 4136 in

2263 4183 2420 4236 omni
2450 4184 2570 4235 loco
2604 4179 2794 4235 divina
2826 4179 3060 4249 gerebat
3089 4175 3470 4247 providentia.

2383 4297 2607 4351 CAPUT
2648 4296 2738 4348 IV.
2771 4324 2839 4332 —
2869 4291 3097 4361 Capitur
3134 4291 3208 4344 ad
3236 4291 3559 4361 presbyterii
3581 4289 3835 4358 gradum.

2334 4402 2545 4457 Eodem
2604 4400 2795 4470 itaque
2850 4403 3107 4467 tempore
3168 4396 3229 4450 in
3304 4395 3549 4452 Ecclesia
3607 4388 3931 4466 Hipponeusi

2261 4490 2537 4545 catholica
2570 4488 2825 4541 Valerius
2875 4491 3101 4540 sanctus
3131 4485 3526 4555 episcopatum
3556 4484 3812 4553 gerebat.
3849 4478 3930 4546 Qui

2258 4598 2409 4645 cum,
2454 4579 2743 4651 ﬂagitante
2786 4575 3161 4631 ecclesiastica
3193 4574 3525 4629 necessitate
3553 4572 3598 4637 ⁸,
3653 4572 3723 4628 de
3772 4570 3928 4645 provi-

2322 4689 2334 4721 ¹
2375 4685 2597 4743 Salinas,
2616 4698 2676 4733 ex
2698 4682 2794 4731 Cd.
2819 4681 3031 4743 Reginae
3060 4696 3069 4729 :
3094 4674 3930 4743 Etsuperﬁdeifundamentaacdi-

2254 4746 2416 4812 ﬁrare
2440 4740 2767 4812 desiderans.
2800 4740 2943 4812 Alter
2972 4744 3075 4812 Cd._
3095 4740 3707 4812 Regium'desiderabat.
3733 4802 3744 4812 .

2317 4814 2336 4846 2
2365 4812 2388 4860 J
2399 4817 2522 4858 uxta
2541 4809 2763 4861 Salinas,
2778 4806 2991 4870 quidam
3008 4805 3135 4854 Cdd.
3157 4802 3363 4854 addunt
3377 4802 3795 4870 n_omen_matris,
3812 4804 3929 4870 Mer}-

2254 4878 2411 4929 nica;
2436 4877 2489 4921 et
2517 4871 2673 4935 paulo
2697 4861 2817 4933 post
2845 4869 3010 4935 patris
3037 4881 3253 4935 nomen,
3270 4867 3421 4935 quod
3451 4871 3531 4935 est
3554 4865 3849 4935 Patricius.
3875 4861 3925 4928 11ζ

2316 4939 2336 4970 ³
2372 4927 2500 4983 Edd.
2518 4927 2542 4982 ’;
2570 4927 2821 4994 Per-cepta
2845 4927 3111 4995 Baptismi
3133 4927 3348 4991 gratia,-
3377 4929 3471 4977 sed
3498 4941 3676 4978 vocem
3704 4927 3925 4991 Baptismi

2254 5012 2361 5047 non
2394 4996 2738 5061 habentltlss.
2955 5058 2963 5061 Α
3102 5058 3109 5061 _
3299 5052 3313 5061 ,
3395 5052 3427 5061 __
3576 5057 3585 5061 _
3710 5049 3762 5061 ,,

2315 5068 2333 5095 ι
2362 5060 2556 5107 Omnes
2578 5059 2698 5107 Mss.
2718 5056 2971 5106 omittunt
2994 5058 3136 5104 curis
3152 5052 3518 5111 saecularibus,
3540 5057 3593 5100 et
3617 5064 3681 5100 ex
3709 5049 3793 5100 his
3815 5060 3925 5099 unus

2254 5121 2597 5171 Floriacensis
2624 5133 2717 5182 pro
2743 5117 2998 5169 alienatis
3028 5117 3241 5180 praefert
3258 5116 3555 5182 alienatus.
3572 5113 3921 5182 —Salina_s,er

2252 5185 2459 5233 duobus
2489 5176 2776 5240 codicibus,
2810 5184 2981 5228 servat
3009 5176 3153 5229 Euris
3194 5178 3541 5228 sanularibus
3559 5190 3576 5235 ;
3608 5177 3794 5240 ex_Cd.
3822 5176 3923 5233 lteg.

2253 5250 2372 5296 1025
2398 5262 2408 5294 :
2434 5248 2496 5294 Et
2513 5258 2544 5292 ιι
2563 5259 2618 5295 se
2626 5247 2740 5306 jam
2758 5238 3262 5306 aliena/ispristinis
3280 5240 3414 5306 vitiis
3427 5256 3445 5297 ;
3467 5253 3529 5288 ex
3550 5252 3655 5287 uno
3678 5238 3923 5306 \_’aticano.

2251 5311 2340 5372 qui
2370 5308 2564 5357 omittit
2592 5301 2738 5356 curis
2762 5301 3131 5357 sa‘cularibus.
3165 5303 3291 5365 legit
3323 5304 3619 5352 alienatus.
3687 5301 3755 5350 M.

2314 5375 2333 5407 δ
2365 5371 2586 5419 Salinas.
2618 5383 2681 5417 ex
2713 5368 2839 5416 Cdd.
2876 5368 3082 5416 duobus
3110 5366 3254 5414 Vatic
3282 5402 3293 5419 .
3331 5365 3565 5414 liberari.
3660 5364 3729 5413 M.

2402 5379 2586 5425 atinas,
2618 5383 2681 5417 ex
2713 5379 2839 5416 Uda.
2876 5379 3082 5416 GUOIIUS
3116 5379 3254 5414 vane
3282 5402 3293 5425 ν
3331 5379 3565 5414 narrari.
3660 5379 3729 5413 Μ.

2315 5436 2333 5462 ⁶
2366 5433 2538 5481 Editio
2572 5430 2958 5494 Lugdunensis,
2988 5427 3110 5494 ha'c.
3203 5428 3274 5494 lii.

2311 5499 2330 5531 7
2356 5496 2487 5544 Edd.
2517 5508 2528 5541 :
2557 5483 2896 5544 Sed’vanum
2922 5483 3126 5554 utique.
3144 5516 3211 5528 —
3230 5490 3374 5538 Idem
3397 5488 3604 5538 Salinas
3634 5501 3698 5537 ex
3724 5501 3829 5537 uno
3849 5483 3920 5535 Cd.

2248 5557 2580 5679 Βθδῧέδὶὶηὶὲ,
2592 5631 2658 5667 ex
2670 5615 2759 5665 Cd.
2772 5616 2898 5679 Reg.
2916 5617 2999 5665 5H
3018 5629 3029 5663 :
3046 5615 3343 5677 ﬂagitante
3364 5614 3606 5664 Ecclesia:
3618 5612 3918 5724 necesshi‘lale
