4020 6394
71 276 155 324 3-,-
1504 269 1833 327 AUCTORE
1871 266 2202 326 POSSIDIO.
3535 292 3601 345 38

70 396 288 452 dendo
321 402 379 452 et
407 397 730 451 ordinando
759 396 1092 467 presbytero
1121 395 1331 450 civitati
1362 396 1403 462 ί,
1447 395 1672 467 plebem
1704 389 1805 446 Dei

71 486 512 557 alloquerctur,
559 489 616 540 et
667 484 1096 549 exhortaretur;
1122 483 1242 555 jam
1273 483 1515 538 scientes
1542 478 1804 537 catholici

69 574 277 628 sancti
303 572 611 644 Augustini
656 572 1015 644 propositum
1045 576 1101 626 et
1140 572 1476 640 doctrinam,
1505 587 1682 626 manu
1710 570 1799 625 in-

61 664 241 733 jecta
292 662 595 734 (quoniam
640 666 695 716 et
721 661 875 716 idem
904 661 965 715 in
995 662 1207 733 populo
1236 678 1464 716 securus
1489 665 1544 715 et
1569 660 1801 733 ignarus

70 751 232 821 quid
267 751 533 805 futurum
562 754 711 806 esset
751 748 968 805 astabat
1002 766 1015 804 :
1049 750 1264 805 solebat
1292 755 1483 805 autem
1510 749 1705 815 laicus,
1736 751 1803 802 ut

71 838 264 893 nobis
297 839 541 906 dicebat,
582 840 653 894 ab
683 839 764 893 eis
792 842 1013 893 tantum
1045 838 1294 893 ecclesiis
1322 855 1453 911 quae
1482 854 1598 893 non
1627 838 1800 892 habe-

74 932 223 982 rent
253 928 577 1003 episcOpos,
600 945 763 983 suam
787 928 1073 983 abstinere
1097 928 1489 1000 praesentiam)
1507 944 1642 983 eum
1666 942 1801 997 ergo

71 1022 429 1084 tenuerunt,
462 1022 539 1087 et,
570 1022 637 1071 ut
664 1018 724 1071 in
751 1017 958 1072 talibus
986 1023 1325 1073 consuetum
1351 1021 1437 1071 est
1465 1016 1504 1082 ³,
1539 1016 1801 1088 episcopo

74 1106 479 1161 ordinandum
527 1106 866 1175 intulerunt,
898 1105 1166 1161 omnibus
1202 1106 1264 1160 id
1292 1121 1407 1160 uno
1438 1120 1717 1159 consensu
1746 1105 1804 1157 et

74 1193 384 1248 desiderio
412 1195 539 1249 fieri
569 1194 878 1265 perﬁcique
898 1193 1241 1265 petentibus,
1264 1208 1591 1264 magnoque
1616 1191 1802 1246 studio

74 1287 144 1337 et
172 1284 430 1337 clamore
460 1282 871 1354 ﬂagitantibus,
894 1282 1139 1337 ubertim
1162 1286 1237 1336 'eo
1267 1284 1441 1337 ﬂente
1470 1299 1483 1336 :
1512 1278 1804 1335 nonnullis

80 1372 337 1443 quidem
368 1372 649 1443 lacrymas
682 1372 825 1442 ejus,
855 1375 920 1427 ut
946 1371 1109 1426 nobis
1142 1372 1262 1442 ipse
1292 1370 1507 1434 retulit,
1538 1374 1672 1424 tunc
1700 1385 1801 1423 su-

79 1460 269 1530 perbe
294 1459 830 1531 interpretantibus,
853 1464 909 1533 et
928 1465 1205 1532 tanquam
1229 1475 1363 1514 eum
1383 1457 1803 1513 consolantibus

80 1565 157 1603 ac
207 1549 552 1617 dicentibus,
604 1548 741 1621 quia
784 1554 843 1604 et
894 1549 1053 1604 locus
1094 1547 1453 1621 presbyterii,
1502 1546 1634 1603 licet
1681 1546 1802 1617 ipse

82 1639 315 1709 majore
346 1637 559 1709 dignus
589 1624 755 1705 esset,
785 1637 1272 1709 appropinquaret
1295 1640 1489 1692 tamen
1510 1636 1801 1708 episcopa-

81 1726 195 1793 tui,
228 1743 367 1781 cum
408 1727 504 1782 ille
533 1725 710 1782 homo
751 1726 870 1793 Dei,
904 1731 967 1780 ut
995 1726 1157 1780 nobis
1186 1725 1403 1791 retulit,
1433 1724 1640 1796 majori
1665 1740 1802 1779 con-

80 1815 443 1870 sideratione
463 1815 811 1887 intelligeret
828 1819 885 1869 et
900 1818 1174 1886 gemeret,
1201 1830 1375 1886 quam
1403 1814 1586 1868 multa
1608 1816 1664 1867 et
1686 1827 1803 1866 ma-

79 1920 204 1973 gna
246 1920 369 1958 sua:
411 1903 541 1958 vitae
584 1904 839 1975 pericula
882 1904 952 1958 de
990 1902 1273 1976 regimine
1303 1906 1363 1958 et
1388 1900 1802 1973 gubernatione

84 1991 361 2046 Ecclesia:
400 1991 734 2062 impendere
757 1992 880 2063 jam
909 2008 974 2045 ac
1003 1990 1302 2063 provenire
1334 1993 1612 2061 spectaret
1641 1994 1683 2054 ³,
1714 1993 1802 2043 at-

81 2096 203 2149 que
243 2078 378 2134 ideo
424 2080 605 2135 ﬂeret.
656 2081 722 2134 Et
759 2095 979 2145 eorum,
1012 2082 1075 2133 ut
1102 2078 1421 2146 voluerunt,
1454 2077 1803 2149 completum

87 2173 180 2220 est
211 2165 590 2222 desiderium.

93 2301 336 2356 CAPUT
363 2302 427 2354 ν.
459 2330 531 2342 -
558 2302 937 2355 Monasterium
963 2300 1221 2354 instituit.
1247 2299 1500 2355 Valerius
1525 2299 1803 2367 episcopus

162 2391 483 2456 Augustino
513 2387 821 2458 presbytero
852 2388 950 2442 dat
983 2391 1299 2459 potestatem
1321 2402 1501 2442 coram
1522 2402 1576 2441 se
1600 2384 1801 2456 pradi-

162 2479 335 2533 candi
376 2478 590 2532 uerbum
621 2479 740 2531 Dei.

162 2595 373 2647 Factus
431 2609 565 2664 ergo
630 2591 924 2664 presbyter
968 2589 1380 2646 monasterium
1427 2587 1577 2641 intra
1626 2585 1802 2640 eccle-

86 2691 241 2746 siam
289 2707 428 2744 mox
474 2688 755 2755 instituit;
804 2693 861 2744 et
906 2704 1037 2743 cum
1078 2686 1180 2742 Dei
1219 2686 1391 2741 servis
1416 2684 1603 2739 vivere
1633 2682 1805 2753 coepit

86 2779 416 2835 secundum
454 2778 694 2833 modum
733 2782 791 2833 et
836 2778 1095 2847 regulam
1124 2775 1227 2830 sub
1271 2773 1476 2829 sanctis
1515 2769 1803 2843 Apostolis

84 2868 470 2923 constitutam
503 2866 525 2901 ’⁸
557 2866 702 2936 (Act.
755 2882 828 2926 iv.
881 2865 968 2936 32)
1004 2882 1016 2919 :
1050 2864 1299 2918 maxime
1342 2867 1407 2917 ut
1434 2876 1605 2916 nemo
1636 2858 1801 2931 quid-

85 2973 273 3030 quam
330 2955 633 3029 proprium
698 2954 759 3008 in
803 2954 901 3008 illa
950 2953 1213 3008 societate
1255 2951 1510 3017 haberet,
1567 2949 1666 3003 sed
1722 2946 1804 3002 eis

86 3050 287 3101 essent
331 3044 528 3100 omnia
566 3042 914 3110 communia,
946 3046 1002 3096 et
1029 3041 1468 3096 distribueretur
1496 3036 1803 3107 unicuique

85 3137 243 3190 sicut
282 3151 428 3206 opus
467 3137 616 3200 erat;
660 3132 809 3204 quod
841 3132 960 3203 jam
1006 3130 1127 3202 ipse
1164 3128 1324 3200 prior
1349 3128 1563 3183 fecerat
1590 3124 1633 3189 ⁵,
1665 3124 1802 3179 dum

90 3227 168 3281 de
203 3222 608 3279 transmarinis
637 3222 706 3276 ad
740 3238 842 3275 sua
882 3224 1214 3275 remeasset.
1253 3218 1490 3273 Sanctus
1534 3230 1669 3269 vero
1698 3215 1802 3268 Va-

87 3313 276 3369 lerius
303 3312 599 3367 ordinator
629 3311 770 3381 ejus,
793 3314 858 3364 ut
875 3313 996 3364 erat
1021 3308 1108 3363 vir
1135 3307 1264 3379 pius
1287 3310 1344 3361 et
1371 3307 1551 3360 Deum
1570 3304 1799 3369 timens,

89 3401 437 3461 exsultabat.
483 3404 541 3454 et
580 3400 694 3454 Deo
737 3396 948 3467 gratias
987 3396 1212 3468 agebat,
1262 3411 1393 3450 suas
1441 3392 1733 3449 cxauditas
1772 3409 1804 3445 a

92 3490 349 3546 Domino
392 3487 566 3543 fuisse
597 3503 813 3557 preces,
846 3502 986 3556 quas
1011 3501 1069 3539 se
1100 3481 1562 3555 frequentissime
1591 3479 1804 3535 fudisse

88 3580 389 3645 narrabat,
443 3582 504 3632 ut
543 3576 654 3631 sibi
703 3575 975 3630 divinitus
1014 3575 1185 3629 homo
1218 3572 1623 3627 concederetur
1652 3568 1801 3634 talis,

88 3669 200 3740 qui
247 3672 443 3738 posset
487 3665 657 3719 verbo
700 3663 801 3719 Dei
847 3667 905 3717 et
945 3662 1200 3735 doctrina
1239 3659 1453 3715 salubri
1500 3656 1804 3713 Ecclesiam

92 3756 331 3812 Domini
373 3754 657 3810 aediﬁcare
705 3769 718 3807 :
761 3752 853 3807 cui
883 3751 967 3806 rei
996 3767 1054 3805 se
1081 3750 1254 3804 homo
1303 3753 1507 3803 natura
1556 3748 1802 3812 Graecus,

91 3846 411 3917 minusque
460 3843 639 3898 latina
684 3841 882 3912 lingua
928 3844 987 3894 et
1021 3839 1224 3894 litteris
1252 3837 1584 3902 instructus,
1614 3835 1805 3890 minus

91 3935 305 3990 utilem
350 3931 698 4004 pervidebat.
749 3931 814 3985 Et
855 3928 1041 3984 eidem
1088 3926 1421 3999 presbytero
1461 3927 1805 3996 potestatem

92 4024 261 4080 dedit
307 4038 498 4077 coram
538 4037 597 4076 se
633 4019 696 4074 in
737 4017 973 4074 ecclesia
1015 4015 1383 4087 Evangelium
1428 4011 1802 4084 praedicandi,

93 4132 164 4169 ac
193 4110 658 4184 frequentissime
698 4106 1014 4174 tractandi;
1056 4109 1255 4159 contra
1294 4118 1460 4157 usum
1488 4100 1719 4172 quidem
1750 4104 1807 4154 et

92 4200 577 4257 consuetudinem
598 4197 989 4252 Africanarum
1013 4193 1386 4253 Ecclesiarum
1417 4207 1430 4245 :
1459 4190 1609 4245 unde
1633 4189 1806 4244 etiam

94 4292 152 4347 ei
184 4288 458 4346 nonnulli
487 4285 738 4358 episcopi
764 4284 1160 4339 detrahebant.
1193 4280 1302 4336 Sed
1332 4279 1427 4333 ille
1455 4278 1543 4333 vir
1570 4294 1806 4332 venera-

92 4380 234 4436 bilis
277 4395 343 4433 ac
368 4375 642 4450 providus
670 4375 733 4429 in
758 4372 1139 4429 Orientalibus
1170 4368 1428 4424 Ecclesiis
1464 4366 1523 4421 id
1552 4383 1620 4421 ex
1648 4381 1807 4420 more

92 4469 228 4524 ﬁeri
280 4467 464 4522 sciens
513 4469 571 4520 et
616 4468 804 4519 certus
840 4461 886 4530 θ,
936 4466 989 4516 et
1033 4453 1266 4514 utilitati
1297 4456 1557 4512 Ecclesiae
1600 4471 1805 4509 consu-

94 4559 249 4626 lens,
297 4553 742 4612 obtrectantium
786 4567 903 4606 non
953 4549 1188 4605 curabat
1216 4546 1463 4618 linguas,
1496 4543 1808 4599 dummodo

92 4646 458 4702 factitaretur
499 4660 533 4697 a
576 4641 931 4714 presbytero,
981 4637 1131 4709 quod
1187 4652 1219 4689 a
1271 4652 1332 4689 se
1382 4633 1648 4705 episcopo
1701 4630 1809 4685 im-

91 4734 249 4807 pleri
277 4731 517 4788 minime
562 4745 724 4802 posse
756 4728 1044 4783 cernebat.
1079 4724 1237 4779 Unde
1267 4737 1500 4777 accensa
1526 4724 1582 4775 et
1604 4720 1837 4774 ardens-

92 4826 322 4879 elevata
364 4836 537 4892 super
575 4817 980 4873 candelabrum
1029 4815 1283 4882 lucerna,
1316 4809 1582 4865 omnibus
1620 4807 1719 4880 qui
1750 4809 1810 4863 in

92 4914 277 4969 domo
315 4913 479 4964 erant
526 4907 753 4962 lucebat
802 4905 1018 4977 (Matth.
1070 4904 1267 4972 v,15).
1317 4902 1383 4955 Et
1432 4903 1631 4971 postea
1676 4913 1806 4952 cur-

92 5006 265 5058 rente
312 5004 368 5054 et
408 4998 634 5053 volante
677 4992 1010 5067 hujusmodi
1051 4992 1224 5059 fama,
1273 4989 1424 5044 bono
1452 4986 1808 5059 praecedente

93 5088 394 5160 exemplo,
440 5088 667 5156 accepta
710 5083 780 5138 ab
828 5078 1107 5153 episcopis
1156 5080 1460 5151 potestate,
1492 5072 1808 5146 presbyteri

164 5217 178 5248 ³
212 5211 353 5274 Edit.
387 5208 588 5274 Lugd.._
604 5205 874 5274 ciqt_lutis._

160 5255 836 5332 2'Sa—lina—s,’lin—th.’Vatic.
860 5268 978 5316 1190
999 5280 1011 5313 :
1034 5264 1096 5314 Et
1117 5265 1253 5314 utin
1276 5260 1468 5313 tatibus
1488 5255 1811 5310 consuetudo

99 5340 198 5388 est.
268 5335 337 5384 Μ.

161 5406 182 5435 ³
204 5398 337 5447 Cdd.
370 5396 517 5455 Mss.,
538 5394 810 5455 speraret.

163 5464 184 5496 ε
206 5443 441 5518 Salinas,
460 5443 536 5507 'e'x
564 5443 658 5506 'Cd.
681 5454 846 5504 Vatic.
886 5452 1005 5502 1188
1037 5466 1049 5500 :
1096 5451 1158 5500 Et
1179 5447 1427 5511 regulam
1444 5444 1509 5495 ab
1540 5443 1808 5507 Apostotts

99 5526 471 5575 constitutam.
544 5518 606 5567 M.

162 5567 444 5643 Esaia};
461 5567 532 5632 ex
558 5580 651 5630 Cd.
682 5578 848 5629 Vatic.
882 5577 1002 5626 1190
1022 5589 1033 5623 :
1053 5571 1203 5636 Quod
1214 5573 1333 5635 jam
1353 5570 1464 5636 ipse
1488 5571 1644 5635 prius
1672 5567 1807 5632 fece-

102 5648 540 5761 raﬁl'Adbdidimus
569 5717 633 5755 ex
667 5703 813 5763 Μιςε.9
849 5702 902 5751 et
925 5701 1098 5750 certus

1914 410 2173 465 nonnulli
2219 428 2411 469 coram
2442 416 2721 489 episcopis
2767 420 2996 491 populis
3024 425 3265 479 tractare
3312 432 3606 497 coeperunt

1912 497 2149 554 verbum
2180 501 2299 557 Dei.

1912 635 2061 692 CAP.
2084 639 2172 693 VI.
2191 669 2264 681 —
2283 643 2566 712 Conﬁictus
2583 646 2819 714 August.
2838 663 2957 702 cum
2973 649 3267 705 Fortunato
3286 653 3601 707 Manichaeo.

1982 760 2125 816 Sane
2176 764 2237 817 in
2291 765 2390 820 illa
2454 771 2591 822 tunc
2652 768 3007 841 Hipponensi
3061 771 3202 826 urbe
3267 772 3604 829 Manichaeo-

1910 866 2040 905 rum
2069 853 2394 922 pestilentia
2432 873 2604 927 quam
2633 859 2911 929 plurimos
2938 861 3027 914 vel
3058 859 3205 914 cives
3232 861 3319 915 vel
3349 866 3606 934 peregri-

1910 955 2016 993 nos
2044 946 2099 995 et
2127 942 2399 998 infecerat
2432 946 2451 981 ί
2478 949 2535 1000 et
2570 950 2984 1017 penetraverat,
3037 950 3341 1003 seducente
3371 955 3427 1004 et
3458 950 3607 1005 deci-

1908 1028 2106 1098 piente
2152 1031 2406 1102 ejusdem
2459 1034 2693 1089 haeresis
2739 1036 2985 1107 quodam
3033 1038 3364 1108 presbytero
3424 1040 3603 1095 nomi-

1911 1136 1983 1174 ne
2032 1122 2361 1186 Fortunato,
2403 1123 2617 1179 ibidem
2665 1131 3032 1181 conversante
3085 1132 3253 1200 atque
3310 1135 3604 1187 manente.

1911 1210 2128 1264 Interea
2177 1211 2568 1282 Hipponenses
2618 1215 2766 1269 cives
2814 1220 2871 1271 et
2914 1213 2939 1249 ²
2965 1217 3255 1286 peregrini
3299 1219 3606 1274 Christiani

1909 1303 2028 1352 tam
2057 1300 2320 1355 catholici
2367 1318 2539 1372 quam
2568 1302 2737 1357 etiam
2788 1303 3094 1359 Donatistae
3133 1305 3344 1361 adeunt
3371 1308 3603 1379 presby-

1910 1389 2097 1440 terum
2125 1393 2165 1455 ³,
2197 1405 2262 1443 ac
2297 1389 2625 1461 deposcunt,
2667 1396 2732 1445 ut
2760 1391 2923 1446 illum
2951 1392 3248 1447 hominem
3274 1394 3600 1450 Manichaeoc

1910 1490 2041 1530 rum
2088 1477 2503 1548 presbyterum,
2531 1496 2704 1551 quem
2752 1480 2983 1535 doctum
3011 1481 3334 1548 credebant,
3367 1482 3602 1551 videret,

1913 1568 1970 1619 et
2018 1581 2148 1620 cum
2202 1567 2405 1621 eodem
2461 1569 2531 1623 de
2588 1569 2732 1640 Lege
2779 1573 3064 1624 tractaret.
3111 1570 3270 1635 Quod
3318 1570 3493 1638 idem,
3542 1577 3608 1627 ut

1911 1653 2185 1725 scriptum
2217 1660 2316 1725 est,
2340 1661 2573 1727 paratus
2603 1658 2672 1712 ad
2702 1657 3132 1728 responsionem
3162 1658 3323 1712 omni
3350 1659 3606 1730 poscenti

1912 1759 1971 1797 se
1997 1743 2277 1798 rationem
2310 1746 2379 1799 de
2412 1746 2523 1801 ﬁde
2575 1750 2632 1800 et
2671 1762 2770 1816 spe
2816 1763 2946 1818 quae
2973 1746 3033 1800 in
3073 1748 3253 1801 Deum
3280 1752 3365 1801 est
3389 1747 3431 1819 (Ι
3461 1750 3602 1802 Petr.

1911 1848 1993 1899 Ill,
2028 1833 2132 1901 15),
2160 1838 2480 1904 potensque
2511 1834 2798 1889 exhortari
2827 1833 2887 1888 in
2915 1835 3172 1889 doctrina
3200 1852 3356 1903 sana,
3388 1840 3445 1890 et
3473 1853 3605 1891 con-

1911 1920 2252 1976 tradicentes
2298 1923 2643 1993 redarguere
2692 1924 2822 1994 (Tit.
2885 1940 2925 1989 1,
2981 1925 3052 1991 9).
3110 1923 3349 1978 minime
3392 1924 3604 1980 renuit.

1912 2008 2018 2063 Sed
2051 2012 2246 2064 utrum
2291 2010 2465 2064 etiam
2511 2010 2607 2064 ille
2648 2010 2759 2085 hoc
2788 2010 2913 2064 ﬁeri
2940 2012 3127 2078 vellet,
3160 2012 3472 2066 sciscitatus
3502 2018 3605 2068 est.

1911 2097 1981 2150 At
2005 2096 2089 2151 illi
2118 2097 2417 2153 confestim
2444 2098 2515 2153 ad
2545 2099 2733 2170 ipsum
2766 2101 3141 2155 Fortunatum
3170 2100 3227 2154 id
3259 2101 3602 2170 detulerunt,

1912 2188 2170 2253 petentes
2217 2187 2274 2239 et
2302 2185 2659 2240 exhortantes
2687 2202 2753 2240 ac
2800 2186 3139 2257 ﬂagitantes,
3178 2188 3331 2258 quod
3352 2188 3405 2243 id
3436 2188 3606 2243 mini-

1912 2287 2005 2325 me
2057 2276 2359 2327 recusaret.
2402 2273 2548 2328 Sane
2593 2274 2869 2345 quoniam
2914 2274 3068 2329 idem
3114 2277 3454 2331 Fortunatus
3485 2278 3608 2349 jam

1914 2361 2065 2431 apud
2087 2361 3404 2433 CarthaginemsanctumnoveratAugustinum
3426 2367 3609 2420 adhuc

1912 2449 1975 2503 in
2030 2449 2233 2503 eodem
2276 2466 2469 2503 secum
2523 2465 2714 2504 errore
2760 2450 3162 2518 constitutum;
3222 2468 3350 2507 cum
3405 2454 3607 2508 eodem

1913 2535 2181 2607 congredi
2235 2537 2549 2608 pavitabat.
2612 2539 3012 2593 Verumtamen
3068 2556 3304 2594 suorum
3360 2543 3605 2596 maxime

1913 2624 2185 2680 instantia
2224 2630 2449 2680 coactus
2479 2643 2542 2680 ac
2589 2628 3021 2697 verecundatus,
3050 2628 3314 2698 promisit
3339 2629 3400 2683 in
3428 2630 3606 2684 comi-

1914 2731 2020 2769 nus
2070 2731 2130 2769 se
2176 2730 2296 2769 esse
2327 2719 2650 2781 venturum,
2683 2720 3087 2787 certamenque
3117 2717 3442 2788 disputandi
3474 2718 3607 2773 sub-

1912 2803 2148 2858 iturum.
2197 2803 2351 2859 Unde
2407 2804 2665 2858 condicto
2713 2804 2802 2858 die
2842 2809 2900 2858 ct
2944 2805 3068 2858 loco
3115 2811 3505 2861 convenerunt
3550 2807 3611 2861 in

1912 2906 2116 2959 unum,
2154 2892 2624 2945 concurrentibus
2664 2909 2835 2963 quam
2876 2892 3140 2962 plurimis
3178 2893 3443 2948 studiosis
3482 2899 3605 2949 tur-

1911 2978 2113 3049 bisque
2136 2979 2393 3043 curiosis,
2426 2984 2484 3034 et
2512 2979 2722 3050 apertis
2745 2979 3098 3034 notariorum
3117 2980 3325 3035 tabulis
3346 2986 3387 3050 ‘,
3419 2982 3613 3053 dispu-

1912 3065 2051 3121 tatio
2095 3071 2278 3137 coepta
2306 3066 2513 3138 primo,
2557 3073 2615 3121 et
2659 3067 2907 3121 secundo
2937 3067 3101 3122 ﬁnita
3139 3073 3223 3123 est
3258 3068 3366 3123 die.
3403 3070 3467 3123 In
3498 3086 3611 3141 qua

1846 3185 1851 3190 -
1913 3154 2008 3210 ille
2038 3155 2378 3211 Manichasus
2396 3159 2734 3225 praeceptor,
2768 3160 2830 3209 ut
2854 3160 3142 3226 gestorum
3162 3157 3420 3211 continet
3442 3158 3604 3224 ﬁdes,

1916 3260 2017 3297 nec
2059 3243 2392 3298 catholicam
2438 3243 2809 3297 assertionem
2856 3244 3042 3313 potuit
3068 3261 3328 3311 vacuare,
3360 3262 3466 3300 nec
3495 3246 3607 3301 Ma-

1916 3332 2265 3387 nichaeorum
2297 3336 2504 3386 sectam
2536 3331 2771 3386 veritate
2803 3331 3100 3386 subnixam
3130 3333 3308 3387 valuit
3344 3351 3605 3405 compro-

1914 3420 2048 3475 bare
2086 3437 2099 3474 :
2146 3420 2243 3474 sed
2274 3419 2643 3490 responsione
2671 3419 2939 3474 deficiens
2969 3419 3010 3487 ⁵,
3042 3420 3244 3475 ultimo
3269 3422 3606 3478 collaturum

1914 3524 1973 3562 se
2002 3524 2130 3562 cum
2163 3508 2294 3561 suis'
2325 3508 2638 3578 majoribus
2669 3524 2755 3573 ea,
2799 3525 2929 3579 qua:
2971 3509 3227 3565 refellere
3256 3526 3370 3565 non
3401 3512 3607 3581 potuit,

1913 3601 2248 3667 prosecutus
2297 3602 2410 3663 est;
2445 3603 2503 3651 et
2552 3596 2599 3650 si
2646 3597 2753 3651 sibi
2805 3597 2952 3651 forte
2983 3597 3053 3653 de
3082 3599 3172 3653 his
3204 3600 3342 3653 satis
3372 3600 3609 3655 minime

1911 3684 2193 3751 fecissent,
2254 3701 2371 3738 suae
2426 3683 2636 3738 animae
2693 3686 3089 3740 consulturum
3140 3702 3153 3740 :
3214 3692 3384 3759 atque
3434 3688 3511 3742 ila
3543 3690 3613 3743 ab

1916 3774 2182 3829 omnibus
2206 3773 2353 3843 apud
2386 3790 2531 3844 quos
2560 3789 2802 3845 magnus
2827 3777 2883 3827 et
2904 3774 3099 3828 doctus
3119 3775 3435 3844 videbatur,
3468 3777 3613 3832 nihil

1914 3863 2156 3917 valuisse
2206 3862 2266 3916 in
2312 3878 2431 3915 sua:
2480 3866 2645 3915 sectae
2692 3861 2999 3916 assertione
3040 3863 3330 3931 judicatus
3359 3871 3460 3919 est.
3494 3867 3615 3929 Qua

1914 3951 2011 4006 illa
2038 3949 2369 4005 confusione
2411 3950 2666 4015 affectus,
2716 3954 2774 4003 et
2803 3951 3063 4021 sequenti
3090 3956 3347 4022 tempore
3378 3954 3446 4008 de
3479 3954 3613 4025 Hip-

1913 4037 2157 4109 ponensi
2202 4036 2427 4091 civitate
2472 4036 2780 4108 profectus,
2812 4037 2883 4092 ad
2922 4053 3050 4091 eam
3093 4038 3339 4109 amplius
3376 4056 3494 4094 non
3521 4058 3611 4095 re-

1914 4126 2124 4181 meavit
2152 4143 2164 4180 :
2189 4143 2252 4181 ac
2271 4125 2350 4180 sic
2372 4142 2476 4196 per
2489 4130 2874 4180 memoratum
2905 4126 3004 4179 Dei
3029 4126 3326 4181 hominem
3353 4129 3612 4185 omnium

1916 4215 2198 4279 cordibus,
2232 4215 2321 4268 vel
2352 4213 2452 4285 qui
2491 4214 2750 4282 aderant,
2798 4214 2885 4268 vel
2925 4213 3025 4284 qui
3054 4214 3315 4269 absentes
3344 4213 3442 4269 illa
3485 4230 3615 4286 quas

1915 4308 2072 4378 gesta
2104 4308 2238 4358 sunt
2286 4308 2690 4373 cognoverant,
2740 4318 2899 4356 error
2926 4302 3020 4357 ille
3061 4302 3300 4370 ablatus,
3334 4303 3614 4358 catholica

1918 4400 2003 4449 est
2027 4392 2293 4448 intimata
2326 4408 2388 4446 ac
2416 4396 2638 4446 retenta
2666 4391 2884 4445 sincera
2913 4390 3135 4461 religio.

1917 4502 2140 4557 CAPUT
2165 4501 2283 4555 VII.
2314 4529 2386 4541 -—
2413 4500 2568 4554 Libri
2596 4504 2644 4553 et
2672 4502 2937 4553 tractatus
2962 4498 3265 4565 Augustini
3281 4502 3468 4553 contra
3486 4498 3616 4567 ﬁdei

1988 4594 2160 4647 hostes
2186 4590 2253 4644 ab
2282 4592 2415 4659 ipsis
2443 4592 2607 4643 etiam
2635 4589 2898 4643 haereticis
2920 4589 3127 4655 ingenti
3154 4588 3350 4642 ardore
3379 4590 3611 4658 eat-copti.

1990 4700 2055 4753 Et
2122 4696 2361 4751 docebat
2405 4711 2469 4749 ac
2525 4694 2868 4766 praedicabat
2918 4693 3013 4747 ille
3059 4694 3330 4765 privatim
3388 4699 3446 4749 et
3497 4711 3608 4765 pu-

1983 4823 1997 4855 ι
2030 4819 2123 4881 εἰς
2148 4818 2269 4866 Mss.
2303 4816 2439 4867 Editi
2463 4829 2589 4866 vero
2626 4829 2638 4863 :
2666 4816 2835 4876 Quam
2864 4814 3283 4877 plurimoscices
3306 4819 3358 4867 et
3378 4821 3616 4881 peregri-

1918 4896 2017 4933 nos
2036 4879 2321 4991 in{ecerat.
3379 4879 3394 4881 “
3508 4879 3520 4881 “

1979 4947 2001 5015 ξ
2031 4944 2097 4993 Sa
2120 4943 2234 5015 inas
2264 4955 2329 5015 ex
2494 4939 2681 4997 Vatic.,
2702 4937 2810 5015 uel.
2836 4938 3315 5015 Adoptavi'ttamen
3341 4955 3518 5015 vocem
3547 4945 3614 5001 et,

1918 5006 2071 5069 cujus
2095 5005 2168 5054 rei
2196 5002 2569 5069 datrationem
2597 5004 2901 5069 sequentem
2926 5016 2936 5049 :
2967 5019 2992 5047 α
3019 5002 3157 5051 Nihil
3178 5003 3232 5051 in
3254 5006 3400 5069 textu
3434 5004 3617 5069 immn-

1920 5063 2164 5129 tavimus,
2196 5064 2540 5129 Parisiensem
2573 5063 2734 5129 secuti
2771 5063 3074 5129 editionem,
3106 5066 3345 5129 quamvis
3376 5079 3481 5113 non
3501 5066 3614 5129 fab-

1919 5136 2075 5180 surde
2113 5125 2214 5191 legi
2257 5127 2439 5191 possit,
2486 5130 2544 5175 ut
2587 5125 2640 5174 hi
2671 5126 2776 5174 duo
2807 5126 3012 5175 codices
3041 5125 3234 5186 ferunt,
3266 5127 3470 5176 favente
3499 5128 3614 5176 loco

1918 5190 2440 5368 jafgditlitgtueuhrit
2459 5251 2807 5311 Augustinum
2824 5228 3214 5313 presbyterum.
3242 5250 3400 5299 Abest
3415 5255 3620 5310 Augus-

1940 5330 2097 5367 mum
2120 5330 2152 5365 a
2212 5330 2213 5333 η
2235 5329 2303 5363 ss.

1940 5330 2097 5367 mum
2120 5330 2152 5365 8.
2181 5329 2303 5363 MSS.

1980 5383 1999 5415 ι
2029 5378 2154 5427 Cdd.
2193 5377 2312 5425 Mss.
2350 5390 2361 5425 :
2399 5377 2459 5439 Et
2480 5377 2683 5439 apertis
2704 5373 2902 5439 notarii
2929 5374 3135 5439 tubulis.

1979 5445 2000 5477 ὕ
2027 5440 2230 5490 Salinas
2262 5453 2274 5486 :
2313 5438 2409 5488 Sed
2438 5433 2773 5499 responsione
2797 5433 3616 5499 dc/icicns_uttima._collaturum

1915 5518 1982 5561 se,
2016 5509 2115 5553 etc.
2140 5497 2872 5563 llencisubjicit’notationem
2895 5513 2905 5546 :
2932 5498 3009 5563 Ita
3034 5497 3217 5563 legunt
3237 5497 3366 5563 Mss.
3389 5502 3619 5561 quatuor

1916 5558 2063 5622 Cdd.,
2092 5568 2146 5615 et
2178 5558 2583 5625 quidem'recte.
2614 5559 2743 5625 Alite
2771 5574 2895 5610 vero
2924 5558 3181 5625 editiones
3221 5559 3368 5625 :_Sed
3406 5558 3619 5624 respon-

1917 5618 2066 5690 sione
2095 5618 2351 5690 deﬁciens.
2386 5624 2580 5674 ultimo
2606 5622 2931 5690 collaturum
2963 5633 3029 5676 se,
3072 5623 3171 5669 etc.
3220 5618 3396 5671 Codex
3425 5618 3566 5673 un'us
3604 5638 3617 5673 :

1924 5689 2107 5741 Ultima
2127 5683 2465 5740 collaturum
2485 5697 2556 5743 se,
2577 5686 2675 5733 etc.
2742 5683 2809 5732 M.
