4020 6348
419 323 484 374 39
1634 312 1793 364 Vl'l‘A
1842 313 1898 365 s.
1949 314 2322 367 AUGIIS'I‘INI
2376 315 2706 369 EPISCOPI.
3873 319 3937 369 rm
3992 278 3993 293 Ν

415 437 582 505 blice,
630 436 691 490 in
739 435 910 489 domo
952 439 1010 488 et
1052 434 1111 487 in
1154 432 1408 500 ecclesia,
1457 433 1655 487 salutis
1702 434 1939 488 verbum
1987 451 2118 489 cum

418 526 576 583 omni
625 522 838 580 ﬁducia
881 523 1150 578 adversus
1188 521 1478 575 Africanas
1524 522 1789 591 hmreses,
1841 523 2115 577 maxime-

415 631 528 687 que
575 616 775 667 contra
816 608 1157 675 Donatistas,
1199 608 1540 662 Manichaeos
1582 614 1635 662 et
1680 611 1938 680 Paganos
1969 612 2008 676 ί,
2052 611 2114 665 li-

414 703 535 760 bris
580 700 868 765 confectis,
924 703 982 751 et
1018 697 1332 766 repentinis
1374 697 1397 727 ²
1449 698 1827 766 sermonibus,
1860 698 2116 753 inell‘abi-

417 794 549 848 liter
596 787 1011 845 admirantibus
1056 786 1391 841 Christianis
1435 792 1492 840 et
1528 788 1943 842 collaatantibus
1975 792 2015 854 ³,
2058 793 2115 842 et

416 884 525 939 hoc
571 880 762 952 ipsum
805 877 905 931 ubi
946 880 1211 947 poterant
1254 892 1373 929 non
1420 875 1758 944 tacentibus,
1806 878 1903 930 sed
1951 877 2111 931 dill‘a-

413 969 732 1026 mantibus.
787 966 1015 1036 Sicque,
1082 964 1384 1035 adjuvante
1436 964 1680 1018 Domino
1721 969 1761 1032 ‘,
1814 966 1998 1019 levare
2053 965 2112 1019 in

413 1060 601 1115 Africa
666 1055 906 1112 Ecclesia
956 1052 1232 1107 catholica
1287 1069 1485 1107 exorsa
1533 1057 1618 1107 est
1665 1058 1835 1124 caput
1879 1052 1922 1117 ⁵,
1984 1071 2112 1125 quae

414 1148 597 1203 multo
618 1151 876 1215 tempore
897 1141 1014 1196 illic
1046 1142 1070 1174 ⁸
1100 1141 1624 1195 convalescentibus
1644 1141 1944 1207 haereticis,
1970 1160 2113 1213 prae-

410 1237 692 1309 cipueque
737 1231 1128 1302 rebaptizante
1168 1230 1374 1284 Donati
1406 1235 1567 1301 parte
1599 1231 1880 1300 majorem
1911 1231 2109 1285 multi-

413 1325 672 1381 tudinem
721 1322 1011 1387 Afrorum,
1046 1320 1277 1374 seducta
1317 1324 1381 1385 et.
1401 1335 1671 1390 oppressa
1707 1320 1936 1389 jacebat
1970 1318 2013 1375 7.
2050 1322 2114 1375 Et

412 1416 516 1470 bos
546 1413 669 1485 ejus
697 1411 875 1466 libros
909 1409 1023 1463 sive
1054 1413 1325 1463 tractatus
1354 1407 1604 1461 mirabili
1634 1409 1735 1462 Dei
1766 1407 1947 1479 gratia
1978 1426 2110 1479 pro-

414 1502 675 1557 cedentes
723 1516 787 1553 ae
828 1498 1197 1571 profluentes,
1266 1497 1571 1550 instructos
1625 1496 1861 1551 rationis
1928 1497 2110 1568 copia,

414 1596 583 1664 atque
630 1588 962 1644 auctoritate
996 1590 1319 1640 sanctarum
1355 1585 1796 1656 Scripturarum,
1827 1585 1937 1656 ipsi
1970 1604 2111 1657 quo-

413 1694 525 1750 que
572 1674 828 1731 hazretici
876 1678 1280 1727 concurrentes
1338 1688 1467 1726 cum
1523 1671 1825 1727 Catholicis
1892 1672 2113 1742 ingenti

412 1767 613 1822 ardore
652 1763 960 1819 audiebant
1008 1778 1020 1816 :
1073 1767 1128 1815 et
1168 1761 1450 1833 quisquis,
1486 1766 1548 1815 ut
1576 1761 1771 1828 voluit,
1805 1765 1861 1815 et
1900 1762 2110 1832 potuit,

413 1854 663 1910 notarios
712 1852 1007 1913 adhibens,
1041 1850 1214 1903 etiam
1243 1866 1309 1903 ea
1356 1866 1483 1920 qua:
1516 1848 1851 1904 dicebantur
1879 1856 2113 1921 excepta

412 1940 729 2012 descripsit.
765 1942 829 1995 Et
852 1939 984 1993 inde
1002 1938 1124 2009 jam
1156 1953 1260 2009 per
1288 1942 1475 1991 totum
1500 1937 1701 1991 Africa:
1733 1954 1935 2009 corpus
1965 1956 2110 2008 pra:-

411 2024 563 2078 clara
611 2019 868 2075 doctrina
915 2017 1172 2088 odorque
1221 2016 1591 2071 suavissimus
1639 2017 1845 2072 Christi
1874 2018 2110 2072 ditl'usus

411 2117 469 2167 et
513 2109 908 2165 manifestatus
955 2109 1060 2172 est,
1112 2106 1509 2176 congaudente
1547 2122 1796 2177 quoque,
1840 2123 1906 2160 eo
1954 2124 2110 2160 COlll-

409 2206 595 2274 perto,
628 2197 871 2255 Ecclesia
921 2196 1021 2251 Dei
1051 2195 1455 2250 transmarina.
1487 2195 1769 2259 Quoniam
1800 2196 1943 2250 sicut
1973 2197 2109 2251 dum

408 2292 627 2364 patitur
657 2304 836 2342 unum
864 2285 1212 2354 membrum,
1244 2283 1677 2355 compatiuntur
1705 2285 1898 2339 omnia
1928 2301 2108 2339 mem-

409 2381 546 2447 bra;
602 2378 681 2431 ita
733 2375 906 2431 etiam
951 2390 1083 2427 cum
1125 2372 1480 2447 glorificatur
1532 2389 1712 2427 unum
1764 2374 2109 2443 membrum,

408 2443 767 2537 congaudent
796 2461 991 2516 omnia
1021 2443 1278 2515 membra
1308 2459 1331 2494 ⁸
1361 2443 1556 2528 (ΙὈον.
1590 2477 1685 2526 xu,
1714 2462 1824 2532 26).

410 2554 638 2612 CAPUT
678 2553 818 2606 VIII.
857 2581 926 2590 —
955 2553 1282 2619 Designatur
1312 2551 1611 2619 episcopus,
1643 2552 1762 2604 tivo
1800 2551 2033 2616 Valerio,
2061 2555 2111 2603 et

816 2657 850 2693 a
878 2640 1108 2707 Megalia
1132 2640 1370 2708 primate
1400 2638 1708 2691 ordinatur.

482 2729 582 2784 Ille
638 2744 771 2783 vero
825 2728 1026 2782 beatus
1077 2744 1250 2781 senex
1302 2725 1558 2781 Valerius
1615 2726 1833 2780 caeteris
1893 2743 1960 2779 ex
2010 2727 2111 2780 hoc

409 2818 655 2891 amplius
701 2818 1010 2886 exsultans,
1058 2821 1116 2871 et
1148 2817 1262 2870 Deo
1295 2815 1511 2887 gratias
1541 2831 1715 2886 agens
1744 2815 1813 2870 de
1845 2831 2108 2869 concesso

407 2907 516 2963 sibi
575 2907 806 2979 speciali
866 2906 1167 2975 beneﬁcio,
1216 2910 1473 2960 metuere
1517 2905 1707 2977 cmpit,
1760 2910 1824 2959 ut
1880 2910 1963 2959 est
2003 2905 2108 2959 hu-

405 3013 611 3051 manus
680 2995 923 3061 animus,
975 3011 1047 3049 ne
1095 2994 1163 3048 ab
1199 2994 1312 3048 alia
1360 2993 1603 3048 Ecclesia
1650 2993 1937 3048 sacerdote
1990 2992 2107 3063 pri-

404 3091 555 3154 vata,
614 3085 684 3140 ad
741 3084 1135 3155 episcopatum
1174 3087 1549 3155 qumreretur,
1584 3087 1642 3136 et
1697 3081 1807 3136 sibi
1859 3082 2109 3136 auferre-

404 3179 500 3229 tur
548 3190 563 3228 :
612 3190 748 3228 nam
792 3177 848 3228 et
891 3172 951 3227 id
996 3172 1372 3243 provenisset,
1423 3170 1535 3224 nisi
1577 3176 1633 3225 et
1659 3171 1769 3224 hoc
1806 3171 1955 3225 idem
1988 3170 2108 3240 epi-

406 3279 613 3333 sc0pus
659 3260 910 3333 cognito,
943 3261 1015 3315 ad
1045 3261 1237 3313 locum
1267 3264 1547 3313 secretum
1581 3275 1711 3313 cum
1742 3258 1983 3313 transire
2017 3275 2110 3313 cu-

405 3356 585 3407 rasset
603 3349 647 3416 9,
678 3356 849 3421 atque
872 3348 1215 3403 occultatum
1258 3365 1289 3401 a
1318 3347 1711 3418 quaerentibus
1742 3347 1978 3401 minime
2012 3347 2099 3400 in-

405 3440 587 3496 veniri
618 3439 858 3494 fecisset.
895 3438 1052 3492 Unde
1084 3436 1329 3507 amplius
1350 3436 1665 3490 formidans
1694 3436 1849 3490 idem
1878 3452 2109 3491 venera-

406 3528 537 3583 bilis
569 3543 759 3594 senex,
793 3532 849 3581 et
880 3526 1060 3580 sciens
1106 3542 1165 3579 se
1213 3542 1452 3596 corpore
1484 3529 1540 3578 et
1588 3529 1753 3579 aetate
1783 3524 2105 3578 inﬁrmissi-

404 3634 583 3683 mum,
602 3616 720 3688 egit
739 3615 966 3670 secretis
988 3612 1192 3669 litteris
1210 3614 1358 3685 apud
1384 3613 1686 3685 primatem
1706 3614 2104 3685 episcoporum

404 3702 1013 3776 Carthaginenscm“,
1056 3703 1311 3775 allegans
1359 3702 1808 3758 imbecillitatem
1853 3703 2106 3773 corporis

403 3794 491 3850 sui
523 3794 818 3865 natalisque
849 3793 1206 3865 gravitatem,
1239 3796 1293 3846 et
1324 3792 1629 3847 obsecrans
1656 3796 1722 3846 ut
1750 3791 2105 3862 llipponensi

405 3881 665 3938 Ecclesiae
721 3882 1083 3937 ordinaretur
1133 3880 1452 3952 episcopus,
1488 3896 1603 3952 quo
1652 3897 1769 3934 suae
1822 3880 2103 3936 cathedra:

402 3987 519 4026 non
558 3975 677 4025 tam
730 3970 1073 4048 succederet,
1125 3969 1220 4024 sed
1268 3969 1642 4023 consacerdos
1670 3969 1960 4023 accederet
1996 3972 2104 4024 Au-

402 4060 682 4132 gustinus.
735 4061 818 4114 Et‘
849 4075 979 4131 qua:
1037 4057 1256 4129 optavit
1304 4062 1360 4111 ct
1415 4056 1634 4127 rogavit
1678 4063 1961 4127 satagens,
2016 4073 2103 4110 re-

400 4149 609 4219 scripto
641 4148 991 4218 impetravit.
1024 4147 1090 4200 Et
1120 4150 1319 4216 postea
1354 4146 1540 4216 petito
1575 4144 1644 4199 ad
1671 4145 2021 4199 visitandum
2051 4150 2106 4200 et

401 4236 738 4293 adveniente
792 4237 832 4273 ¹¹
883 4235 956 4289 ad
1005 4234 1311 4289 Ecelesiam
1367 4233 1788 4303 Ilipponensem
1827 4237 1962 4288 tunc
1992 4234 2106 4304 pri-

465 4329 476 4360 ¹
504 4324 662 4388 Editi,
682 4327 731 4373 et
755 4322 1105 4388 Pelagianos;
1126 4321 1506 4388 reluctantibus
1523 4321 1913 4388 manuscriptis,
1928 4326 1985 4388 et
2000 4336 2106 4371 111e-

398 4388 498 4458 ijto
515 4386 754 4458 quidem;
778 4383 1071 4449 Augustino
1091 4384 1232 4433 enim
1253 4385 1559 4448 presbytero
1578 4383 1817 4432 nondum
1838 4383 1938 4433 orti
1956 4389 2105 4433 erant

400 4450 750 4582 ὲεέθὲὅῗὲῗςι
779 4511 1026 4572 repetitis.
1058 4508 1124 4557 At
1150 4509 1254 4557 Mss
1282 4522 1294 4557 :
1333 4510 1401 4560 Et
1430 4506 1759 4570 repentinis;
1802 4507 1853 4557 id
1884 4511 1980 4565 est,
2013 4521 2104 4557 ex-

402 4578 770 4623 temporaneis.

462 4639 483 4671 ³
509 4633 569 4683 In
599 4635 743 4693 Mss”
773 4633 1220 4684 collaudantibus.

460 4700 481 4732 ι
511 4696 726 4746 Codices
753 4696 896 4756 Mss,
927 4695 1359 4762 di/Iamantlbus.
1390 4698 1564 4759 Atque
1601 4694 1695 4745 Dei
1721 4693 1871 4753 dono,
1904 4695 2100 4756 levare,

398 4764 735 4877 eutiSalinas.
768 4833 833 4883 ex
854 4819 979 4869 Cod.
1015 4820 1141 4883 Reg.
1176 4822 1259 4869 541
1299 4833 1311 4869 :
1351 4822 1534 4883 Sicque
1567 4818 1719 4869 domo
1754 4823 1845 4870 Dei
1895 4832 2008 4880 pax
2047 4823 2098 4867 in

395 4884 648 4947 Africana
685 4882 924 4933 Ecclesia
959 4886 1083 4933 orta
1105 4882 1216 4941 ’est,
1256 4882 1399 4945 apud
1439 4895 1602 4947 quam
1638 4884 1819 4933 multo
1843 4886 2098 4947 teenpore,

396 4952 495 4995 etc.
564 4946 631 4994 Μ.

457 5011 479 5042 θ
502 5008 719 5057 Codices
746 5007 889 5059 Mss,
919 5006 1047 5056 illis.

457 5072 476 5104 7
508 5069 733 5132 Salinas,
763 5069 950 5132 exCd.
978 5068 1143 5117 Vatic.
1178 5071 1297 5132 1188
1330 5083 1340 5116 :
1373 5071 1435 5117 Et
1462 5080 1719 5132 oppressa
1737 5068 1961 5119 tacebat.
2030 5070 2095 5118 Μ.

456 5133 476 5167 δ
497 5134 553 5180 In
576 5131 730 5180 editis
754 5131 965 5194 additur
987 5146 998 5178 :
1021 5134 1121 5182 Per
1138 5131 1279 5181 idem
1298 5131 1503 5194 tempus
1518 5145 1697 5194 eorum
1719 5135 1977 5194 episcopis
1997 5133 2099 5181 hoc

393 5195 477 5244 illi
484 5194 811 5256 jubentibus,
835 5193 1263 5256 quiptenarinm
1280 5191 1444 5242 totius
1463 5198 1497 5256 ,1
1506 5191 1655 5255 frtem
1674 5191 1957 5256 concilium
1982 5197 2098 5255 Ilip-

388 5254 535 5319 pone,
547 5256 787 5319 agebant,
812 5254 879 5319 de
903 5254 1004 5308 ﬁde
1036 5260 1085 5304 et
1110 5256 1340 5317 symbolo
1356 5254 1627 5319 presbyter
1647 5254 1825 5319 adhuc
1848 5260 2094 5317 Augusti-

390 5316 492 5368 nus
508 5316 805 5382 disputauit.
839 5316 1101 5382 \‘erhaex
1130 5319 1262 5366 libro
1288 5318 1458 5382 primo
1485 5316 1951 5382 Itetracta‘tionum’,
1980 5332 2095 5382 cap.

391 5377 686 5455 “sternere
724 5378 828 5428 huc
869 5379 1149 5439 translata;
1191 5377 1313 5427 nam
1352 5379 1548 5427 absunt
1585 5377 1806 5428 omnino
1841 5393 1872 5427 a
1906 5377 2093 5430 manu-

391 5448 729 5576 ωξῖῐέὲῗῖηθε,
751 5519 817 5554 ex
832 5517 949 5575 uno.
965 5503 1145 5576 codice
1173 5518 1183 5550 :
1204 5506 1336 5576 E‘um
1361 5504 1721 5576 transmittere
1739 5506 1998 5576 curasset“.
2022 5505 2091 5554 Μ.

454 5567 495 5601 ³ο
542 5567 655 5615 Duo
684 5565 1030 5629 manuscripti
1061 5580 1072 5613 :
1105 5564 1259 5628 Apud
1284 5567 1580 5627 primatem
1623 5566 1926 5630 episc0pum
1959 5570 2089 5616 Car-

391 5628 770 5753 ???
794 5688 937 5740 Editi
966 5702 1090 5740 vero
1115 5704 1127 5738 :
1152 5691 1434 5753 Postquam
1452 5688 1756 5753 petitionem
1784 5689 1856 5741 ad
1879 5692 2092 5741 visitan-

388 5749 519 5800 dum
546 5750 867 5802 adveniente.

2228 458 2379 509 male
2421 456 2706 510 Numidia:
2757 456 2992 526 Megalio
3022 457 3341 511 Calamensi
3372 458 3662 529 episcopo,
3694 463 3752 513 et
3778 460 3936 513 Vale-

2226 543 2345 597 rius
2390 545 2623 600 antistes
2661 545 2943 615 episcopis
2973 546 3072 617 qui
3102 546 3246 600 forte
3278 551 3414 601 tunc
3444 548 3705 614 aderant,
3740 552 3801 602 et
3830 549 3938 602 cle-

2227 632 2356 685 ricis
2398 633 2665 688 omnibus
2714 633 3195 705 Hipponensibus,
3244 640 3298 688 et
3335 636 3614 690 universa:
3646 636 3807 708 plebi
3847 637 3934 691 in-

2227 720 2516 790 opinatam
2565 723 2780 777 cunctis
2827 738 2989 777 suam
3029 723 3280 778 insinuat
3324 729 3461 778 tunc
3507 726 3870 779 voluntatem
3918 743 3930 778 :

2225 811 2607 882 omnibusque
2636 812 3001 866 audientibus
3038 813 3479 883 gratulantibus,
3518 819 3690 885 atque
3714 813 3775 868 id
3811 813 3934 868 ﬁeri

2224 899 2537 971 perﬁcique
2563 900 2785 971 ingenti
2801 901 3082 955 desiderio
3111 902 3508 964 clamantibus,
3533 903 3933 974 episcopatum

2225 988 2509 1059 suscipere
2539 995 2732 1044 contra
2754 1006 2971 1044 morem
3000 990 3260 1044 Ecclesiae
3285 1006 3387 1044 suo
3407 990 3630 1046 vivente
3654 991 3930 1063 episcopo

2224 1078 2522 1149 presbyter
2565 1080 2863 1133 recusabat
2912 1080 2949 1132 ¹.
2994 1080 3255 1149 Dumque
3303 1079 3386 1133 illi
3426 1080 3553 1134 ﬁeri
3598 1081 3806 1143 solere,
3861 1082 3929 1135 ab

2225 1169 2490 1222 omnibus
2521 1169 2876 1238 suaderetur,
2907 1175 3077 1241 atque
3117 1169 3173 1225 id
3203 1169 3410 1241 ignaro
3441 1171 3849 1225 transmarinis
3880 1177 3931 1225 et

2223 1257 2504 1311 Africanis
2555 1258 2811 1312 Ecclesiae
2857 1259 3131 1329 exemplis
3182 1260 3539 1329 probaretur,
3596 1261 3931 1331 compulsus

2225 1350 2397 1417 atque
2433 1351 2660 1399 coactus
2707 1346 3024 1417 succubuit,
3075 1352 3129 1401 et
3185 1347 3543 1419 episcopatus
3580 1364 3781 1403 curam
3823 1353 3849 1385 ³
3882 1354 3933 1403 et

2225 1434 2457 1503 majoris
2486 1434 2598 1488 loci
2627 1435 3046 1490 ordinationem
3074 1436 3343 1507 suscepit.
3370 1436 3531 1501 Quod
3549 1437 3608 1491 in
3639 1454 3698 1492 se
3728 1443 3933 1509 postea

2225 1522 2348 1575 fieri
2379 1538 2493 1576 non
2531 1523 2812 1592 debuisse,
2860 1527 2923 1577 ut
2951 1524 3075 1577 vivo
3106 1541 3209 1578 suo
3250 1524 3513 1596 episeopo
3543 1525 3931 1592 ordinaretur,

2225 1616 2281 1665 et
2308 1611 2469 1681 dixit,
2513 1617 2571 1666 et
2616 1612 2866 1683 scripsit.
2890 1615 3086 1683 (Epist.
3122 1616 3247 1679 213,
3278 1629 3335 1668 n.
3369 1614 3444 1683 4),
3478 1619 3713 1685 propter
3733 1616 3931 1670 conci-

2224 1700 2287 1753 lii
2339 1700 2674 1755 universalis
2709 1701 2946 1755 vetitum
2978 1701 3076 1770 (α),
3123 1702 3277 1773 quod
3296 1702 3416 1772 jam
3449 1702 3749 1758 ordinatus
3781 1704 3930 1759 didi-

2223 1790 2296 1844 cit
2329 1806 2342 1843 :
2375 1806 2479 1844 nec
2508 1791 2660 1860 quod
2691 1790 2796 1845 sibi
2816 1792 3028 1846 factum
3053 1807 3172 1845 esse
3198 1790 3400 1858 doluit,
3428 1792 3553 1846 aliis
3573 1792 3699 1847 ﬁeri
3723 1794 3928 1849 voluit.

2226 1879 2384 1932 Unde
2433 1879 2604 1933 etiam
2663 1880 2867 1950 sategit
2930 1880 3022 1949 (b),
3076 1885 3139 1933 ut
3185 1880 3435 1935 conciliis
3482 1881 3932 1937 constitueretur

2224 1966 2643 2037 episcoporum,
2671 1969 2741 2022 ab
2772 1955 3191 2023 ordinatiiribus
3235 1968 3432 2024 deberi
3460 1969 3801 2024 ordinandis
3843 1972 3927 2025 vel

2225 2055 2501 2109 ordinatis
2558 2058 2818 2112 omnium
2882 2061 3092 2112 statuta
3143 2058 3503 2113 sacerdotum
3549 2058 3609 2112 in
3657 2058 3926 2114 notitiam

2223 2162 2343 2201 esse
2375 2145 2699 2201 deferenda.

2473 2253 2698 2307 CAPUT
2729 2253 2819 2306 I.\'.
2860 2283 2926 2291 —
2951 2254 3166 2321 Pugnat
3195 2269 3314 2307 cum
3350 2256 3668 2309 Donatistis.

2291 2350 2479 2419 Atque
2526 2348 2607 2404 ita
2646 2350 2859 2404 factum
2905 2355 3008 2416 est,
3048 2355 3113 2404 ut
3141 2350 3441 2422 episcopus
3486 2352 3665 2406 multo
3712 2351 3927 2406 instau-

2222 2436 2335 2491 tius
2384 2454 2447 2491 ac
2489 2438 2819 2506 ferventius,
2879 2440 3097 2510 majore
3153 2440 3508 2508 auctoritate,
3566 2457 3683 2496 non
3740 2441 3927 2497 adhuc

2221 2523 2283 2578 in
2311 2542 2426 2579 una
2456 2531 2678 2582 tantum
2712 2528 2967 2599 regione,
3012 2529 3108 2583 sed
3161 2529 3508 2601 ubicumque
3551 2534 3789 2600 rogatus
3841 2547 3928 2583 ve-

2222 2612 2416 2681 nisset,
2463 2616 2700 2671 verbum
2739 2618 2937 2672 salutis
2986 2622 3216 2672 aeterna:
3265 2619 3528 2673 alacriter
3573 2635 3637 2672 ac
3666 2619 3927 2689 gnaviter

2222 2703 2538 2772 pullulante
2586 2709 2606 2742 ³
2646 2710 2814 2778 atque
2864 2712 3150 2761 crescente
3181 2706 3413 2761 Domini
3443 2706 3684 2761 Ecclesia
3712 2708 3926 2777 praedi-

2221 2796 2392 2858 caret,
2434 2798 2664 2864 paratus
2707 2812 2933 2867 semper
2971 2795 3332 2866 poscentibus
3371 2795 3609 2850 reddere
3642 2796 3925 2851 rationem

2221 2880 2288 2935 de
2320 2881 2429 2936 lide
2461 2888 2516 2937 et
2543 2901 2661 2955 spe,
2699 2901 2828 2956 qua:
2860 2885 2919 2939 in
2951 2886 3129 2940 Deum
3161 2889 3263 2939 est.
3314 2886 3378 2939 Et
3425 2886 3547 2956 ejus
3573 2884 3721 2939 dicta
3752 2890 3926 2957 atque

2221 2975 2470 3041 excepta,
2522 2972 2769 3027 maxime
2812 2973 3124 3028 Donatistae
3168 2975 3228 3027 in
3281 2974 3480 3028 eadem
3522 2974 3881 3045 Hipponensi
3908 2981 3928 3009 ⁸

2219 3061 2305 3112 vel
2353 3059 2539 3114 vicina
2571 3066 2866 3115 manentes
2911 3061 3154 3131 civitate,
3184 3063 3251 3117 ad
3282 3079 3410 3116 suos
3440 3063 3735 3134 episcopos
3766 3065 3925 3119 defe-

2219 3149 2438 3202 rebant.
2485 3150 2621 3213 Quae
2669 3167 2797 3204 cum
2845 3151 3155 3217 audissent,
3204 3156 3260 3205 et
3299 3156 3496 3206 contra
3526 3152 3673 3206 forte
3697 3153 3919 3225 aliquid

2222 3236 2493 3304 dicereut,
2524 3242 2624 3291 aut
2652 3256 2682 3291 a
2707 3237 2823 3291 suis
2851 3238 3276 3305 refellebantur,
3300 3246 3396 3293 aut
3425 3239 3624 3294 eadem
3643 3257 3922 3311 responsa

2225 3324 2293 3378 ad
2340 3330 2600 3379 sanctum
2629 3327 3015 3398 Augustinum
3064 3327 3485 3391 deferebantur,
3529 3328 3724 3399 eisque
3766 3346 3925 3384 com-

2218 3415 2414 3485 pertis,
2446 3416 2730 3486 patienter
2758 3432 2821 3470 ac
2864 3415 3091 3482 leniter,
3134 3422 3210 3482 et,
3257 3420 3321 3470 ut
3348 3415 3623 3486 scriptum
3653 3420 3755 3481 est,
3792 3432 3924 3470 cum

2217 3500 2423 3555 timore
2478 3506 2534 3555 et
2590 3508 2839 3557 tremore
2892 3505 3136 3558 salutem
3188 3503 3445 3557 omnium
3493 3501 3516 3536 ⁵
3574 3504 3927 3573 operabatur

2219 3592 2478 3661 (Philipp.
2522 3608 2583 3662 ιι,
2634 3596 2714 3661 1‘2)
2766 3608 2779 3646 :
2829 3594 3152 3660 ostendens,
3211 3608 3386 3664 quam
3437 3592 3579 3646 nihil
3626 3592 3713 3646 illi
3751 3595 3925 3647 refel-

2218 3679 2333 3732 lere
2379 3680 2662 3735 voluerint
2709 3698 2773 3735 ac
2808 3680 3112 3748 valuerint,
3145 3698 3433 3753 quamque
3459 3696 3657 3734 verum
3688 3681 3926 3735 manife-

2219 3773 2484 3839 stumque
2536 3768 2608 3822 sit
2651 3770 2803 3840 quod
2857 3770 3115 3825 Ecclesia:
3148 3769 3247 3824 Dei
3292 3770 3431 3823 ﬁdes
3461 3773 3616 3823 tenet
3646 3785 3708 3822 ac
3738 3768 3921 3823 docet.

2218 3857 2282 3910 Et
2309 3857 2431 3912 haec
2476 3858 2676 3912 diebus
2706 3875 2768 3912 ac
2806 3860 3065 3913 noctibus
3102 3860 3174 3913 ab
3204 3859 3407 3913 eodem
3430 3857 3645 3929 jugiter
3674 3857 3924 3927 ageban-

2214 3950 2330 4001 tur.
2384 3947 2523 4000 Nam
2576 3952 2632 4001 et
2672 3946 2940 4018 epistolas
2980 3948 3228 4018 privatas
3261 3947 3333 4001 ad
3362 3962 3624 4018 quosque
3664 3946 3921 4016 ejusdem

2217 4036 2424 4091 erroris
2452 4036 2767 4107 episcopos,
2805 4042 2869 4091 et
2897 4037 3216 4091 eminentes
3246 4037 3461 4091 scilicet
3484 4036 3657 4090 laicos
3688 4036 3852 4091 dedit
3878 4036 3920 4103 δ,

2216 4125 2435 4179 ratione
2492 4126 2717 4180 reddita
2745 4127 3059 4181 admonens
3086 4132 3258 4198 atque
3291 4126 3612 4194 exhortans,
3644 4128 3706 4179 ut
3732 4126 3823 4179 vel
3856 4126 3921 4179 ab

2214 4212 2308 4267 illa
2340 4230 2398 4267 se
2420 4214 2691 4284 pravitate
2709 4215 3080 4285 corrigerent,
3104 4215 3190 4269 vel
3212 4220 3361 4268 certe
3378 4214 3449 4268 ad
3472 4213 3920 4284 disputationem

2213 4300 2492 4355 venirent.
2521 4305 2592 4359 At
2619 4302 2699 4356 illi
2724 4319 2907 4357 causa:
2928 4303 3250 4358 difﬁdentia
3268 4306 3289 4339 τ
3314 4319 3383 4357 ne
3406 4302 3638 4375 quidem
3661 4317 3920 4373 unquam

2278 4444 2293 4550 ἲ
2327 4440 2547 4552 Statilium,
2580 4455 2645 4491 ex
2675 4442 2764 4490 Cd.
2797 4442 2926 4505 Reg.
2957 4445 3041 4492 5H
3097 4458 3109 4490 :
3156 4441 3447 4505 Religiosus
3463 4441 3735 4505 presbyter
3770 4453 3919 4491 recu-

2291 4518 2377 4552 ναι.
2501 4541 2512 4552 .

2213 4517 2377 4553 δαυιη.
2445 4517 2490 4552 Μ
2501 4541 2512 4552 .

2264 4568 2296 4601 -²
2324 4566 2537 4630 Υθὶβιοθε
2566 4566 2772 4616 codices
2797 4570 3132 4630 praetereunt,
3161 4568 3215 4616 et
3247 4568 3570 4630 episcopatus
3597 4576 3813 4630 caram.

2274 4632 2293 4662 ³
2322 4628 2564 4693 Edd._,_ac
2605 4626 2843 4693 suaviter
2888 4630 3217 4693 puitulante.
3249 4626 3309 4664 έ-
3340 4626 3611 4693 Ιιιιίειὶειω
3640 4626 3753 4693 Cd_._
3775 4641 3916 4676 unus

2211 4691 2348 4755 apud
2382 4691 2616 4751 Salinas;
2647 4692 2778 4740 alter
2802 4689 3014 4749 omittit,
3047 4693 3295 4755 gnaviter
3320 4692 3640 4753 pullulante.
3709 4689 3780 4737 Μ.

2274 4756 2293 4817 ξ
2330 4754 2558 4817 Salinas,
2584 4768 2648 4802 ex
2669 4767 2777 4803 uno
2808 4754 2934 4805 Cd.:
2972 4757 3035 4803 In
3071 4757 3257 4803 eadem
3291 4752 3617 4817 Ilipponensi
3657 4751 3897 4802 Ecelesta

2210 4815 2311 4873 vel,
2342 4820 2440 4864 etc.
2510 4815 2580 4863 M.
2980 4824 2997 4835 ο

2272 4880 2292 4913 ‘5
2323 4879 2470 4927 Unus
2494 4878 2839 4928 Floriacensis
2869 4879 2983 4938 Cd.,
3008 4878 3302 4928 hominum.
3341 4904 3399 4914 —
3427 4876 3571 4926 Idem
3597 4889 3736 4925 unus
3760 4890 3790 4924 e
3822 4876 3917 4923 Va-

2212 4940 2298 5008 tic.
2327 4941 2465 5008 apud
2498 4941 2720 4990 Salinas.
2784 4941 2855 5008 Μ.
2922 5004 2969 5008 __
3138 5005 3175 5008 __
3340 5004 3350 5008 _
3457 5004 3464 5008 λ
3510 5005 3518 5008 _
3566 5001 3577 5008 _
3749 4998 3760 5008 .

2271 5005 2293 5065 β
2320 5001 2545 5063 Salinas,
2577 5016 2641 5052 ex
2670 5007 2898 5065 quatuor
2921 5004 3042 5052 Mss.
3081 5018 3091 5052 :
3126 5005 3262 5053 Nam
3300 5004 3350 5051 et
3380 5001 3641 5063 epistolas
3666 5001 3918 5065 priuatas

2209 5064 2300 5130 ad
2318 5080 2563 5130 (μιοεᾳρισΔ
2586 5063 2847 5130 ejusdem.
2865 5071 3063 5115 erroris
3094 5066 3361 5130 episcopos
3396 5066 3691 5114 eminentes
3718 5063 3916 5112 scilicet

2210 5134 2260 5177 et
2282 5127 2437 5177 laicos
2456 5127 2620 5178 dedit.
2687 5129 2733 5176 Μ
2745 5164 2755 5174 .

2270 5192 2289 5224 7
2321 5191 2414 5253 Hic
2438 5190 2708 5253 sequimur
2727 5191 2985 5253 Joannem
3013 5189 3218 5238 Salinas
3234 5188 3344 5252 qui.
3366 5188 3539 5253 relata
3556 5186 3912 5253 lectioneedi-

2206 5252 2366 5302 tiouis
2397 5248 2725 5311 Parisiensis,
2747 5252 2947 5300 scilicet
2972 5266 2982 5298 :
3006 5256 3073 5299 .lt
3091 5253 3176 5299 alti
3202 5248 3368 5302 cdnsa
3383 5248 3712 5313 cli/ﬁdentia,
3729 5250 3877 5313 addit
3898 5262 3910 5295 :

2207 5315 2577 5363 \‘eriortamen
2607 5319 2790 5376 nostra
2813 5318 3026 5376 apparet
3055 5313 3228 5370 lectio,
3250 5326 3368 5362 eum
3389 5311 3545 5374 paulo
3576 5316 3694 5374 post
3721 5311 3914 5360 subdat

2207 5377 2493 5442 Possidius,
2511 5376 2665 5440 juxta
2681 5375 3025 5423 Parisiensem
3041 5376 3325 5442 editionem
3347 5390 3359 5423 :
3376 5376 3439 5423 Iit
3454 5379 3513 5442 ut
3529 5386 3911 5442 earn-incanae?

2207 5435 2527 5502 (li/ﬁdentia:
2554 5442 2762 5502 cunctis
2788 5437 3461 5502 ittn_0l&\CPfCIAeiabOTatttt
3485 5451 3498 5495 ;
3527 5437 3615 5483 ubi
3652 5436 3835 5502 Patres
3858 5435 3906 5484 S.

2205 5499 2372 5561 Μὲιίιτί
2402 5499 3073 5550 emendantLovanieusem
3099 5500 3393 5561 editionem
3425 5499 3705 5561 legentem:
3728 5501 3909 5561 Causa

2203 5560 2535 5674 ilig/gdailttize.
2565 5561 2929 5624 Adstipulatur
2957 5566 3152 5611 nostrae
3186 5560 3585 5611 lectionicodex
3623 5560 3908 5609 Vaticanus

2271 5690 2340 5749 (α)
2371 5684 2826 5749 ConciliiNicz-pni.

2269 5746 2335 5812 (ὁ)
2368 5749 2430 5797 In
2458 5747 2682 5798 concilio
2708 5746 3105 5813 Carthaginensi
3131 5747 3304 5809 tertio,
3336 5759 3477 5797 anno
3508 5747 3618 5807 397,
3649 5759 3766 5796 ean.
3799 5746 3846 5795 3.
