4020 6358
114 324 138 370 -i
163 324 175 372 l
1513 330 1606 383 ΑΒ
1620 331 1847 386 CTORE
1913 333 2244 390 POSSIDIO.
3561 355 3630 408 42

110 441 436 497 rescribere
466 443 807 500 voluerunt:
837 447 938 501 sed
968 447 1100 502 irati
1127 448 1343 504 furiosa
1370 451 1753 523 loquebantur
1783 457 1822 521 ¹,

107 535 296 601 atque
331 532 691 588 seductorem
717 539 774 588 et
807 535 1175 606 deceptorem
1202 538 1524 596 animarum
1555 543 1821 612 Augusti-

109 634 267 674 num
298 636 442 690 esse,
467 627 527 676 et
554 623 819 693 privatim
845 629 900 678 et
930 625 1156 696 publice
1186 629 1648 697 conclamabant;
1678 637 1734 686 et
1764 637 1825 686 ut

109 707 334 778 lupum
366 709 745 766 occidendum
793 729 914 767 esse
944 714 1004 768 in
1045 715 1434 772 defensionem
1479 719 1668 790 gregis
1713 721 1822 784 sui,

111 795 395 852 dicebant
435 804 491 852 et
520 800 866 867 tractabant;
906 803 1212 875 omniaque
1256 811 1485 876 peccata
1509 823 1543 861 a
1582 809 1696 862 Deo
1737 807 1824 862 in-

112 884 460 942 dubitanter
488 904 610 942 esse
637 889 984 946 credendum
1029 908 1191 962 posse
1237 893 1449 949 dimitti
1477 895 1548 949 iis
1590 897 1690 968 qui
1720 897 1826 951 hoc

111 975 311 1030 facere
358 993 422 1030 ac
466 978 737 1048 perficere
779 980 1118 1050 potuissent,
1170 999 1274 1037 nec
1311 985 1490 1038 Deum
1535 986 1822 1052 timentes,

108 1078 224 1116 nec
255 1063 519 1119 homines
547 1067 943 1122 erubescentes
973 1068 1016 1123 ³.
1052 1071 1117 1125 Et
1143 1075 1203 1124 ut
1233 1088 1433 1127 eorum
1463 1089 1649 1128 causa
1681 1074 1825 1128 difti-

111 1151 316 1206 dentia
357 1152 381 1184 ³
413 1154 629 1208 cunctis
659 1155 1061 1225 innotesceret,
1095 1160 1442 1216 elaboravit:
1476 1168 1534 1216 et
1577 1163 1822 1234 publicis

113 1241 299 1309 gestis
328 1243 612 1310 conventi,
645 1261 758 1299 non
787 1251 918 1301 sunt
947 1247 1072 1302 ausi
1099 1249 1374 1305 conferre.

313 1440 319 1447 _
381 1367 608 1423 CAPUT
646 1370 708 1424 X.
749 1401 818 1412 —
859 1371 1353 1428 Circumcellionum
1387 1377 1565 1442 furor.

191 1473 496 1529 Habebant
536 1475 711 1530 etiam
759 1476 938 1532 iidem
997 1479 1304 1534 Donatista
1358 1497 1464 1551 per
1508 1497 1637 1534 suas
1679 1498 1824 1552 pene

114 1577 324 1617 omnes
346 1563 618 1618 Ecclesias
664 1563 992 1620 inauditum
1037 1567 1336 1623 hominum
1384 1585 1564 1640 genus
1601 1585 1824 1640 perver-

113 1667 248 1706 sum
304 1668 369 1706 ac
417 1652 752 1717 violentum,
811 1655 966 1710 velut
995 1656 1099 1710 sub
1137 1657 1488 1729 professione
1526 1657 1823 1713 continen-

113 1739 268 1794 tium
300 1741 662 1796 ambulantes
692 1747 731 1809 ‘,
763 1743 863 1814 qui
891 1744 1386 1800 Circumcelliones
1409 1746 1741 1801 dicebantur
1769 1752 1814 1803 ⁵.

118 1831 184 1884 Et
209 1835 378 1884 erant
409 1829 470 1884 in
501 1830 724 1902 ingenti
746 1849 987 1886 numero
1018 1838 1075 1888 et
1103 1834 1287 1888 turbis
1315 1851 1418 1905 per
1447 1852 1646 1890 omnes
1675 1853 1821 1907 pene

111 1917 416 1972 Africanas
444 1919 707 1990 regiones
736 1920 1046 1976 constituti.
1079 1922 1187 1986 Qui
1217 1923 1382 1977 malis
1406 1923 1611 1979 imbuti
1638 1925 1822 1980 docto-

111 2007 296 2075 ribus,
362 2007 602 2062 audacia
667 2009 912 2080 superba
959 2015 1016 2065 et
1073 2011 1393 2066 temeritate
1449 2013 1665 2082 illicita,
1717 2029 1821 2068 nec

110 2095 251 2162 suis,
315 2111 422 2150 nec
477 2096 678 2152 alienis
729 2097 1035 2169 aliquando
1089 2101 1417 2170 parcebant,
1478 2107 1675 2156 contra
1723 2103 1818 2173 jus

112 2184 312 2256 fasque
373 2185 618 2240 incautis
666 2185 1073 2242 interdicentes
1135 2189 1466 2244 hominibus
1495 2193 1554 2245 ἐ
1606 2196 1662 2245 et
1708 2191 1820 2246 nisi

110 2273 464 2337 obedissent,
526 2275 751 2329 damnis
799 2276 1153 2346 gravissimis
1207 2283 1264 2332 et
1307 2279 1556 2333 cadibus
1613 2279 1819 2335 afficie-

111 2363 252 2416 bant
279 2360 326 2431 7,
352 2363 559 2418 armati
588 2363 822 2418 diversis
851 2365 1002 2427 telis.
1021 2365 1360 2420 bacchantes
1390 2383 1494 2438 per
1518 2383 1684 2438 agros
1710 2368 1816 2423 vil-

115 2451 341 2522 lasque,
381 2467 564 2524 usque
606 2452 677 2507 ad
706 2453 1001 2524 sanguinis
1030 2453 1364 2508 effusionem
1395 2455 1661 2510 accedere
1703 2473 1814 2511 non

111 2548 442 2597 metuentes
467 2542 510 2598 ⁸.
540 2544 651 2598 Sed
691 2545 828 2600 dum
859 2546 1096 2601 verbum
1120 2547 1217 2601 Dei
1249 2548 1446 2602 sedulo
1473 2549 1813 2619 praedicare-

112 2636 227 2698 tur,
262 2637 321 2686 et
351 2648 481 2686 cum
514 2632 604 2686 his
632 2633 732 2705 qui
761 2634 1000 2689 oderant
1027 2652 1246 2706 pacem,
1283 2637 1436 2708 pacis
1465 2638 1612 2692 ratio
1640 2638 1814 2692 habe-

111 2726 298 2786 retur;
344 2720 430 2774 illi
478 2721 813 2792 loquentem
841 2721 866 2756 ⁹
912 2723 1274 2778 debellabant
1322 2725 1522 2796 gratis.
1574 2727 1639 2780 Et
1685 2743 1815 2782 cum

111 2809 386 2864 adversus
416 2825 614 2863 eorum
661 2810 870 2882 dogma
921 2811 1129 2866 veritas
1159 2813 1557 2878 innotesceret,
1590 2815 1690 2885 qui
1714 2831 1813 2868 vo-

131 2973 141 2983 .
173 2916 188 2947 ι
208 2911 438 2983 Salinas,
449 2925 639 2983 ex_uno
651 2913 739 2962 Cd.
761 2910 938 2983 :_lyihil
952 2915 1248 2966 rescribere
1263 2915 1564 2975 voluerunt,
1580 2916 1671 2967 sed
1681 2919 1816 2968 irati

103 2973 314 3038 furiase
347 2973 723 3038 loquebantur.
775 2977 845 3025 M.
1553 2973 1559 2975 ”

170 3039 191 3114 ῗ
221 3036 452 3114 statim
473 3050 548 3114 se
566 3051 677 3114 ψ
703 3038 794 3109 (Ξά-
829 3055 841 3088 =
874 3041 986 3114 1qu
1005 3037 1245 3114 λοεξιίπεε
1273 3045 1593 3114 nascentes-
1649 3042 1716 3090 M-

792 3101 992 3165 prabet
1025 3116 1036 3149 :
1071 3105 1246 3165 Causa
1276 3100 1593 3165 difﬁdentia.

168 3163 190 3196 ⁴
220 3161 446 3230 salinas,
476 3175 537 3230 ex
561 3161 848 3230 Cd._Vatic.
869 3165 988 3212 1190
1015 3177 1028 3211 :
1062 3161 1680 3230 Vetutsub'professione
1692 3179 1807 3216 con-

109 3227 354 3274 tinentia:
389 3223 743 3274 ambulantes.
804 3225 873 3273 Μ.

167 3289 188 3320 δ
215 3285 434 3348 Aliquot
460 3285 602 3335 MSS.
633 3300 645 3333 :
674 3288 774 3344 Qui
803 3285 1134 3336 Circelliones
1166 3285 1498 3339 dicebantur.

167 3351 189 3382 ε
213 3348 438 3420 _\'ete_res
450 3348 659 3420 codices
680 3363 692 3396 :
715 3351 912 3420 goatra
917 3349 1018 3420 jus
1020 3350 1229 3420 fasque
1241 3353 1308 3420 in_
1317 3351 1814 3420 causisinterdicen-

109 3414 190 3474 tes
204 3410 512 3459 hominibus
533 3415 626 3474 :_et
640 3423 704 3459 ex
720 3410 908 3474 iisdem
920 3412 1045 3474 Mss.
1065 3410 1279 3474 quidam
1295 3412 1411 3461 loco
1431 3415 1810 3473 interdicentes,

106 3472 308 3521 habent
327 3472 710 3522 intercedentes
725 3489 744 3531 ;
776 3472 883 3529 alii,
908 3471 1298 3524 intercidentes.
1324 3501 1384 3510 —
1405 3475 1610 3524 Salinas
1643 3491 1654 3523 :
1681 3471 1814 3526 Con;-

108 3535 301 3603 trajus
321 3532 526 3603 fasque
542 3537 600 3603 ia
613 3536 786 3603 causis
797 3533 1092 3603 hominibus
1106 3536 1506 3603 interdicentes,
1521 3536 1619 3586 hac
1634 3537 1811 3603 addita

106 3596 385 3670 notatione
415 3596 692 3670 {‘Codices
741 3597 955 3670 Regina
989 3611 1058 3670 nae
1089 3596 1504 3670 _duo‘\’at_icani'
1528 3599 1766 3670 prabent
1796 3615 1807 3648 :

104 3661 307 3722 Contra
322 3660 419 3722 jus
443 3657 631 3722 fasque
650 3662 705 3707 in
719 3657 901 3709 causis
922 3658 1309 3722 interdicentes,
1328 3657 1636 3711 hominibus
1653 3678 1672 3717 ;
1691 3676 1813 3710 con-

106 3721 464 3793 senﬁentib_us
493 3721 652 3793 etiam
693 3722 958 3793 veteribus
1003 3721 1288 3793 codicibus,
1317 3723 1428 3793 qui,
1464 3728 1522 3772 ut
1553 3727 1814 3793 testantur

108 3783 288 3831 Patres
309 3781 362 3831 S.
388 3783 574 3841 Mauri,
593 3783 786 3839 ferunt.
809 3789 860 3832 in
875 3783 1073 3841 causis,
1095 3783 1219 3832 licet
1231 3797 1293 3832 ex
1313 3781 1498 3833 iisdem
1519 3787 1810 3834 manuscri-

104 3847 228 3908 ptis,
252 3845 470 3908 quidam
493 3844 609 3908 loco
629 3845 1014 3908 interdicentes.
1038 3844 1269 3908 habeant
1289 3846 1671 3897 intercedente:
1683 3868 1701 3905 ,-
1723 3848 1810 3896 alii

105 3907 496 3956 intercidentes.
529 3907 827 3955 Doclissimi
856 3911 1031 3956 tamen
1067 3907 1244 3955 Patres
1274 3908 1328 3956 in
1364 3913 1561 3957 textum
1588 3909 1701 3957 hac
1731 3924 1809 3958 re-

106 3971 244 4032 ferre
275 3970 562 4018 voluerunt
589 3983 601 4017 :
635 3972 838 4032 contra
855 3970 949 4031 jus
971 3968 1170 4032 fasque
1197 3973 1430 4020 incautis
1451 3973 1811 4022 inter-«licentes

108 4029 442 4095 hominibus.
472 4032 544 4095 At
582 4031 770 4095 melior
797 4029 980 4095 nostra
1005 4029 1420 4095 apbaretlectio,
1455 4032 1498 4080 si
1540 4033 1809 4095 sequentia

105 4094 280 4158 Optati
304 4092 770 4158 Milevitaniverba
785 4092 1201 4158 considerantur.
1225 4093 1507 4158 Exponens
1530 4092 1671 4158 enim
1692 4109 1809 4158 qua

107 4154 696 4218 a'Circumcellionibus
725 4159 910 4218 contra
936 4155 1031 4218 jus
1058 4155 1240 4218 fasque
1270 4154 1578 4218 agebantur,
1614 4157 1688 4205 sic
1707 4154 1806 4214 'ait,

107 4218 243 4266 libro
271 4217 427 4266 tertio
451 4219 515 4265 de
541 4216 830 4266 Schismate
848 4216 1259 4275 Donatistarum,
1283 4216 1334 4265 η’.
1360 4221 1385 4266 4
1411 4233 1422 4266 :
1455 4236 1480 4263 (ι
1504 4218 1808 4268 Debitorum

105 4298 131 4324 ιι
163 4278 529 4343 chirographa
541 4280 827 4343 amiserant
844 4279 982 4328 vires
1001 4277 1208 4343 :_nullu_s
1223 4279 1454 4329 creditor
1472 4280 1562 4328 illo
1578 4285 1808 4343 tempore

106 4360 132 4387 ι)
163 4341 430 4404 exigendi
450 4341 635 4391 habuit
662 4341 970 4391 libertatem.
1010 4341 1364 4390 Terrebantur
1409 4355 1593 4392 omnes
1624 4341 1807 4392 litteris

102 4421 129 4449 ι
163 4417 352 4452 eorum
378 4403 468 4466 qui
489 4417 543 4452 se
565 4403 877 4452 Sanctorum
903 4403 1061 4466 duces
1092 4403 1252 4452 fuisse
1275 4403 1574 4466 jactabant;
1607 4409 1660 4453 et
1687 4405 1731 4452 si
1752 4405 1805 4453 in

105 4443 131 4510 ξ
163 4443 1152 4529 ξ’ὀῖήῖινάιᾜυεεὶίῖιῖἱὺυε
1179 4443 1495 4529 tardaretur,
1527 4443 1810 4516 advolabat

106 4546 130 4572 ν
168 4527 666 4576 ευδίῐόωιιιῐὶιιιόο
690 4527 896 4583 insana,
926 4531 978 4576 et
1002 4527 1330 4590 pracedente
1358 4531 1556 4578 terrore
1591 4529 1808 4578 credito.

111 4609 132 4631 -
162 4603 245 4662 res
268 4590 516 4662 periculis
533 4590 897 4662 vallabant‘ur‘;
915 4593 975 4638 ut
997 4591 1086 4662 qui
1112 4603 1205 4661 pro
1235 4590 1481 4662 praestitis
1505 4590 1613 4662 suis
1634 4591 1807 4653 rogari

105 4670 130 4697 ι)
161 4650 475 4709 debuerant,
501 4657 646 4700 metu
671 4653 855 4700 mortis
875 4650 1102 4714 humiles
1116 4650 1514 4714 impellerentur
1531 4652 1584 4701 in
1606 4650 1803 4714 preces.

103 4731 129 4760 ι
165 4714 467 4762 Festinabat
491 4714 855 4776 unusquisque
875 4713 1053 4762 debita
1071 4713 1228 4762 etiam
1251 4714 1480 4762 maxima
1502 4713 1736 4776 perdere.
1757 4720 1809 4764 et

104 4793 130 4820 υ
161 4776 370 4824 lucrum
406 4776 811 4838 computabatur
843 4776 1105 4838 aheorum
1130 4776 1356 4838 evasisse
1391 4776 1616 4838 injuriis.
1644 4793 1670 4821 υ
1699 4777 1806 4826 Hoc

105 4837 548 4910 igitureratquod
570 4842 752 4887 contra
756 4838 852 4910 jus
871 4841 922 4908 et
941 4838 1018 4885 fas
1034 4837 1494 4910 Circumcelliones
1513 4838 1804 4910 operaban-

105 4853 393 4899 igiturerat
407 4853 548 4900 quoa
570 4853 752 4887 contra
791 4853 852 4886 us
871 4853 922 4886 et
941 4853 1018 4885 ias
1034 4853 1494 4886 urcumceuiones
1513 4853 1802 4900 Operanan-

101 4906 208 4957 tur,
236 4914 306 4948 ne
335 4900 534 4949 scilicet
563 4914 734 4949 causa
756 4853 1032 4949 lliominum
1053 4900 1143 4962 qui
1169 4913 1264 4947 sua
1296 4899 1550 4962 dederant
1573 4900 1802 4949 discute-

101 4966 290 5026 rentur
311 4976 328 5026 ;
356 4965 409 5010 et
428 4966 698 5026 propterea
723 4962 990 5026 Possidius
1017 4961 1200 5026 eorum
1218 4965 1364 5010 notat
1378 4961 1736 5026 crudelitatem
1753 4967 1805 5012 et

101 5023 444 5086 injustitiam,
462 5023 590 5072 dum
613 5025 664 5072 in
685 5025 858 5073 causis
888 5023 1269 5086 interdicebant
1297 5037 1362 5071 ne
1386 5023 1627 5086 homines
1648 5038 1803 5073 suum

100 5085 404 5149 repeterent
444 5086 548 5149 jus.
579 5087 720 5149 illinc
761 5085 1097 5149 suspicorad
1127 5085 1282 5149 hunc
1308 5086 1479 5148 Optati
1515 5085 1687 5149 locum
1724 5100 1800 5149 re-

101 5147 338 5211 spexisse
388 5147 719 5208 Possidium;
750 5147 978 5210 namque
1007 5147 1091 5211 hic
1130 5147 1320 5211 subdit
1341 5147 1368 5211 εξ
1387 5149 1450 5197 Et
1481 5151 1579 5196 nisi
1607 5147 1802 5198 abidis-

100 5207 235 5282 sent.
247 5209 480 5282 .damuis
505 5222 610 5282 gra
618 5207 924 5282 cissimisg
940 5208 1165 5282 cat/tibus
1177 5207 1570 5282 afﬁciebaiitur,
1589 5224 1802 5282 prorsus

102 5273 446 5336 similiasunt
463 5271 748 5336 hi’s‘Optati
777 5289 787 5322 :
813 5273 916 5320 «Et
935 5273 977 5336 si
999 5272 1052 5336 in
1075 5271 1487 5336 obtemperando
1503 5271 1682 5336 eorum
1696 5271 1803 5334 jus-

103 5353 127 5378 υ
159 5334 406 5444 ιὶοηὶξηιὸ
451 5332 764 5444 tuatui-stur,
809 5334 1091 5384 advolabat
1120 5332 1292 5383 subito
1337 5332 1621 5384 multitudo
1660 5332 1801 5384 insa-

104 5415 127 5440 n
159 5411 248 5444 na.
271 5409 301 5444 Θ
329 5411 374 5444 c.
407 5412 434 5441 ι)
496 5427 510 5444 ι
551 5433 562 5444 .

104 5415 127 5440 n
159 5411 248 5454 na,
271 5401 374 5447 etc.
407 5412 434 5441 ι)
496 5401 562 5444 Μ.

161 5461 178 5493 τ
211 5458 445 5523 Salinas,
463 5456 856 5523 alliciebantur.
879 5458 1102 5523 Subjicit
1124 5458 1260 5523 hanc
1278 5457 1546 5523 notulam:
1567 5457 1642 5523 sic
1667 5461 1803 5523 uter-

103 5535 199 5586 que
230 5519 558 5586 Reg.Cd.,'et
578 5521 694 5586 duo
724 5519 1001 5586 Vaticani;
1019 5521 1442 5586 respoudentque
1471 5520 1554 5569 his
1584 5521 1758 5584 Optati
1787 5534 1799 5569 :

105 5605 127 5624 ιι
157 5583 458 5646 Creditores
481 5583 727 5646 periculis
750 5583 1158 5632 vallabanturI»
1207 5583 1274 5646 Μ.

160 5647 181 5716 ξ
214 5645 446 5716 Salinas,
467 5644 531 5694 ex
553 5645 642 5694 Cd.
657 5647 930 5716 aeg._102§
957 5661 968 5693 :
993 5647 1160 5716 Usque
1177 5645 1248 5694 ad
1265 5644 1802 5716 sanguinisjg‘cctesia

100 5705 416 5770 effusionem
439 5721 538 5757 non
569 5705 866 5758 metuentes.
893 5705 1181 5766 Omittitur,
1211 5705 1476 5758 accedere.
1545 5708 1612 5756 Μ.

160 5771 182 5806 ³
214 5769 369 5834 Apud
399 5769 606 5819 Salinas
635 5770 735 5819 fert
767 5769 860 5819 Cd.
893 5783 1033 5819 unus
1061 5767 1144 5822 illi
1175 5769 1454 5833 (agitantes.
1547 5769 1612 5819 Μ.

327 5851 607 5951 PATROL.
667 5851 914 5920 XXXII.

168 3103 189 3134 ³
221 3099 397 3147 Editio
423 3099 762 3148 Lovaniensis

1932 474 2129 531 lebant
2175 482 2232 532 et
2274 483 2555 550 poterant,
2606 499 2726 538 sese
2772 484 2902 541 inde
2933 487 3017 542 vel
3049 488 3365 560 eripiebant
3387 495 3473 549 vel
3499 497 3632 552 sub-

1933 561 2242 636 ducebant,
2288 574 2346 623 et
2391 570 2518 640 paci
2565 577 2735 643 atque
2782 575 2988 630 unitati
3036 578 3293 635 Ecclesia
3339 598 3469 638 cum
3517 585 3633 641 suis

1939 653 2148 724 quibus
2171 661 2430 727 poterant
2455 660 2836 718 coharebant.
2863 665 3020 720 Unde
3049 667 3133 722 illi
3153 669 3241 723 sui
3271 673 3476 727 erroris
3503 691 3634 730 con-

1935 745 2298 813 gregatione:
2346 747 2528 802 minui
2573 749 2850 818 videntes,
2882 758 3052 826 atque
3092 760 3412 828 augmentis
3443 763 3631 818 Eccle-

1936 830 2035 885 sia
2079 834 2420 903 invidentes,
2457 838 2678 892 accensi
2703 841 3139 899 exardescebant
3166 846 3251 900 ira
3280 850 3632 921 gravissima,

1937 924 1994 973 et
2036 919 2432 979 intolerabiles
2463 925 2480 958 ⁴
2513 929 2934 998 persecutiones
2963 933 3169 988 unitati
3200 937 3454 994 Ecclesia
3483 919 3634 997 com-

1933 1008 2084 1078 pacti
2124 1013 2148 1046 ²
2192 1012 2507 1081 faciebant;
2558 1015 2810 1088 ipsisque
2859 1021 3242 1078 sacerdotibus
3287 1027 3578 1084 catholicis
3611 1035 3632 1065 ³

1935 1102 1993 1151 et
2037 1099 2314 1154 ministris
2354 1104 2745 1174 aggressiones
2792 1107 3024 1163 diurnas
3054 1115 3075 1146 ‘
3099 1116 3272 1183 atque
3302 1121 3629 1186 nocturnas,

1891 1249 1896 1254 Α
1933 1185 2396 1262 direptionesque
2443 1209 2637 1248 rerum
2684 1195 2942 1252 omnium
2988 1199 3324 1257 inferebant.
3380 1205 3522 1260 Nam
3577 1185 3634 1262 et

1933 1276 2145 1364 multos
2191 1278 2290 1332 Dei
2336 1297 2526 1336 servos
2567 1282 2816 1337 cadibus
2846 1285 3302 1345 debilitaverunt.
3335 1292 3634 1364 Aliquibus

1935 1362 2108 1419 etiam
2140 1366 2350 1422 calcem
2389 1386 2518 1424 cum
2551 1377 2710 1426 aceto
2740 1372 2800 1427 in
2831 1375 3027 1429 oculos
3057 1376 3354 1448 miserunt,
3383 1362 3637 1456 aliosque

1934 1451 2289 1510 occiderunt.
2342 1457 2500 1512 Unde
2529 1461 2704 1515 etiam
2746 1462 2862 1516 suis
2904 1464 3074 1534 iidem
3131 1467 3434 1525 Donatista
3476 1451 3635 1528 reba-

1932 1540 2238 1608 ptizatores
2267 1544 2325 1599 in
2357 1546 2555 1602 odium
2585 1551 2902 1607 veniebant.

1938 1693 2172 1749 CAPUT
2209 1697 2295 1751 XI.
2348 1725 2416 1738 -ο
2465 1703 2743 1768 Profectus
2801 1706 3050 1761 Ecclesia
3091 1725 3192 1780 per
3243 1712 3628 1780 Augustinum.

2195 1787 2530 1842 Monasteria
2554 1807 2656 1859 per
2684 1793 2801 1862 ejus
2831 1796 3074 1850 alumnos
3108 1799 3380 1853 instituta.

2000 1907 2339 1965 Proficiente
2391 1929 2560 1983 porro
2611 1914 2869 1970 doctrina
2911 1918 3124 1983 divina,
3180 1921 3284 1976 sub
3333 1927 3526 1979 sancto
3577 1931 3633 1980 et

1929 2011 2059 2048 cum
2108 2003 2302 2051 sancto
2331 2001 2648 2070 Augustino
2677 2003 2737 2056 in
2769 2007 3116 2061 monasterio
3162 2009 3276 2064 Deo
3301 2011 3628 2074 servientes,

1933 2083 2194 2139 Ecclesia
2265 2086 2614 2158 Hipponensi
2671 2092 2858 2147 clerici
2931 2095 3184 2149 ordinari
3241 2104 3536 2168 caperunt
3583 2099 3627 2157 ⁸.

1926 2175 2005 2226 Ac
2079 2173 2281 2229 deinde
2337 2175 2730 2235 innotescente
2787 2185 2842 2234 et
2907 2182 3247 2239 clarescente
3302 2186 3372 2240 de
3425 2186 3517 2242 die
3568 2187 3630 2242 in

1927 2260 2077 2316 diem
2145 2263 2404 2319 Ecclesia
2473 2268 2766 2324 catholica
2822 2271 3244 2340 praedicationis
3298 2275 3530 2330 veritate
3584 2280 3628 2346 ⁸,

1928 2355 2370 2424 sanctorumque
2413 2372 2706 2411 servorum
2753 2359 2855 2413 Dei
2898 2361 3216 2432 proposito,
3256 2363 3626 2432 continentia,

1927 2444 1981 2493 et
2027 2447 2365 2512 paupertate
2411 2446 2698 2514 profunda
2745 2445 2788 2513 ⁷,
2844 2463 2910 2502 ex
2956 2452 3304 2506 monasterio
3345 2454 3499 2524 quod
3528 2469 3632 2524 per

1925 2527 2090 2582 illum
2134 2533 2567 2588 memorabilem
2613 2534 2800 2590 virum
2847 2541 2904 2591 et
2947 2553 3068 2593 esse
3119 2545 3175 2594 et
3219 2557 3468 2596 crescere
3510 2559 3627 2599 ca:-

1924 2623 2108 2688 perat,
2137 2604 2348 2691 niagno
2378 2621 2660 2678 desiderio
2679 2641 2912 2694 poscere
2931 2632 3102 2698 atque
3125 2630 3380 2700 accipere
3411 2631 3627 2702 episco-

1925 2723 2030 2777 pos
2078 2713 2136 2762 et
2181 2710 2414 2764 clericos
2451 2728 2559 2783 pax
2611 2715 2868 2769 Ecclesia
2917 2722 3090 2788 atque
3129 2718 3318 2772 unitas
3361 2725 3418 2774 et
3459 2721 3630 2791 capit

1923 2795 2134 2866 primo,
2185 2802 2242 2852 et
2281 2805 2478 2869 postea
2521 2809 2820 2858 consecuta
2859 2809 2961 2859 est.
3015 2806 3157 2860 Nam
3187 2807 3366 2862 ferme
3407 2808 3625 2880 decem,

1924 2899 2066 2954 quos
2097 2884 2216 2955 ipse
2247 2887 2400 2954 novi,
2431 2895 2654 2944 sanctos
2684 2907 2746 2944 ac
2769 2892 3121 2948 venerabiles
3148 2895 3300 2950 viros
3337 2898 3628 2953 continen-

1922 2976 2005 3025 tes
2045 2977 2102 3026 et
2130 2973 2484 3030 doctissimos
2530 2975 2573 3044 ⁸,
2603 2977 2803 3032 beatus
2831 2978 2855 3013 θ
2876 2982 3229 3051 Augustinus
3259 2984 3495 3039 diversis
3521 2987 3624 3040 Ec-

1923 3060 2122 3122 clesiis,
2163 3063 2454 3118 nonnullis
2484 3082 2713 3137 quoque
2757 3066 3252 3137 eminentioribus,
3296 3077 3532 3143 rogatus
3577 3073 3625 3112 ¹⁰

1923 3148 2096 3204 dedit.
2130 3151 2514 3224 Similiterque
2541 3158 2596 3208 et
2614 3155 2720 3226 ipsi
2741 3172 2804 3210 ex
2829 3155 3062 3212 illorum
3085 3160 3126 3195 ¹¹
3146 3165 3472 3216 sanctorum
3497 3179 3624 3234 pro-

1921 3239 2106 3310 posito
2133 3241 2445 3308 venientes,
2481 3242 2707 3297 Domini
2738 3244 2995 3298 Ecclesiis
3022 3247 3374 3318 propagatis,
3408 3253 3464 3303 et
3491 3267 3622 3305 mo-

1923 3329 2170 3383 nasteria
2189 3329 2590 3398 instituerunt;
2621 3337 2677 3386 et
2705 3333 2894 3387 studio
2920 3341 3202 3390 crescente
3230 3336 3622 3394 adificationis

1921 3418 2078 3472 verbi
2111 3418 2230 3486 Dei,
2261 3420 2484 3473 cateris
2512 3420 2770 3475 Ecclesiis
2801 3427 3094 3492 promotos
3121 3425 3326 3480 fratres
3353 3426 3422 3480 ad
3453 3428 3624 3483 susci-

1919 3505 2195 3575 piendum
2237 3507 2616 3563 sacerdotium
2641 3510 3055 3580 prastiterunt.
3099 3513 3257 3568 Unde
3283 3531 3388 3585 per
3413 3517 3623 3571 multos

1922 3599 1978 3648 et
2013 3593 2073 3648 in
2101 3595 2297 3650 multis
2325 3597 2564 3651 salubris
2592 3598 2746 3663 fidei,
2781 3599 2924 3670 spei,
2954 3604 3013 3654 et
3040 3601 3332 3656 charitatis
3362 3603 3622 3660 Ecclesia

1921 3683 2310 3739 innotescente
2359 3686 2638 3754 doctrina,
2679 3704 2796 3742 non
2845 3689 3028 3743 solum
3058 3707 3163 3760 per
3191 3707 3391 3746 omnes
3419 3693 3622 3748 Africa.

1920 3777 2132 3842 partes,
2184 3789 2382 3828 verum
2432 3775 2604 3829 etiam
2654 3776 2714 3830 in
2760 3778 3177 3846 transmarinis,
3231 3785 3289 3834 et
3315 3798 3418 3852 per
3445 3782 3622 3838 libros

1921 3860 2100 3914 editos
2130 3866 2299 3932 atque
2331 3862 2387 3915 in
2438 3879 2686 3934 grarum
2719 3881 3039 3920 sermonem
3067 3868 3391 3936 translatos,
3423 3870 3494 3925 ab
3519 3871 3619 3926 illo

1919 3963 2035 4002 uno
2063 3950 2318 4017 homine,
2351 3955 2406 4004 et
2437 3967 2541 4022 per
2570 3951 2729 4006 illum
2763 3954 2981 4018 multis,
3013 3955 3236 4010 favente
3267 3957 3405 4022 Deo,
3441 3961 3620 4014 multa

1920 4037 2274 4093 innotescere
2307 4045 2658 4096 meruerunt.
2701 4043 2885 4112 Atque
2929 4042 3084 4110 hinc,
3115 4048 3181 4098 ut
3209 4044 3480 4116 scriptum
3511 4053 3615 4115 est,

1918 4131 2181 4197 peccator
2209 4127 2405 4183 videns
2435 4128 3081 4198 irascebatur,dentibus
3101 4131 3218 4186 suis
3242 4134 3618 4205 frendebat”,

1919 4219 1977 4268 et
2005 4215 2325 4270 tabescebat
2368 4216 2520 4284 (Psal
2592 4232 2714 4286 cxi,
2761 4221 2838 4286 10)
2884 4233 2897 4272 :
2931 4218 3079 4272 servi
3108 4224 3300 4275 autem
3331 4221 3433 4276 Dei
3466 4225 3529 4292 ⁴³,
3557 4227 3620 4277 ut

1982 4341 1996 4374 ¹
2031 4339 2270 4402 Plerique
2299 4340 2420 4389 Mss.
2453 4355 2464 4389 :
2501 4340 2854 4391 Gravissimas
2882 4344 2930 4391 et
2949 4343 3321 4394 intolerabiles.

1980 4402 2001 4467 ξ
2035 4400 2260 4467 Salinas,
2285 4416 2348 4451 ex
2501 4403 2629 4467 nec.
2660 4407 2742 4452 5H
2782 4418 2793 4451 :
2820 4408 2950 4453 Cum
2976 4405 3172 4467 pactis.
3239 4407 3308 4454 Μ.

1914 4466 2004 4576 de:
2015 4463 2258 4574 .bSalina‘si,
2281 4477 2344 4513 ex
2375 4463 2536 4514 Vatic.
2561 4465 2652 4514 Cd.
2679 4469 2796 4515 1190
2825 4463 3020 4517 :Justis
3039 4465 3418 4532 catholicisque
3437 4481 3618 4521 sacer-

2007 4541 2024 4574 ι
2057 4539 2123 4575 us
2205 4561 2222 4574 .
2266 4563 2276 4574 .

2007 4539 2123 4575 ιουε
2205 4539 2251 4574 Μ
2266 4563 2276 4574 .

1978 4590 1999 4623 ι
2026 4587 2249 4646 Salinas,
2279 4602 2344 4636 ex
2376 4603 2481 4638 uno
2506 4589 2620 4648 Cd.,
2650 4589 2906 4640 diversas.
2973 4589 3040 4638 Μ.

2053 4649 2277 4716 Salinas,
2295 4663 2358 4698 ex
2389 4651 2478 4699 Cd.
2502 4651 2628 4713 lteg.
2657 4654 2772 4700 1025
2801 4665 2812 4699 :
2836 4650 3177 4716 Pro/trientes
3195 4665 3356 4716 porro
3369 4652 3616 4704 doctrina

1914 4710 2097 4760 divina
2127 4711 2222 4777 sub
2241 4717 2426 4762 sancto
2451 4716 2502 4777 et
2535 4710 2654 4763 cum
2671 4715 2878 4777 sancto
2908 4710 3272 4777 Augustino'in
3295 4719 3617 4767 monasterio

1919 4777 2026 4824 Deo
2063 4776 2353 4839 servientes
2399 4781 2450 4839 et
2482 4774 2721 4839 Ecclesia:
2763 4774 3324 4839 Hipponénsi,clerici
3365 4779 3613 4829 ordinari

1912 4839 2198 4897 creperum.
2236 4836 2319 4884 Sic
2348 4837 2504 4884 etiam
2541 4837 2631 4885 Cd.
2661 4836 3002 4897 \‘aticfit90,
3033 4838 3134 4886 nisi
3157 4840 3298 4902 quod
3327 4839 3484 4890 habet
3511 4857 3522 4889 :
3553 4845 3612 4892 In

1913 4898 2160 4947 doctrina
2191 4897 2390 4948 divina.
2421 4899 2600 4947 addito
2622 4902 2693 4948 in.
2760 4900 2828 4948 Μ.

1952 4910 2160 4947 ocmna
2191 4910 2390 4956 aivma,
2421 4910 2600 4947 audito
2622 4910 2693 4948 in.
2760 4910 2828 4948 Μ.

1975 4962 1996 4994 ὃ
2023 4959 2382 5026 Cisterciensis
2407 4961 2571 5009 codex
2605 4975 2616 5008 :
2648 4962 2890 5011 Ecclesia:
2927 4961 3199 5013 catholica
3218 4964 3612 5026 pra'dicatiouts

1912 5023 2154 5072 veritate.
2181 5021 2293 5084 Vox
2315 5026 2489 5070 autem
2518 5027 2910 5084 prafdicationis
2939 5026 3003 5074 ab
3034 5039 3141 5073 uno
3171 5021 3236 5074 ei
3272 5028 3613 5076 Floriaceusi-

1912 5084 2011 5149 bus
2042 5083 2339 5149 Mssabest.
2372 5111 2446 5149 __—
2491 5085 2761 5134 Omittitur
2789 5087 2946 5135 etiam
2976 5087 3028 5136 in
3065 5087 3157 5136 Cd.
3190 5088 3441 5138 Vaticano
3476 5092 3611 5149 1191,

1905 5144 2059 5209 juxta
2088 5144 2309 5209 Salinas.
2370 5145 2436 5195 Μ.

1973 5210 1992 5242 7
2029 5207 2288 5276 Duo_l_\lss.
2325 5223 2339 5276 :_
2376 5208 2652 5276 Proposito
2688 5211 3024 5276 continentiae
3057 5214 3104 5263 et
3141 5214 3459 5276 paupertate
3491 5223 3613 5274 pro-

1911 5269 2104 5323 funda.
2130 5269 2487 5319 Cisterciensis
2503 5271 2591 5320 Cd.
2627 5285 2638 5319 :
2672 5273 2958 5336 Proposito
2979 5269 3292 5325 contiuent'c
3310 5269 3608 5338 pauperta-

1911 5339 2010 5382 tem
2034 5331 2394 5395 profundam.

1910 5339 2010 5382 tem
2040 5339 2359 5382 m'ofundam
2370 5367 2382 5378 .

1973 5346 2574 5453 Ζιέέιῗζιῖῗξιὲἔιδυοὺυε
2603 5395 2731 5445 Cdd.
2772 5410 2784 5444 :
2816 5400 2884 5448 Et
2910 5396 3115 5449 doctos.
3183 5397 3249 5445 Μ.

1971 5457 1994 5490 ο
2023 5455 2245 5512 Salinas,
2275 5470 2339 5504 ex
2372 5470 2479 5505 uno
2503 5458 2614 5516 Cd.,
2645 5459 2988 5509 beatissimus.
3056 5460 3121 5508 Μ.

1974 5519 2016 5552 ³ο
2036 5518 2188 5582 Apud
2213 5518 2436 5582 Salinas,
2455 5520 2544 5582 Cd.
2569 5533 2707 5568 unus
2723 5520 2862 5570 haud
2880 5521 3039 5570 habet
3058 5531 3258 5579 vocem,
3280 5521 3512 5581 rogatus.
3537 5521 3604 5570 Μ.

1974 5582 2010 5615 ¹¹
2046 5579 2270 5640 salinas,
2295 5594 2361 5629 ex
2389 5581 2598 5630 duobus
2625 5582 2811 5641 Vatia,
2844 5583 2953 5633 illo.
3020 5583 3090 5631 Μ.

2044 5642 2270 5717 Salinas,
2301 5656 2363 5692 ex
2400 5657 2507 5717 unq
2533 5643 2653 5717 Cd.;
2675 5643 2978 5717 [(CDICHDGL.
3025 5643 3102 5717 Μ.¹
3225 5709 3236 5717 _
3285 5704 3298 5717 ι

1973 5706 2015 5738 ¹³
2044 5704 2263 5768 Salinas,
2290 5719 2354 5753 ex
2385 5705 2593 5754 duobus
2618 5704 2743 5754 Cdd.
2785 5720 2796 5753 :
2829 5707 2978 5755 Servi
3003 5709 3195 5757 autem
3217 5704 3315 5768 tui,
3332 5708 3387 5758 ut
3410 5705 3610 5759 dictum

1911 5768 2000 5828 est,
2022 5773 2120 5818 etc.
2189 5763 2261 5816 Μ.

3043 5852 3310 5937 (Densa)
