4020 6346
413 307 481 362 43
1623 294 1793 349 VlTA
1833 294 1885 347 S.
1931 290 2313 348 AUGUSTINI
2368 282 2716 357 EPIStZtH’I,
3874 293 3934 342 λη,

409 425 627 480 dictum
670 425 775 489 est,
808 437 938 476 cum
969 420 1058 475 his
1087 420 1187 491 qui
1224 420 1464 474 oderant
1501 433 1720 490 pacem,
1754 420 1918 471 erant
1945 415 2108 486 paci-

405 513 532 581 ﬁci;
563 517 619 568 et
659 528 788 566 cum
819 512 1206 582 loquerentur,
1259 508 1690 571 debellabantur
1718 505 1896 578 gratis
1925 505 1994 559 ab
2031 503 2112 558 eis

404 604 578 673 (Psal.
612 618 756 668 cxxx,
787 599 866 671 7).

407 727 632 783 CAPUT
669 726 781 780 XII.
811 755 878 765 —
902 723 1245 792 Augustinus
1270 726 1502 792 paratas
1531 721 1640 776 sibi
1668 720 1900 774 insidias
1931 733 2110 772 errore

505 815 744 872 ductoris
776 813 998 866 devitat.
1034 813 1206 866 Multa
1229 813 1460 865 auraria
1489 810 1752 864 haereticis
1783 807 2012 862 indicta.

479 938 798 1011 Aliquoties
843 952 975 990 vero
1026 935 1199 990 etiam
1247 935 1364 989 vias
1412 932 1618 988 armati
1648 931 1825 986 iidem
1856 930 2114 985 Circum-

410 1028 681 1084 celliones
719 1030 915 1080 contra
965 1023 1247 1078 famulum
1303 1022 1401 1076 Dei
1451 1021 1834 1090 Augustinum
1878 1018 2115 1072 obsede-

410 1120 564 1182 runt,
636 1114 772 1168 dum
832 1113 974 1166 forte
1045 1111 1151 1164 iret
1204 1117 1435 1181 rogatus
1498 1110 1566 1164 ad
1620 1107 1949 1168 visitandas,
2025 1106 2114 1159 in-

411 1203 708 1259 struendus
737 1206 792 1256 et
821 1200 1198 1256 exhortandas
1223 1199 1530 1253 catholicas
1555 1197 1779 1268 plebes;
1808 1195 1960 1267 quod
1993 1196 2114 1265 ipse

409 1291 866 1364 frequentissime
897 1289 1153 1342 faciebat.
1201 1289 1264 1342 Et
1303 1285 1609 1357 aliquando
1641 1285 1902 1355 contigit,
1934 1288 1996 1337 ut
2027 1282 2112 1335 illi

412 1381 814 1438 succenturiati
863 1381 1132 1434 hactenus
1178 1376 1480 1448 perderent
1519 1375 1840 1446 captionem
1880 1390 1892 1426 :
1928 1366 2117 1426 evenit

413 1471 567 1527 enim
600 1470 699 1525 Dei
739 1469 971 1540 quidem
1011 1466 1385 1538 providentia,
1428 1464 1527 1519 sed
1570 1462 1855 1519 ducatoris
1886 1462 1905 1496 ⁴
1937 1461 2117 1515 homi-

411 1561 501 1617 nis
547 1576 757 1626 errore,
807 1563 870 1612 ut
898 1573 1000 1628 per
1031 1557 1198 1610 aliam
1238 1555 1386 1608 viam
1418 1571 1549 1608 cum
1589 1553 1705 1607 suis
1736 1551 2039 1606 comitibus
2069 1548 2111 1613 ²,

412 1649 670 1705 sacerdos
699 1663 812 1720 quo
843 1647 1109 1700 tendebat
1137 1644 1402 1712 venisset,
1434 1649 1604 1714 atque
1638 1659 1738 1713 per
1766 1642 1916 1695 hunc
1945 1656 2116 1711 quem

412 1743 607 1810 postea
641 1735 910 1806 cognovit
939 1750 1215 1802 errorem,
1248 1749 1452 1786 manus
1497 1733 1700 1801 impias
1733 1729 2012 1784 evasisset.
2056 1731 2118 1783 Et

419 1843 548 1882 cum
594 1825 652 1878 in
687 1825 954 1878 omnibus
997 1821 1291 1876 liberatori
1342 1823 1454 1875 Deo
1497 1821 1708 1891 gratias
1741 1819 1964 1888 egisset,
1994 1835 2116 1872 om-

419 1915 556 1969 nino
588 1930 690 1968 suo
721 1929 878 1967 more
908 1911 992 1966 illi
1014 1916 1034 1947 ³
1061 1927 1164 1966 nec
1185 1910 1459 1964 laicisnec
1480 1909 1695 1963 clericis
1715 1912 2113 1980 pepercerunt,

423 2004 566 2059 sicut
595 2001 820 2075 publica
846 2005 1240 2056 contestantur
1269 2005 1424 2070 gesta
1457 2003 1496 2053 ‘.

483 2094 637 2146 Inter
686 2107 754 2145 ea
798 2089 1082 2143 silendum
1125 2105 1242 2142 non
1286 2093 1388 2154 est,
1429 2087 1582 2158 quod
1628 2087 1698 2142 ad
1743 2086 1974 2140 laudem
2019 2086 2116 2140 Dei

410 2197 514 2254 per
543 2181 695 2235 illius
729 2185 839 2233 tam
874 2176 1092 2250 egregii
1114 2177 1172 2231 in
1205 2176 1448 2230 Ecclesia
1476 2175 1578 2229 viri
1609 2175 1857 2229 studium
1891 2175 2120 2229 domus-

414 2287 526 2342 que
561 2269 660 2323 Dei
687 2269 872 2322 zelum
903 2267 1173 2321 adversus
1202 2265 1500 2336 przedictos
1531 2264 1974 2335 rebaptizatores
2010 2265 2119 2317 Do-

418 2359 653 2414 natistas
694 2362 916 2427 gestum
962 2360 1018 2410 et
1046 2354 1360 2425 perfectum
1391 2359 1495 2408 est.
1527 2354 1666 2407 Cum
1699 2352 1843 2407 forte
1877 2368 2022 2406 unus
2053 2368 2120 2405 ex

417 2449 490 2502 iis
521 2464 664 2519 quos
692 2447 760 2501 de
793 2462 894 2500 suo
939 2443 1286 2499 monasterio
1327 2447 1381 2497 et.
1411 2442 1560 2496 clero
1590 2441 1888 2513 episcopos
1936 2441 2118 2494 Eccle-

421 2537 519 2592 sia:
549 2537 982 2606 propagaverat,
1013 2533 1081 2588 ad
1123 2548 1281 2586 suam
1324 2548 1516 2585 curam
1548 2531 1932 2606 pertint-idem
1963 2531 2120 2584 Cala-

423 2625 632 2682 mensis
677 2624 932 2679 Ecclesiae
961 2623 1250 2676 dioecesim
1291 2621 1560 2688 visitare‘t,
1607 2625 1664 2674 et
1693 2636 1820 2691 qua:
1851 2618 2125 2673 didicerat

422 2731 528 2787 pro
569 2731 705 2786 pace
754 2711 1010 2768 Ecclesiae
1041 2715 1238 2764 contra
1279 2709 1435 2763 illam
1469 2709 1731 2762 haeresim
1765 2707 2119 2778 przedicaret,

423 2806 636 2860 factum
684 2807 766 2857 est
811 2807 874 2856 ut
904 2799 1094 2855 medio
1121 2800 1324 2854 itinere
1355 2814 1551 2853 eorum
1583 2798 1817 2852 insidias
1848 2799 2124 2852 incurris-

423 2897 528 2959 set,
563 2899 617 2946 et
646 2906 946 2962 pervasum
977 2905 1106 2942 cum
1146 2886 1414 2942 omnibus
1458 2886 1540 2940 illi
1571 2886 1995 2951 comitantibus,
2031 2904 2124 2941 su-

422 2981 591 3037 blatis
634 2978 979 3034 animalibus
1009 2981 1066 3032 et
1093 2977 1281 3042 rebus,
1316 2975 1540 3045 injuriis
1563 2980 1620 3029 et
1647 2975 1799 3029 ccede
1832 2991 1963 3029 eum
1995 2991 2127 3046 gra-

423 3069 653 3124 vissima
699 3068 1036 3122 effecissent.
1069 3067 1146 3120 De
1178 3081 1291 3136 qua
1321 3081 1401 3131 re,
1434 3081 1505 3118 ne
1538 3065 1690 3135 pacis
1719 3065 1977 3118 Ecclesize
2008 3081 2128 3118 am-

423 3159 572 3231 plius
619 3157 994 3228 impediretur
1041 3154 1349 3224 profectus,
1400 3153 1663 3207 defensor
1694 3153 1950 3206 Ecclesia:
1982 3153 2130 3207 inter

423 3251 580 3319 leges
610 3263 728 3300 non
758 3245 936 3299 siluit.
978 3244 1043 3298 Et
1085 3248 1403 3313 praeceptus
1433 3247 1517 3294 est
1549 3241 1858 3312 Crispinus,
1892 3240 1992 3312 qui
2020 3242 2129 3295 eis-

427 3337 559 3392 dem
612 3333 920 3390 Donatistis
950 3333 1009 3386 in
1041 3331 1358 3387 Calamensi
1391 3330 1641 3409 civitate_
1662 3336 1719 3384 et
1750 3331 1980 3401 regione
2013 3332 2133 3402 epi-

429 3441 632 3495 scopus
661 3423 790 3488 fuit,
823 3421 1165 3493 praedicatus
1196 3419 1408 3474 scilicet
1437 3425 1493 3474 et
1525 3420 1718 3473 multis
1751 3419 2047 3490 temporis,
2077 3425 2134 3474 et

429 3515 631 3569 doctus
659 3513 728 3566 ad
760 3512 1034 3565 mulctam
1076 3509 1258 3564 teneri
1299 3509 1582 3562 aurariam
1633 3509 1873 3580 publicis
1915 3509 2133 3581 legibus

430 3608 629 3658 contra
670 3599 968 3656 haereticos
1015 3597 1400 3652 constitutam.
1441 3596 1549 3661 Qui
1593 3598 1872 3652 resultans
1911 3599 2133 3669 legibus

431 3694 803 3762 praesentatus
834 3705 963 3742 cum
995 3688 1145 3758 apud
1169 3687 1577 3743 Proconsulem
1607 3703 1666 3742 se
1688 3693 1924 3758 negaret
1952 3689 2132 3742 haere-

430 3780 629 3840 ticum,
663 3779 867 3834 oborta
915 3783 1000 3832 est
1044 3775 1366 3843 necessitas,
1416 3781 1476 3830 ut
1509 3775 1591 3830 illi
1620 3777 1918 3831 recedente
1949 3779 2134 3832 Eccle-

433 3869 531 3924 sia:
579 3869 898 3933 defensore,
947 3885 980 3922 a
1025 3867 1300 3922 catholico
1346 3867 1611 3937 episcopo
1650 3867 2009 3922 resisteretur
2041 3869 2132 3938 (α),

433 3964 488 4014 et
517 3958 950 4013 convinceretur
977 3973 1108 4011 eum
1139 3973 1281 4021 esse,
1315 3956 1466 4027 quod
1496 3972 1554 4010 se
1583 3956 1756 4010 fuisse
1789 3963 2092 4027 negaverat
2123 3973 2136 4009 :

435 4048 706 4120 quoniam
734 4047 781 4101 si
814 4047 884 4100 ab
914 4046 1116 4100 eodem
1144 4045 1622 4114 dissimularetur,
1654 4045 1799 4100 forte
1831 4047 2138 4100 catholicus

436 4137 733 4207 episcopus
797 4135 867 4188 ab
927 4133 1321 4204 ignorantibus
1377 4133 1681 4188 hazreticus
1719 4132 1742 4166 ⁸
1789 4136 2136 4202 crederetur,

435 4226 535 4280 illo
567 4241 624 4279 se
651 4225 802 4293 quod
835 4227 956 4276 erat
975 4227 1242 4292 negante,
1275 4227 1445 4292 atque
1473 4221 1550 4276 ita
1572 4239 1637 4276 ex
1670 4223 1774 4277 hac
1806 4223 2019 4277 desidia
2046 4224 2137 4276 in-

438 4312 620 4366 ﬁrmis
669 4311 997 4365 scandalum
1047 4314 1393 4364 nasceretur.
1447 4311 1515 4364 Et
1559 4312 1917 4366 memorabili
1944 4316 2139 4383 Augu-

441 4401 586 4455 stino
631 4400 884 4454 antistite
919 4398 1269 4453 omnimodis
1300 4398 1570 4466 instante,
1597 4400 1667 4454 ad
1698 4402 2141 4456 controversiam

445 4489 610 4544 ambo
637 4488 720 4543 illi
751 4489 1106 4542 Calamenses
1131 4488 1380 4559 episcopi
1401 4494 1696 4556 venerunt,
1729 4496 1786 4544 et
1813 4491 1881 4544 de
1914 4491 2035 4562 ipsa
2055 4492 2140 4546 di-

347 4587 352 4590 '
443 4595 602 4634 versa
650 4577 1052 4632 communione
1084 4578 1250 4632 tertio
1289 4578 1619 4633 conflictum
1659 4595 1849 4634 secum
1880 4586 2141 4651 egerunt,

444 4685 655 4740 magna
689 4667 1037 4739 populorum
1077 4667 1517 4722 christianorum
1547 4669 1918 4725 multitudine
1959 4688 2141 4726 causae

445 4759 680 4824 exitum,
733 4763 790 4812 et
831 4758 984 4828 apud
1016 4757 1441 4828 Carthaginem,
1473 4761 1528 4812 et
1551 4775 1657 4829 per
1684 4763 1866 4815 totam
1895 4761 2142 4818 Africam

508 4869 522 4900 ¹
563 4865 646 4914 Sic
689 4865 843 4922 Mss.;
873 4864 998 4912 editi
1035 4877 1160 4912 vero
1194 4878 1205 4912 :
1240 4865 1504 4916 Ductoris.
1542 4892 1599 4900 ——
1632 4865 1976 4915 Posteriorem
2008 4867 2144 4918 hanc

445 4941 626 4990 vocem
657 4927 782 4988 legit
806 4925 1025 4990 Salinas
1039 4941 1119 4990 ex
1141 4925 1269 4974 Cdd.
1302 4927 1426 4990 Reg.
1464 4930 1547 4976 5H
1580 4932 1633 4976 et
1666 4928 1830 4990 \r’atic.
1867 4932 2004 4978 1188.
2073 4933 2141 4981 Μ.

506 4990 528 5024 Ξ
549 4989 770 5048 Salinas,
797 5003 860 5038 ex
891 4988 980 5036 Cd.
1010 4988 1173 5037 Vatic.
1207 4990 1325 5037 1188
1363 4988 1538 5040 illum
1565 4991 1676 5040 suis
1709 4989 2030 5043 ductoribus
2061 4995 2145 5043 vel

447 5053 741 5104 comitibus.
809 5052 876 5099 Μ.

506 5119 526 5151 3
557 5114 761 5177 Salinas
795 5112 956 5168 addit,
987 5112 1235 5177 furentes,
1265 5112 1579 5177 subjicitque
1612 5113 1750 5162 hanc
1777 5119 1974 5165 notam.
2005 5132 2016 5165 :
2049 5118 2145 5166 Vo-

444 5178 616 5226 culam
633 5176 893 5238 furentes
917 5176 1225 5224 auctoritate
1250 5176 1340 5224 Cd.
1372 5176 1599 5238 Reg.'5-tl
1630 5177 1920 5238 posuimus,
1947 5193 2044 5228 nec
2069 5194 2146 5229 re-

446 5241 584 5289 cedit
612 5253 639 5287 a
675 5238 895 5303 Postidii
917 5238 1088 5299 genio,
1123 5242 1180 5286 ut
1207 5238 1295 5302 qui
1324 5252 1438 5301 cap.
1474 5240 1502 5286 9
1523 5239 1596 5287 ait
1627 5253 1640 5297 ;
1675 5241 1808 5288 lrali
1835 5239 2043 5303 furiosa
2075 5242 2145 5294 lo-

444 5304 670 5366 qurbanl
680 5313 775 5350 ur.
848 5300 916 5348 Μ.
1225 5300 1238 5302 ἡ
1389 5300 1402 5301 ί
1835 5300 1844 5303 ’

506 5367 527 5435 ξ
552 5364 774 5435 Salinas.
796 5376 858 5412 ex
878 5375 986 5410 uno
1007 5361 1096 5411 Cd.
1124 5377 1134 5409 :
1157 5364 1307 5435 Sicut
1320 5359 1535 5435 publica
1553 5362 1821 5413 continent
1840 5369 2044 5435 geslaq
2071 5367 2140 5416 Μ.

507 5429 528 5461 ⁸
569 5426 919 5475 Lovanienses
951 5437 1144 5488 vocem
1179 5425 1458 5475 haereticus
1493 5425 1860 5488 expunxeraui
1918 5429 2143 5479 reniten-

446 5488 588 5537 tibus
617 5487 1006 5549 manuscriptis.

493 5551 576 5660 (sa)
593 5548 902 5599 Catholicus’
917 5549 1003 5598 ille
1023 5549 1299 5611 episcopus
1321 5548 1430 5612 ipse
1456 5553 1534 5598 est
1561 5551 1649 5614 qui
1681 5565 1788 5600 rem
1812 5557 1991 5601 narrat.
2016 5553 2142 5602 Pos-

531 5613 630 5660 ius.
660 5626 852 5660 nomen
880 5625 1035 5660 suum
1064 5624 1169 5660 orre
1200 5611 1454 5660 modestia
1483 5612 1692 5660 silentio
1723 5619 1922 5660 tegens.
1955 5615 2045 5660 sed
2078 5617 2142 5660 ab

445 5611 630 5678 sidius,
656 5626 852 5678 nomen
880 5625 1035 5678 suum
1064 5611 1454 5678 pr_re_mo_dest_ia
1483 5611 1692 5678 silentio
1723 5619 1922 5678 tegens,
1955 5615 2045 5663 sed
2078 5617 2142 5664 ab

446 5675 742 5737 Augustino
766 5674 1004 5737 proditus
1023 5673 1076 5722 iu
1099 5673 1330 5736 Epistola
1361 5676 1468 5735 t05,
1491 5688 1544 5724 n.
1579 5677 1620 5734 1,
1650 5680 1703 5726 et
1737 5673 1801 5726 ixi
1819 5676 1952 5725 libro
1987 5679 2142 5726 tertio

447 5740 630 5786 contra
659 5736 1014 5795 Cresconium,
1047 5750 1194 5800 capp.
1224 5738 1300 5795 46,
1333 5737 1406 5785 Π.

2222 436 2581 503 exspectante
2625 449 2637 486 :
2680 436 2852 503 atque
2893 431 2976 485 illi
3015 430 3309 500 Crispinus
3351 431 3748 502 proconsulari
3791 436 3856 486 et
3885 433 3934 485 Ii-

2224 519 2426 574 bellari
2455 521 2736 574 sententia
2781 524 2864 574 est
2891 519 3295 591 pronuntiatus
3321 520 3644 576 haereticus.
3677 523 3792 576 Pro
3827 537 3936 592 qun

2224 609 2321 663 ille
2351 611 2500 680 apud
2530 610 2895 679 Cognitorem
2921 607 3233 663 catholicus
3261 609 3561 680 episcopus
3591 609 3936 670 intercessit,

2226 714 2298 752 ne
2323 698 2547 752 auraria
2571 700 2781 752 mulcta
2807 697 3161 768 exigeretur;
3187 701 3243 751 et
3266 698 3320 752 ei
3348 703 3434 752 est
3459 697 3810 753 beneﬁcium
3845 697 3940 751 im-

2227 791 2534 858 petratum.
2593 787 2746 842 Unde
2775 803 2904 842 cum
2944 789 3198 858 ingratus
3255 787 3325 842 ad
3369 787 3692 858 piissimum
3725 787 3940 842 Princi-

2227 893 2358 948 pem
2387 875 2797 947 ‘provocasset,
2830 883 2886 932 et
2914 877 2984 931 ab
3009 877 3356 947 Imperatore
3389 875 3650 930 relationi
3679 875 3934 930 debitum

2228 972 2310 1020 est
2351 981 2688 1036 responsum
2745 966 3016 1031 solutum,
3070 971 3126 1019 et
3175 971 3542 1020 consecutum
3590 969 3674 1019 est
3731 979 3937 1036 praece-

2230 1060 2390 1126 ptum
2415 1053 2459 1122 ’,
2502 1056 2658 1109 nullo
2700 1071 2930 1126 prorsus
2963 1056 3084 1108 loco
3117 1053 3413 1108 haereticos
3461 1053 3785 1108 Donatistas
3820 1070 3935 1107 esse

2231 1145 2456 1214 debere,
2488 1151 2544 1198 et
2573 1162 2668 1198 eos
2697 1145 2770 1198 ad
2817 1144 2929 1198 vim
2972 1145 3163 1214 legum
3195 1144 3456 1198 omnium
3488 1149 3686 1197 contra
3716 1143 3939 1197 hagreti-

2229 1250 2322 1287 cos
2353 1235 2596 1289 latarum
2628 1233 2840 1304 ubique
2871 1237 2892 1268 ³
2934 1233 3116 1287 teneri
3143 1233 3368 1288 debere.
3406 1233 3481 1287 Ex
3513 1248 3626 1303 quo
3654 1237 3712 1286 et.
3735 1232 3937 1296 Judex,

2231 1328 2286 1378 et
2312 1323 2573 1378 Ofﬁcium
2611 1321 2656 1390 ',
2695 1327 2750 1376 et
2778 1321 2928 1376 idem
2959 1321 3272 1393 Crispinus,
3307 1321 3462 1393 quod
3493 1320 3731 1375 minime
3766 1321 3938 1374 fuerit

2231 1416 2477 1479 exactus,
2526 1411 2797 1482 praecepti
2837 1416 2969 1466 sunt
2996 1412 3169 1466 denas
3197 1411 3323 1465 auri
3357 1411 3530 1466 libras
3561 1409 3681 1464 ﬁsci
3704 1409 3939 1480 juribus

2230 1501 2461 1556 inferre.
2507 1501 2616 1556 Sed
2663 1500 2923 1572 protinus
2971 1517 3144 1571 Opera
3186 1500 3316 1554 data
3368 1505 3453 1554 est
3497 1515 3599 1571 per
3627 1499 3935 1553 catholicos

2229 1591 2551 1663 episcopos,
2597 1590 2887 1662 praecipue
2940 1607 3043 1661 per
3087 1596 3294 1646 sancta:
3343 1589 3634 1644 memoria:
3664 1589 3935 1660 Augusti-

2229 1697 2388 1747 num,
2417 1686 2480 1734 ut
2508 1681 2603 1736 illa
2627 1681 2885 1736 omnium
2909 1680 3304 1735 condemnatio
3327 1678 3600 1752 principis
3622 1677 3939 1734 dimittere-

2227 1784 2323 1833 tur
2360 1769 2714 1842 indulgentia
2747 1787 2758 1825 :
2793 1776 2847 1824 et
2881 1770 3119 1824 Domino
3149 1769 3450 1839 adjuvante
3482 1767 3803 1838 perfectum
3830 1772 3931 1818 est.

2231 1860 2353 1925 Qua
2374 1860 2671 1931 diligentia
2691 1865 2743 1914 et
2768 1865 2959 1913 sancto
2982 1859 3168 1912 studio
3192 1860 3436 1912 multum
3463 1859 3639 1911 crevit
3669 1855 3934 1910 Ecclesia.

2336 1969 2558 2024 CAPUT
2597 1969 2738 2023 XIII.
2787 1998 2854 2007 ——
2885 1968 3008 2022 Pam
3033 1967 3282 2021 Ecclesiae
3308 1981 3408 2036 per
3436 1965 3829 2034 Augustinum.

2304 2077 2368 2130 Et
2393 2075 2462 2130 de
2502 2075 2590 2128 his
2643 2074 2911 2129 omnibus
2957 2090 3061 2144 pro
3107 2090 3247 2144 pace
3292 2072 3548 2127 Ecclesia:
3592 2071 3786 2142 gestis,
3821 2073 3939 2124 Au-

2231 2161 2460 2232 gUstino
2512 2160 2788 2215 Dominus
2833 2165 2888 2214 et
2934 2160 3025 2214 hic
3077 2161 3332 2231 palmam
3382 2159 3557 2224 dedit,
3606 2164 3662 2211 et
3691 2158 3853 2228 apud
3884 2174 3936 2210 se

2225 2250 2464 2320 justitite
2520 2265 2789 2304 coronam
2843 2249 3152 2303 reservavit
3203 2266 3216 2304 :
3267 2266 3331 2303 ac
3382 2248 3564 2318 magis
3621 2246 3941 2318 magisque,

2227 2341 2460 2410 juvante
2507 2339 2750 2407 Christo,
2797 2338 2866 2392 de
2907 2338 3000 2392 die
3046 2337 3104 2392 in
3153 2337 3306 2392 diem
3355 2338 3668 2407 augebatur
3697 2342 3757 2388 et
3790 2335 3939 2389 mul-

2233 2428 2596 2498 tiplicabalur
2641 2427 2793 2497 pacis
2841 2427 3048 2493 unitas,
3081 2433 3138 2480 et
3169 2426 3426 2480 Ecclesiae
3461 2425 3558 2480 Dei
3588 2424 3936 2479 fraternitas.

2236 2518 2298 2571 Et
2328 2517 2387 2570 id
2421 2517 2666 2570 maxime
2694 2517 2902 2570 factum
2947 2521 3029 2570 est
3071 2521 3198 2586 post
3223 2516 3589 2570 collationem
3629 2512 3674 2580 ⁵,
3708 2531 3846 2584 quae
3879 2512 3942 2565 ab

2239 2605 2514 2660 universis
2545 2605 2822 2676 episcopis
2865 2605 3154 2658 catholicis
3184 2604 3337 2675 apud
3369 2603 3774 2674 Carthaginem
3813 2617 3940 2656 cum

2237 2694 2452 2749 eisdem
2487 2695 2910 2748 Donatistarum
2942 2693 3221 2764 episcopis
3252 2693 3624 2764 postmodum
3660 2693 3810 2746 facta
3842 2695 3942 2752 est.

2237 2784 2295 2838 id
2317 2783 2555 2854 jubente
2600 2783 3016 2853 gloriosissimo
3047 2788 3102 2836 et
3133 2783 3561 2853 religiosissimo
3593 2782 3944 2851 imperatore

2239 2873 2517 2938 Honorio;
2566 2879 2802 2943 propter
2827 2873 2979 2943 quod
3019 2872 3427 2943 perliciendum
3459 2871 3630 2925 etiam
3660 2887 3691 2923 a
3722 2887 3830 2924 suo
3865 2871 3944 2923 la-

2239 2968 2358 3017 tere
2401 2963 2698 3016 tribunum
2753 2967 2806 3015 et
2848 2961 3136 3015 notarium
3178 2961 3562 3016 Marcellinum
3599 2960 3666 3014 ad
3695 2960 3943 3013 Africam

2234 3051 2485 3122 judicem
2538 3051 2781 3104 miserat.
2817 3051 2880 3105 In
2924 3066 3038 3122 qua
3071 3049 3454 3104 controversia
3482 3050 3565 3104 illi
3597 3047 3948 3103 omnimodis

2242 3139 2541 3208 confutati,
2581 3145 2752 3210 atque
2782 3141 2852 3194 de
2882 3155 3073 3193 errore
3105 3156 3138 3192 a
3165 3137 3465 3196 Catholicis
3497 3137 3758 3201 convicti,
3815 3153 3944 3190 sen-

2242 3227 2420 3281 tentia
2451 3227 2773 3298 Cognitoris
2805 3227 2984 3281 notati
3011 3232 3172 3293 sunt;
3205 3231 3264 3280 et
3300 3231 3430 3298 post
3461 3241 3658 3297 eorum
3693 3226 3946 3295 appella-

2243 3316 2477 3378 tionem,
2509 3314 2752 3385 piissimi
2781 3316 2951 3386 Regis
2972 3333 3243 3387 respouso
3271 3317 3415 3386 iuste
3437 3315 3586 3368 inter
3606 3313 3908 3368 haereticos
3930 3313 3949 3344 θ

2243 3405 2606 3458 condemnati
2650 3410 2801 3459 sunt.
2858 3406 2933 3458 Ex
2974 3421 3088 3477 qua
3117 3405 3337 3459 ratione
3376 3403 3542 3458 solito
3572 3402 3826 3473 amplius
3856 3419 3949 3455 eo-

2246 3510 2374 3548 rum
2422 3492 2720 3565 episcopi"
2753 3511 2882 3549 cum
2915 3495 3031 3548 suis
3069 3494 3285 3548 clericis
3315 3498 3370 3548 et
3399 3493 3657 3565 plebibus
3687 3507 3949 3546 commu-

2245 3585 2598 3650 nicaverunt,
2634 3589 2690 3638 et
2718 3599 2917 3654 pacem
2947 3589 3208 3638 tenentes
3227 3583 3586 3648 catholicam,
3619 3582 3833 3636 multas
3863 3598 3950 3634 eo-

2245 3690 2375 3728 rum
2406 3673 2824 3744 persecutiones
2852 3689 3034 3744 usque
3076 3673 3147 3727 ad
3179 3673 3572 3727 membrorum
3599 3669 3948 3741 amputatio-

2247 3779 2379 3817 nem
2429 3768 2485 3816 et
2538 3763 2985 3816 internecionem
3043 3762 3418 3833 pertulerunt.
3477 3763 3540 3815 Et
3589 3765 3779 3814 totum
3810 3759 3944 3813 illud

2247 3851 2484 3916 bonum,
2516 3855 2582 3904 ut
2602 3849 2746 3918 dixi,
2768 3866 2872 3920 per
2900 3856 3156 3905 sanctum
3183 3851 3346 3906 illum
3369 3849 3685 3911 hominem,
3718 3863 3949 3902 consen-

2247 3939 2520 3994 tientibus
2551 3939 2756 3994 nostris
2802 3940 3081 4010 episcopis
3129 3945 3185 3994 et
3211 3939 3425 4011 pariter
3453 3937 3872 4008 satagentibus,
3902 3943 3950 3988 et

2249 4033 2500 4099 emptum
2525 4033 2580 4082 et
2610 4028 2925 4100 perfectum
2959 4034 3062 4083 est.

2251 4137 2476 4190 CAPUT
2496 4136 2628 4189 XIV.
2648 4164 2719 4177 —
2739 4138 3010 4190 Emerilus
3031 4139 3310 4206 episcopus
3332 4137 3617 4190 Donatista
3641 4139 3946 4203 superatus.

2321 4242 2494 4295 Porro
2537 4245 2728 4296 autem
2777 4240 3052 4312 quoniam
3096 4248 3226 4313 post
3266 4242 3441 4306 illam,
3490 4257 3620 4312 quae
3662 4255 3797 4310 cum
3856 4239 3950 4294 Do-

2253 4328 2474 4382 natistis
2503 4329 2645 4382 facta
2674 4334 2778 4396 est,
2815 4330 3200 4398 collationem,
3230 4347 3346 4385 non
3388 4330 3696 4384 defuerunt
3735 4328 3842 4400 qui
3871 4327 3949 4382 di-

2318 4434 2330 4496 !
2370 4430 2593 4496 Salinas,
2619 4446 2678 4480 ex
2704 4433 2794 4496 Cd.
2827 4432 2950 4496 Reg.
2980 4436 3066 4483 5H
3100 4450 3112 4484 :
3143 4434 3218 4485 Ad
3247 4436 3542 4496 piissimum
3563 4432 3821 4494 judicent.
3890 4431 3951 4479 Μ.

2318 4447 2330 4466 ¹
2370 4447 2593 4490 Salinas,
2619 4447 2678 4480 ex
2704 4447 2794 4481 bl].
2828 4447 2899 4482 ue
2941 4472 2950 4481 .
2980 4447 3066 4483 541
3100 4450 3112 4484 ζ
3143 4447 3217 4485 Αα
3247 4447 3542 4496 pussmmm
3563 4447 3821 4494 judicent.
3890 4447 3948 4479 Μ.

2315 4495 2336 4529 ²
2366 4493 2588 4566 Salinas,
2615 4508 2685 4566 ea
2709 4495 2883 4566 tribus
2903 4447 3028 4545 glss.
3057 4512 3069 4546 :
3096 4499 3162 4566 Et
3189 4500 3578 4566 consequenter
3608 4498 3948 4566 prgeeplum.

2254 4571 2314 4607 ex
2338 4557 2485 4622 alio;
2522 4558 2584 4606 Et
2615 4562 2781 4608 etiam
2811 4563 2888 4622 est
2920 4562 3259 4610 consecutum
3283 4557 3626 4622 priest-ptumi
3694 4558 3766 4607 Μ.

2316 4622 2336 4694 ξι
2361 4619 2566 4694 Salinas
2590 4634 2652 4694 ex‘
2685 4635 2792 4694 uno
2818 4621 2911 4668 Cd.
2938 4622 3062 4694 Reg.
3098 4637 3110 4670 :
3144 4619 3340 4692 Ibique.
3377 4619 3482 4694 AM.

2316 4685 2336 4716 ‘
2364 4681 2617 4746 Ofﬁcium
2641 4682 2740 4731 hoc
2764 4684 2879 4732 loco
2909 4681 3124 4746 ponitur
3147 4681 3244 4746 prd
3269 4684 3343 4732 rei
3373 4683 3593 4732 forensis
3610 4682 3951 4742 administris,

2255 4744 2923 4816 qualessuntnexceptorles—
2943 4747 3032 4807 qui
3055 4744 3222 4816 iudici
3251 4759 3463 4816 operam
3502 4759 3651 4816 suam
3677 4753 3952 4816 praestant,

2256 4807 2313 4871 ut
2334 4807 2391 4871 in
2423 4807 2556 4871 libro
2581 4810 2607 4856 3
2629 4807 2814 4856 contra
2837 4807 3193 4867 Crescon‘ium,
3215 4807 3327 4871 cap.
3357 4810 3436 4867 29,
3467 4811 3517 4856 et
3543 4807 3818 4857 Breviculo
3844 4811 3954 4858 Col-

2255 4869 2467 4934 talionis
2497 4869 2579 4934 die
2606 4873 2650 4934 t,
2680 4885 2794 4934 cap.
2831 4872 2878 4929 8,
2909 4875 2961 4918 et
2989 4871 3071 4919 die
3101 4873 3144 4928 3,
3183 4869 3296 4934 cap}
3327 4873 3370 4925 1,
3401 4875 3453 4919 et
3473 4873 3691 4934 cap.ﬂl7,
3714 4884 3770 4934 u.
3805 4873 3884 4928 32.
3911 4879 3955 4920 et

2256 4931 2525 4996 libro_post
2541 4931 2904 4996 Collationem,
2923 4947 3037 4996 cap.
3068 4936 3146 4991 24,
3178 4931 3269 4981 ιωῖ
3290 4934 3374 4996 lit,
3402 4934 3478 4996 42,
3501 4931 3553 4996 et
3583 4933 3717 4996 libro
3744 4933 3812 4981 de
3839 4936 3954 4983 Lini-

2255 4997 2359 5042 tate
2381 4993 2644 5064 Ecclesiae,
2672 4997 2835 5064 n.054,
2867 4993 3074 5064 necnon
3103 4996 3157 5044 in
3187 4995 3328 5064 Actis
3354 4994 3662 5064 Collationis
3693 4994 3956 5064 Carthagi-

2256 5056 2435 5104 nensis
2478 5057 2690 5118 passim.
2729 5058 2899 5114 Quare
2937 5058 3073 5105 male
3102 5061 3396 5106 correctum
3446 5056 3530 5106 hic
3559 5071 3589 5105 a
3620 5056 3958 5107 Lovaniensi-

2255 5118 2357 5182 bus
2389 5133 2401 5166 :
2435 5118 2682 5179 Etjuder
2699 5124 2933 5182 prapler
2962 5119 3223 5182 officium.
3255 5120 3316 5167 Et
3361 5120 3512 5182 pejus
3545 5120 3609 5167 ab
3655 5119 3956 5170 Ulimmerio

2256 5181 2330 5229 sic
2357 5199 2369 5224 .-
2403 5183 2487 5230 ΕΞ
2505 5195 2609 5242 quo
2634 5186 2686 5230 el
2717 5181 2851 5230 idem
2883 5181 3211 5243 Crispinis,el
3233 5183 3414 5231 ca’leri
3436 5181 3538 5231 sibi
3559 5194 3848 5244 compares
3866 5182 3957 5232 her-

2255 5245 2416 5305 relica
2435 5243 2680 5305 pra‘cepli
2707 5250 2838 5293 sunt
2856 5244 3042 5302 denas,
3071 5249 3170 5293 etc.

2319 5307 2339 5369 {5
2367 5304 2536 5369 Editio
2567 5304 2712 5369 ων..
2730 5318 2831 5368 per
2853 5306 3202 5356 collationem.
3230 5305 3293 5356 Et
3320 5305 3475 5364 infra,
3505 5319 3600 5368 pro
3635 5305 3689 5356 id
3715 5307 3956 5369 jubente,

2256 5366 2531 5416 substituit
2555 5366 2869 5426 adjueitnle.

2255 5429 2579 5541 hj'ggdioqes
2622 5431 2743 5480 Mss.
2796 5444 2808 5477 :
2840 5431 3068 5480 Piissimi
3109 5433 3259 5496 Regis
3296 5443 3554 5494 responso
3588 5430 3781 5494 injuin
3813 5432 3960 5483 inter

2327 5506 2366 5533 .‘
2441 5508 2464 5534 Ι·
2528 5527 2540 5539 ,

2295 5505 2540 5540 «γνοίη-ος.

2317 5555 2338 5620 ἶ
2353 5552 2581 5620 Salinas,
2612 5567 2676 5603 ex
2705 5553 2795 5602 Cd.
2823 5553 2986 5605 Vatic.
3023 5559 3158 5616 1188,
3188 5555 3464 5620 episcopis.
3497 5554 3581 5604 Sic
3605 5555 3811 5620 Erasini
3836 5557 3955 5608 edit.

2257 5617 2376 5687 £529
2425 5629 2436 5662 :
2473 5619 2568 5687 ,E:
2596 5629 2706 5687 qua
2734 5620 2939 5687 ratione
2959 5623 3147 5687 notati
3174 5617 3298 5687 sunt
3323 5617 3475 5687 satira
3506 5619 3748 5681 amplius
3779 5633 3955 5687 eorum

2255 5680 2501 5741 episcopi,
2522 5683 2610 5743 qui
2641 5691 2764 5728 cum
2785 5683 2895 5730 suis
2924 5681 3126 5731 clericis
3159 5684 3208 5743 el
3238 5681 3483 5743 plebibus
3516 5680 3630 5732 non
3661 5685 3955 5732 covnnmni-

2251 5744 2514 5792 caverunt
2543 5742 2588 5790 et
2614 5753 2810 5804 pacem
2844 5746 3072 5795 tenentes
3104 5741 3438 5805 catholicam,
3471 5748 3570 5793 etc.
3640 5745 3708 5793 Μ.
