4020 6352
79 368 104 415 4
117 369 149 414 Ei
1497 353 1826 410 AUCTORE

2019 350 2199 406 lIDlO.
3524 351 3591 404 46

73 489 298 554 cerent,
335 484 642 556 permissos
672 498 785 536 non
834 480 1008 536 fuisse
1045 479 1276 534 eosdem
1313 477 1606 548 episcopos
1635 475 1790 547 apud

72 579 448 647 potestatem,
528 588 656 643 qua
729 585 953 624 causam
1031 567 1266 636 audivit,
1341 566 1526 621 dicere
1597 565 1791 619 omnia

73 681 186 738 pro
233 663 352 718 suis
395 662 671 734 partibus,
720 659 993 732 quoniam
1031 656 1321 711 catholica
1367 653 1787 710 communionis

74 754 361 824 Cognitor
398 767 517 806 sua
545 750 764 804 favebat
816 746 1109 803 Ecclesia:
1145 746 1274 799 licet
1304 745 1412 799 hoc
1457 743 1785 798 deficientes

73 845 136 894 et
169 839 307 894 victi
352 838 421 893 ad
455 836 878 892 excusationem
905 835 1206 904 jactarent,
1235 829 1698 902 quandoquidem
1735 834 1791 883 et

75 933 217 982 ante
249 925 694 982 controversiam
733 923 907 978 iidem
938 919 1191 976 haretici
1215 919 1508 974 catholica
1534 933 1789 972 commn-

75 1018 284 1072 nionis
312 1016 579 1072 eumdem
602 1029 721 1068 esse
752 1015 1049 1077 noverant,
1081 1014 1138 1064 et
1170 1024 1299 1063 cum
1329 1007 1399 1062 ab
1427 1007 1630 1062 eodem
1661 1022 1794 1060 con-

77 1107 422 1162 venirentur
462 1102 704 1175 publicis
742 1100 935 1172 gestis,
979 1099 1133 1170 quod
1172 1098 1242 1153 ad
1287 1095 1649 1151 collationem
1699 1111 1792 1148 oc-

79 1201 409 1261 currerent,
442 1211 500 1248 se
539 1209 659 1246 esse
703 1190 946 1245 facturos
995 1185 1277 1260 prosecuti
1319 1189 1470 1240 sunt.
1528 1186 1796 1238 Poterant

80 1287 293 1357 utique
312 1286 636 1354 suspectum
656 1295 787 1334 eum
808 1277 1102 1342 habentes,
1125 1290 1385 1330 recusare
1406 1287 1790 1343 congressum.

82 1377 308 1430 Tamen
331 1367 740 1441 omnipotentis
766 1365 868 1421 Dei
895 1363 1160 1437 prastitit
1186 1362 1484 1426 auxilium,
1507 1365 1572 1415 ut
1600 1365 1798 1430 postea

87 1463 148 1517 in
179 1457 530 1517 Casareensi
561 1453 914 1511 Mauritania
943 1451 1167 1506 civitate
1197 1449 1535 1504 constitutus
1558 1463 1798 1502 venera—

87 1551 225 1606 bilis
256 1545 554 1604 memoria
586 1541 958 1614 Augustinus,
991 1555 1105 1611 quo
1131 1553 1263 1594 eum
1295 1535 1487 1590 venire
1516 1551 1647 1590 cum
1676 1533 1800 1588 aliis

89 1641 220 1710 ejus
248 1633 604 1708 coepiscopis
631 1630 792 1688 Sedis
822 1629 1146 1700 apostolica
1176 1627 1379 1682 littera
1401 1625 1478 1696 (a)
1508 1623 1799 1694 compule-

88 1732 248 1794 rant,
283 1726 358 1781 ob
391 1720 782 1779 terminandas
809 1717 1074 1773 videlicet
1101 1715 1240 1770 alias
1271 1713 1530 1769 Ecclesia
1558 1711 1800 1768 necessi-

91 1824 286 1873 tates:
338 1815 445 1869 hac
501 1827 638 1882 ergo
696 1807 992 1864 occasione
1037 1803 1319 1877 provenit,
1382 1808 1445 1857 ut.
1491 1799 1802 1856 Emeritam

95 1906 362 1978 ejusdem
428 1902 538 1957 loci
586 1897 1009 1955 Donatistarum
1063 1893 1414 1964 episcopum,
1463 1904 1632 1961 quem
1687 1904 1803 1942 sua

95 1977 272 2051 secta
302 1991 661 2066 praecipuum
692 1987 752 2042 in
799 1985 895 2039 illa
924 1982 1225 2038 collatione
1254 1980 1576 2034 habuerunt
1616 1977 1807 2032 defen-

99 2100 316 2153 sorem,
347 2081 590 2141 videret,
621 2081 677 2132 et
713 2091 843 2130 cum
875 2072 1074 2128 eodem
1106 2069 1332 2142 publice
1359 2069 1419 2122 in
1448 2066 1682 2122 ecclesia
1711 2083 1807 2137 po-

98 2169 237 2240 pulo
269 2171 496 2222 astante
520 2166 757 2222 diversa
774 2160 1210 2223 communionis,
1238 2175 1301 2213 ex
1330 2159 1440 2212 hoc
1471 2157 1592 2228 ipso
1613 2156 1805 2226 dispu-

106 2262 274 2325 taret,
300 2261 361 2312 et
387 2258 723 2328 provocarat
751 2251 928 2323 gestis
948 2246 1357 2312 ecclesiasticis,
1383 2249 1444 2299 ut
1463 2245 1617 2316 quod
1644 2243 1808 2309 forte,

106 2347 252 2402 sicut
291 2345 580 2406 dicebant,
613 2340 878 2414 prosequi
908 2337 1097 2410 potuit
1124 2337 1184 2391 in
1211 2335 1530 2401 collatione,
1562 2332 1658 2387 sed
1689 2348 1813 2404 per-

109 2436 318 2490 missus
348 2450 467 2488 non
516 2437 655 2496 erat,
689 2432 746 2485 in
776 2427 1046 2502 prasenti
1083 2425 1205 2481 sine
1253 2424 1490 2494 alicujus
1519 2420 1811 2492 potestatis

109 2523 502 2596 prohibitione
541 2525 639 2576 aut
667 2519 922 2592 potentia
952 2531 1180 2570 securus
1216 2513 1400 2568 dicere
1429 2511 1665 2565 minime
1706 2510 1808 2564 du-

112 2615 347 2681 bitaret,
379 2615 436 2666 et
483 2611 544 2664 in
591 2625 693 2663 sua
737 2606 959 2660 civitate
990 2602 1105 2657 suis
1136 2599 1402 2655 omnibus
1439 2593 1815 2668 prasentibus

112 2702 330 2758 civibus
352 2698 693 2754 tiducialiter
711 2694 1003 2767 propriam
1028 2689 1331 2746 defendere
1349 2683 1816 2742 communionem

113 2807 232 2847 non
263 2791 597 2859 denegaret.
621 2786 720 2840 llle
749 2797 936 2854 neque
957 2781 1062 2836 hac
1089 2777 1434 2841 hortatione,
1460 2791 1563 2829 nec
1584 2785 1816 2826 suorum

112 2858 440 2953 parentum,
455 2881 512 2931 et
532 2874 739 2929 civium
765 2869 998 2926 instanti
1028 2867 1299 2940 petitione
1328 2865 1384 2919 id
1415 2863 1596 2918 facere
1618 2858 1815 2924 voluit,

112 2969 214 3040 qui
244 2968 298 3023 ei
325 2964 764 3036 pollicebantur,
806 2960 866 3014 se
895 2959 964 3014 ad
995 2959 1117 3028 ejus
1155 2955 1433 3010 redituros
1461 2947 1818 3006 communio-

113 3074 273 3117 nem,
305 3057 483 3111 etiam
503 3069 632 3108 cum
652 3049 976 3108 discrimine
1003 3042 1479 3115 patrimoniorum
1511 3036 1819 3108 salutisque

116 3164 234 3201 sua
265 3143 623 3215 temporalis,
654 3140 702 3195 si
730 3138 903 3194 modo
934 3133 1269 3190 catholicam
1305 3131 1602 3201 superaret
1638 3140 1819 3180 asser-

115 3237 358 3292 tionem.
388 3213 465 3288 λι
499 3232 596 3287 ille
627 3228 873 3300 amplius
899 3225 1086 3280 dicere
1112 3222 1226 3277 illis
1255 3220 1426 3291 gestis
1451 3216 1592 3272 nihil
1621 3213 1821 3275 voluit,

119 3343 228 3382 nec
249 3324 452 3390 valuit,
486 3319 597 3376 nisi
621 3321 880 3373 tantum:
909 3315 1045 3368 Jam
1074 3311 1192 3376 illa,
1238 3306 1447 3380 inquit,
1476 3309 1628 3373 gesta
1655 3302 1822 3357 conti-

125 3421 256 3470 nent
286 3411 441 3484 apud
469 3408 854 3476 Carthaginem
881 3405 1024 3457 inter
1052 3401 1320 3468 episcopos
1355 3397 1614 3462 confecta,
1642 3397 1824 3445 utrum

121 3483 435 3566 vicerimus,
468 3516 540 3554 an
564 3498 698 3552 victi
724 3495 1010 3562 fuerimus.
1043 3490 1108 3544 Et.
1129 3487 1243 3541 alio
1275 3487 1420 3550 loco,
1451 3483 1588 3537 dum
1609 3497 1641 3534 a
1669 3483 1822 3534 nota-

119 3591 231 3662 rio,
265 3597 332 3648 ut
360 3587 749 3660 responderet,
781 3581 1206 3646 admoneretur,
1237 3579 1292 3629 et
1336 3573 1595 3628 reticeret
1631 3570 1673 3638 ί,
1705 3568 1827 3638 ejus

121 3682 345 3738 cunctis
374 3677 734 3734 manifestata
754 3668 1090 3734 difﬁdentia,
1119 3663 1380 3721 Ecclesia
1403 3661 1501 3716 Dei
1521 3661 1829 3730 augmenta

123 3790 190 3827 ac
209 3771 578 3827 firmamenta
596 3761 998 3835 provenerunt.
1031 3752 1299 3826 Quisquis
1319 3767 1455 3822 ergo
1472 3746 1828 3819 diligentiam

125 3865 184 3915 et
207 3871 447 3929 operam
486 3834 826 3908 beatissima
855 3843 1149 3901 memoria
1177 3837 1482 3912 Augustini
1507 3852 1612 3908 pro
1645 3834 1827 3890 Eccle-

127 3950 226 4004 sia
247 3921 365 4002 -Dei
394 3947 542 3998 statu
591 3951 929 4010 cognoscere
974 3930 1200 4004 plenius
1229 3925 1488 3991 voluerit,
1531 3923 1703 3978 etiam
1733 3921 1832 3975 illa

126 4038 432 4110 percurrat
477 4033 634 4102 gesta
665 4028 729 4095 (ὁ)
757 4041 769 4080 :
826 4028 882 4078 et
909 4018 1158 4076 inveniet
1185 4032 1313 4088 qua
1342 4015 1428 4069 vel
1458 4011 1650 4085 qualia
1698 4025 1830 4080 pro-

125 4098 348 4190 tulerit,
374 4098 584 4192 quibus
605 4117 765 4170 illum
785 4113 1034 4174 doctum,
1064 4108 1450 4192 eloquentem,
1475 4105 1532 4156 et
1557 4098 1830 4170 pradica-

127 4221 253 4269 tum
292 4189 590 4267 hominem
619 4200 962 4275 provocarit,
1000 4198 1372 4263 hortatusque
1416 4189 1586 4244 fuerit
1622 4191 1688 4242 ut
1727 4201 1833 4257 pro

126 4319 247 4358 sua
287 4296 618 4356 defensione
655 4291 832 4364 partis
861 4287 1012 4360 quod
1042 4285 1213 4339 vellet
1241 4281 1514 4342 ediceret;
1556 4277 1834 4347 illumque

127 4393 344 4447 victum
373 4387 698 4458 cognoscet.

206 4551 438 4608 CAPUT
465 4548 572 4603 XV.
615 4575 683 4585 —
721 4540 1058 4608 Digressione
1086 4531 1450 4591 concionantis
1489 4541 1767 4583 conversus

566 4634 896 4702 negotiator,
934 4628 1145 4682 nomine
1181 4625 1412 4678 Firmus.

213 4781 344 4838 Scio
376 4777 515 4832 item
561 4787 677 4828 non
715 4767 868 4824 solus
921 4764 1059 4835 ipse,
1113 4774 1312 4814 verum
1351 4754 1522 4811 etiam
1578 4751 1673 4805 alii
1728 4749 1840 4802 fra-

139 4878 256 4928 tres
307 4873 366 4924 et
409 4859 690 4929 conservi,
741 4855 842 4929 qui
898 4851 1194 4909 nobiscum
1242 4852 1378 4902 tunc
1431 4843 1583 4897 intra
1631 4839 1843 4909 Hippo-

141 4973 384 5016 nensem
415 4927 710 5010 Ecclesiam
741 4927 872 5000 cum
919 4940 1120 4996 eodem
1151 4940 1342 4990 sancto
1392 4931 1512 4985 viro
1558 4927 1843 4995 vivebant,

140 5046 312 5103 nobis
342 5041 557 5115 pariter
578 5037 646 5091 ad
676 5046 932 5090 mensam
953 5023 1272 5084 constitutis
1300 5037 1433 5076 eum
1459 5017 1662 5073 dixisse
1691 5031 1703 5070 :
1734 5014 1847 5070 Ad-

142 5105 392 5191 vertistis
439 5128 595 5184 hodie
637 5127 694 5179 in
724 5120 944 5177 ecclesia
971 5131 1144 5172 meum
1169 5125 1479 5170 sermonem.
1510 5107 1731 5176 ejusque
1760 5105 1846 5156 in-

145 5229 308 5280 itium
340 5226 391 5275 et
434 5222 593 5289 ﬁnem
619 5217 803 5269 contra
833 5223 1005 5265 meam
1051 5199 1482 5260 consuetudinem
1509 5195 1847 5267 processisse,

206 5388 222 5421 ι
265 5381 476 5433 Salinas
489 5390 556 5427 ex
581 5373 677 5424 Cd.
711 5373 836 5433 Reg.
874 5371 956 5417 5H
987 5367 1161 5415 :Dum
1180 5375 1212 5411 α
1231 5356 1542 5433 ‘nolarioLut
1563 5349 1851 5433 respondi-

148 5451 245 5506 ret,
711 5413 997 5506 hiantia
1021 5413 1141 5506 Eum
1163 5423 1421 5506 reticeret,
1439 5413 1851 5506 ,ἓξὲξ

151 5479 645 5571 h‘égﬁé’i
661 5479 943 5571 Nam,
973 5484 1412 5571 uti-asportarent,
1437 5479 1853 5542 admoneretur,

153 5550 291 5622 35:31
310 5550 424 5617 ’άέῖ
454 5564 523 5614 Et
552 5573 678 5611 cum
704 5558 961 5622 reticeret,
988 5550 1188 5622 eti-alti.
1312 5607 1349 5622 ῃ
1391 5606 1401 5616 ⁸

215 5601 291 5694 2;;
551 5601 1281 5694 'Videﬁhugustinum,
1312 5606 1472 5670 Epist.
1510 5605 1617 5661 190,
1647 5613 1701 5650 n.
1734 5602 1780 5658 1,
1805 5601 1859 5647 et

157 5690 316 5760 Epist.
327 5697 372 5760 _t
383 5693 463 5760 93,
490 5701 543 5736 n.
575 5690 597 5735 1
608 5720 622 5736 .

218 5759 286 5821 (ὁ)
316 5757 477 5821 Gesta
533 5761 656 5821 cum

159 5811 332 5884 scopo,
363 5817 419 5866 in
453 5818 598 5864 ιοωο
627 5811 676 5857 9.

711 5742 940 5795 Emerito
969 5733 1288 5788 Casareensi
1323 5727 1715 5781 Donatistarum
1755 5721 1860 5786 epi-

1898 493 2154 562 quoniam
2173 505 2278 546 non
2299 505 2414 544 eam
2437 505 2549 544 rem
2572 490 2915 543 terminatam
2938 489 3285 558 explicuerim
3303 505 3464 558 quam
3477 504 3597 558 pro.

1895 596 2199 652 posueram,
2229 579 2322 634 sed
2348 579 2660 648 pendentem
2681 576 3034 646 reliquerim?
3053 577 3155 634 Cui
3175 577 3594 647 respondimus:

1898 673 1979 725 Ita
2005 685 2101 724 nos
2149 671 2204 723 in
2237 673 2468 737 tempore
2495 669 2720 722 miratos
2748 669 2919 734 fuisse
2945 667 3139 720 scimus
3169 670 3219 719 et
3263 668 3598 734 recognosci-

1897 774 2033 813 mus.
2066 761 2138 812 Αἱ
2167 756 2262 811 ille
2293 773 2307 810 :
2342 757 2530 823 Credo,
2573 755 2670 814 ait.
2713 755 2857 825 quod
2875 757 3016 821 forte
3056 755 3289 823 aliquem
3333 758 3600 807 errantem

1897 849 1955 901 in
1982 847 2178 916 populo
2215 843 2466 900 Dominus
2504 860 2603 915 per
2630 849 2870 898 nostram
2917 843 3233 898 oblivionem
3273 847 3323 896 et
3370 857 3602 896 errorem

1899 937 2078 991 doceri
2101 941 2151 990 et
2177 938 2363 990 curari
2413 935 2658 999 voluerit,
2692 935 2750 986 in
2779 933 2932 1002 cujus
2964 947 3129 985 manu
3151 935 3278 985 sunt
3321 934 3372 984 et
3416 945 3510 984 nos
3553 933 3602 983 et

1899 1038 2163 1079 sermones
2215 1025 2405 1077 nostri.
2463 1024 2601 1078 Nam
2648 1037 2767 1075 cum
2795 1022 3084 1090 proposita
3113 1021 3421 1088 quaestionis
3469 1019 3602 1071 late-

1904 1113 2063 1166 bras'
2093 1115 2503 1182 pertractarem,
2534 1112 2592 1162 in
2621 1108 2778 1162 aliud
2804 1111 3061 1163 sermonis
3091 1122 3321 1161 excursu
3357 1107 3600 1176 perrexi,

1903 1207 2065 1270 atque
2089 1203 2169 1255 ita
2188 1216 2292 1254 non
2322 1200 2569 1253 conclusa
2596 1199 2678 1252 vel
2703 1198 2978 1266 eaplicata
3018 1198 3328 1265 quastione,
3352 1195 3603 1264 disputa-

1905 1292 2099 1343 tionem
2129 1289 2435 1352 terminavi,
2486 1289 2662 1354 mugis
2697 1286 2984 1340 adversum
3013 1286 3429 1339 Manichaeorum
3458 1299 3600 1338 erro-

1903 1395 2036 1446 rem,
2066 1377 2208 1432 unde
2243 1378 2384 1430 nihil
2412 1375 2588 1430 dicere
2618 1375 2980 1435 decreveram,
3015 1374 3328 1442 disputans,
3352 1389 3516 1441 quam
3544 1371 3609 1426 de

1904 1469 1973 1521 iis
2001 1482 2119 1537 qua
2148 1481 2383 1520 asserere
2410 1479 2812 1534 proposueram.
2860 1464 2924 1517 Et
2950 1467 3081 1534 post
3109 1463 3250 1527 hac,
3282 1462 3391 1516 nisi
3419 1461 3606 1523 fallor,

1907 1572 2032 1610 ecce
2061 1555 2172 1610 alia
2198 1555 2289 1610 die
2329 1555 2412 1608 vel
2457 1559 2586 1624 post
2640 1552 2877 1607 biduum
2923 1551 3074 1606 venit
3117 1551 3353 1622 quidam
3385 1550 3610 1604 Firmus

1910 1643 2164 1709 nomine,
2204 1642 2543 1712 negotiator,
2607 1645 2663 1695 et
2709 1639 2862 1695 intra
2917 1639 3324 1694 monasterium
3379 1639 3609 1692 sedente

1909 1736 2102 1786 sancto
2131 1730 2466 1801 Augustino,
2500 1728 2660 1783 nobis
2685 1744 2896 1795 coram,
2928 1728 2999 1782 ad
3021 1727 3193 1798 pedes
3219 1728 3342 1797 ejus
3371 1726 3612 1798 genibus

1909 1819 2244 1892 provolutus
2275 1835 2396 1873 sese
2419 1818 2671 1887 jactavit,
2706 1818 2980 1887 lacrymas
3013 1816 3278 1880 fundens,
3311 1820 3368 1870 et
3407 1830 3614 1886 rogans

1911 1914 1978 1964 ut
2011 1925 2116 1980 pro
2155 1908 2271 1962 suis
2309 1905 2527 1961 delictis
2566 1905 2827 1960 sacerdos
2854 1920 2984 1959 cum
3014 1905 3220 1958 sanctis
3246 1903 3270 1936 ³
3308 1903 3614 1960 Dominum
3695 1950 3699 1954 .

1865 2028 1876 2040 -
1915 2002 2262 2068 precaretur,
2310 1996 2588 2049 conﬁtens
2617 1994 2768 2065 quod
2801 1993 3239 2049 Manichaeorum
3278 1998 3487 2048 sectam
3527 2009 3613 2047 se-

1915 2092 2079 2141 cutus
2110 2085 2326 2147 fuisset,
2359 2090 2414 2139 et
2438 2084 2497 2138 in
2518 2099 2586 2138 ea
2614 2099 2788 2154 quam
2817 2082 3078 2154 plurimis
3099 2082 3266 2137 annis
3285 2081 3536 2148 vixisset,
3561 2086 3617 2136 et

1916 2179 2220 2247 propterea
2247 2172 2550 2244 pecuniam
2581 2172 2823 2226 multam
2861 2171 3000 2241 ipsis
3030 2170 3370 2235 Manicbais,
3401 2171 3491 2225 vel
3533 2170 3615 2224 eis

1919 2279 2062 2336 quos
2097 2262 2295 2317 dicunt
2323 2261 2544 2324 electos,
2575 2260 2862 2315 incassum
2891 2265 3214 2331 erogasset:
3250 2276 3312 2314 ac
3342 2276 3400 2314 se
3429 2259 3490 2312 in
3532 2275 3620 2313 ec-

1917 2351 2107 2418 clesia,
2141 2349 2240 2406 Dei
2272 2349 2682 2416 misericordia,
2715 2349 2886 2404 fuisse
2917 2349 3039 2419 ejus
3068 2348 3399 2404 tractatibus
3437 2363 3621 2418 nuper

1919 2444 2234 2496 correctum
2266 2442 2436 2510 atque
2465 2438 2804 2492 catholicum
2832 2438 3062 2492 factum.
3095 2437 3258 2502 Quod
3287 2443 3344 2492 et
3372 2437 3492 2508 ipse
3528 2451 3622 2491 ve-

1922 2529 2192 2586 nerabilis
2231 2528 2602 2599 Augustinus,
2635 2531 2692 2581 et
2731 2543 2836 2581 nos
2893 2526 2989 2598 qui
3020 2531 3154 2581 tunc
3191 2526 3512 2593 aderamus,
3554 2525 3625 2579 ab

1923 2619 2122 2674 eodem
2154 2617 2460 2688 diligenter
2476 2616 2849 2688 inquirentes,
2873 2632 2938 2670 ex
2960 2632 3072 2687 qua
3102 2632 3162 2669 re
3185 2615 3542 2686 potissimum
3563 2614 3623 2668 in

1924 2709 2022 2762 illo
2052 2711 2294 2761 tractatu
2325 2705 2433 2759 sibi
2481 2705 2655 2759 fuerit
2683 2704 3051 2770 satisfactum,
3113 2709 3169 2758 ct
3199 2704 3480 2758 referente
3531 2719 3622 2770 eo,

1928 2797 2201 2868 nobisque
2231 2794 2497 2849 omnibus
2527 2792 2805 2848 sermonis
2832 2793 3038 2847 seriem
3069 2792 3623 2862 recognoscentibus,

1925 2885 2278 2956 profundum
2308 2882 2606 2936 consilium
2642 2881 2737 2934 Dei
2757 2897 2862 2950 pro
2891 2882 3071 2934 salute
3096 2881 3421 2934 animarum
3443 2881 3625 2935 admi-

1927 2979 2118 3028 rantes
2146 2977 2203 3026 et
2241 2975 2553 3040 stupentes,
2594 2968 3038 3040 gloriﬁcavimus
3075 2972 3332 3022 sanctum
3362 2969 3484 3038 ejus
3522 2983 3627 3021 no-

1926 3079 2082 3127 men,
2115 3066 2171 3116 et
2195 3058 2620 3123 henediximus;
2653 3057 2752 3128 qui
2781 3073 2912 3110 cum
2949 3056 3212 3121 voluerit,
3245 3061 3302 3110 et
3345 3056 3498 3110 unde
3526 3072 3625 3110 vo-

1930 3150 2124 3219 luerit,
2176 3154 2233 3204 et
2282 3146 2568 3219 quomodo
2599 3145 2862 3207 voluerit,
2920 3149 2977 3199 et
3025 3161 3129 3216 per
3157 3144 3396 3199 scientes
3425 3149 3482 3199 et
3527 3160 3632 3215 per

1931 3239 2243 3295 nescientes
2271 3237 2510 3290 salutem
2539 3239 2808 3305 operatur
2835 3233 3185 3288 animarum.
3225 3234 3292 3288 Et
3337 3249 3406 3288 ex
3437 3249 3504 3288 eo
3533 3233 3630 3288 ille

1932 3329 2103 3384 homo
2134 3323 2425 3398 proposito
2455 3338 2748 3377 servorum
2779 3321 2880 3376 Dei
2910 3321 3225 3388 adharens,
3258 3321 3632 3394 negotiatoris

1936 3415 2152 3472 dimisit
2179 3413 2485 3478 actionem,
2525 3416 2581 3466 et
2616 3410 2922 3482 proficiens
2951 3411 3012 3466 in
3041 3411 3298 3466 Ecclesia
3340 3411 3633 3478 membris,

1935 3506 1994 3560 in
2025 3505 2136 3559 alia
2177 3503 2411 3574 regione
2443 3500 2511 3554 ad
2559 3499 2895 3571 presbyterii
2948 3515 3176 3570 quoque
3207 3499 3307 3554 Dei
3335 3499 3626 3554 voluntate

1935 3594 2148 3666 petitus
2186 3597 2242 3647 et
2271 3596 2498 3646 coactus
2528 3589 2758 3644 accessit
2786 3588 3057 3654 ofﬁcium,
3097 3592 3298 3643 tenens
3327 3591 3496 3658 atque
3525 3603 3624 3641 cu-

1937 3683 2188 3739 stodiens
2231 3679 2508 3752 propositi
2537 3678 2891 3733 sanctitatem
2921 3693 2934 3731 :
2985 3682 3042 3731 et
3071 3676 3212 3731 forte
3243 3676 3428 3731 adhuc
3460 3691 3637 3747 usque

1938 3773 1998 3827 in
2026 3772 2194 3826 rebus
2224 3768 2490 3825 humanis
2520 3767 2654 3820 vivit
2684 3771 2838 3821 trans
2868 3782 3023 3820 mare
3053 3765 3417 3822 constitutus.

1943 3951 2162 4007 CAPUT
2191 3949 2324 4004 XVI.
2357 3976 2416 3987 -
2452 3944 2869 4001 Manichaeorum
2902 3942 3243 3997 easecranda
3272 3941 3640 4012 turpitudines

2221 4037 2453 4092 detecta.
2497 4035 2648 4090 Felix
2685 4033 3014 4088 Manichaus
3052 4045 3351 4086 conversus.

2013 4182 2178 4256 Apud
2228 4177 2627 4249 Carthaginem
2681 4193 2932 4248 quoque,
2990 4176 3126 4230 dum
3174 4189 3279 4245 per
3334 4173 3640 4246 quemdam

1942 4276 2144 4332 domus
2204 4268 2375 4341 regia
2431 4271 2876 4338 procuratorem,
2947 4263 3175 4319 nomine
3226 4264 3455 4329 Ursum,
3503 4260 3638 4315 fidei

1943 4361 2233 4420 catholica
2297 4356 2611 4422 hominem,
2686 4355 2758 4409 ad
2831 4353 3108 4425 quosdam
3175 4350 3638 4415 Manichaorum,

1944 4473 2086 4528 quos
2117 4455 2320 4509 electos
2361 4451 2449 4505 vel
2491 4451 2695 4503 electas
2723 4444 2938 4510 dicunt,
2979 4445 3290 4513 prasentes
3319 4440 3642 4512 pervenire-

1944 4549 2060 4612 tur,
2115 4547 2284 4613 atque
2337 4539 2405 4594 ad
2460 4535 2752 4592 ecclesiam
2799 4531 2870 4587 ab
2901 4531 3100 4586 eodem
3134 4529 3552 4584 deducerentur
3594 4531 3651 4582 et

1944 4632 2415 4705 perducerentur,
2443 4626 2514 4680 ab
2536 4620 2815 4695 episcopis
2837 4619 2904 4674 ad
2934 4619 3156 4674 tabulas
3189 4618 3265 4688 (a)
3295 4616 3476 4673 auditi
3498 4620 3648 4670 sunt.

1946 4704 2102 4776 inter
2127 4734 2269 4790 quos
2292 4716 2465 4771 etiam
2482 4717 2689 4768 sancta
2713 4707 3006 4764 memoria
3033 4708 3384 4778 Augustinus
3407 4706 3533 4771 fuit,
3552 4704 3652 4776 qui

1948 4826 2067 4884 pra
2115 4805 2332 4862 cateris
2364 4805 2521 4858 illam
2577 4797 2982 4855 exsecrabilem
3032 4801 3244 4850 sectam
3297 4799 3552 4860 noverat,
3597 4798 3655 4847 et.

1951 4882 2149 4954 eorum
2177 4894 2427 4966 prodens
2469 4887 2750 4961 ejusmodi
2778 4885 3130 4941 damnabiles
3173 4882 3555 4954 blasphemiae
3585 4896 3654 4935 ex

1952 4987 2088 5044 locis
2109 4986 2408 5048 librorum,
2442 4997 2584 5052 quos
2615 4977 2697 5032 illi
2726 4975 3010 5046 accipiunt
3039 4972 3348 5037 Manichai,
3371 4987 3553 5043 usque
3585 4969 3654 5024 ad

1955 5073 2364 5131 confessionem
2386 5068 2716 5124 earumdem
2741 5064 3224 5136 blasphemiarum
3249 5079 3345 5116 eos
3366 5058 3650 5132 perduxit:

1956 5168 2014 5218 et
2055 5178 2182 5234 qua
2221 5159 2370 5214 inter
2399 5173 2456 5211 se
2499 5155 2581 5210 illi
2611 5171 2712 5209 suo
2754 5169 2908 5207 more
2941 5153 3090 5206 malo
3121 5151 3359 5221 indigna
3390 5153 3445 5202 et
3467 5144 3656 5216 turpia

1956 5233 2139 5307 facere
2177 5248 2602 5310 consueverant,
2635 5241 2980 5297 feminarum
3011 5239 3236 5295 illarum
3270 5237 3422 5290 velut
3449 5233 3654 5286 electa-

2025 5410 2040 5444 ι
2074 5407 2132 5455 ln
2162 5406 2305 5464 Mss.,
2346 5402 2543 5455 latera.
2574 5425 2634 5437 —
2663 5398 2907 5454 Salinas..
2929 5410 2991 5446 ex
3014 5394 3103 5444 Cd.
3136 5391 3299 5443 V’atic.
3335 5389 3470 5448 1188,
3520 5386 3652 5439 late-

1966 5470 2141 5522 bram.
2191 5468 2256 5516 Μ.

2025 5534 2046 5566 ²
2080 5531 2164 5580 Sic
2199 5530 2318 5578 Mss.
2351 5527 2417 5576 At.
2444 5525 2599 5575 editi:
2638 5527 2768 5573 Cum
2789 5525 2910 5571 suis.

1967 5657 1979 5668 .
2024 5574 2523 5704 Vixit—abuius.“
2540 5591 2636 5644 est,
2667 5584 2886 5634 notariis
2904 5575 3283 5648 excipientibus
3302 5577 3354 5625 et
3373 5574 3427 5624 in
3449 5575 3658 5648 tabulas

1967 5669 2019 5704 in
2045 5654 2310 5704 erantibus
2337 5653 2655 5704 interrogata
2684 5650 2736 5695 et
2787 5655 3036 5704 respousa
3055 5651 3289 5704 :Asicque
3328 5642 3656 5704 notariorum

1966 5642 2310 5706 inferentibus
2337 5642 2655 5711 interrogata
2684 5650 2736 5695 et
2787 5642 3290 5711 respousaqsicque
3328 5642 3656 5711 notariorum

1969 5699 2392 5781 opere—confecta
2429 5699 2566 5760 sunt”
2596 5710 2684 5757 illa
2715 5699 3025 5767 gesta,'qua
3071 5701 3155 5750 hic
3186 5699 3540 5749 ecclesiastica
3578 5699 3657 5748 di-

1971 5783 2182 5838 cuntur,
2202 5776 2330 5826 etin
2362 5774 2495 5823 libro
2523 5771 2588 5823 de
2613 5767 2925 5825 i-laresihus,
2954 5764 3084 5814 bar.
3115 5766 3192 5824 t6,
3217 5763 3550 5827 episcopalis.
