4020 6358
409 319 475 371 47
1593 317 1761 371 VITA
1815 315 1869 370 S.
1930 314 2315 371 AUGUSTINI
2380 308 2720 375 EPISCQI‘I,
3870 314 3931 365 48

403 457 534 496 rum
580 441 924 512 proditione,
956 440 1069 494 illis
1117 439 1506 495 ecclesiasticis
1543 440 1714 511 gestis
1753 440 2102 495 declaratum

402 533 508 582 est.
547 530 733 598 Atque
762 529 844 581 ita
880 532 1175 598 pastorum
1204 527 1518 599 diligentia,
1550 527 1837 582 dominico
1859 527 2019 598 gregi
2047 532 2104 580 et

404 621 778 686 augmentum
802 614 1052 682 accessit,
1084 620 1142 670 et
1170 616 1437 671 adversus
1473 617 1626 670 fures
1657 620 1828 686 atque
1857 617 2104 669 latrones

402 705 654 758 defensio
677 714 1006 774 competens
1033 709 1332 775 procurata
1352 709 1454 758 est.
1485 704 1624 759 Cum
1656 704 1905 774 quodam
1928 703 2100 756 etiam

405 792 607 857 Felice,
639 791 707 845 de
739 807 978 845 numero
1010 807 1208 845 eorum
1247 808 1390 863 quos
1433 793 1641 845 electos
1687 791 1881 845 dicunt
1926 790 2099 845 Mani-

403 880 544 934 chazi
574 883 614 946 ί,
660 879 884 949 publice
928 880 989 934 in
1038 879 1387 951 Hipponensi
1435 880 1670 935 ecclesia
1715 879 1952 934 notariis
1999 895 2103 933 ex-

403 968 740 1039 cipientibus
769 968 1073 1040 disputavit
1111 970 1323 1040 populo
1355 975 1608 1024 astante:
1643 974 1700 1024 et
1730 973 1854 1040 post
1903 983 2100 1024 secun-

403 1058 535 1112 dam
564 1058 649 1111 vel
679 1057 903 1111 tertiam
937 1058 1297 1112 collationem
1327 1059 1420 1112 ille
1459 1057 1801 1113 Manichams
1832 1057 2104 1111 frustrata

404 1147 651 1201 vanitate
678 1151 735 1200 et
772 1163 964 1200 errore
996 1145 1172 1217 ipsius
1201 1153 1385 1207 sectae.
1420 1147 1490 1200 ad
1519 1152 1771 1200 nostram
1797 1162 2104 1200 conversus

405 1241 489 1290 est
517 1235 689 1290 tidem
720 1241 890 1306 atque
920 1235 1242 1304 Ecclesiam,
1268 1236 1412 1290 sicut
1437 1236 1637 1290 eadem
1667 1237 1873 1290 relecta
1897 1235 2099 1289 docere

407 1321 619 1394 poterit
655 1321 934 1393 scriptura
963 1321 1061 1390 (a).

405 1485 630 1540 CAPUT
659 1485 818 1538 XVII.
849 1514 917 1523 —
936 1484 1244 1537 Pascentius
1267 1498 1433 1536 comes
1460 1483 1702 1536 Aricinus
1731 1485 1790 1537 in
1821 1483 2106 1537 collatione

472 1575 782 1628 revincitur.
811 1573 1035 1628 Collatia
1056 1587 1173 1626 cum
1201 1572 1502 1626 Maximino
1529 1573 1772 1640 episcopo
1801 1572 2029 1625 Ariano.

471 1716 757 1769 Praeterea
818 1730 948 1768 cum
1008 1713 1259 1785 quodam
1317 1713 1487 1767 etiam
1536 1713 1827 1766 Pascentio
1899 1713 2105 1766 comite

400 1803 606 1859 domus
633 1805 807 1872 regiae
850 1803 1082 1870 Ariano,
1115 1803 1216 1874 qui
1254 1819 1356 1873 per
1393 1802 1791 1856 auctoritatem
1812 1819 1930 1856 suae
1978 1820 2106 1873 per-

400 1909 556 1947 sonae
600 1892 720 1947 fisci
780 1891 1314 1946 vehementissimus
1381 1896 1625 1958 exactor,
1690 1892 1858 1945 fidem
1906 1892 2103 1945 catho-
2177 1939 2180 1945 .

397 1980 567 2036 licam
598 1979 863 2035 atrociter
888 1996 951 2034 ac
973 1979 1192 2050 jugiter
1217 1980 1609 2050 oppugnabat,
1643 1984 1698 2033 et
1727 1995 1899 2050 quam
1929 1979 2110 2050 pluri-,

398 2085 523 2124 mos
551 2070 866 2124 sacerdotes
893 2068 988 2123 Dei
1016 2067 1351 2138 simpliciori
1377 2069 1486 2122 lide
1513 2067 1782 2134 viventes,
1808 2068 2104 2124 dicacitate

399 2175 465 2213 ac
497 2163 775 2230 potestate
805 2158 1146 2228 exagitabat,
1180 2162 1237 2212 et
1266 2158 1658 2228 perturbabat,
1689 2158 2041 2227 interpositis
2079 2158 2104 2192 ²

399 2248 696 2302 honoratis
726 2252 781 2301 et
808 2246 1094 2301 nobilibus
1121 2246 1273 2315 viris,
1303 2247 1455 2316 apud
1479 2245 1878 2316 Carthaginem
1911 2247 1979 2300 ab
2007 2247 2104 2302 illo

399 2341 756 2407 provocatus,
789 2352 981 2390 coram
1005 2335 1268 2389 contulit.
1300 2335 1412 2389 Sed
1441 2335 1596 2388 idem
1618 2335 1915 2388 haereticus
1949 2337 2105 2390 tabu-

398 2426 484 2480 las
541 2431 713 2496 atque
770 2424 981 2486 stilum,
1030 2424 1184 2495 quod
1236 2423 1510 2494 magister
1565 2429 1808 2477 noster'
1868 2427 1924 2477 et
1975 2431 2104 2479 ante

399 2529 769 2585 congressum
816 2519 874 2568 et
922 2513 982 2568 in
1009 2529 1317 2584 congressu
1363 2511 1772 2566 instantissime
1800 2513 1924 2566 ficri
1956 2514 2102 2567 vole-

399 2604 519 2670 bat,
553 2620 625 2657 ne
662 2603 926 2658 adessent
971 2602 1130 2656 omni
1169 2602 1342 2656 modo
1375 2601 1694 2656 recusabat.
1744 2602 1808 2656 Et
1852 2601 1990 2656 dum
2047 2601 2104 2656 id

397 2697 787 2764 pernegasset,
837 2692 1029 2746 dicens
1078 2691 1234 2762 quod
1284 2695 1441 2745 metu
1497 2692 1691 2760 legum
1741 2691 2102 2761 publicarum

396 2781 709 2851 periclitari
737 2781 944 2834 tabulis
972 2779 1195 2851 scriptis
1226 2780 1404 2834 nollet
1431 2797 1443 2845 ;
1471 2784 1640 2850 atque
1668 2779 2021 2850 interpositis
2045 2780 2105 2835 id

395 2871 620 2941 placere
662 2869 1014 2940 Augustinus
1053 2869 1348 2940 episcopus
1390 2884 1521 2923 cum
1560 2868 1678 2922 suis
1723 2869 1822 2940 qui
1868 2869 2105 2924 aderant

395 2959 889 3014 consacerdotibus
914 2958 1149 3023 videret,
1179 2964 1242 3012 ut
1271 2959 1486 3029 absque
1520 2959 1634 3011 ulla
1672 2958 1955 3028 scriptura
1985 2958 2100 3029 pri-

393 3047 568 3102 vatim
608 3046 983 3117 disputareut,
1025 3047 1390 3100 collationem
1430 3047 1717 3116 suscepit:
1760 3047 2095 3116 praedicens,

391 3141 460 3191 ut
488 3139 853 3206 postmodum
883 3135 1145 3205 contigit,
1168 3136 1320 3206 quod
1339 3140 1467 3206 post
1487 3135 1741 3188 solutum
1761 3141 2102 3190 conventum

395 3241 520 3279 esse
571 3224 840 3295 cuiquam
902 3231 1098 3294 posset
1135 3225 1380 3278 liberum
1421 3229 1440 3259 ι
1479 3224 1626 3277 forte
1676 3224 1887 3292 dicere,
1942 3227 2101 3278 nullo

393 3313 690 3383 scriptura:
740 3313 1106 3381 documento,
1136 3329 1193 3365 se
1224 3311 1432 3366 dixisse
1463 3312 1618 3382 quod
1664 3312 1808 3366 forte
1864 3331 1982 3368 non
2013 3315 2099 3368 di-

390 3402 556 3468 xerit,
596 3403 686 3454 vel
715 3417 828 3455 non
869 3400 1077 3456 dixisse
1115 3401 1272 3471 quod
1317 3400 1542 3454 dixerit.
1593 3402 1656 3454 Et
1699 3401 1925 3456 miscuit
1970 3419 2101 3468 cum

392 3491 594 3545 eodem
626 3506 972 3556 sermonem,
1004 3494 1173 3560 atque
1204 3489 1443 3543 asseruit
1471 3489 1610 3560 quid
1640 3490 1915 3558 crederet,
1945 3497 2002 3546 et
2030 3493 2100 3547 ab

388 3580 487 3633 illo
514 3579 652 3650 quid
679 3584 902 3633 teneret
939 3579 1175 3644 audivit,
1205 3583 1261 3632 et
1291 3593 1423 3632 vera
1452 3578 1675 3633 ratione
1703 3584 1874 3650 atque
1905 3586 2098 3634 aucto-

387 3667 554 3723 ritate
611 3668 1034 3738 Scripturarum
1101 3667 1341 3738 probata
1407 3667 1600 3721 docuit
1648 3671 1689 3734 5,
1746 3674 1802 3722 et
1853 3670 2099 3724 ostendit

390 3763 602 3812 nostrae
646 3757 780 3811 tidei
826 3757 1226 3811 firmamenta:
1277 3755 1432 3810 illius
1476 3761 1669 3812 autem
1697 3762 1910 3812 asserta
1942 3760 2097 3814 nulla

388 3847 647 3914 veritate,
694 3847 853 3900 nulla
916 3846 1338 3916 Scripturarum
1381 3859 1708 3901 sanctarum
1762 3847 2096 3902 auctoritate

387 3936 618 3990 sulfulta
648 3936 862 4004 docuit,
897 3939 954 3989 et
979 3936 1286 3990 frustravit.
1325 3936 1386 3990 Et
1411 3941 1523 3990 uta
1551 3953 1608 3990 se
1631 3936 1872 3991 invicem
1905 3945 2096 4008 partes

387 4024 654 4095 digressas
686 4030 839 4091 sunt,
881 4024 978 4078 ille
1012 4026 1191 4096 magis
1225 4027 1522 4096 magisque
1566 4026 1745 4081 iratus
1774 4032 1832 4080 et
1877 4027 2093 4097 furens,

387 4112 688 4166 mendacia
708 4115 886 4166 multa
911 4129 1013 4182 pro
1036 4113 1148 4167 lide
1170 4129 1272 4167 sua
1292 4114 1433 4167 falsa
1449 4115 1718 4184 jactabat,
1743 4116 1954 4171 victum
1978 4135 2097 4171 esse

387 4218 421 4256 a
452 4218 509 4255 se
540 4201 664 4271 ipso
699 4202 1073 4271 proclamans,
1108 4204 1422 4256 multorum
1453 4220 1550 4257 ore
1579 4205 1873 4258 laudatum
1902 4211 2097 4276 Augu-

387 4291 622 4344 stinum.
661 4289 798 4354 Quae
837 4307 966 4344 cum
997 4293 1017 4327 ⁸
1050 4290 1286 4345 minime
1318 4293 1582 4361 laterent,
1616 4298 1842 4348 coactus
1895 4299 1980 4348 est
2025 4295 2097 4349 ad

385 4380 575 4450 ipsum
597 4380 839 4434 scribere
855 4380 1230 4445 Pascentium,
1250 4387 1490 4452 propter
1507 4381 1662 4437 illius
1685 4387 1901 4436 metum
1924 4384 2094 4437 omis-

387 4469 464 4523 sis
490 4468 818 4522 nominibus
843 4469 1289 4537 conferentium;
1325 4471 1456 4525 etin
1481 4471 1561 4525 eis
1592 4471 1794 4526 litteris
1816 4472 2097 4544 quidquid

390 4558 543 4612 inter
560 4563 750 4628 partes
768 4558 982 4612 dictum
1011 4560 1096 4614 vel
1113 4565 1339 4630 gestum
1363 4560 1568 4628 fuerat,
1594 4560 1841 4616 fideliter
1860 4562 2095 4618 intima-

387 4647 502 4701 vit:
538 4647 608 4702 ad
637 4664 721 4714 ea,
754 4647 801 4701 si
830 4654 1195 4719 negarentur,
1228 4650 1529 4719 probanda
1558 4667 1829 4722 magnam
1861 4653 2095 4708 testium

386 4735 604 4790 habens
629 4737 874 4806 copiam,
894 4737 1237 4792 clarissimos
1267 4738 1481 4794 scilicet
1501 4744 1672 4812 atque
1701 4741 2092 4814 honorabiles,

387 4823 486 4895 qui
516 4829 651 4878 tunc
677 4824 933 4894 aderant,
965 4825 1135 4882 viros.
1166 4830 1350 4898 Atque
1380 4827 1475 4882 ille
1507 4828 1575 4883 ad
1603 4829 1716 4883 duo
1747 4829 1856 4884 sibi
1880 4831 2096 4886 directa

386 4911 614 4982 scripta,
638 4928 819 4966 unum
859 4914 949 4967 vix
978 4915 1223 4970 reddidit
1250 4917 1586 4988 rescriptum
1617 4915 1668 4984 ⁷,
1720 4918 1781 4973 in
1825 4936 1938 4990 quo
1972 4937 2092 4975 ma-

385 4999 472 5070 gis
513 5000 786 5072 injuriam
817 5002 1019 5070 facere,
1052 5021 1226 5075 quam
1256 5022 1374 5060 suae
1404 5011 1569 5060 sectzn
1603 5007 1882 5061 rationem
1915 5010 2092 5064 valuit

448 5110 464 5143 ι
493 5106 739 5175 Riceiliti
768 5107 988 5169 addunt,
1022 5113 1217 5175 quippe
1259 5113 1549 5175 Hipponem
1578 5118 1819 5175 uenerat
1849 5115 2090 5166 eumdem

379 5170 744 5237 semianimus
759 5170 1213 5237 errorem.'\’erba
1232 5170 1648 5237 suxftAugustini
1669 5176 1723 5224 in
1745 5176 1877 5225 libro
1900 5191 2088 5227 secun-

382 5231 450 5281 do
484 5233 960 5297 Retractatiouum,
993 5248 1104 5297 cap.
1140 5238 1185 5285 8.

441 5297 462 5329 ε
489 5296 525 5343 E
547 5296 642 5354 liti,
671 5296 1042 5356 praesenti-bus.

445 5357 463 5424 ῗ
488 5358 857 5424 floriacenses
877 5358 982 5424 duo
1012 5359 1374 5424 manuscripti,
1407 5358 1543 5424 quod
1571 5362 1737 5423 magis
1761 5367 1958 5414 noster.

441 5421 465 5452 ‘
488 5419 660 5469 Editio
684 5421 807 5469 Lov.
836 5421 999 5479 addit,
1036 5419 1337 5470 arbitrium.

443 5483 464 5546 εξ
489 5482 744 5546 Plerique
771 5482 916 5546 Mss.
952 5485 1169 5544 prolata
1201 5484 1403 5534 docuit.

442 5543 464 5575 δ
489 5543 581 5592 Hic
606 5543 732 5594 editi
763 5543 965 5594 addunt
988 5561 1000 5594 :
1032 5547 1188 5596 illum
1217 5545 1574 5597 venerabilem
1599 5550 1795 5599 virum.

442 5605 462 5637 7
494 5604 716 5672 Salinas,
738 5608 924 5672 exCd.
951 5608 1074 5672 Reg.
1111 5611 1227 5657 5H:
1261 5608 1413 5672 quod
1441 5608 1662 5672 audiens
1685 5611 1984 5667 hwreticus,
2011 5613 2082 5662 ad

378 5662 482 5715 duo
501 5662 714 5730 scriptu
725 5662 1055 5730 sibidirectav,
1071 5683 1246 5722 unum.
1268 5662 1470 5722 librum
1483 5662 1998 5740 reddidiiscriptuni.
2015 5676 2079 5724 Μ.

441 5762 513 5827 (a)
543 5765 671 5816 Acta
701 5779 822 5816 cum
850 5769 1017 5819 Felice
1045 5769 1354 5831 Manichao,
1381 5771 1436 5819 in
1461 5774 1604 5820 tomo
1639 5773 1686 5821 8.

2201 441 2516 494 declarare.
2549 439 2711 502 Quod
2762 455 2796 491 a
2839 437 3158 491 volentibus
3186 441 3244 491 et
3289 451 3324 490 a
3354 434 3679 490 valentibus
3727 434 3929 505 legere

2212 529 2651 599 comprobatur.

2286 618 2430 671 Cum
2477 617 2736 687 ipsorum
2776 631 3006 687 quoque
3048 613 3394 668 Arianorum
3457 612 3728 684 episcopo
3781 627 3933 683 quo-

2216 705 2346 758 dam
2378 704 2681 760 Maximino
2699 719 2830 758 cum
2859 704 3056 759 Gothis
3084 703 3155 757 ad
3185 702 3431 756 Africam
3461 702 3749 766 veniente,
3774 700 3929 770 apud

2219 792 2539 862 Hipponem
2557 807 2731 862 quam
2759 790 3019 861 plurimis
3035 789 3353 844 volentibus
3371 795 3542 860 atque
3572 787 3932 859 petentibus,

2215 887 2271 935 et
2292 880 2575 952 praeclaris
2593 879 2943 950 interpositis
2971 879 3105 932 viris
3133 877 3414 932 contulit:
3438 883 3497 931 et
3511 877 3655 947 quid
3678 877 3927 945 singula:

2217 969 2561 1023 asseruerint
2599 974 2810 1038 partes,
2841 968 3116 1039 scriptum
3145 972 3248 1022 est.
3288 966 3426 1030 Quae
3466 965 3512 1018 si
3542 965 3796 1019 studiosi
3846 964 3929 1017 di-

2215 1057 2462 1128 ligenter
2489 1059 2677 1128 legere
2697 1057 3038 1122 curaverint,
3071 1057 3267 1128 procul
3295 1055 3468 1109 dubio
3500 1054 3864 1124 indagabunt
3896 1052 3932 1120 ‘,

2216 1149 2303 1200 vel
2330 1147 2467 1217 quid
2508 1147 2711 1200 callida
2741 1151 2798 1200 et
2838 1144 3248 1200 irrationabilis
3278 1144 3512 1198 haeresis
3540 1143 3606 1198 ad
3642 1143 3927 1197 seducen-

2217 1236 2356 1290 dum
2407 1241 2464 1289 et
2490 1234 2892 1305 decipiendum
2937 1234 3296 1304 proﬁteatur,
3353 1233 3440 1286 vel
3489 1232 3632 1303 quid
3678 1231 3928 1286 Ecclesia

2216 1323 2492 1378 catholica
2521 1323 2590 1378 de
2619 1323 2811 1378 divina
2839 1327 3027 1377 teneat
3068 1326 3124 1376 et
3152 1321 3421 1393 praedicet
3462 1320 3767 1375 Trinitate.
3819 1319 3924 1374 Sed

2217 1413 2493 1485 quoniam
2534 1413 2630 1467 ille
2666 1413 2966 1467 haereticus
3011 1412 3080 1467 de
3114 1413 3375 1482 Hippone
3404 1411 3629 1465 rediens
3667 1409 3745 1464 ad
3797 1409 3929 1463 Car-

2215 1502 2531 1573 thaginem,
2558 1502 2628 1557 de
2655 1518 2756 1556 sua
2785 1503 2965 1556 multa
3005 1501 3068 1555 in
3111 1500 3416 1555 collatione
3462 1497 3816 1570 loquacitate
3855 1498 3932 1551 vi-

2217 1597 2430 1645 ctorem
2483 1607 2541 1645 se
2593 1589 2664 1644 de
2739 1589 2862 1660 ipsa
2929 1589 3228 1644 collatione
3310 1587 3609 1643 recessisse
3659 1587 3931 1659 jactavit,

2219 1684 2275 1733 et
2304 1679 2578 1734 mentitus
2625 1683 2734 1744 est;
2769 1695 2899 1750 quas
2926 1678 3122 1750 utique
3155 1693 3270 1733 non
3299 1677 3461 1732 facile
3490 1677 3755 1732 adivinee
3788 1676 3932 1747 legis

2216 1768 2431 1840 ignaris
2460 1766 2778 1822 examinari
2812 1771 2868 1820 et
2894 1767 3197 1837 dijudicari
3232 1772 3498 1837 possent:
3534 1784 3566 1820 a
3610 1766 3936 1820 venerabili

2217 1856 2536 1927 Augustino
2563 1855 2854 1927 sequentis
2880 1855 3156 1926 temporis
3172 1855 3320 1922 stilo,
3341 1860 3399 1909 et
3425 1854 3576 1909 illius
3606 1855 3786 1910 totius
3811 1858 3932 1910 col-

2218 1944 2447 1999 lationis
2476 1944 2545 1999 de
2576 1943 2815 2014 singulis
2857 1944 3093 2015 objectis
3118 1949 3174 1998 et
3203 1945 3488 2015 responsis
3531 1945 3678 1999 facta
3707 1950 3798 1999 est.
3849 1962 3933 1999 re-

2217 2033 2570 2104 capitulatio,
2599 2039 2655 2087 et
2675 2049 2849 2104 quam
2876 2033 3018 2087 nihil
3049 2033 3145 2087 ille
3163 2032 3393 2103 objectis
3414 2032 3622 2086 referre
3641 2035 3930 2104 potuerit,

2216 2119 2592 2175 nihilominus
2620 2121 3079 2174 demonstratum
3109 2125 3213 2186 est,
3245 2119 3452 2174 additis
3479 2121 3931 2190 supplementis.

2217 2226 2348 2281 qua:
2378 2210 2439 2264 in
2460 2216 2716 2281 tempore
2763 2209 3086 2263 collationis
3115 2214 3359 2280 angusto
3398 2215 3600 2263 cuncta
3632 2210 3844 2264 inferri
3874 2219 3929 2264 et

2218 2299 2386 2353 scribi
2415 2299 2650 2353 minime
2682 2302 3018 2370 potuerunt.
3057 2299 3115 2353 Id
3146 2298 3301 2353 enim
3320 2303 3513 2370 egerat
3542 2299 3803 2370 nequitia
3832 2300 3936 2354 ho-

2217 2388 2409 2451 minis,
2441 2393 2506 2442 ut
2533 2404 2635 2442 sua
2665 2387 2970 2442 novissima
3003 2389 3402 2458 prosecutione
3432 2391 3612 2443 multo
3650 2388 3928 2460 longissi-

2218 2494 2334 2546 ma,
2365 2482 2549 2531 totum
2593 2477 2748 2548 quod
2777 2483 3128 2531 remanserat
3156 2476 3270 2531 diei
3319 2477 3566 2548 spatium
3589 2483 3923 2548 occuparet.

2217 2664 2442 2718 CAPUT
2469 2665 2653 2718 XVIlI.
2684 2694 2750 2704 —
2781 2665 3159 2730 Pelagianistas
3177 2667 3302 2718 novi
3331 2665 3587 2731 haretici,
3612 2668 3924 2733 expugnati

2285 2758 2335 2806 et
2355 2753 2714 2808 condemnati.
2743 2754 2987 2807 Ecclesiae
3011 2754 3284 2807 catholica
3313 2759 3574 2821 quantum
3599 2755 3923 2822 profuerint

2287 2842 2492 2896 labores
2527 2843 2844 2910 Augustini.
2879 2843 3129 2896 Haeretici
3157 2848 3205 2896 et
3243 2844 3456 2908 Ραθαηί
3485 2843 3762 2912 deﬁciunt.
3804 2845 3924 2896 Au-

2286 2935 2490 3000 gustini
2517 2947 2735 3001 Operam
2765 2947 2930 3000 quam
2959 2934 3145 2998 ingens
3173 2934 3357 3001 copia.

2284 3093 2566 3146 Adversus
2610 3091 3016 3162 Pelagianistas
3068 3107 3295 3163 quoque
3360 3107 3532 3145 novos
3588 3094 3924 3145 nostrorum

2214 3183 2540 3247 temporum
2603 3180 2900 3234 haereticos
2957 3184 3013 3234 et
3059 3180 3436 3250 disputatores
3481 3179 3738 3240 callidos,
3801 3185 3923 3233 arte

2213 3269 2397 3339 magis
2453 3268 2648 3322 subtili
2694 3275 2752 3323 et
2804 3273 2825 3305 ²
2873 3270 3046 3324 noxia
3099 3269 3426 3333 scribentes,
3480 3274 3536 3323 et
3565 3267 3918 3339 ubicumque

2213 3363 2479 3428 poterant
2535 3357 2756 3428 publice
2807 3363 2862 3413 et
2910 3375 3014 3430 per
3069 3359 3270 3413 domos
3301 3359 3619 3430 loquentes,
3677 3373 3785 3428 per
3816 3375 3919 3412 an-

2214 3463 2315 3501 nos
2355 3447 2533 3502 ferme
2590 3447 2788 3502 decem
2843 3449 3120 3502 laboravit
3172 3452 3194 3484 ³
3245 3450 3338 3519 (a).
3393 3448 3674 3502 librorum
3727 3450 3914 3501 multa

2211 3536 2461 3591 condens
2487 3541 2543 3592 et
2572 3538 2765 3606 edens,
2799 3537 2936 3592 etin
2965 3538 3200 3592 ecclesia
3229 3537 3454 3608 populis
3491 3553 3557 3591 ex
3589 3536 3793 3591 eodem
3828 3553 3915 3590 er-

2210 3642 2339 3680 rore
2369 3625 2827 3696 frequentissime
2858 3625 3174 3698 disputans.
3201 3633 3264 3681 rit
3286 3627 3556 3697 quoniam
3583 3625 3763 3680 iidem
3794 3643 3921 3696 per-

2211 3715 2357 3768 versi
2384 3715 2514 3769 Sedi
2543 3715 2867 3785 apostolica:
2906 3732 3008 3786 per
3036 3732 3196 3770 suam
3241 3715 3616 3771 ambitionem
3650 3715 3920 3770 eamdem

2208 3803 2510 3875 perﬁdiam
2540 3804 2878 3874 persuadere
2903 3806 3275 3871 conabantur,
3298 3803 3705 3858 instantissime
3735 3804 3911 3858 etiam

2209 3891 2464 3948 conciliis
2493 3893 2769 3946 Africanis
2797 3899 3123 3947 sanctorum
3144 3893 3543 3964 episcoporum
3563 3897 3789 3962 gestum
3814 3900 3917 3956 est,

2209 3988 2275 4036 ut
2313 3987 2508 4036 sancto
2556 3997 2720 4053 papae
2764 3981 2926 4036 Urbis
2959 3989 3001 4048 ‘,
3044 3988 3100 4036 et
3148 3983 3305 4052 prius
3343 3980 3655 4037 venerabili
3685 3979 3708 4014 ⁵
3746 3982 3917 4036 Inno-

2209 4070 2417 4139 centio,
2447 4076 2504 4125 et
2547 4077 2745 4142 postea
2773 4075 2967 4126 sancto
3024 4071 3246 4127 Zosimo
3277 4072 3398 4142 ejus
3448 4070 3761 4126 successori
3788 4089 3912 4142 per-

2209 4160 2559 4226 suaderetur,
2592 4177 2764 4232 quam
2796 4160 2894 4215 illa
2921 4166 3071 4215 secta
3091 4178 3123 4215 a
3152 4162 3266 4216 fide
3294 4162 3572 4216 catholica
3599 4167 3659 4215 et
3688 4161 3915 4215 abomi-

2209 4247 2399 4301 nanda
2428 4248 2824 4302 etdamnanda
2851 4248 3070 4304 fuisset.
3102 4252 3176 4304 At
3203 4249 3286 4303 illi
3313 4254 3484 4303 tantas
3515 4248 3660 4303 sedis
3688 4249 3914 4304 antisti-

2209 4339 2314 4402 tes,
2346 4335 2464 4389 suis
2495 4334 2727 4389 diversis
2756 4339 3107 4408 temporibus
3158 4338 3386 4393 eosdem
3418 4343 3701 4402 notantes,
3743 4346 3917 4410 atque

2209 4441 2242 4478 a
2288 4424 2562 4479 membris
2599 4426 2857 4480 Ecclesiae
2902 4427 3296 4499 praecidentes,
3344 4427 3489 4482 datis
3521 4427 3725 4482 litteris
3759 4435 3819 4483 et
3849 4429 3914 4482 ad

2272 4602 2288 4634 ι
2319 4599 2558 4648 Salinas:
2591 4600 2926 4651 Servavimus
2961 4603 3015 4651 iu
3046 4606 3193 4652 textu
3213 4602 3494 4653 lectionem
3525 4601 3877 4652 Parisiensem
3905 4620 3914 4661 ;

2207 4661 2373 4711 codex
2401 4667 2578 4726 tamen
2611 4664 2735 4726 Reg.
2769 4667 2888 4713 l025
2913 4680 2923 4712 :
2953 4665 3306 4715 Judicabunt.
3399 4667 3468 4714 Μ.

2269 4726 2290 4759 2
2323 4725 2655 4782 Particulam,
2686 4725 2750 4784 et,
2784 4727 3114 4776 restituimus
3147 4742 3210 4776 ex
3234 4728 3358 4776 Mss.

2271 4787 2289 4814 ³
2313 4787 2554 4852 _Salinas,
2580 4803 2645 4852 ex
2675 4789 2766 4838 Cd.
2787 4789 2913 4852 Reg.
2942 4793 3082 4850 1025,
3104 4790 3437 4840 elaborabat.
3532 4790 3599 4839 Μ.

2269 4852 2290 4884 ἰ
2312 4850 2372 4897 In
2406 4851 2560 4898 editis
2586 4850 2798 4900 additur
2827 4850 3014 4902 Romae.

2268 4914 2288 4946 δ
2315 4911 2465 4974 Apud
2487 4912 2710 4970 Salinas,
2734 4917 2799 4962 ab
2829 4928 2938 4962 uno
2965 4915 3058 4964 Cd.
3081 4915 3228 4964 abest
3251 4929 3351 4964 vox
3373 4914 3702 4974 venerabili,-
3741 4915 3803 4963 in
3834 4915 3907 4963 al-

2205 4977 2335 5032 tero,
2361 4975 2477 5022 voci
2505 4976 2800 5026 venerabili
2825 4977 3037 5026 additur
3065 4991 3169 5027 vox
3199 4977 3308 5040 pio.
3370 4979 3419 5026 Μ
3437 5013 3448 5024 .

2267 5091 2340 5152 (a)
2371 5089 2552 5157 Annos
2584 5106 2615 5140 a
2645 5092 2909 5157 Pelagiani
2939 5096 3131 5144 erroris
3161 5099 3348 5143 exortu
3378 5094 3442 5142 ad
3468 5094 3608 5143 illius
3640 5108 3734 5157 per
3764 5095 3911 5143 Zosi-

2201 5166 2348 5201 mum
2373 5155 2871 5221 condemnationem
2888 5158 3317 5221 computat.Nam
3350 5158 3547 5220 alioqui
3574 5155 3762 5221 contra
3790 5170 3913 5221 eum

2201 5228 2430 5282 errorem
2460 5217 2749 5282 disputavit
2777 5217 3084 5282 scripsitque
3115 5220 3166 5268 S.
3212 5221 3402 5269 Doctor
3430 5217 3496 5268 ab
3539 5233 3680 5268 anno
3714 5219 3913 5268 Christi

2200 5277 2406 5343 circiter
2448 5277 2648 5343 illaut
2683 5282 2805 5339 412;
2836 5277 2940 5343 quo
2966 5277 3106 5330 anno
3142 5285 3228 5330 412
3271 5283 3433 5331 libros
3463 5281 3527 5330 de
3565 5282 3911 5330 Peccatorum

2197 5340 2394 5410 Meritis
2414 5344 2466 5388 et
2495 5341 2822 5410 Remissione
2850 5340 3095 5401 confecit,
3126 5359 3246 5392 cum
3271 5344 3517 5410 eumdem
3539 5357 3770 5410 errorem
3806 5357 3911 5392 ser-

2196 5403 2445 5450 monibus
2474 5403 2619 5465 prius
2653 5418 2930 5469 aggressus
2955 5412 3317 5469 esset;iusque
3351 5408 3418 5455 ad
3447 5420 3650 5455 annum
3674 5408 3784 5464 430,
3806 5419 3909 5468 quo

2194 5469 2680 5534 {uortenoccupatus
2707 5471 2788 5534 est
2821 5467 3055 5516 scribens
3088 5467 3330 5534 ultimum
3356 5483 3490 5532 Opus
3521 5469 3575 5516 in
3591 5467 3904 5534 _Juliauu’m.

2195 5526 2330 5592 Hinc
2351 5526 2590 5589 Prosper,
2619 5527 2670 5575 in
2707 5527 2844 5592 libro
2870 5543 3024 5592 quem
3060 5545 3203 5579 anno
3235 5533 3323 5579 433
3353 5526 3539 5580 contra
3581 5531 3907 5579 Collatorem

2193 5588 2374 5655 edidit.
2403 5588 2516 5655 cap.
2544 5593 2668 5655 l,_u.
2693 5592 2740 5645 2.
2765 5588 3130 5655 inappendice
3153 5594 3279 5642 tomi
3297 5593 3488 5642 decimi
3519 5598 3716 5641 nostra:
3745 5592 3905 5655 Edit.:

2197 5667 2223 5696 α
2255 5651 2452 5727 Viginti
2470 5650 2696 5727 amplius
2718 5650 3065 5727 anuli-suntn»
3089 5655 3281 5727 inquit,
3307 5655 3498 5727 «quod
3525 5660 3712 5727 contra
3735 5654 3908 5727 inimi-

2192 5726 2284 5784 cos
2309 5713 2490 5822 gigatiae
2522 5713 2632 5773 Dei,
2663 5715 2919 5766 catholica
2949 5713 3085 5766 aeies
3114 5713 3276 5780 hujus
3299 5713 3397 5766 viri
3427 5717 3588 5766 ductu
3622 5722 3826 5781 pugnat
3857 5722 3907 5766 et

2200 5788 2349 5822 vmcx
2379 5812 2391 5822 .
2420 5791 2447 5820 »

2200 5788 2391 5824 νωριῑ.
2420 5791 2447 5820 »
