4020 6348
362 313 423 364 51
1587 315 1757 371 VITA
1794 319 1847 372 ὃ.
1910 319 2053 374 AUG

2257 320 2293 375 il
2347 318 2686 378 EPISCUPI,
3821 323 3892 372 5’2

359 433 829 491 intercedendum
861 453 982 491 esse
1028 442 1266 510 rogatus
1295 437 1542 507 videbat,
1572 445 1690 496 tam
1738 440 1794 495 id
1823 441 2072 504 Iboneste

360 541 422 580 ac
451 529 766 596 temperate
798 526 1023 596 agebat,
1052 531 1115 581 ut
1144 544 1261 582 non
1291 529 1476 583 solum
1517 545 1789 584 onerosus
1821 536 1918 584 aut
1947 547 2071 586 mo-

359 613 540 669 lestus
565 630 683 670 non
716 614 1028 684 videretur,
1049 633 1246 670 verum
1277 617 1452 672 etiam
1482 618 1759 672 mirabilis
1785 620 2069 675 existeret.

364 703 508 756 Nam
539 703 677 757 dum
703 709 900 758 exorta
920 704 1253 760 necessitate
1280 723 1382 760 suo
1406 723 1563 761 more
1586 709 1736 779 apud
1763 709 2073 780 quemdam

358 791 564 846 Africae
614 791 910 857 vicarium,
944 793 1335 849 Macedoniam
1393 795 1652 865 nomine,
1683 812 1788 867 pro
1832 798 2074 868 supplici

359 880 566 935 litteris
614 881 1008 948 interveniret,
1059 887 1229 954 atque
1269 883 1365 938 ille
1412 885 1718 954 paruisset,
1757 887 1866 942 hoc
1902 888 2074 942 modo

357 969 694 1040 rescriptum
727 969 884 1024 misit
917 987 928 1024 :
960 972 1106 1026 Miro
1135 971 1290 1027 modo
1318 975 1534 1039 afﬁcior
1564 973 1836 1044 sapientia
1875 981 1990 1041 tua,
2025 982 2076 1030 et

357 1060 418 1112 in
446 1059 554 1112 illis
587 1075 706 1129 qua
737 1059 982 1126 edidisti,
1003 1065 1053 1114 et
1082 1063 1140 1114 in
1172 1063 1241 1115 iis
1264 1077 1383 1131 qua
1413 1064 1771 1118 interveniens
1794 1080 1897 1134 pro
1924 1067 2074 1120 solli-

357 1149 478 1202 citis
509 1149 526 1183 ί
556 1150 764 1202 mittere
801 1164 904 1202 non
933 1152 1210 1216 gravaris.
1237 1152 1380 1207 Nam
1408 1155 1458 1205 et
1499 1152 1595 1205 illa
1625 1157 1837 1207 tantum
1876 1155 2075 1208 habent

359 1239 642 1305 acuminis,
679 1240 916 1292 scientiae
965 1236 1006 1307 ³,
1040 1242 1368 1305 sanctitatis,
1411 1247 1471 1295 ut
1507 1243 1648 1296 nihil
1683 1258 1855 1313 supra
1891 1247 1994 1309 sit;
2028 1249 2079 1298 et

361 1327 469 1380 haec
501 1331 710 1381 tantum
753 1328 1101 1398 verecundiae,
1135 1334 1196 1384 ut
1240 1331 1352 1384 nisi
1379 1333 1585 1398 faciam
1635 1332 1780 1401 quod
1824 1332 2075 1387 mandas:

367 1416 581 1485 culpam
605 1431 765 1485 penes
795 1433 878 1471 me
905 1433 1200 1488 remanere,
1229 1434 1341 1472 non
1366 1422 1424 1473 in
1462 1423 1670 1487 negotio
1695 1436 1826 1487 esse,
1856 1422 2078 1490 dijudi-

366 1519 494 1573 cem,
529 1504 741 1559 domine
770 1509 959 1561 merito
1000 1507 1345 1568 venerabilis,
1377 1513 1427 1563 et
1471 1509 1808 1579 suscipiende
1842 1515 2002 1580 pater
2034 1507 2074 1564 ⁸.

362 1595 480 1650 Νοη
511 1595 652 1648 enim
701 1597 876 1649 instas
907 1594 1076 1664 (quod
1096 1597 1344 1665 plerique
1391 1599 1628 1654 homines
1656 1600 1819 1654 istius
1855 1601 1957 1654 loci
1979 1601 2078 1666 fa-

360 1683 510 1736 ciunt
555 1683 615 1752 ⁸),
676 1687 738 1736 ut
781 1683 1154 1753 quodcumque
1195 1685 1460 1740 sollicitus
1504 1688 1706 1756 petitor
1753 1689 1774 1723 ⁵
1822 1688 2074 1742 voluerit,

358 1774 710 1839 extorqueas;
757 1771 852 1825 sed
897 1771 1042 1841 quod
1075 1773 1179 1826 tibi
1216 1790 1250 1826 a
1286 1774 1475 1841 judice
1513 1779 1590 1830 tot
1634 1778 1778 1830 curis
1825 1777 2080 1831 obstricto

351 1860 575 1929 petibile
601 1862 779 1913 visum
798 1862 991 1927 fuerit,
1025 1861 1278 1916 admones
1303 1865 1324 1897 ⁸
1343 1863 1707 1918 subserviente
1731 1865 2075 1932 verecundia,

361 1965 480 2018 quae
507 1951 751 2003 maxima
775 1948 1091 2018 difﬁcilium
1114 1952 1257 2005 inter
1283 1950 1444 2006 bonos
1466 1952 1714 2019 efficacia
1735 1951 2080 2007 est.Proinde

361 2040 549 2094 statim
577 2039 959 2093 commendatis
991 2039 1234 2107 effectum
1264 2040 1524 2095 desiderii
1545 2041 1717 2096 tribui
1747 2058 1760 2096 :
1804 2057 1931 2096 nam
1950 2056 2076 2110 spe-

362 2125 528 2181 randi
567 2128 714 2180 viam
759 2131 885 2181 ante
924 2129 1291 2196 patefeceram
1329 2129 1584 2200 (Maced,
1617 2132 1676 2184 in
1719 2131 1896 2200 Epist.
1939 2132 2081 2184 inter

363 2217 824 2284 Augustinianas,
861 2217 982 2284 154,
1014 2231 1071 2269 n.
1114 2217 1180 2285 1).

368 2339 593 2394 CAPUT
629 2339 761 2393 XXI.
793 2368 862 2379 —
901 2339 1150 2395 Concitiis
1195 2355 1298 2408 quo
1339 2341 1518 2394 animo
1564 2341 1818 2394 interesse
1866 2340 2076 2394 soleret.

438 2431 503 2484 In
527 2427 848 2482 ordinandis
885 2428 1253 2482 sacerdotibus
1283 2428 1462 2497 major
1489 2443 1771 2483 consensus
1809 2433 1860 2482 et
1891 2429 2068 2483 Eccle-

429 2519 524 2572 sia
552 2517 872 2571 consuetudo
900 2517 1247 2586 inquirenda.

447 2622 783 2677 Sanctorum
829 2621 1068 2676 concilia
1111 2622 1466 2676 sacerdotum
1515 2637 1620 2692 per
1667 2620 1917 2675 diversas
1952 2635 2086 2690 pro-

374 2709 592 2764 vincias
639 2709 941 2775 celebrata,
975 2726 1104 2764 cum
1159 2709 1370 2781 potuit,
1412 2708 1833 2780 frequentavit;
1866 2724 1980 2762 non
2026 2707 2084 2761 in

372 2796 454 2851 eis
495 2813 624 2868 quae
669 2813 772 2850 sua
817 2801 968 2862 sunt,
1020 2798 1117 2852 sed
1165 2812 1294 2868 qua:
1356 2797 1489 2850 Jesu
1535 2795 1739 2851 Christi
1781 2797 2082 2868 quaerens;

373 2890 437 2940 ut
493 2887 577 2940 vel
647 2885 788 2940 ﬁdes
855 2888 1062 2939 sanctas
1129 2884 1387 2939 Ecclesiae
1452 2884 1744 2939 catholicae
1810 2885 2086 2939 inviolata

373 2977 649 3042 maneret,
690 2974 775 3028 vel
816 2973 1079 3028 nonnulli
1125 2973 1447 3027 sacerdotes
1492 2977 1548 3028 et
1585 2973 1793 3040 clerici,
1827 2973 1942 3028 sive
1982 2991 2087 3045 per

373 3064 456 3119 fas
486 3064 602 3118 sive
639 3079 743 3134 per
791 3064 949 3117 nefas
990 3062 1485 3130 excommunicati,
1515 3063 1604 3117 vel
1653 3061 2086 3117 absolverentur

374 3154 461 3207 vel
491 3152 895 3223 abjicerentur.
930 3153 997 3205 In
1036 3151 1372 3206 ordinandis
1418 3167 1554 3204 vero
1601 3151 1990 3205 sacerdotibus
2031 3156 2087 3205 et

377 3241 596 3296 clericis
639 3256 980 3294 consensum
1031 3239 1312 3310 majorem
1343 3236 1365 3272 ⁷
1412 3239 1485 3309 (a)
1524 3238 1999 3308 Christianorum,
2031 3245 2086 3294 et

380 3328 854 3385 consuetudinem
885 3327 1145 3382 Ecclesiae
1177 3328 1527 3399 sequendam
1559 3328 1958 3384 arbitrabatur.

488 3445 714 3499 CAPUT
742 3444 900 3500 XXII.
933 3471 1003 3483 —
1030 3444 1102 3496 In
1130 3445 1329 3496 vestitu
1353 3447 1404 3498 et
1427 3444 1574 3497 victu
1603 3443 1783 3512 qualis
1810 3445 1980 3509 fuerit

1056 3533 1418 3601 Augustinus.

458 3642 650 3695 Vestes
695 3639 817 3710 ejus
864 3643 922 3694 et
967 3639 1349 3693 calceamenta
1397 3637 1486 3693 vel
1553 3638 1818 3693 lectualia
1863 3655 1929 3694 ex
1971 3656 2089 3694 mo-

387 3730 582 3785 derato
631 3734 688 3783 et
731 3728 1078 3800 competenti
1121 3727 1320 3783 habitu
1370 3731 1552 3794 erant,
1598 3744 1704 3782 nec
1757 3727 1939 3783 nitida
1998 3727 2086 3783 ni-

383 3819 586 3885 mium,
636 3834 740 3872 nec
784 3818 1003 3889 abjecta
1043 3817 1403 3888 plurimum:
1455 3816 1591 3890 quia
1628 3817 1717 3871 his
1745 3817 2087 3890 plerumque

381 3907 466 3962 vel
487 3908 701 3978 jactare
728 3923 787 3960 se
816 3906 1132 3960 insolenter
1160 3905 1421 3960 homines
1450 3906 1654 3973 solent,
1683 3907 1769 3960 vel
1798 3906 2042 3978 abjicere
2070 3927 2085 3973 ;

382 4013 451 4051 ex
478 4001 720 4069 utroque
767 4012 883 4050 non
932 4011 1061 4066 quae
1098 3996 1230 4049 Jesu
1281 3995 1510 4062 Christi,
1543 3995 1640 4049 sed
1668 4011 1797 4066 qua:
1826 4011 1929 4050 sua
1957 4002 2090 4051 sunt

380 4085 557 4141 iidem
586 4090 950 4156 quaerentes:
983 4089 1042 4138 at
1079 4082 1206 4146 iste,
1251 4088 1317 4138 ut
1356 4082 1496 4150 dixi,
1537 4084 1792 4139 medium
1834 4085 2084 4150 tenebat,

383 4187 567 4246 neque
613 4173 675 4227 in
714 4173 1024 4234 dexteram,
1083 4186 1269 4242 neque
1315 4170 1376 4224 in
1426 4171 1716 4225 sinistram
1772 4172 2085 4227 declinans.

383 4264 574 4318 Mensa
617 4277 754 4316 usus
799 4265 884 4315 est
934 4259 1140 4332 frugali
1175 4263 1231 4313 et
1273 4275 1464 4330 parca,
1498 4277 1628 4331 quae
1667 4260 1898 4332 quidem
1938 4260 2090 4316 inter

383 4352 539 4406 olera
585 4355 643 4406 et
688 4349 999 4421 legumina,
1042 4347 1218 4403 etiam
1264 4363 1461 4402 carnes
1503 4349 1812 4420 aliquando
1855 4355 2090 4420 propter

385 4439 659 4512 hospites,
691 4439 779 4494 vel
827 4453 1082 4510 quosque
1121 4436 1488 4503 inﬁrmiores,
1531 4453 1757 4508 semper
1784 4442 1975 4493 autem
2004 4439 2087 4492 vi-

450 4549 464 4582 ι
498 4546 582 4596 Sic
619 4547 764 4605 Mss.;
794 4549 848 4594 at
874 4545 1020 4602 editi,
1047 4557 1149 4608 pro
1184 4545 1305 4594 reis.
1337 4570 1397 4579 —
1447 4545 1506 4593 In
1548 4548 1693 4594 tonio
1718 4547 1764 4604 2,
1797 4545 1946 4594 initio
1981 4561 2007 4596 e
2046 4547 2089 4595 i-

450 4609 533 4655 )ltB
557 4608 847 4655 Macedonii
869 4606 1017 4655 (154).
1049 4606 1275 4655 dicitur:
1313 4607 1417 4655 Pro
1450 4607 1734 4655 sceleratis.
1758 4620 1822 4655 ex
1859 4608 1980 4655 Mss.

386 4609 533 4658 stolas
557 4608 847 4658 Macedonii
869 4607 1017 4670 (154),
1049 4607 1275 4655 dicitur:
1313 4607 1417 4670 Pro
1450 4607 1734 4670 sceleratis,
1758 4620 1822 4656 ex
1859 4608 1980 4656 Mss.
2010 4607 2079 4657 Μ.

447 4673 468 4706 ²
497 4671 720 4730 Salinas,
741 4684 805 4720 ex
827 4666 935 4719 uno
961 4666 1051 4718 Cd.
1073 4685 1085 4718 :
1119 4671 1349 4719 Tant-um
1371 4666 1560 4718 habent
1585 4666 1814 4719 acu-men
1830 4673 2085 4721 scientiae.

446 4799 470 4870 3r
498 4796 555 4867 In
577 4797 726 4870 torno
748 4797 797 4870 2,
829 4793 1050 4870 epistqla
1066 4792 1358 4842 Macedonii
1379 4793 1508 4856 (154)
1525 4733 1828 4844 editumbisst
1850 4797 1945 4846 :Et
1964 4807 2090 4846 vero

383 4855 723 4920 suspiciende
749 4855 914 4928 pater.
947 4856 1015 4927 Μ..
1065 4919 1076 4930 ο
1209 4917 1220 4928 ι
1493 4855 1496 4856 ⁷

445 4923 466 4990 ξ
494 4921 623 4990 hev.
657 4934 668 4966 :
697 4919 864 4990 Istius
890 4918 998 4968 loci
1026 4915 1341 4990 mfacwnt.
1508 4983 1518 4990 ‘
1824 4979 1878 4990 Μ
1947 4980 1957 4990 ⁸

444 4985 466 5018 5
494 4981 705 5054 Veteres
750 4981 957 5054 codices
983 4979 1250 5054 quidam“
1275 4979 1526 5030 omittunt
1566 4981 1775 5044 petitor.
1824 4979 2086 5044 Plerique,

381 5057 476 5108 pro
506 5043 793 5099 sollicitus.
825 5043 1001 5092 ferunt
1018 5041 1341 5093 sollicitius.
1566 5041 1584 5044 “
1979 5041 1997 5044 ⁷

445 5109 466 5176 f
492 5107 590 5176 ilic
620 5106 745 5176 editi
774 5104 979 5176 add_unt
1007 5108 1060 5176 et
1093 5116 1281 5176 regas,
1320 5104 1481 5176 Abest
1509 5117 1539 5152 a
1570 5104 1760 5176 Mss.“
1796 5169 1806 5176 _
1905 5165 1916 5176 .
2024 5165 2034 5176 _

444 5169 644 5254 3.3522.
662 5165 2081 5254 Μεεεε3³ρὲῗέἛὲεὲἓι,ἵξέἒὲἱηξέἓέὲ,Εῗξῗνθὶῗηῖηξ-

382 5233 671 5294 majorum.
700 5255 761 5266 -—
781 5230 866 5279 Sic
889 5229 1010 5277 Lov.
1038 5229 1104 5276 ad
1133 5229 1458 5291 marginem;
1489 5228 1612 5277 item
1644 5228 1866 5287 Salinas,
1898 5242 1958 5278 ex
1992 5228 2083 5278 Cd.

383 5294 549 5344 Vatic.
574 5295 714 5351 1190,
783 5292 836 5340 ui
858 5290 956 5340 fert
979 5305 990 5338 :
1017 5293 1349 5341 Consensum
1371 5290 1644 5350 majorum
1663 5289 2085 5340 Christianorum

382 5369 450 5405 ex
480 5306 868 5405 consuetudine
898 5353 1138 5403 Ecclesia:
1169 5353 1493 5405 sequendam
1539 5353 1916 5403 arbitrabatur.
1953 5354 2019 5402 M.

380 5369 450 5407 ex
480 5353 868 5406 consuetudine
898 5353 1138 5403 Ecclesia:
1169 5353 1493 5416 sequendam
1539 5353 1916 5403 arbitrabatur.
1953 5354 2019 5402 M.

442 5438 517 5516 (a)
543 5454 616 5503 De
637 5451 970 5502 sacerdotum
993 5450 1325 5500 ordinatione
1352 5451 1644 5514 Cyprianus
1681 5452 1737 5500 in
1766 5451 1996 5514 Epistola
2018 5451 2085 5500 ad

411 5515 579 5564 larum
599 5519 652 5564 et
668 5515 874 5564 nlebem
903 5513 1272 5564 Hispaniarum
1289 5513 1498 5564 scripta.
1521 5527 1639 5564 quae
1660 5527 1812 5563 nova:
1837 5513 2085 5563 editionis

382 5527 579 5564 clerum
599 5527 652 5564 et
668 5527 874 5578 plebem
903 5527 1272 5577 Hispaniarum
1289 5527 1498 5576 scripta,
1521 5527 1639 5577 quae
1660 5527 1812 5563 novre
1837 5527 2085 5563 emuoms

380 5581 461 5626 est
489 5577 675 5648 ordine
698 5579 755 5627 67
781 5591 792 5625 :
823 5596 846 5621 (ι
970 5575 1301 5649 ordinatim)!
1333 5575 1575 5649 inqpithc}
1591 5576 1738 5640 justa
1760 5582 1814 5648 et
1831 5576 2083 5649 legitimis,

418 5652 502 5702 uae
535 5639 781 5702 omnium
819 5638 1070 5702 suifragio
1101 5643 1174 5702 et,
1184 5637 1387 5702 judicio
1408 5637 1936 5702 ’fuerit_'examinata.
1965 5655 1992 5684 »
2022 5638 2086 5686 Et

380 5699 787 5766 ibidemASabini
811 5699 1045 5766 episcopi
1065 5699 1453 5766 ordinationem
1472 5700 1654 5751 laudat
1683 5717 1710 5747 α
1731 5700 1796 5750 de
1822 5700 2083 5749 universe

379 5762 722 5816 fraternitatis
749 5762 1010 5828 suﬂ'ragio‘
1033 5781 1060 5810 io
1094 5763 1304 5814 factam.

2180 459 2322 498 num
2346 442 2608 498 habebat.
2641 441 2786 506 Quia
2810 446 3044 496 noverat
3064 441 3107 508 ⁸,
3127 445 3182 496 et
3198 441 3460 508 docebat,
3486 447 3552 496 ut
3579 442 3897 513 Apostolus

2181 532 2338 598 dicit,
2371 531 2526 604 quod
2553 531 2726 586 omnis
2754 536 3002 585 creatura
3021 533 3119 585 Dei
3136 530 3273 585 bona
3293 533 3386 596 sit,
3409 536 3459 585 et
3473 531 3614 586 nihil
3630 531 3900 601 abjieien-

2181 622 2330 681 dum,
2360 622 2505 691 quod
2534 637 2652 675 cum
2672 622 2978 688 gratiarum
3007 622 3214 674 actione
3229 622 3565 689 percipitur;
3588 623 3902 690 sanctiﬁca-

2184 715 2274 765 tur
2301 714 2439 764 enim
2463 726 2562 779 per
2589 710 2807 763 verbum
2836 711 2933 763 Dei
2960 713 3010 764 et
3036 711 3325 763 orationem
3350 709 3399 777 (Ι
3435 711 3566 764 Tim.
3607 725 3682 776 xv,
3726 711 3783 774 4,
3817 709 3897 778 5).

2185 800 2268 866 Et,
2304 803 2365 854 ut
2392 799 2543 853 idem
2576 798 2926 869 Augustinus
2953 802 3180 852 sanctus
3207 797 3267 851 in
3299 798 3418 852 suis
3447 797 3897 853 Confessionum

2184 888 2343 942 libris
2373 887 2583 959 posuit,
2611 887 2803 942 dicens
2827 903 2840 941 :
2881 888 2999 942 Non
3033 903 3126 954 ego
3155 887 3559 941 immunditiam
3579 887 3796 942 obsonii
3827 889 3900 939 ti-

2183 993 2314 1042 meo,
2354 977 2450 1032 sed
2478 977 2883 1031 immunditiam
2921 976 3261 1045 cupiditatis.
3305 977 3425 1032 Scio
3469 978 3579 1031 Noe
3617 991 3776 1030 omne
3806 993 3900 1044 ge-

2184 1081 2284 1120 nus
2311 1069 2492 1121 carnis
2530 1066 2674 1134 quod
2703 1066 2816 1119 cibo
2845 1070 2977 1119 esset
3002 1069 3144 1129 usui,
3174 1065 3502 1119 manducare
3529 1067 3893 1134 permissum;

2185 1155 2362 1209 Etiam
2391 1155 2506 1208 cibo
2539 1156 2717 1208 carnis
2757 1156 3040 1220 refectum;
3073 1153 3333 1207 Joannem
3357 1156 3596 1208 mirabili
3624 1155 3906 1208 abstinen-

2188 1245 2268 1297 tia
2309 1245 2621 1312 praeditum,
2674 1243 3023 1311 animalibus,
3072 1243 3168 1297 hoc
3205 1248 3282 1297 est
3331 1245 3569 1309 locustis,
3613 1245 3671 1297 in
3719 1259 3905 1298 escam

2185 1331 2492 1387 cedentibus
2519 1347 2626 1386 non
2655 1334 2827 1398 fuisse
2863 1333 3148 1401 pollutum.
3193 1333 3310 1388 Scio
3351 1338 3402 1387 et
3431 1335 3580 1388 Esau
3629 1333 3907 1388 lenticula

2185 1422 2614 1489 concupiscentia
2651 1420 2960 1489 deceptum;
2992 1425 3042 1474 et
3087 1421 3266 1475 David
3301 1425 3526 1489 propter
3563 1437 3722 1491 aquae
3751 1421 3904 1476 desi-

2188 1509 2398 1563 derium
2425 1526 2460 1564 a
2489 1526 2544 1564 se
2574 1513 2692 1579 ipso
2739 1509 3149 1578 reprehensum;
3177 1513 3228 1562 et
3264 1511 3457 1577 Regem
3493 1514 3763 1570 nostrum,
3796 1525 3905 1562 non

2187 1599 2253 1652 de
2281 1615 2459 1666 carne,
2486 1599 2580 1653 sed
2608 1599 2674 1652 de
2698 1614 2840 1668 pane
2867 1613 2978 1653 esse
3007 1603 3268 1652 tentatum
3298 1601 3337 1652 ².
3375 1598 3603 1668 Ideoque
3640 1605 3691 1652 et
3711 1614 3904 1668 popu-

2189 1688 2272 1741 lus
2313 1691 2372 1742 in
2418 1703 2608 1753 eremo,
2651 1703 2757 1742 non
2811 1690 2944 1757 quia
2989 1702 3175 1741 carnes
3223 1687 3570 1753 desideravit,
3616 1688 3711 1742 sed
3759 1689 3901 1758 quia

2188 1791 2316 1830 escae
2343 1776 2610 1830 desiderio
2639 1781 2827 1830 contra
2857 1779 3024 1830 Deum
3051 1779 3435 1840 murmuraeit,
3466 1779 3663 1831 meruit
3692 1779 3908 1846 impro-

2189 1866 2312 1920 bari
2353 1867 2774 1933 (Confessionum
2812 1865 2907 1919 lib.
2963 1867 3047 1931 10,
3090 1881 3208 1935 cap.
3254 1868 3342 1932 31,
3379 1881 3437 1920 η.
3483 1866 3601 1936 46).
3653 1867 3731 1920 De
3762 1864 3904 1919 vino

2188 1958 2380 2009 autem
2427 1954 2704 2008 sumendo
2754 1953 3008 2025 Apostoli
3054 1958 3232 2008 exstat
3273 1953 3553 2008 sententia
3596 1953 3668 2008 ad
3696 1951 3898 2006 Timo-

2186 2040 2386 2094 theum
2417 2039 2734 2106 scribentis,
2765 2056 2829 2094 ac
2853 2040 3092 2095 dicentis
3115 2058 3128 2095 :
3156 2042 3283 2098 Noli
3305 2057 3472 2112 usque
3491 2040 3668 2095 adhuc
3689 2055 3902 2110 aquam

2190 2129 2385 2196 bibere,
2413 2130 2508 2184 sed
2534 2132 2658 2184 vino
2687 2130 2890 2184 modico
2919 2135 3066 2184 utere
3089 2135 3314 2200 propter
3342 2131 3672 2185 stomachum
3702 2135 3754 2183 et
3783 2131 3902 2196 fre-

2191 2224 2407 2287 quentes
2454 2223 2576 2273 tuas
2609 2221 2953 2288 inﬁrmitates
3000 2220 3040 2289 (Ι
3077 2221 3215 2275 Tim.
3265 2236 3318 2284 v,
3351 2219 3460 2289 23).
3492 2218 3905 2274 Cochlearibus

2188 2312 2413 2361 tantum
2453 2306 2738 2378 argenteis
2785 2311 2967 2371 utens,
3013 2312 3214 2361 cratera
3261 2323 3396 2362 vasa
3427 2306 3635 2379 quibus
3680 2323 3904 2360 mensae

2191 2395 2584 2451 inferebantur
2622 2396 2754 2459 cibi,
2786 2398 2869 2450 vel
2903 2401 3102 2462 testea,
3135 2397 3218 2450 vel
3273 2396 3482 2466 lignea,
3511 2397 3597 2449 vel
3639 2411 3902 2449 marmo-

2196 2503 2293 2540 rea
2321 2486 2555 2539 fuerunt
2586 2502 2598 2539 :
2633 2501 2748 2539 non
2778 2494 2967 2539 tamen
3009 2485 3359 2539 necessitatis
3388 2485 3601 2555 inopia,
3634 2485 3730 2539 sed
3762 2500 3901 2555 pro-

2194 2574 2380 2646 posito
2423 2573 2747 2628 voluntatis.
2781 2573 2887 2628 Sed
2914 2577 2968 2628 et
2998 2573 3449 2645 hospitalitatem
3477 2588 3705 2644 semper
3733 2573 3902 2627 exhi-

2192 2663 2334 2717 buit.
2371 2663 2435 2716 Et
2478 2662 2538 2715 in
2567 2661 2690 2732 ipsa
2719 2678 2916 2716 mensa
2947 2661 3130 2733 magis
3167 2661 3468 2716 lectionem
3507 2661 3592 2714 vel
3635 2660 3903 2732 disputa-

2196 2750 2430 2810 tionem,
2463 2765 2636 2820 quam
2669 2748 3052 2819 epulationem
3104 2747 3570 2819 potationemque
3597 2747 3899 2819 diligebat.

2195 2839 2261 2892 Et
2289 2843 2486 2892 contra
2523 2837 2904 2908 pestilentiam
2945 2838 3212 2892 humanas
3250 2837 3680 2892 consuetudinis
3727 2837 3790 2891 in
3840 2854 3906 2891 ea

2195 2927 2468 2998 scriptum
2500 2927 2580 2981 ita
2611 2926 2858 2981 habebat
2885 2942 2898 2980 :

2381 3033 2628 3095 Quisquis
2656 3035 2798 3080 amat
2826 3031 2978 3095 dictis
3007 3030 3285 3079 absentum
3316 3030 3499 3095 rodere
3527 3031 3708 3095 vitam,

2411 3093 2558 3144 lianc
2580 3107 2815 3144 mensam
2842 3094 3117 3156 indignam
3146 3093 3354 3143 noverit
3374 3106 3488 3143 esse
3510 3093 3609 3143 sibi
3633 3097 3675 3145 ³.

2195 3196 2259 3248 Et
2278 3193 2407 3248 ideo
2423 3210 2653 3248 omnem
2678 3193 2969 3248 convivam
2994 3210 3025 3246 a
3054 3192 3360 3264 supertluis
3387 3198 3446 3247 et
3475 3193 3657 3247 noxiis
3689 3193 3906 3248 fabulis

2197 3287 2253 3337 et
2281 3282 2726 3337 detractionibus
2768 3287 2790 3318 ι
2819 3298 2940 3336 sese
2968 3282 3254 3336 abstinere
3285 3281 3492 3337 debere
3523 3281 3895 3337 admonebat.

2199 3373 2341 3426 Nam
2371 3376 2424 3426 et
2453 3371 2733 3443 quosdam
2764 3387 2894 3425 suos
2922 3369 3398 3426 familiarissimos
3433 3370 3802 3442 coepiscopos
3829 3371 3903 3426 il-

2196 3461 2303 3516 lius
2350 3461 2647 3532 scriptura
2677 3461 2905 3527 oblitos,
2933 3464 2990 3515 et
3030 3466 3230 3515 contra
3259 3476 3384 3515 eam
3423 3461 3741 3532 loquentes,
3780 3466 3904 3516 tam
3972 3461 3980 3467 ’

2196 3567 2395 3622 aspere
2425 3550 2733 3622 aliquando
2762 3549 3148 3621 reprehendit,
3194 3553 3515 3604 commotus
3552 3552 3617 3603 ut
3661 3549 3902 3615 diceret,

2197 3644 2295 3694 aut
2324 3639 2592 3694 delendos
2635 3655 2756 3694 esse
2802 3638 2930 3707 illos
2957 3638 3026 3693 de
3076 3653 3272 3692 mensa
3321 3655 3536 3705 versus,
3583 3643 3683 3693 aut
3723 3655 3786 3693 se
3829 3640 3901 3694 de

2198 3727 2389 3782 media
2437 3727 2742 3782 refectione
2787 3727 2856 3782 ad
2901 3743 3069 3782 suum
3119 3728 3444 3782 cubiculum
3484 3733 3899 3783 surrecturum.

2197 3815 2359 3882 Quod
2391 3831 2499 3887 ego
2527 3819 2584 3870 et
2609 3815 2729 3882 alii,
2761 3814 2862 3887 qui
2907 3815 2993 3871 illi
3023 3831 3237 3870 mensae
3268 3816 3647 3877 interfuimus.
3677 3817 3900 3888 experti

2197 3922 2415 3962 sumus.

2259 4033 2483 4088 CAPUT
2512 4031 2697 4087 XXIII.
2729 4060 2799 4072 —
2827 4031 2890 4086 In
2919 4045 3020 4086 usu
3047 4030 3320 4086 redituum
3349 4031 3834 4085 ecclesiasticarum

2939 4121 3142 4190 qualis.

2270 4229 2734 4298 Compauperum
2786 4229 2807 4262 ⁵
2836 4242 2971 4281 vero
3005 4242 3232 4298 semper
3282 4242 3503 4282 memor
3531 4229 3670 4292 erat,
3701 4225 3903 4299 eisque

2196 4315 2328 4387 inde
2375 4315 2667 4386 erogabat,
2717 4315 2867 4370 unde
2926 4319 2982 4370 et
3034 4316 3140 4370 sibi
3199 4315 3429 4387 suisque
3485 4313 3752 4370 omnibus
3812 4332 3905 4370 se-

2197 4383 2326 4460 bum
2375 4383 2765 4458 habitantibus
2793 4407 2854 4471 0;
2900 4405 3006 4460 hoc
3048 4410 3153 4472 est,
3206 4406 3293 4459 vel
3334 4383 3410 4458 ex
3455 4403 3733 4458 reditibus
3772 4419 3903 4474 pos-

2258 4519 2274 4552 ¹
2306 4515 2894 4588 Joannesplimmerius
2914 4529 2979 4588 ex
3008 4515 3385 4588 Au‘gustinensi
3408 4515 3592 4588 qrdine
3612 4516 3905 4588 canonicus

2193 4577 2536 4628 Lovaniensis
2548 4577 2722 4626 locum
2739 4577 2881 4627 hunc
2893 4579 2969 4627 sic
2979 4575 3158 4627 edidit:
3173 4581 3403 4640 Propter
3417 4575 3643 4639 hospites
3655 4575 3905 4633 habebat.

2194 4640 2282 4705 vel
2291 4653 2514 4705 quosque
2525 4639 3094 4705 inﬁrmiores.Semper
3104 4643 3290 4691 autem
3305 4643 3390 4689 vin
3397 4653 3503 4705 u-m_
3494 4639 3908 4705 bibebatque":-

2192 4703 2278 4754 vis
2287 4702 2486 4774 modice
2495 4705 2548 4774 e_t
2563 4702 2939 4774 temperanter,
2959 4702 3091 4767 quia
3102 4703 3596 4774 _nogerat_,etc.Eum
3612 4702 3908 4774 Lovanieu-

2195 4780 2278 4815 ses
2287 4765 2535 4829 Theologi
2553 4763 2878 4829 castigarunt
2889 4763 2988 4829 hoc
3001 4768 3170 4828 pacto:
3181 4767 3409 4829 Propter
3422 4763 3647 4828 hospites
3659 4764 3751 4829 pel
3759 4779 3907 4829 quos-

2193 4841 2298 4898 que
2319 4825 2643 4898 inﬁrmiores
2671 4825 3426 4898 c'ontinebatbegmperautem
3448 4825 3631 4898 vinum
3655 4825 3906 4898 habebat,

2193 4888 2323 4954 quia
2338 4895 2580 4950 noverat,
2596 4895 2695 4954 etc.
2709 4891 2952 4954 Attamen
2972 4888 3150 4939 nostri
3157 4903 3340 4954 omnes
3363 4888 3706 4954 manuscripti
3724 4895 3909 4954 carent

2195 4951 2356 5002 verbo
2379 4953 2822 5022 continebat,_uno
2843 4952 2976 5022 {grta
2999 4955 3217 5022 escepto
3233 4951 3909 5022 Yedastinoguinpostealo-

2193 5029 2275 5074 co,
2288 5028 2469 5064 vanum
2483 5015 2732 5072 habebat,
2747 5015 2974 5078 praefert,
2993 5013 3175 5078 vinum
3191 5013 3414 5064 bibebat.
3429 5041 3487 5050 —
3510 5013 3593 5078 Sic
3610 5013 3904 5078 salinas,ex

2194 5078 2294 5141 Cd.,
2310 5078 2433 5141 Reg.
2460 5079 2578 5127 1025
2597 5093 2610 5138 ;
2629 5078 2720 5127 sed
2745 5074 2809 5126 ex
2835 5077 2926 5126 Cd.
2951 5079 3034 5126 541
3061 5091 3072 5124 :
3106 5077 3192 5141 Yet
3213 5088 3442 5140 quosque
3463 5074 3802 5141 inﬁrmiores,
3821 5091 3906 5141 ge-

2189 5139 2636 5204 stabat._"_Semper
2661 5144 2849 5204 autem
2871 5143 2995 5204 uino
3015 5139 3282 5204 utebatur,
3303 5143 3432 5202 quia
3451 5139 3687 5204 notarat,
3703 5141 3813 5204 etc.
3837 5140 3903 5188 Μ.

2254 5204 2276 5313 ἲ
2311 5199 2629 5313 Ξειίηῇιίθξθχ
2649 5203 2856 5252 duobus
2876 5202 2999 5260 Mss,
3024 5215 3035 5250 :
3059 5199 3163 5252 sed
3180 5201 3247 5250 de
3264 5199 3406 5265 pane
3430 5201 3637 5250 tantum
3655 5211 3770 5250 esse
3795 5203 3906 5253 ten--

2276 5278 2390 5313 um.
2513 5301 2525 5313 .

2193 5268 2390 5315 latum.
2453 5268 2500 5313 M
2513 5301 2525 5313 .

2253 5336 2270 5364 ι
2300 5327 2423 5376 Tres
2447 5327 2569 5376 Mss.
2600 5326 2744 5376 hunc
2773 5339 2983 5375 versum
3009 5325 3082 5375 sic
3111 5325 3370 5376 referunt:
3398 5327 3516 5377 Hac
3544 5339 3733 5376 mensa
3759 5325 3902 5378 indi-

2191 5403 2349 5453 gnam
2360 5401 2489 5439 novt
2499 5391 2574 5439 rit
2585 5401 2701 5453 esse
2717 5387 3261 5453 summUllimmerius
3275 5389 3440 5453 edidit
3454 5390 3638 5453 :_Hanc
3652 5402 3902 5440 mensam

2192 5449 2406 5502 uetitum
2429 5450 2648 5514 noverit
2669 5463 2780 5500 esse
2798 5449 2925 5514 sibi.
2953 5475 3014 5486 —
3030 5449 3253 5512 Salinas,
3273 5465 3337 5500 ex
3354 5451 3444 5500 Cd.
3461 5451 3585 5514 Reg.
3604 5453 3690 5501 541
3713 5467 3726 5500 :
3751 5455 3899 5502 Hanc

2191 5526 2432 5564 mensam
2459 5512 2677 5564 indione
2703 5513 2911 5563 noverit
2941 5525 3044 5563 esse
3064 5525 3235 5564 suam.
3297 5514 3366 5563 M.

2252 5578 2273 5611 ι
2308 5575 2462 5624 Deest
2483 5575 2538 5623 in
2573 5573 2724 5623 Mss:
2759 5574 2824 5622 Et
2849 5573 3280 5627 detractionibus.

2253 5637 2396 5702 l[Sic
2434 5636 2631 5686 habent
2671 5635 2938 5702 MAS_S.,_at
2983 5638 3109 5687 editi
3154 5635 3693 5702 pauperumzi—‘Sic
3742 5639 3894 5688 etiam

2193 5699 2418 5764 Salinas,
2457 5712 2677 5764 ex_un‘o_
2698 5698 2791 5748 Cd.
2822 5699 3024 5764 Vatic.:
3062 5698 3392 5764 Pauperum.
3455 5701 3526 5750 M.

2257 5763 2278 5797 θ
2309 5762 2400 5810 Hic
2427 5760 2552 5810 editi
2579 5760 2784 5813 addunt
2811 5762 3150 5826 erogabatur.
