4020 6356
39 347 116 395 ss

41 472 399 529 sessionum
445 475 737 542 Ecclesiae,
794 478 882 532 vel
928 479 1097 533 etiam
1151 497 1214 535 ex
1271 481 1656 537 oblationibus
1715 484 1778 538 fi-

41 560 312 616 delium.
359 564 424 618 Et
460 564 596 618 dum
637 563 783 620 forte
818 569 896 633 (ut
937 570 1162 638 assolet)
1211 570 1279 624 de
1323 572 1775 642 possessionibus

41 648 204 717 ipsis
257 651 478 705 invidia
505 652 726 708 clericis
756 653 936 720 fieret,
969 657 1362 728 alloquebatur
1389 660 1615 730 plebem
1651 661 1772 730 Dei,

38 738 239 792 malle
292 756 352 794 se
396 756 463 794 ex
509 741 908 797 collationibus
957 745 1138 815 magis
1186 747 1370 817 plebis
1412 749 1509 803 Dei
1567 749 1771 817 vivere,

36 842 243 896 quam
271 827 500 882 illarum
531 830 951 900 possessionum
975 851 1166 888 curam
1189 837 1274 889 vel
1296 836 1768 907 gubernationem

41 915 207 983 pati;
270 921 331 970 et
384 923 647 986 paratum
697 935 756 972 se
794 936 914 974 esse
961 921 1074 976 illis
1119 924 1334 990 cedere,
1378 930 1442 980 ut
1490 942 1557 980 eo
1602 926 1768 981 modo

35 1019 268 1058 omnes
304 1005 402 1060 Dei
447 1007 592 1060 servi
639 1012 696 1061 et
731 1008 978 1065 ministri
1008 1011 1281 1082 viverent,
1321 1030 1433 1086 quo
1471 1014 1529 1068 in
1571 1017 1768 1069 Vetere

35 1094 432 1148 Testamento
489 1095 759 1165 leguntur
808 1097 984 1167 (Deut.
1042 1116 1191 1166 xviu,
1250 1102 1322 1172 1),
1370 1103 1531 1157 altari
1580 1104 1768 1158 deser-

39 1182 289 1236 vientes
326 1182 397 1237 de
441 1184 642 1238 eodem
679 1188 1136 1259 comparticipari
1168 1189 1210 1244 ‘.
1243 1191 1350 1246 Sed
1381 1207 1678 1263 nunquam
1710 1192 1767 1246 id

43 1269 181 1323 laici
219 1271 520 1342 suscipere
559 1273 884 1331 voluerunt.

42 1448 297 1503 CAPUT
336 1451 513 1506 XXIV.
565 1482 629 1491 -ι
683 1453 745 1506 In
786 1468 845 1506 re
891 1453 1179 1509 domestica
1226 1457 1422 1526 quatis.
1473 1459 1682 1512 Donata
1719 1463 1768 1512 et

121 1537 326 1603 legata
355 1540 605 1594 Ecclesia
633 1556 879 1611 quaenam
907 1543 1234 1611 suscipiebat
1258 1549 1353 1598 aut
1381 1545 1681 1599 recusabat.
1715 1548 1763 1600 A

119 1642 324 1680 rerum
357 1629 732 1698 temporalium
755 1633 898 1685 curis
917 1631 1142 1686 liberum
1165 1648 1372 1703 semper
1396 1636 1636 1688 animum
1667 1635 1764 1688 ha-

117 1715 252 1769 bere
283 1717 516 1771 volebat.

121 1879 358 1932 Domus
421 1877 678 1934 Ecclesia:
736 1895 932 1934 curam
993 1895 1339 1951 omnemque
1389 1880 1764 1936 substantiam

42 1967 110 2019 ad
183 1965 350 2020 vices
397 1967 802 2022 valentioribus
854 1968 1071 2022 clericis
1125 1969 1423 2039 delegabat
1477 1973 1532 2024 et
1571 1969 1762 2024 crede-

47 2058 160 2110 bat.
200 2058 518 2129 Nunquam
548 2059 783 2121 clavem,
830 2073 1126 2128 nunquam
1171 2059 1449 2113 annulum
1480 2058 1540 2113 in
1589 2073 1764 2112 manu

47 2145 280 2199 habens
334 2163 346 2200 :
405 2145 502 2200 sed
547 2145 617 2200 ab
667 2146 880 2200 eisdem
936 2147 1141 2201 domus
1186 2147 1508 2218 praepositis
1563 2151 1765 2201 cuncta

47 2240 103 2286 et
133 2238 384 2304 accepta
432 2239 488 2288 et
532 2239 764 2305 erogata
806 2235 1153 2289 notabantur
1194 2251 1206 2289 :
1264 2251 1393 2307 qua:
1420 2251 1570 2290 anno
1608 2251 1762 2289 com-

49 2323 208 2391 pleto
253 2322 449 2376 eidem
507 2320 532 2355 ²
574 2322 982 2389 recitabantur,
1033 2340 1146 2395 quo
1204 2323 1442 2378 sciretur
1484 2329 1763 2396 quantum

50 2413 388 2479 acceptum,
418 2414 809 2480 quantumque
839 2409 1225 2480 dispensatum
1257 2410 1474 2476 fuisset,
1513 2412 1600 2465 vel
1627 2411 1763 2482 quid

50 2497 521 2567 dispensandum
556 2499 918 2552 remansisset
949 2503 996 2564 ³;
1039 2503 1095 2552 et
1121 2498 1181 2552 in
1211 2499 1404 2552 multis
1431 2499 1612 2553 titulis
1643 2516 1761 2553 ma-

53 2587 137 2657 gis
168 2587 340 2641 illius
375 2587 667 2659 praepositi
701 2587 903 2642 domus
930 2587 1103 2641 fidem
1132 2603 1398 2657 sequens,
1433 2604 1605 2659 quam
1633 2605 1762 2658 pro-

53 2678 253 2730 batum
276 2675 823 2747 manifestatumque
835 2691 1182 2746 cognoscens
1197 2676 1239 2729 ⁸.
1256 2677 1522 2740 Domum,
1537 2693 1760 2747 agrum,

51 2778 148 2814 seu
202 2761 411 2815 villam
449 2777 747 2832 nunquam
797 2777 985 2815 emere
1024 2762 1221 2816 voluit.
1270 2763 1482 2816 Verum
1534 2762 1577 2815 si
1620 2762 1763 2816 forte

57 2849 326 2903 Ecclesiae
351 2866 384 2903 a
409 2865 697 2920 quoquam
720 2854 919 2919 sponte
950 2850 1060 2903 tale
1081 2851 1296 2922 aliquid
1319 2851 1404 2904 vel
1435 2851 1760 2912 donaretur,

53 2939 136 2990 vel
168 2938 351 2992 titulo
384 2937 555 3007 legati
584 2936 987 3005 dimitteretur,
1018 2954 1132 2992 non
1161 2939 1483 3009 respuebat,
1518 2939 1612 2992 sed
1647 2955 1763 2990 sus-

54 3027 166 3097 cipi
204 3027 479 3097 jubebat.
529 3025 670 3080 Nam
701 3030 756 3079 et
795 3025 1014 3097 aliquas
1049 3041 1180 3080 eum
1217 3025 1579 3105 hier‘editates
1608 3042 1764 3078 recu-

56 3131 205 3168 sasse
259 3114 554 3179 novimus,
613 3129 726 3167 non
771 3112 903 3184 quia
951 3113 1297 3183 pauperibus
1356 3113 1585 3167 inutiles
1641 3129 1762 3166 esse

57 3208 313 3275 possent,
345 3203 444 3257 sed
475 3201 746 3274 quoniam
771 3203 992 3271 justum
1022 3206 1078 3255 et
1105 3217 1335 3273 aequum
1367 3218 1486 3255 esse
1515 3202 1759 3269 videbat,

58 3299 116 3346 ut
146 3310 179 3346 a
225 3296 600 3347 mortuorum
630 3291 713 3344 vel
744 3289 876 3344 filiis
908 3291 990 3343 vel
1026 3290 1353 3361 parentibus
1383 3291 1467 3344 vel
1497 3290 1764 3345 affinibus

59 3380 244 3451 magis
298 3378 753 3450 possiderentur,
787 3377 994 3448 quibus
1024 3395 1089 3431 ea
1121 3378 1448 3433 deficientes
1477 3377 1763 3433 dimittere

59 3472 398 3524 noluerunt.
427 3467 667 3532 Quidam
695 3465 866 3520 etiam
896 3483 963 3520 ex
993 3467 1285 3521 honoratis
1310 3467 1762 3537 Hipponensium

57 3559 207 3630 apud
256 3555 665 3626 Carthaginem
709 3553 900 3608 vivens
946 3555 1206 3610 Ecclesiae
1251 3556 1600 3627 Hipponensi
1632 3574 1761 3626 pos-

58 3647 377 3700 sessionem
425 3640 642 3699 donare
689 3643 888 3710 voluit,
939 3649 996 3698 et
1046 3645 1327 3699 confectas
1376 3645 1612 3709 tabulas,
1657 3646 1764 3700 sibi

59 3752 162 3790 usu
191 3735 393 3789 fructu
425 3737 666 3796 retento,
693 3733 841 3787 ultro
869 3731 1058 3788 eidem
1087 3738 1293 3787 sanctae
1325 3733 1616 3788 memorias
1649 3737 1761 3790 Au-

58 3825 295 3894 gustino
326 3822 485 3878 misit
517 3838 531 3876 :
563 3822 722 3892 cujus
755 3821 850 3876 ille
881 3821 1226 3877 oblationem
1260 3822 1502 3877 libenter
1529 3824 1761 3895 accepit,

62 3912 479 3984 congratularis
503 3910 554 3964 ei
575 3911 728 3981 quod
747 3915 976 3965 aeternas
999 3927 1116 3965 suae
1137 3927 1359 3965 memor
1379 3925 1524 3965 esset
1547 3913 1759 3966 salutis.

63 4001 274 4055 Verum
303 4004 436 4072 post
466 3999 683 4071 aliquot
711 4015 890 4053 annos
920 3998 1082 4053 nobis
1110 4000 1253 4054 forte
1283 4015 1412 4054 cum
1447 4001 1646 4055 eodem
1674 4017 1762 4054 co-

63 4089 250 4144 minus
294 4087 635 4150 constitutis,
663 4103 788 4142 ecce
819 4088 915 4142 ille
947 4089 1190 4142 donator
1218 4089 1429 4144 litteras
1458 4105 1561 4160 per
1597 4105 1763 4143 suum

63 4176 241 4231 ﬁlium
280 4175 538 4241 mittens,
570 4175 793 4242 rogavit
820 4175 1009 4229 utillaa
1032 4175 1406 4230 donationum
1429 4177 1637 4232 tabulae
1661 4194 1762 4232 suo

64 4265 444 4319 redderentur
474 4262 629 4331 ﬁlio;
674 4263 1022 4334 pauperibus
1054 4281 1184 4318 vero
1219 4265 1536 4334 erogandos
1567 4265 1766 4321 direxit

64 4354 272 4408 solidos
317 4359 551 4408 centum
588 4369 600 4407 :
657 4353 896 4424 quolille
926 4358 1149 4408 sanctus
1178 4355 1429 4425 cognito,
1462 4355 1760 4425 ingemuit,

66 4443 366 4498 hominem
397 4443 484 4496 vel
516 4440 746 4496 ﬁnxisse
778 4441 1163 4508 donationem,
1203 4443 1290 4496 vel
1321 4459 1453 4497 eum
1501 4442 1570 4497 de
1617 4443 1764 4497 bono

66 4547 234 4600 opere
289 4528 649 4600 pmnitnisse,
697 4533 752 4582 et
797 4533 1010 4601 quanta
1051 4529 1243 4601 potuit
1273 4531 1384 4584 Deo
1424 4534 1762 4601 suggerente

64 4619 212 4673 cordi
245 4619 374 4689 ejus
413 4633 545 4672 cum
575 4617 770 4672 dolore
810 4617 984 4672 animi
1016 4621 1036 4653 ⁸
1064 4635 1131 4672 ex
1156 4617 1354 4672 eadem
1386 4618 1764 4690 refragatione

66 4707 201 4761 dixit
257 4710 304 4773 ⁸,
337 4706 398 4760 in
428 4706 586 4761 illius
623 4707 834 4761 scilicet
870 4706 1322 4777 increpationem
1358 4711 1415 4761 et
1455 4707 1762 4762 correctio-

67 4812 189 4851 nem
227 4813 242 4850 :
280 4800 340 4850 et
357 4795 581 4852 tabulas
604 4812 745 4868 quas
774 4795 869 4851 ille
899 4799 1100 4868 sponte
1132 4795 1386 4864 miserat,
1419 4811 1522 4850 nec
1552 4795 1766 4850 deside-

68 4890 230 4952 ratas,
266 4900 377 4940 nec
413 4890 660 4954 exactas,
699 4884 996 4939 confestim
1039 4884 1307 4951 reddidit,
1349 4884 1766 4955 pecuniamque

68 4973 215 5028 illam
262 4972 520 5044 respuit;
564 4980 736 5044 atque
776 4973 1061 5045 rescriptis
1106 4972 1393 5039 eumdem,
1426 4973 1570 5027 sicut
1599 4989 1764 5043 opor-

69 5062 181 5128 tuit,
219 5066 283 5116 et
311 5060 499 5131 arguit
526 5065 581 5114 et
609 5061 907 5132 corripuit,
939 5061 1253 5115 admonens
1285 5065 1346 5114 ut
1365 5060 1434 5114 de
1466 5077 1566 5114 sua
1597 5059 1769 5113 simu-

129 5223 142 5254 ¹
175 5220 238 5268 In
272 5218 420 5273 Mss.,
442 5220 777 5281 compertiri.

124 5283 142 5316 2
171 5281 406 5337 Salinas,
433 5293 495 5328 ex
525 5280 616 5328 Cd.
656 5283 795 5338 1188,
822 5280 999 5343 eodem
1022 5281 1300 5343 prasente.
1363 5280 1432 5329 M.

129 5344 267 5414 3__Sic
299 5343 424 5391 Mss.
443 5343 593 5414 _Editi
619 5356 742 5391 vero
775 5342 914 5414 λγερ
945 5342 1202 5414 quigguitt
1223 5343 1662 5414 indispgtsatum,
1686 5342 1770 5394 vel

76 5403 547 5470 indispensandum
576 5407 923 5454 remamisaet.
951 5403 1011 5440 '—
1033 5403 1117 5454 Sic
1136 5404 1292 5454 etiam
1323 5403 1547 5464 salinas,
1573 5419 1636 5454 ex
1665 5419 1768 5454 uno

75 5468 153 5593 φὶ
178 5466 409 5587 sgittas.
426 5543 490 5578 ex
506 5528 716 5577 duobus
733 5528 825 5578 Cd.
841 5530 1006 5586 Quem
1023 5529 1316 5592 probatum
1328 5528 1769 5593 manifestumque

85 5590 321 5642 habebat.
369 5592 439 5641 Μ.
1025 5590 1039 5592 “

133 5661 150 5690 ά
185 5655 302 5704 Edit
335 5655 572 5711 fuerunt,
603 5651 908 5704 condalenti
931 5653 1127 5702 animo.

84 5719 154 5824 αξ
178 5717 412 5830 ,ῗαϋῖἷιμ
457 5730 518 5766 ex
562 5714 654 5763 Cd.
687 5715 810 5779 Reg.
854 5718 934 5764 511
991 5730 1002 5762 :
1043 5717 1114 5766 De
1140 5715 1326 5764 eadem
1357 5712 1770 5778 defraudatioue

113 5791 184 5827 uti
218 5816 228 5828 .
350 5815 362 5827 .

1480 357 1524 412 Α
1536 358 1813 415 UthOltE
1870 361 2202 417 POSSlDlO.
3511 373 3573 423 54

1884 485 2100 540 latione
2131 487 2218 540 vel
2245 485 2548 557 iniquitate
2579 502 2706 541 cum
2729 487 3081 558 poenitentiae
3120 488 3439 544 humilitate
3470 493 3583 546 Deo

1885 574 2258 644 satisfaceret,
2305 591 2376 630 ne
2421 591 2552 631 cum
2601 580 2717 631 tam
2779 577 2936 648 gravi
2995 577 3199 632 delicto
3255 578 3323 632 de
3379 581 3581 635 smculo

1885 662 2090 718 exiret.

1956 752 2332 822 Frequentius
2383 768 2612 823 quoque
2661 753 2904 818 dicebat,
2965 754 3148 824 magis
3213 755 3465 810 securius
3526 761 3582 812 et

1882 839 2060 892 tutius
2104 839 2404 894 Ecclesiam
2449 841 2636 910 legata
2677 857 2710 894 a
2747 841 3027 896 defunctis
3073 841 3347 897 ‘dimissa
3377 844 3582 899 debere

1883 927 2190 998 suscipere,
2241 945 2414 1000 quam
2471 929 2830 984 haaredilates
2876 931 3020 985 forte
3074 931 3338 986 sollicitas
3394 937 3450 986 et
3488 934 3582 988 da-

1885 1033 2144 1082 mnosas;
2191 1017 2427 1088 ipsaque
2468 1017 2658 1088 legata
2694 1018 2874 1090 magis
2915 1019 3205 1074 offerenda
3236 1037 3375 1085 esse,
3409 1037 3580 1092 quam

1881 1105 2176 1176 exigenda.
2225 1107 2632 1161 Commendata
2662 1123 2791 1161 vero
2822 1125 3064 1179 quaeque
3109 1109 3229 1179 ipse
3260 1126 3374 1164 non
3405 1110 3579 1164 susci-

1881 1193 2089 1264 piebat,
2114 1193 2210 1248 sed
2243 1195 2497 1250 volentes
2515 1195 2800 1266 suscipere
2820 1195 3053 1250 clericos
3078 1212 3192 1250 non
3221 1197 3576 1268 prohibebat.

1882 1282 1944 1334 ln
1985 1282 2054 1335 iis
2093 1299 2321 1354 quoque
2371 1299 2498 1354 quas
2549 1283 2788 1338 Ecclesia
2833 1285 3080 1338 habebat
3123 1289 3177 1338 et
3229 1285 3576 1356 possidebat,

1878 1369 2131 1424 intentus
2160 1386 2355 1425 amore
2401 1372 2487 1426 vel
2521 1371 2844 1443 implicatus
2887 1377 2909 1408 ²
2947 1389 3062 1426 non
3095 1378 3216 1428 erat
3266 1390 3278 1428 :
3330 1375 3423 1428 sed
3456 1391 3576 1429 ma-

1876 1457 2095 1529 joribus
2119 1459 2303 1530 magis
2335 1475 2397 1513 ac
2425 1457 2448 1494 δ
2475 1460 2866 1531 spiritualibus
2885 1477 3194 1532 suspensus
3217 1466 3270 1516 et
3293 1461 3578 1517 inhaerens

1879 1547 2066 1612 rebus,
2111 1548 2198 1602 vix
2241 1549 2549 1620 aliquando
2593 1565 2650 1603 se
2691 1549 2880 1620 ipsum
2918 1551 2987 1604 ad
3020 1550 3114 1603 illa
3143 1551 3478 1622 temporalia
3506 1551 3577 1605 ab

1877 1640 2226 1690 aeternorum
2267 1637 2609 1702 cogitatione
2649 1638 2938 1692 relaxabat
2967 1644 3023 1692 et
3055 1639 3394 1709 deponebat.
3437 1639 3575 1704 Qui-

1878 1723 1983 1777 bus
2013 1723 2108 1778 ille
2134 1725 2422 1796 dispositis
2452 1731 2506 1780 et
2534 1725 2832 1794 ordinatis,
2861 1730 3135 1797 tanquam
3168 1744 3197 1780 a
3228 1727 3398 1781 rebus
3425 1744 3573 1782 mor-

1877 1812 2109 1867 dacihus
2161 1830 2226 1867 ac
2275 1814 2546 1884 molestis,
2601 1815 2779 1868 animi
2834 1831 3126 1869 recursum
3175 1815 3245 1869 ad
3300 1815 3574 1870 interiora

1875 1902 2085 1956 mentis
2114 1907 2169 1956 et
2210 1903 2500 1974 superiora
2533 1903 2806 1969 faciebat;
2851 1919 2964 1974 quo
2991 1903 3079 1957 vel
3108 1903 3176 1957 de
3215 1903 3572 1958 inveniendis

1875 1989 2082 2044 divinis
2111 1992 2280 2046 rebus
2317 1992 2614 2061 cogitaret,
2666 1993 2754 2046 vel
2801 1991 2870 2063 d_e
2915 2007 3038 2062 Jam
3085 1991 3329 2046 inventis
3359 1993 3573 2065 aliquid

1876 2078 2136 2147 dictaret,
2188 2084 2287 2134 aut
2333 2086 2483 2135 certe
2514 2096 2578 2133 ex
2607 2080 2728 2151 jam
2758 2079 2978 2134 dictatis
3016 2084 3188 2152 atque
3217 2082 3572 2152 transcriptis

1875 2167 2088 2239 aliquid
2120 2168 2450 2222 emendaret
2500 2170 2564 2223 Et
2583 2168 2640 2223 id
2678 2168 2879 2239 agebat
2907 2169 2968 2223 in
2997 2169 3086 2224 die
3115 2170 3399 2234 laborans,
3428 2175 3484 2224 et
3513 2170 3574 2224 in

1874 2260 2039 2308 nocte
2079 2256 2413 2310 lucubrans.
2455 2257 2520 2311 Et.
2573 2261 2694 2311 erat
2717 2261 2991 2327 tanquam
3023 2257 3120 2312 illa
3147 2257 3574 2329 religiosissima

1877 2342 2052 2396 Maria
2083 2348 2282 2414 typum
2314 2349 2540 2415 gestans
2580 2361 2842 2416 supernae
2880 2346 3159 2413 Ecclesia},
3191 2346 3260 2400 de
3293 2362 3403 2418 qua
3434 2345 3574 2401 scri-

1873 2436 2036 2502 ptum
2062 2437 2165 2495 est,
2190 2434 2342 2504 quod
2367 2434 2585 2487 sederet
2609 2434 2677 2488 ad
2707 2434 2879 2504 pedes
2911 2433 3132 2488 Domini
3165 2438 3333 2505 atque
3357 2434 3574 2489 intenta

1876 2521 1998 2590 ejus
2041 2522 2278 2575 verbum
2318 2521 2536 2575 audiret
2568 2539 2580 2576 :
2615 2521 2683 2576 de
2725 2539 2838 2594 qua
2868 2539 3028 2576 soror
3055 2527 3386 2593 conquesta,
3421 2525 3571 2594 quod

1875 2609 1946 2662 ah
1967 2609 2164 2662 eadem
2193 2609 2340 2662 circa
2363 2610 2608 2664 multum
2632 2610 3027 2664 minesterium
3049 2616 3320 2682 occupata
3343 2627 3457 2665 non
3479 2612 3574 2666 ad-

1868 2697 2184 2767 juvaretur,
2217 2697 2432 2752 audivit
2473 2717 2484 2752 :
2520 2700 2761 2769 Martha,
2797 2702 3034 2766 Martha,
3064 2703 3333 2756 meliorem
3360 2708 3572 2773 partem

1874 2783 2033 2849 elegit
2072 2787 2273 2851 Maria,
2306 2801 2424 2853 quaD
2448 2801 2552 2839 non
2587 2790 2868 2853 auferetur
2895 2789 2962 2841 ab
2991 2805 3052 2842 ea
3083 2789 3230 2859 (Luc.
3261 2806 3315 2856 x,
3339 2790 3563 2858 39-41).

1879 2873 2015 2925 Nam
2049 2872 2390 2926 fabricarum
2430 2890 2706 2928 novarum
2740 2891 3037 2946 nunquam
3067 2877 3321 2930 studium
3349 2877 3566 2940 habuit,

1873 2959 2129 3013 devitans
2158 2961 2213 3014 in
2245 2962 2327 3014 eis
2355 2961 2799 3033 implicationem
2823 2963 2910 3017 sui
2930 2964 3130 3030 animi,
3153 2979 3325 3036 quem
3347 2981 3573 3034 semper

1873 3047 2121 3103 liberum
2153 3051 2360 3103 habere
2391 3051 2615 3105 volebat
2644 3052 2714 3106 ab
2745 3052 2902 3105 omni
2932 3053 3194 3106 molestia
3219 3052 3519 3122 temporali
3552 3069 3565 3105 :

1873 3154 1987 3191 non
2015 3143 2207 3193 tamen
2248 3139 2343 3193 illa
2388 3141 2641 3194 volentes
2702 3145 2759 3196 et.
2788 3142 3133 3196 aediﬁcantes
3190 3142 3562 3212 prohibebat,

1875 3226 1984 3280 nisi
2026 3232 2250 3281 tantum
2280 3228 2704 3284 immoderatos.
2753 3231 2976 3285 Interea
3011 3231 3147 3285 dum
3183 3231 3438 3286 Ecclesiae
3467 3248 3565 3303 pe-

1875 3315 2044 3369 cunia
2073 3316 2359 3384 deﬁceret,
2393 3318 2499 3372 hoc
2541 3318 2727 3389 ipsum
2758 3320 2972 3390 populo
3008 3320 3314 3374 christiano
3351 3321 3569 3376 denun-

1875 3405 2073 3470 tiabat,
2123 3421 2240 3458 non
2288 3423 2344 3460 se
2390 3407 2600 3462 habere
2649 3408 2802 3478 quod
2845 3407 3232 3480 indigentibus
3287 3413 3567 3481 erogaret.

1878 3494 2019 3547 Nam
2049 3500 2105 3547 et
2135 3495 2204 3549 de
2236 3495 2380 3548 vasis
2409 3495 2729 3562 dominicis,
2773 3502 3007 3567 propter
3036 3497 3283 3567 captivos
3313 3502 3368 3551 et
3397 3514 3569 3569 quam

1876 3581 2157 3651 plurimos
2186 3583 2508 3655 indigentes
2541 3583 2583 3649 ⁸,
2632 3585 2816 3656 frangi
2859 3591 2914 3638 et
2959 3587 3198 3640 conflari
3226 3586 3484 3656 jubebat.
3517 3591 3572 3641 et

1877 3670 2264 3742 indigentibus
2303 3673 2636 3744 dispensari.
2681 3674 2838 3738 Quod
2868 3690 2981 3727 non
3015 3690 3568 3741 commemorassem,

1875 3759 1982 3812 nisi
2013 3765 2208 3813 contra
2244 3762 2528 3814 carnalem
2561 3777 2788 3815 sensum
2820 3763 3200 3832 quorumdam
3228 3761 3352 3817 fieri
3378 3762 3562 3834 pervi-

1874 3849 2086 3901 derem.
2152 3850 2214 3902 Et
2267 3849 2374 3902 hoc
2421 3849 2605 3920 ipsum
2665 3849 2834 3903 etiam
2887 3850 3222 3905 venerabilis
3275 3852 3567 3905 memoriae

1875 3936 2205 3990 Ambrosius
2232 3936 2292 3990 in
2318 3937 2525 3991 talibus
2554 3937 2985 3991 necessitatibus
3023 3938 3412 3992 indubitanter
3447 3955 3567 3992 esse

1875 4025 2220 4090 faciendum,
2253 4030 2309 4079 et
2337 4025 2493 4086 dixit,
2526 4031 2584 4080 et
2613 4025 2837 4096 scripsit
2869 4027 3046 4096 (Ofﬁc.
3083 4027 3170 4080 lib.
3207 4030 3263 4094 2,
3289 4043 3410 4097 cap.
3445 4030 3557 4096 18).

1874 4113 1983 4168 Sed
2015 4118 2069 4166 et
2109 4115 2177 4167 de
2209 4115 2467 4184 neglecto
2499 4132 2530 4168 a
2559 4115 2823 4169 ﬁdelibus
2853 4115 3256 4185 gazopliylacio
3292 4120 3347 4168 et
3384 4131 3567 4169 secre-

1874 4203 2042 4267 tario,
2076 4203 2228 4258 unde
2259 4204 2419 4258 altari
2453 4204 2768 4258 necessaria
2795 4203 3141 4268 inferuntur,
3171 4205 3477 4276 aliquando
3509 4205 3568 4259 in

1877 4293 2108 4347 ecclesia
2131 4293 2366 4364 loquens
2396 4293 2742 4348 admonebat
2773 4309 2785 4347 :
2811 4293 2961 4364 quod
2989 4293 3156 4348 etiam
3179 4293 3568 4348 beatissimum

1875 4379 2238 4434 Ambrosium
2273 4397 2329 4434 se
2357 4387 2638 4451 praesente
2682 4383 2742 4435 in
2772 4382 3004 4437 ecclesia
3031 4383 3374 4448 tractavisse,
3408 4381 3570 4436 nobis

1876 4467 2183 4538 aliquando
2215 4471 2507 4526 retulerat.

1877 4611 2102 4666 CAPUT
2141 4614 2292 4668 XXV.
2326 4645 2393 4653 —
2433 4616 2735 4685 Disciplina
2760 4614 3068 4668 domestica.
3100 4615 3264 4668 Pama
3287 4614 3561 4682 jurantis.

1947 4735 2088 4790 Cum
2151 4735 2274 4804 ipso
2331 4751 2556 4806 semper
2605 4735 2828 4801 clerici,
2875 4753 2993 4790 una
3055 4737 3227 4791 etiam
3283 4737 3454 4792 domo
3510 4755 3573 4793 ac

1878 4839 2076 4877 mensa
2116 4825 2550 4896 sumptibusque
2595 4826 2996 4880 communibus
3040 4826 3340 4880 alebantur
3385 4831 3442 4882 et
3484 4844 3573 4882 ve-

1878 4910 2218 4966 stiebantur.
2272 4913 2336 4966 Et
2383 4927 2473 4966 ne-
2511 4911 2815 4984 quisquam
2868 4912 3018 4967 facili
3061 4913 3351 4984 juratione
3399 4914 3572 4969 etiam

1879 5000 1948 5054 ad
1977 4999 2295 5069 perjurium
2335 4999 2652 5068 decidisset,
2686 5005 2742 5055 et
2770 5001 2828 5054 in
2860 5001 3089 5056 ecclesia
3119 5003 3329 5074 populo
3355 5003 3572 5074 pradi-

1879 5088 2064 5148 cabat,
2115 5093 2172 5142 et
2219 5105 2350 5143 suos
2393 5087 2734 5156 instituerat,
2784 5107 2852 5144 ne
2900 5090 3029 5162 quis
3056 5090 3279 5161 juraret
3307 5089 3350 5158 ⁵,
3394 5107 3465 5146 ne
3503 5091 3571 5145 ad

1942 5223 1956 5255 ι
1988 5217 2244 5288 salinas;
2263 5222 2330 5288 ln_
2352 5220 2530 5288 codice
2559 5219 2730 5288 rVatic.
2761 5222 2898 5288 11111)Δ
2910 5220 3075 5288 deest,
3087 5218 3442 5288 nae/unctis.
3477 5215 3568 5288 Cd.

1881 5282 2006 5342 Reg.
2032 5284 2115 5356 54}
2152 5282 2218 5330 sit
2233 5283 2358 5356 legit
2376 5301 2388 5332 :
2405 5285 2598 5356 [:egqto
2623 5287 2782 5356 antea
2800 5281 3048 5356 defuncti
3063 5281 3248 5356 debere
3267 5281 3572 5356 suscipere‘,

1881 5341 2044 5407 quam
2076 5341 2396 5395 [hereditates
2414 5341 2553 5408 forte
2581 5345 2844 5395 sollicitas
2865 5341 2925 5395 ἐι
2952 5346 3332 5394 dcminorataa.
3398 5341 3466 5389 M.

1941 5407 1962 5440 ²
1995 5407 2085 5455 llic
2115 5407 2168 5455 in
2199 5407 2352 5456 editis
2382 5407 2594 5456 additur
2620 5405 2937 5469 cupiditate;
2968 5407 3058 5456 sed
3092 5405 3238 5454 adest
3267 5418 3297 5452 a
3323 5403 3446 5452 Mss.

1943 5469 2415 5535 {ibiditiomittunt
2440 5481 2548 5535 ςισ.Δ
2720 5533 2727 5535 _
2789 5530 2822 5535 __
2934 5534 2938 5535 ί
3037 5527 3076 5535 Η
3280 5525 3331 5535 m
3403 5526 3413 5535 _

1943 5532 1962 5564 ⁴
1995 5531 2107 5579 Duo
2129 5532 2173 5580 M
2182 5545 2256 5580 ss.
2283 5546 2294 5578 :
2312 5531 2354 5579 Ε
2360 5535 2380 5580 ι
2398 5531 2690 5593 ριωὶιηωη
2711 5530 3015 5593 indigentes.
3037 5527 3179 5593 Unus
3195 5539 3260 5593 ex
3280 5525 3574 5578 Floriacen-

1881 5590 2028 5663 sibus
2051 5611 2070 5663 .:
2096 5596 2299 5663 {vam‘et
2320 5589 2459 5663 ναρᾳ
2472 5592 2744 5663 dominica
2757 5589 2914 5663 quam
2928 5590 3166 5663 plurima
3175 5589 3369 5663 frangi
3384 5594 3576 5663 eteo]!-

1880 5653 2010 5717 ﬂari
2029 5654 2264 5715 jubebat.
2295 5680 2354 5690 —
2385 5655 2470 5704 Sic
2497 5656 2654 5703 etiam
2685 5650 2907 5710 Salinas,
2929 5650 2993 5717 ex
3029 5650 3574 5717 ‘CdLYaticIQlQLM.

1945 5719 1969 5779 ξ
2001 5711 2227 5773 Salinas.
2289 5731 2351 5766 ex
2384 5717 2477 5766 Cd.
2498 5717 2714 5779 Reg.551
2751 5731 2763 5764 ε
2790 5717 2857 5765 Et
2883 5715 2993 5763 suis
3019 5711 3318 5765 instituebat
3337 5713 3491 5766 dictis
3508 5727 3576 5766 nc

1878 5778 2001 5842 quis
2016 5780 2245 5840 juraret.
2312 5779 2378 5828 M.
