  <div class='ocr_page' id='page_1' title='image "/cluster/home/n/w/nwhite01/storage/ocr_20150623/32/umn.31951002477326y/039.png"; bbox 0 0 4020 6350; ppageno 0'>
   <div class='ocr_carea' id='block_1_1' title="bbox 372 281 3894 385">
    <p class='ocr_par' dir='ltr' id='par_1_1' title="bbox 372 281 3894 385">
     <span class='ocr_line' id='line_1_1' title="bbox 372 281 3894 385; baseline -0.002 -7"><span class='ocrx_word' id='word_1_1' title='bbox 372 328 438 380; x_wconf 75' lang='lat'><strong>55</strong></span> <span class='ocrx_word' id='word_1_2' title='bbox 799 281 802 284; x_wconf 6' lang='lat' dir='ltr'><strong>i</strong></span> <span class='ocrx_word' id='word_1_3' title='bbox 1572 322 1741 377; x_wconf 78' lang='lat' dir='ltr'><strong>VITA</strong></span> <span class='ocrx_word' id='word_1_4' title='bbox 1794 305 2276 378; x_wconf 31' lang='lat' dir='ltr'><strong>SCAUGUSTINI</strong></span> <span class='ocrx_word' id='word_1_5' title='bbox 2335 321 2680 385; x_wconf 73' lang='lat' dir='ltr'><strong>EPISUOPI,</strong></span> <span class='ocrx_word' id='word_1_6' title='bbox 3034 300 3036 302; x_wconf 74' lang='grc'>’</span> <span class='ocrx_word' id='word_1_7' title='bbox 3823 323 3894 371; x_wconf 69' lang='lat' dir='ltr'><strong>se</strong></span> 
     </span>
    </p>
   </div>
   <div class='ocr_carea' id='block_1_2' title="bbox 369 441 3897 517">
    <p class='ocr_par' dir='ltr' id='par_1_2' title="bbox 369 441 3897 517">
     <span class='ocr_line' id='line_1_2' title="bbox 369 441 3897 517; baseline -0.002 -15"><span class='ocrx_word' id='word_1_8' title='bbox 369 462 626 502; x_wconf 85' lang='lat' dir='ltr'><strong>mensam</strong></span> <span class='ocrx_word' id='word_1_9' title='bbox 667 448 687 485; x_wconf 79' lang='grc' dir='ltr'>ί</span> <span class='ocrx_word' id='word_1_10' title='bbox 715 445 973 517; x_wconf 85' lang='lat' dir='ltr'><strong>quidem.</strong></span> <span class='ocrx_word' id='word_1_11' title='bbox 1009 445 1172 511; x_wconf 88' lang='lat' dir='ltr'><strong>Quod</strong></span> <span class='ocrx_word' id='word_1_12' title='bbox 1199 446 1244 500; x_wconf 91' lang='lat' dir='ltr'><strong>si</strong></span> <span class='ocrx_word' id='word_1_13' title='bbox 1269 447 1566 517; x_wconf 87' lang='lat' dir='ltr'><strong>prolapsus</strong></span> <span class='ocrx_word' id='word_1_14' title='bbox 1594 445 1793 500; x_wconf 82' lang='lat' dir='ltr'><strong>fuisset</strong></span> <span class='ocrx_word' id='word_1_15' title='bbox 1818 449 1858 511; x_wconf 77' lang='grc'><strong>³,</strong></span> <span class='ocrx_word' id='word_1_16' title='bbox 1891 461 2068 501; x_wconf 89' lang='lat' dir='ltr'><strong>unam</strong></span> <span class='ocrx_word' id='word_1_17' title='bbox 2175 444 2403 501; x_wconf 81' lang='lat' dir='ltr'><strong>CAPUT</strong></span> <span class='ocrx_word' id='word_1_18' title='bbox 2440 444 2645 498; x_wconf 84' lang='lat' dir='ltr'><strong>XXVII.</strong></span> <span class='ocrx_word' id='word_1_19' title='bbox 2678 470 2748 484; x_wconf 94' lang='lat'><strong>—</strong></span> <span class='ocrx_word' id='word_1_20' title='bbox 2777 443 3031 510; x_wconf 77' lang='lat' dir='ltr'><strong>Ofﬁcium</strong></span> <span class='ocrx_word' id='word_1_21' title='bbox 3058 456 3187 510; x_wconf 84' lang='lat' dir='ltr'><strong>erga</strong></span> <span class='ocrx_word' id='word_1_22' title='bbox 3221 441 3506 496; x_wconf 85' lang='lat' dir='ltr'><strong>destitutos</strong></span> <span class='ocrx_word' id='word_1_23' title='bbox 3535 445 3585 496; x_wconf 89' lang='lat' dir='ltr'><strong>et</strong></span> <span class='ocrx_word' id='word_1_24' title='bbox 3614 446 3897 510; x_wconf 63' lang='lat' dir='ltr'><strong>egrotan-</strong></span> 
     </span>
    </p>
   </div>
   <div class='ocr_carea' id='block_1_3' title="bbox 368 534 2070 606">
    <p class='ocr_par' dir='ltr' id='par_1_3' title="bbox 368 534 2070 606">
     <span class='ocr_line' id='line_1_3' title="bbox 368 534 2070 606; baseline -0.002 -16"><span class='ocrx_word' id='word_1_25' title='bbox 368 537 437 591; x_wconf 91' lang='lat' dir='ltr'><strong>de</strong></span> <span class='ocrx_word' id='word_1_26' title='bbox 466 535 692 590; x_wconf 78' lang='lat' dir='ltr'><strong>statutis</strong></span> <span class='ocrx_word' id='word_1_27' title='bbox 737 535 1014 606; x_wconf 83' lang='lat' dir='ltr'><strong>perdebat</strong></span> <span class='ocrx_word' id='word_1_28' title='bbox 1051 535 1343 605; x_wconf 90' lang='lat' dir='ltr'><strong>potionem</strong></span> <span class='ocrx_word' id='word_1_29' title='bbox 1395 551 1409 589; x_wconf 90' lang='lat'><strong>:</strong></span> <span class='ocrx_word' id='word_1_30' title='bbox 1458 550 1732 589; x_wconf 89' lang='lat' dir='ltr'><strong>numerus</strong></span> <span class='ocrx_word' id='word_1_31' title='bbox 1762 534 1918 588; x_wconf 89' lang='lat' dir='ltr'><strong>enim</strong></span> <span class='ocrx_word' id='word_1_32' title='bbox 1949 537 2070 588; x_wconf 87' lang='lat' dir='ltr'><strong>erat</strong></span> 
     </span>
    </p>
   </div>
   <div class='ocr_carea' id='block_1_4' title="bbox 370 624 2070 694">
    <p class='ocr_par' dir='ltr' id='par_1_4' title="bbox 370 624 2070 694">
     <span class='ocr_line' id='line_1_4' title="bbox 370 624 2070 694; baseline -0.002 -15"><span class='ocrx_word' id='word_1_33' title='bbox 370 624 488 680; x_wconf 83' lang='lat' dir='ltr'><strong>suis</strong></span> <span class='ocrx_word' id='word_1_34' title='bbox 523 641 716 679; x_wconf 88' lang='lat' dir='ltr'>secum</span> <span class='ocrx_word' id='word_1_35' title='bbox 764 624 1251 678; x_wconf 89' lang='lat' dir='ltr'><strong>commorantibus</strong></span> <span class='ocrx_word' id='word_1_36' title='bbox 1280 628 1336 677; x_wconf 88' lang='lat' dir='ltr'><strong>et</strong></span> <span class='ocrx_word' id='word_1_37' title='bbox 1377 624 1810 678; x_wconf 89' lang='lat' dir='ltr'><strong>convivantibus</strong></span> <span class='ocrx_word' id='word_1_38' title='bbox 1840 624 2070 694; x_wconf 85' lang='lat' dir='ltr'><strong>poculo--</strong></span> 
     </span>
    </p>
   </div>
   <div class='ocr_carea' id='block_1_5' title="bbox 370 711 2071 784">
    <p class='ocr_par' dir='ltr' id='par_1_5' title="bbox 370 711 2071 784">
     <span class='ocr_line' id='line_1_5' title="bbox 370 711 2071 784; baseline -0.002 -16"><span class='ocrx_word' id='word_1_39' title='bbox 370 729 501 768; x_wconf 90' lang='lat' dir='ltr'><strong>rum</strong></span> <span class='ocrx_word' id='word_1_40' title='bbox 529 713 816 784; x_wconf 76' lang='lat' dir='ltr'><strong>praefixas.</strong></span> <span class='ocrx_word' id='word_1_41' title='bbox 846 711 1399 783; x_wconf 88' lang='lat' dir='ltr'><strong>Indisciplinationes</strong></span> <span class='ocrx_word' id='word_1_42' title='bbox 1428 729 1660 784; x_wconf 92' lang='lat' dir='ltr'><strong>quoque</strong></span> <span class='ocrx_word' id='word_1_43' title='bbox 1687 717 1743 766; x_wconf 90' lang='lat' dir='ltr'><strong>et</strong></span> <span class='ocrx_word' id='word_1_44' title='bbox 1762 717 2071 783; x_wconf 87' lang='lat' dir='ltr'><strong>transgres-</strong></span> 
     </span>
    </p>
   </div>
   <div class='ocr_carea' id='block_1_6' title="bbox 373 801 2070 873">
    <p class='ocr_par' dir='ltr' id='par_1_6' title="bbox 373 801 2070 873">
     <span class='ocr_line' id='line_1_6' title="bbox 373 801 2070 873; baseline -0.001 -17"><span class='ocrx_word' id='word_1_45' title='bbox 373 802 560 856; x_wconf 70' lang='lat' dir='ltr'><strong>siones</strong></span> <span class='ocrx_word' id='word_1_46' title='bbox 587 818 825 857; x_wconf 88' lang='lat' dir='ltr'><strong>suorum</strong></span> <span class='ocrx_word' id='word_1_47' title='bbox 855 818 886 856; x_wconf 90' lang='lat' dir='ltr'><strong>a</strong></span> <span class='ocrx_word' id='word_1_48' title='bbox 907 803 1106 872; x_wconf 90' lang='lat' dir='ltr'><strong>regula</strong></span> <span class='ocrx_word' id='word_1_49' title='bbox 1126 806 1281 856; x_wconf 89' lang='lat' dir='ltr'><strong>recta</strong></span> <span class='ocrx_word' id='word_1_50' title='bbox 1297 807 1354 856; x_wconf 90' lang='lat' dir='ltr'><strong>et</strong></span> <span class='ocrx_word' id='word_1_51' title='bbox 1372 802 1670 857; x_wconf 77' lang='lat' dir='ltr'><strong>honestate</strong></span> <span class='ocrx_word' id='word_1_52' title='bbox 1700 805 1740 868; x_wconf 85' lang='grc'><strong>³,</strong></span> <span class='ocrx_word' id='word_1_53' title='bbox 1774 801 2070 873; x_wconf 82' lang='lat' dir='ltr'><strong>arguebat,</strong></span> 
     </span>
    </p>
   </div>
   <div class='ocr_carea' id='block_1_7' title="bbox 374 890 2074 962">
    <p class='ocr_par' dir='ltr' id='par_1_7' title="bbox 374 890 2074 962">
     <span class='ocr_line' id='line_1_7' title="bbox 374 890 2074 962; baseline -0.002 -16"><span class='ocrx_word' id='word_1_54' title='bbox 374 895 432 946; x_wconf 89' lang='lat' dir='ltr'><strong>et</strong></span> <span class='ocrx_word' id='word_1_55' title='bbox 452 892 733 946; x_wconf 82' lang='lat' dir='ltr'><strong>tolerabat</strong></span> <span class='ocrx_word' id='word_1_56' title='bbox 757 896 1038 962; x_wconf 91' lang='lat' dir='ltr'><strong>quantum</strong></span> <span class='ocrx_word' id='word_1_57' title='bbox 1058 890 1294 946; x_wconf 85' lang='lat' dir='ltr'><strong>decebat</strong></span> <span class='ocrx_word' id='word_1_58' title='bbox 1312 895 1369 945; x_wconf 91' lang='lat' dir='ltr'><strong>et</strong></span> <span class='ocrx_word' id='word_1_59' title='bbox 1395 891 1696 962; x_wconf 84' lang='lat' dir='ltr'><strong>oportebat</strong></span> <span class='ocrx_word' id='word_1_60' title='bbox 1731 907 1744 946; x_wconf 88' lang='lat'><strong>:</strong></span> <span class='ocrx_word' id='word_1_61' title='bbox 1779 891 1840 945; x_wconf 91' lang='lat' dir='ltr'><strong>in</strong></span> <span class='ocrx_word' id='word_1_62' title='bbox 1866 890 2074 945; x_wconf 76' lang='lat' dir='ltr'><strong>talibus</strong></span> 
     </span>
    </p>
   </div>
   <div class='ocr_carea' id='block_1_8' title="bbox 373 979 2075 1052">
    <p class='ocr_par' dir='ltr' id='par_1_8' title="bbox 373 979 2075 1052">
     <span class='ocr_line' id='line_1_8' title="bbox 373 979 2075 1052; baseline -0.001 -18"><span class='ocrx_word' id='word_1_63' title='bbox 373 980 661 1052; x_wconf 64' lang='lat' dir='ltr'><strong>praecipue</strong></span> <span class='ocrx_word' id='word_1_64' title='bbox 697 981 926 1045; x_wconf 86' lang='lat' dir='ltr'><strong>docens,</strong></span> <span class='ocrx_word' id='word_1_65' title='bbox 958 995 1030 1033; x_wconf 93' lang='lat' dir='ltr'><strong>ne</strong></span> <span class='ocrx_word' id='word_1_66' title='bbox 1073 981 1414 1051; x_wconf 85' lang='lat' dir='ltr'><strong>cujusquam</strong></span> <span class='ocrx_word' id='word_1_67' title='bbox 1454 997 1552 1034; x_wconf 91' lang='lat' dir='ltr'><strong>cor</strong></span> <span class='ocrx_word' id='word_1_68' title='bbox 1593 979 1975 1035; x_wconf 90' lang='lat' dir='ltr'><strong>declinaretur</strong></span> <span class='ocrx_word' id='word_1_69' title='bbox 2015 980 2075 1033; x_wconf 92' lang='lat' dir='ltr'><strong>in</strong></span> 
     </span>
    </p>
   </div>
   <div class='ocr_carea' id='block_1_9' title="bbox 373 1067 2076 1141">
    <p class='ocr_par' dir='ltr' id='par_1_9' title="bbox 373 1067 2076 1141">
     <span class='ocr_line' id='line_1_9' title="bbox 373 1067 2076 1141; baseline -0.002 -18"><span class='ocrx_word' id='word_1_70' title='bbox 373 1071 548 1124; x_wconf 90' lang='lat' dir='ltr'><strong>verba</strong></span> <span class='ocrx_word' id='word_1_71' title='bbox 577 1070 828 1141; x_wconf 85' lang='lat' dir='ltr'><strong>maligna</strong></span> <span class='ocrx_word' id='word_1_72' title='bbox 851 1069 920 1123; x_wconf 89' lang='lat' dir='ltr'><strong>ad</strong></span> <span class='ocrx_word' id='word_1_73' title='bbox 949 1069 1297 1123; x_wconf 82' lang='lat' dir='ltr'><strong>excusandas</strong></span> <span class='ocrx_word' id='word_1_74' title='bbox 1327 1069 1713 1123; x_wconf 80' lang='lat' dir='ltr'><strong>excusationes</strong></span> <span class='ocrx_word' id='word_1_75' title='bbox 1740 1069 1801 1122; x_wconf 92' lang='lat' dir='ltr'><strong>in</strong></span> <span class='ocrx_word' id='word_1_76' title='bbox 1828 1067 2076 1139; x_wconf 80' lang='lat' dir='ltr'><strong>peccatis</strong></span> 
     </span>
    </p>
   </div>
   <div class='ocr_carea' id='block_1_10' title="bbox 377 1157 2076 1230">
    <p class='ocr_par' dir='ltr' id='par_1_10' title="bbox 377 1157 2076 1230">
     <span class='ocr_line' id='line_1_10' title="bbox 377 1157 2076 1230; baseline -0.002 -17"><span class='ocrx_word' id='word_1_77' title='bbox 377 1157 544 1230; x_wconf 84' lang='lat' dir='ltr'><strong>(Psal.</strong></span> <span class='ocrx_word' id='word_1_78' title='bbox 585 1175 704 1224; x_wconf 81' lang='lat' dir='ltr'><strong>ch,</strong></span> <span class='ocrx_word' id='word_1_79' title='bbox 744 1159 820 1230; x_wconf 78' lang='grc'><strong>4).</strong></span> <span class='ocrx_word' id='word_1_80' title='bbox 867 1162 924 1212; x_wconf 91' lang='lat' dir='ltr'><strong>et</strong></span> <span class='ocrx_word' id='word_1_81' title='bbox 953 1157 1091 1212; x_wconf 90' lang='lat' dir='ltr'><strong>dum</strong></span> <span class='ocrx_word' id='word_1_82' title='bbox 1122 1158 1365 1229; x_wconf 86' lang='lat' dir='ltr'><strong>quisque</strong></span> <span class='ocrx_word' id='word_1_83' title='bbox 1395 1158 1630 1212; x_wconf 75' lang='lat' dir='ltr'><strong>offerret</strong></span> <span class='ocrx_word' id='word_1_84' title='bbox 1659 1173 1868 1212; x_wconf 89' lang='lat' dir='ltr'><strong>munus</strong></span> <span class='ocrx_word' id='word_1_85' title='bbox 1907 1171 2076 1210; x_wconf 91' lang='lat' dir='ltr'><strong>suum</strong></span> 
     </span>
    </p>
   </div>
   <div class='ocr_carea' id='block_1_11' title="bbox 377 1246 2078 1318">
    <p class='ocr_par' dir='ltr' id='par_1_11' title="bbox 377 1246 2078 1318">
     <span class='ocr_line' id='line_1_11' title="bbox 377 1246 2078 1318; baseline -0.002 -16"><span class='ocrx_word' id='word_1_86' title='bbox 377 1248 446 1303; x_wconf 90' lang='lat' dir='ltr'><strong>ad</strong></span> <span class='ocrx_word' id='word_1_87' title='bbox 480 1248 678 1314; x_wconf 83' lang='lat' dir='ltr'><strong>altare,</strong></span> <span class='ocrx_word' id='word_1_88' title='bbox 710 1252 767 1301; x_wconf 92' lang='lat' dir='ltr'><strong>et</strong></span> <span class='ocrx_word' id='word_1_89' title='bbox 794 1247 911 1301; x_wconf 93' lang='lat' dir='ltr'><strong>illic</strong></span> <span class='ocrx_word' id='word_1_90' title='bbox 949 1247 1277 1301; x_wconf 83' lang='lat' dir='ltr'><strong>recordatus</strong></span> <span class='ocrx_word' id='word_1_91' title='bbox 1317 1246 1518 1301; x_wconf 87' lang='lat' dir='ltr'><strong>fuisset</strong></span> <span class='ocrx_word' id='word_1_92' title='bbox 1544 1247 1700 1318; x_wconf 90' lang='lat' dir='ltr'><strong>quod</strong></span> <span class='ocrx_word' id='word_1_93' title='bbox 1731 1246 1907 1300; x_wconf 83' lang='lat' dir='ltr'><strong>frater</strong></span> <span class='ocrx_word' id='word_1_94' title='bbox 1942 1262 2078 1300; x_wconf 88' lang='lat' dir='ltr'><strong>suus</strong></span> 
     </span>
    </p>
   </div>
   <div class='ocr_carea' id='block_1_12' title="bbox 377 1335 2078 1407">
    <p class='ocr_par' dir='ltr' id='par_1_12' title="bbox 377 1335 2078 1407">
     <span class='ocr_line' id='line_1_12' title="bbox 377 1335 2078 1407; baseline -0.002 -16"><span class='ocrx_word' id='word_1_95' title='bbox 377 1337 614 1391; x_wconf 87' lang='lat' dir='ltr'><strong>haberet</strong></span> <span class='ocrx_word' id='word_1_96' title='bbox 653 1335 870 1407; x_wconf 89' lang='lat' dir='ltr'><strong>aliquid</strong></span> <span class='ocrx_word' id='word_1_97' title='bbox 917 1336 1185 1390; x_wconf 89' lang='lat' dir='ltr'><strong>adversus</strong></span> <span class='ocrx_word' id='word_1_98' title='bbox 1230 1335 1413 1401; x_wconf 91' lang='lat' dir='ltr'><strong>illum,</strong></span> <span class='ocrx_word' id='word_1_99' title='bbox 1463 1335 1912 1406; x_wconf 88' lang='lat' dir='ltr'><strong>relinquendum</strong></span> <span class='ocrx_word' id='word_1_100' title='bbox 1957 1351 2078 1388; x_wconf 91' lang='lat' dir='ltr'><strong>esse</strong></span> 
     </span>
    </p>
   </div>
   <div class='ocr_carea' id='block_1_13' title="bbox 381 1421 2077 1494">
    <p class='ocr_par' dir='ltr' id='par_1_13' title="bbox 381 1421 2077 1494">
     <span class='ocr_line' id='line_1_13' title="bbox 381 1421 2077 1494; baseline -0.002 -16"><span class='ocrx_word' id='word_1_101' title='bbox 381 1440 590 1478; x_wconf 90' lang='lat' dir='ltr'><strong>munus</strong></span> <span class='ocrx_word' id='word_1_102' title='bbox 619 1427 749 1477; x_wconf 89' lang='lat' dir='ltr'><strong>ante</strong></span> <span class='ocrx_word' id='word_1_103' title='bbox 779 1424 970 1485; x_wconf 87' lang='lat' dir='ltr'><strong>altare,</strong></span> <span class='ocrx_word' id='word_1_104' title='bbox 1003 1427 1174 1494; x_wconf 89' lang='lat' dir='ltr'><strong>atque</strong></span> <span class='ocrx_word' id='word_1_105' title='bbox 1200 1423 1458 1478; x_wconf 90' lang='lat' dir='ltr'><strong>eundum</strong></span> <span class='ocrx_word' id='word_1_106' title='bbox 1493 1440 1606 1494; x_wconf 87' lang='lat' dir='ltr'><strong>quo</strong></span> <span class='ocrx_word' id='word_1_107' title='bbox 1633 1422 1796 1477; x_wconf 85' lang='lat' dir='ltr'><strong>fratri</strong></span> <span class='ocrx_word' id='word_1_108' title='bbox 1827 1421 2077 1476; x_wconf 79' lang='lat' dir='ltr'><strong>reconci-</strong></span> 
     </span>
    </p>
   </div>
   <div class='ocr_carea' id='block_1_14' title="bbox 380 1511 2079 1580">
    <p class='ocr_par' dir='ltr' id='par_1_14' title="bbox 380 1511 2079 1580">
     <span class='ocr_line' id='line_1_14' title="bbox 380 1511 2079 1580; baseline -0.002 -13"><span class='ocrx_word' id='word_1_109' title='bbox 380 1513 552 1567; x_wconf 90' lang='lat' dir='ltr'><strong>lietur</strong></span> <span class='ocrx_word' id='word_1_110' title='bbox 576 1511 622 1579; x_wconf 73' lang='grc'>⁸,</span> <span class='ocrx_word' id='word_1_111' title='bbox 654 1516 710 1566; x_wconf 93' lang='lat' dir='ltr'><strong>et</strong></span> <span class='ocrx_word' id='word_1_112' title='bbox 737 1516 872 1566; x_wconf 90' lang='lat' dir='ltr'><strong>tunc</strong></span> <span class='ocrx_word' id='word_1_113' title='bbox 899 1513 1269 1580; x_wconf 87' lang='lat' dir='ltr'><strong>veniendum,</strong></span> <span class='ocrx_word' id='word_1_114' title='bbox 1309 1517 1366 1566; x_wconf 94' lang='lat' dir='ltr'><strong>et</strong></span> <span class='ocrx_word' id='word_1_115' title='bbox 1394 1529 1604 1567; x_wconf 87' lang='lat' dir='ltr'><strong>munus</strong></span> <span class='ocrx_word' id='word_1_116' title='bbox 1629 1512 1699 1567; x_wconf 91' lang='lat' dir='ltr'><strong>ad</strong></span> <span class='ocrx_word' id='word_1_117' title='bbox 1729 1512 1908 1566; x_wconf 89' lang='lat' dir='ltr'><strong>altare</strong></span> <span class='ocrx_word' id='word_1_118' title='bbox 1940 1511 2079 1565; x_wconf 81' lang='lat' dir='ltr'><strong>offe-</strong></span> 
     </span>
    </p>
   </div>
   <div class='ocr_carea' id='block_1_15' title="bbox 381 1600 2080 1672">
    <p class='ocr_par' dir='ltr' id='par_1_15' title="bbox 381 1600 2080 1672">
     <span class='ocr_line' id='line_1_15' title="bbox 381 1600 2080 1672; baseline -0.001 -16"><span class='ocrx_word' id='word_1_119' title='bbox 381 1602 626 1656; x_wconf 81' lang='lat' dir='ltr'><strong>rendum</strong></span> <span class='ocrx_word' id='word_1_120' title='bbox 656 1602 873 1671; x_wconf 80' lang='lat' dir='ltr'><strong>(Matth.</strong></span> <span class='ocrx_word' id='word_1_121' title='bbox 905 1618 960 1670; x_wconf 90' lang='lat' dir='ltr'><strong>v,</strong></span> <span class='ocrx_word' id='word_1_122' title='bbox 999 1604 1090 1663; x_wconf 78' lang='lat'><strong>23.</strong></span> <span class='ocrx_word' id='word_1_123' title='bbox 1124 1602 1231 1668; x_wconf 77' lang='grc'><strong>24).</strong></span> <span class='ocrx_word' id='word_1_124' title='bbox 1271 1600 1329 1656; x_wconf 93' lang='lat' dir='ltr'><strong>Si</strong></span> <span class='ocrx_word' id='word_1_125' title='bbox 1359 1617 1491 1655; x_wconf 90' lang='lat' dir='ltr'><strong>vero</strong></span> <span class='ocrx_word' id='word_1_126' title='bbox 1524 1600 1646 1672; x_wconf 89' lang='lat' dir='ltr'><strong>ipse</strong></span> <span class='ocrx_word' id='word_1_127' title='bbox 1671 1601 1938 1655; x_wconf 90' lang='lat' dir='ltr'><strong>adversus</strong></span> <span class='ocrx_word' id='word_1_128' title='bbox 1965 1600 2080 1654; x_wconf 89' lang='lat' dir='ltr'><strong>fra-</strong></span> 
     </span>
    </p>
   </div>
   <div class='ocr_carea' id='block_1_16' title="bbox 379 1690 2083 1763">
    <p class='ocr_par' dir='ltr' id='par_1_16' title="bbox 379 1690 2083 1763">
     <span class='ocr_line' id='line_1_16' title="bbox 379 1690 2083 1763; baseline -0.002 -16"><span class='ocrx_word' id='word_1_129' title='bbox 379 1697 529 1747; x_wconf 87' lang='lat' dir='ltr'><strong>trem</strong></span> <span class='ocrx_word' id='word_1_130' title='bbox 563 1708 732 1746; x_wconf 90' lang='lat' dir='ltr'><strong>suum</strong></span> <span class='ocrx_word' id='word_1_131' title='bbox 760 1690 978 1763; x_wconf 89' lang='lat' dir='ltr'><strong>aliquid</strong></span> <span class='ocrx_word' id='word_1_132' title='bbox 1016 1692 1275 1761; x_wconf 83' lang='lat' dir='ltr'><strong>haberet,</strong></span> <span class='ocrx_word' id='word_1_133' title='bbox 1305 1692 1592 1763; x_wconf 89' lang='lat' dir='ltr'><strong>corripere</strong></span> <span class='ocrx_word' id='word_1_134' title='bbox 1622 1708 1755 1747; x_wconf 93' lang='lat' dir='ltr'><strong>eum</strong></span> <span class='ocrx_word' id='word_1_135' title='bbox 1786 1691 1992 1746; x_wconf 90' lang='lat' dir='ltr'><strong>debere</strong></span> <span class='ocrx_word' id='word_1_136' title='bbox 2022 1691 2083 1744; x_wconf 91' lang='lat' dir='ltr'><strong>in</strong></span> 
     </span>
    </p>
   </div>
   <div class='ocr_carea' id='block_1_17' title="bbox 383 1780 2081 1852">
    <p class='ocr_par' dir='ltr' id='par_1_17' title="bbox 383 1780 2081 1852">
     <span class='ocr_line' id='line_1_17' title="bbox 383 1780 2081 1852; baseline -0.001 -17"><span class='ocrx_word' id='word_1_137' title='bbox 383 1786 576 1852; x_wconf 88' lang='lat' dir='ltr'><strong>parte;</strong></span> <span class='ocrx_word' id='word_1_138' title='bbox 609 1786 668 1836; x_wconf 89' lang='lat' dir='ltr'><strong>et</strong></span> <span class='ocrx_word' id='word_1_139' title='bbox 709 1781 754 1834; x_wconf 91' lang='lat' dir='ltr'><strong>si</strong></span> <span class='ocrx_word' id='word_1_140' title='bbox 785 1797 919 1834; x_wconf 90' lang='lat' dir='ltr'><strong>eum</strong></span> <span class='ocrx_word' id='word_1_141' title='bbox 965 1780 1240 1848; x_wconf 76' lang='lat' dir='ltr'><strong>audisset,</strong></span> <span class='ocrx_word' id='word_1_142' title='bbox 1281 1782 1534 1836; x_wconf 89' lang='lat' dir='ltr'><strong>lucratus</strong></span> <span class='ocrx_word' id='word_1_143' title='bbox 1585 1785 1732 1835; x_wconf 85' lang='lat' dir='ltr'><strong>esset</strong></span> <span class='ocrx_word' id='word_1_144' title='bbox 1770 1797 1944 1835; x_wconf 82' lang='lat' dir='ltr'><strong>suum</strong></span> <span class='ocrx_word' id='word_1_145' title='bbox 1969 1781 2081 1834; x_wconf 85' lang='lat' dir='ltr'><strong>fra-</strong></span> 
     </span>
    </p>
   </div>
   <div class='ocr_carea' id='block_1_18' title="bbox 382 1869 2081 1937">
    <p class='ocr_par' dir='ltr' id='par_1_18' title="bbox 382 1869 2081 1937">
     <span class='ocr_line' id='line_1_18' title="bbox 382 1869 2081 1937; baseline -0.002 -12"><span class='ocrx_word' id='word_1_146' title='bbox 382 1876 528 1925; x_wconf 86' lang='lat' dir='ltr'><strong>trem</strong></span> <span class='ocrx_word' id='word_1_147' title='bbox 561 1869 698 1937; x_wconf 55' lang='lat' dir='ltr'><strong>:,sin</strong></span> <span class='ocrx_word' id='word_1_148' title='bbox 726 1869 939 1936; x_wconf 90' lang='lat' dir='ltr'><strong>minus,</strong></span> <span class='ocrx_word' id='word_1_149' title='bbox 969 1870 1362 1924; x_wconf 88' lang='lat' dir='ltr'><strong>adhibendum</strong></span> <span class='ocrx_word' id='word_1_150' title='bbox 1392 1887 1512 1924; x_wconf 88' lang='lat' dir='ltr'><strong>esse</strong></span> <span class='ocrx_word' id='word_1_151' title='bbox 1545 1887 1726 1924; x_wconf 92' lang='lat' dir='ltr'><strong>unum</strong></span> <span class='ocrx_word' id='word_1_152' title='bbox 1756 1874 1856 1924; x_wconf 88' lang='lat' dir='ltr'><strong>aut</strong></span> <span class='ocrx_word' id='word_1_153' title='bbox 1893 1871 2035 1923; x_wconf 89' lang='lat' dir='ltr'><strong>duos</strong></span> <span class='ocrx_word' id='word_1_154' title='bbox 2068 1885 2081 1922; x_wconf 90' lang='lat'><strong>:</strong></span> 
     </span>
    </p>
   </div>
   <div class='ocr_carea' id='block_1_19' title="bbox 385 1958 2081 2030">
    <p class='ocr_par' dir='ltr' id='par_1_19' title="bbox 385 1958 2081 2030">
     <span class='ocr_line' id='line_1_19' title="bbox 385 1958 2081 2030; baseline -0.001 -17"><span class='ocrx_word' id='word_1_155' title='bbox 385 1958 540 2030; x_wconf 89' lang='lat' dir='ltr'><strong>quod</strong></span> <span class='ocrx_word' id='word_1_156' title='bbox 570 1959 616 2013; x_wconf 89' lang='lat' dir='ltr'><strong>si</strong></span> <span class='ocrx_word' id='word_1_157' title='bbox 635 1963 692 2013; x_wconf 93' lang='lat' dir='ltr'><strong>et</strong></span> <span class='ocrx_word' id='word_1_158' title='bbox 716 1959 866 2030; x_wconf 87' lang='lat' dir='ltr'><strong>ipsos</strong></span> <span class='ocrx_word' id='word_1_159' title='bbox 885 1963 1300 2026; x_wconf 83' lang='lat' dir='ltr'><strong>contemneret,</strong></span> <span class='ocrx_word' id='word_1_160' title='bbox 1323 1959 1627 2014; x_wconf 84' lang='lat' dir='ltr'><strong>Ecclesiam</strong></span> <span class='ocrx_word' id='word_1_161' title='bbox 1655 1959 2042 2014; x_wconf 88' lang='lat' dir='ltr'><strong>adhibendam</strong></span> <span class='ocrx_word' id='word_1_162' title='bbox 2067 1973 2081 2011; x_wconf 88' lang='lat'><strong>:</strong></span> 
     </span>
    </p>
   </div>
   <div class='ocr_carea' id='block_1_20' title="bbox 384 2047 2088 2117">
    <p class='ocr_par' dir='ltr' id='par_1_20' title="bbox 384 2047 2088 2117">
     <span class='ocr_line' id='line_1_20' title="bbox 384 2047 2088 2117; baseline -0.001 -15"><span class='ocrx_word' id='word_1_163' title='bbox 384 2048 474 2102; x_wconf 92' lang='lat' dir='ltr'><strong>sin</strong></span> <span class='ocrx_word' id='word_1_164' title='bbox 510 2064 644 2102; x_wconf 88' lang='lat' dir='ltr'><strong>vero</strong></span> <span class='ocrx_word' id='word_1_165' title='bbox 667 2052 726 2102; x_wconf 91' lang='lat' dir='ltr'><strong>et</strong></span> <span class='ocrx_word' id='word_1_166' title='bbox 745 2047 878 2102; x_wconf 87' lang='lat' dir='ltr'><strong>huic</strong></span> <span class='ocrx_word' id='word_1_167' title='bbox 899 2064 1016 2102; x_wconf 94' lang='lat' dir='ltr'><strong>non</strong></span> <span class='ocrx_word' id='word_1_168' title='bbox 1045 2049 1326 2117; x_wconf 90' lang='lat' dir='ltr'><strong>obediret,</strong></span> <span class='ocrx_word' id='word_1_169' title='bbox 1359 2053 1507 2102; x_wconf 88' lang='lat' dir='ltr'><strong>esset</strong></span> <span class='ocrx_word' id='word_1_170' title='bbox 1534 2048 1621 2103; x_wconf 89' lang='lat' dir='ltr'><strong>illi</strong></span> <span class='ocrx_word' id='word_1_171' title='bbox 1651 2052 1716 2102; x_wconf 93' lang='lat' dir='ltr'><strong>ut</strong></span> <span class='ocrx_word' id='word_1_172' title='bbox 1739 2047 2002 2102; x_wconf 88' lang='lat' dir='ltr'><strong>ethnicus</strong></span> <span class='ocrx_word' id='word_1_173' title='bbox 2030 2050 2088 2100; x_wconf 90' lang='lat' dir='ltr'><strong>et</strong></span> 
     </span>
    </p>
   </div>
   <div class='ocr_carea' id='block_1_21' title="bbox 384 2136 2085 2210">
    <p class='ocr_par' dir='ltr' id='par_1_21' title="bbox 384 2136 2085 2210">
     <span class='ocr_line' id='line_1_21' title="bbox 384 2136 2085 2210; baseline -0.002 -19"><span class='ocrx_word' id='word_1_174' title='bbox 384 2136 748 2210; x_wconf 84' lang='lat' dir='ltr'><strong>publicanus.</strong></span> <span class='ocrx_word' id='word_1_175' title='bbox 798 2138 862 2191; x_wconf 84' lang='lat' dir='ltr'><strong>Et</strong></span> <span class='ocrx_word' id='word_1_176' title='bbox 891 2136 1032 2192; x_wconf 91' lang='lat' dir='ltr'><strong>illud</strong></span> <span class='ocrx_word' id='word_1_177' title='bbox 1063 2137 1300 2203; x_wconf 87' lang='lat' dir='ltr'><strong>addens,</strong></span> <span class='ocrx_word' id='word_1_178' title='bbox 1336 2142 1402 2191; x_wconf 92' lang='lat' dir='ltr'><strong>ut</strong></span> <span class='ocrx_word' id='word_1_179' title='bbox 1441 2138 1603 2192; x_wconf 88' lang='lat' dir='ltr'><strong>fratri</strong></span> <span class='ocrx_word' id='word_1_180' title='bbox 1623 2137 1878 2209; x_wconf 90' lang='lat' dir='ltr'><strong>peccanti</strong></span> <span class='ocrx_word' id='word_1_181' title='bbox 1907 2140 1964 2190; x_wconf 92' lang='lat' dir='ltr'><strong>et</strong></span> <span class='ocrx_word' id='word_1_182' title='bbox 1991 2151 2085 2189; x_wconf 90' lang='lat' dir='ltr'><strong>ve-</strong></span> 
     </span>
    </p>
   </div>
   <div class='ocr_carea' id='block_1_22' title="bbox 387 2225 2087 2297">
    <p class='ocr_par' dir='ltr' id='par_1_22' title="bbox 387 2225 2087 2297">
     <span class='ocr_line' id='line_1_22' title="bbox 387 2225 2087 2297; baseline 0 -18"><span class='ocrx_word' id='word_1_183' title='bbox 387 2225 546 2280; x_wconf 91' lang='lat' dir='ltr'><strong>niam</strong></span> <span class='ocrx_word' id='word_1_184' title='bbox 577 2225 818 2295; x_wconf 86' lang='lat' dir='ltr'><strong>petenti,</strong></span> <span class='ocrx_word' id='word_1_185' title='bbox 848 2241 968 2280; x_wconf 92' lang='lat' dir='ltr'><strong>non</strong></span> <span class='ocrx_word' id='word_1_186' title='bbox 1008 2225 1237 2296; x_wconf 87' lang='lat' dir='ltr'><strong>septies,</strong></span> <span class='ocrx_word' id='word_1_187' title='bbox 1279 2226 1378 2280; x_wconf 91' lang='lat' dir='ltr'><strong>sed</strong></span> <span class='ocrx_word' id='word_1_188' title='bbox 1408 2226 1730 2297; x_wconf 84' lang='lat' dir='ltr'><strong>septuagies</strong></span> <span class='ocrx_word' id='word_1_189' title='bbox 1753 2226 1961 2297; x_wconf 87' lang='lat' dir='ltr'><strong>septies</strong></span> <span class='ocrx_word' id='word_1_190' title='bbox 1989 2226 2087 2280; x_wconf 90' lang='lat' dir='ltr'><strong>de-</strong></span> 
     </span>
    </p>
   </div>
   <div class='ocr_carea' id='block_1_23' title="bbox 387 2313 2087 2386">
    <p class='ocr_par' dir='ltr' id='par_1_23' title="bbox 387 2313 2087 2386">
     <span class='ocr_line' id='line_1_23' title="bbox 387 2313 2087 2386; baseline 0 -18"><span class='ocrx_word' id='word_1_191' title='bbox 387 2313 587 2369; x_wconf 90' lang='lat' dir='ltr'><strong>lictum</strong></span> <span class='ocrx_word' id='word_1_192' title='bbox 628 2314 911 2369; x_wconf 84' lang='lat' dir='ltr'><strong>relaxetur</strong></span> <span class='ocrx_word' id='word_1_193' title='bbox 941 2315 1045 2384; x_wconf 85' lang='lat' dir='ltr'><strong>(Id.</strong></span> <span class='ocrx_word' id='word_1_194' title='bbox 1083 2331 1238 2377; x_wconf 79' lang='lat' dir='ltr'><strong>xviu,</strong></span> <span class='ocrx_word' id='word_1_195' title='bbox 1285 2318 1465 2383; x_wconf 78' lang='grc'>15-17,</span> <span class='ocrx_word' id='word_1_196' title='bbox 1493 2317 1584 2377; x_wconf 75' lang='grc'>21,</span> <span class='ocrx_word' id='word_1_197' title='bbox 1615 2314 1727 2386; x_wconf 79' lang='lat'><strong>22),</strong></span> <span class='ocrx_word' id='word_1_198' title='bbox 1761 2314 1906 2368; x_wconf 87' lang='lat' dir='ltr'><strong>sicut</strong></span> <span class='ocrx_word' id='word_1_199' title='bbox 1926 2313 2087 2385; x_wconf 88' lang='lat' dir='ltr'><strong>quis-</strong></span> 
     </span>
    </p>
   </div>
   <div class='ocr_carea' id='block_1_24' title="bbox 391 2402 1838 2474">
    <p class='ocr_par' dir='ltr' id='par_1_24' title="bbox 391 2402 1838 2474">
     <span class='ocr_line' id='line_1_24' title="bbox 391 2402 1838 2474; baseline -0.001 -16"><span class='ocrx_word' id='word_1_200' title='bbox 391 2419 506 2474; x_wconf 91' lang='lat' dir='ltr'><strong>que</strong></span> <span class='ocrx_word' id='word_1_201' title='bbox 542 2419 576 2457; x_wconf 92' lang='lat' dir='ltr'><strong>a</strong></span> <span class='ocrx_word' id='word_1_202' title='bbox 616 2402 858 2457; x_wconf 89' lang='lat' dir='ltr'><strong>Domino</strong></span> <span class='ocrx_word' id='word_1_203' title='bbox 888 2403 1142 2472; x_wconf 89' lang='lat' dir='ltr'><strong>quotidie</strong></span> <span class='ocrx_word' id='word_1_204' title='bbox 1168 2402 1274 2456; x_wconf 89' lang='lat' dir='ltr'><strong>sibi</strong></span> <span class='ocrx_word' id='word_1_205' title='bbox 1303 2403 1552 2474; x_wconf 80' lang='lat' dir='ltr'><strong>postulat</strong></span> <span class='ocrx_word' id='word_1_206' title='bbox 1579 2403 1838 2458; x_wconf 84' lang='lat' dir='ltr'><strong>relaxari.</strong></span> 
     </span>
    </p>
   </div>
   <div class='ocr_carea' id='block_1_25' title="bbox 587 2543 1886 2612">
    <p class='ocr_par' dir='ltr' id='par_1_25' title="bbox 587 2543 1886 2612">
     <span class='ocr_line' id='line_1_25' title="bbox 587 2543 1886 2612; baseline 0.002 -14"><span class='ocrx_word' id='word_1_207' title='bbox 587 2543 813 2598; x_wconf 81' lang='lat' dir='ltr'><strong>CAPUT</strong></span> <span class='ocrx_word' id='word_1_208' title='bbox 850 2545 1028 2600; x_wconf 83' lang='lat' dir='ltr'><strong>XXVI.</strong></span> <span class='ocrx_word' id='word_1_209' title='bbox 1056 2575 1124 2585; x_wconf 94' lang='lat'><em>—</em></span> <span class='ocrx_word' id='word_1_210' title='bbox 1158 2548 1229 2600; x_wconf 89' lang='lat' dir='ltr'><strong>De</strong></span> <span class='ocrx_word' id='word_1_211' title='bbox 1259 2548 1503 2599; x_wconf 83' lang='lat' dir='ltr'><strong>convictu</strong></span> <span class='ocrx_word' id='word_1_212' title='bbox 1529 2547 1886 2612; x_wconf 80' lang='lat' dir='ltr'><strong>feminarum.</strong></span> 
     </span>
    </p>
   </div>
   <div class='ocr_carea' id='block_1_26' title="bbox 468 2671 2093 2743">
    <p class='ocr_par' dir='ltr' id='par_1_26' title="bbox 468 2671 2093 2743">
     <span class='ocr_line' id='line_1_26' title="bbox 468 2671 2093 2743; baseline -0.002 -16"><span class='ocrx_word' id='word_1_213' title='bbox 468 2672 832 2727; x_wconf 86' lang='lat' dir='ltr'><strong>Feminarum</strong></span> <span class='ocrx_word' id='word_1_214' title='bbox 881 2671 1032 2726; x_wconf 90' lang='lat' dir='ltr'><strong>intra</strong></span> <span class='ocrx_word' id='word_1_215' title='bbox 1061 2672 1297 2726; x_wconf 89' lang='lat' dir='ltr'><strong>domum</strong></span> <span class='ocrx_word' id='word_1_216' title='bbox 1336 2672 1459 2743; x_wconf 87' lang='lat' dir='ltr'><strong>ejus</strong></span> <span class='ocrx_word' id='word_1_217' title='bbox 1489 2672 1648 2726; x_wconf 89' lang='lat' dir='ltr'><strong>nulla</strong></span> <span class='ocrx_word' id='word_1_218' title='bbox 1676 2687 1934 2743; x_wconf 87' lang='lat' dir='ltr'><strong>unquam</strong></span> <span class='ocrx_word' id='word_1_219' title='bbox 1964 2687 2093 2725; x_wconf 85' lang='lat' dir='ltr'><strong>con-</strong></span> 
     </span>
    </p>
   </div>
   <div class='ocr_carea' id='block_1_27' title="bbox 394 2761 2094 2832">
    <p class='ocr_par' dir='ltr' id='par_1_27' title="bbox 394 2761 2094 2832">
     <span class='ocr_line' id='line_1_27' title="bbox 394 2761 2094 2832; baseline 0 -18"><span class='ocrx_word' id='word_1_220' title='bbox 394 2766 612 2816; x_wconf 88' lang='lat' dir='ltr'><strong>versata</strong></span> <span class='ocrx_word' id='word_1_221' title='bbox 663 2765 786 2828; x_wconf 88' lang='lat' dir='ltr'><strong>est,</strong></span> <span class='ocrx_word' id='word_1_222' title='bbox 843 2761 1004 2816; x_wconf 90' lang='lat' dir='ltr'><strong>nulla</strong></span> <span class='ocrx_word' id='word_1_223' title='bbox 1073 2761 1330 2827; x_wconf 90' lang='lat' dir='ltr'><strong>mansit,</strong></span> <span class='ocrx_word' id='word_1_224' title='bbox 1387 2777 1460 2815; x_wconf 93' lang='lat' dir='ltr'><strong>ne</strong></span> <span class='ocrx_word' id='word_1_225' title='bbox 1531 2761 1762 2832; x_wconf 89' lang='lat' dir='ltr'><strong>quidem</strong></span> <span class='ocrx_word' id='word_1_226' title='bbox 1816 2777 2094 2832; x_wconf 85' lang='lat' dir='ltr'><strong>germana</strong></span> 
     </span>
    </p>
   </div>
   <div class='ocr_carea' id='block_1_28' title="bbox 394 2850 2092 2922">
    <p class='ocr_par' dir='ltr' id='par_1_28' title="bbox 394 2850 2092 2922">
     <span class='ocr_line' id='line_1_28' title="bbox 394 2850 2092 2922; baseline 0 -18"><span class='ocrx_word' id='word_1_227' title='bbox 394 2867 602 2916; x_wconf 91' lang='lat' dir='ltr'><strong>soror,</strong></span> <span class='ocrx_word' id='word_1_228' title='bbox 669 2867 798 2922; x_wconf 65' lang='lat' dir='ltr'><strong>quia</strong></span> <span class='ocrx_word' id='word_1_229' title='bbox 871 2851 1041 2904; x_wconf 85' lang='lat' dir='ltr'><strong>vidua</strong></span> <span class='ocrx_word' id='word_1_230' title='bbox 1103 2851 1218 2905; x_wconf 93' lang='lat' dir='ltr'><strong>Deo</strong></span> <span class='ocrx_word' id='word_1_231' title='bbox 1275 2850 1526 2905; x_wconf 86' lang='lat' dir='ltr'><strong>serviens</strong></span> <span class='ocrx_word' id='word_1_232' title='bbox 1592 2851 1774 2905; x_wconf 90' lang='lat' dir='ltr'><strong>multo</strong></span> <span class='ocrx_word' id='word_1_233' title='bbox 1835 2855 2092 2921; x_wconf 90' lang='lat' dir='ltr'><strong>tempore</strong></span> 
     </span>
    </p>
   </div>
   <div class='ocr_carea' id='block_1_29' title="bbox 393 2938 2093 3011">
    <p class='ocr_par' dir='ltr' id='par_1_29' title="bbox 393 2938 2093 3011">
     <span class='ocr_line' id='line_1_29' title="bbox 393 2938 2093 3011; baseline 0 -18"><span class='ocrx_word' id='word_1_234' title='bbox 393 2955 575 3010; x_wconf 90' lang='lat' dir='ltr'><strong>usque</strong></span> <span class='ocrx_word' id='word_1_235' title='bbox 619 2939 679 2994; x_wconf 92' lang='lat' dir='ltr'><strong>in</strong></span> <span class='ocrx_word' id='word_1_236' title='bbox 717 2939 869 2994; x_wconf 91' lang='lat' dir='ltr'><strong>diem</strong></span> <span class='ocrx_word' id='word_1_237' title='bbox 911 2939 1099 2994; x_wconf 90' lang='lat' dir='ltr'><strong>obitus</strong></span> <span class='ocrx_word' id='word_1_238' title='bbox 1129 2938 1221 2993; x_wconf 90' lang='lat' dir='ltr'><strong>sui</strong></span> <span class='ocrx_word' id='word_1_239' title='bbox 1257 2939 1568 3011; x_wconf 66' lang='lat' dir='ltr'><strong>prmposita</strong></span> <span class='ocrx_word' id='word_1_240' title='bbox 1611 2939 1950 2994; x_wconf 86' lang='lat' dir='ltr'><strong>ancillarum</strong></span> <span class='ocrx_word' id='word_1_241' title='bbox 1993 2939 2093 2994; x_wconf 86' lang='lat' dir='ltr'><strong>Dei</strong></span> 
     </span>
    </p>
   </div>
   <div class='ocr_carea' id='block_1_30' title="bbox 391 3027 2090 3100">
    <p class='ocr_par' dir='ltr' id='par_1_30' title="bbox 391 3027 2090 3100">
     <span class='ocr_line' id='line_1_30' title="bbox 391 3027 2090 3100; baseline 0.001 -18"><span class='ocrx_word' id='word_1_242' title='bbox 391 3028 545 3083; x_wconf 81' lang='lat' dir='ltr'><strong>vixit.</strong></span> <span class='ocrx_word' id='word_1_243' title='bbox 587 3028 694 3084; x_wconf 90' lang='lat' dir='ltr'><strong>Sed</strong></span> <span class='ocrx_word' id='word_1_244' title='bbox 742 3044 847 3083; x_wconf 91' lang='lat' dir='ltr'><strong>nec</strong></span> <span class='ocrx_word' id='word_1_245' title='bbox 887 3028 1075 3100; x_wconf 88' lang='lat' dir='ltr'><strong>patrui</strong></span> <span class='ocrx_word' id='word_1_246' title='bbox 1121 3027 1211 3083; x_wconf 91' lang='lat' dir='ltr'><strong>sui</strong></span> <span class='ocrx_word' id='word_1_247' title='bbox 1236 3028 1392 3097; x_wconf 64' lang='lat' dir='ltr'><strong>filiae,</strong></span> <span class='ocrx_word' id='word_1_248' title='bbox 1431 3033 1488 3082; x_wconf 92' lang='lat' dir='ltr'><strong>et</strong></span> <span class='ocrx_word' id='word_1_249' title='bbox 1523 3027 1547 3062; x_wconf 79' lang='grc'>⁵</span> <span class='ocrx_word' id='word_1_250' title='bbox 1583 3028 1775 3083; x_wconf 81' lang='lat' dir='ltr'><strong>fratris</strong></span> <span class='ocrx_word' id='word_1_251' title='bbox 1815 3029 1904 3083; x_wconf 91' lang='lat' dir='ltr'><strong>sui</strong></span> <span class='ocrx_word' id='word_1_252' title='bbox 1934 3029 2090 3095; x_wconf 64' lang='lat' dir='ltr'><strong>filias,</strong></span> 
     </span>
    </p>
   </div>
   <div class='ocr_carea' id='block_1_31' title="bbox 391 3117 2092 3189">
    <p class='ocr_par' dir='ltr' id='par_1_31' title="bbox 391 3117 2092 3189">
     <span class='ocr_line' id='line_1_31' title="bbox 391 3117 2092 3189; baseline 0 -17"><span class='ocrx_word' id='word_1_253' title='bbox 391 3134 521 3189; x_wconf 82' lang='lat' dir='ltr'><strong>quae</strong></span> <span class='ocrx_word' id='word_1_254' title='bbox 540 3118 752 3189; x_wconf 88' lang='lat' dir='ltr'><strong>pariter</strong></span> <span class='ocrx_word' id='word_1_255' title='bbox 772 3120 888 3172; x_wconf 92' lang='lat' dir='ltr'><strong>Deo</strong></span> <span class='ocrx_word' id='word_1_256' title='bbox 911 3117 1232 3171; x_wconf 87' lang='lat' dir='ltr'><strong>serviebant</strong></span> <span class='ocrx_word' id='word_1_257' title='bbox 1262 3134 1278 3171; x_wconf 90' lang='lat'><strong>:</strong></span> <span class='ocrx_word' id='word_1_258' title='bbox 1304 3133 1446 3188; x_wconf 89' lang='lat' dir='ltr'><strong>quas</strong></span> <span class='ocrx_word' id='word_1_259' title='bbox 1470 3133 1745 3187; x_wconf 87' lang='lat' dir='ltr'><strong>personas</strong></span> <span class='ocrx_word' id='word_1_260' title='bbox 1764 3123 2092 3172; x_wconf 90' lang='lat' dir='ltr'><strong>sanctorum</strong></span> 
     </span>
    </p>
   </div>
   <div class='ocr_carea' id='block_1_32' title="bbox 392 3205 2096 3278">
    <p class='ocr_par' dir='ltr' id='par_1_32' title="bbox 392 3205 2096 3278">
     <span class='ocr_line' id='line_1_32' title="bbox 392 3205 2096 3278; baseline -0.001 -16"><span class='ocrx_word' id='word_1_261' title='bbox 392 3209 791 3278; x_wconf 91' lang='lat' dir='ltr'><strong>episcoporum</strong></span> <span class='ocrx_word' id='word_1_262' title='bbox 820 3205 1062 3260; x_wconf 88' lang='lat' dir='ltr'><strong>concilia</strong></span> <span class='ocrx_word' id='word_1_263' title='bbox 1105 3206 1165 3259; x_wconf 90' lang='lat' dir='ltr'><strong>in</strong></span> <span class='ocrx_word' id='word_1_264' title='bbox 1203 3205 1452 3276; x_wconf 90' lang='lat' dir='ltr'><strong>exceptis</strong></span> <span class='ocrx_word' id='word_1_265' title='bbox 1489 3211 1828 3275; x_wconf 90' lang='lat' dir='ltr'><strong>posuerunt.</strong></span> <span class='ocrx_word' id='word_1_266' title='bbox 1863 3206 2096 3260; x_wconf 89' lang='lat' dir='ltr'><strong>Dicebat</strong></span> 
     </span>
    </p>
   </div>
   <div class='ocr_carea' id='block_1_33' title="bbox 391 3293 2094 3367">
    <p class='ocr_par' dir='ltr' id='par_1_33' title="bbox 391 3293 2094 3367">
     <span class='ocr_line' id='line_1_33' title="bbox 391 3293 2094 3367; baseline -0.001 -16"><span class='ocrx_word' id='word_1_267' title='bbox 391 3313 548 3361; x_wconf 90' lang='lat' dir='ltr'><strong>vero,</strong></span> <span class='ocrx_word' id='word_1_268' title='bbox 577 3295 714 3367; x_wconf 91' lang='lat' dir='ltr'><strong>quia</strong></span> <span class='ocrx_word' id='word_1_269' title='bbox 751 3295 858 3350; x_wconf 89' lang='lat' dir='ltr'><strong>etsi</strong></span> <span class='ocrx_word' id='word_1_270' title='bbox 895 3295 965 3349; x_wconf 92' lang='lat' dir='ltr'><strong>de</strong></span> <span class='ocrx_word' id='word_1_271' title='bbox 995 3310 1186 3349; x_wconf 89' lang='lat' dir='ltr'><strong>sorore</strong></span> <span class='ocrx_word' id='word_1_272' title='bbox 1220 3299 1276 3348; x_wconf 89' lang='lat' dir='ltr'><strong>et</strong></span> <span class='ocrx_word' id='word_1_273' title='bbox 1319 3293 1587 3365; x_wconf 90' lang='lat' dir='ltr'><strong>neptibus</strong></span> <span class='ocrx_word' id='word_1_274' title='bbox 1615 3310 1806 3348; x_wconf 90' lang='lat' dir='ltr'><strong>secum</strong></span> <span class='ocrx_word' id='word_1_275' title='bbox 1847 3311 2094 3349; x_wconf 89' lang='lat' dir='ltr'><strong>commo-</strong></span> 
     </span>
    </p>
   </div>
   <div class='ocr_carea' id='block_1_34' title="bbox 393 3383 2094 3454">
    <p class='ocr_par' dir='ltr' id='par_1_34' title="bbox 393 3383 2094 3454">
     <span class='ocr_line' id='line_1_34' title="bbox 393 3383 2094 3454; baseline -0.001 -15"><span class='ocrx_word' id='word_1_276' title='bbox 393 3385 655 3440; x_wconf 89' lang='lat' dir='ltr'><strong>rantibus</strong></span> <span class='ocrx_word' id='word_1_277' title='bbox 695 3385 853 3438; x_wconf 91' lang='lat' dir='ltr'><strong>nulla</strong></span> <span class='ocrx_word' id='word_1_278' title='bbox 900 3383 1053 3437; x_wconf 88' lang='lat' dir='ltr'><strong>nasci</strong></span> <span class='ocrx_word' id='word_1_279' title='bbox 1106 3388 1300 3454; x_wconf 90' lang='lat' dir='ltr'><strong>posset</strong></span> <span class='ocrx_word' id='word_1_280' title='bbox 1347 3385 1498 3438; x_wconf 90' lang='lat' dir='ltr'><strong>mala</strong></span> <span class='ocrx_word' id='word_1_281' title='bbox 1553 3383 1841 3454; x_wconf 87' lang='lat' dir='ltr'><strong>suspicio;</strong></span> <span class='ocrx_word' id='word_1_282' title='bbox 1902 3388 2094 3438; x_wconf 88' lang='lat' dir='ltr'><strong>tamen</strong></span> 
     </span>
    </p>
   </div>
   <div class='ocr_carea' id='block_1_35' title="bbox 391 3471 2094 3548">
    <p class='ocr_par' dir='ltr' id='par_1_35' title="bbox 391 3471 2094 3548">
     <span class='ocr_line' id='line_1_35' title="bbox 391 3471 2094 3548; baseline -0.002 -18"><span class='ocrx_word' id='word_1_283' title='bbox 391 3474 668 3548; x_wconf 89' lang='lat' dir='ltr'><strong>quoniam</strong></span> <span class='ocrx_word' id='word_1_284' title='bbox 690 3474 802 3528; x_wconf 82' lang='lat' dir='ltr'><strong>illae</strong></span> <span class='ocrx_word' id='word_1_285' title='bbox 826 3489 1086 3545; x_wconf 81' lang='lat' dir='ltr'><strong>personae</strong></span> <span class='ocrx_word' id='word_1_286' title='bbox 1117 3471 1238 3527; x_wconf 88' lang='lat' dir='ltr'><strong>sine</strong></span> <span class='ocrx_word' id='word_1_287' title='bbox 1267 3472 1392 3526; x_wconf 90' lang='lat' dir='ltr'><strong>aliis</strong></span> <span class='ocrx_word' id='word_1_288' title='bbox 1421 3472 1758 3526; x_wconf 87' lang='lat' dir='ltr'><strong>necessariis</strong></span> <span class='ocrx_word' id='word_1_289' title='bbox 1786 3489 2094 3544; x_wconf 88' lang='lat' dir='ltr'><strong>secumque</strong></span> 
     </span>
    </p>
   </div>
   <div class='ocr_carea' id='block_1_36' title="bbox 391 3562 2096 3634">
    <p class='ocr_par' dir='ltr' id='par_1_36' title="bbox 391 3562 2096 3634">
     <span class='ocr_line' id='line_1_36' title="bbox 391 3562 2096 3634; baseline -0.002 -14"><span class='ocrx_word' id='word_1_290' title='bbox 391 3563 756 3620; x_wconf 89' lang='lat' dir='ltr'><strong>manentibus</strong></span> <span class='ocrx_word' id='word_1_291' title='bbox 785 3562 1014 3616; x_wconf 86' lang='lat' dir='ltr'><strong>feminis</strong></span> <span class='ocrx_word' id='word_1_292' title='bbox 1043 3578 1164 3616; x_wconf 91' lang='lat' dir='ltr'><strong>esse</strong></span> <span class='ocrx_word' id='word_1_293' title='bbox 1195 3578 1313 3616; x_wconf 93' lang='lat' dir='ltr'><strong>non</strong></span> <span class='ocrx_word' id='word_1_294' title='bbox 1341 3566 1596 3633; x_wconf 88' lang='lat' dir='ltr'><strong>possent,</strong></span> <span class='ocrx_word' id='word_1_295' title='bbox 1629 3566 1685 3616; x_wconf 89' lang='lat' dir='ltr'><strong>et</strong></span> <span class='ocrx_word' id='word_1_296' title='bbox 1713 3563 1866 3634; x_wconf 90' lang='lat' dir='ltr'><strong>quod</strong></span> <span class='ocrx_word' id='word_1_297' title='bbox 1905 3563 1977 3617; x_wconf 90' lang='lat' dir='ltr'><strong>ad</strong></span> <span class='ocrx_word' id='word_1_298' title='bbox 2001 3579 2096 3616; x_wconf 89' lang='lat' dir='ltr'><strong>eas</strong></span> 
     </span>
    </p>
   </div>
   <div class='ocr_carea' id='block_1_37' title="bbox 391 3651 2093 3724">
    <p class='ocr_par' dir='ltr' id='par_1_37' title="bbox 391 3651 2093 3724">
     <span class='ocr_line' id='line_1_37' title="bbox 391 3651 2093 3724; baseline -0.001 -16"><span class='ocrx_word' id='word_1_299' title='bbox 391 3653 520 3709; x_wconf 70' lang='lat' dir='ltr'><strong>alia:</strong></span> <span class='ocrx_word' id='word_1_300' title='bbox 547 3653 720 3708; x_wconf 89' lang='lat' dir='ltr'><strong>etiam</strong></span> <span class='ocrx_word' id='word_1_301' title='bbox 749 3669 782 3707; x_wconf 93' lang='lat' dir='ltr'><strong>a</strong></span> <span class='ocrx_word' id='word_1_302' title='bbox 806 3653 941 3708; x_wconf 85' lang='lat' dir='ltr'><strong>foris</strong></span> <span class='ocrx_word' id='word_1_303' title='bbox 965 3652 1265 3718; x_wconf 88' lang='lat' dir='ltr'><strong>intrarent,</strong></span> <span class='ocrx_word' id='word_1_304' title='bbox 1288 3651 1356 3707; x_wconf 91' lang='lat' dir='ltr'><strong>de</strong></span> <span class='ocrx_word' id='word_1_305' title='bbox 1383 3651 1473 3706; x_wconf 89' lang='lat' dir='ltr'><strong>his</strong></span> <span class='ocrx_word' id='word_1_306' title='bbox 1501 3665 1665 3724; x_wconf 86' lang='lat' dir='ltr'><strong>posse</strong></span> <span class='ocrx_word' id='word_1_307' title='bbox 1687 3651 2093 3707; x_wconf 80' lang='lat' dir='ltr'><strong>offendiculum</strong></span> 
     </span>
    </p>
   </div>
   <div class='ocr_carea' id='block_1_38' title="bbox 391 3739 2095 3812">
    <p class='ocr_par' dir='ltr' id='par_1_38' title="bbox 391 3739 2095 3812">
     <span class='ocr_line' id='line_1_38' title="bbox 391 3739 2095 3812; baseline -0.001 -16"><span class='ocrx_word' id='word_1_308' title='bbox 391 3746 492 3796; x_wconf 90' lang='lat' dir='ltr'><strong>aut</strong></span> <span class='ocrx_word' id='word_1_309' title='bbox 518 3741 846 3796; x_wconf 84' lang='lat' dir='ltr'><strong>scandalum</strong></span> <span class='ocrx_word' id='word_1_310' title='bbox 883 3739 1298 3795; x_wconf 86' lang='lat' dir='ltr'><strong>inﬁrmioribus</strong></span> <span class='ocrx_word' id='word_1_311' title='bbox 1327 3739 1518 3803; x_wconf 88' lang='lat' dir='ltr'><strong>nasci;</strong></span> <span class='ocrx_word' id='word_1_312' title='bbox 1561 3743 1618 3794; x_wconf 90' lang='lat' dir='ltr'><strong>et</strong></span> <span class='ocrx_word' id='word_1_313' title='bbox 1661 3740 1790 3794; x_wconf 89' lang='lat' dir='ltr'><strong>illos</strong></span> <span class='ocrx_word' id='word_1_314' title='bbox 1835 3740 2095 3812; x_wconf 91' lang='lat' dir='ltr'><strong>quicum</strong></span> 
     </span>
    </p>
   </div>
   <div class='ocr_carea' id='block_1_39' title="bbox 391 3830 2095 3903">
    <p class='ocr_par' dir='ltr' id='par_1_39' title="bbox 391 3830 2095 3903">
     <span class='ocr_line' id='line_1_39' title="bbox 391 3830 2095 3903; baseline -0.002 -16"><span class='ocrx_word' id='word_1_315' title='bbox 391 3831 659 3903; x_wconf 89' lang='lat' dir='ltr'><strong>episcopo</strong></span> <span class='ocrx_word' id='word_1_316' title='bbox 689 3833 773 3885; x_wconf 90' lang='lat' dir='ltr'><strong>vel</strong></span> <span class='ocrx_word' id='word_1_317' title='bbox 809 3830 1070 3902; x_wconf 90' lang='lat' dir='ltr'><strong>quolibet</strong></span> <span class='ocrx_word' id='word_1_318' title='bbox 1107 3830 1312 3885; x_wconf 89' lang='lat' dir='ltr'><strong>clerico</strong></span> <span class='ocrx_word' id='word_1_319' title='bbox 1355 3830 1498 3884; x_wconf 89' lang='lat' dir='ltr'><strong>forte</strong></span> <span class='ocrx_word' id='word_1_320' title='bbox 1529 3834 1848 3894; x_wconf 90' lang='lat' dir='ltr'><strong>manerent,</strong></span> <span class='ocrx_word' id='word_1_321' title='bbox 1883 3846 1952 3884; x_wconf 92' lang='lat' dir='ltr'><strong>ex</strong></span> <span class='ocrx_word' id='word_1_322' title='bbox 1981 3830 2095 3884; x_wconf 90' lang='lat' dir='ltr'><strong>illis</strong></span> 
     </span>
    </p>
   </div>
   <div class='ocr_carea' id='block_1_40' title="bbox 391 3919 2096 3991">
    <p class='ocr_par' dir='ltr' id='par_1_40' title="bbox 391 3919 2096 3991">
     <span class='ocr_line' id='line_1_40' title="bbox 391 3919 2096 3991; baseline -0.001 -15"><span class='ocrx_word' id='word_1_323' title='bbox 391 3921 656 3977; x_wconf 89' lang='lat' dir='ltr'><strong>omnibus</strong></span> <span class='ocrx_word' id='word_1_324' title='bbox 685 3919 1030 3975; x_wconf 88' lang='lat' dir='ltr'><strong>feminarum</strong></span> <span class='ocrx_word' id='word_1_325' title='bbox 1069 3919 1329 3991; x_wconf 88' lang='lat' dir='ltr'><strong>personis</strong></span> <span class='ocrx_word' id='word_1_326' title='bbox 1353 3937 1516 3991; x_wconf 84' lang='lat' dir='ltr'><strong>posse</strong></span> <span class='ocrx_word' id='word_1_327' title='bbox 1542 3936 1660 3974; x_wconf 90' lang='lat' dir='ltr'><strong>una</strong></span> <span class='ocrx_word' id='word_1_328' title='bbox 1686 3922 2096 3975; x_wconf 88' lang='lat' dir='ltr'><strong>commoranti-</strong></span> 
     </span>
    </p>
   </div>
   <div class='ocr_carea' id='block_1_41' title="bbox 388 4008 2096 4072">
    <p class='ocr_par' dir='ltr' id='par_1_41' title="bbox 388 4008 2096 4072">
     <span class='ocr_line' id='line_1_41' title="bbox 388 4008 2096 4072; baseline -0.001 -8"><span class='ocrx_word' id='word_1_329' title='bbox 388 4011 495 4066; x_wconf 90' lang='lat' dir='ltr'><strong>bus</strong></span> <span class='ocrx_word' id='word_1_330' title='bbox 542 4011 632 4065; x_wconf 92' lang='lat' dir='ltr'><strong>vel</strong></span> <span class='ocrx_word' id='word_1_331' title='bbox 681 4009 1151 4072; x_wconf 87' lang='lat' dir='ltr'><strong>adventantibus,</strong></span> <span class='ocrx_word' id='word_1_332' title='bbox 1208 4013 1308 4064; x_wconf 88' lang='lat' dir='ltr'><strong>aut</strong></span> <span class='ocrx_word' id='word_1_333' title='bbox 1358 4008 1772 4064; x_wconf 86' lang='lat' dir='ltr'><strong>tentationibus</strong></span> <span class='ocrx_word' id='word_1_334' title='bbox 1824 4009 2096 4064; x_wconf 85' lang='lat' dir='ltr'><strong>humanis</strong></span> 
     </span>
    </p>
   </div>
   <div class='ocr_carea' id='block_1_42' title="bbox 389 4096 2094 4169">
    <p class='ocr_par' dir='ltr' id='par_1_42' title="bbox 389 4096 2094 4169">
     <span class='ocr_line' id='line_1_42' title="bbox 389 4096 2094 4169; baseline -0.004 -17"><span class='ocrx_word' id='word_1_335' title='bbox 389 4098 598 4169; x_wconf 88' lang='lat' dir='ltr'><strong>perire,</strong></span> <span class='ocrx_word' id='word_1_336' title='bbox 635 4102 734 4151; x_wconf 87' lang='lat' dir='ltr'><strong>aut</strong></span> <span class='ocrx_word' id='word_1_337' title='bbox 775 4103 928 4151; x_wconf 86' lang='lat' dir='ltr'><strong>certe</strong></span> <span class='ocrx_word' id='word_1_338' title='bbox 965 4096 1130 4150; x_wconf 90' lang='lat' dir='ltr'><strong>malis</strong></span> <span class='ocrx_word' id='word_1_339' title='bbox 1171 4096 1475 4150; x_wconf 85' lang='lat' dir='ltr'><strong>hominum</strong></span> <span class='ocrx_word' id='word_1_340' title='bbox 1508 4096 1926 4166; x_wconf 85' lang='lat' dir='ltr'><strong>suspicionibus</strong></span> <span class='ocrx_word' id='word_1_341' title='bbox 1964 4113 2094 4167; x_wconf 81' lang='lat' dir='ltr'><strong>pes-</strong></span> 
     </span>
    </p>
   </div>
   <div class='ocr_carea' id='block_1_43' title="bbox 390 4184 2098 4255">
    <p class='ocr_par' dir='ltr' id='par_1_43' title="bbox 390 4184 2098 4255">
     <span class='ocr_line' id='line_1_43' title="bbox 390 4184 2098 4255; baseline -0.001 -14"><span class='ocrx_word' id='word_1_342' title='bbox 390 4187 530 4242; x_wconf 90' lang='lat' dir='ltr'><strong>sime</strong></span> <span class='ocrx_word' id='word_1_343' title='bbox 572 4185 857 4241; x_wconf 68' lang='lat' dir='ltr'><strong>difi‘amari</strong></span> <span class='ocrx_word' id='word_1_344' title='bbox 885 4189 926 4239; x_wconf 76' lang='grc' dir='ltr'><strong>ο.</strong></span> <span class='ocrx_word' id='word_1_345' title='bbox 970 4185 1053 4239; x_wconf 93' lang='lat' dir='ltr'><strong>Ob</strong></span> <span class='ocrx_word' id='word_1_346' title='bbox 1085 4185 1193 4238; x_wconf 92' lang='lat' dir='ltr'><strong>hoc</strong></span> <span class='ocrx_word' id='word_1_347' title='bbox 1230 4201 1366 4255; x_wconf 91' lang='lat' dir='ltr'><strong>ergo</strong></span> <span class='ocrx_word' id='word_1_348' title='bbox 1396 4184 1640 4250; x_wconf 90' lang='lat' dir='ltr'><strong>dicebat,</strong></span> <span class='ocrx_word' id='word_1_349' title='bbox 1677 4201 1974 4255; x_wconf 88' lang='lat' dir='ltr'><strong>nunquam</strong></span> <span class='ocrx_word' id='word_1_350' title='bbox 2004 4186 2098 4240; x_wconf 88' lang='lat' dir='ltr'><strong>de-</strong></span> 
     </span>
    </p>
   </div>
   <div class='ocr_carea' id='block_1_44' title="bbox 388 4272 2098 4338">
    <p class='ocr_par' dir='ltr' id='par_1_44' title="bbox 388 4272 2098 4338">
     <span class='ocr_line' id='line_1_44' title="bbox 388 4272 2098 4338; baseline -0.001 -8"><span class='ocrx_word' id='word_1_351' title='bbox 388 4276 523 4330; x_wconf 89' lang='lat' dir='ltr'><strong>bere</strong></span> <span class='ocrx_word' id='word_1_352' title='bbox 551 4273 794 4329; x_wconf 87' lang='lat' dir='ltr'><strong>feminas</strong></span> <span class='ocrx_word' id='word_1_353' title='bbox 831 4289 963 4327; x_wconf 88' lang='lat' dir='ltr'><strong>cum</strong></span> <span class='ocrx_word' id='word_1_354' title='bbox 1005 4272 1179 4326; x_wconf 87' lang='lat' dir='ltr'><strong>servis</strong></span> <span class='ocrx_word' id='word_1_355' title='bbox 1229 4272 1350 4338; x_wconf 89' lang='lat' dir='ltr'><strong>Dei,</strong></span> <span class='ocrx_word' id='word_1_356' title='bbox 1401 4272 1572 4327; x_wconf 90' lang='lat' dir='ltr'><strong>etiam</strong></span> <span class='ocrx_word' id='word_1_357' title='bbox 1603 4273 1952 4338; x_wconf 89' lang='lat' dir='ltr'><strong>castissimis,</strong></span> <span class='ocrx_word' id='word_1_358' title='bbox 1984 4291 2098 4328; x_wconf 92' lang='lat' dir='ltr'><strong>una</strong></span> 
     </span>
    </p>
   </div>
   <div class='ocr_carea' id='block_1_45' title="bbox 389 4361 2098 4433">
    <p class='ocr_par' dir='ltr' id='par_1_45' title="bbox 389 4361 2098 4433">
     <span class='ocr_line' id='line_1_45' title="bbox 389 4361 2098 4433; baseline -0.001 -15"><span class='ocrx_word' id='word_1_359' title='bbox 389 4379 624 4418; x_wconf 83' lang='lat' dir='ltr'><strong>manere</strong></span> <span class='ocrx_word' id='word_1_360' title='bbox 651 4362 843 4420; x_wconf 91' lang='lat' dir='ltr'><strong>domo.</strong></span> <span class='ocrx_word' id='word_1_361' title='bbox 875 4377 970 4426; x_wconf 91' lang='lat' dir='ltr'><strong>ne,</strong></span> <span class='ocrx_word' id='word_1_362' title='bbox 1008 4365 1073 4416; x_wconf 90' lang='lat' dir='ltr'><strong>ut</strong></span> <span class='ocrx_word' id='word_1_363' title='bbox 1102 4361 1321 4416; x_wconf 90' lang='lat' dir='ltr'><strong>dictum</strong></span> <span class='ocrx_word' id='word_1_364' title='bbox 1356 4365 1464 4429; x_wconf 91' lang='lat' dir='ltr'><strong>est,</strong></span> <span class='ocrx_word' id='word_1_365' title='bbox 1493 4361 1726 4433; x_wconf 89' lang='lat' dir='ltr'><strong>aliquod</strong></span> <span class='ocrx_word' id='word_1_366' title='bbox 1766 4362 2098 4417; x_wconf 89' lang='lat' dir='ltr'><strong>scandalum</strong></span> 
     </span>
    </p>
   </div>
   <div class='ocr_carea' id='block_1_46' title="bbox 390 4449 2097 4521">
    <p class='ocr_par' dir='ltr' id='par_1_46' title="bbox 390 4449 2097 4521">
     <span class='ocr_line' id='line_1_46' title="bbox 390 4449 2097 4521; baseline 0.001 -15"><span class='ocrx_word' id='word_1_367' title='bbox 390 4457 492 4507; x_wconf 89' lang='lat' dir='ltr'><strong>aut</strong></span> <span class='ocrx_word' id='word_1_368' title='bbox 519 4450 930 4507; x_wconf 77' lang='lat' dir='ltr'><strong>oﬁ‘endiculum</strong></span> <span class='ocrx_word' id='word_1_369' title='bbox 968 4449 1066 4504; x_wconf 90' lang='lat' dir='ltr'><strong>tali</strong></span> <span class='ocrx_word' id='word_1_370' title='bbox 1114 4451 1376 4520; x_wconf 84' lang='lat' dir='ltr'><strong>exemplo</strong></span> <span class='ocrx_word' id='word_1_371' title='bbox 1419 4455 1732 4521; x_wconf 87' lang='lat' dir='ltr'><strong>poneretur</strong></span> <span class='ocrx_word' id='word_1_372' title='bbox 1770 4450 2097 4507; x_wconf 88' lang='lat' dir='ltr'><strong>inﬁrmiori-</strong></span> 
     </span>
    </p>
   </div>
   <div class='ocr_carea' id='block_1_47' title="bbox 391 4538 2094 4611">
    <p class='ocr_par' dir='ltr' id='par_1_47' title="bbox 391 4538 2094 4611">
     <span class='ocr_line' id='line_1_47' title="bbox 391 4538 2094 4611; baseline 0.001 -16"><span class='ocrx_word' id='word_1_373' title='bbox 391 4542 498 4603; x_wconf 89' lang='lat' dir='ltr'><strong>bus</strong></span> <span class='ocrx_word' id='word_1_374' title='bbox 525 4557 538 4595; x_wconf 94' lang='lat'>:</span> <span class='ocrx_word' id='word_1_375' title='bbox 571 4545 628 4596; x_wconf 90' lang='lat' dir='ltr'><strong>et</strong></span> <span class='ocrx_word' id='word_1_376' title='bbox 655 4540 704 4594; x_wconf 90' lang='lat' dir='ltr'><strong>si</strong></span> <span class='ocrx_word' id='word_1_377' title='bbox 730 4540 875 4594; x_wconf 88' lang='lat' dir='ltr'><strong>forte</strong></span> <span class='ocrx_word' id='word_1_378' title='bbox 919 4540 991 4594; x_wconf 89' lang='lat' dir='ltr'><strong>ab</strong></span> <span class='ocrx_word' id='word_1_379' title='bbox 1019 4539 1305 4611; x_wconf 88' lang='lat' dir='ltr'><strong>aliquibus</strong></span> <span class='ocrx_word' id='word_1_380' title='bbox 1332 4538 1565 4593; x_wconf 88' lang='lat' dir='ltr'><strong>feminis</strong></span> <span class='ocrx_word' id='word_1_381' title='bbox 1594 4543 1659 4593; x_wconf 93' lang='lat' dir='ltr'><strong>ut</strong></span> <span class='ocrx_word' id='word_1_382' title='bbox 1688 4539 1981 4596; x_wconf 90' lang='lat' dir='ltr'><strong>videretur</strong></span> <span class='ocrx_word' id='word_1_383' title='bbox 2008 4543 2094 4596; x_wconf 84' lang='lat' dir='ltr'><strong>vel</strong></span> 
     </span>
    </p>
   </div>
   <div class='ocr_carea' id='block_1_48' title="bbox 391 4627 2099 4700">
    <p class='ocr_par' dir='ltr' id='par_1_48' title="bbox 391 4627 2099 4700">
     <span class='ocr_line' id='line_1_48' title="bbox 391 4627 2099 4700; baseline 0.002 -17"><span class='ocrx_word' id='word_1_384' title='bbox 391 4630 752 4696; x_wconf 89' lang='lat' dir='ltr'><strong>salutaretur,</strong></span> <span class='ocrx_word' id='word_1_385' title='bbox 773 4628 1109 4700; x_wconf 81' lang='lat' dir='ltr'><strong>rogabatur;</strong></span> <span class='ocrx_word' id='word_1_386' title='bbox 1135 4643 1434 4699; x_wconf 88' lang='lat' dir='ltr'><strong>nunquam</strong></span> <span class='ocrx_word' id='word_1_387' title='bbox 1457 4627 1580 4682; x_wconf 89' lang='lat' dir='ltr'><strong>sine</strong></span> <span class='ocrx_word' id='word_1_388' title='bbox 1608 4628 1828 4683; x_wconf 88' lang='lat' dir='ltr'><strong>clericis</strong></span> <span class='ocrx_word' id='word_1_389' title='bbox 1859 4630 2099 4686; x_wconf 90' lang='lat' dir='ltr'><strong>testibus</strong></span> 
     </span>
    </p>
   </div>
   <div class='ocr_carea' id='block_1_49' title="bbox 391 4717 2102 4790">
    <p class='ocr_par' dir='ltr' id='par_1_49' title="bbox 391 4717 2102 4790">
     <span class='ocr_line' id='line_1_49' title="bbox 391 4717 2102 4790; baseline 0.001 -17"><span class='ocrx_word' id='word_1_390' title='bbox 391 4719 462 4775; x_wconf 90' lang='lat' dir='ltr'><strong>ad</strong></span> <span class='ocrx_word' id='word_1_391' title='bbox 504 4733 638 4772; x_wconf 91' lang='lat' dir='ltr'><strong>eum</strong></span> <span class='ocrx_word' id='word_1_392' title='bbox 673 4717 967 4771; x_wconf 91' lang='lat' dir='ltr'><strong>intrabant</strong></span> <span class='ocrx_word' id='word_1_393' title='bbox 994 4717 1038 4783; x_wconf 82' lang='grc'><strong>⁷,</strong></span> <span class='ocrx_word' id='word_1_394' title='bbox 1089 4717 1175 4771; x_wconf 87' lang='lat' dir='ltr'><strong>vel</strong></span> <span class='ocrx_word' id='word_1_395' title='bbox 1206 4717 1361 4771; x_wconf 89' lang='lat' dir='ltr'><strong>solus</strong></span> <span class='ocrx_word' id='word_1_396' title='bbox 1390 4732 1524 4771; x_wconf 90' lang='lat' dir='ltr'><strong>cum</strong></span> <span class='ocrx_word' id='word_1_397' title='bbox 1553 4717 1690 4771; x_wconf 90' lang='lat' dir='ltr'><strong>solis</strong></span> <span class='ocrx_word' id='word_1_398' title='bbox 1720 4734 1983 4790; x_wconf 89' lang='lat' dir='ltr'><strong>unquam</strong></span> <span class='ocrx_word' id='word_1_399' title='bbox 2015 4726 2102 4774; x_wconf 89' lang='lat' dir='ltr'><strong>est</strong></span> 
     </span>
    </p>
   </div>
   <div class='ocr_carea' id='block_1_50' title="bbox 392 4805 1874 4877">
    <p class='ocr_par' dir='ltr' id='par_1_50' title="bbox 392 4805 1874 4877">
     <span class='ocr_line' id='line_1_50' title="bbox 392 4805 1874 4877; baseline -0.001 -14"><span class='ocrx_word' id='word_1_400' title='bbox 392 4810 635 4875; x_wconf 90' lang='lat' dir='ltr'><strong>locutus,</strong></span> <span class='ocrx_word' id='word_1_401' title='bbox 667 4823 772 4862; x_wconf 89' lang='lat' dir='ltr'><strong>nec</strong></span> <span class='ocrx_word' id='word_1_402' title='bbox 790 4807 837 4861; x_wconf 87' lang='lat' dir='ltr'><strong>si</strong></span> <span class='ocrx_word' id='word_1_403' title='bbox 873 4810 1224 4861; x_wconf 89' lang='lat' dir='ltr'><strong>secretorum</strong></span> <span class='ocrx_word' id='word_1_404' title='bbox 1252 4805 1470 4877; x_wconf 90' lang='lat' dir='ltr'><strong>aliquid</strong></span> <span class='ocrx_word' id='word_1_405' title='bbox 1500 4805 1804 4862; x_wconf 86' lang='lat' dir='ltr'><strong>interesset</strong></span> <span class='ocrx_word' id='word_1_406' title='bbox 1828 4807 1874 4862; x_wconf 82' lang='grc'><strong>⁸.</strong></span> 
     </span>
    </p>
   </div>
   <div class='ocr_carea' id='block_1_51' title="bbox 454 4912 2094 4976">
    <p class='ocr_par' dir='ltr' id='par_1_51' title="bbox 454 4912 2094 4976">
     <span class='ocr_line' id='line_1_51' title="bbox 454 4912 2094 4976; baseline 0.002 -14"><span class='ocrx_word' id='word_1_407' title='bbox 454 4917 472 4949; x_wconf 78' lang='grc' dir='ltr'>ί</span> <span class='ocrx_word' id='word_1_408' title='bbox 502 4913 660 4972; x_wconf 88' lang='lat' dir='ltr'><strong>Editi,</strong></span> <span class='ocrx_word' id='word_1_409' title='bbox 673 4914 748 4964; x_wconf 86' lang='lat' dir='ltr'><strong>ad</strong></span> <span class='ocrx_word' id='word_1_410' title='bbox 770 4912 1076 4976; x_wconf 74' lang='lat' dir='ltr'><strong>modicum;</strong></span> <span class='ocrx_word' id='word_1_411' title='bbox 1097 4915 1345 4962; x_wconf 87' lang='lat' dir='ltr'><strong>etomnes</strong></span> <span class='ocrx_word' id='word_1_412' title='bbox 1365 4913 1487 4976; x_wconf 79' lang='lat' dir='ltr'><strong>Mss.</strong></span> <span class='ocrx_word' id='word_1_413' title='bbox 1501 4913 1739 4976; x_wconf 65' lang='lat' dir='ltr'><strong>praebent</strong></span> <span class='ocrx_word' id='word_1_414' title='bbox 1757 4913 2094 4965; x_wconf 80' lang='lat' dir='ltr'><strong>admensam.</strong></span> 
     </span>
    </p>
   </div>
   <div class='ocr_carea' id='block_1_52' title="bbox 390 4974 1934 5036">
    <p class='ocr_par' dir='ltr' id='par_1_52' title="bbox 390 4974 1934 5036">
     <span class='ocr_line' id='line_1_52' title="bbox 390 4974 1934 5036; baseline 0.001 -10"><span class='ocrx_word' id='word_1_415' title='bbox 390 5002 451 5013; x_wconf 96' lang='lat'><strong><em>—</em></strong></span> <span class='ocrx_word' id='word_1_416' title='bbox 482 4976 705 5034; x_wconf 85' lang='lat' dir='ltr'><strong>Salinas,</strong></span> <span class='ocrx_word' id='word_1_417' title='bbox 736 4990 802 5026; x_wconf 83' lang='lat' dir='ltr'><strong>ex</strong></span> <span class='ocrx_word' id='word_1_418' title='bbox 831 4976 922 5025; x_wconf 87' lang='lat' dir='ltr'><strong>Cd.</strong></span> <span class='ocrx_word' id='word_1_419' title='bbox 955 4975 1208 5025; x_wconf 82' lang='lat' dir='ltr'><strong>Vaticano</strong></span> <span class='ocrx_word' id='word_1_420' title='bbox 1234 4976 1375 5036; x_wconf 82' lang='grc'>1190,</span> <span class='ocrx_word' id='word_1_421' title='bbox 1403 4974 1473 5026; x_wconf 89' lang='lat' dir='ltr'><strong>ad</strong></span> <span class='ocrx_word' id='word_1_422' title='bbox 1501 4974 1790 5026; x_wconf 75' lang='lat' dir='ltr'><strong>modicum.</strong></span> <span class='ocrx_word' id='word_1_423' title='bbox 1858 4979 1934 5028; x_wconf 86' lang='lat' dir='ltr'><strong>M.</strong></span> 
     </span>
    </p>
   </div>
   <div class='ocr_carea' id='block_1_53' title="bbox 451 5037 990 5101">
    <p class='ocr_par' dir='ltr' id='par_1_53' title="bbox 451 5037 990 5101">
     <span class='ocr_line' id='line_1_53' title="bbox 451 5037 990 5101; baseline 0 -14"><span class='ocrx_word' id='word_1_424' title='bbox 451 5041 474 5074; x_wconf 73' lang='grc'>³</span> <span class='ocrx_word' id='word_1_425' title='bbox 507 5040 578 5101; x_wconf 89' lang='lat' dir='ltr'><strong>In</strong></span> <span class='ocrx_word' id='word_1_426' title='bbox 603 5039 746 5097; x_wconf 86' lang='lat' dir='ltr'><strong>Mss.,</strong></span> <span class='ocrx_word' id='word_1_427' title='bbox 767 5037 990 5101; x_wconf 77' lang='lat' dir='ltr'><strong>fecisset.</strong></span> 
     </span>
    </p>
   </div>
   <div class='ocr_carea' id='block_1_54' title="bbox 451 5098 2094 5160">
    <p class='ocr_par' dir='ltr' id='par_1_54' title="bbox 451 5098 2094 5160">
     <span class='ocr_line' id='line_1_54' title="bbox 451 5098 2094 5160; baseline 0.002 -9"><span class='ocrx_word' id='word_1_428' title='bbox 451 5105 474 5137; x_wconf 86' lang='grc'><strong>³</strong></span> <span class='ocrx_word' id='word_1_429' title='bbox 499 5100 724 5158; x_wconf 86' lang='lat' dir='ltr'><strong>Salinas,</strong></span> <span class='ocrx_word' id='word_1_430' title='bbox 754 5098 819 5150; x_wconf 83' lang='lat' dir='ltr'><strong>ex</strong></span> <span class='ocrx_word' id='word_1_431' title='bbox 844 5102 1053 5151; x_wconf 89' lang='lat' dir='ltr'><strong>duobus</strong></span> <span class='ocrx_word' id='word_1_432' title='bbox 1081 5099 1196 5160; x_wconf 88' lang='lat' dir='ltr'><strong>Cd.,</strong></span> <span class='ocrx_word' id='word_1_433' title='bbox 1227 5100 1282 5150; x_wconf 85' lang='lat' dir='ltr'><strong>et</strong></span> <span class='ocrx_word' id='word_1_434' title='bbox 1320 5098 1558 5151; x_wconf 81' lang='lat' dir='ltr'><strong>honesta.</strong></span> <span class='ocrx_word' id='word_1_435' title='bbox 1579 5099 1640 5149; x_wconf 90' lang='lat' dir='ltr'><strong>In</strong></span> <span class='ocrx_word' id='word_1_436' title='bbox 1675 5113 1784 5149; x_wconf 92' lang='lat' dir='ltr'><strong>uno</strong></span> <span class='ocrx_word' id='word_1_437' title='bbox 1815 5101 1961 5152; x_wconf 88' lang='lat' dir='ltr'><strong>deest</strong></span> <span class='ocrx_word' id='word_1_438' title='bbox 2003 5102 2094 5154; x_wconf 76' lang='lat' dir='ltr'><strong>ho-</strong></span> 
     </span>
    </p>
   </div>
   <div class='ocr_carea' id='block_1_55' title="bbox 391 5164 2094 5300">
    <p class='ocr_par' dir='ltr' id='par_1_55' title="bbox 391 5164 2094 5300">
     <span class='ocr_line' id='line_1_55' title="bbox 391 5164 2094 5300; baseline 0.003 -27"><span class='ocrx_word' id='word_1_439' title='bbox 391 5166 654 5300; x_wconf 52' lang='grc' dir='ltr'><strong>ῗθῖ</strong></span> <span class='ocrx_word' id='word_1_440' title='bbox 675 5164 898 5300; x_wconf 49' lang='lat' dir='ltr'><strong>tque.</strong></span> <span class='ocrx_word' id='word_1_441' title='bbox 922 5225 1171 5276; x_wconf 84' lang='lat' dir='ltr'><strong>eumdem</strong></span> <span class='ocrx_word' id='word_1_442' title='bbox 1202 5224 1442 5290; x_wconf 77' lang='lat' dir='ltr'><strong>fratrem</strong></span> <span class='ocrx_word' id='word_1_443' title='bbox 1479 5238 1583 5275; x_wconf 86' lang='lat' dir='ltr'><strong>esse</strong></span> <span class='ocrx_word' id='word_1_444' title='bbox 1614 5225 2094 5278; x_wconf 70' lang='lat' dir='ltr'><strong>reconciliandam.</strong></span> 
     </span>
    </p>
   </div>
   <div class='ocr_carea' id='block_1_56' title="bbox 392 5289 2089 5424">
    <p class='ocr_par' dir='ltr' id='par_1_56' title="bbox 392 5289 2089 5424">
     <span class='ocr_line' id='line_1_56' title="bbox 392 5289 1210 5352; baseline -0.002 -14"><span class='ocrx_word' id='word_1_445' title='bbox 392 5289 730 5352; x_wconf 80' lang='lat' dir='ltr'><strong>Castigantur</strong></span> <span class='ocrx_word' id='word_1_446' title='bbox 757 5289 823 5338; x_wconf 74' lang='lat' dir='ltr'><strong>ex</strong></span> <span class='ocrx_word' id='word_1_447' title='bbox 852 5289 973 5338; x_wconf 85' lang='lat' dir='ltr'><strong>Mss.</strong></span> <span class='ocrx_word' id='word_1_448' title='bbox 1203 5289 1210 5290; x_wconf 51' lang='lat'><strong><em>&#39;</em></strong></span> 
     </span>
     <span class='ocr_line' id='line_1_57' title="bbox 408 5345 2089 5424; baseline 0.001 -24"><span class='ocrx_word' id='word_1_449' title='bbox 408 5413 422 5424; x_wconf 31' lang='grc' dir='ltr'>ἱ</span> <span class='ocrx_word' id='word_1_450' title='bbox 453 5354 474 5387; x_wconf 76' lang='lat'><strong>5</strong></span> <span class='ocrx_word' id='word_1_451' title='bbox 503 5351 675 5401; x_wconf 83' lang='lat' dir='ltr'><strong>Nostri</strong></span> <span class='ocrx_word' id='word_1_452' title='bbox 701 5364 808 5400; x_wconf 92' lang='lat' dir='ltr'><strong>non</strong></span> <span class='ocrx_word' id='word_1_453' title='bbox 836 5351 1042 5424; x_wconf 46' lang='lat' dir='ltr'><strong>habent.</strong></span> <span class='ocrx_word' id='word_1_454' title='bbox 1069 5366 1080 5398; x_wconf 94' lang='lat'>:</span> <span class='ocrx_word' id='word_1_455' title='bbox 1112 5351 1303 5424; x_wconf 63' lang='grc' dir='ltr'><strong>ζῳιἮὶ</strong></span> <span class='ocrx_word' id='word_1_456' title='bbox 1323 5350 1413 5424; x_wconf 66' lang='lat' dir='ltr'><strong>sui</strong></span> <span class='ocrx_word' id='word_1_457' title='bbox 1441 5345 1664 5424; x_wconf 70' lang='lat' dir='ltr'><strong>ﬁii.se__et.</strong></span> <span class='ocrx_word' id='word_1_458' title='bbox 1703 5378 1736 5387; x_wconf 92' lang='lat'><strong>-</strong></span> <span class='ocrx_word' id='word_1_459' title='bbox 1789 5351 1954 5401; x_wconf 87' lang='lat' dir='ltr'><strong>Voces</strong></span> <span class='ocrx_word' id='word_1_460' title='bbox 1988 5366 2089 5402; x_wconf 55' lang='lat' dir='ltr'><strong>ere-</strong></span> 
     </span>
    </p>
   </div>
   <div class='ocr_carea' id='block_1_57' title="bbox 393 5412 1622 5477">
    <p class='ocr_par' dir='ltr' id='par_1_57' title="bbox 393 5412 1622 5477">
     <span class='ocr_line' id='line_1_58' title="bbox 393 5412 1622 5477; baseline -0.001 -15"><span class='ocrx_word' id='word_1_461' title='bbox 393 5413 513 5462; x_wconf 91' lang='lat' dir='ltr'><strong>dem</strong></span> <span class='ocrx_word' id='word_1_462' title='bbox 549 5427 842 5477; x_wconf 66' lang='lat' dir='ltr'><strong>suppressa:</strong></span> <span class='ocrx_word' id='word_1_463' title='bbox 871 5412 1210 5477; x_wconf 76' lang='lat' dir='ltr'><strong>suntinCd.</strong></span> <span class='ocrx_word' id='word_1_464' title='bbox 1253 5412 1481 5477; x_wconf 85' lang='lat' dir='ltr'><strong>Salinas.</strong></span> <span class='ocrx_word' id='word_1_465' title='bbox 1554 5414 1622 5462; x_wconf 88' lang='lat' dir='ltr'><strong>M.</strong></span> 
     </span>
    </p>
   </div>
   <div class='ocr_carea' id='block_1_58' title="bbox 455 5475 2096 5550">
    <p class='ocr_par' dir='ltr' id='par_1_58' title="bbox 455 5475 2096 5550">
     <span class='ocr_line' id='line_1_59' title="bbox 455 5475 2096 5550; baseline 0.002 -26"><span class='ocrx_word' id='word_1_466' title='bbox 455 5477 477 5510; x_wconf 69' lang='grc' dir='ltr'><strong>θ</strong></span> <span class='ocrx_word' id='word_1_467' title='bbox 511 5475 914 5550; x_wconf 54' lang='grc' dir='ltr'><strong>γειῐιιξξίξρἰιιιυε⁶</strong></span> <span class='ocrx_word' id='word_1_468' title='bbox 949 5475 1040 5550; x_wconf 80' lang='lat' dir='ltr'><strong>Cd.</strong></span> <span class='ocrx_word' id='word_1_469' title='bbox 1092 5475 1415 5550; x_wconf 74' lang='lat' dir='ltr'><strong>Fossatensis</strong></span> <span class='ocrx_word' id='word_1_470' title='bbox 1439 5476 2096 5550; x_wconf 41' lang='grc' dir='ltr'><strong>ΔεΔΑτξε.ςιίίςρνιιαιηζίὸιιε</strong></span> 
     </span>
    </p>
   </div>
   <div class='ocr_carea' id='block_1_59' title="bbox 389 5537 2099 5672">
    <p class='ocr_par' dir='ltr' id='par_1_59' title="bbox 389 5537 2099 5672">
     <span class='ocr_line' id='line_1_60' title="bbox 389 5537 2030 5650; baseline 0.001 -63"><span class='ocrx_word' id='word_1_471' title='bbox 389 5541 613 5610; x_wconf 74' lang='lat' dir='ltr'><strong>pessime</strong></span> <span class='ocrx_word' id='word_1_472' title='bbox 632 5537 946 5650; x_wconf 52' lang='lat' dir='ltr'><strong>iii/{amarn</strong></span> <span class='ocrx_word' id='word_1_473' title='bbox 976 5542 1028 5587; x_wconf 90' lang='lat' dir='ltr'><strong>et</strong></span> <span class='ocrx_word' id='word_1_474' title='bbox 1055 5538 1288 5610; x_wconf 62' lang='lat' dir='ltr'><strong>praeterit</strong></span> <span class='ocrx_word' id='word_1_475' title='bbox 1313 5551 1325 5585; x_wconf 94' lang='lat'><strong>:</strong></span> <span class='ocrx_word' id='word_1_476' title='bbox 1348 5537 1896 5612; x_wconf 74' lang='lat' dir='ltr'><strong>Aut_tenta_tionibus,</strong></span> <span class='ocrx_word' id='word_1_477' title='bbox 1933 5543 2030 5589; x_wconf 86' lang='lat' dir='ltr'><strong>etc.</strong></span> 
     </span>
     <span class='ocr_line' id='line_1_61' title="bbox 395 5599 2099 5672; baseline 0.002 -24"><span class='ocrx_word' id='word_1_478' title='bbox 510 5600 682 5671; x_wconf 80' lang='lat' dir='ltr'><strong>Editio</strong></span> <span class='ocrx_word' id='word_1_479' title='bbox 749 5613 879 5672; x_wconf 65' lang='lat' dir='ltr'><strong>o_v._;</strong></span> <span class='ocrx_word' id='word_1_480' title='bbox 915 5599 993 5650; x_wconf 80' lang='lat' dir='ltr'><strong>Ad</strong></span> <span class='ocrx_word' id='word_1_481' title='bbox 1025 5611 1132 5672; x_wconf 50' lang='lat' dir='ltr'><strong>ea:</strong></span> <span class='ocrx_word' id='word_1_482' title='bbox 1143 5600 1416 5672; x_wconf 55' lang='lat' dir='ltr'><strong>intrabat._</strong></span> <span class='ocrx_word' id='word_1_483' title='bbox 1429 5599 1862 5672; x_wconf 76' lang='lat' dir='ltr'><strong>dissentientibus</strong></span> <span class='ocrx_word' id='word_1_484' title='bbox 1891 5602 2099 5672; x_wconf 61' lang='lat' dir='ltr'><strong>Mss_._et</strong></span> 
     </span>
    </p>
   </div>
   <div class='ocr_carea' id='block_1_60' title="bbox 395 5661 2098 5778">
    <p class='ocr_par' dir='ltr' id='par_1_60' title="bbox 395 5661 2098 5778">
     <span class='ocr_line' id='line_1_62' title="bbox 395 5661 2088 5725; baseline 0.002 -15"><span class='ocrx_word' id='word_1_485' title='bbox 395 5661 686 5710; x_wconf 88' lang='lat' dir='ltr'><strong>Ulimmeri.</strong></span> <span class='ocrx_word' id='word_1_486' title='bbox 704 5662 999 5712; x_wconf 86' lang='lat' dir='ltr'><strong>--Salinas.</strong></span> <span class='ocrx_word' id='word_1_487' title='bbox 1014 5674 1076 5710; x_wconf 92' lang='lat' dir='ltr'><strong>ex</strong></span> <span class='ocrx_word' id='word_1_488' title='bbox 1097 5662 1189 5711; x_wconf 90' lang='lat' dir='ltr'><strong>Cd.</strong></span> <span class='ocrx_word' id='word_1_489' title='bbox 1221 5663 1346 5725; x_wconf 84' lang='lat' dir='ltr'><strong>Reg.</strong></span> <span class='ocrx_word' id='word_1_490' title='bbox 1367 5665 1451 5712; x_wconf 79' lang='grc'><strong>541</strong></span> <span class='ocrx_word' id='word_1_491' title='bbox 1472 5677 1484 5711; x_wconf 92' lang='lat'><strong>:</strong></span> <span class='ocrx_word' id='word_1_492' title='bbox 1509 5663 1590 5712; x_wconf 82' lang='lat' dir='ltr'><strong>Ad</strong></span> <span class='ocrx_word' id='word_1_493' title='bbox 1613 5677 1733 5713; x_wconf 89' lang='lat' dir='ltr'><strong>eam</strong></span> <span class='ocrx_word' id='word_1_494' title='bbox 1752 5663 2088 5714; x_wconf 71' lang='lat' dir='ltr'><strong>intrabatM.</strong></span> 
     </span>
     <span class='ocr_line' id='line_1_63' title="bbox 458 5723 2098 5778; baseline 0.001 -6"><span class='ocrx_word' id='word_1_495' title='bbox 458 5725 479 5757; x_wconf 75' lang='grc'>⁸</span> <span class='ocrx_word' id='word_1_496' title='bbox 509 5723 712 5773; x_wconf 81' lang='lat' dir='ltr'><strong>Salinas</strong></span> <span class='ocrx_word' id='word_1_497' title='bbox 743 5739 755 5772; x_wconf 88' lang='lat'><strong>:</strong></span> <span class='ocrx_word' id='word_1_498' title='bbox 796 5724 887 5775; x_wconf 82' lang='lat' dir='ltr'><strong>Vel</strong></span> <span class='ocrx_word' id='word_1_499' title='bbox 909 5724 1051 5774; x_wconf 82' lang='lat' dir='ltr'><strong>satus</strong></span> <span class='ocrx_word' id='word_1_500' title='bbox 1082 5737 1206 5774; x_wconf 84' lang='lat' dir='ltr'><strong>cum</strong></span> <span class='ocrx_word' id='word_1_501' title='bbox 1227 5725 1356 5775; x_wconf 82' lang='lat' dir='ltr'><strong>solis</strong></span> <span class='ocrx_word' id='word_1_502' title='bbox 1373 5737 1610 5778; x_wconf 78' lang='lat' dir='ltr'><strong>unquam</strong></span> <span class='ocrx_word' id='word_1_503' title='bbox 1631 5730 1707 5776; x_wconf 88' lang='lat' dir='ltr'><strong>est</strong></span> <span class='ocrx_word' id='word_1_504' title='bbox 1729 5727 1967 5778; x_wconf 77' lang='lat' dir='ltr'><strong>locutus.</strong></span> <span class='ocrx_word' id='word_1_505' title='bbox 1997 5729 2098 5774; x_wconf 77' lang='lat' dir='ltr'><strong>nisi</strong></span> 
     </span>
    </p>
   </div>
   <div class='ocr_carea' id='block_1_61' title="bbox 395 5737 2090 5852">
    <p class='ocr_par' dir='ltr' id='par_1_61' title="bbox 395 5737 2090 5852">
     <span class='ocr_line' id='line_1_64' title="bbox 458 5737 2090 5788; baseline 0.001 -16"><span class='ocrx_word' id='word_1_506' title='bbox 458 5737 479 5757; x_wconf 74' lang='grc' dir='ltr'><strong><em>ο</em></strong></span> <span class='ocrx_word' id='word_1_507' title='bbox 509 5737 712 5773; x_wconf 62' lang='lat' dir='ltr'><strong>salinas</strong></span> <span class='ocrx_word' id='word_1_508' title='bbox 743 5739 755 5772; x_wconf 87' lang='lat'><strong>:</strong></span> <span class='ocrx_word' id='word_1_509' title='bbox 799 5737 887 5775; x_wconf 74' lang='lat' dir='ltr'><strong>vei</strong></span> <span class='ocrx_word' id='word_1_510' title='bbox 909 5737 1051 5774; x_wconf 78' lang='lat' dir='ltr'><strong>satus</strong></span> <span class='ocrx_word' id='word_1_511' title='bbox 1082 5737 1206 5774; x_wconf 84' lang='lat' dir='ltr'><strong>cum</strong></span> <span class='ocrx_word' id='word_1_512' title='bbox 1227 5737 1356 5775; x_wconf 83' lang='lat' dir='ltr'><strong>sam</strong></span> <span class='ocrx_word' id='word_1_513' title='bbox 1373 5737 1610 5788; x_wconf 81' lang='lat' dir='ltr'><strong>unquam</strong></span> <span class='ocrx_word' id='word_1_514' title='bbox 1631 5737 1707 5776; x_wconf 77' lang='lat' dir='ltr'><strong>est</strong></span> <span class='ocrx_word' id='word_1_515' title='bbox 1729 5737 1967 5783; x_wconf 75' lang='lat' dir='ltr'><strong>locutus,</strong></span> <span class='ocrx_word' id='word_1_516' title='bbox 1997 5737 2090 5774; x_wconf 70' lang='lat' dir='ltr'><strong>ms:</strong></span> 
     </span>
     <span class='ocr_line' id='line_1_65' title="bbox 395 5786 2090 5852; baseline 0.001 -19"><span class='ocrx_word' id='word_1_517' title='bbox 395 5789 730 5836; x_wconf 73' lang='lat' dir='ltr'><strong>secretorum</strong></span> <span class='ocrx_word' id='word_1_518' title='bbox 760 5786 970 5852; x_wconf 76' lang='lat' dir='ltr'><strong>aliquid</strong></span> <span class='ocrx_word' id='word_1_519' title='bbox 986 5786 1290 5848; x_wconf 87' lang='lat' dir='ltr'><strong>interesset;</strong></span> <span class='ocrx_word' id='word_1_520' title='bbox 1311 5787 1517 5852; x_wconf 82' lang='lat' dir='ltr'><strong>adjecta</strong></span> <span class='ocrx_word' id='word_1_521' title='bbox 1538 5788 1638 5839; x_wconf 83' lang='lat' dir='ltr'><strong>hac</strong></span> <span class='ocrx_word' id='word_1_522' title='bbox 1661 5789 1882 5838; x_wconf 85' lang='lat' dir='ltr'><strong>notula:</strong></span> <span class='ocrx_word' id='word_1_523' title='bbox 1909 5786 2090 5838; x_wconf 83' lang='lat' dir='ltr'><strong>Codex</strong></span> 
     </span>
    </p>
   </div>
   <div class='ocr_carea' id='block_1_62' title="bbox 2247 531 3902 600">
    <p class='ocr_par' dir='ltr' id='par_1_62' title="bbox 2247 531 3902 600">
     <span class='ocr_line' id='line_1_66' title="bbox 2247 531 3902 600; baseline -0.003 -11"><span class='ocrx_word' id='word_1_524' title='bbox 2247 540 2338 589; x_wconf 87' lang='lat' dir='ltr'><strong>tes.</strong></span> <span class='ocrx_word' id='word_1_525' title='bbox 2377 533 2656 588; x_wconf 74' lang='lat' dir='ltr'><strong>Ambrosii</strong></span> <span class='ocrx_word' id='word_1_526' title='bbox 2689 534 2748 585; x_wconf 88' lang='lat' dir='ltr'><strong>in</strong></span> <span class='ocrx_word' id='word_1_527' title='bbox 2788 532 3042 585; x_wconf 71' lang='lat' dir='ltr'><strong>extremis</strong></span> <span class='ocrx_word' id='word_1_528' title='bbox 3068 531 3392 600; x_wconf 60' lang='lat' dir='ltr'><strong>praclarum</strong></span> <span class='ocrx_word' id='word_1_529' title='bbox 3431 531 3652 586; x_wconf 87' lang='lat' dir='ltr'><strong>dictum.</strong></span> <span class='ocrx_word' id='word_1_530' title='bbox 3696 532 3902 586; x_wconf 82' lang='lat' dir='ltr'><strong>Altera</strong></span> 
     </span>
    </p>
   </div>
   <div class='ocr_carea' id='block_1_63' title="bbox 2252 622 3897 692">
    <p class='ocr_par' dir='ltr' id='par_1_63' title="bbox 2252 622 3897 692">
     <span class='ocr_line' id='line_1_67' title="bbox 2252 622 3897 692; baseline -0.004 -14"><span class='ocrx_word' id='word_1_531' title='bbox 2252 624 2492 692; x_wconf 79' lang='lat' dir='ltr'><strong>episcopi</strong></span> <span class='ocrx_word' id='word_1_532' title='bbox 2521 623 2683 675; x_wconf 82' lang='lat' dir='ltr'><strong>morti</strong></span> <span class='ocrx_word' id='word_1_533' title='bbox 2705 623 3144 690; x_wconf 64' lang='lat' dir='ltr'><strong>praepinquantis</strong></span> <span class='ocrx_word' id='word_1_534' title='bbox 3168 622 3370 674; x_wconf 57' lang='lat' dir='ltr'><strong>eximia</strong></span> <span class='ocrx_word' id='word_1_535' title='bbox 3399 622 3667 674; x_wconf 83' lang='lat' dir='ltr'><strong>sententia</strong></span> <span class='ocrx_word' id='word_1_536' title='bbox 3695 624 3897 674; x_wconf 79' lang='lat' dir='ltr'><strong>contra.</strong></span> 
     </span>
    </p>
   </div>
   <div class='ocr_carea' id='block_1_64' title="bbox 2251 709 3247 780">
    <p class='ocr_par' dir='ltr' id='par_1_64' title="bbox 2251 709 3247 780">
     <span class='ocr_line' id='line_1_68' title="bbox 2251 709 3247 780; baseline -0.004 -14"><span class='ocrx_word' id='word_1_537' title='bbox 2251 715 2378 766; x_wconf 77' lang='lat' dir='ltr'><strong>vitae</strong></span> <span class='ocrx_word' id='word_1_538' title='bbox 2407 712 2492 765; x_wconf 79' lang='lat' dir='ltr'><strong>hic</strong></span> <span class='ocrx_word' id='word_1_539' title='bbox 2514 711 2841 780; x_wconf 70' lang='lat' dir='ltr'><strong>protixioris</strong></span> <span class='ocrx_word' id='word_1_540' title='bbox 2871 709 3247 778; x_wconf 79' lang='lat' dir='ltr'><strong>cupiditatem.</strong></span> 
     </span>
    </p>
   </div>
   <div class='ocr_carea' id='block_1_65' title="bbox 2253 850 3898 921">
    <p class='ocr_par' dir='ltr' id='par_1_65' title="bbox 2253 850 3898 921">
     <span class='ocr_line' id='line_1_69' title="bbox 2253 850 3898 921; baseline -0.004 -11"><span class='ocrx_word' id='word_1_541' title='bbox 2253 856 2318 910; x_wconf 75' lang='lat' dir='ltr'><strong>In</strong></span> <span class='ocrx_word' id='word_1_542' title='bbox 2357 852 2769 908; x_wconf 89' lang='lat' dir='ltr'><strong>visitationibus</strong></span> <span class='ocrx_word' id='word_1_543' title='bbox 2809 867 2940 905; x_wconf 84' lang='lat' dir='ltr'><strong>vero</strong></span> <span class='ocrx_word' id='word_1_544' title='bbox 2973 851 3207 905; x_wconf 90' lang='lat' dir='ltr'><strong>modum</strong></span> <span class='ocrx_word' id='word_1_545' title='bbox 3253 851 3482 905; x_wconf 90' lang='lat' dir='ltr'><strong>tenebat</strong></span> <span class='ocrx_word' id='word_1_546' title='bbox 3513 851 3583 904; x_wconf 89' lang='lat' dir='ltr'><strong>ab</strong></span> <span class='ocrx_word' id='word_1_547' title='bbox 3629 850 3898 921; x_wconf 90' lang='lat' dir='ltr'><strong>apostolo</strong></span> 
     </span>
    </p>
   </div>
   <div class='ocr_carea' id='block_1_66' title="bbox 2185 939 3902 1012">
    <p class='ocr_par' dir='ltr' id='par_1_66' title="bbox 2185 939 3902 1012">
     <span class='ocr_line' id='line_1_70' title="bbox 2185 939 3902 1012; baseline -0.005 -13"><span class='ocrx_word' id='word_1_548' title='bbox 2185 943 2509 1010; x_wconf 83' lang='lat' dir='ltr'><strong>definitum,</strong></span> <span class='ocrx_word' id='word_1_549' title='bbox 2559 947 2625 997; x_wconf 90' lang='lat' dir='ltr'><strong>ut</strong></span> <span class='ocrx_word' id='word_1_550' title='bbox 2669 941 2898 996; x_wconf 85' lang='lat' dir='ltr'><strong>nonnisi</strong></span> <span class='ocrx_word' id='word_1_551' title='bbox 2927 940 3178 1012; x_wconf 90' lang='lat' dir='ltr'><strong>pupillos</strong></span> <span class='ocrx_word' id='word_1_552' title='bbox 3223 944 3279 993; x_wconf 91' lang='lat' dir='ltr'><strong>et</strong></span> <span class='ocrx_word' id='word_1_553' title='bbox 3316 940 3514 995; x_wconf 91' lang='lat' dir='ltr'><strong>viduas</strong></span> <span class='ocrx_word' id='word_1_554' title='bbox 3555 939 3617 994; x_wconf 90' lang='lat' dir='ltr'><strong>in</strong></span> <span class='ocrx_word' id='word_1_555' title='bbox 3647 939 3902 994; x_wconf 86' lang='lat' dir='ltr'><strong>tribula-</strong></span> 
     </span>
    </p>
   </div>
   <div class='ocr_carea' id='block_1_67' title="bbox 2184 1027 3898 1099">
    <p class='ocr_par' dir='ltr' id='par_1_67' title="bbox 2184 1027 3898 1099">
     <span class='ocr_line' id='line_1_71' title="bbox 2184 1027 3898 1099; baseline -0.005 -11"><span class='ocrx_word' id='word_1_556' title='bbox 2184 1034 2433 1088; x_wconf 89' lang='lat' dir='ltr'><strong>tionibus</strong></span> <span class='ocrx_word' id='word_1_557' title='bbox 2481 1031 2817 1086; x_wconf 86' lang='lat' dir='ltr'><strong>constitutas</strong></span> <span class='ocrx_word' id='word_1_558' title='bbox 2847 1029 2866 1064; x_wconf 82' lang='grc'>¹</span> <span class='ocrx_word' id='word_1_559' title='bbox 2925 1029 3179 1083; x_wconf 86' lang='lat' dir='ltr'><strong>visitaret</strong></span> <span class='ocrx_word' id='word_1_560' title='bbox 3225 1029 3433 1099; x_wconf 84' lang='lat' dir='ltr'><strong>(Jacobi</strong></span> <span class='ocrx_word' id='word_1_561' title='bbox 3485 1046 3522 1093; x_wconf 84' lang='grc' dir='ltr'><strong>ι,</strong></span> <span class='ocrx_word' id='word_1_562' title='bbox 3577 1029 3684 1093; x_wconf 85' lang='lat'><strong>‘27).</strong></span> <span class='ocrx_word' id='word_1_563' title='bbox 3743 1029 3809 1082; x_wconf 83' lang='lat' dir='ltr'><strong>Et</strong></span> <span class='ocrx_word' id='word_1_564' title='bbox 3850 1027 3898 1079; x_wconf 89' lang='lat' dir='ltr'><strong>si</strong></span> 
     </span>
    </p>
   </div>
   <div class='ocr_carea' id='block_1_68' title="bbox 2185 1116 3901 1192">
    <p class='ocr_par' dir='ltr' id='par_1_68' title="bbox 2185 1116 3901 1192">
     <span class='ocr_line' id='line_1_72' title="bbox 2185 1116 3901 1192; baseline -0.004 -16"><span class='ocrx_word' id='word_1_565' title='bbox 2185 1123 2331 1176; x_wconf 85' lang='lat' dir='ltr'><strong>forte</strong></span> <span class='ocrx_word' id='word_1_566' title='bbox 2370 1122 2440 1176; x_wconf 91' lang='lat' dir='ltr'><strong>ab</strong></span> <span class='ocrx_word' id='word_1_567' title='bbox 2489 1119 2902 1192; x_wconf 64' lang='lat' dir='ltr'><strong>aegrotantibus</strong></span> <span class='ocrx_word' id='word_1_568' title='bbox 2951 1119 3023 1172; x_wconf 90' lang='lat' dir='ltr'><strong>ob</strong></span> <span class='ocrx_word' id='word_1_569' title='bbox 3074 1119 3184 1172; x_wconf 89' lang='lat' dir='ltr'><strong>hoc</strong></span> <span class='ocrx_word' id='word_1_570' title='bbox 3213 1122 3526 1188; x_wconf 87' lang='lat' dir='ltr'><strong>peterelur,</strong></span> <span class='ocrx_word' id='word_1_571' title='bbox 3562 1121 3624 1170; x_wconf 90' lang='lat' dir='ltr'><strong>ut</strong></span> <span class='ocrx_word' id='word_1_572' title='bbox 3653 1133 3764 1187; x_wconf 89' lang='lat' dir='ltr'><strong>pro</strong></span> <span class='ocrx_word' id='word_1_573' title='bbox 3817 1116 3901 1169; x_wconf 85' lang='lat' dir='ltr'><strong>eis</strong></span> 
     </span>
    </p>
   </div>
   <div class='ocr_carea' id='block_1_69' title="bbox 2187 1204 3904 1281">
    <p class='ocr_par' dir='ltr' id='par_1_69' title="bbox 2187 1204 3904 1281">
     <span class='ocr_line' id='line_1_73' title="bbox 2187 1204 3904 1281; baseline -0.004 -16"><span class='ocrx_word' id='word_1_574' title='bbox 2187 1212 2247 1265; x_wconf 92' lang='lat' dir='ltr'><strong>in</strong></span> <span class='ocrx_word' id='word_1_575' title='bbox 2277 1209 2547 1281; x_wconf 50' lang='lat' dir='ltr'><strong>praisenti</strong></span> <span class='ocrx_word' id='word_1_576' title='bbox 2587 1207 2894 1263; x_wconf 89' lang='lat' dir='ltr'><strong>Dominum</strong></span> <span class='ocrx_word' id='word_1_577' title='bbox 2937 1211 3178 1276; x_wconf 86' lang='lat' dir='ltr'><strong>rogaret,</strong></span> <span class='ocrx_word' id='word_1_578' title='bbox 3223 1205 3418 1276; x_wconf 90' lang='lat' dir='ltr'><strong>eisque</strong></span> <span class='ocrx_word' id='word_1_579' title='bbox 3460 1221 3666 1259; x_wconf 87' lang='lat' dir='ltr'><strong>manus</strong></span> <span class='ocrx_word' id='word_1_580' title='bbox 3695 1204 3904 1274; x_wconf 83' lang='lat' dir='ltr'><strong>impo-</strong></span> 
     </span>
    </p>
   </div>
   <div class='ocr_carea' id='block_1_70' title="bbox 2187 1293 3905 1366">
    <p class='ocr_par' dir='ltr' id='par_1_70' title="bbox 2187 1293 3905 1366">
     <span class='ocr_line' id='line_1_74' title="bbox 2187 1293 3905 1366; baseline -0.005 -12"><span class='ocrx_word' id='word_1_581' title='bbox 2187 1303 2376 1364; x_wconf 90' lang='lat' dir='ltr'><strong>neret;</strong></span> <span class='ocrx_word' id='word_1_582' title='bbox 2409 1297 2530 1352; x_wconf 90' lang='lat' dir='ltr'><strong>sine</strong></span> <span class='ocrx_word' id='word_1_583' title='bbox 2578 1313 2741 1350; x_wconf 90' lang='lat' dir='ltr'><strong>mora</strong></span> <span class='ocrx_word' id='word_1_584' title='bbox 2769 1295 3043 1366; x_wconf 88' lang='lat' dir='ltr'><strong>pergebat</strong></span> <span class='ocrx_word' id='word_1_585' title='bbox 3070 1297 3117 1349; x_wconf 71' lang='lat'><strong>’.</strong></span> <span class='ocrx_word' id='word_1_586' title='bbox 3156 1293 3523 1348; x_wconf 82' lang='lat' dir='ltr'><strong>Feminarum</strong></span> <span class='ocrx_word' id='word_1_587' title='bbox 3552 1298 3748 1347; x_wconf 85' lang='lat' dir='ltr'><strong>autem</strong></span> <span class='ocrx_word' id='word_1_588' title='bbox 3781 1308 3905 1346; x_wconf 90' lang='lat' dir='ltr'><strong>mo-</strong></span> 
     </span>
    </p>
   </div>
   <div class='ocr_carea' id='block_1_71' title="bbox 2187 1380 3903 1456">
    <p class='ocr_par' dir='ltr' id='par_1_71' title="bbox 2187 1380 3903 1456">
     <span class='ocr_line' id='line_1_75' title="bbox 2187 1380 3903 1456; baseline -0.004 -14"><span class='ocrx_word' id='word_1_589' title='bbox 2187 1387 2437 1442; x_wconf 91' lang='lat' dir='ltr'><strong>nasteria</strong></span> <span class='ocrx_word' id='word_1_590' title='bbox 2475 1385 2705 1440; x_wconf 87' lang='lat' dir='ltr'><strong>nonnisi</strong></span> <span class='ocrx_word' id='word_1_591' title='bbox 2753 1383 3091 1456; x_wconf 90' lang='lat' dir='ltr'><strong>urgentibus</strong></span> <span class='ocrx_word' id='word_1_592' title='bbox 3135 1382 3562 1437; x_wconf 84' lang='lat' dir='ltr'><strong>necessitatibus</strong></span> <span class='ocrx_word' id='word_1_593' title='bbox 3601 1380 3903 1436; x_wconf 84' lang='lat' dir='ltr'><strong>visitabat.</strong></span> 
     </span>
    </p>
   </div>
   <div class='ocr_carea' id='block_1_72' title="bbox 2260 1469 3906 1545">
    <p class='ocr_par' dir='ltr' id='par_1_72' title="bbox 2260 1469 3906 1545">
     <span class='ocr_line' id='line_1_76' title="bbox 2260 1469 3906 1545; baseline -0.005 -13"><span class='ocrx_word' id='word_1_594' title='bbox 2260 1475 2613 1532; x_wconf 81' lang='lat' dir='ltr'><strong>Servandum</strong></span> <span class='ocrx_word' id='word_1_595' title='bbox 2665 1488 2894 1545; x_wconf 88' lang='lat' dir='ltr'><strong>quoque</strong></span> <span class='ocrx_word' id='word_1_596' title='bbox 2958 1471 3017 1526; x_wconf 91' lang='lat' dir='ltr'><strong>in</strong></span> <span class='ocrx_word' id='word_1_597' title='bbox 3065 1470 3180 1524; x_wconf 87' lang='lat' dir='ltr'><strong>vita</strong></span> <span class='ocrx_word' id='word_1_598' title='bbox 3227 1476 3285 1525; x_wconf 92' lang='lat' dir='ltr'><strong>et</strong></span> <span class='ocrx_word' id='word_1_599' title='bbox 3337 1470 3594 1524; x_wconf 90' lang='lat' dir='ltr'><strong>moribus</strong></span> <span class='ocrx_word' id='word_1_600' title='bbox 3646 1469 3906 1524; x_wconf 89' lang='lat' dir='ltr'><strong>hominis</strong></span> 
     </span>
    </p>
   </div>
   <div class='ocr_carea' id='block_1_73' title="bbox 2194 1559 3905 1634">
    <p class='ocr_par' dir='ltr' id='par_1_73' title="bbox 2194 1559 3905 1634">
     <span class='ocr_line' id='line_1_77' title="bbox 2194 1559 3905 1634; baseline -0.005 -15"><span class='ocrx_word' id='word_1_601' title='bbox 2194 1565 2293 1620; x_wconf 91' lang='lat' dir='ltr'><strong>Dei</strong></span> <span class='ocrx_word' id='word_1_602' title='bbox 2334 1563 2636 1623; x_wconf 88' lang='lat' dir='ltr'><strong>referebat.</strong></span> <span class='ocrx_word' id='word_1_603' title='bbox 2695 1562 2849 1634; x_wconf 91' lang='lat' dir='ltr'><strong>quod</strong></span> <span class='ocrx_word' id='word_1_604' title='bbox 2899 1561 2962 1614; x_wconf 93' lang='lat' dir='ltr'><strong>in</strong></span> <span class='ocrx_word' id='word_1_605' title='bbox 3004 1559 3269 1615; x_wconf 91' lang='lat' dir='ltr'><strong>instituto</strong></span> <span class='ocrx_word' id='word_1_606' title='bbox 3312 1563 3333 1595; x_wconf 81' lang='grc'>³</span> <span class='ocrx_word' id='word_1_607' title='bbox 3362 1565 3569 1614; x_wconf 65' lang='lat' dir='ltr'><strong>sanctis</strong></span> <span class='ocrx_word' id='word_1_608' title='bbox 3601 1559 3905 1613; x_wconf 72' lang='lat' dir='ltr'><strong>memoria:</strong></span> 
     </span>
    </p>
   </div>
   <div class='ocr_carea' id='block_1_74' title="bbox 2190 1649 3904 1723">
    <p class='ocr_par' dir='ltr' id='par_1_74' title="bbox 2190 1649 3904 1723">
     <span class='ocr_line' id='line_1_78' title="bbox 2190 1649 3904 1723; baseline -0.005 -14"><span class='ocrx_word' id='word_1_609' title='bbox 2190 1653 2473 1710; x_wconf 83' lang='lat' dir='ltr'><strong>Ambrosii</strong></span> <span class='ocrx_word' id='word_1_610' title='bbox 2520 1655 2898 1723; x_wconf 88' lang='lat' dir='ltr'><strong>compererat,</strong></span> <span class='ocrx_word' id='word_1_611' title='bbox 2929 1655 2994 1705; x_wconf 90' lang='lat' dir='ltr'><strong>ut</strong></span> <span class='ocrx_word' id='word_1_612' title='bbox 3019 1666 3256 1704; x_wconf 87' lang='lat' dir='ltr'><strong>uxorem</strong></span> <span class='ocrx_word' id='word_1_613' title='bbox 3286 1649 3555 1722; x_wconf 87' lang='lat' dir='ltr'><strong>cuiquam</strong></span> <span class='ocrx_word' id='word_1_614' title='bbox 3593 1665 3904 1720; x_wconf 86' lang='lat' dir='ltr'><strong>nunquam</strong></span> 
     </span>
    </p>
   </div>
   <div class='ocr_carea' id='block_1_75' title="bbox 2191 1738 3904 1813">
    <p class='ocr_par' dir='ltr' id='par_1_75' title="bbox 2191 1738 3904 1813">
     <span class='ocr_line' id='line_1_79' title="bbox 2191 1738 3904 1813; baseline -0.004 -17"><span class='ocrx_word' id='word_1_615' title='bbox 2191 1746 2472 1813; x_wconf 88' lang='lat' dir='ltr'><strong>posceret,</strong></span> <span class='ocrx_word' id='word_1_616' title='bbox 2504 1757 2690 1813; x_wconf 91' lang='lat' dir='ltr'><strong>neque</strong></span> <span class='ocrx_word' id='word_1_617' title='bbox 2732 1739 2974 1794; x_wconf 90' lang='lat' dir='ltr'><strong>militare</strong></span> <span class='ocrx_word' id='word_1_618' title='bbox 3013 1740 3297 1793; x_wconf 90' lang='lat' dir='ltr'><strong>volentem</strong></span> <span class='ocrx_word' id='word_1_619' title='bbox 3343 1739 3416 1792; x_wconf 89' lang='lat' dir='ltr'><strong>ad</strong></span> <span class='ocrx_word' id='word_1_620' title='bbox 3462 1738 3565 1792; x_wconf 90' lang='lat' dir='ltr'><strong>hoc</strong></span> <span class='ocrx_word' id='word_1_621' title='bbox 3602 1753 3904 1792; x_wconf 86' lang='lat' dir='ltr'><strong>commen-</strong></span> 
     </span>
    </p>
   </div>
   <div class='ocr_carea' id='block_1_76' title="bbox 2193 1827 3908 1902">
    <p class='ocr_par' dir='ltr' id='par_1_76' title="bbox 2193 1827 3908 1902">
     <span class='ocr_line' id='line_1_80' title="bbox 2193 1827 3908 1902; baseline -0.003 -17"><span class='ocrx_word' id='word_1_622' title='bbox 2193 1832 2370 1893; x_wconf 87' lang='lat' dir='ltr'><strong>daret,</strong></span> <span class='ocrx_word' id='word_1_623' title='bbox 2403 1846 2589 1902; x_wconf 90' lang='lat' dir='ltr'><strong>neque</strong></span> <span class='ocrx_word' id='word_1_624' title='bbox 2625 1830 2684 1883; x_wconf 91' lang='lat' dir='ltr'><strong>in</strong></span> <span class='ocrx_word' id='word_1_625' title='bbox 2725 1847 2827 1882; x_wconf 89' lang='lat' dir='ltr'><strong>sua</strong></span> <span class='ocrx_word' id='word_1_626' title='bbox 2851 1828 3034 1898; x_wconf 86' lang='lat' dir='ltr'><strong>patria</strong></span> <span class='ocrx_word' id='word_1_627' title='bbox 3063 1829 3273 1898; x_wconf 87' lang='lat' dir='ltr'><strong>petitus</strong></span> <span class='ocrx_word' id='word_1_628' title='bbox 3303 1828 3410 1882; x_wconf 89' lang='lat' dir='ltr'><strong>iret</strong></span> <span class='ocrx_word' id='word_1_629' title='bbox 3447 1829 3514 1882; x_wconf 84' lang='lat' dir='ltr'><strong>ad</strong></span> <span class='ocrx_word' id='word_1_630' title='bbox 3545 1827 3908 1882; x_wconf 88' lang='lat' dir='ltr'><strong>convivium.</strong></span> 
     </span>
    </p>
   </div>
   <div class='ocr_carea' id='block_1_77' title="bbox 2197 1915 3906 1989">
    <p class='ocr_par' dir='ltr' id='par_1_77' title="bbox 2197 1915 3906 1989">
     <span class='ocr_line' id='line_1_81' title="bbox 2197 1915 3906 1989; baseline -0.002 -17"><span class='ocrx_word' id='word_1_631' title='bbox 2197 1919 2274 1972; x_wconf 88' lang='lat' dir='ltr'><strong>De</strong></span> <span class='ocrx_word' id='word_1_632' title='bbox 2303 1918 2543 1989; x_wconf 86' lang='lat' dir='ltr'><strong>singulis</strong></span> <span class='ocrx_word' id='word_1_633' title='bbox 2581 1918 2753 1972; x_wconf 90' lang='lat' dir='ltr'><strong>rebus</strong></span> <span class='ocrx_word' id='word_1_634' title='bbox 2772 1917 3015 1971; x_wconf 87' lang='lat' dir='ltr'><strong>reddens</strong></span> <span class='ocrx_word' id='word_1_635' title='bbox 3034 1932 3250 1983; x_wconf 89' lang='lat' dir='ltr'><strong>causas,</strong></span> <span class='ocrx_word' id='word_1_636' title='bbox 3293 1915 3507 1970; x_wconf 88' lang='lat' dir='ltr'><strong>scilicet</strong></span> <span class='ocrx_word' id='word_1_637' title='bbox 3527 1932 3598 1970; x_wconf 92' lang='lat' dir='ltr'><strong>ne</strong></span> <span class='ocrx_word' id='word_1_638' title='bbox 3637 1915 3782 1970; x_wconf 86' lang='lat' dir='ltr'><strong>dum</strong></span> <span class='ocrx_word' id='word_1_639' title='bbox 3814 1915 3906 1970; x_wconf 81' lang='lat' dir='ltr'><strong>in-</strong></span> 
     </span>
    </p>
   </div>
   <div class='ocr_carea' id='block_1_78' title="bbox 2195 2003 3909 2076">
    <p class='ocr_par' dir='ltr' id='par_1_78' title="bbox 2195 2003 3909 2076">
     <span class='ocr_line' id='line_1_82' title="bbox 2195 2003 3909 2076; baseline -0.002 -17"><span class='ocrx_word' id='word_1_640' title='bbox 2195 2008 2283 2059; x_wconf 91' lang='lat' dir='ltr'><strong>ter</strong></span> <span class='ocrx_word' id='word_1_641' title='bbox 2310 2021 2368 2059; x_wconf 88' lang='lat' dir='ltr'><strong>se</strong></span> <span class='ocrx_word' id='word_1_642' title='bbox 2403 2003 2693 2076; x_wconf 86' lang='lat' dir='ltr'><strong>conjugati</strong></span> <span class='ocrx_word' id='word_1_643' title='bbox 2741 2021 2872 2059; x_wconf 85' lang='lat' dir='ltr'><strong>casu</strong></span> <span class='ocrx_word' id='word_1_644' title='bbox 2907 2004 3230 2075; x_wconf 90' lang='lat' dir='ltr'><strong>jurgarent,</strong></span> <span class='ocrx_word' id='word_1_645' title='bbox 3263 2003 3316 2058; x_wconf 93' lang='lat' dir='ltr'><strong>ei</strong></span> <span class='ocrx_word' id='word_1_646' title='bbox 3360 2003 3769 2058; x_wconf 87' lang='lat' dir='ltr'><strong>maledicerent</strong></span> <span class='ocrx_word' id='word_1_647' title='bbox 3800 2019 3909 2072; x_wconf 90' lang='lat' dir='ltr'><strong>per</strong></span> 
     </span>
    </p>
   </div>
   <div class='ocr_carea' id='block_1_79' title="bbox 2197 2090 3911 2164">
    <p class='ocr_par' dir='ltr' id='par_1_79' title="bbox 2197 2090 3911 2164">
     <span class='ocr_line' id='line_1_83' title="bbox 2197 2090 3911 2164; baseline -0.001 -17"><span class='ocrx_word' id='word_1_648' title='bbox 2197 2109 2370 2164; x_wconf 88' lang='lat' dir='ltr'><strong>quem</strong></span> <span class='ocrx_word' id='word_1_649' title='bbox 2417 2091 2708 2163; x_wconf 87' lang='lat' dir='ltr'><strong>conjuncti</strong></span> <span class='ocrx_word' id='word_1_650' title='bbox 2757 2097 2945 2146; x_wconf 90' lang='lat' dir='ltr'><strong>essent</strong></span> <span class='ocrx_word' id='word_1_651' title='bbox 2991 2108 3004 2146; x_wconf 90' lang='lat'>:</span> <span class='ocrx_word' id='word_1_652' title='bbox 3047 2093 3144 2146; x_wconf 90' lang='lat' dir='ltr'><strong>sed</strong></span> <span class='ocrx_word' id='word_1_653' title='bbox 3190 2093 3359 2163; x_wconf 88' lang='lat' dir='ltr'><strong>plane</strong></span> <span class='ocrx_word' id='word_1_654' title='bbox 3399 2092 3470 2146; x_wconf 91' lang='lat' dir='ltr'><strong>ad</strong></span> <span class='ocrx_word' id='word_1_655' title='bbox 3509 2091 3615 2146; x_wconf 92' lang='lat' dir='ltr'><strong>hoc</strong></span> <span class='ocrx_word' id='word_1_656' title='bbox 3643 2090 3755 2144; x_wconf 90' lang='lat' dir='ltr'><strong>sibi</strong></span> <span class='ocrx_word' id='word_1_657' title='bbox 3780 2091 3911 2160; x_wconf 87' lang='lat' dir='ltr'><strong>jam</strong></span> 
     </span>
    </p>
   </div>
   <div class='ocr_carea' id='block_1_80' title="bbox 2197 2179 3909 2252">
    <p class='ocr_par' dir='ltr' id='par_1_80' title="bbox 2197 2179 3909 2252">
     <span class='ocr_line' id='line_1_84' title="bbox 2197 2179 3909 2252; baseline -0.002 -16"><span class='ocrx_word' id='word_1_658' title='bbox 2197 2181 2311 2236; x_wconf 88' lang='lat' dir='ltr'><strong>illis</strong></span> <span class='ocrx_word' id='word_1_659' title='bbox 2338 2181 2824 2235; x_wconf 85' lang='lat' dir='ltr'><strong>consentientibus</strong></span> <span class='ocrx_word' id='word_1_660' title='bbox 2868 2180 3112 2252; x_wconf 90' lang='lat' dir='ltr'><strong>petitum</strong></span> <span class='ocrx_word' id='word_1_661' title='bbox 3158 2180 3432 2235; x_wconf 88' lang='lat' dir='ltr'><strong>interesse</strong></span> <span class='ocrx_word' id='word_1_662' title='bbox 3463 2179 3669 2234; x_wconf 90' lang='lat' dir='ltr'><strong>debere</strong></span> <span class='ocrx_word' id='word_1_663' title='bbox 3708 2196 3909 2234; x_wconf 88' lang='lat' dir='ltr'><strong>sacer-</strong></span> 
     </span>
    </p>
   </div>
   <div class='ocr_carea' id='block_1_81' title="bbox 2199 2269 3912 2342">
    <p class='ocr_par' dir='ltr' id='par_1_81' title="bbox 2199 2269 3912 2342">
     <span class='ocr_line' id='line_1_85' title="bbox 2199 2269 3912 2342; baseline -0.001 -17"><span class='ocrx_word' id='word_1_664' title='bbox 2199 2272 2412 2338; x_wconf 89' lang='lat' dir='ltr'><strong>dotem,</strong></span> <span class='ocrx_word' id='word_1_665' title='bbox 2437 2275 2498 2325; x_wconf 91' lang='lat' dir='ltr'><strong>ut</strong></span> <span class='ocrx_word' id='word_1_666' title='bbox 2515 2271 2602 2325; x_wconf 93' lang='lat' dir='ltr'><strong>vel</strong></span> <span class='ocrx_word' id='word_1_667' title='bbox 2626 2287 2824 2325; x_wconf 91' lang='lat' dir='ltr'><strong>eorum</strong></span> <span class='ocrx_word' id='word_1_668' title='bbox 2838 2271 2959 2342; x_wconf 89' lang='lat' dir='ltr'><strong>jam</strong></span> <span class='ocrx_word' id='word_1_669' title='bbox 2979 2275 3146 2341; x_wconf 90' lang='lat' dir='ltr'><strong>pacta</strong></span> <span class='ocrx_word' id='word_1_670' title='bbox 3164 2275 3219 2325; x_wconf 88' lang='lat' dir='ltr'><strong>et</strong></span> <span class='ocrx_word' id='word_1_671' title='bbox 3234 2269 3443 2342; x_wconf 90' lang='lat' dir='ltr'><strong>placita</strong></span> <span class='ocrx_word' id='word_1_672' title='bbox 3463 2269 3844 2324; x_wconf 83' lang='lat' dir='ltr'><strong>firmarentur</strong></span> <span class='ocrx_word' id='word_1_673' title='bbox 3867 2269 3912 2337; x_wconf 81' lang='grc'><strong>⁸,</strong></span> 
     </span>
    </p>
   </div>
   <div class='ocr_carea' id='block_1_82' title="bbox 2199 2357 3913 2415">
    <p class='ocr_par' dir='ltr' id='par_1_82' title="bbox 2199 2357 3913 2415">
     <span class='ocr_line' id='line_1_86' title="bbox 2199 2357 3913 2415; baseline -0.002 -1"><span class='ocrx_word' id='word_1_674' title='bbox 2199 2361 2288 2414; x_wconf 86' lang='lat' dir='ltr'><strong>vel</strong></span> <span class='ocrx_word' id='word_1_675' title='bbox 2326 2358 2828 2415; x_wconf 90' lang='lat' dir='ltr'><strong>benedicerentur.</strong></span> <span class='ocrx_word' id='word_1_676' title='bbox 2878 2360 2944 2414; x_wconf 86' lang='lat' dir='ltr'><strong>Et</strong></span> <span class='ocrx_word' id='word_1_677' title='bbox 2991 2375 3063 2413; x_wconf 91' lang='lat' dir='ltr'><strong>ne</strong></span> <span class='ocrx_word' id='word_1_678' title='bbox 3094 2358 3314 2413; x_wconf 61' lang='lat' dir='ltr'><strong>militiae</strong></span> <span class='ocrx_word' id='word_1_679' title='bbox 3360 2357 3798 2412; x_wconf 86' lang='lat' dir='ltr'><strong>commendatus</strong></span> <span class='ocrx_word' id='word_1_680' title='bbox 3847 2375 3913 2412; x_wconf 90' lang='lat' dir='ltr'><strong>ac</strong></span> 
     </span>
    </p>
   </div>
   <div class='ocr_carea' id='block_1_83' title="bbox 2201 2445 3911 2519">
    <p class='ocr_par' dir='ltr' id='par_1_83' title="bbox 2201 2445 3911 2519">
     <span class='ocr_line' id='line_1_87' title="bbox 2201 2445 3911 2519; baseline -0.002 -16"><span class='ocrx_word' id='word_1_681' title='bbox 2201 2449 2349 2503; x_wconf 86' lang='lat' dir='ltr'><strong>male</strong></span> <span class='ocrx_word' id='word_1_682' title='bbox 2386 2465 2582 2519; x_wconf 85' lang='lat' dir='ltr'><strong>agens,</strong></span> <span class='ocrx_word' id='word_1_683' title='bbox 2614 2449 2737 2518; x_wconf 87' lang='lat' dir='ltr'><strong>ejus</strong></span> <span class='ocrx_word' id='word_1_684' title='bbox 2767 2449 2934 2518; x_wconf 90' lang='lat' dir='ltr'><strong>culpa</strong></span> <span class='ocrx_word' id='word_1_685' title='bbox 2977 2447 3339 2518; x_wconf 78' lang='lat' dir='ltr'><strong>suffragatori</strong></span> <span class='ocrx_word' id='word_1_686' title='bbox 3373 2447 3722 2502; x_wconf 87' lang='lat' dir='ltr'><strong>tribueretur</strong></span> <span class='ocrx_word' id='word_1_687' title='bbox 3749 2445 3803 2501; x_wconf 83' lang='grc'><strong>⁵.</strong></span> <span class='ocrx_word' id='word_1_688' title='bbox 3847 2448 3911 2501; x_wconf 87' lang='lat' dir='ltr'><strong>Et</strong></span> 
     </span>
    </p>
   </div>
   <div class='ocr_carea' id='block_1_84' title="bbox 2200 2535 3914 2608">
    <p class='ocr_par' dir='ltr' id='par_1_84' title="bbox 2200 2535 3914 2608">
     <span class='ocr_line' id='line_1_88' title="bbox 2200 2535 3914 2608; baseline -0.001 -16"><span class='ocrx_word' id='word_1_689' title='bbox 2200 2554 2273 2592; x_wconf 91' lang='lat' dir='ltr'><strong>ne</strong></span> <span class='ocrx_word' id='word_1_690' title='bbox 2319 2553 2421 2608; x_wconf 92' lang='lat' dir='ltr'><strong>per</strong></span> <span class='ocrx_word' id='word_1_691' title='bbox 2473 2537 2858 2608; x_wconf 87' lang='lat' dir='ltr'><strong>frequentiam</strong></span> <span class='ocrx_word' id='word_1_692' title='bbox 2909 2536 2971 2594; x_wconf 88' lang='lat' dir='ltr'><strong>in</strong></span> <span class='ocrx_word' id='word_1_693' title='bbox 3021 2536 3222 2607; x_wconf 70' lang='lat' dir='ltr'><strong>patria:</strong></span> <span class='ocrx_word' id='word_1_694' title='bbox 3267 2535 3538 2590; x_wconf 88' lang='lat' dir='ltr'><strong>conviviis</strong></span> <span class='ocrx_word' id='word_1_695' title='bbox 3566 2536 3914 2591; x_wconf 87' lang='lat' dir='ltr'><strong>constitutus</strong></span> 
     </span>
    </p>
   </div>
   <div class='ocr_carea' id='block_1_85' title="bbox 2201 2625 3248 2696">
    <p class='ocr_par' dir='ltr' id='par_1_85' title="bbox 2201 2625 3248 2696">
     <span class='ocr_line' id='line_1_89' title="bbox 2201 2625 3248 2696; baseline 0 -15"><span class='ocrx_word' id='word_1_696' title='bbox 2201 2625 2598 2696; x_wconf 82' lang='lat' dir='ltr'><strong>temperantiae</strong></span> <span class='ocrx_word' id='word_1_697' title='bbox 2630 2625 2988 2682; x_wconf 87' lang='lat' dir='ltr'><strong>amitteretur</strong></span> <span class='ocrx_word' id='word_1_698' title='bbox 3017 2625 3248 2681; x_wconf 90' lang='lat' dir='ltr'><strong>modus.</strong></span> 
     </span>
    </p>
   </div>
   <div class='ocr_carea' id='block_1_86' title="bbox 2275 2713 3907 2786">
    <p class='ocr_par' dir='ltr' id='par_1_86' title="bbox 2275 2713 3907 2786">
     <span class='ocr_line' id='line_1_90' title="bbox 2275 2713 3907 2786; baseline -0.001 -17"><span class='ocrx_word' id='word_1_699' title='bbox 2275 2714 2625 2769; x_wconf 89' lang='lat' dir='ltr'><strong>Indicaverat</strong></span> <span class='ocrx_word' id='word_1_700' title='bbox 2663 2731 2890 2786; x_wconf 86' lang='lat' dir='ltr'><strong>quoque</strong></span> <span class='ocrx_word' id='word_1_701' title='bbox 2941 2714 3105 2769; x_wconf 90' lang='lat' dir='ltr'><strong>nobis</strong></span> <span class='ocrx_word' id='word_1_702' title='bbox 3135 2731 3193 2769; x_wconf 89' lang='lat' dir='ltr'><strong>se</strong></span> <span class='ocrx_word' id='word_1_703' title='bbox 3244 2713 3502 2785; x_wconf 58' lang='lat' dir='ltr'><strong>praedicti</strong></span> <span class='ocrx_word' id='word_1_704' title='bbox 3548 2713 3731 2769; x_wconf 76' lang='lat' dir='ltr'><strong>beatas</strong></span> <span class='ocrx_word' id='word_1_705' title='bbox 3779 2730 3907 2768; x_wconf 85' lang='lat' dir='ltr'><strong>me-</strong></span> 
     </span>
    </p>
   </div>
   <div class='ocr_carea' id='block_1_87' title="bbox 2203 2802 3912 2873">
    <p class='ocr_par' dir='ltr' id='par_1_87' title="bbox 2203 2802 3912 2873">
     <span class='ocr_line' id='line_1_91' title="bbox 2203 2802 3912 2873; baseline -0.001 -15"><span class='ocrx_word' id='word_1_706' title='bbox 2203 2805 2399 2859; x_wconf 72' lang='lat' dir='ltr'><strong>moriae</strong></span> <span class='ocrx_word' id='word_1_707' title='bbox 2428 2803 2533 2858; x_wconf 93' lang='lat' dir='ltr'><strong>viri</strong></span> <span class='ocrx_word' id='word_1_708' title='bbox 2563 2803 2624 2858; x_wconf 94' lang='lat' dir='ltr'><strong>in</strong></span> <span class='ocrx_word' id='word_1_709' title='bbox 2659 2804 2863 2857; x_wconf 90' lang='lat' dir='ltr'><strong>ultimo</strong></span> <span class='ocrx_word' id='word_1_710' title='bbox 2911 2803 3042 2858; x_wconf 72' lang='lat' dir='ltr'><strong>vita:</strong></span> <span class='ocrx_word' id='word_1_711' title='bbox 3089 2802 3382 2856; x_wconf 88' lang='lat' dir='ltr'><strong>constituti</strong></span> <span class='ocrx_word' id='word_1_712' title='bbox 3413 2802 3636 2857; x_wconf 87' lang='lat' dir='ltr'><strong>audisse</strong></span> <span class='ocrx_word' id='word_1_713' title='bbox 3676 2802 3912 2873; x_wconf 88' lang='lat' dir='ltr'><strong>sapien-</strong></span> 
     </span>
    </p>
   </div>
   <div class='ocr_carea' id='block_1_88' title="bbox 2204 2891 3911 2964">
    <p class='ocr_par' dir='ltr' id='par_1_88' title="bbox 2204 2891 3911 2964">
     <span class='ocr_line' id='line_1_92' title="bbox 2204 2891 3911 2964; baseline -0.002 -17"><span class='ocrx_word' id='word_1_714' title='bbox 2204 2893 2487 2948; x_wconf 89' lang='lat' dir='ltr'><strong>tissimum</strong></span> <span class='ocrx_word' id='word_1_715' title='bbox 2519 2897 2576 2947; x_wconf 93' lang='lat' dir='ltr'><strong>et</strong></span> <span class='ocrx_word' id='word_1_716' title='bbox 2617 2891 2939 2964; x_wconf 89' lang='lat' dir='ltr'><strong>piissimum</strong></span> <span class='ocrx_word' id='word_1_717' title='bbox 2965 2907 3325 2962; x_wconf 84' lang='lat' dir='ltr'><strong>responsum,</strong></span> <span class='ocrx_word' id='word_1_718' title='bbox 3347 2895 3404 2945; x_wconf 89' lang='lat' dir='ltr'><strong>et</strong></span> <span class='ocrx_word' id='word_1_719' title='bbox 3433 2892 3679 2946; x_wconf 89' lang='lat' dir='ltr'><strong>multum</strong></span> <span class='ocrx_word' id='word_1_720' title='bbox 3702 2891 3911 2946; x_wconf 87' lang='lat' dir='ltr'><strong>lauda-</strong></span> 
     </span>
    </p>
   </div>
   <div class='ocr_carea' id='block_1_89' title="bbox 2201 2980 3913 3053">
    <p class='ocr_par' dir='ltr' id='par_1_89' title="bbox 2201 2980 3913 3053">
     <span class='ocr_line' id='line_1_93' title="bbox 2201 2980 3913 3053; baseline -0.001 -16"><span class='ocrx_word' id='word_1_721' title='bbox 2201 2983 2299 3037; x_wconf 88' lang='lat' dir='ltr'><strong>bat</strong></span> <span class='ocrx_word' id='word_1_722' title='bbox 2326 2999 2390 3036; x_wconf 90' lang='lat' dir='ltr'><strong>ac</strong></span> <span class='ocrx_word' id='word_1_723' title='bbox 2419 2981 2782 3053; x_wconf 58' lang='lat' dir='ltr'><strong>praedicabat.</strong></span> <span class='ocrx_word' id='word_1_724' title='bbox 2829 2982 2969 3035; x_wconf 88' lang='lat' dir='ltr'><strong>Nam</strong></span> <span class='ocrx_word' id='word_1_725' title='bbox 3012 2997 3142 3035; x_wconf 91' lang='lat' dir='ltr'><strong>cum</strong></span> <span class='ocrx_word' id='word_1_726' title='bbox 3186 2981 3283 3035; x_wconf 91' lang='lat' dir='ltr'><strong>ille</strong></span> <span class='ocrx_word' id='word_1_727' title='bbox 3321 2980 3658 3036; x_wconf 87' lang='lat' dir='ltr'><strong>venerabilis</strong></span> <span class='ocrx_word' id='word_1_728' title='bbox 3699 2981 3913 3035; x_wconf 85' lang='lat' dir='ltr'><strong>ultima</strong></span> 
     </span>
    </p>
   </div>
   <div class='ocr_carea' id='block_1_90' title="bbox 2197 3069 3916 3142">
    <p class='ocr_par' dir='ltr' id='par_1_90' title="bbox 2197 3069 3916 3142">
     <span class='ocr_line' id='line_1_94' title="bbox 2197 3069 3916 3142; baseline 0 -18"><span class='ocrx_word' id='word_1_729' title='bbox 2197 3071 2414 3141; x_wconf 87' lang='lat' dir='ltr'><strong>jaceret</strong></span> <span class='ocrx_word' id='word_1_730' title='bbox 2442 3070 2804 3141; x_wconf 67' lang='lat' dir='ltr'><strong>aegritudine,</strong></span> <span class='ocrx_word' id='word_1_731' title='bbox 2839 3076 2894 3123; x_wconf 90' lang='lat' dir='ltr'><strong>et</strong></span> <span class='ocrx_word' id='word_1_732' title='bbox 2921 3087 2955 3123; x_wconf 91' lang='lat' dir='ltr'><strong>a</strong></span> <span class='ocrx_word' id='word_1_733' title='bbox 2991 3069 3259 3124; x_wconf 84' lang='lat' dir='ltr'><strong>fidelibus</strong></span> <span class='ocrx_word' id='word_1_734' title='bbox 3286 3069 3578 3124; x_wconf 90' lang='lat' dir='ltr'><strong>honoratis</strong></span> <span class='ocrx_word' id='word_1_735' title='bbox 3604 3071 3754 3124; x_wconf 90' lang='lat' dir='ltr'><strong>lecto</strong></span> <span class='ocrx_word' id='word_1_736' title='bbox 3786 3071 3916 3142; x_wconf 87' lang='lat' dir='ltr'><strong>ejus</strong></span> 
     </span>
    </p>
   </div>
   <div class='ocr_carea' id='block_1_91' title="bbox 2204 3157 3915 3227">
    <p class='ocr_par' dir='ltr' id='par_1_91' title="bbox 2204 3157 3915 3227">
     <span class='ocr_line' id='line_1_95' title="bbox 2204 3157 3915 3227; baseline 0.002 -15"><span class='ocrx_word' id='word_1_737' title='bbox 2204 3159 2542 3227; x_wconf 83' lang='lat' dir='ltr'><strong>astantibus,</strong></span> <span class='ocrx_word' id='word_1_738' title='bbox 2589 3163 2648 3213; x_wconf 92' lang='lat' dir='ltr'><strong>et</strong></span> <span class='ocrx_word' id='word_1_739' title='bbox 2692 3157 3013 3212; x_wconf 89' lang='lat' dir='ltr'><strong>videntibus</strong></span> <span class='ocrx_word' id='word_1_740' title='bbox 3060 3175 3193 3213; x_wconf 88' lang='lat' dir='ltr'><strong>eum</strong></span> <span class='ocrx_word' id='word_1_741' title='bbox 3236 3159 3306 3214; x_wconf 91' lang='lat' dir='ltr'><strong>de</strong></span> <span class='ocrx_word' id='word_1_742' title='bbox 3359 3160 3566 3214; x_wconf 65' lang='lat' dir='ltr'><strong>saeculo</strong></span> <span class='ocrx_word' id='word_1_743' title='bbox 3612 3159 3682 3214; x_wconf 89' lang='lat' dir='ltr'><strong>ad</strong></span> <span class='ocrx_word' id='word_1_744' title='bbox 3727 3161 3915 3215; x_wconf 89' lang='lat' dir='ltr'><strong>Deum</strong></span> 
     </span>
    </p>
   </div>
   <div class='ocr_carea' id='block_1_92' title="bbox 2205 3247 3913 3319">
    <p class='ocr_par' dir='ltr' id='par_1_92' title="bbox 2205 3247 3913 3319">
     <span class='ocr_line' id='line_1_96' title="bbox 2205 3247 3913 3319; baseline 0.001 -17"><span class='ocrx_word' id='word_1_745' title='bbox 2205 3247 2609 3319; x_wconf 89' lang='lat' dir='ltr'><strong>migraturum.</strong></span> <span class='ocrx_word' id='word_1_746' title='bbox 2632 3252 2691 3302; x_wconf 90' lang='lat' dir='ltr'><strong>et</strong></span> <span class='ocrx_word' id='word_1_747' title='bbox 2733 3248 2805 3302; x_wconf 93' lang='lat' dir='ltr'><strong>ob</strong></span> <span class='ocrx_word' id='word_1_748' title='bbox 2834 3248 2940 3302; x_wconf 87' lang='lat' dir='ltr'><strong>hoc</strong></span> <span class='ocrx_word' id='word_1_749' title='bbox 2968 3249 3340 3304; x_wconf 74' lang='lat' dir='ltr'><strong>mmrentibus</strong></span> <span class='ocrx_word' id='word_1_750' title='bbox 3369 3249 3514 3304; x_wconf 87' lang='lat' dir='ltr'><strong>tanti</strong></span> <span class='ocrx_word' id='word_1_751' title='bbox 3542 3265 3607 3304; x_wconf 91' lang='lat' dir='ltr'><strong>ac</strong></span> <span class='ocrx_word' id='word_1_752' title='bbox 3642 3250 3775 3304; x_wconf 88' lang='lat' dir='ltr'><strong>talis</strong></span> <span class='ocrx_word' id='word_1_753' title='bbox 3805 3266 3913 3305; x_wconf 83' lang='lat' dir='ltr'><strong>an-</strong></span> 
     </span>
    </p>
   </div>
   <div class='ocr_carea' id='block_1_93' title="bbox 2203 3336 3916 3408">
    <p class='ocr_par' dir='ltr' id='par_1_93' title="bbox 2203 3336 3916 3408">
     <span class='ocr_line' id='line_1_97' title="bbox 2203 3336 3916 3408; baseline 0.002 -18"><span class='ocrx_word' id='word_1_754' title='bbox 2203 3336 2396 3391; x_wconf 89' lang='lat' dir='ltr'><strong>tistitis</strong></span> <span class='ocrx_word' id='word_1_755' title='bbox 2442 3336 2747 3392; x_wconf 77' lang='lat' dir='ltr'><strong>Ecclesiam</strong></span> <span class='ocrx_word' id='word_1_756' title='bbox 2808 3352 2969 3407; x_wconf 85' lang='lat' dir='ltr'><strong>posse</strong></span> <span class='ocrx_word' id='word_1_757' title='bbox 3015 3337 3229 3408; x_wconf 89' lang='lat' dir='ltr'><strong>privari</strong></span> <span class='ocrx_word' id='word_1_758' title='bbox 3272 3337 3431 3392; x_wconf 89' lang='lat' dir='ltr'><strong>verbi</strong></span> <span class='ocrx_word' id='word_1_759' title='bbox 3469 3342 3526 3391; x_wconf 89' lang='lat' dir='ltr'><strong>et</strong></span> <span class='ocrx_word' id='word_1_760' title='bbox 3565 3339 3916 3394; x_wconf 87' lang='lat' dir='ltr'><strong>sacramenti</strong></span> 
     </span>
    </p>
   </div>
   <div class='ocr_carea' id='block_1_94' title="bbox 2206 3425 3916 3498">
    <p class='ocr_par' dir='ltr' id='par_1_94' title="bbox 2206 3425 3916 3498">
     <span class='ocr_line' id='line_1_98' title="bbox 2206 3425 3916 3498; baseline 0.001 -18"><span class='ocrx_word' id='word_1_761' title='bbox 2206 3426 2309 3480; x_wconf 90' lang='lat' dir='ltr'><strong>Dei</strong></span> <span class='ocrx_word' id='word_1_762' title='bbox 2339 3425 2787 3498; x_wconf 90' lang='lat' dir='ltr'><strong>dispensatione,</strong></span> <span class='ocrx_word' id='word_1_763' title='bbox 2825 3431 3125 3498; x_wconf 87' lang='lat' dir='ltr'><strong>rogaretur</strong></span> <span class='ocrx_word' id='word_1_764' title='bbox 3153 3442 3284 3481; x_wconf 90' lang='lat' dir='ltr'><strong>cum</strong></span> <span class='ocrx_word' id='word_1_765' title='bbox 3317 3426 3604 3498; x_wconf 86' lang='lat' dir='ltr'><strong>lacrymis,</strong></span> <span class='ocrx_word' id='word_1_766' title='bbox 3633 3432 3701 3482; x_wconf 90' lang='lat' dir='ltr'><strong>ut</strong></span> <span class='ocrx_word' id='word_1_767' title='bbox 3737 3427 3852 3482; x_wconf 90' lang='lat' dir='ltr'><strong>sibi</strong></span> <span class='ocrx_word' id='word_1_768' title='bbox 3882 3444 3916 3482; x_wconf 89' lang='lat' dir='ltr'><strong>a</strong></span> 
     </span>
    </p>
   </div>
   <div class='ocr_carea' id='block_1_95' title="bbox 2207 3514 3912 3585">
    <p class='ocr_par' dir='ltr' id='par_1_95' title="bbox 2207 3514 3912 3585">
     <span class='ocr_line' id='line_1_99' title="bbox 2207 3514 3912 3585; baseline 0 -15"><span class='ocrx_word' id='word_1_769' title='bbox 2207 3514 2448 3570; x_wconf 92' lang='lat' dir='ltr'><strong>Domino</strong></span> <span class='ocrx_word' id='word_1_770' title='bbox 2477 3514 2608 3569; x_wconf 73' lang='lat' dir='ltr'><strong>vitae.</strong></span> <span class='ocrx_word' id='word_1_771' title='bbox 2629 3519 2889 3585; x_wconf 88' lang='lat' dir='ltr'><strong>posceret</strong></span> <span class='ocrx_word' id='word_1_772' title='bbox 2915 3519 3319 3582; x_wconf 87' lang='lat' dir='ltr'><strong>commeatum,</strong></span> <span class='ocrx_word' id='word_1_773' title='bbox 3348 3531 3481 3570; x_wconf 88' lang='lat' dir='ltr'><strong>eum</strong></span> <span class='ocrx_word' id='word_1_774' title='bbox 3510 3515 3624 3569; x_wconf 91' lang='lat' dir='ltr'><strong>illis</strong></span> <span class='ocrx_word' id='word_1_775' title='bbox 3649 3515 3861 3572; x_wconf 84' lang='lat' dir='ltr'><strong>dixisse</strong></span> <span class='ocrx_word' id='word_1_776' title='bbox 3899 3535 3912 3570; x_wconf 77' lang='grc' dir='ltr'>ε</span> 
     </span>
    </p>
   </div>
   <div class='ocr_carea' id='block_1_96' title="bbox 2204 3604 3914 3674">
    <p class='ocr_par' dir='ltr' id='par_1_96' title="bbox 2204 3604 3914 3674">
     <span class='ocr_line' id='line_1_100' title="bbox 2204 3604 3914 3674; baseline 0 -14"><span class='ocrx_word' id='word_1_777' title='bbox 2204 3607 2324 3661; x_wconf 89' lang='lat' dir='ltr'><strong>Non</strong></span> <span class='ocrx_word' id='word_1_778' title='bbox 2351 3607 2429 3659; x_wconf 88' lang='lat' dir='ltr'><strong>sic</strong></span> <span class='ocrx_word' id='word_1_779' title='bbox 2463 3606 2604 3671; x_wconf 69' lang='lat' dir='ltr'><strong>vixi,</strong></span> <span class='ocrx_word' id='word_1_780' title='bbox 2653 3608 2714 3658; x_wconf 89' lang='lat' dir='ltr'><strong>ut</strong></span> <span class='ocrx_word' id='word_1_781' title='bbox 2760 3619 2840 3658; x_wconf 90' lang='lat' dir='ltr'><strong>me</strong></span> <span class='ocrx_word' id='word_1_782' title='bbox 2871 3604 3080 3674; x_wconf 85' lang='lat' dir='ltr'><strong>pudeat</strong></span> <span class='ocrx_word' id='word_1_783' title='bbox 3125 3607 3268 3659; x_wconf 88' lang='lat' dir='ltr'><strong>inter</strong></span> <span class='ocrx_word' id='word_1_784' title='bbox 3296 3620 3387 3660; x_wconf 74' lang='lat' dir='ltr'><strong>vos</strong></span> <span class='ocrx_word' id='word_1_785' title='bbox 3429 3607 3634 3671; x_wconf 81' lang='lat' dir='ltr'><strong>vivere;</strong></span> <span class='ocrx_word' id='word_1_786' title='bbox 3695 3605 3795 3660; x_wconf 86' lang='lat' dir='ltr'><strong>sed</strong></span> <span class='ocrx_word' id='word_1_787' title='bbox 3823 3620 3914 3660; x_wconf 84' lang='lat' dir='ltr'><strong>nec</strong></span> 
     </span>
    </p>
   </div>
   <div class='ocr_carea' id='block_1_97' title="bbox 2204 3693 3914 3764">
    <p class='ocr_par' dir='ltr' id='par_1_97' title="bbox 2204 3693 3914 3764">
     <span class='ocr_line' id='line_1_101' title="bbox 2204 3693 3914 3764; baseline -0.001 -15"><span class='ocrx_word' id='word_1_788' title='bbox 2204 3696 2344 3749; x_wconf 87' lang='lat' dir='ltr'><strong>mori</strong></span> <span class='ocrx_word' id='word_1_789' title='bbox 2381 3696 2558 3760; x_wconf 84' lang='lat' dir='ltr'><strong>timeo,</strong></span> <span class='ocrx_word' id='word_1_790' title='bbox 2603 3695 2737 3763; x_wconf 85' lang='lat' dir='ltr'><strong>quia</strong></span> <span class='ocrx_word' id='word_1_791' title='bbox 2775 3693 2969 3748; x_wconf 89' lang='lat' dir='ltr'><strong>bonum</strong></span> <span class='ocrx_word' id='word_1_792' title='bbox 2999 3696 3284 3748; x_wconf 86' lang='lat' dir='ltr'><strong>Dominum</strong></span> <span class='ocrx_word' id='word_1_793' title='bbox 3335 3695 3587 3749; x_wconf 79' lang='lat' dir='ltr'><strong>habemus</strong></span> <span class='ocrx_word' id='word_1_794' title='bbox 3622 3693 3717 3764; x_wconf 88' lang='lat' dir='ltr'><strong>(a).</strong></span> <span class='ocrx_word' id='word_1_795' title='bbox 3757 3695 3828 3749; x_wconf 86' lang='lat' dir='ltr'><strong>Et</strong></span> <span class='ocrx_word' id='word_1_796' title='bbox 3854 3694 3914 3748; x_wconf 92' lang='lat' dir='ltr'><strong>in</strong></span> 
     </span>
    </p>
   </div>
   <div class='ocr_carea' id='block_1_98' title="bbox 2206 3781 3916 3853">
    <p class='ocr_par' dir='ltr' id='par_1_98' title="bbox 2206 3781 3916 3853">
     <span class='ocr_line' id='line_1_102' title="bbox 2206 3781 3916 3853; baseline 0.002 -18"><span class='ocrx_word' id='word_1_797' title='bbox 2206 3781 2295 3836; x_wconf 93' lang='lat' dir='ltr'><strong>his</strong></span> <span class='ocrx_word' id='word_1_798' title='bbox 2333 3786 2530 3835; x_wconf 90' lang='lat' dir='ltr'><strong>noster</strong></span> <span class='ocrx_word' id='word_1_799' title='bbox 2552 3781 2906 3853; x_wconf 83' lang='lat' dir='ltr'><strong>Augustinus</strong></span> <span class='ocrx_word' id='word_1_800' title='bbox 2935 3799 3106 3837; x_wconf 86' lang='lat' dir='ltr'><strong>senex</strong></span> <span class='ocrx_word' id='word_1_801' title='bbox 3135 3783 3366 3838; x_wconf 88' lang='lat' dir='ltr'><strong>elimata</strong></span> <span class='ocrx_word' id='word_1_802' title='bbox 3403 3800 3467 3838; x_wconf 88' lang='lat' dir='ltr'><strong>ac</strong></span> <span class='ocrx_word' id='word_1_803' title='bbox 3496 3784 3702 3837; x_wconf 88' lang='lat' dir='ltr'><strong>librata</strong></span> <span class='ocrx_word' id='word_1_804' title='bbox 3731 3783 3916 3838; x_wconf 87' lang='lat' dir='ltr'><strong>admi-</strong></span> 
     </span>
    </p>
   </div>
   <div class='ocr_carea' id='block_1_99' title="bbox 2207 3869 3913 3926">
    <p class='ocr_par' dir='ltr' id='par_1_99' title="bbox 2207 3869 3913 3926">
     <span class='ocr_line' id='line_1_103' title="bbox 2207 3869 3913 3926; baseline 0.002 -3"><span class='ocrx_word' id='word_1_805' title='bbox 2207 3869 2442 3924; x_wconf 89' lang='lat' dir='ltr'><strong>rabatur</strong></span> <span class='ocrx_word' id='word_1_806' title='bbox 2484 3874 2541 3924; x_wconf 90' lang='lat' dir='ltr'><strong>et</strong></span> <span class='ocrx_word' id='word_1_807' title='bbox 2563 3869 2834 3924; x_wconf 88' lang='lat' dir='ltr'><strong>laudabat</strong></span> <span class='ocrx_word' id='word_1_808' title='bbox 2856 3871 3048 3926; x_wconf 89' lang='lat' dir='ltr'><strong>verba.</strong></span> <span class='ocrx_word' id='word_1_809' title='bbox 3081 3871 3211 3926; x_wconf 89' lang='lat' dir='ltr'><strong>Ideo</strong></span> <span class='ocrx_word' id='word_1_810' title='bbox 3236 3872 3391 3926; x_wconf 91' lang='lat' dir='ltr'><strong>enim</strong></span> <span class='ocrx_word' id='word_1_811' title='bbox 3421 3887 3552 3926; x_wconf 86' lang='lat' dir='ltr'><strong>eum</strong></span> <span class='ocrx_word' id='word_1_812' title='bbox 3583 3871 3794 3926; x_wconf 86' lang='lat' dir='ltr'><strong>dixisse</strong></span> <span class='ocrx_word' id='word_1_813' title='bbox 3825 3872 3913 3926; x_wconf 92' lang='lat' dir='ltr'><strong>in-</strong></span> 
     </span>
    </p>
   </div>
   <div class='ocr_carea' id='block_1_100' title="bbox 2206 3957 3915 4030">
    <p class='ocr_par' dir='ltr' id='par_1_100' title="bbox 2206 3957 3915 4030">
     <span class='ocr_line' id='line_1_104' title="bbox 2206 3957 3915 4030; baseline 0.001 -18"><span class='ocrx_word' id='word_1_814' title='bbox 2206 3957 2581 4030; x_wconf 89' lang='lat' dir='ltr'><strong>telligendum</strong></span> <span class='ocrx_word' id='word_1_815' title='bbox 2611 3974 2754 4025; x_wconf 90' lang='lat' dir='ltr'><strong>esse,</strong></span> <span class='ocrx_word' id='word_1_816' title='bbox 2800 3960 2903 4014; x_wconf 89' lang='lat' dir='ltr'><strong>Nec</strong></span> <span class='ocrx_word' id='word_1_817' title='bbox 2949 3962 3089 4014; x_wconf 83' lang='lat' dir='ltr'><strong>mori</strong></span> <span class='ocrx_word' id='word_1_818' title='bbox 3134 3962 3311 4027; x_wconf 81' lang='lat' dir='ltr'><strong>timeo,</strong></span> <span class='ocrx_word' id='word_1_819' title='bbox 3351 3962 3484 4030; x_wconf 84' lang='lat' dir='ltr'><strong>quia</strong></span> <span class='ocrx_word' id='word_1_820' title='bbox 3513 3961 3708 4014; x_wconf 81' lang='lat' dir='ltr'><strong>bonum</strong></span> <span class='ocrx_word' id='word_1_821' title='bbox 3737 3963 3915 4016; x_wconf 86' lang='lat' dir='ltr'><strong>Domi-</strong></span> 
     </span>
    </p>
   </div>
   <div class='ocr_carea' id='block_1_101' title="bbox 2151 4045 3911 4120">
    <p class='ocr_par' dir='ltr' id='par_1_101' title="bbox 2151 4045 3911 4120">
     <span class='ocr_line' id='line_1_105' title="bbox 2151 4045 3911 4120; baseline 0.001 -19"><span class='ocrx_word' id='word_1_822' title='bbox 2151 4075 2161 4084; x_wconf 86' lang='lat'><strong>-</strong></span> <span class='ocrx_word' id='word_1_823' title='bbox 2204 4063 2334 4101; x_wconf 87' lang='lat' dir='ltr'><strong>num</strong></span> <span class='ocrx_word' id='word_1_824' title='bbox 2381 4045 2670 4111; x_wconf 84' lang='lat' dir='ltr'><strong>habemus;</strong></span> <span class='ocrx_word' id='word_1_825' title='bbox 2704 4062 2776 4100; x_wconf 90' lang='lat' dir='ltr'><strong>ne</strong></span> <span class='ocrx_word' id='word_1_826' title='bbox 2825 4046 3154 4102; x_wconf 90' lang='lat' dir='ltr'><strong>crederetur</strong></span> <span class='ocrx_word' id='word_1_827' title='bbox 3192 4049 3496 4119; x_wconf 64' lang='lat' dir='ltr'><strong>praefidens</strong></span> <span class='ocrx_word' id='word_1_828' title='bbox 3523 4047 3594 4103; x_wconf 88' lang='lat' dir='ltr'><strong>de</strong></span> <span class='ocrx_word' id='word_1_829' title='bbox 3624 4048 3743 4103; x_wconf 89' lang='lat' dir='ltr'><strong>suis</strong></span> <span class='ocrx_word' id='word_1_830' title='bbox 3771 4065 3911 4120; x_wconf 86' lang='lat' dir='ltr'><strong>pur-</strong></span> 
     </span>
    </p>
   </div>
   <div class='ocr_carea' id='block_1_102' title="bbox 2207 4133 3913 4208">
    <p class='ocr_par' dir='ltr' id='par_1_102' title="bbox 2207 4133 3913 4208">
     <span class='ocr_line' id='line_1_106' title="bbox 2207 4133 3913 4208; baseline 0.001 -18"><span class='ocrx_word' id='word_1_831' title='bbox 2207 4134 2516 4208; x_wconf 89' lang='lat' dir='ltr'><strong>gatissimis</strong></span> <span class='ocrx_word' id='word_1_832' title='bbox 2571 4133 2833 4189; x_wconf 90' lang='lat' dir='ltr'><strong>moribus</strong></span> <span class='ocrx_word' id='word_1_833' title='bbox 2861 4136 3297 4207; x_wconf 65' lang='lat' dir='ltr'><strong>prmsumpsisse</strong></span> <span class='ocrx_word' id='word_1_834' title='bbox 3329 4137 3374 4204; x_wconf 72' lang='grc' dir='ltr'><strong>θ,</strong></span> <span class='ocrx_word' id='word_1_835' title='bbox 3413 4140 3533 4194; x_wconf 84' lang='lat' dir='ltr'><strong>Non</strong></span> <span class='ocrx_word' id='word_1_836' title='bbox 3567 4140 3645 4193; x_wconf 84' lang='lat' dir='ltr'><strong>sic</strong></span> <span class='ocrx_word' id='word_1_837' title='bbox 3673 4139 3821 4204; x_wconf 70' lang='lat' dir='ltr'><strong>viti,</strong></span> <span class='ocrx_word' id='word_1_838' title='bbox 3853 4143 3913 4192; x_wconf 87' lang='lat' dir='ltr'><strong>ut</strong></span> 
     </span>
    </p>
   </div>
   <div class='ocr_carea' id='block_1_103' title="bbox 2206 4223 3911 4293">
    <p class='ocr_par' dir='ltr' id='par_1_103' title="bbox 2206 4223 3911 4293">
     <span class='ocr_line' id='line_1_107' title="bbox 2206 4223 3911 4293; baseline 0.002 -16"><span class='ocrx_word' id='word_1_839' title='bbox 2206 4239 2288 4277; x_wconf 90' lang='lat' dir='ltr'><strong>me</strong></span> <span class='ocrx_word' id='word_1_840' title='bbox 2310 4223 2518 4293; x_wconf 86' lang='lat' dir='ltr'><strong>pudeat</strong></span> <span class='ocrx_word' id='word_1_841' title='bbox 2546 4225 2689 4278; x_wconf 85' lang='lat' dir='ltr'><strong>inter</strong></span> <span class='ocrx_word' id='word_1_842' title='bbox 2712 4239 2804 4278; x_wconf 82' lang='lat' dir='ltr'><strong>vos</strong></span> <span class='ocrx_word' id='word_1_843' title='bbox 2835 4227 3036 4278; x_wconf 83' lang='lat' dir='ltr'><strong>vivere.</strong></span> <span class='ocrx_word' id='word_1_844' title='bbox 3079 4227 3194 4280; x_wconf 86' lang='lat' dir='ltr'><strong>Hoc</strong></span> <span class='ocrx_word' id='word_1_845' title='bbox 3223 4225 3378 4280; x_wconf 90' lang='lat' dir='ltr'><strong>enim</strong></span> <span class='ocrx_word' id='word_1_846' title='bbox 3417 4226 3640 4282; x_wconf 80' lang='lat' dir='ltr'><strong>dixerat</strong></span> <span class='ocrx_word' id='word_1_847' title='bbox 3666 4228 3739 4282; x_wconf 90' lang='lat' dir='ltr'><strong>ad</strong></span> <span class='ocrx_word' id='word_1_848' title='bbox 3769 4226 3911 4281; x_wconf 87' lang='lat' dir='ltr'><strong>illud</strong></span> 
     </span>
    </p>
   </div>
   <div class='ocr_carea' id='block_1_104' title="bbox 2207 4310 3913 4386">
    <p class='ocr_par' dir='ltr' id='par_1_104' title="bbox 2207 4310 3913 4386">
     <span class='ocr_line' id='line_1_108' title="bbox 2207 4310 3913 4386; baseline 0.002 -22"><span class='ocrx_word' id='word_1_849' title='bbox 2207 4311 2363 4382; x_wconf 92' lang='lat' dir='ltr'><strong>quod</strong></span> <span class='ocrx_word' id='word_1_850' title='bbox 2392 4310 2654 4366; x_wconf 89' lang='lat' dir='ltr'><strong>homines</strong></span> <span class='ocrx_word' id='word_1_851' title='bbox 2683 4312 2754 4367; x_wconf 92' lang='lat' dir='ltr'><strong>de</strong></span> <span class='ocrx_word' id='word_1_852' title='bbox 2783 4313 3016 4368; x_wconf 91' lang='lat' dir='ltr'><strong>homine</strong></span> <span class='ocrx_word' id='word_1_853' title='bbox 3045 4331 3212 4369; x_wconf 91' lang='lat' dir='ltr'><strong>nosse</strong></span> <span class='ocrx_word' id='word_1_854' title='bbox 3238 4320 3516 4386; x_wconf 89' lang='lat' dir='ltr'><strong>poterant.</strong></span> <span class='ocrx_word' id='word_1_855' title='bbox 3554 4317 3695 4371; x_wconf 84' lang='lat' dir='ltr'><strong>Nam</strong></span> <span class='ocrx_word' id='word_1_856' title='bbox 3729 4315 3913 4371; x_wconf 88' lang='lat' dir='ltr'><strong>sciens</strong></span> 
     </span>
    </p>
   </div>
   <div class='ocr_carea' id='block_1_105' title="bbox 2209 4400 3910 4473">
    <p class='ocr_par' dir='ltr' id='par_1_105' title="bbox 2209 4400 3910 4473">
     <span class='ocr_line' id='line_1_109' title="bbox 2209 4400 3910 4473; baseline 0.002 -17"><span class='ocrx_word' id='word_1_857' title='bbox 2209 4417 2450 4456; x_wconf 84' lang='lat' dir='ltr'><strong>examen</strong></span> <span class='ocrx_word' id='word_1_858' title='bbox 2479 4400 2501 4435; x_wconf 88' lang='grc'>⁷</span> <span class='ocrx_word' id='word_1_859' title='bbox 2529 4401 2812 4473; x_wconf 66' lang='lat' dir='ltr'><strong>aequitatis</strong></span> <span class='ocrx_word' id='word_1_860' title='bbox 2841 4403 3068 4472; x_wconf 69' lang='lat' dir='ltr'><strong>divinae,</strong></span> <span class='ocrx_word' id='word_1_861' title='bbox 3107 4405 3178 4460; x_wconf 92' lang='lat' dir='ltr'><strong>de</strong></span> <span class='ocrx_word' id='word_1_862' title='bbox 3216 4406 3368 4460; x_wconf 91' lang='lat' dir='ltr'><strong>bono</strong></span> <span class='ocrx_word' id='word_1_863' title='bbox 3399 4422 3458 4460; x_wconf 90' lang='lat' dir='ltr'><strong>se</strong></span> <span class='ocrx_word' id='word_1_864' title='bbox 3484 4405 3624 4460; x_wconf 88' lang='lat' dir='ltr'><strong>dixit</strong></span> <span class='ocrx_word' id='word_1_865' title='bbox 3662 4407 3910 4461; x_wconf 89' lang='lat' dir='ltr'><strong>Domino</strong></span> 
     </span>
    </p>
   </div>
   <div class='ocr_carea' id='block_1_106' title="bbox 2201 4489 3910 4567">
    <p class='ocr_par' dir='ltr' id='par_1_106' title="bbox 2201 4489 3910 4567">
     <span class='ocr_line' id='line_1_110' title="bbox 2201 4489 3910 4567; baseline 0.002 -23"><span class='ocrx_word' id='word_1_866' title='bbox 2201 4491 2393 4562; x_wconf 84' lang='lat' dir='ltr'><strong>magis</strong></span> <span class='ocrx_word' id='word_1_867' title='bbox 2422 4489 2446 4524; x_wconf 80' lang='grc'><strong>⁸</strong></span> <span class='ocrx_word' id='word_1_868' title='bbox 2469 4491 2752 4546; x_wconf 87' lang='lat' dir='ltr'><strong>confidere</strong></span> <span class='ocrx_word' id='word_1_869' title='bbox 2786 4509 2800 4546; x_wconf 92' lang='lat'><strong>:</strong></span> <span class='ocrx_word' id='word_1_870' title='bbox 2844 4493 2936 4547; x_wconf 91' lang='lat' dir='ltr'><strong>cui</strong></span> <span class='ocrx_word' id='word_1_871' title='bbox 2984 4494 3159 4550; x_wconf 91' lang='lat' dir='ltr'><strong>etiam</strong></span> <span class='ocrx_word' id='word_1_872' title='bbox 3194 4495 3254 4549; x_wconf 92' lang='lat' dir='ltr'><strong>in</strong></span> <span class='ocrx_word' id='word_1_873' title='bbox 3291 4495 3546 4550; x_wconf 89' lang='lat' dir='ltr'><strong>oratione</strong></span> <span class='ocrx_word' id='word_1_874' title='bbox 3571 4495 3910 4567; x_wconf 87' lang='lat' dir='ltr'><strong>quotidiana</strong></span> 
     </span>
    </p>
   </div>
   <div class='ocr_carea' id='block_1_107' title="bbox 2207 4580 3910 4656">
    <p class='ocr_par' dir='ltr' id='par_1_107' title="bbox 2207 4580 3910 4656">
     <span class='ocr_line' id='line_1_111' title="bbox 2207 4580 3910 4656; baseline 0.001 -20"><span class='ocrx_word' id='word_1_875' title='bbox 2207 4580 2495 4636; x_wconf 88' lang='lat' dir='ltr'><strong>dominica</strong></span> <span class='ocrx_word' id='word_1_876' title='bbox 2536 4580 2778 4648; x_wconf 88' lang='lat' dir='ltr'><strong>dicebat,</strong></span> <span class='ocrx_word' id='word_1_877' title='bbox 2817 4585 3039 4637; x_wconf 87' lang='lat' dir='ltr'><strong>Dimitte</strong></span> <span class='ocrx_word' id='word_1_878' title='bbox 3061 4585 3214 4639; x_wconf 85' lang='lat' dir='ltr'><strong>nobis</strong></span> <span class='ocrx_word' id='word_1_879' title='bbox 3244 4585 3428 4639; x_wconf 88' lang='lat' dir='ltr'><strong>debita</strong></span> <span class='ocrx_word' id='word_1_880' title='bbox 3463 4589 3652 4640; x_wconf 84' lang='lat' dir='ltr'><strong>nostra</strong></span> <span class='ocrx_word' id='word_1_881' title='bbox 3681 4583 3910 4656; x_wconf 83' lang='lat' dir='ltr'><strong>(Matth.</strong></span> 
     </span>
    </p>
   </div>
   <div class='ocr_carea' id='block_1_108' title="bbox 2206 4670 2426 4742">
    <p class='ocr_par' dir='ltr' id='par_1_108' title="bbox 2206 4670 2426 4742">
     <span class='ocr_line' id='line_1_112' title="bbox 2206 4670 2426 4742; baseline 0.005 -19"><span class='ocrx_word' id='word_1_882' title='bbox 2206 4687 2280 4733; x_wconf 80' lang='lat' dir='ltr'><strong>v1,</strong></span> <span class='ocrx_word' id='word_1_883' title='bbox 2317 4670 2426 4742; x_wconf 80' lang='grc'>12).</span> 
     </span>
    </p>
   </div>
   <div class='ocr_carea' id='block_1_109' title="bbox 2279 4758 3908 4834">
    <p class='ocr_par' dir='ltr' id='par_1_109' title="bbox 2279 4758 3908 4834">
     <span class='ocr_line' id='line_1_113' title="bbox 2279 4758 3908 4834; baseline 0.001 -22"><span class='ocrx_word' id='word_1_884' title='bbox 2279 4758 2590 4830; x_wconf 86' lang='lat' dir='ltr'><strong>Cujusdam</strong></span> <span class='ocrx_word' id='word_1_885' title='bbox 2641 4775 2872 4832; x_wconf 89' lang='lat' dir='ltr'><strong>quoque</strong></span> <span class='ocrx_word' id='word_1_886' title='bbox 2925 4760 3244 4834; x_wconf 88' lang='lat' dir='ltr'><strong>coepiscopi</strong></span> <span class='ocrx_word' id='word_1_887' title='bbox 3279 4803 3296 4831; x_wconf 92' lang='lat'><strong>,</strong></span> <span class='ocrx_word' id='word_1_888' title='bbox 3361 4766 3419 4816; x_wconf 90' lang='lat' dir='ltr'><strong>et</strong></span> <span class='ocrx_word' id='word_1_889' title='bbox 3472 4761 3908 4816; x_wconf 87' lang='lat' dir='ltr'><strong>familiarissimi</strong></span> 
     </span>
    </p>
   </div>
   <div class='ocr_carea' id='block_1_110' title="bbox 2206 4919 3904 4985">
    <p class='ocr_par' dir='ltr' id='par_1_110' title="bbox 2206 4919 3904 4985">
     <span class='ocr_line' id='line_1_114' title="bbox 2206 4919 3904 4985; baseline 0.002 -16"><span class='ocrx_word' id='word_1_890' title='bbox 2206 4920 2333 4985; x_wconf 79' lang='lat' dir='ltr'><strong>Reg.</strong></span> <span class='ocrx_word' id='word_1_891' title='bbox 2365 4921 2492 4985; x_wconf 68' lang='lat' dir='ltr'><strong>5H;</strong></span> <span class='ocrx_word' id='word_1_892' title='bbox 2514 4919 2638 4985; x_wconf 81' lang='lat' dir='ltr'><strong>_Nisi</strong></span> <span class='ocrx_word' id='word_1_893' title='bbox 2682 4922 3015 4985; x_wconf 76' lang='lat' dir='ltr'><strong>secretorum</strong></span> <span class='ocrx_word' id='word_1_894' title='bbox 3050 4920 3252 4985; x_wconf 78' lang='lat' dir='ltr'><strong>aliquid</strong></span> <span class='ocrx_word' id='word_1_895' title='bbox 3302 4921 3572 4985; x_wconf 83' lang='lat' dir='ltr'><strong>interfuit.</strong></span> <span class='ocrx_word' id='word_1_896' title='bbox 3605 4921 3698 4971; x_wconf 90' lang='lat' dir='ltr'><strong>Cd.</strong></span> <span class='ocrx_word' id='word_1_897' title='bbox 3729 4922 3904 4972; x_wconf 75' lang='lat' dir='ltr'><strong>Vatic.</strong></span> 
     </span>
    </p>
   </div>
   <div class='ocr_carea' id='block_1_111' title="bbox 2209 4982 3907 5047">
    <p class='ocr_par' dir='ltr' id='par_1_111' title="bbox 2209 4982 3907 5047">
     <span class='ocr_line' id='line_1_115' title="bbox 2209 4982 3907 5047; baseline 0.001 -15"><span class='ocrx_word' id='word_1_898' title='bbox 2209 4984 2328 5032; x_wconf 88' lang='grc'>1190</span> <span class='ocrx_word' id='word_1_899' title='bbox 2357 5000 2370 5033; x_wconf 91' lang='lat'>:</span> <span class='ocrx_word' id='word_1_900' title='bbox 2407 4982 2524 5032; x_wconf 82' lang='lat' dir='ltr'><strong>Nisi</strong></span> <span class='ocrx_word' id='word_1_901' title='bbox 2539 4985 2860 5047; x_wconf 79' lang='lat' dir='ltr'><strong>secretorum</strong></span> <span class='ocrx_word' id='word_1_902' title='bbox 2881 4983 3094 5047; x_wconf 74' lang='lat' dir='ltr'><strong>aliquid</strong></span> <span class='ocrx_word' id='word_1_903' title='bbox 3105 4982 3414 5042; x_wconf 74' lang='lat' dir='ltr'><strong>interesset,-</strong></span> <span class='ocrx_word' id='word_1_904' title='bbox 3439 4982 3586 5047; x_wconf 82' lang='lat' dir='ltr'><strong>prius</strong></span> <span class='ocrx_word' id='word_1_905' title='bbox 3613 4989 3796 5034; x_wconf 80' lang='lat' dir='ltr'><strong>tamen</strong></span> <span class='ocrx_word' id='word_1_906' title='bbox 3819 4985 3907 5033; x_wconf 83' lang='lat' dir='ltr'><strong>ha-</strong></span> 
     </span>
    </p>
   </div>
   <div class='ocr_carea' id='block_1_112' title="bbox 2207 5045 3554 5109">
    <p class='ocr_par' dir='ltr' id='par_1_112' title="bbox 2207 5045 3554 5109">
     <span class='ocr_line' id='line_1_116' title="bbox 2207 5045 3554 5109; baseline -0.001 -14"><span class='ocrx_word' id='word_1_907' title='bbox 2207 5047 2300 5095; x_wconf 89' lang='lat' dir='ltr'><strong>bet</strong></span> <span class='ocrx_word' id='word_1_908' title='bbox 2335 5063 2347 5098; x_wconf 90' lang='lat'><strong>:</strong></span> <span class='ocrx_word' id='word_1_909' title='bbox 2378 5048 2489 5096; x_wconf 79' lang='lat' dir='ltr'><strong>Nec</strong></span> <span class='ocrx_word' id='word_1_910' title='bbox 2520 5045 2564 5091; x_wconf 84' lang='lat' dir='ltr'><strong>si</strong></span> <span class='ocrx_word' id='word_1_911' title='bbox 2589 5050 2861 5109; x_wconf 72' lang='lat' dir='ltr'><strong>secretum</strong></span> <span class='ocrx_word' id='word_1_912' title='bbox 2887 5045 3095 5109; x_wconf 60' lang='lat' dir='ltr'><strong>aliiuid</strong></span> <span class='ocrx_word' id='word_1_913' title='bbox 3127 5049 3418 5100; x_wconf 76' lang='lat' dir='ltr'><strong>interesset.</strong></span> <span class='ocrx_word' id='word_1_914' title='bbox 3440 5045 3456 5047; x_wconf 71' lang='grc'><strong><em>“</em></strong></span> <span class='ocrx_word' id='word_1_915' title='bbox 3486 5047 3554 5095; x_wconf 81' lang='grc' dir='ltr'><strong>Μ.</strong></span> 
     </span>
    </p>
   </div>
   <div class='ocr_carea' id='block_1_113' title="bbox 2271 5108 3143 5167">
    <p class='ocr_par' dir='ltr' id='par_1_113' title="bbox 2271 5108 3143 5167">
     <span class='ocr_line' id='line_1_117' title="bbox 2271 5108 3143 5167; baseline -0.006 -6"><span class='ocrx_word' id='word_1_916' title='bbox 2271 5110 2287 5143; x_wconf 88' lang='grc'>¹</span> <span class='ocrx_word' id='word_1_917' title='bbox 2318 5109 2530 5161; x_wconf 90' lang='lat' dir='ltr'><strong>Ulimm.</strong></span> <span class='ocrx_word' id='word_1_918' title='bbox 2561 5111 2614 5155; x_wconf 87' lang='lat' dir='ltr'><strong>et</strong></span> <span class='ocrx_word' id='word_1_919' title='bbox 2645 5108 2788 5167; x_wconf 87' lang='lat' dir='ltr'><strong>Mss.,</strong></span> <span class='ocrx_word' id='word_1_920' title='bbox 2817 5108 3143 5158; x_wconf 72' lang='lat' dir='ltr'><strong>constitutos.</strong></span> 
     </span>
    </p>
   </div>
   <div class='ocr_carea' id='block_1_114' title="bbox 2267 5169 3903 5235">
    <p class='ocr_par' dir='ltr' id='par_1_114' title="bbox 2267 5169 3903 5235">
     <span class='ocr_line' id='line_1_118' title="bbox 2267 5169 3903 5235; baseline -0.002 -12"><span class='ocrx_word' id='word_1_921' title='bbox 2267 5171 2533 5235; x_wconf 68' lang='lat' dir='ltr'><strong>’Salinas,</strong></span> <span class='ocrx_word' id='word_1_922' title='bbox 2575 5184 2642 5218; x_wconf 85' lang='lat' dir='ltr'><strong>ex</strong></span> <span class='ocrx_word' id='word_1_923' title='bbox 2671 5171 2764 5220; x_wconf 88' lang='lat' dir='ltr'><strong>Cd.</strong></span> <span class='ocrx_word' id='word_1_924' title='bbox 2789 5171 2916 5234; x_wconf 82' lang='lat' dir='ltr'><strong>Reg.</strong></span> <span class='ocrx_word' id='word_1_925' title='bbox 2951 5172 3048 5235; x_wconf 65' lang='grc'><strong>541</strong></span> <span class='ocrx_word' id='word_1_926' title='bbox 3073 5172 3257 5235; x_wconf 78' lang='lat' dir='ltr'><strong>:__Sine</strong></span> <span class='ocrx_word' id='word_1_927' title='bbox 3295 5182 3456 5220; x_wconf 88' lang='lat' dir='ltr'><strong>mora</strong></span> <span class='ocrx_word' id='word_1_928' title='bbox 3484 5169 3800 5235; x_wconf 72' lang='lat' dir='ltr'><strong>peragebat.</strong></span> <span class='ocrx_word' id='word_1_929' title='bbox 3838 5171 3903 5235; x_wconf 61' lang='grc' dir='ltr'><strong>Μ.</strong></span> 
     </span>
    </p>
   </div>
   <div class='ocr_carea' id='block_1_115' title="bbox 2205 5232 3905 5348">
    <p class='ocr_par' dir='ltr' id='par_1_115' title="bbox 2205 5232 3905 5348">
     <span class='ocr_line' id='line_1_119' title="bbox 2267 5232 3905 5298; baseline -0.001 -14"><span class='ocrx_word' id='word_1_930' title='bbox 2267 5237 2289 5270; x_wconf 76' lang='grc'><strong>³</strong></span> <span class='ocrx_word' id='word_1_931' title='bbox 2317 5233 2474 5292; x_wconf 87' lang='lat' dir='ltr'><strong>Editi,</strong></span> <span class='ocrx_word' id='word_1_932' title='bbox 2504 5233 2560 5284; x_wconf 78' lang='lat' dir='ltr'><strong>in</strong></span> <span class='ocrx_word' id='word_1_933' title='bbox 2607 5232 2898 5284; x_wconf 74' lang='lat' dir='ltr'><strong>institutis.</strong></span> <span class='ocrx_word' id='word_1_934' title='bbox 2927 5258 2989 5268; x_wconf 98' lang='lat'><strong>—</strong></span> <span class='ocrx_word' id='word_1_935' title='bbox 3017 5232 3242 5291; x_wconf 88' lang='lat' dir='ltr'><strong>Salinas,</strong></span> <span class='ocrx_word' id='word_1_936' title='bbox 3278 5247 3344 5282; x_wconf 90' lang='lat' dir='ltr'><strong>ex</strong></span> <span class='ocrx_word' id='word_1_937' title='bbox 3384 5232 3500 5282; x_wconf 77' lang='lat' dir='ltr'><strong>uno</strong></span> <span class='ocrx_word' id='word_1_938' title='bbox 3527 5233 3727 5293; x_wconf 88' lang='lat' dir='ltr'><strong>codice,</strong></span> <span class='ocrx_word' id='word_1_939' title='bbox 3762 5233 3905 5298; x_wconf 79' lang='lat' dir='ltr'><strong>quod</strong></span> 
     </span>
     <span class='ocr_line' id='line_1_120' title="bbox 2205 5298 2607 5348; baseline -0.005 -1"><span class='ocrx_word' id='word_1_940' title='bbox 2205 5299 2478 5348; x_wconf 79' lang='lat' dir='ltr'><strong>instituto.</strong></span> <span class='ocrx_word' id='word_1_941' title='bbox 2536 5298 2607 5348; x_wconf 84' lang='lat' dir='ltr'><strong>M.</strong></span> 
     </span>
    </p>
   </div>
   <div class='ocr_carea' id='block_1_116' title="bbox 2314 5303 2607 5347">
    <p class='ocr_par' dir='ltr' id='par_1_116' title="bbox 2314 5303 2607 5347">
     <span class='ocr_line' id='line_1_121' title="bbox 2314 5303 2607 5347; baseline -0.007 0"><span class='ocrx_word' id='word_1_942' title='bbox 2314 5303 2478 5347; x_wconf 82' lang='lat' dir='ltr'><strong>ituto.</strong></span> <span class='ocrx_word' id='word_1_943' title='bbox 2536 5303 2607 5347; x_wconf 79' lang='grc' dir='ltr'><strong>Μ.</strong></span> 
     </span>
    </p>
   </div>
   <div class='ocr_carea' id='block_1_117' title="bbox 2227 5301 3640 5431">
    <p class='ocr_par' dir='ltr' id='par_1_117' title="bbox 2227 5301 3640 5431">
     <span class='ocr_line' id='line_1_122' title="bbox 2227 5301 3640 5431; baseline -0.014 -18"><span class='ocrx_word' id='word_1_944' title='bbox 2227 5301 2650 5431; x_wconf 28' lang='lat' dir='ltr'><strong>ﬁgitﬁgit.</strong></span> <span class='ocrx_word' id='word_1_945' title='bbox 2670 5359 2844 5431; x_wconf 64' lang='lat' dir='ltr'><strong>3_Jam</strong></span> <span class='ocrx_word' id='word_1_946' title='bbox 2871 5359 3032 5431; x_wconf 57' lang='lat' dir='ltr'><strong>facta</strong></span> <span class='ocrx_word' id='word_1_947' title='bbox 3042 5356 3255 5431; x_wconf 61' lang='lat' dir='ltr'><strong>plagita</strong></span> <span class='ocrx_word' id='word_1_948' title='bbox 3280 5350 3640 5431; x_wconf 56' lang='lat' dir='ltr'><strong>ﬁymgrmmr.</strong></span> 
     </span>
    </p>
   </div>
   <div class='ocr_carea' id='block_1_118' title="bbox 2267 5419 3913 5484">
    <p class='ocr_par' dir='ltr' id='par_1_118' title="bbox 2267 5419 3913 5484">
     <span class='ocr_line' id='line_1_123' title="bbox 2267 5419 3913 5484; baseline -0.001 -12"><span class='ocrx_word' id='word_1_949' title='bbox 2267 5425 2288 5457; x_wconf 77' lang='lat'><strong>5</strong></span> <span class='ocrx_word' id='word_1_950' title='bbox 2317 5422 2402 5472; x_wconf 92' lang='lat' dir='ltr'><strong>Sic</strong></span> <span class='ocrx_word' id='word_1_951' title='bbox 2425 5422 2645 5472; x_wconf 89' lang='lat' dir='ltr'><strong>omnino</strong></span> <span class='ocrx_word' id='word_1_952' title='bbox 2669 5422 2826 5484; x_wconf 83' lang='lat' dir='ltr'><strong>Mss.;</strong></span> <span class='ocrx_word' id='word_1_953' title='bbox 2855 5419 2910 5469; x_wconf 81' lang='lat' dir='ltr'><strong>at</strong></span> <span class='ocrx_word' id='word_1_954' title='bbox 2931 5419 3058 5470; x_wconf 88' lang='lat' dir='ltr'><strong>editi</strong></span> <span class='ocrx_word' id='word_1_955' title='bbox 3090 5433 3102 5468; x_wconf 90' lang='lat'><strong>:</strong></span> <span class='ocrx_word' id='word_1_956' title='bbox 3131 5419 3298 5472; x_wconf 83' lang='lat' dir='ltr'><strong>Suam</strong></span> <span class='ocrx_word' id='word_1_957' title='bbox 3323 5419 3541 5484; x_wconf 80' lang='lat' dir='ltr'><strong>culpam</strong></span> <span class='ocrx_word' id='word_1_958' title='bbox 3571 5419 3714 5468; x_wconf 75' lang='lat' dir='ltr'><strong>male</strong></span> <span class='ocrx_word' id='word_1_959' title='bbox 3745 5430 3913 5482; x_wconf 77' lang='lat' dir='ltr'><strong>agens</strong></span> 
     </span>
    </p>
   </div>
   <div class='ocr_carea' id='block_1_119' title="bbox 2205 5483 2888 5547">
    <p class='ocr_par' dir='ltr' id='par_1_119' title="bbox 2205 5483 2888 5547">
     <span class='ocr_line' id='line_1_124' title="bbox 2205 5483 2888 5547; baseline -0.01 -11"><span class='ocrx_word' id='word_1_960' title='bbox 2205 5484 2569 5547; x_wconf 66' lang='lat' dir='ltr'><strong>suifragatori</strong></span> <span class='ocrx_word' id='word_1_961' title='bbox 2600 5483 2888 5547; x_wconf 76' lang='lat' dir='ltr'><strong>tribueret.</strong></span> 
     </span>
    </p>
   </div>
   <div class='ocr_carea' id='block_1_120' title="bbox 2311 5545 2971 5608">
    <p class='ocr_par' dir='ltr' id='par_1_120' title="bbox 2311 5545 2971 5608">
     <span class='ocr_line' id='line_1_125' title="bbox 2311 5545 2971 5608; baseline -0.006 -12"><span class='ocrx_word' id='word_1_962' title='bbox 2311 5545 2435 5596; x_wconf 82' lang='lat' dir='ltr'><strong>Tres</strong></span> <span class='ocrx_word' id='word_1_963' title='bbox 2464 5548 2607 5598; x_wconf 85' lang='lat' dir='ltr'><strong>Mss..</strong></span> <span class='ocrx_word' id='word_1_964' title='bbox 2626 5545 2971 5608; x_wconf 54' lang='lat' dir='ltr'><strong>praemisisse.</strong></span> 
     </span>
    </p>
   </div>
   <div class='ocr_carea' id='block_1_121' title="bbox 2268 5607 3222 5672">
    <p class='ocr_par' dir='ltr' id='par_1_121' title="bbox 2268 5607 3222 5672">
     <span class='ocr_line' id='line_1_126' title="bbox 2268 5607 3222 5672; baseline -0.002 -16"><span class='ocrx_word' id='word_1_965' title='bbox 2268 5612 2288 5644; x_wconf 84' lang='lat'><strong>7</strong></span> <span class='ocrx_word' id='word_1_966' title='bbox 2319 5607 2699 5672; x_wconf 74' lang='lat' dir='ltr'><strong>Aliqu_otMss.,</strong></span> <span class='ocrx_word' id='word_1_967' title='bbox 2728 5620 2851 5656; x_wconf 84' lang='lat' dir='ltr'><strong>nam</strong></span> <span class='ocrx_word' id='word_1_968' title='bbox 2879 5607 2952 5658; x_wconf 88' lang='lat' dir='ltr'><strong>ad</strong></span> <span class='ocrx_word' id='word_1_969' title='bbox 2976 5619 3222 5672; x_wconf 48' lang='lat' dir='ltr'><strong>crumen.</strong></span> 
     </span>
    </p>
   </div>
   <div class='ocr_carea' id='block_1_122' title="bbox 2269 5667 3908 5728">
    <p class='ocr_par' dir='ltr' id='par_1_122' title="bbox 2269 5667 3908 5728">
     <span class='ocr_line' id='line_1_127' title="bbox 2269 5667 3908 5728; baseline -0.002 -9"><span class='ocrx_word' id='word_1_970' title='bbox 2269 5673 2289 5706; x_wconf 77' lang='grc'><strong>8</strong></span> <span class='ocrx_word' id='word_1_971' title='bbox 2314 5671 2409 5720; x_wconf 82' lang='lat' dir='ltr'><strong>Hic</strong></span> <span class='ocrx_word' id='word_1_972' title='bbox 2417 5667 2542 5720; x_wconf 77' lang='lat' dir='ltr'><strong>editi</strong></span> <span class='ocrx_word' id='word_1_973' title='bbox 2562 5670 2791 5720; x_wconf 87' lang='lat' dir='ltr'><strong>addunt:</strong></span> <span class='ocrx_word' id='word_1_974' title='bbox 2812 5673 2986 5728; x_wconf 86' lang='lat' dir='ltr'><strong>Quam</strong></span> <span class='ocrx_word' id='word_1_975' title='bbox 3002 5670 3067 5720; x_wconf 87' lang='lat' dir='ltr'><strong>de</strong></span> <span class='ocrx_word' id='word_1_976' title='bbox 3085 5667 3297 5720; x_wconf 72' lang='lat' dir='ltr'><strong>meritis</strong></span> <span class='ocrx_word' id='word_1_977' title='bbox 3309 5670 3424 5718; x_wconf 85' lang='lat' dir='ltr'><strong>suis</strong></span> <span class='ocrx_word' id='word_1_978' title='bbox 3438 5682 3457 5727; x_wconf 89' lang='lat'><strong><em>;</em></strong></span> <span class='ocrx_word' id='word_1_979' title='bbox 3471 5669 3561 5718; x_wconf 89' lang='lat' dir='ltr'><strong>sed</strong></span> <span class='ocrx_word' id='word_1_980' title='bbox 3583 5669 3731 5718; x_wconf 87' lang='lat' dir='ltr'><strong>abest</strong></span> <span class='ocrx_word' id='word_1_981' title='bbox 3743 5683 3773 5717; x_wconf 89' lang='lat' dir='ltr'><strong>a</strong></span> <span class='ocrx_word' id='word_1_982' title='bbox 3785 5670 3908 5718; x_wconf 84' lang='lat' dir='ltr'><strong>Mss.</strong></span> 
     </span>
    </p>
   </div>
   <div class='ocr_carea' id='block_1_123' title="bbox 2269 5784 3843 5849">
    <p class='ocr_par' dir='ltr' id='par_1_123' title="bbox 2269 5784 3843 5849">
     <span class='ocr_line' id='line_1_128' title="bbox 2269 5784 3843 5849; baseline -0.003 -13"><span class='ocrx_word' id='word_1_983' title='bbox 2269 5786 2340 5849; x_wconf 91' lang='lat' dir='ltr'><strong>(a)</strong></span> <span class='ocrx_word' id='word_1_984' title='bbox 2370 5785 2514 5836; x_wconf 83' lang='lat' dir='ltr'><strong>Idem</strong></span> <span class='ocrx_word' id='word_1_985' title='bbox 2533 5785 2590 5836; x_wconf 92' lang='lat' dir='ltr'><strong>in</strong></span> <span class='ocrx_word' id='word_1_986' title='bbox 2623 5785 2885 5837; x_wconf 76' lang='lat' dir='ltr'><strong>Ambrosii</strong></span> <span class='ocrx_word' id='word_1_987' title='bbox 2914 5786 3034 5836; x_wconf 86' lang='lat' dir='ltr'><strong>Vita</strong></span> <span class='ocrx_word' id='word_1_988' title='bbox 3064 5787 3246 5835; x_wconf 87' lang='lat' dir='ltr'><strong>narrat</strong></span> <span class='ocrx_word' id='word_1_989' title='bbox 3275 5784 3529 5834; x_wconf 88' lang='lat' dir='ltr'><strong>Paulinus</strong></span> <span class='ocrx_word' id='word_1_990' title='bbox 3549 5785 3843 5848; x_wconf 88' lang='lat' dir='ltr'><strong>presbyter.</strong></span> 
     </span>
    </p>
   </div>
  </div>
