4020 6364
38 352 118 400 57
1475 348 1807 406 AUCTORE
1856 347 2187 404 POSSIDIO.
3513 354 3580 405 58

32 469 140 524 sui
183 470 379 534 amici,
413 469 475 525 in
504 468 772 525 extremis
800 468 930 525 vitm
959 469 1028 524 de
1058 469 1268 524 talibus
1317 469 1774 541 frequentissime

34 559 351 614 referebat
369 560 586 614 dictum
615 576 628 614 :
653 559 724 613 ad
746 574 919 630 quem
939 575 1069 613 cum
1091 558 1438 614 visitandum
1454 560 1575 630 jam
1603 558 1775 613 morti

34 649 555 720 propinquantem
586 648 940 713 ventitasset,
973 652 1028 702 et
1057 646 1151 702 ille
1182 664 1387 702 manus
1422 652 1586 718 gestu
1617 664 1675 702 se
1705 648 1774 702 de

33 738 275 791 smcnlo
307 738 597 792 exiturum
627 736 997 806 signiﬁcaret,
1031 741 1201 807 atque
1239 753 1272 789 a
1309 753 1368 790 se
1399 736 1482 790 illi
1513 741 1659 790 esset
1687 752 1775 790 re-

36 842 370 895 sponsum,
430 825 614 880 adhuc
671 841 801 878 eum
860 824 1115 879 Ecclesia:
1168 825 1551 879 necessarium
1590 825 1777 879 vivere

40 930 269 984 posse;
294 915 482 973 illum,
504 931 576 968 ne
595 918 894 984 putaretur
912 913 1083 982 hujus
1101 914 1228 968 vita:
1242 913 1426 968 teneri
1443 913 1776 985 cupiditate,

43 1002 105 1054 ei
138 1003 518 1074 respondisse
547 1018 561 1057 :
587 1003 649 1058 Si
676 1017 973 1072 nunquam,
1007 1003 1161 1066 bene;
1193 1004 1243 1056 si
1270 1002 1588 1071 aliquando,
1611 1019 1778 1071 quare

45 1107 170 1144 non
200 1092 366 1147 modo
388 1093 415 1147 ἲν
449 1093 510 1145 Et
540 1092 712 1146 talem
732 1091 1071 1144 sententiam
1098 1091 1412 1145 mirabatur
1433 1096 1490 1146 et
1515 1092 1781 1146 laudabat

47 1179 378 1234 hominem
407 1179 734 1251 protulisse,
763 1180 938 1233 Deum
961 1178 1194 1250 quidem
1217 1179 1538 1244 timentem,
1559 1195 1781 1234 verum-

48 1274 268 1324 tamen
306 1269 366 1323 in
395 1269 528 1322 villa
556 1273 756 1323 natum
787 1272 844 1322 et
870 1268 1176 1333 nutritum,
1209 1269 1305 1322 sed
1338 1285 1455 1323 non
1486 1269 1671 1323 multa
1700 1270 1779 1322 le-

49 1356 279 1410 ctionis
335 1355 624 1410 eruditum
656 1355 890 1410 scientia
922 1373 936 1412 :
969 1362 1170 1410 contra
1219 1357 1380 1411 illum
1414 1357 1630 1411 scilicet
1659 1373 1782 1410 sen-

52 1462 198 1500 sum
230 1445 568 1516 asgrotantis
608 1444 884 1516 episcopi,
917 1445 986 1499 de
1015 1461 1129 1516 quo
1180 1451 1406 1500 sanctus
1457 1445 1515 1499 in
1544 1445 1782 1517 epistola

50 1551 169 1588 sua
192 1552 376 1606 quam
407 1535 475 1589 de
496 1535 832 1589 Mortalitate
854 1533 1080 1604 scripsit
1105 1540 1322 1606 martyr
1347 1535 1684 1606 Cyprianus,
1705 1535 1783 1589 ita

51 1625 267 1678 retulit
301 1624 496 1678 dicens
528 1639 542 1677 :
576 1625 706 1680 Cum
735 1624 960 1693 quidam
990 1624 1056 1676 de
1093 1625 1305 1691 collegis
1349 1628 1398 1677 et
1434 1625 1780 1679 consacerdo-

55 1715 216 1766 tibus
246 1715 455 1767 nostris
483 1714 800 1782 inﬁrmitate
828 1713 1090 1778 defessus,
1122 1717 1172 1766 et
1201 1713 1268 1767 de
1297 1715 1783 1783 appropinquante

55 1805 240 1854 morte
271 1799 562 1866 sollicitus,
594 1805 942 1854 commeatum
972 1800 1082 1853 sibi
1109 1805 1444 1869 precaretur,
1475 1803 1656 1855 astitit
1685 1801 1782 1854 de—

54 1890 334 1956 precanti
347 1893 397 1942 et
413 1889 534 1956 jam
550 1903 684 1956 pene
704 1890 958 1940 morienti
971 1889 1190 1956 juvenis
1217 1889 1412 1942 honore
1435 1893 1484 1942 et
1503 1889 1784 1958 majestate

58 1976 432 2042 venerabilis,
459 1981 674 2030 statura
703 1977 893 2038 celsus,
916 1982 967 2030 et
989 1978 1167 2030 clarus
1186 1982 1428 2046 aspectu,
1459 1983 1508 2032 et
1529 1993 1684 2046 quem
1701 1993 1785 2031 as-

64 2069 284 2118 tantem
303 2065 418 2119 sibi
425 2067 522 2118 via:
537 2070 718 2136 posset
739 2065 1007 2119 humanus
1027 2070 1274 2134 aspectus
1289 2066 1455 2119 oculis
1475 2066 1784 2120 carnalibus

64 2156 306 2212 intueri.
340 2155 452 2207 nisi
478 2153 623 2224 quod
649 2155 808 2207 tatem
836 2153 1018 2207 videre
1035 2153 1156 2222 jam
1171 2157 1384 2222 poterat
1404 2152 1470 2206 de
1490 2154 1680 2206 saeculo
1707 2167 1786 2204 re-

67 2258 336 2297 cessurus
369 2259 384 2297 :
415 2247 580 2312 atque
606 2243 698 2297 ille
725 2258 830 2296 non
858 2244 972 2296 sine
999 2241 1238 2310 quadam
1268 2243 1442 2295 animi
1465 2246 1517 2295 et
1541 2243 1684 2295 vocis
1707 2243 1788 2293 in-

66 2333 404 2398 dignatione
424 2333 727 2398 infremuit,
744 2331 986 2400 etdimit,
1006 2331 1134 2384 Pati
1151 2332 1371 2396 timetis,
1385 2331 1534 2383 exire
1551 2343 1657 2384 non
1676 2329 1790 2382 vul-

69 2421 143 2474 tis
172 2437 187 2485 ;
232 2421 376 2489 quid
401 2421 608 2486 faciam
632 2420 782 2474 vobis
811 2421 838 2473 ?

69 2545 310 2598 CAPUT
341 2543 572 2598 XXVIII.
607 2571 669 2582 —
703 2542 829 2608 Quae
852 2544 1104 2612 proxime
1139 2546 1262 2596 ante
1303 2547 1526 2596 mortem
1557 2541 1626 2595 ab
1665 2541 1789 2595 Au-

141 2635 370 2701 gustino
399 2633 568 2687 edita.
601 2633 1063 2687 Retractationum
1084 2631 1236 2686 libri.
1259 2631 1626 2685 Barbarorum
1645 2632 1786 2684 irru-

141 2724 284 2792 ptio.
323 2723 592 2791 Hipponis
619 2721 848 2774 obsidio.

145 2833 300 2883 Ante
357 2827 688 2898 proximum
743 2843 877 2882 vero
933 2827 1085 2881 diem
1144 2827 1330 2882 obitus
1383 2825 1471 2880 sui
1525 2841 1560 2880 a
1610 2842 1669 2880 se
1710 2825 1790 2879 di-

78 2923 265 2971 ctatos
307 2921 367 2971 et
409 2915 588 2971 editos
632 2916 917 2970 recensuit
947 2915 1142 2982 libros,
1201 2915 1315 2970 sive
1355 2931 1449 2968 eos
1489 2931 1632 2986 quos
1677 2913 1792 2984 pri-

77 3022 174 3060 mo
227 3010 498 3076 tempore
566 3005 950 3059 conversionis
1009 3020 1127 3058 sum
1190 3004 1373 3058 adhuc
1421 3002 1620 3070 laicus,
1677 3001 1790 3054 sive

84 3111 237 3166 quos
283 3094 607 3166 presbyter,
663 3093 779 3146 sive
824 3108 970 3164 quos
1015 3091 1314 3163 episcopus
1350 3091 1702 3146 dictaverat:
1736 3094 1794 3143 et

78 3198 474 3256 quaecumque
505 3182 565 3238 in
603 3181 696 3236 his
721 3181 1050 3253 recognovit
1077 3181 1244 3235 aliter
1273 3196 1446 3252 quam
1475 3196 1594 3233 sese
1625 3178 1794 3232 habet

79 3271 471 3328 ecclesiastica
500 3272 702 3341 regula
726 3287 759 3324 a
788 3287 846 3324 se
875 3269 1050 3325 fuisse
1081 3269 1289 3324 dictata
1319 3273 1374 3322 et
1402 3267 1630 3338 scripta,
1663 3283 1792 3320 cum

81 3364 276 3418 adhuc
293 3361 743 3416 ecclesiasticum
769 3377 934 3415 usum
956 3359 1146 3414 minus
1165 3359 1351 3425 sciret,
1377 3357 1682 3428 minusque
1712 3373 1794 3410 sa-

81 3451 308 3523 puisset
335 3451 380 3519 ¹,
408 3465 442 3503 a
469 3449 776 3520 semetipso
806 3454 862 3504 et
892 3450 1239 3521 reprehensa
1269 3453 1323 3502 et
1361 3451 1612 3502 correcta
1641 3449 1791 3499 sunt.

84 3540 250 3595 Unde
281 3538 460 3593 etiam
491 3539 606 3592 duo
637 3537 972 3609 conscripsit
1019 3537 1329 3603 volumina,
1362 3551 1610 3608 quorum
1641 3542 1695 3588 et
1723 3534 1794 3588 ti-

79 3629 264 3695 tulus,
303 3631 374 3683 De
396 3629 700 3682 recensione
727 3629 989 3682 librorum
1019 3626 1114 3697 (a).
1151 3627 1472 3696 Prsereptos
1496 3624 1668 3679 etiam
1687 3621 1796 3676 sibi

82 3717 370 3790 quosdam
408 3715 587 3770 libros
617 3715 686 3786 (b)
719 3720 850 3770 ante
880 3715 1305 3786 diligentiorem
1337 3712 1797 3768 emendationem

82 3826 115 3861 ει
145 3804 452 3860 nonnullis
498 3805 769 3859 fratribus
817 3804 1292 3876 conquerebatur,
1327 3803 1458 3858 licet
1503 3819 1601 3857 eos
1644 3805 1795 3872 post-

85 3895 331 3949 modum
363 3893 740 3948 emendasset.
782 3893 1117 3964 Imperfecta
1148 3891 1319 3946 etiam
1350 3891 1614 3964 quaedam
1673 3905 1798 3942 suo-

87 3995 220 4034 rum
275 3979 560 4032 librorum
617 3982 948 4047 praeventus
988 3981 1170 4030 morte
1210 3975 1531 4046 dereliquit.
1573 3973 1797 4044 Quique

86 4068 365 4138 prodesse
395 4065 662 4121 omnibus
682 4068 898 4128 volens.
931 4070 989 4121 et
1019 4064 1338 4120 valentibus
1362 4063 1386 4097 ²
1415 4064 1594 4118 multa
1623 4061 1800 4117 libro-

90 4173 221 4211 rum
255 4157 470 4226 legere,
502 4160 560 4209 et
587 4171 704 4208 non
731 4155 1076 4223 valentibus,
1107 4169 1173 4207 ex
1203 4158 1446 4224 utroque
1477 4150 1668 4206 divino
1697 4152 1800 4205 Te-

91 4248 402 4307 stamento,
434 4245 632 4298 Vetere
663 4248 720 4298 et
750 4244 920 4306 Novo,
957 4241 1253 4314 praemissa
1285 4239 1620 4313 praefatione
1651 4256 1802 4310 prm-

89 4339 255 4405 cepta
280 4332 479 4387 divina
524 4348 622 4386 seu
654 4332 829 4386 vetita
874 4331 946 4386 ad
989 4331 1120 4386 vita:
1149 4332 1405 4401 regulam
1452 4329 1801 4400 pertinentia

89 4420 391 4492 excerpsit,
426 4426 598 4493 atque
648 4437 715 4475 ex
747 4421 834 4475 his
863 4436 1045 4474 unum
1075 4419 1330 4474 codicem
1386 4419 1545 4484 fecit;
1580 4423 1646 4472 ut
1702 4417 1804 4488 qui

89 4515 265 4568 vellet
296 4514 533 4584 legeret,
565 4513 736 4581 atque
767 4509 827 4564 in
857 4525 924 4564 eo
953 4510 1037 4562 vel
1071 4525 1245 4580 quam
1271 4507 1543 4563 obediens
1575 4508 1688 4561 Deo
1720 4507 1805 4560 in-

90 4601 442 4657 obediensve
470 4603 636 4664 esset,
668 4603 1006 4670 agnosceret
1037 4615 1050 4653 :
1084 4603 1141 4652 et
1165 4598 1274 4652 hoc
1303 4613 1446 4668 opus
1463 4596 1642 4650 voluit
1667 4596 1806 4666 Spe-

88 4694 289 4746 culum
321 4689 624 4761 appellari.

159 4781 378 4834 Verum
416 4777 574 4833 brevi
628 4777 1007 4849 consequenti
1057 4779 1320 4848 tempore
1367 4775 1563 4830 divina
1608 4774 1807 4827 volun-

89 4873 210 4924 tate
241 4872 301 4923 et
348 4871 632 4938 potestate
657 4868 946 4938 provenit,
995 4869 1058 4919 ut
1086 4881 1290 4918 manus
1338 4863 1540 4934 ingens
1570 4861 1808 4917 diversis

90 4958 223 5012 telis
252 4959 476 5011 armata
505 4960 562 5010 et
590 4955 754 5010 bellis
795 4954 1121 5022 exercitata,
1161 4952 1502 5007 immanium
1544 4951 1801 5006 hostium

94 5045 488 5101 Vandalornm
520 5048 577 5099 et
623 5045 936 5098 Alanorum
968 5041 1335 5097 commixtam
1367 5056 1560 5095 secum
1593 5040 1810 5094 habens

97 5136 421 5191 Gothorum
456 5137 709 5204 gentem,
745 5133 1104 5204 aliarumque
1134 5131 1483 5185 diversarum
1512 5145 1807 5200 personas,

98 5241 161 5279 ex
197 5222 490 5294 Hispania:
526 5222 789 5293 partibus
846 5219 1264 5286 transmarinis,
1312 5219 1553 5273 navibus
1603 5217 1807 5272 Africa:

101 5311 426 5368 inﬂuxisset
462 5315 520 5365 et
556 5309 822 5364 irruisset
851 5327 864 5363 :
900 5307 1276 5380 universaque
1319 5323 1424 5378 per
1452 5307 1575 5360 loca
1605 5305 1808 5360 Mauri—

161 5441 176 5474 ¹
211 5437 298 5488 Sic
317 5436 446 5486 Mss.
472 5450 487 5494 ;
516 5438 572 5484 at
596 5434 749 5491 Edd.,
770 5433 1108 5496 intelligeret.
1131 5459 1192 5496 g-
1211 5431 1446 5496 Salinas,
1466 5431 1588 5479 item
1612 5442 1678 5478 ex
1704 5441 1810 5496 uno

103 5501 169 5550 Cd
181 5539 193 5550 .
209 5538 222 5560 ,
236 5502 528 5561 minusque
539 5497 878 5560 intelligeret;
893 5494 958 5546 ex
975 5497 1140 5545 altero
1153 5494 1242 5544 Cd.
1255 5531 1268 5554 ,
1282 5497 1563 5561 minusque
1573 5494 1805 5554 saperet.

164 5628 186 5662 ι
217 5625 378 5683 Editi,
401 5626 454 5672 et
479 5621 784 5673 volentibus
801 5637 820 5681 ,-
837 5623 1022 5670 contra
1041 5621 1186 5679 Mss.,
1212 5620 1266 5670 et
1295 5555 1621 5668 adtenuata.

163 5727 234 5783 to)
264 5721 726 5774 Retractationum
761 5719 906 5769 libri.

167 5788 230 5848 (b)
263 5788 340 5837 De
368 5783 649 5835 Trinitate.

1883 471 2170 526 taniarum
2199 469 2370 525 etiam
2399 470 2471 524 ad
2507 471 2648 525 alias
2675 475 2894 524 nostras
2937 471 3220 527 transiens
3250 473 3577 542 provincias

1883 565 1938 616 et
1968 560 2250 632 regiones,
2283 559 2441 614 omni
2487 558 2722 614 saeviens
2769 559 3104 614 crudelitate
3155 566 3211 614 et
3255 562 3572 626 atrocitate,

1885 655 2087 704 cuncta
2105 666 2234 720 quae
2259 649 2461 720 potuit,
2489 649 2918 719 exspoliatione.
2940 649 3211 716 caedibus,
3231 651 3581 722 diversisque

1887 738 2207 804 tormentis,
2239 737 2532 803 incendiis,
2565 737 2805 808 aliisque
2850 737 3369 793 innumerabilibus
3407 743 3463 792 et
3492 739 3580 792 in-

1887 827 2072 884 fandis
2101 826 2264 880 malis
2286 827 2633 898 depopulata
2653 831 2765 892 est;
2790 827 2933 881 nulli
2955 827 3133 891 sexui,
3167 828 3311 881 nulli
3343 843 3584 897 parcens

1888 915 2062 980 aetati,
2102 931 2207 969 nec
2257 914 2393 986 ipsis
2437 914 2533 970 Dei
2582 916 2965 970 sacerdotibus
3011 917 3099 971 vel
3155 916 3445 978 ministris,
3479 933 3583 970 nec

1889 1003 2026 1074 ipsis
2077 1003 2439 1058 ecclesiarum
2494 1003 2844 1058 ornamentis
2899 1021 2999 1058 seu
3045 1005 3438 1060 instrumentis
3491 1007 3579 1060 vel

1890 1093 2160 1147 aediliciis.
2197 1094 2261 1147 Et
2281 1093 2425 1148 hanc
2451 1092 2861 1148 ferocissimam
2888 1093 3136 1147 hostium
3166 1095 3578 1165 grassationem

1891 1186 1946 1235 et
1972 1181 2366 1248 vastationem,
2390 1181 2483 1236 ille
2515 1181 2611 1236 Dei
2637 1183 2831 1247 homo,
2852 1187 2908 1236 et
2924 1182 3133 1238 factam
3159 1182 3332 1236 fuisse
3357 1189 3414 1237 et
3431 1183 3578 1251 ﬁeri,

1891 1287 2006 1325 non
2035 1275 2092 1326 ut
2120 1271 2311 1326 ceteri
2353 1272 2653 1326 hominum
2684 1272 2965 1327 sentiebat
3011 1275 3067 1326 et
3117 1271 3403 1343 cogitabat
3433 1291 3445 1326 :
3482 1273 3580 1327 sed

1891 1359 2060 1414 altius
2098 1365 2155 1414 et
2182 1360 2521 1431 profundius
2549 1375 2618 1414 ea
2643 1360 3026 1428 considerans,
3065 1364 3122 1414 et
3150 1360 3209 1414 in
3239 1360 3328 1414 his
3358 1360 3582 1414 anima-

1890 1463 2020 1500 rum
2046 1447 2334 1518 precipue
2363 1449 2449 1500 vel
2479 1447 2732 1517 pericula
2761 1447 2847 1501 vel
2878 1451 3088 1500 mortes
3117 1447 3455 1518 praevidens,
3485 1463 3580 1500 so-

1894 1535 1993 1589 lito
2031 1535 2278 1606 amplius
2321 1535 2635 1607 (quoniam,
2669 1540 2731 1590 ut
2776 1535 3050 1607 scriptum
3087 1540 3189 1601 est,
3223 1537 3327 1602 Qui
3353 1537 3580 1605 apponit

1891 1628 2192 1692 scientiam,
2239 1629 2468 1696 apponit
2506 1627 2740 1680 dolorem
2787 1626 2978 1696 (Eccle.
3027 1643 3066 1691 1,
3119 1625 3238 1695 18);
3283 1631 3340 1679 et
3368 1627 3469 1682 Cor
3496 1627 3582 1678 in-

1895 1716 2155 1782 telligens,
2182 1717 2328 1770 tinea
2349 1715 2578 1782 ossibus)
2600 1714 2830 1768 fuerunt
2853 1714 2907 1767 ei
2927 1714 3191 1784 Iacrymze
3214 1729 3388 1784 panes
3413 1711 3504 1766 die
3521 1728 3584 1764 ac

1895 1808 2056 1857 nocte
2089 1803 2257 1874 (Psat.
2289 1818 2406 1869 xu,
2461 1805 2535 1873 4),
2586 1802 3117 1873 amarissimamque
3170 1805 3226 1854 et
3274 1801 3583 1870 lugubrem

1893 1907 2014 1963 pra:
2041 1892 2262 1946 caeteris
2291 1908 2408 1946 sua:
2447 1891 2752 1946 senectutis
2791 1891 2912 1961 jam
2957 1906 3103 1960 pene
3132 1893 3445 1943 extremam
3477 1889 3582 1942 du-

1895 1981 2057 2035 cebat
2083 1997 2147 2035 ac
2175 1982 2456 2035 tolerabat
2484 1981 2674 2034 vitam.
2709 1980 2946 2035 Videbat
2974 1979 3126 2033 enim
3157 1977 3253 2032 ille
3283 1979 3455 2031 homo
3488 1977 3588 2031 Dei

1895 2069 2148 2124 civitates
2192 2070 2410 2124 excidio
2455 2070 2728 2140 perditas,
2778 2068 3104 2140 pariterque
3147 2083 3278 2122 cum
3330 2066 3586 2121 aediﬁciis

1895 2157 2161 2212 villarum
2210 2157 2576 2226 habitatores,
2633 2157 2772 2212 alios
2821 2157 3012 2211 hostili
3068 2173 3203 2210 nece
3261 2156 3588 2222 exstinctos,

1898 2245 2036 2300 alios
2064 2246 2340 2316 etfugatos
2359 2251 2530 2318 atque
2550 2247 2870 2318 dispersos;
2905 2245 3174 2300 Ecclesias
3204 2243 3592 2299 sacerdotibus

1897 2351 1962 2390 ac
1990 2335 2266 2390 ministris
2290 2335 2608 2401 destitutas,
2642 2335 3001 2407 virginesque
3030 2351 3214 2388 sacras
3243 2337 3302 2389 et
3327 2347 3588 2405 quosque

1897 2425 2252 2480 continentes
2281 2425 2492 2496 ubique
2519 2425 2819 2496 dissipatos
2845 2442 2858 2490 ;
2892 2431 2949 2479 et
2975 2424 3036 2478 in
3065 2424 3153 2479 his
3179 2423 3320 2478 alios
3343 2428 3592 2476 tormen-

1897 2515 1972 2570 tis
2027 2514 2318 2584 defecisse,
2375 2515 2515 2576 alios
2567 2515 2758 2586 gladio
2809 2515 3185 2584 interemptos
3241 2527 3386 2578 esse,
3447 2511 3590 2565 alios

1899 2603 1960 2657 in
1988 2603 2332 2674 captivitate,
2387 2603 2606 2674 perdita
2659 2602 2839 2656 animi
2879 2606 2936 2656 et
2961 2599 3216 2672 corporis
3261 2598 3588 2670 integritate

1899 2709 1964 2746 ac
1991 2691 2145 2754 ﬁdei,
2177 2693 2328 2746 malo
2373 2708 2528 2747 more
2565 2709 2629 2746 ac
2675 2692 2820 2746 duro
2847 2690 3108 2744 hostibus
3133 2688 3456 2753 deservire;
3493 2687 3592 2756 hy-

1901 2797 2068 2836 mnos
2089 2781 2190 2836 Dei
2219 2786 2277 2835 et
2300 2781 2498 2836 laudes
2519 2781 2588 2835 de
2619 2780 2868 2834 ecclesiis
2897 2779 3208 2850 deperisse,
3239 2777 3480 2832 aedificia
3508 2792 3594 2830 ec—

1900 2870 2201 2924 clesiarum
2245 2886 2419 2942 quam
2467 2869 2729 2940 plurimis
2778 2869 2916 2923 locis
2945 2868 3176 2939 ignibus
3204 2872 3586 2929 concremata,

1902 2958 2180 3013 solemnia
2207 2975 2335 3030 quae
2367 2959 2480 3012 Deo
2509 2958 2792 3011 debentur
2818 2957 2887 3010 de
2916 2955 3163 3027 propriis
3192 2954 3326 3008 locis
3355 2953 3589 3007 desiisse

1902 3047 2199 3116 sacrificia,
2246 3050 2598 3101 sacramenta
2635 3045 2828 3099 divina
2876 3045 2963 3098 vel
3012 3060 3125 3098 non
3171 3043 3352 3112 quaeri
3400 3045 3441 3107 ί,
3502 3041 3589 3095 vel

1904 3135 2187 3209 quaerenti
2214 3136 2314 3207 qui
2336 3135 2524 3190 tradat
2552 3151 2665 3188 non
2693 3133 2856 3188 facile
2881 3131 3146 3203 reperiri;
3171 3131 3230 3185 in
3262 3131 3410 3202 ipsas
3439 3146 3595 3184 mon-

1902 3227 2048 3280 tium
2079 3225 2244 3280 silvas
2273 3229 2330 3279 et
2356 3239 2624 3278 cavernas
2649 3228 2941 3294 petrarum
2971 3226 3028 3276 et
3065 3221 3363 3292 speluncas
3399 3218 3600 3273 confu-

1905 3315 2144 3384 gientes,
2193 3315 2280 3368 vel
2335 3313 2408 3368 ad
2454 3329 2706 3384 quasque
2737 3311 3102 3377 munitiones,
3133 3310 3276 3364 alios
3305 3309 3474 3364 fuisse
3506 3324 3598 3362 ex-

1904 3407 2188 3475 pugnatos
2217 3406 2270 3457 et
2299 3401 2624 3456 interfectos
2654 3399 2698 3466 ²,
2730 3399 2871 3454 alios
2909 3399 2986 3454 ita
3019 3398 3350 3454 necessariis
3379 3401 3600 3452 susten-

1905 3492 2105 3546 taculis
2124 3492 2378 3545 evolutos
2403 3495 2574 3562 atque
2594 3489 2864 3562 privatos,
2882 3493 2946 3544 ut
2959 3489 3104 3543 fame
3122 3487 3597 3552 contabescerent;

1906 3579 2171 3652 ipsosque
2200 3579 2574 3634 Ecclesiarum
2601 3578 2939 3650 praepositos
2963 3582 3020 3632 et
3046 3577 3298 3643 clericos,
3328 3576 3429 3648 qui
3459 3575 3601 3629 forte

1909 3669 2009 3724 Dei
2036 3668 2314 3724 beneﬁcio
2343 3669 2428 3722 vel
2456 3685 2554 3723 eos
2584 3683 2701 3722 non
2737 3667 3117 3730 incurrerent,
3169 3666 3257 3719 vel
3305 3665 3600 3719 incurren-

1907 3761 1991 3812 tes
2021 3761 2334 3822 evaserant,
2362 3755 2531 3810 rebus
2559 3754 2824 3810 omnibus
2852 3753 3192 3824 exspoliatos
3221 3757 3392 3823 atque
3423 3750 3602 3805 nuda-

1909 3851 1995 3900 tos
2017 3845 2412 3917 egentissimos
2433 3844 2779 3910 mendicare,
2800 3858 2904 3896 nec
2922 3842 3002 3896 eis
3024 3841 3292 3895 omnibus
3313 3840 3381 3894 ad
3405 3839 3603 3894 omnia

1909 3935 2114 4006 quibus
2155 3933 2426 3988 fulciendi
2470 3937 2656 3986 essent
2683 3930 2974 3986 subveniri
3005 3946 3167 4001 posse
3200 3945 3213 3982 :
3243 3929 3334 3982 vix
3363 3932 3476 3982 tres
3507 3944 3600 3981 su-

1909 4023 2168 4096 perstites
2205 4039 2270 4077 ex
2311 4019 2826 4076 innumerabilibus
2866 4017 3155 4084 Ecclesias,
3187 4018 3294 4072 hoc
3331 4021 3434 4082 est,
3468 4017 3602 4071 Car-

1910 4114 2331 4185 thaginensem,
2373 4111 2818 4182 Hipponensem,
2858 4114 2916 4163 et
2954 4109 3292 4172 Cirtensem,
3335 4123 3463 4178 qua:
3505 4105 3605 4161 Dei

1913 4203 2189 4259 beneﬂcio
2218 4201 2417 4256 excisa:
2450 4216 2570 4254 non
2599 4204 2750 4265 sunt,
2792 4205 2848 4253 et
2874 4213 3068 4252 earum
3102 4200 3442 4268 permanent
3469 4195 3604 4250 civi-

1912 4299 2078 4358 tates,
2111 4297 2168 4346 et
2195 4291 2389 4346 divino
2436 4294 2492 4344 et
2518 4291 2774 4344 humano
2801 4288 2961 4342 fultae
2989 4285 3288 4358 praesidio;
3318 4283 3452 4339 licet
3479 4289 3609 4354 post

1914 4382 2038 4452 ejus
2066 4379 2286 4435 obitum
2315 4378 2448 4432 urbs
2479 4375 2860 4447 Hipponensis
2887 4374 3090 4429 incolis
3119 4373 3384 4428 destituta
3416 4371 3485 4426 ab
3511 4372 3607 4426 ho—

1915 4469 2093 4524 stibus
2121 4467 2294 4523 fuerit
2315 4470 2693 4521 concremata.
2729 4465 2792 4519 Et
2824 4480 2882 4517 se
2913 4462 3062 4517 inter
3089 4463 3212 4516 haec
3241 4462 3392 4516 mala
3419 4460 3609 4530 cujus-

1914 4559 2046 4614 dam
2076 4556 2345 4628 sapientis
2381 4553 2661 4610 sententia
2696 4552 3119 4616 consolabatur,
3152 4550 3394 4606 dicentis
3433 4565 3448 4604 :
3483 4549 3607 4603 Non

1915 4647 2025 4702 erit
2035 4661 2278 4718 magnus
2297 4659 2570 4715 magnum
2583 4647 2809 4714 putans,
2824 4641 2980 4712 quod
2991 4639 3368 4711 caduntligna
3383 4643 3441 4692 et
3464 4637 3609 4709 lapi-

1915 4738 2034 4802 des,
2066 4741 2123 4790 et
2146 4735 2468 4789 moriuntur
2496 4731 2765 4786 mortales
2784 4728 2828 4784 ⁵.

1989 4827 2118 4880 Haec
2171 4838 2308 4893 ergo
2353 4821 2546 4876 omnia
2599 4820 2717 4885 ille,
2767 4823 2832 4873 ut
2879 4821 3001 4872 erat
3027 4817 3141 4872 alte
3173 4817 3419 4889 sapiens,
3472 4832 3613 4888 quo-

1916 4913 2053 4970 tidie
2103 4910 2351 4966 ubertim
2388 4909 2716 4980 plangebat.
2762 4906 3134 4979 Accrevitque
3184 4905 3526 4962 mmroribus
3556 4909 3613 4960 et

1918 4998 2420 5056 lamentationibus
2440 4999 2585 5070 ejus,
2610 5003 2672 5052 ut
2688 4997 2861 5052 etiam
2884 4997 3066 5052 adhuc
3087 4996 3148 5052 in
3168 5013 3270 5052 suo
3300 5000 3455 5051 statu
3473 5011 3610 5050 con-

1983 5217 2000 5251 ¹
2031 5214 2116 5265 Sic
2145 5213 2359 5277 aliquod
2379 5212 2559 5277 probas
2583 5215 2728 5277 notia
2752 5211 2874 5277 Mss.
2901 5213 2995 5277 ;_at
3021 5209 3180 5259 editi:
3205 5205 3476 5277 sgtemnia
3495 5216 3615 5262 qua:

1919 5279 2021 5328 Deo
2045 5266 2298 5326 debmticr
2318 5266 2639 5338 de'propriis
2659 5275 2792 5324 locis
2817 5266 3053 5338 desiisse,
3075 5266 3341 5338 sacriﬁcia
3360 5269 3409 5314 et
3427 5279 3614 5338 sacra-

1921 5343 2101 5390 menta
2129 5339 2312 5389 divina
2330 5330 2413 5400 vel
2431 5330 2532 5386 non
2544 5337 2723 5400 quaeri,
2743 5339 2844 5400 etc,
2866 5360 2928 5400 -έ
2946 5334 3152 5384 Salinas
3175 5347 3187 5381 :
3209 5330 3481 5400 solemnia
3498 5342 3616 5394 qua:

1925 5406 2033 5453 Deo
2053 5401 2316 5451 debentur
2337 5399 2404 5450 de
2422 5391 2652 5463 propriis
2667 5391 2790 5463 locis
2809 5397 3041 5463 desiisse,
3062 5391 3329 5463 sacriﬁcia
3348 5391 3619 5463 ae_saera-

1921 5451 2106 5514 menta
2125 5463 2315 5514 divina
2346 5451 2434 5513 vel
2455 5451 2562 5511 no'n
2589 5460 2770 5524 queri,
2792 5464 2921 5524 etc.;
2943 5451 3147 5524 adjecta
3171 5451 3476 5524 h'a_c_notula
3503 5468 3515 5502 :
3540 5455 3618 5505 sic

1924 5527 2048 5576 Lov.
2079 5526 2279 5589 legunt,
2298 5529 2352 5576 et
2384 5527 2542 5589 recte.
2567 5517 3024 5573 consentientibus'
3054 5521 3206 5589 Mss.__
3235 5517 3306 5566 Μ.

1983 5579 2160 5660 [Tres
2350 5588 2466 5660 {Et
2495 5579 2815 5660 interceptos
2835 5589 3021 5660 ;atque
3043 5579 3238 5630 existis
3262 5592 3404 5627 unus
3434 5592 3615 5643 prose-

1923 5650 2103 5714 quitur
2131 5665 2143 5698 :
2176 5649 2318 5700 Alios
2343 5651 2417 5699 sic
2439 5661 2476 5698 ο
2495 5647 2833 5702 necessariis,
2862 5649 2962 5694 etc.
3364 5698 3371 5704 _

1985 5719 2006 5748 ³
2034 5712 2158 5762 Sola
2182 5711 2343 5761 editio
2374 5711 2496 5759 Lov.
2521 5723 2534 5757 :
2556 5712 2674 5758 Non
2693 5707 2800 5758 erit
2819 5717 3069 5769 magnum
3088 5703 3234 5769 quod
3244 5703 3448 5756 cadunt
3475 5705 3622 5768 tigna

1923 5777 1977 5826 et
2008 5775 2236 5838 lapides,
2267 5777 2320 5824 et
2343 5774 2656 5822 moriuntur
2679 5767 2957 5820 mortales.
