4020 6352
370 310 438 362 59
1606 304 1779 359 VlTA
1817 304 1873 358 S.
1914 302 2306 361 AUGUSTINI
2344 305 2682 373 EPISCOPI,
3830 316 3898 367 60

372 426 665 483 sistentem
684 426 754 482 ad
776 426 1042 483 eamdem
1065 425 1867 499 Hipponensium-Regiorum
1897 428 1915 465 ¹
1944 424 2077 482 civi-

369 520 546 574 tatem
576 516 648 571 ab
679 515 886 570 iisdem
907 515 1167 570 hostibus
1194 515 1485 571 veniretur
1499 516 1869 572 obsidendam
1893 533 1907 571 :
1932 531 2073 588 quo-

372 605 528 662 niam
554 604 612 660 in
637 604 760 676 ejus
783 609 921 659 tunc
941 605 1129 660 fuerat
1158 605 1486 660 defensione
1516 605 1860 661 constitutus
1878 621 2070 660 comes

373 694 670 767 quondam
729 692 1053 750 Bonifacius
1109 710 1241 749 cum
1294 695 1608 751 Gothorum
1666 695 2072 751 foederatorum

374 781 685 850 exercitu’,
717 799 892 855 quam
924 783 1123 838 urbem
1171 784 1351 838 ferme
1397 783 1831 855 quatuordecim
1861 782 2073 838 mensi-

374 872 482 927 bus
510 871 837 927 conclusam
874 871 1220 927 obsederunt
1252 888 1265 926 :
1299 888 1433 927 nam
1463 877 1520 926 et
1549 873 1705 927 littus
1755 871 1840 927 illi
1894 872 2072 927 mari-

374 977 514 1016 num
545 960 949 1017 interclusione
978 961 1337 1016 abstulerunt
1364 958 1410 1017 ⁵.
1451 962 1573 1027 Quo
1603 961 1777 1016 etiam
1806 960 1918 1033 ipsi
1970 977 2075 1015 nos

375 1051 447 1106 de
475 1050 661 1105 vicino
689 1065 820 1104 cum
850 1049 978 1104 aliis
997 1033 1204 1105 nostris
1231 1049 1581 1121 coepiscopis
1610 1049 2073 1120 confugeramus,

373 1137 437 1192 in
468 1138 785 1210 eademque
816 1137 973 1193 omni
1021 1138 1144 1209 ejus
1173 1137 1487 1193 obsidionis
1534 1142 1792 1209 tempore
1839 1137 2071 1193 fuimus.

381 1228 540 1284 Unde
572 1228 869 1283 nobiscum
898 1227 1212 1298 saepissime
1240 1228 1729 1299 colloquebamur,
1755 1232 1811 1282 et
1838 1227 1939 1283 Dei
1970 1233 2077 1282 tre-

381 1316 592 1373 menda
611 1317 831 1389 judicia
858 1333 979 1389 prae
1021 1317 1200 1372 oculis
1228 1317 1434 1371 nostris
1462 1316 1649 1388 posita
1676 1316 2076 1372 consideraba-

382 1423 533 1475 mus,
566 1407 817 1462 dicentes
848 1423 863 1462 :
900 1408 1099 1463 Justus
1127 1422 1203 1476 es,
1228 1408 1465 1474 Domine,
1488 1412 1538 1462 et
1573 1412 1775 1462 rectum
1805 1407 2077 1477 judicium

382 1501 534 1551 tuum
558 1496 720 1564 (Psal.
755 1511 936 1563 cxvm,
956 1497 1100 1563 137).
1123 1497 1455 1567 Pariterque
1483 1496 1760 1562 dolentes,
1784 1500 2079 1566 gementes

379 1591 431 1640 et
469 1586 670 1641 ﬂentes
709 1585 1012 1639 orabamus
1043 1584 1477 1640 miserationum
1512 1586 1736 1640 Patrem
1786 1589 1843 1639 et
1899 1586 2078 1640 Deum

380 1673 569 1730 omnis
614 1673 1020 1728 consolationis
1058 1675 1125 1742 (Il
1166 1675 1287 1731 Cor.
1340 1691 1381 1741 ι,
1416 1674 1491 1746 3,)
1526 1678 1588 1728 ut
1629 1672 1692 1729 in
1748 1674 1947 1729 eadem
1978 1690 2080 1728 nos

379 1760 750 1815 tribulatione
788 1760 1084 1815 sublevare
1113 1759 1463 1830 dignaretur.

512 1849 740 1903 CAPUT
776 1849 952 1904 XXIX.
986 1878 1055 1888 —
1082 1849 1297 1904 Morbus
1327 1860 1597 1903 extremus
1627 1848 1945 1918 Augustini.

449 1938 513 1993 Et
567 1936 710 1992 forte
758 1936 1047 2009 provenit,
1095 1940 1158 1992 ut
1203 1953 1315 1992 una
1372 1953 1502 1992 cum
1533 1937 1734 1993 eodem
1790 1938 1861 1993 ad
1911 1954 2077 1993 men-

377 2042 501 2082 sam
546 2024 888 2092 constitutis,
945 2030 1002 2080 et
1048 2025 1182 2080 inde
1234 2025 1731 2082 confabulantibus
1774 2026 1939 2083 nobis
1994 2026 2078 2082 di-

374 2119 530 2171 ceret
581 2130 594 2169 :
644 2116 914 2171 Noveritis
962 2130 1044 2169 me
1085 2115 1181 2169 hoc
1231 2119 1464 2185 tempore
1506 2120 1703 2171 nostrae
1746 2117 2080 2171 calamitatis

374 2205 437 2260 id
461 2207 629 2260 Deum
652 2218 866 2272 rogare,
894 2208 957 2257 ut
985 2208 1083 2258 aut
1109 2204 1247 2259 hanc
1273 2205 1545 2259 civitatem
1581 2204 1649 2258 ab
1692 2202 1936 2263 hostibus
1965 2206 2079 2258 cir-

375 2293 689 2348 cumdatam
718 2292 951 2347 liberare
978 2292 1259 2362 dignetur,
1281 2296 1378 2347 aut
1396 2295 1448 2347 si
1458 2292 1617 2347 aliud
1632 2295 1683 2347 ei
1701 2294 1939 2360 videtur,
1957 2308 2081 2349 suos

375 2398 555 2438 servos
585 2383 660 2437 ad
684 2382 1065 2452 perferendam
1110 2398 1266 2438 suam
1294 2384 1622 2439 voluntatem
1672 2386 1842 2452 fortes
1882 2386 2078 2452 faciat,

375 2476 472 2525 aut
502 2475 639 2525 certe
663 2474 724 2524 ut
753 2485 833 2524 me
861 2470 927 2524 de
960 2470 1055 2525 hoc
1084 2471 1275 2526 saeculo
1312 2471 1387 2525 ad
1424 2486 1480 2527 se
1531 2473 1787 2541 accipiat.
1817 2472 1955 2537 Quae
1983 2473 2080 2528 ille

375 2560 588 2626 dicens,
608 2576 824 2632 nosque
852 2559 1157 2625 instruens,
1189 2560 1458 2632 deinceps
1479 2562 1839 2629 cumeodem
1868 2569 1925 2618 et
1952 2579 2077 2633 nos,

377 2654 435 2705 et
462 2648 645 2705 nostri
674 2664 895 2712 omnes,
928 2652 983 2704 et
1011 2648 1120 2721 ipsi
1150 2649 1327 2721 quiin
1358 2650 1557 2705 eadem
1576 2650 1808 2705 fuerant
1834 2651 2078 2720 civitate,

375 2755 409 2793 a
429 2753 657 2793 summo
685 2738 802 2793 Deo
827 2736 1092 2792 similiter
1116 2738 1477 2809 petebamus.
1504 2739 1570 2793 Et
1593 2755 1721 2793 ecce
1737 2740 1906 2795 tertio
1927 2741 2082 2795 illius

377 2825 693 2883 obsidionis
724 2842 920 2881 mense
961 2825 1231 2881 decubuit
1274 2826 1528 2882 febribus
1555 2826 1844 2899 fatigatus,
1889 2834 1947 2883 et
1983 2828 2082 2883 illa

380 2916 583 2971 ultima
604 2908 974 2971 exerce'batur
1002 2913 1365 2985 aegritudine.
1392 2916 1505 2970 Nec
1533 2931 1701 2970 suum
1732 2932 1866 2972 sane
1895 2916 2082 2971 Domi-

379 3021 488 3061 nus
511 3003 794 3059 famulum
818 3004 1005 3058 fructu
1038 3020 1155 3059 suae
1184 3003 1370 3075 precis
1397 3003 1698 3060 fraudavit.
1727 3006 1868 3060 Nam
1891 3010 1949 3062 et
1971 3007 2080 3063 sibi

381 3092 486 3165 ipsi
515 3096 572 3148 et
595 3092 779 3148 eidem
811 3091 1047 3161 civitati,
1072 3093 1228 3165 quod
1250 3093 1577 3164 lacrymosis
1599 3094 1930 3165 depoposcit
1956 3112 2081 3167 pre-

377 3182 560 3244 cibus,
592 3182 652 3236 in
680 3186 943 3252 tempore
971 3180 1317 3252 impetravit.
1365 3180 1505 3236 Novi
1532 3197 1763 3253 quoque
1813 3183 2078 3238 eumdem

376 3273 435 3323 et
461 3268 882 3341 presbyterum.
910 3273 967 3324 et
988 3269 1344 3340 episcopum,
1373 3286 1477 3341 pro
1508 3270 1849 3341 quibusdam
1876 3276 1896 3308 ⁸
1923 3287 2083 3327 anet--

381 3358 651 3430 gumenis
679 3356 1034 3429 patientibus
1061 3363 1128 3413 ut
1155 3364 1347 3414 oraret
1370 3357 1393 3394 ⁸
1423 3363 1712 3431 rogatum,
1742 3377 1991 3432 eumque
2020 3361 2080 3416 in

379 3446 648 3502 oratione
669 3447 947 3519 lacrymas
964 3447 1303 3503 fundentem
1324 3449 1504 3505 Deum
1518 3465 1767 3521 rogasse,
1791 3455 1849 3506 et
1869 3450 2082 3505 daemo-

380 3551 480 3591 nes
509 3536 580 3591 ab
626 3535 961 3592 hominibus
1000 3536 1300 3592 recessisse
1327 3536 1373 3594 ⁸.
1404 3539 1664 3610 Itemque
1695 3538 1763 3594 ad
1792 3544 2078 3610 aegrotan-

379 3629 495 3679 tem
526 3627 583 3679 et
621 3625 769 3680 lecto
805 3629 1101 3680 vacantem
1159 3624 1467 3697 quemdam
1524 3641 1654 3682 cum
1705 3642 1807 3682 suo
1863 3631 2080 3698 aegroto

382 3712 625 3781 venisse,
656 3717 714 3769 et
736 3713 1024 3785 rogavisse
1049 3717 1113 3769 ut
1131 3714 1316 3770 eidem
1342 3730 1578 3769 manum
1602 3713 1947 3787 imponeret,
1963 3732 2079 3786 quo

382 3817 553 3857 sanus
592 3818 714 3857 esse
741 3807 936 3874 posset
964 3819 979 3858 :
1012 3797 1259 3877 eumque
1291 3803 1667 3876 respondisse,
1697 3803 1745 3858 si
1770 3803 1986 3877 aliquid
2018 3803 2080 3858 in

382 3891 472 3947 his
499 3895 710 3963 posset.
742 3890 850 3947 sibi
877 3893 989 3947 hoc
1018 3892 1216 3965 utique
1270 3892 1539 3965 primitus
1591 3892 1949 3964 praestitisset
1979 3910 1992 3948 :
2024 3899 2081 3948 et

376 3980 539 4036 illum
564 3979 769 4036 dixisse
792 3980 1083 4037 visitatum
1104 3998 1162 4037 se
1178 3980 1375 4049 fuisse,
1407 3982 1629 4055 sibique
1658 3999 1762 4054 per
1791 3982 2079 4038 somnium

378 4068 591 4126 dictum
622 4085 742 4125 esse
775 4086 789 4125 :
828 4071 979 4127 Vade
998 4071 1074 4125 ad
1094 4072 1465 4139 Augustinum
1483 4072 1810 4142 episcopum,
1832 4076 1893 4126 ut
1909 4072 2079 4126 eidem

378 4174 596 4213 manum
614 4160 878 4229 imponat,
903 4164 956 4213 et
972 4160 1156 4214 salvus
1176 4161 1299 4214 erit.
1328 4159 1492 4225 Quod
1521 4159 1659 4214 dum
1689 4159 2077 4230 comperisset,

378 4247 563 4302 facere
592 4262 708 4302 non
738 4247 985 4312 distulit,
1008 4251 1064 4302 et
1087 4246 1249 4303 illum
1271 4248 1570 4303 inﬁmum
1599 4248 1872 4304 continuo
1894 4246 2082 4302 Domi-

384 4350 489 4389 nus
520 4350 725 4389 sanum
755 4334 827 4389 ab
858 4335 1063 4390 eodem
1099 4335 1391 4391 discedere
1419 4334 1572 4391 fecit.

380 4481 607 4537 CAPUT
645 4481 793 4537 XXX.
826 4509 896 4522 —
925 4482 1222 4538 Consilium
1262 4498 1335 4537 an
1380 4481 1622 4537 hostibus
1663 4480 2082 4536 adventantibus

664 4584 732 4623 ea:
764 4570 1023 4625 Ecclesiis
1053 4572 1319 4640 episcopis
1346 4569 1701 4625 recedendum
1727 4571 1818 4624 sit.

399 4706 408 4715 -
453 4678 677 4731 Interea
727 4676 1085 4733 reticendum
1148 4676 1389 4733 minime
1444 4682 1551 4748 est,
1604 4693 1735 4732 cum
1784 4678 2083 4733 memorati

443 4817 629 4892 {_Editi
659 4818 1461 4892 :‘Hippopensimnegionum,
1496 4824 1761 4892 corrupte.
1789 4820 1984 4892 Notum
2008 4827 2088 4872 est

382 4880 652 4949 civitatem
673 4879 1120 4949 bancﬂipponem
1131 4879 1337 4949 regium
1356 4882 1547 4932 dictam
1559 4919 1572 4942 ,
1594 4879 1841 4948 ut'supra,
1855 4897 1901 4933 c.
1918 4886 1966 4945 3,
1980 4898 2085 4949 quo

388 4941 636 5007 videlicet
665 4942 730 4992 ab
760 4941 999 5007 Hipp'o'ne
1022 4941 1295 5007 diarrb‘yto
1317 4950 1693 4995 secerneretur.

448 5006 470 5041 ³
483 5004 586 5072 _Sic
608 5005 775 5072 nostri
788 5004 1136 5072 omnesnam:
1159 5004 1285 5072 editi
1297 5010 1471 5072 autem
1486 5009 1633 5059 :Com
1643 5008 1920 5072 “quidam
1939 5009 2089 5072 Boni-

388 5065 556 5133 facius
567 5080 686 5133 cum
703 5066 1005 5133 Gothorum
1017 5069 1288 5133 quondam
1299 5068 1590 5133 [rudera/us
1603 5065 1865 5133 exercitu,
1886 5096 1947 5107 —
1956 5070 2088 5121 Sali-

391 5143 485 5203 nas
510 5128 639 5193 legit
653 5129 873 5203 ιιι-(ιιᾴἱιίζ
885 5128 1148 5203 _quoriiam
1161 5131 1277 5181 haec
1299 5128 1454 5182 lectio
1484 5132 1651 5195 magis
1676 5131 1940 5182 historica:
1960 5134 2091 5182 veri-

383 5192 474 5242 tati
497 5191 801 5256 respondet.
852 5191 929 5243 MZ
1575 5191 1599 5195 “

394 5317 405 5330 ³
448 5256 468 5330 ξ
498 5254 663 5330 Πρω,
681 5268 744 5330 ex
761 5253 1359 5330 Elpriacensibusbl'sszg
1392 5259 1525 5307 Nam
1549 5255 2091 5330 stlittpsillimgrina

389 5316 759 5378 interclusio”
776 5316 1141 5370 abstulerunt.
1160 5344 1214 5355 -
1237 5317 1462 5378 Salinas,
1483 5333 1545 5368 ex
1566 5319 1658 5369 Cd.
1674 5319 1859 5369 Vatia:
1888 5322 2022 5370 Nam
2038 5324 2090 5371 et

386 5377 534 5447 littus
544 5378 646 5447 illa
657 5381 949 5447 marinum
964 5380 1822 5447 interclusioneabsiuleruntﬁd.
1838 5383 2089 5447 Rege“:

386 5442 519 5491 Nam
542 5440 698 5493 littus
726 5442 813 5493 illi
840 5443 1111 5492 marinum
1136 5446 1188 5492 in
1212 5443 1517 5496 eonlusione
1544 5440 2026 5497 abstulerunt.'M.

449 5503 471 5539 δ
495 5502 717 5575 Salinas,
750 5517 812 5554 ex
845 5504 937 5554 Cd.
971 5504 1139 5577 Vatic.
1173 5507 1311 5567 1191,
1310 5518 1441 5619 ιρι-ο
1468 5507 1770 5580 quibusque.
1822 5508 1892 5558 Μ.

449 5566 467 5600 ⁵
495 5564 719 5619 Salinas.
743 5580 808 5616 ex
836 5566 928 5617 Cd.
960 5566 1295 5617 Vatic.ll90:
1351 5580 1705 5619 neraumenis
1718 5573 1892 5619 petent

446 5564 731 5677 :agr‘gfmii
743 5580 808 5616 ex
836 5566 928 5617 ω’
960 5566 1128 5617 vwc'
1144 5569 1265 5617 “9°
1283 5564 2020 5636 εἐπθτᾶυπιεπῖερθισηαῡαε
2034 5572 2091 5619 ut

396 5636 624 5676 rogaret.
684 5636 753 5676 Μ.

492 5687 784 5756 _Salinasex
806 5689 898 5739 Cd.
918 5690 1085 5756 Vatic.
1112 5693 1269 5756 1191)
1298 5695 1464 5744 Deum
1496 5705 1714 5756 rogasse
1744 5697 1804 5746 ut
1820 5694 2093 5745 damon“

391 5748 459 5800 ab
483 5748 791 5803 hominibus
818 5752 1144 5804 recederent.
1200 5755 1268 5804 M.

2184 444 2586 518 impenderent
2636 449 2831 505 hostes
2894 449 2936 511 ⁸.
2984 467 3016 505 a
3047 454 3241 508 sancto
3273 452 3395 509 viro
3439 471 3671 527 quoque
3699 459 3901 511 nostro

2183 534 2524 607 coepiscopo
2576 537 2907 594 Thiabensis
2951 538 2977 574 ³
3015 541 3277 597 Ecclesia
3330 543 3645 607 Honorato,
3693 544 3903 598 litteris

2181 622 2354 678 fuisse
2383 627 2733 691 consultum.
2778 632 3115 683 utrumnam
3155 630 3268 684 illis
3311 630 3778 699 adventantibus,
3838 649 3902 688 ex

2184 711 2444 767 Ecclesiis
2525 715 2806 788 episcopis
2866 718 2955 773 vel
3010 717 3228 773 clericis
3276 720 3662 775 recedendum
3722 724 3896 779 esset.

2183 815 2364 855 necne
2393 820 2411 856 :
2444 802 2611 875 eique
2641 805 2930 877 rescriptis
2955 806 3273 863 insinuasse
3305 808 3443 879 quid
3477 810 3661 880 magis
3686 809 3763 863 ab
3784 809 3899 863 illis

2186 889 2482 946 Romaniae
2511 894 2867 949 eversoribus
2913 899 3057 951 esset
3106 897 3499 952 metuendum.
3551 897 3741 963 Quam
3775 899 3899 969 ejus

2185 979 2485 1048 epistolam
2518 981 2651 1037 huic
2679 982 2975 1056 scripturae
3000 984 3253 1040 inserere
3273 986 3424 1042 volui
3455 1000 3469 1042 :
3509 992 3596 1042 est
3626 987 3787 1042 enim
3820 1002 3903 1040 sa-

2188 1068 2485 1123 cerdotum
2509 1070 2606 1124 Dei
2622 1080 2681 1126 et
2695 1071 3090 1128 ministrorum
3103 1073 3358 1130 moribus
3371 1076 3533 1130 valde
3551 1074 3707 1130 utilis
3728 1079 3789 1129 et
3811 1091 3904 1129 ne-

2186 1156 2447 1211 cessaria.
2474 1159 2583 1214 Isto
2614 1160 2783 1215 modo
2814 1161 3150 1233 rescriptum
3183 1168 3268 1217 est
3294 1164 3365 1219 ad
3398 1164 3666 1219 eumdem
3698 1165 3775 1219 ab
3805 1181 3901 1218 eo-

2188 1244 2318 1300 dem
2351 1262 2363 1299 :
2395 1247 2592 1307 Sancto
2618 1251 2793 1315 fratri
2820 1256 2869 1304 et
2884 1254 3191 1321 coepiscopo
3213 1254 3503 1319 Honorato,
3527 1254 3900 1321 Augustinus,

2187 1338 2244 1389 in
2274 1338 2497 1392 Domino
2516 1339 2761 1393 salutem.
2787 1341 3063 1397 Charitati
3078 1346 3181 1396 tuae
3204 1344 3367 1396 misso
3394 1344 3635 1413 exemplo
3659 1343 3905 1413 epistola

2190 1428 2322 1497 (non
2354 1427 2553 1497 exstat)
2583 1444 2747 1498 quam
2771 1430 2947 1495 fratri
2970 1431 3339 1501 Quodvultdeo
3360 1436 3541 1486 nostro
3585 1434 3902 1502 coepiscopo

2187 1518 2405 1585 scripsi.
2439 1517 2701 1585 putabam
2728 1532 2810 1571 me
2840 1519 2935 1572 hoc
2984 1534 3140 1574 onere
3166 1523 3405 1575 caruisse
3432 1520 3577 1589 quod
3603 1522 3747 1574 mihi
3796 1523 3901 1574 im-

2183 1606 2436 1675 posuisti.
2472 1606 2757 1674 quaerendo
2783 1609 3067 1662 consilium
3095 1609 3232 1677 quid
3263 1611 3321 1663 in
3363 1610 3447 1664 his
3471 1610 3734 1680 periculis
3782 1625 3904 1679 qua

2189 1699 2431 1763 tempora
2457 1699 2645 1749 nostra
2691 1697 3013 1750 invenerunt
3042 1701 3084 1763 ⁸,
3122 1700 3304 1765 facere
3333 1697 3589 1753 debeatis.
3638 1700 3902 1765 Quamvis

2188 1785 2330 1836 enim
2353 1785 2637 1852 epistolam
2657 1785 2809 1838 illam
2834 1785 3065 1840 breviter
3092 1788 3428 1857 scripserim,
3448 1788 3592 1841 nihil
3609 1803 3692 1841 me
3715 1792 3901 1842 tamen

2186 1874 2599 1940 praetermisisse
2627 1873 2888 1941 arbitror,
2941 1875 3087 1944 quod
3122 1880 3174 1930 et
3219 1876 3568 1947 respondenti
3615 1876 3826 1942 dicere,
3856 1883 3903 1931 et

2190 1963 2459 2031 quaerenti
2488 1961 2682 2017 audire
2708 1963 2983 2031 sufﬁceret
3016 1980 3029 2018 :
3065 1964 3504 2034 quandoquidem
3531 1965 3660 2020 dixi
3685 1981 3787 2020 nec
3820 1982 3904 2022 eos

2190 2065 2304 2104 esse
2326 2050 2690 2119 prohibendos
2710 2053 2809 2120 qui
2822 2052 2896 2106 ad
2914 2054 3049 2119 loca,
3076 2055 3130 2107 si
3155 2059 3404 2124 possunt,
3427 2056 3637 2109 munita
3656 2057 3905 2123 migrare

2190 2138 2535 2204 desiderant;
2560 2145 2611 2195 et
2632 2142 2927 2196 ministerii
2944 2144 3121 2197 nostri
3140 2144 3382 2210 vincula,
3408 2142 3604 2213 quibus
3620 2158 3717 2198 nos
3735 2144 3904 2201 Chri-

2190 2230 2267 2283 sti
2286 2230 2529 2284 charitas
2558 2230 2832 2299 alligavit,
2846 2246 2913 2286 ne
2940 2231 3248 2287 deseramus
3272 2234 3543 2288 Ecclesias
3571 2232 3772 2304 quibus
3793 2248 3904 2289 ser-

2189 2320 2306 2371 vire
2334 2317 2605 2387 debemus,
2656 2334 2763 2373 non
2804 2335 2915 2374 esse
2960 2321 3282 2390 rumpenda.
3333 2323 3447 2376 Ista
3494 2323 3695 2393 quippe
3730 2323 3901 2376 verba

2189 2411 2317 2461 sunt
2349 2422 2471 2477 quae
2502 2412 2560 2461 in
2598 2408 2697 2462 illa
2724 2410 2952 2478 epistola
2974 2412 3141 2479 posui
3166 2426 3179 2464 :
3215 2412 3401 2465 Restat
3445 2426 3591 2479 ergo,
3642 2412 3899 2479 inquam,

2190 2500 2251 2551 ut
2287 2511 2382 2550 nos
2416 2512 2646 2566 quorum
2682 2499 3045 2552 ministerium
3079 2501 3579 2568 quantulaecumque
3620 2500 3770 2569 plebi
3800 2503 3901 2555 Dei

2194 2585 2288 2639 ubi
2314 2600 2499 2640 sumus
2523 2588 2783 2653 manenti,
2806 2588 2887 2641 ita
2915 2590 3275 2642 necessarium
3300 2593 3399 2655 est,
3426 2592 3488 2643 ut
3512 2590 3627 2644 sine
3655 2589 3754 2644 hoc
3777 2605 3901 2644 eam

2190 2690 2297 2730 non
2325 2680 2571 2745 oporteat
2598 2691 2891 2742 remanere,
2916 2676 3162 2731 dicamus
3187 2679 3428 2744 Domino,
3452 2696 3481 2729 α
3513 2680 3640 2734 Esto
3661 2678 3823 2733 nobis
3842 2681 3902 2733 in

2190 2768 2355 2819 Deum
2374 2769 2747 2834 protectorem,
2771 2768 2821 2819 et
2842 2768 2901 2819 in
2925 2767 3096 2822 locum
3119 2768 3389 2821 munitum
3408 2788 3436 2816 »
3469 2767 3630 2838 (Psal.
3659 2783 3798 2832 xxx,
3822 2771 3900 2837 3).

2189 2852 2296 2908 Sed
2324 2852 2419 2906 hoc
2450 2853 2732 2906 consilium
2756 2852 2859 2906 tibi
2884 2858 3168 2923 propterea
3194 2868 3301 2907 non
3325 2855 3553 2923 sufﬁcit.
3585 2859 3648 2908 ut
3675 2855 3901 2923 scribis,

2189 2955 2253 2992 ne
2280 2945 2467 2994 contra
2496 2942 2713 2995 Domini
2736 2946 3062 3011 praeceptum
3088 2944 3172 2997 vel
3200 2944 3502 3012 exemplum
3536 2944 3716 3010 facere
3747 2946 3900 3007 nita-

2189 3044 2330 3091 mur,
2356 3028 2448 3082 ubi
2473 3028 2797 3096 fugiendum
2818 3044 2929 3084 esse
2959 3030 3025 3084 de
3053 3032 3276 3086 civitate
3304 3032 3363 3086 in
3393 3030 3665 3086 civitatem
3694 3039 3896 3087 monet.

2194 3117 2486 3173 Recolimus
2515 3118 2654 3171 enim
2680 3118 2845 3172 verba
2869 3118 3121 3188 dicentis,
3147 3138 3175 3170 α
3209 3120 3340 3176 Cum
3363 3124 3543 3174 autem
3566 3134 3899 3189 persequi-n-

2191 3208 2281 3258 tur
2309 3219 2401 3258 vos
2425 3206 2481 3257 in
2511 3206 2731 3259 civitate
2745 3206 2874 3273 ista,
2904 3207 3083 3274 fugite
3113 3208 3171 3261 in
3201 3207 3370 3261 aliam
3398 3228 3424 3255 ι
3455 3205 3675 3275 (Matth.
3700 3222 3757 3275 x,
3786 3210 3899 3275 23):

2192 3294 2315 3361 quis
2342 3297 2516 3347 autem
2549 3293 2734 3349 credat
2759 3296 2840 3349 ita
2869 3294 2963 3349 hoc
2990 3296 3273 3350 Dominum
3295 3295 3421 3366 ﬁeri
3446 3296 3692 3359 voluisse,
3716 3298 3783 3349 ut
3806 3311 3899 3349 ne-

2190 3383 2422 3436 cessario
2449 3382 2769 3449 ministerio,
2803 3384 2919 3437 sine
2939 3398 3043 3452 quo
3066 3386 3245 3437 vivere
3268 3387 3553 3454 nequeunt,
3577 3384 3904 3440 deserantur

2189 3484 2395 3539 greges,
2430 3485 2563 3541 quos
2610 3484 2706 3525 suo
2746 3472 3012 3540 sanguine
3052 3471 3428 3541 comparavit?
3478 3474 3765 3543 Numquid
3804 3475 3901 3529 hoc

2189 3562 2321 3627 fecit
2349 3561 2484 3628 ipse,
2516 3559 2734 3629 quando
2764 3561 3113 3630 portantibus
3144 3561 3461 3630 parentibus
3494 3564 3555 3616 in
3600 3564 3901 3632 Egyptum

2188 3651 2453 3721 parvulus
2484 3651 2635 3718 fugit
2674 3650 2778 3719 (Id.
2813 3667 2872 3718 ιι,
2927 3651 3035 3722 ll),
3069 3654 3165 3721 qui
3192 3654 3429 3707 nondum
3459 3653 3724 3708 Ecclesias
3768 3670 3897 3709 con-

2188 3743 2528 3808 gregaverat,
2561 3754 2699 3809 quas
2730 3738 2797 3792 ab
2831 3754 2888 3794 eo
2916 3738 3157 3795 desertas
3191 3742 3365 3808 fuisse
3394 3741 3638 3797 dicamus
3658 3741 3689 3799 ?
3717 3744 3899 3799 Num-

2191 3828 2329 3898 quid
2358 3828 2575 3898 quando
2604 3828 2879 3898 apostolus
2903 3830 3126 3896 Paulus,
3182 3844 3249 3884 ne
3288 3830 3440 3885 illum
3486 3832 3898 3901 comprehende-

2190 3922 2271 3970 ret
2301 3918 2576 3982 inimicus,
2600 3932 2704 3986 per
2730 3919 3028 3984 fenestram
3069 3920 3130 3972 in
3169 3922 3358 3988 sporta
3387 3919 3686 3976 submissus
3716 3926 3816 3989 est,
3851 3928 3902 3976 et

2190 4006 2385 4075 effugit
2411 4019 2604 4059 manus
2641 4004 2759 4074 ejus
2790 4006 2857 4070 (ll
2890 4006 3009 4063 Cor.
3042 4022 3117 4072 x1,
3164 4007 3277 4077 33),
3308 4006 3519 4063 deserta
3546 4012 3625 4063 est
3652 4024 3774 4077 qua
3822 4011 3903 4065 ibi

2188 4097 2305 4148 erat
2335 4095 2557 4149 ecclesia
2585 4095 2885 4149 necessario
2915 4096 3239 4161 ministerio,
3293 4100 3345 4149 et
3372 4111 3477 4151 non
3504 4096 3572 4151 ab
3611 4098 3742 4153 aliis
3768 4100 3902 4165 fra-

2194 4180 2368 4235 tribus
2405 4180 2609 4236 ibidem
2648 4184 2957 4237 constitutis
2992 4182 3137 4253 quod
3163 4184 3441 4253 oportebat
3467 4187 3744 4257 impletum
3773 4188 3902 4244 est?

2150 4346 2159 4352 .
2193 4268 2289 4324 Eis
2317 4270 2518 4338 quippe
2534 4269 2836 4325 volentibus
2857 4271 2952 4326 hoc
2980 4272 3272 4334 Apostolus
3289 4274 3513 4340 fecerat,
3548 4279 3609 4330 ut
3635 4291 3691 4332 se
3719 4279 3901 4348 ipsum

2189 4362 2428 4413 servaret
2445 4357 2713 4425 Ecclesia,
2736 4375 2892 4430 quem
2906 4362 3131 4430 proprie
3143 4366 3454 4430 persecutor
3472 4363 3583 4419 illle
3599 4365 3897 4434 quaerebat.

2191 4449 2422 4502 Faciant
2448 4462 2574 4515 ergo
2606 4450 2750 4503 servi
2778 4449 3004 4515 Christi,
3034 4450 3282 4505 ministri
3306 4451 3459 4505 verbi
3483 4454 3533 4505 et
3560 4451 3903 4509 Sacramenti

2192 4536 2326 4605 ejus,
2360 4537 2507 4606 quod
2526 4540 2788 4607 praecepit
2813 4540 2926 4593 sive
2947 4540 3227 4608 permisit;
3246 4540 3475 4609 Fugiunt
3504 4543 3717 4595 omnino
3733 4542 3804 4597 de
3822 4545 3899 4598 ci-

2193 4627 2367 4680 vitate
2390 4627 2447 4680 in
2480 4629 2774 4695 civitatem,
2821 4627 3039 4696 quando
3068 4643 3249 4682 eorum
3274 4631 3565 4700 quisquam
3591 4628 3901 4699 specialiter

2195 4731 2229 4769 α
2248 4715 2683 4785 persecutoribus
2709 4718 2994 4787 queritur,
3024 4720 3087 4771 ut
3115 4716 3184 4771 ab
3206 4718 3331 4772 aliis
3362 4720 3460 4788 qui
3478 4733 3584 4773 non
3607 4720 3689 4773 ita
3712 4723 3898 4790 requi-

2195 4809 2414 4868 runtur,
2459 4820 2567 4860 non
2617 4804 2900 4860 deseratur
2939 4806 3196 4873 Ecclesia,
3244 4805 3340 4861 sed
3382 4806 3658 4876 prebeant
3686 4808 3898 4863 cibaria

2195 4894 2462 4948 conservis
2482 4895 2619 4961 suis,
2642 4908 2774 4963 quos
2796 4894 2958 4949 aliter
2975 4895 3154 4949 vivere
3168 4910 3273 4950 non
3287 4909 3445 4965 posse
3462 4901 3743 4952 noverunt.
3767 4899 3899 4955 Cum

2195 4985 2376 5035 autem
2405 4983 2660 5050 omnium,
2693 4982 2755 5036 id
2781 4987 2859 5037 est
2888 4985 3279 5055 episcoporum,
3309 4984 3619 5040 clericorum
3646 4990 3698 5039 et
3730 4984 3899 5041 laico-

2196 5086 2318 5125 rum
2350 5067 2373 5104 ³
2402 5074 2482 5125 est
2530 5086 2803 5125 commune
2838 5072 3159 5141 periculum,
3214 5073 3272 5126 hi
3327 5074 3425 5142 qui
3467 5074 3594 5128 aliis
3631 5074 3897 5144 indigent,

2196 5174 2304 5212 non
2331 5158 2654 5215 deserantur
2664 5159 2733 5214 ab
2756 5159 2841 5214 his
2866 5159 3062 5230 quibus
3083 5159 3351 5230 indigent.
3367 5161 3483 5217 Aut
3502 5164 3676 5230 igitur
3693 5162 3769 5217 ad
3786 5164 3904 5219 loca

2199 5248 2413 5302 munita
2443 5263 2621 5304 omnes
2644 5252 2960 5316 transeant;
2994 5254 3093 5304 aut
3117 5252 3215 5319 qui
3236 5250 3433 5305 habent
3460 5250 3778 5306 remanendi
3804 5268 3901 5306 ne-

2263 5446 2277 5480 !
2311 5442 2535 5510 Salinas,
2553 5458 2618 5495 ex
2640 5444 2730 5495 Cd.
2757 5445 2888 5510 Reg.
2914 5448 2999 5496 541
3027 5445 3547 5499 :CumMauritaniae
3567 5447 3907 5500 imminerent

2197 5504 2926 5683 :géfliti,ufhabennensis;
2973 5574 3028 5620 at
3067 5571 3213 5632 Mss.,
3260 5569 3575 5632 Thiabensis,
3622 5576 3716 5623 aut
3745 5570 3899 5625 Wa-

2260 5703 2279 5759 ?
2306 5692 2461 5759 Apud
2488 5694 2614 5759 Lov.
2647 5708 2659 5742 :
2694 5695 2814 5759 Qua:
2841 5694 2897 5744 in
2922 5698 3164 5759 tempora
3186 5697 3391 5759 nostra
3408 5704 3685 5759 venerunt.

2261 5758 2283 5793 δ
2310 5754 2448 5807 Editi
2474 5756 2744 5817 omittunt,
2770 5754 3046 5818 (uicorum,
3079 5758 3220 5822 quod
3249 5758 3545 5808 restituitur
3565 5772 3630 5808 ex
3661 5759 3784 5809 Mss.
