4020 6352
67 320 118 372 6!
1429 319 1761 382 AUCTORE
1813 327 2146 387 POSSIDIO.
3481 345 3548 397 62

63 436 354 503 cessitatem,
385 449 493 490 non
518 435 898 506 relinquuntur
925 439 993 494 ab
1021 440 1098 495 eis
1120 455 1223 512 per
1247 457 1379 512 quos
1416 444 1632 501 illorum
1659 451 1738 503 est

63 525 395 580 ecclesiastica
420 524 722 594 supplenda
747 530 1056 595 necessitas,
1077 534 1139 583 ut
1162 534 1259 584 aut
1284 533 1494 600 pariter
1522 536 1734 602 vivant,

64 618 147 668 aut
164 614 371 683 pariter
397 612 665 681 sufferant
714 614 860 685 quod
886 630 971 670 eos
998 618 1411 685 Paterfamilias
1451 623 1590 679 volet
1611 640 1740 694 per-

64 704 177 773 peti.
210 700 362 767 Quod
389 702 441 756 si
467 704 749 769 contigerit
795 708 856 758 ut
883 706 996 759 sive
1026 706 1127 760 alii
1170 709 1369 776 minus,
1399 712 1503 765 alii
1535 714 1737 782 majus,

65 794 159 845 sive
183 805 352 845 omnes
377 791 659 860 aequaliter
694 794 1008 861 patiantur,
1039 797 1138 865 qui
1164 811 1345 852 eorum
1381 800 1491 853 sint
1520 803 1616 870 qui
1640 818 1741 871 pro

66 881 176 935 aliis
200 880 504 948 patiuntur,
534 886 794 949 apparet;
827 883 913 937 illi
937 884 1142 939 scilicet
1169 888 1267 954 qui
1304 902 1423 942 cum
1450 903 1506 943 se
1526 895 1741 959 possent

68 967 246 1022 talibus
272 967 426 1022 malis
454 968 661 1037 eripere
695 970 978 1037 fugiendo,
1009 988 1075 1026 ne
1102 973 1335 1029 aliorum
1375 978 1741 1033 necessitatem

70 1059 358 1120 desererent,
401 1071 615 1111 manere
652 1059 979 1115 maluerunt.
1027 1063 1164 1116 Hinc
1205 1056 1440 1120 maenime
1477 1067 1743 1135 probatur

70 1147 154 1200 illa
193 1145 425 1199 charitas
467 1160 633 1214 quam
676 1144 909 1203 Joannes
947 1151 1219 1219 apostolus
1257 1153 1608 1220 commendat,
1652 1156 1741 1210 di-

71 1248 204 1287 cens:
234 1250 261 1282 α
282 1232 431 1289 Sicut
465 1233 715 1290 Christus
743 1237 984 1292 animam
1033 1253 1189 1294 suam
1213 1256 1318 1310 pro
1342 1242 1497 1297 nobis
1534 1245 1738 1313 posuit,

70 1324 136 1377 sic
154 1325 199 1375 et
214 1335 303 1376 nos
337 1319 585 1376 debemus
612 1324 825 1379 animas
852 1340 954 1395 pro
982 1327 1259 1393 fratribus
1284 1344 1484 1398 ponere
1508 1333 1552 1399 (Ι
1585 1338 1739 1388 toan.

72 1427 135 1473 ιιι,
181 1409 274 1479 l6).
325 1411 462 1465 Nam
519 1413 618 1481 qui
658 1413 885 1479 fugiunt
941 1416 1025 1469 vel
1073 1418 1188 1471 suis
1240 1417 1478 1474 devincti
1515 1423 1741 1476 necessi-

72 1498 246 1552 tatibus
290 1500 476 1566 fugere
517 1514 625 1554 non
649 1506 918 1570 possunt;
949 1504 1001 1556 si
1038 1506 1406 1573 comprehensi
1426 1510 1739 1579 patiuntur,

71 1602 154 1656 pro
176 1601 226 1641 se
262 1588 414 1657 ipsis,
457 1602 567 1642 non
604 1603 710 1658 pro
736 1590 1035 1658 fratribus,
1078 1594 1267 1663 utique
1287 1596 1615 1664 patiuntur:
1644 1600 1742 1667 qui

74 1691 174 1730 vero
188 1680 463 1745 propterea
484 1678 802 1745 patiuntur,
845 1681 979 1748 quia
1003 1682 1230 1747 fratres,
1263 1685 1360 1751 qui
1384 1686 1458 1738 eis
1496 1684 1571 1738 ad
1594 1687 1737 1739 chri-

73 1764 509 1818 stianamsalutem
528 1765 866 1834 indigebant,
893 1767 1132 1824 deserere
1158 1771 1462 1838 noluerunt,
1494 1774 1610 1827 sine
1636 1774 1737 1827 du-

76 1855 145 1908 bio
165 1869 280 1908 suas
307 1856 518 1909 animas
555 1870 655 1924 pro
688 1857 962 1922 fratribus
981 1864 1210 1927 ponunt.
1248 1861 1397 1916 Unde
1423 1862 1564 1916 illud
1595 1863 1740 1933 quod

75 1944 346 2011 episcopum
362 1943 652 2011 quemdam
679 1945 890 2001 dixisse
917 1947 1255 2016 audivimus,
1282 1950 1346 2005 Si
1371 1953 1629 2017 Dominus
1648 1968 1739 2007 no-

79 2030 144 2084 bis
176 2032 445 2100 imperavit
473 2033 670 2101 fugam
715 2035 776 2088 in
824 2036 898 2089 eis
923 2028 1404 2106 persecutionibus,
1435 2040 1531 2094 ubi
1563 2044 1737 2110 potest

77 2120 257 2183 fmctus
274 2133 380 2175 esse
402 2123 689 2190 martyrii;
713 2128 917 2191 quanto
943 2127 1118 2194 magis
1148 2126 1395 2183 debemus
1417 2129 1607 2195 fugere
1631 2133 1737 2183 ste-

78 2209 181 2263 riles
202 2210 491 2278 passiones,
539 2211 758 2281 quando
786 2216 865 2268 est
892 2213 1209 2270 barbaricus
1238 2219 1289 2270 et
1321 2217 1532 2271 hostilis
1562 2218 1741 2271 incur-

79 2312 152 2351 sus
169 2300 195 2351 ?
216 2313 388 2352 verum
416 2303 496 2354 est
524 2296 544 2333 ⁸
572 2300 789 2368 quidem
807 2305 858 2356 et
886 2303 1232 2372 acceptabile,
1251 2304 1346 2359 sed
1365 2305 1450 2360 his
1489 2320 1620 2376 quos
1648 2321 1738 2359 er-

80 2388 328 2441 clesiastici
353 2388 523 2457 ofﬁcii
540 2402 647 2443 non
676 2393 854 2444 tenent
880 2391 1116 2446 vincula.
1143 2393 1284 2448 Nam
1313 2395 1410 2462 qui
1436 2393 1613 2449 clades
1642 2394 1741 2449 ho-

80 2476 201 2529 stiles
224 2475 334 2531 ideo
359 2491 463 2531 non
489 2479 663 2544 fugit,
686 2493 806 2533 cum
829 2482 1005 2548 possit
1033 2480 1288 2549 effugere,
1314 2480 1606 2537 nedeserat
1633 2484 1739 2536 mi-

79 2566 323 2618 nisterium
359 2565 565 2620 Christi
600 2569 641 2632 ²,
673 2569 789 2622 sine
833 2583 938 2636 quo
964 2583 1071 2623 non
1105 2574 1330 2638 possunt
1374 2571 1611 2626 homines
1660 2571 1741 2625 vel

79 2655 176 2719 ﬁeri
197 2654 270 2708 vel
289 2655 459 2708 vivere
481 2655 793 2721 christiani,
814 2657 1071 2726 majorem
1087 2658 1374 2714 charitatis
1392 2661 1600 2714 invenit
1612 2661 1738 2727 fru-

80 2747 212 2807 ctum,
236 2757 388 2810 quam
409 2745 506 2811 qui
524 2758 631 2798 non
647 2748 868 2813 propter
877 2746 1101 2813 fratres,
1131 2745 1227 2801 sed
1244 2751 1472 2817 propter
1488 2762 1544 2802 se
1560 2750 1740 2817 ipsum

80 2831 280 2897 fugiens,
308 2835 465 2901 atque
493 2833 902 2901 comprehensus
930 2848 1035 2888 non
1053 2838 1217 2902 negat
1245 2835 1539 2904 Christum,
1568 2838 1739 2891 susci-

78 2919 236 2986 pitque
280 2923 624 2988 martyrium.
656 2920 799 2987 Quid
842 2925 920 2977 est
955 2937 1081 2991 ergo
1118 2921 1264 2992 quod
1290 2925 1351 2977 in
1390 2924 1617 2993 epistola
1646 2928 1742 2979 tua

78 3007 230 3073 priore
248 3008 514 3075 posuisti?
541 3006 680 3062 dicis
704 3009 867 3075 enim,
899 3008 963 3065 Si
984 3010 1043 3063 in
1067 3010 1320 3064 Ecclesiis
1344 3010 1741 3079 persistendum

83 3096 157 3156 est,
184 3093 307 3160 quid
344 3095 514 3150 simus
542 3095 698 3173 nobis
734 3097 818 3150 vel
844 3098 1042 3167 populo
1080 3099 1366 3167 profuturi
1405 3113 1514 3152 non
1558 3098 1737 3165 video,

83 3181 169 3233 nisi
192 3185 246 3235 ut
267 3187 386 3237 ante
411 3185 592 3239 oculos
630 3188 841 3240 nostros
867 3187 978 3239 viri
1022 3185 1243 3251 cadant,
1271 3187 1491 3252 feminas
1522 3192 1741 3241 constu—

79 3274 288 3339 prentur,
314 3272 676 3328 incendantur
702 3274 951 3340 ecclesiae,
981 3289 1076 3329 nos
1104 3275 1216 3344 ipsi
1248 3276 1307 3328 in
1336 3276 1612 3329 tormentis
1641 3275 1741 3329 de-

81 3358 305 3426 ﬁciamus,
354 3375 471 3415 cum
499 3361 570 3416 de
618 3362 773 3416 nobis
824 3364 1090 3432 queritur
1114 3362 1273 3433 quod
1308 3378 1414 3417 non
1464 3363 1737 3418 habemus.

79 3445 232 3500 Potens
256 3452 331 3502 est
374 3450 602 3519 quidem
650 3452 790 3505 Deus
818 3451 1013 3505 audire
1042 3466 1227 3521 preces
1253 3453 1487 3518 familia
1530 3466 1662 3519 suae,
1692 3455 1743 3506 et

81 3528 182 3598 haec,
203 3548 309 3602 quae
331 3536 732 3605 formidantur,
760 3541 1025 3604 avertere;
1053 3553 1146 3593 nec
1169 3538 1288 3592 ideo
1318 3542 1495 3593 tamen
1520 3544 1741 3609 propter

79 3619 181 3684 ista,
208 3635 314 3689 qua
336 3624 547 3678 incerta
571 3628 721 3691 sunt,
763 3624 916 3679 debet
941 3627 1117 3680 nostri
1140 3627 1311 3695 ofﬁcii
1337 3641 1448 3681 esse
1474 3631 1621 3682 certa
1646 3627 1738 3681 de-

81 3709 228 3772 sertio,
266 3712 376 3765 sine
403 3727 513 3781 quo
540 3717 620 3767 est
649 3713 800 3782 plebi
849 3718 995 3768 certa
1027 3716 1315 3783 pernicies,
1344 3730 1451 3769 non
1479 3717 1538 3769 in
1582 3716 1739 3771 rebus

80 3797 181 3850 vita
203 3798 372 3868 hujus,
400 3800 497 3855 sed
517 3802 743 3856 alterius
771 3803 1271 3871 incomparabiliter
1296 3803 1615 3871 diligentius
1640 3804 1741 3858 sol-

83 3882 346 3957 licitiusque
371 3888 647 3944 curandas.
677 3891 819 3945 Nam
847 3893 899 3945 si
916 3894 1062 3946 certa
1089 3895 1261 3947 essent
1286 3893 1397 3946 ista
1423 3893 1591 3958 mala,
1621 3907 1741 3961 qua

85 3974 299 4029 timentur
324 3992 388 4031 ne
414 3979 474 4032 in
506 3978 636 4033 locis
663 3980 723 4033 in
760 3979 956 4048 quibus
985 3994 1191 4047 sumus,
1227 3982 1376 4047 forte
1400 3982 1735 4049 contingant,

85 4064 208 4128 prius
232 4064 364 4119 unde
386 4068 641 4134 fugerent
677 4081 857 4121 omnes
896 4072 1122 4137 propter
1148 4083 1280 4137 quos
1308 4068 1389 4122 ibi
1414 4069 1739 4123 manendum

84 4155 158 4216 est,
180 4156 223 4205 et
246 4168 334 4209 nos
362 4169 396 4208 a
418 4154 681 4209 manendi
703 4157 1017 4210 necessitate
1045 4155 1237 4211 liberos
1278 4155 1562 4211 redderent
1588 4171 1601 4210 :
1633 4171 1740 4210 non

84 4238 195 4291 enim
219 4241 499 4310 quisquam
527 4247 608 4297 est
628 4244 726 4313 qui
750 4242 900 4298 dicat
923 4245 1200 4298 ministros
1228 4258 1443 4298 manere
1476 4247 1737 4313 oportere,

86 4324 158 4378 ubi
184 4327 287 4396 jam
319 4346 423 4386 non
449 4333 683 4398 fuerint.
716 4332 914 4401 quibus
940 4346 1147 4387 necesse
1173 4334 1246 4387 sit
1281 4334 1615 4387 ministrare.
1655 4333 1743 4388 Ita

84 4415 268 4480 quidam
294 4422 468 4475 sancti
508 4422 746 4490 episcopi
773 4420 840 4475 de
874 4422 1151 4491 Hispania
1174 4423 1556 4491 profugerunt,
1585 4422 1742 4490 prius

80 4501 284 4567 Plebibus
317 4510 524 4577 partim
560 4510 701 4577 fuga
735 4508 924 4578 lapsis,
959 4511 1169 4579 partim
1190 4513 1504 4579 peremptis,
1533 4510 1742 4578 partim

83 4589 310 4649 obsidione
335 4598 685 4666 consumptis,
733 4599 943 4666 partim
980 4598 1297 4667 captivitate
1319 4597 1581 4667 dispersis
1605 4612 1619 4650 :
1649 4596 1745 4651 sed

84 4679 214 4734 multo
253 4683 453 4754 plures,
498 4686 617 4740 illic
647 4685 993 4740 manentibus
1023 4690 1245 4756 propter
1275 4700 1406 4756 quos
1443 4690 1742 4749 manerent,

84 4766 462 4828 Meorumdem
506 4775 874 4844 periculorum
908 4773 1174 4829 densitate
1200 4780 1535 4830 manserunt.
1579 4775 1650 4830 Et
1695 4776 1746 4829 si

83 4854 225 4924 aliqui
245 4858 584 4917 deseruerunt
598 4864 779 4934 plebes
807 4877 954 4931 suas,
989 4863 1083 4917 hoc
1110 4867 1189 4917 est
1208 4861 1352 4932 quod
1371 4862 1599 4918 dicimus
1622 4865 1744 4933 ﬁeri

84 4957 164 4998 non
184 4946 387 5005 debere:
418 4966 588 5021 neque
632 4953 772 5006 enim
812 4953 945 5007 tales
986 4951 1132 5007 docti
1173 4953 1494 5007 auctoritate
1528 4950 1743 5029 divina,

84 5032 154 5085 sed
177 5034 390 5094 humano
410 5040 494 5094 vel
516 5055 700 5095 errore
724 5041 954 5111 decepti,
979 5042 1065 5095 vel
1093 5043 1283 5096 timore
1302 5046 1429 5095 sunt
1457 5042 1606 5095 victi.
1639 5037 1748 5098 Cur

86 5122 195 5175 enim
218 5123 317 5179 sibi
328 5132 531 5197 putant
559 5127 938 5197 indifferenter
966 5128 1440 5199 obtemperandum
1468 5142 1579 5183 esse
1592 5145 1747 5199 prz-

87 5213 220 5277 σφω,
240 5213 328 5268 ubi
347 5216 529 5286 legunt
544 5217 611 5272 de
629 5219 849 5273 civitate
868 5219 926 5271 in
953 5219 1226 5273 civitatem
1248 5233 1359 5274 esse
1393 5218 1743 5285 fugiandum,

92 5300 128 5348 et
148 5307 511 5361 mercenarium
535 5320 643 5361 non
671 5307 980 5374 exhorrent,
1012 5308 1111 5378 qui
1128 5306 1276 5361 videt
1303 5307 1489 5378 lupum
1517 5309 1742 5361 venien-

90 5387 167 5439 te'n
188 5393 233 5443 st
262 5392 427 5460 fugit,
475 5395 734 5466 quoniam
757 5410 865 5451 non
894 5399 972 5450 est
999 5396 1051 5450 ei
1069 5410 1199 5450 cura
1228 5394 1295 5450 de
1334 5394 1523 5450 ovibus
1561 5396 1743 5466 (Joan.

139 5638 152 5711 ξ
172 5638 377 5711 §a_l§ns.s,
405 5658 466 5695 ex
491 5645 736 5711 gd._Reg.
759 5648 871 5707 5H,
905 5646 1037 5711 utile
1062 5648 1158 5698 est.
1196 5645 1295 5711 Δὶίε

93 5698 374 5816 “18min”,
380 5720 455 5759 ,οι
485 5707 577 5757 Cd.
589 5698 717 5774 Regi
732 5698 882 5760 1025':
912 5707 1207 5761 Nedsserat
1225 5706 1586 5795 ministerium
1602 5707 1748 5762 Chri-

1842 485 1895 524 x.
1927 471 2012 537 l2,
2056 471 2186 541 13)?
2221 474 2332 531 Cur
2350 489 2456 530 non
2485 477 2619 531 istas
2643 476 2781 532 duas
2809 477 3108 535 dominicas
3140 496 3400 552 verasque
3433 499 3549 539 sen-

1847 562 2063 626 tentias,
2094 577 2258 617 unam
2277 565 2479 618 scilicet
2507 564 2604 619 ubi
2623 568 2761 633 nega
2788 568 2990 621 sinitur
3015 573 3113 623 aut
3140 570 3388 638 jubetur,
3419 573 3550 628 alte-

1850 664 1969 704 ram
1996 650 2093 704 ubi
2119 653 2376 719 arguitur
2399 658 2562 722 atque
2588 656 2865 724 culpatur,
2894 658 2972 710 sic
3000 658 3307 726 intelligere
3334 661 3553 716 student

1851 742 1913 792 ut
1938 741 2078 793 inter
2095 754 2151 794 se
2168 742 2512 810 reperiantur
2521 758 2628 797 non
2649 759 2760 798 esse
2785 749 3088 812 contrariae,
3110 749 3252 802 sicut
3274 764 3379 803 non
3393 749 3552 804 sunt?

1850 830 1923 882 Et
1940 829 2036 883 hoc
2064 830 2324 897 quomodo
2340 834 2628 901 reperitur,
2654 834 2766 887 nisi
2793 830 3110 889 attendatur
3137 837 3282 907 quod
3300 838 3423 907 jam
3452 854 3551 893 su-

1848 919 2034 987 perius
2054 917 2357 990 disputavi,
2374 921 2574 975 tuncde
2592 922 2720 977 locis
2750 923 2808 976 in
2827 924 3022 992 quibus
3051 939 3255 991 sumus,
3279 932 3553 995 premente

1851 1009 2213 1074 persecutione
2228 1008 2548 1077 fugiendum
2569 1025 2680 1064 esse
2699 1012 2903 1067 Christi
2924 1014 3213 1080 ministris,
3233 1015 3450 1083 quando
3470 1015 3552 1069 ibi

1852 1100 1949 1149 aut
1969 1095 2121 1165 plebs
2159 1097 2363 1153 Christi
2387 1114 2494 1153 non
2528 1101 2701 1164 fuerit
2728 1102 2817 1154 cui
2856 1103 3222 1170 ministretur;
3254 1108 3351 1158 aut
3387 1107 3551 1159 etiam

1849 1186 2038 1253 fuerit,
2073 1190 2125 1241 et
2159 1191 2331 1255 potest
2367 1189 2586 1257 impleri
2620 1204 2722 1258 per
2748 1190 2885 1244 alios
2913 1193 3271 1247 necessarium
3308 1194 3551 1248 ministe-

1851 1275 2015 1343 rium,
2055 1275 2251 1344 quibus
2306 1276 2490 1331 eadem
2529 1292 2634 1332 non
2663 1282 2742 1333 est
2786 1293 2952 1333 causa
2995 1280 3282 1347 fugiendi:
3324 1283 3467 1336 sicut
3493 1284 3553 1336 in

1849 1368 2038 1432 sporta
2055 1364 2373 1431 submissus,
2396 1366 2541 1434 quod
2558 1381 2727 1437 supra
2745 1371 3056 1435 memoravi,
3082 1372 3235 1439 fugit
3256 1371 3551 1442 Apostolus

1851 1465 1971 1506 cum
1993 1467 2028 1505 a
2047 1457 2383 1521 persecutore
2415 1457 2640 1524 proprie
2674 1458 2791 1525 ipse
2813 1464 3162 1528 quaereretur,
3204 1461 3332 1513 aliis
3360 1462 3549 1529 utique

1848 1543 2214 1596 necessitatem
2235 1543 2464 1597 similem
2482 1559 2587 1598 non
2601 1545 2939 1610 habentibus,
2971 1561 3007 1601 a
3033 1548 3229 1617 quibus
3250 1549 3365 1603 illic
3383 1550 3545 1602 mini-

1850 1632 2073 1685 sterium
2098 1631 2243 1686 absit
2268 1635 2330 1686 ut
2348 1632 2678 1688 desereretur
2695 1636 2970 1702 Ecclesia;
3004 1639 3145 1691 sicut
3154 1639 3303 1704 fugit
3331 1642 3551 1692 sanctus

1851 1719 2188 1774 Athanasius
2215 1721 2628 1777 Alexandrinus
2656 1726 2954 1794 episcopus,
2985 1741 3103 1780 cum
3134 1741 3253 1780 eum
3292 1726 3546 1799 speciali-

1851 1812 1932 1863 ter
1975 1809 2374 1878 apprehendere
2393 1810 2736 1867 Constantius
2759 1818 2973 1882 cuperet
2990 1814 3305 1883 imperator,
3346 1830 3549 1881 nequa-

1849 1911 2015 1966 quam
2043 1913 2079 1951 a
2106 1900 2310 1952 ceteris
2333 1899 2599 1953 ministris
2627 1899 2838 1954 deserta
2870 1900 3023 1969 plebe
3048 1901 3314 1955 catholica
3343 1917 3462 1970 quae
3490 1904 3549 1955 in

1848 1985 2193 2040 Alexandria
2205 1986 2569 2041 commonebat
2584 1987 2613 2042 ?
2633 1988 2764 2043 Cum
2778 1993 2956 2042 autem
2976 1988 3125 2058 plebs
3143 1993 3343 2054 manet,
3374 1992 3425 2042 et
3442 1991 3550 2043 mi-

1847 2075 2013 2129 nistri
2053 2075 2298 2143 fugiunt,
2342 2076 2811 2146 ministeriumque
2851 2076 3232 2144 subtraditur;
3260 2077 3396 2146 quid
3440 2079 3544 2132 erit

1847 2164 1960 2217 nisi
1996 2165 2447 2218 mercenariorum
2483 2164 2584 2217 illa
2626 2166 2765 2232 fuga
2795 2164 3147 2230 damnabilis,
3195 2164 3392 2234 quibus
3430 2180 3537 2219 non

1849 2256 1928 2306 est
1954 2267 2087 2306 cura
2114 2251 2180 2306 de
2219 2251 2451 2306 ovibus?
2483 2251 2672 2307 Veniet
2698 2253 2840 2307 enim
2891 2254 3069 2323 lupus,
3114 2269 3222 2308 non
3251 2254 3421 2317 homo,
3453 2252 3550 2309 sed

1848 2340 2116 2409 diabolus,
2148 2342 2248 2410 qui
2269 2342 2583 2411 plerumque
2608 2342 2788 2410 ﬁdeles
2816 2347 3095 2411 apostatas
3123 2357 3234 2397 esse
3251 2344 3551 2412 persuasit,

1850 2430 2047 2501 quibus
2063 2429 2438 2499 quotidianum
2454 2432 2816 2484 ministerium
2826 2431 3086 2486 dominici
3096 2434 3335 2501 corporis
3351 2431 3552 2498 defuit;

1849 2524 1900 2574 et
1927 2519 2129 2589 peribit
2142 2521 2391 2587 inﬁrmus
2404 2521 2459 2573 in
2474 2524 2569 2573 tua
2579 2534 2683 2573 non
2706 2520 2985 2587 scientia',
3002 2520 3098 2575 sed
3107 2522 3420 2589 ignorantia
3429 2523 3550 2588 fra-

1850 2612 1950 2675 ter,
1976 2611 2200 2678 propter
2225 2622 2378 2677 quem
2408 2605 2661 2662 Christus
2688 2612 2930 2663 mortuus
2953 2613 3033 2663 est
3061 2609 3101 2678 (I
3140 2610 3259 2666 Cor.
3293 2625 3410 2677 vm,
3442 2612 3548 2672 Η).

1851 2697 2008 2764 Quod
2034 2701 2214 2751 autem
2242 2695 2319 2750 ad
2344 2710 2428 2751 eos
2455 2699 2668 2761 attinet,
2696 2698 2792 2766 qui
2821 2698 2880 2751 in
2924 2697 3024 2752 hac
3050 2712 3110 2752 re
3144 2712 3248 2753 non
3276 2698 3552 2765 falluntur

1848 2800 2046 2853 errore,
2076 2786 2172 2840 sed
2198 2785 2494 2852 formidine
2520 2790 2878 2855 superantur;
2901 2801 3069 2855 quare
3080 2801 3187 2841 non
3214 2788 3398 2856 potius
3427 2800 3547 2839 con-

1852 2880 1939 2930 tra
1968 2890 2125 2930 suum
2168 2877 2413 2929 timorem
2456 2877 2678 2930 Domino
2726 2876 3016 2929 miserante
3062 2878 3225 2943 atque
3252 2874 3553 2943 adjuvante

1847 2964 2069 3031 fortiter
2098 2963 2382 3026 dimicant,
2427 2976 2494 3015 ne
2519 2962 2667 3015 mala
2694 2963 2811 3015 sine
2847 2962 3247 3030 comparatione
3267 2960 3548 3027 graviora,

1851 3066 1969 3120 quae
2008 3050 2180 3106 multo
2207 3050 2442 3120 amplius
2469 3054 2596 3103 sunt
2622 3048 2918 3114 tremenda,
2950 3048 3306 3115 contingant?
3342 3050 3432 3104 Fit
3456 3049 3551 3103 hoc

1850 3140 1945 3194 ubi
1970 3142 2067 3195 Dei
2109 3138 2350 3193 charitas
2395 3140 2616 3207 ﬂagrat,
2648 3152 2757 3192 non
2796 3137 2989 3191 mundi
3034 3137 3306 3206 cupiditas
3352 3140 3548 3205 fumat.

1852 3230 2103 3287 Charitas
2132 3228 2273 3281 enim
2300 3226 2437 3282 dicit
2461 3242 2475 3281 :
2508 3225 2645 3291 Quis
2674 3224 3020 3292 inﬁrmatur,
3047 3230 3106 3279 et
3133 3241 3251 3280 non
3272 3241 3378 3296 ego
3395 3224 3551 3279 inﬁr-

1853 3318 2016 3371 mor?
2044 3315 2173 3388 quis
2199 3314 2632 3379 scandalizatur,
2669 3317 2726 3368 et
2750 3329 2868 3368 non
2897 3329 3002 3385 ego
3031 3329 3170 3368 uror
3213 3314 3281 3383 (Il
3319 3314 3438 3372 Cor.
3471 3331 3548 3381 xl,

1848 3405 1984 3474 29)?
2030 3405 2135 3463 Sed
2179 3405 2420 3460 charitas
2466 3418 2535 3457 ea:
2571 3405 2678 3458 Deo
2707 3407 2803 3458 est.
2848 3403 3069 3459 Oremus
3120 3417 3243 3469 ergo
3271 3407 3333 3457 ut
3360 3402 3429 3457 ab
3458 3403 3551 3457 illo

1850 3495 2028 3561 detur,
2069 3510 2104 3548 a
2150 3509 2255 3564 quo
2278 3493 2543 3562 jubetur:
2576 3496 2628 3546 et
2665 3507 2765 3561 per
2792 3492 2931 3546 hanc
2970 3492 3146 3560 magis
3177 3492 3458 3547 timeamus
3488 3506 3554 3545 ne

1850 3599 1970 3640 oves
1989 3584 2193 3640 Christi
2214 3582 2519 3652 spiritualis
2536 3582 2790 3651 nequitiae
2816 3580 3001 3649 gladio
3018 3581 3077 3634 in
3105 3579 3283 3647 corde,
3307 3595 3470 3649 quam
3489 3595 3550 3633 ne

1848 3674 1998 3740 ferro
2034 3674 2094 3726 in
2138 3684 2357 3741 corpore
2393 3668 2751 3735 trucidentur,
2788 3669 2886 3723 ubi
2917 3669 3380 3738 quandocumque,
3416 3684 3552 3737 quo-

1781 3782 1786 3788 -
1849 3774 2074 3830 cumque
2098 3759 2290 3813 mortis
2317 3765 2531 3827 genere,
2577 3757 2844 3811 morituri
2868 3761 3016 3811 sunt.
3048 3756 3227 3823 Magis
3268 3758 3552 3810 timeamus

1848 3866 1915 3905 ne
1939 3864 2097 3905 sensu
2417 3850 2689 3915 corrupto,
2733 3849 2920 3915 pereat
2949 3846 3175 3900 castitas
3201 3844 3352 3914 fidei,
3385 3860 3550 3914 quam

1849 3955 1916 3993 ne
1935 3939 2150 4005 feminas
2173 3936 2430 3991 violenter
2475 3938 2891 4003 constuprentur
2917 3936 2977 3987 in
3021 3947 3221 3987 carne:
3272 3934 3406 4000 quia
3433 3935 3549 3987 vio-

1851 4029 2019 4083 lentia
2056 4041 2164 4081 non
2210 4024 2450 4080 violatur
2483 4022 2772 4093 pudicitia,
2804 4024 2855 4077 si
2884 4026 3055 4076 mente
3107 4024 3383 4075 servatur:
3415 4036 3550 4089 quo-

1850 4116 2001 4171 niam
2011 4129 2104 4169 nec
2126 4115 2187 4168 in
2204 4125 2366 4167 carne
2386 4111 2649 4178 violatur,
2668 4109 2887 4180 quando
2900 4110 3150 4164 voluntas
3168 4110 3430 4178 patientis
3448 4123 3551 4163 sua

1853 4205 2087 4274 turpiter
2111 4217 2271 4257 carne
2322 4217 2430 4259 non
2455 4202 2652 4265 utitur,
2702 4199 2797 4254 sed
2823 4201 2939 4253 sine
2980 4200 3319 4253 consensione
3362 4197 3554 4252 tolerat

1853 4292 1997 4363 quod
2024 4292 2170 4347 alius
2189 4295 2465 4361 operatur.
2495 4290 2673 4357 Magis
2695 4290 2975 4343 timeamus
3000 4302 3068 4341 ne
3094 4285 3306 4357 lapides
3336 4287 3450 4341 vivi
3469 4301 3555 4340 ea:-

1852 4384 2204 4450 stinguantur
2230 4378 2592 4435 deserentibus
2612 4377 2786 4442 nobis,
2810 4392 2973 4445 quam
3000 4391 3068 4429 ne
3085 4374 3293 4445 lapides
3322 4377 3373 4428 et
3402 4374 3554 4442 ligna

1856 4478 2186 4527 terrenorum
2223 4470 2579 4539 adiﬁciorum
2607 4466 2970 4521 incendantur
2991 4463 3350 4534 praesentibus
3380 4462 3550 4518 nobis.

1853 4563 2033 4629 Magis
2053 4562 2335 4614 timeamus
2348 4573 2413 4612 ne
2430 4555 2668 4611 membra
2685 4556 2924 4624 corporis
2945 4551 3151 4609 Christi
3168 4552 3431 4606 destituta
3448 4551 3553 4620 spi-

1853 4650 2048 4704 rituali
2073 4650 2224 4703 victu
2247 4632 2515 4711 necentur,
2556 4659 2719 4713 quam
2759 4658 2826 4697 ne
2850 4641 3090 4697 membra
3116 4641 3355 4711 corporis
3382 4641 3557 4695 nostri

1854 4751 2111 4808 oppressa
2133 4735 2319 4790 hostili
2347 4736 2550 4803 impetu
2589 4734 2962 4800 torqueantur.
2998 4731 3117 4785 Non
3147 4729 3280 4798 quia
3308 4730 3419 4783 ista
3445 4742 3553 4783 non

1854 4831 1981 4882 sunt
2002 4823 2232 4880 vitanda
2260 4838 2379 4877 cum
2393 4825 2651 4892 possunt;
2684 4818 2780 4875 sed
2797 4820 2932 4888 quia
2945 4820 3128 4889 potius
3158 4816 3385 4884 ferenda
3404 4820 3552 4872 siml.

1856 4913 2072 4984 quando
2094 4913 2266 4967 vitari
2282 4913 2398 4966 sine
2412 4911 2687 4980 impietate
2703 4923 2809 4962 non
2829 4911 3081 4978 possunt:
3103 4908 3215 4961 nisi
3239 4908 3381 4974 forte
3401 4907 3553 4975 quis-

1855 5009 2020 5075 quam
2046 5000 2375 5057 contenderit
2396 5014 2500 5054 non
2529 5013 2640 5055 esse
2666 5000 2982 5053 ministrum
3011 4997 3259 5067 impium,
3299 4996 3399 5067 qui
3427 4998 3554 5049 tunc

1855 5091 2130 5148 subtrahit
2155 5090 2519 5145 ministerium
2526 5088 2725 5158 pietati
2750 5083 3355 5155 necessarium,quando
3374 5084 3549 5152 magis

1854 5184 1934 5236 est
1948 5180 2324 5234 necessarium.
2352 5177 2444 5232 An
2466 5190 2573 5231 non
2601 5177 2923 5244 cogitamus,
2951 5189 3072 5229 cum
3099 5173 3174 5228 ad
3202 5175 3425 5227 istorum
3449 5184 3549 5239 pe-

1856 5270 2149 5325 riculorum
2186 5268 2507 5338 pervenitur
2530 5268 2794 5330 extrema,
2824 5278 2917 5317 nec
2940 5266 3021 5317 est
3043 5264 3279 5333 potestas
3308 5258 3422 5315 ulla
3450 5259 3552 5323 fu-

1854 5358 2060 5428 giendi,
2090 5361 2326 5427 quantus
2353 5357 2413 5409 in
2441 5355 2682 5410 Ecclesia
2710 5354 2831 5423 ﬁeri
2858 5352 3027 5407 soleat
3054 5349 3122 5404 ab
3146 5353 3372 5416 utroque
3397 5360 3554 5414 sexu,

1855 5452 2019 5517 atque
2046 5446 2114 5503 ab
2141 5447 2289 5503 omni
2329 5448 2487 5501 atate
2512 5456 2831 5508 concursus;
2863 5441 2992 5496 aliis
3024 5438 3359 5507 Baptismum
3386 5435 3555 5503 flagi-

1855 5536 2117 5605 tantibus,
2163 5537 2291 5591 aliis
2334 5533 2839 5597 reconciliationem,
2887 5529 3015 5583 aliis
3059 5526 3201 5580 enim
3224 5524 3553 5595 paenitentiae

1919 5771 1935 5807 ¹
1969 5769 2191 5830 Salinas,
2221 5780 2287 5819 ex
2315 5766 2407 5817 ω.
2433 5764 2560 5829 Reg.
2586 5764 2694 5824 541,
2727 5756 3074 5811 conscientia.
3139 5758 3210 5809 Μ.
