  <div class='ocr_page' id='page_1' title='image "/cluster/home/n/w/nwhite01/storage/ocr_20150623/32/umn.31951002477326y/043.png"; bbox 0 0 4020 6352; ppageno 0'>
   <div class='ocr_carea' id='block_1_1' title="bbox 377 310 3909 378">
    <p class='ocr_par' dir='ltr' id='par_1_1' title="bbox 377 310 3909 378">
     <span class='ocr_line' id='line_1_1' title="bbox 377 310 3909 378; baseline -0.002 -9"><span class='ocrx_word' id='word_1_1' title='bbox 377 318 445 370; x_wconf 85' lang='lat'><strong><em>63</em></strong></span> <span class='ocrx_word' id='word_1_2' title='bbox 1201 316 1372 372; x_wconf 75' lang='lat' dir='ltr'><strong><em>V&#39;lTA</em></strong></span> <span class='ocrx_word' id='word_1_3' title='bbox 1426 317 1481 371; x_wconf 90' lang='lat' dir='ltr'><strong><em>S.</em></strong></span> <span class='ocrx_word' id='word_1_4' title='bbox 1547 317 1936 374; x_wconf 80' lang='lat' dir='ltr'><strong><em>AUGUSTINI</em></strong></span> <span class='ocrx_word' id='word_1_5' title='bbox 1990 315 2332 378; x_wconf 85' lang='lat' dir='ltr'><strong><em>EPISCOPI,</em></strong></span> <span class='ocrx_word' id='word_1_6' title='bbox 2378 312 2711 369; x_wconf 79' lang='lat' dir='ltr'><strong><em>AUCTORE</em></strong></span> <span class='ocrx_word' id='word_1_7' title='bbox 2750 310 3084 367; x_wconf 85' lang='lat' dir='ltr'><strong><em>POSSIDIO.</em></strong></span> <span class='ocrx_word' id='word_1_8' title='bbox 3849 315 3909 364; x_wconf 70' lang='grc'>64</span> 
     </span>
    </p>
   </div>
   <div class='ocr_carea' id='block_1_2' title="bbox 375 438 2091 509">
    <p class='ocr_par' dir='ltr' id='par_1_2' title="bbox 375 438 2091 509">
     <span class='ocr_line' id='line_1_2' title="bbox 375 438 2091 509; baseline 0.002 -18"><span class='ocrx_word' id='word_1_9' title='bbox 375 438 553 508; x_wconf 89' lang='lat' dir='ltr'><strong><em>ipsius</em></strong></span> <span class='ocrx_word' id='word_1_10' title='bbox 581 440 869 509; x_wconf 76' lang='lat' dir='ltr'><strong><em>actionem,</em></strong></span> <span class='ocrx_word' id='word_1_11' title='bbox 898 439 1149 496; x_wconf 81' lang='lat' dir='ltr'><strong><em>Omnibus</em></strong></span> <span class='ocrx_word' id='word_1_12' title='bbox 1184 442 1596 497; x_wconf 76' lang='lat' dir='ltr'><strong><em>consolationem</em></strong></span> <span class='ocrx_word' id='word_1_13' title='bbox 1632 446 1682 496; x_wconf 91' lang='lat' dir='ltr'><strong><em>et</em></strong></span> <span class='ocrx_word' id='word_1_14' title='bbox 1710 443 2091 497; x_wconf 80' lang='lat' dir='ltr'><strong><em>Sacramenta—</em></strong></span> 
     </span>
    </p>
   </div>
   <div class='ocr_carea' id='block_1_3' title="bbox 376 528 2090 599">
    <p class='ocr_par' dir='ltr' id='par_1_3' title="bbox 376 528 2090 599">
     <span class='ocr_line' id='line_1_3' title="bbox 376 528 2090 599; baseline 0.001 -18"><span class='ocrx_word' id='word_1_15' title='bbox 376 541 502 581; x_wconf 90' lang='lat' dir='ltr'><strong><em>rum</em></strong></span> <span class='ocrx_word' id='word_1_16' title='bbox 530 528 911 595; x_wconf 88' lang='lat' dir='ltr'><strong><em>confectionem</em></strong></span> <span class='ocrx_word' id='word_1_17' title='bbox 934 534 985 583; x_wconf 89' lang='lat' dir='ltr'><strong><em>et</em></strong></span> <span class='ocrx_word' id='word_1_18' title='bbox 1003 534 1364 599; x_wconf 79' lang='lat' dir='ltr'><strong><em>erogationcm</em></strong></span> <span class='ocrx_word' id='word_1_19' title='bbox 1380 530 1408 585; x_wconf 69' lang='lat'>7</span> <span class='ocrx_word' id='word_1_20' title='bbox 1441 530 1544 585; x_wconf 93' lang='lat' dir='ltr'><strong><em>Ubi</em></strong></span> <span class='ocrx_word' id='word_1_21' title='bbox 1560 531 1611 584; x_wconf 91' lang='lat' dir='ltr'><strong><em>si</em></strong></span> <span class='ocrx_word' id='word_1_22' title='bbox 1626 532 1869 586; x_wconf 89' lang='lat' dir='ltr'><strong><em>ministri</em></strong></span> <span class='ocrx_word' id='word_1_23' title='bbox 1894 530 2090 598; x_wconf 81' lang='lat' dir='ltr'><strong><em>desint,</em></strong></span> 
     </span>
    </p>
   </div>
   <div class='ocr_carea' id='block_1_4' title="bbox 376 618 2091 687">
    <p class='ocr_par' dir='ltr' id='par_1_4' title="bbox 376 618 2091 687">
     <span class='ocr_line' id='line_1_4' title="bbox 376 618 2091 687; baseline 0.001 -17"><span class='ocrx_word' id='word_1_24' title='bbox 376 620 643 686; x_wconf 89' lang='lat' dir='ltr'><strong><em>quantum</em></strong></span> <span class='ocrx_word' id='word_1_25' title='bbox 669 619 900 672; x_wconf 90' lang='lat' dir='ltr'><strong><em>exitium</em></strong></span> <span class='ocrx_word' id='word_1_26' title='bbox 927 621 1168 687; x_wconf 76' lang='lat' dir='ltr'><strong><em>sequitur</em></strong></span> <span class='ocrx_word' id='word_1_27' title='bbox 1187 634 1292 682; x_wconf 92' lang='lat' dir='ltr'><strong><em>eos,</em></strong></span> <span class='ocrx_word' id='word_1_28' title='bbox 1324 620 1421 687; x_wconf 86' lang='lat' dir='ltr'><strong><em>qui</em></strong></span> <span class='ocrx_word' id='word_1_29' title='bbox 1448 618 1515 673; x_wconf 85' lang='lat' dir='ltr'><strong><em>de</em></strong></span> <span class='ocrx_word' id='word_1_30' title='bbox 1538 621 1642 673; x_wconf 90' lang='lat' dir='ltr'><strong><em>isto</em></strong></span> <span class='ocrx_word' id='word_1_31' title='bbox 1670 620 1865 674; x_wconf 78' lang='lat' dir='ltr'><strong><em>saeculo</em></strong></span> <span class='ocrx_word' id='word_1_32' title='bbox 1883 619 1966 673; x_wconf 75' lang='lat' dir='ltr'><strong><em>vel</em></strong></span> <span class='ocrx_word' id='word_1_33' title='bbox 1985 634 2091 673; x_wconf 92' lang='lat' dir='ltr'><strong><em>non</em></strong></span> 
     </span>
    </p>
   </div>
   <div class='ocr_carea' id='block_1_5' title="bbox 377 707 2091 776">
    <p class='ocr_par' dir='ltr' id='par_1_5' title="bbox 377 707 2091 776">
     <span class='ocr_line' id='line_1_5' title="bbox 377 707 2091 776; baseline 0.002 -18"><span class='ocrx_word' id='word_1_34' title='bbox 377 707 682 774; x_wconf 91' lang='lat' dir='ltr'><strong><em>regenerati</em></strong></span> <span class='ocrx_word' id='word_1_35' title='bbox 708 710 904 761; x_wconf 87' lang='lat' dir='ltr'><strong><em>exeunt</em></strong></span> <span class='ocrx_word' id='word_1_36' title='bbox 929 708 1012 761; x_wconf 81' lang='lat' dir='ltr'><strong><em>cel</em></strong></span> <span class='ocrx_word' id='word_1_37' title='bbox 1030 708 1225 775; x_wconf 82' lang='lat' dir='ltr'><strong><em>ligati!</em></strong></span> <span class='ocrx_word' id='word_1_38' title='bbox 1256 712 1494 776; x_wconf 89' lang='lat' dir='ltr'><strong><em>quantus</em></strong></span> <span class='ocrx_word' id='word_1_39' title='bbox 1519 710 1599 761; x_wconf 88' lang='lat' dir='ltr'><strong><em>est</em></strong></span> <span class='ocrx_word' id='word_1_40' title='bbox 1625 709 1790 761; x_wconf 91' lang='lat' dir='ltr'><strong><em>etiam</em></strong></span> <span class='ocrx_word' id='word_1_41' title='bbox 1817 707 1990 761; x_wconf 89' lang='lat' dir='ltr'><strong><em>luctus</em></strong></span> <span class='ocrx_word' id='word_1_42' title='bbox 2017 709 2091 776; x_wconf 78' lang='lat' dir='ltr'><strong><em>ﬁ-</em></strong></span> 
     </span>
    </p>
   </div>
   <div class='ocr_carea' id='block_1_6' title="bbox 379 794 2093 866">
    <p class='ocr_par' dir='ltr' id='par_1_6' title="bbox 379 794 2093 866">
     <span class='ocr_line' id='line_1_6' title="bbox 379 794 2093 866; baseline 0.002 -19"><span class='ocrx_word' id='word_1_43' title='bbox 379 794 582 848; x_wconf 88' lang='lat' dir='ltr'><strong><em>delium</em></strong></span> <span class='ocrx_word' id='word_1_44' title='bbox 597 808 838 860; x_wconf 89' lang='lat' dir='ltr'><strong><em>suorum,</em></strong></span> <span class='ocrx_word' id='word_1_45' title='bbox 870 797 968 864; x_wconf 90' lang='lat' dir='ltr'><strong><em>qui</em></strong></span> <span class='ocrx_word' id='word_1_46' title='bbox 994 809 1079 850; x_wconf 90' lang='lat' dir='ltr'><strong><em>eos</em></strong></span> <span class='ocrx_word' id='word_1_47' title='bbox 1102 811 1281 850; x_wconf 87' lang='lat' dir='ltr'><strong><em>secum</em></strong></span> <span class='ocrx_word' id='word_1_48' title='bbox 1310 798 1369 849; x_wconf 89' lang='lat' dir='ltr'><strong><em>in</em></strong></span> <span class='ocrx_word' id='word_1_49' title='bbox 1394 798 1522 851; x_wconf 57' lang='lat' dir='ltr'><strong><em>vita</em></strong></span> <span class='ocrx_word' id='word_1_50' title='bbox 1548 801 1759 851; x_wconf 66' lang='lat' dir='ltr'><strong><em>aeterne</em></strong></span> <span class='ocrx_word' id='word_1_51' title='bbox 1776 798 1960 866; x_wconf 84' lang='lat' dir='ltr'><strong><em>requie</em></strong></span> <span class='ocrx_word' id='word_1_52' title='bbox 1986 811 2093 850; x_wconf 89' lang='lat' dir='ltr'><strong><em>non</em></strong></span> 
     </span>
    </p>
   </div>
   <div class='ocr_carea' id='block_1_7' title="bbox 380 882 2089 954">
    <p class='ocr_par' dir='ltr' id='par_1_7' title="bbox 380 882 2089 954">
     <span class='ocr_line' id='line_1_7' title="bbox 380 882 2089 954; baseline 0.004 -19"><span class='ocrx_word' id='word_1_53' title='bbox 380 882 678 937; x_wconf 86' lang='lat' dir='ltr'><strong><em>habebunt!</em></strong></span> <span class='ocrx_word' id='word_1_54' title='bbox 714 889 952 952; x_wconf 91' lang='lat' dir='ltr'><strong><em>quantus</em></strong></span> <span class='ocrx_word' id='word_1_55' title='bbox 994 883 1224 954; x_wconf 88' lang='lat' dir='ltr'><strong><em>denique</em></strong></span> <span class='ocrx_word' id='word_1_56' title='bbox 1272 886 1502 954; x_wconf 83' lang='lat' dir='ltr'><strong><em>gemitus</em></strong></span> <span class='ocrx_word' id='word_1_57' title='bbox 1555 888 1815 951; x_wconf 89' lang='lat' dir='ltr'><strong><em>omnium,</em></strong></span> <span class='ocrx_word' id='word_1_58' title='bbox 1860 891 1913 941; x_wconf 91' lang='lat' dir='ltr'><strong><em>et</em></strong></span> <span class='ocrx_word' id='word_1_59' title='bbox 1957 901 2089 954; x_wconf 84' lang='lat' dir='ltr'><strong><em>quo—</em></strong></span> 
     </span>
    </p>
   </div>
   <div class='ocr_carea' id='block_1_8' title="bbox 381 971 2094 1043">
    <p class='ocr_par' dir='ltr' id='par_1_8' title="bbox 381 971 2094 1043">
     <span class='ocr_line' id='line_1_8' title="bbox 381 971 2094 1043; baseline 0.002 -18"><span class='ocrx_word' id='word_1_60' title='bbox 381 971 637 1025; x_wconf 89' lang='lat' dir='ltr'><strong><em>rumdam</em></strong></span> <span class='ocrx_word' id='word_1_61' title='bbox 668 977 877 1042; x_wconf 90' lang='lat' dir='ltr'><strong><em>quanta</em></strong></span> <span class='ocrx_word' id='word_1_62' title='bbox 898 972 1234 1043; x_wconf 79' lang='lat' dir='ltr'><strong><em>blasphemia</em></strong></span> <span class='ocrx_word' id='word_1_63' title='bbox 1254 974 1321 1028; x_wconf 88' lang='lat' dir='ltr'><strong><em>de</em></strong></span> <span class='ocrx_word' id='word_1_64' title='bbox 1339 974 1586 1029; x_wconf 84' lang='lat' dir='ltr'><strong><em>absentia</em></strong></span> <span class='ocrx_word' id='word_1_65' title='bbox 1608 977 2032 1030; x_wconf 77' lang='lat' dir='ltr'><strong><em>ministeriorum</em></strong></span> <span class='ocrx_word' id='word_1_66' title='bbox 2043 979 2094 1029; x_wconf 90' lang='lat' dir='ltr'><strong><em>et</em></strong></span> 
     </span>
    </p>
   </div>
   <div class='ocr_carea' id='block_1_9' title="bbox 380 1061 2095 1132">
    <p class='ocr_par' dir='ltr' id='par_1_9' title="bbox 380 1061 2095 1132">
     <span class='ocr_line' id='line_1_9' title="bbox 380 1061 2095 1132; baseline 0.001 -18"><span class='ocrx_word' id='word_1_67' title='bbox 380 1061 757 1115; x_wconf 88' lang='lat' dir='ltr'><strong><em>ministrorum</em></strong></span> <span class='ocrx_word' id='word_1_68' title='bbox 797 1062 852 1116; x_wconf 62' lang='lat'><strong><em>1!</em></strong></span> <span class='ocrx_word' id='word_1_69' title='bbox 888 1061 1026 1116; x_wconf 84' lang='lat' dir='ltr'><strong><em>Vide</em></strong></span> <span class='ocrx_word' id='word_1_70' title='bbox 1053 1063 1187 1132; x_wconf 88' lang='lat' dir='ltr'><strong><em>quid</em></strong></span> <span class='ocrx_word' id='word_1_71' title='bbox 1213 1063 1388 1130; x_wconf 87' lang='lat' dir='ltr'><strong><em>faciat</em></strong></span> <span class='ocrx_word' id='word_1_72' title='bbox 1414 1064 1681 1117; x_wconf 86' lang='lat' dir='ltr'><strong><em>malorum</em></strong></span> <span class='ocrx_word' id='word_1_73' title='bbox 1720 1064 2095 1132; x_wconf 82' lang='lat' dir='ltr'><strong><em>temporalium</em></strong></span> 
     </span>
    </p>
   </div>
   <div class='ocr_carea' id='block_1_10' title="bbox 385 1151 2090 1221">
    <p class='ocr_par' dir='ltr' id='par_1_10' title="bbox 385 1151 2090 1221">
     <span class='ocr_line' id='line_1_10' title="bbox 385 1151 2090 1221; baseline 0.002 -19"><span class='ocrx_word' id='word_1_74' title='bbox 385 1151 565 1215; x_wconf 85' lang='lat' dir='ltr'><strong><em>timor,</em></strong></span> <span class='ocrx_word' id='word_1_75' title='bbox 593 1154 644 1205; x_wconf 86' lang='lat' dir='ltr'><strong><em>et</em></strong></span> <span class='ocrx_word' id='word_1_76' title='bbox 662 1154 872 1218; x_wconf 89' lang='lat' dir='ltr'><strong><em>quanta</em></strong></span> <span class='ocrx_word' id='word_1_77' title='bbox 890 1152 948 1204; x_wconf 90' lang='lat' dir='ltr'><strong><em>in</em></strong></span> <span class='ocrx_word' id='word_1_78' title='bbox 977 1166 1034 1205; x_wconf 92' lang='lat' dir='ltr'><strong><em>eo</em></strong></span> <span class='ocrx_word' id='word_1_79' title='bbox 1052 1156 1126 1206; x_wconf 78' lang='lat' dir='ltr'><strong><em>sit</em></strong></span> <span class='ocrx_word' id='word_1_80' title='bbox 1153 1153 1444 1221; x_wconf 83' lang='lat' dir='ltr'><strong><em>acquisilio</em></strong></span> <span class='ocrx_word' id='word_1_81' title='bbox 1471 1153 1735 1208; x_wconf 85' lang='lat' dir='ltr'><strong><em>malorum</em></strong></span> <span class='ocrx_word' id='word_1_82' title='bbox 1753 1156 2090 1206; x_wconf 69' lang='lat' dir='ltr'><strong><em>aeternorum.</em></strong></span> 
     </span>
    </p>
   </div>
   <div class='ocr_carea' id='block_1_11' title="bbox 382 1239 2096 1311">
    <p class='ocr_par' dir='ltr' id='par_1_11' title="bbox 382 1239 2096 1311">
     <span class='ocr_line' id='line_1_11' title="bbox 382 1239 2096 1311; baseline 0.002 -18"><span class='ocrx_word' id='word_1_83' title='bbox 382 1239 445 1293; x_wconf 91' lang='lat' dir='ltr'><strong><em>Si</em></strong></span> <span class='ocrx_word' id='word_1_84' title='bbox 482 1243 662 1301; x_wconf 88' lang='lat' dir='ltr'><strong><em>autem</em></strong></span> <span class='ocrx_word' id='word_1_85' title='bbox 704 1240 950 1295; x_wconf 84' lang='lat' dir='ltr'><strong><em>ministri</em></strong></span> <span class='ocrx_word' id='word_1_86' title='bbox 995 1240 1203 1306; x_wconf 87' lang='lat' dir='ltr'><strong><em>adsint,</em></strong></span> <span class='ocrx_word' id='word_1_87' title='bbox 1229 1256 1332 1311; x_wconf 91' lang='lat' dir='ltr'><strong><em>pro</em></strong></span> <span class='ocrx_word' id='word_1_88' title='bbox 1361 1242 1572 1296; x_wconf 81' lang='lat' dir='ltr'><strong><em>viribus</em></strong></span> <span class='ocrx_word' id='word_1_89' title='bbox 1619 1256 1756 1310; x_wconf 89' lang='lat' dir='ltr'><strong><em>quas</em></strong></span> <span class='ocrx_word' id='word_1_90' title='bbox 1800 1243 1877 1295; x_wconf 91' lang='lat' dir='ltr'><strong><em>eis</em></strong></span> <span class='ocrx_word' id='word_1_91' title='bbox 1906 1242 2096 1295; x_wconf 88' lang='lat' dir='ltr'><strong><em>Domi-</em></strong></span> 
     </span>
    </p>
   </div>
   <div class='ocr_carea' id='block_1_12' title="bbox 381 1327 2096 1401">
    <p class='ocr_par' dir='ltr' id='par_1_12' title="bbox 381 1327 2096 1401">
     <span class='ocr_line' id='line_1_12' title="bbox 381 1327 2096 1401; baseline 0.002 -21"><span class='ocrx_word' id='word_1_92' title='bbox 381 1342 485 1381; x_wconf 88' lang='lat' dir='ltr'><strong><em>nus</em></strong></span> <span class='ocrx_word' id='word_1_93' title='bbox 526 1327 929 1396; x_wconf 85' lang='lat' dir='ltr'><strong><em>subministrat,</em></strong></span> <span class='ocrx_word' id='word_1_94' title='bbox 975 1330 1221 1385; x_wconf 90' lang='lat' dir='ltr'><strong><em>omnibus</em></strong></span> <span class='ocrx_word' id='word_1_95' title='bbox 1266 1331 1614 1386; x_wconf 82' lang='lat' dir='ltr'><strong><em>subvenitur:</em></strong></span> <span class='ocrx_word' id='word_1_96' title='bbox 1649 1332 1752 1385; x_wconf 90' lang='lat' dir='ltr'><strong><em>alii</em></strong></span> <span class='ocrx_word' id='word_1_97' title='bbox 1801 1331 2096 1401; x_wconf 74' lang='lat' dir='ltr'><strong><em>baptizan-</em></strong></span> 
     </span>
    </p>
   </div>
   <div class='ocr_carea' id='block_1_13' title="bbox 388 1417 2096 1490">
    <p class='ocr_par' dir='ltr' id='par_1_13' title="bbox 388 1417 2096 1490">
     <span class='ocr_line' id='line_1_13' title="bbox 388 1417 2096 1490; baseline 0.002 -21"><span class='ocrx_word' id='word_1_98' title='bbox 388 1419 500 1482; x_wconf 87' lang='lat' dir='ltr'><strong><em>tur,</em></strong></span> <span class='ocrx_word' id='word_1_99' title='bbox 553 1417 657 1471; x_wconf 85' lang='lat' dir='ltr'><strong><em>alii</em></strong></span> <span class='ocrx_word' id='word_1_100' title='bbox 684 1419 1125 1487; x_wconf 80' lang='lat' dir='ltr'><strong><em>reconciliantur,</em></strong></span> <span class='ocrx_word' id='word_1_101' title='bbox 1155 1420 1297 1475; x_wconf 88' lang='lat' dir='ltr'><strong><em>nulli</em></strong></span> <span class='ocrx_word' id='word_1_102' title='bbox 1325 1418 1350 1453; x_wconf 80' lang='grc'>¹</span> <span class='ocrx_word' id='word_1_103' title='bbox 1384 1420 1645 1475; x_wconf 87' lang='lat' dir='ltr'><strong><em>dominici</em></strong></span> <span class='ocrx_word' id='word_1_104' title='bbox 1670 1422 1911 1490; x_wconf 87' lang='lat' dir='ltr'><strong><em>corporis</em></strong></span> <span class='ocrx_word' id='word_1_105' title='bbox 1953 1435 2096 1474; x_wconf 88' lang='lat' dir='ltr'><strong><em>com-</em></strong></span> 
     </span>
    </p>
   </div>
   <div class='ocr_carea' id='block_1_14' title="bbox 388 1506 2095 1577">
    <p class='ocr_par' dir='ltr' id='par_1_14' title="bbox 388 1506 2095 1577">
     <span class='ocr_line' id='line_1_14' title="bbox 388 1506 2095 1577; baseline 0.003 -20"><span class='ocrx_word' id='word_1_106' title='bbox 388 1506 642 1559; x_wconf 86' lang='lat' dir='ltr'><strong><em>munione</em></strong></span> <span class='ocrx_word' id='word_1_107' title='bbox 680 1506 1041 1572; x_wconf 84' lang='lat' dir='ltr'><strong><em>fraudantur.</em></strong></span> <span class='ocrx_word' id='word_1_108' title='bbox 1085 1522 1262 1562; x_wconf 88' lang='lat' dir='ltr'><strong><em>omnes</em></strong></span> <span class='ocrx_word' id='word_1_109' title='bbox 1322 1509 1691 1569; x_wconf 86' lang='lat' dir='ltr'><strong><em>consolantur.</em></strong></span> <span class='ocrx_word' id='word_1_110' title='bbox 1732 1507 2095 1577; x_wconf 64' lang='lat' dir='ltr'><strong><em>adiﬁcantur,</em></strong></span> 
     </span>
    </p>
   </div>
   <div class='ocr_carea' id='block_1_15' title="bbox 391 1592 2100 1667">
    <p class='ocr_par' dir='ltr' id='par_1_15' title="bbox 391 1592 2100 1667">
     <span class='ocr_line' id='line_1_15' title="bbox 391 1592 2100 1667; baseline 0.004 -23"><span class='ocrx_word' id='word_1_111' title='bbox 391 1592 775 1662; x_wconf 72' lang='lat' dir='ltr'><strong><em>exhortantur,</em></strong></span> <span class='ocrx_word' id='word_1_112' title='bbox 835 1600 897 1648; x_wconf 92' lang='lat' dir='ltr'><strong><em>ut</em></strong></span> <span class='ocrx_word' id='word_1_113' title='bbox 940 1597 1109 1649; x_wconf 82' lang='lat' dir='ltr'><strong><em>Deum</em></strong></span> <span class='ocrx_word' id='word_1_114' title='bbox 1150 1601 1359 1664; x_wconf 81' lang='lat' dir='ltr'><strong><em>rogent,</em></strong></span> <span class='ocrx_word' id='word_1_115' title='bbox 1410 1600 1509 1666; x_wconf 92' lang='lat' dir='ltr'><strong><em>qui</em></strong></span> <span class='ocrx_word' id='word_1_116' title='bbox 1558 1602 1744 1667; x_wconf 87' lang='lat' dir='ltr'><strong><em>potens</em></strong></span> <span class='ocrx_word' id='word_1_117' title='bbox 1790 1602 1872 1653; x_wconf 91' lang='lat' dir='ltr'><strong><em>est</em></strong></span> <span class='ocrx_word' id='word_1_118' title='bbox 1917 1598 2100 1653; x_wconf 89' lang='lat' dir='ltr'><strong><em>omnia</em></strong></span> 
     </span>
    </p>
   </div>
   <div class='ocr_carea' id='block_1_16' title="bbox 382 1681 2100 1756">
    <p class='ocr_par' dir='ltr' id='par_1_16' title="bbox 382 1681 2100 1756">
     <span class='ocr_line' id='line_1_16' title="bbox 382 1681 2100 1756; baseline 0.004 -23"><span class='ocrx_word' id='word_1_119' title='bbox 382 1694 503 1747; x_wconf 72' lang='lat' dir='ltr'><strong><em>quae</em></strong></span> <span class='ocrx_word' id='word_1_120' title='bbox 530 1681 809 1751; x_wconf 85' lang='lat' dir='ltr'><strong><em>timentur,</em></strong></span> <span class='ocrx_word' id='word_1_121' title='bbox 839 1687 1112 1749; x_wconf 74' lang='lat' dir='ltr'><strong><em>auertere;</em></strong></span> <span class='ocrx_word' id='word_1_122' title='bbox 1153 1687 1345 1754; x_wconf 83' lang='lat' dir='ltr'><strong><em>parati</em></strong></span> <span class='ocrx_word' id='word_1_123' title='bbox 1365 1685 1442 1740; x_wconf 85' lang='lat' dir='ltr'><strong><em>ad</em></strong></span> <span class='ocrx_word' id='word_1_124' title='bbox 1456 1689 1766 1756; x_wconf 87' lang='lat' dir='ltr'><strong><em>utrumque,</em></strong></span> <span class='ocrx_word' id='word_1_125' title='bbox 1814 1690 1875 1739; x_wconf 92' lang='lat' dir='ltr'><strong><em>ut</em></strong></span> <span class='ocrx_word' id='word_1_126' title='bbox 1901 1688 1952 1740; x_wconf 91' lang='lat' dir='ltr'><strong><em>si</em></strong></span> <span class='ocrx_word' id='word_1_127' title='bbox 1991 1700 2100 1739; x_wconf 90' lang='lat' dir='ltr'><strong><em>non</em></strong></span> 
     </span>
    </p>
   </div>
   <div class='ocr_carea' id='block_1_17' title="bbox 382 1769 2095 1844">
    <p class='ocr_par' dir='ltr' id='par_1_17' title="bbox 382 1769 2095 1844">
     <span class='ocr_line' id='line_1_17' title="bbox 382 1769 2095 1844; baseline 0.004 -21"><span class='ocrx_word' id='word_1_128' title='bbox 382 1772 562 1837; x_wconf 83' lang='lat' dir='ltr'><strong><em>potest</em></strong></span> <span class='ocrx_word' id='word_1_129' title='bbox 589 1769 658 1823; x_wconf 90' lang='lat' dir='ltr'><strong><em>ub</em></strong></span> <span class='ocrx_word' id='word_1_130' title='bbox 687 1772 763 1824; x_wconf 90' lang='lat' dir='ltr'><strong><em>eis</em></strong></span> <span class='ocrx_word' id='word_1_131' title='bbox 783 1772 931 1826; x_wconf 85' lang='lat' dir='ltr'><strong><em>calix</em></strong></span> <span class='ocrx_word' id='word_1_132' title='bbox 950 1774 1051 1827; x_wconf 87' lang='lat' dir='ltr'><strong><em>iste</em></strong></span> <span class='ocrx_word' id='word_1_133' title='bbox 1071 1776 1333 1837; x_wconf 88' lang='lat' dir='ltr'><strong><em>transire,</em></strong></span> <span class='ocrx_word' id='word_1_134' title='bbox 1356 1772 1460 1844; x_wconf 79' lang='lat' dir='ltr'><strong><em>ﬁat</em></strong></span> <span class='ocrx_word' id='word_1_135' title='bbox 1480 1776 1729 1830; x_wconf 70' lang='lat' dir='ltr'><strong><em>voluntas</em></strong></span> <span class='ocrx_word' id='word_1_136' title='bbox 1743 1775 1860 1843; x_wconf 84' lang='lat' dir='ltr'><strong><em>ejus</em></strong></span> <span class='ocrx_word' id='word_1_137' title='bbox 1882 1775 2095 1840; x_wconf 82' lang='lat' dir='ltr'><strong><em>(Matth.</em></strong></span> 
     </span>
    </p>
   </div>
   <div class='ocr_carea' id='block_1_18' title="bbox 383 1857 2097 1933">
    <p class='ocr_par' dir='ltr' id='par_1_18' title="bbox 383 1857 2097 1933">
     <span class='ocr_line' id='line_1_18' title="bbox 383 1857 2097 1933; baseline 0.004 -22"><span class='ocrx_word' id='word_1_138' title='bbox 383 1873 533 1926; x_wconf 76' lang='lat' dir='ltr'><strong><em>xxvr,</em></strong></span> <span class='ocrx_word' id='word_1_139' title='bbox 565 1857 655 1929; x_wconf 80' lang='grc'><strong><em>42)</em></strong></span> <span class='ocrx_word' id='word_1_140' title='bbox 688 1861 787 1928; x_wconf 90' lang='lat' dir='ltr'><strong><em>qui</em></strong></span> <span class='ocrx_word' id='word_1_141' title='bbox 812 1861 949 1915; x_wconf 89' lang='lat' dir='ltr'><strong><em>mali</em></strong></span> <span class='ocrx_word' id='word_1_142' title='bbox 974 1858 1194 1931; x_wconf 88' lang='lat' dir='ltr'><strong><em>aliquid</em></strong></span> <span class='ocrx_word' id='word_1_143' title='bbox 1211 1877 1318 1917; x_wconf 90' lang='lat' dir='ltr'><strong><em>non</em></strong></span> <span class='ocrx_word' id='word_1_144' title='bbox 1342 1868 1519 1932; x_wconf 80' lang='lat' dir='ltr'><strong><em>potest</em></strong></span> <span class='ocrx_word' id='word_1_145' title='bbox 1545 1864 1697 1918; x_wconf 74' lang='lat' dir='ltr'><strong><em>velle.</em></strong></span> <span class='ocrx_word' id='word_1_146' title='bbox 1710 1864 1859 1919; x_wconf 86' lang='lat' dir='ltr'><strong><em>Certe</em></strong></span> <span class='ocrx_word' id='word_1_147' title='bbox 1867 1864 1990 1933; x_wconf 86' lang='lat' dir='ltr'><strong><em>jam</em></strong></span> <span class='ocrx_word' id='word_1_148' title='bbox 2014 1864 2097 1917; x_wconf 81' lang='lat' dir='ltr'><strong><em>vi-</em></strong></span> 
     </span>
    </p>
   </div>
   <div class='ocr_carea' id='block_1_19' title="bbox 388 1946 2099 2022">
    <p class='ocr_par' dir='ltr' id='par_1_19' title="bbox 388 1946 2099 2022">
     <span class='ocr_line' id='line_1_19' title="bbox 388 1946 2099 2022; baseline 0.004 -22"><span class='ocrx_word' id='word_1_149' title='bbox 388 1946 483 2000; x_wconf 89' lang='lat' dir='ltr'><strong><em>des</em></strong></span> <span class='ocrx_word' id='word_1_150' title='bbox 495 1947 640 2017; x_wconf 90' lang='lat' dir='ltr'><strong><em>quod</em></strong></span> <span class='ocrx_word' id='word_1_151' title='bbox 653 1952 703 2002; x_wconf 89' lang='lat' dir='ltr'><strong><em>te</em></strong></span> <span class='ocrx_word' id='word_1_152' title='bbox 717 1950 1018 2019; x_wconf 85' lang='lat' dir='ltr'><strong><em>scripseras</em></strong></span> <span class='ocrx_word' id='word_1_153' title='bbox 1029 1966 1136 2006; x_wconf 90' lang='lat' dir='ltr'><strong><em>non</em></strong></span> <span class='ocrx_word' id='word_1_154' title='bbox 1145 1951 1350 2020; x_wconf 77' lang='lat' dir='ltr'><strong><em>cidere,</em></strong></span> <span class='ocrx_word' id='word_1_155' title='bbox 1362 1956 1625 2021; x_wconf 89' lang='lat' dir='ltr'><strong><em>quantum</em></strong></span> <span class='ocrx_word' id='word_1_156' title='bbox 1644 1952 1769 2007; x_wconf 89' lang='lat' dir='ltr'><strong><em>boni</em></strong></span> <span class='ocrx_word' id='word_1_157' title='bbox 1778 1968 2099 2022; x_wconf 84' lang='lat' dir='ltr'><strong><em>consequan-</em></strong></span> 
     </span>
    </p>
   </div>
   <div class='ocr_carea' id='block_1_20' title="bbox 386 2037 2103 2110">
    <p class='ocr_par' dir='ltr' id='par_1_20' title="bbox 386 2037 2103 2110">
     <span class='ocr_line' id='line_1_20' title="bbox 386 2037 2103 2110; baseline 0.003 -21"><span class='ocrx_word' id='word_1_158' title='bbox 386 2040 479 2090; x_wconf 89' lang='lat' dir='ltr'><strong><em>tur</em></strong></span> <span class='ocrx_word' id='word_1_159' title='bbox 504 2037 701 2106; x_wconf 81' lang='lat' dir='ltr'><strong><em>populi</em></strong></span> <span class='ocrx_word' id='word_1_160' title='bbox 719 2037 1039 2100; x_wconf 85' lang='lat' dir='ltr'><strong><em>Christiani.</em></strong></span> <span class='ocrx_word' id='word_1_161' title='bbox 1062 2042 1113 2093; x_wconf 90' lang='lat' dir='ltr'><strong><em>si</em></strong></span> <span class='ocrx_word' id='word_1_162' title='bbox 1130 2041 1191 2093; x_wconf 91' lang='lat' dir='ltr'><strong><em>in</em></strong></span> <span class='ocrx_word' id='word_1_163' title='bbox 1207 2041 1565 2110; x_wconf 75' lang='lat' dir='ltr'><strong><em>praesentibus</em></strong></span> <span class='ocrx_word' id='word_1_164' title='bbox 1583 2041 1749 2097; x_wconf 88' lang='lat' dir='ltr'><strong><em>malis</em></strong></span> <span class='ocrx_word' id='word_1_165' title='bbox 1776 2056 1884 2097; x_wconf 90' lang='lat' dir='ltr'><strong><em>non</em></strong></span> <span class='ocrx_word' id='word_1_166' title='bbox 1907 2044 1983 2096; x_wconf 89' lang='lat' dir='ltr'><strong><em>eis</em></strong></span> <span class='ocrx_word' id='word_1_167' title='bbox 2002 2041 2103 2095; x_wconf 87' lang='lat' dir='ltr'><strong><em>de-</em></strong></span> 
     </span>
    </p>
   </div>
   <div class='ocr_carea' id='block_1_21' title="bbox 385 2127 2103 2199">
    <p class='ocr_par' dir='ltr' id='par_1_21' title="bbox 385 2127 2103 2199">
     <span class='ocr_line' id='line_1_21' title="bbox 385 2127 2103 2199; baseline 0.004 -21"><span class='ocrx_word' id='word_1_168' title='bbox 385 2127 461 2179; x_wconf 91' lang='lat' dir='ltr'><strong><em>sit</em></strong></span> <span class='ocrx_word' id='word_1_169' title='bbox 487 2128 785 2195; x_wconf 71' lang='lat' dir='ltr'><strong><em>przsentia</em></strong></span> <span class='ocrx_word' id='word_1_170' title='bbox 814 2128 1188 2183; x_wconf 86' lang='lat' dir='ltr'><strong><em>ministrorum</em></strong></span> <span class='ocrx_word' id='word_1_171' title='bbox 1222 2129 1461 2185; x_wconf 77' lang='lat' dir='ltr'><strong><em>Christi:</em></strong></span> <span class='ocrx_word' id='word_1_172' title='bbox 1495 2144 1723 2199; x_wconf 88' lang='lat' dir='ltr'><strong><em>quorum</em></strong></span> <span class='ocrx_word' id='word_1_173' title='bbox 1748 2129 1898 2185; x_wconf 78' lang='lat' dir='ltr'><strong><em>vides</em></strong></span> <span class='ocrx_word' id='word_1_174' title='bbox 1939 2132 2103 2185; x_wconf 88' lang='lat' dir='ltr'><strong><em>etiam</em></strong></span> 
     </span>
    </p>
   </div>
   <div class='ocr_carea' id='block_1_22' title="bbox 395 2214 2096 2289">
    <p class='ocr_par' dir='ltr' id='par_1_22' title="bbox 395 2214 2096 2289">
     <span class='ocr_line' id='line_1_22' title="bbox 395 2214 2096 2289; baseline 0.004 -22"><span class='ocrx_word' id='word_1_175' title='bbox 395 2219 664 2282; x_wconf 89' lang='lat' dir='ltr'><strong><em>quantum</em></strong></span> <span class='ocrx_word' id='word_1_176' title='bbox 695 2214 836 2269; x_wconf 86' lang='lat' dir='ltr'><strong><em>obsit</em></strong></span> <span class='ocrx_word' id='word_1_177' title='bbox 865 2216 1131 2278; x_wconf 82' lang='lat' dir='ltr'><strong><em>absentia,</em></strong></span> <span class='ocrx_word' id='word_1_178' title='bbox 1163 2217 1293 2271; x_wconf 86' lang='lat' dir='ltr'><strong><em>dum</em></strong></span> <span class='ocrx_word' id='word_1_179' title='bbox 1317 2232 1420 2272; x_wconf 89' lang='lat' dir='ltr'><strong><em>sua</em></strong></span> <span class='ocrx_word' id='word_1_180' title='bbox 1446 2222 1696 2286; x_wconf 74' lang='lat' dir='ltr'><strong><em>quaerunt</em></strong></span> <span class='ocrx_word' id='word_1_181' title='bbox 1724 2233 1830 2273; x_wconf 89' lang='lat' dir='ltr'><strong><em>non</em></strong></span> <span class='ocrx_word' id='word_1_182' title='bbox 1850 2234 1970 2289; x_wconf 76' lang='lat' dir='ltr'><strong><em>qua:</em></strong></span> <span class='ocrx_word' id='word_1_183' title='bbox 1995 2219 2096 2273; x_wconf 87' lang='lat' dir='ltr'><strong><em>Je-</em></strong></span> 
     </span>
    </p>
   </div>
   <div class='ocr_carea' id='block_1_23' title="bbox 394 2302 2104 2377">
    <p class='ocr_par' dir='ltr' id='par_1_23' title="bbox 394 2302 2104 2377">
     <span class='ocr_line' id='line_1_23' title="bbox 394 2302 2104 2377; baseline 0.003 -21"><span class='ocrx_word' id='word_1_184' title='bbox 394 2316 460 2356; x_wconf 89' lang='lat' dir='ltr'><strong><em>su</em></strong></span> <span class='ocrx_word' id='word_1_185' title='bbox 497 2302 706 2358; x_wconf 87' lang='lat' dir='ltr'><strong><em>Christi</em></strong></span> <span class='ocrx_word' id='word_1_186' title='bbox 736 2303 997 2375; x_wconf 86' lang='lat' dir='ltr'><strong><em>(Philipp.</em></strong></span> <span class='ocrx_word' id='word_1_187' title='bbox 1022 2322 1084 2374; x_wconf 90' lang='grc' dir='ltr'>ιι,</span> <span class='ocrx_word' id='word_1_188' title='bbox 1113 2306 1200 2375; x_wconf 83' lang='grc'><strong>21)</strong></span> <span class='ocrx_word' id='word_1_189' title='bbox 1226 2321 1354 2372; x_wconf 91' lang='lat' dir='ltr'><strong><em>;nec</em></strong></span> <span class='ocrx_word' id='word_1_190' title='bbox 1385 2306 1581 2361; x_wconf 86' lang='lat' dir='ltr'><strong><em>habent</em></strong></span> <span class='ocrx_word' id='word_1_191' title='bbox 1609 2308 1763 2361; x_wconf 88' lang='lat' dir='ltr'><strong><em>illam</em></strong></span> <span class='ocrx_word' id='word_1_192' title='bbox 1789 2306 1858 2361; x_wconf 88' lang='lat' dir='ltr'><strong><em>de</em></strong></span> <span class='ocrx_word' id='word_1_193' title='bbox 1881 2322 1993 2377; x_wconf 84' lang='lat' dir='ltr'><strong><em>qua</em></strong></span> <span class='ocrx_word' id='word_1_194' title='bbox 2018 2306 2104 2361; x_wconf 85' lang='lat' dir='ltr'><strong><em>di-</em></strong></span> 
     </span>
    </p>
   </div>
   <div class='ocr_carea' id='block_1_24' title="bbox 390 2388 2095 2465">
    <p class='ocr_par' dir='ltr' id='par_1_24' title="bbox 390 2388 2095 2465">
     <span class='ocr_line' id='line_1_24' title="bbox 390 2388 2095 2465; baseline 0.003 -19"><span class='ocrx_word' id='word_1_195' title='bbox 390 2397 537 2447; x_wconf 85' lang='lat' dir='ltr'><strong><em>ctum</em></strong></span> <span class='ocrx_word' id='word_1_196' title='bbox 565 2396 645 2447; x_wconf 91' lang='lat' dir='ltr'><strong><em>est</em></strong></span> <span class='ocrx_word' id='word_1_197' title='bbox 666 2410 684 2446; x_wconf 90' lang='lat'><strong><em>:</em></strong></span> <span class='ocrx_word' id='word_1_198' title='bbox 735 2392 856 2447; x_wconf 81' lang='lat' dir='ltr'><strong><em>Non</em></strong></span> <span class='ocrx_word' id='word_1_199' title='bbox 900 2393 1108 2463; x_wconf 65' lang='lat' dir='ltr'><strong><em>quierit</em></strong></span> <span class='ocrx_word' id='word_1_200' title='bbox 1136 2410 1265 2465; x_wconf 75' lang='lat' dir='ltr'><strong><em>qua:</em></strong></span> <span class='ocrx_word' id='word_1_201' title='bbox 1291 2410 1394 2448; x_wconf 89' lang='lat' dir='ltr'><strong><em>sua</em></strong></span> <span class='ocrx_word' id='word_1_202' title='bbox 1427 2388 1571 2449; x_wconf 82' lang='lat' dir='ltr'><strong><em>sunt</em></strong></span> <span class='ocrx_word' id='word_1_203' title='bbox 1604 2396 1644 2464; x_wconf 91' lang='grc' dir='ltr'><strong><em>(Ι</em></strong></span> <span class='ocrx_word' id='word_1_204' title='bbox 1675 2395 1795 2451; x_wconf 88' lang='lat' dir='ltr'><strong><em>Cor.</em></strong></span> <span class='ocrx_word' id='word_1_205' title='bbox 1853 2411 1971 2463; x_wconf 84' lang='lat' dir='ltr'><strong><em>xm,</em></strong></span> <span class='ocrx_word' id='word_1_206' title='bbox 2000 2395 2049 2464; x_wconf 80' lang='lat'><strong><em>5)</em></strong></span> <span class='ocrx_word' id='word_1_207' title='bbox 2080 2412 2095 2462; x_wconf 87' lang='lat'><strong>;</strong></span> 
     </span>
    </p>
   </div>
   <div class='ocr_carea' id='block_1_25' title="bbox 394 2482 2106 2556">
    <p class='ocr_par' dir='ltr' id='par_1_25' title="bbox 394 2482 2106 2556">
     <span class='ocr_line' id='line_1_25' title="bbox 394 2482 2106 2556; baseline 0.003 -22"><span class='ocrx_word' id='word_1_208' title='bbox 394 2496 488 2535; x_wconf 88' lang='lat' dir='ltr'><strong><em>nec</em></strong></span> <span class='ocrx_word' id='word_1_209' title='bbox 534 2482 826 2535; x_wconf 84' lang='lat' dir='ltr'><strong><em>imitantur</em></strong></span> <span class='ocrx_word' id='word_1_210' title='bbox 854 2498 973 2537; x_wconf 89' lang='lat' dir='ltr'><strong><em>eum</em></strong></span> <span class='ocrx_word' id='word_1_211' title='bbox 1003 2486 1101 2552; x_wconf 91' lang='lat' dir='ltr'><strong><em>qui</em></strong></span> <span class='ocrx_word' id='word_1_212' title='bbox 1121 2483 1303 2538; x_wconf 77' lang='lat' dir='ltr'><strong><em>dixit:</em></strong></span> <span class='ocrx_word' id='word_1_213' title='bbox 1337 2484 1461 2539; x_wconf 84' lang='lat' dir='ltr'><strong><em>Non</em></strong></span> <span class='ocrx_word' id='word_1_214' title='bbox 1492 2499 1756 2555; x_wconf 66' lang='lat' dir='ltr'><strong><em>quaerens</em></strong></span> <span class='ocrx_word' id='word_1_215' title='bbox 1783 2484 1935 2556; x_wconf 89' lang='lat' dir='ltr'><strong><em>quod</em></strong></span> <span class='ocrx_word' id='word_1_216' title='bbox 1961 2484 2106 2539; x_wconf 90' lang='lat' dir='ltr'><strong><em>mihi</em></strong></span> 
     </span>
    </p>
   </div>
   <div class='ocr_carea' id='block_1_26' title="bbox 393 2566 2107 2641">
    <p class='ocr_par' dir='ltr' id='par_1_26' title="bbox 393 2566 2107 2641">
     <span class='ocr_line' id='line_1_26' title="bbox 393 2566 2107 2641; baseline 0.002 -18"><span class='ocrx_word' id='word_1_217' title='bbox 393 2568 540 2624; x_wconf 88' lang='lat' dir='ltr'><strong><em>utile</em></strong></span> <span class='ocrx_word' id='word_1_218' title='bbox 568 2566 615 2638; x_wconf 78' lang='grc'><strong>³,</strong></span> <span class='ocrx_word' id='word_1_219' title='bbox 647 2569 745 2624; x_wconf 91' lang='lat' dir='ltr'><strong><em>sed</em></strong></span> <span class='ocrx_word' id='word_1_220' title='bbox 777 2570 934 2641; x_wconf 89' lang='lat' dir='ltr'><strong><em>quod</em></strong></span> <span class='ocrx_word' id='word_1_221' title='bbox 977 2570 1174 2626; x_wconf 90' lang='lat' dir='ltr'><strong><em>multis</em></strong></span> <span class='ocrx_word' id='word_1_222' title='bbox 1204 2577 1271 2627; x_wconf 89' lang='lat' dir='ltr'><strong><em>ut</em></strong></span> <span class='ocrx_word' id='word_1_223' title='bbox 1298 2572 1435 2626; x_wconf 88' lang='lat' dir='ltr'><strong><em>salvi</em></strong></span> <span class='ocrx_word' id='word_1_224' title='bbox 1465 2572 1607 2627; x_wconf 84' lang='lat' dir='ltr'><strong><em>ﬁant</em></strong></span> <span class='ocrx_word' id='word_1_225' title='bbox 1640 2572 1745 2641; x_wconf 85' lang='lat' dir='ltr'><strong><em>(Id.</em></strong></span> <span class='ocrx_word' id='word_1_226' title='bbox 1776 2588 1832 2640; x_wconf 91' lang='lat' dir='ltr'><strong><em>x,</em></strong></span> <span class='ocrx_word' id='word_1_227' title='bbox 1861 2574 1967 2641; x_wconf 87' lang='lat'><strong><em>33).</em></strong></span> <span class='ocrx_word' id='word_1_228' title='bbox 2001 2575 2107 2641; x_wconf 79' lang='lat' dir='ltr'><strong><em>Qui</em></strong></span> 
     </span>
    </p>
   </div>
   <div class='ocr_carea' id='block_1_27' title="bbox 394 2659 2104 2731">
    <p class='ocr_par' dir='ltr' id='par_1_27' title="bbox 394 2659 2104 2731">
     <span class='ocr_line' id='line_1_27' title="bbox 394 2659 2104 2731; baseline 0.004 -20"><span class='ocrx_word' id='word_1_229' title='bbox 394 2659 561 2712; x_wconf 90' lang='lat' dir='ltr'><strong><em>etiam</em></strong></span> <span class='ocrx_word' id='word_1_230' title='bbox 590 2662 955 2730; x_wconf 85' lang='lat' dir='ltr'><strong><em>persecutoris</em></strong></span> <span class='ocrx_word' id='word_1_231' title='bbox 981 2662 1251 2730; x_wconf 87' lang='lat' dir='ltr'><strong><em>principis</em></strong></span> <span class='ocrx_word' id='word_1_232' title='bbox 1278 2662 1430 2716; x_wconf 89' lang='lat' dir='ltr'><strong><em>illius</em></strong></span> <span class='ocrx_word' id='word_1_233' title='bbox 1458 2662 1691 2716; x_wconf 86' lang='lat' dir='ltr'><strong><em>insidias</em></strong></span> <span class='ocrx_word' id='word_1_234' title='bbox 1717 2678 1824 2717; x_wconf 90' lang='lat' dir='ltr'><strong><em>non</em></strong></span> <span class='ocrx_word' id='word_1_235' title='bbox 1849 2664 2104 2731; x_wconf 70' lang='lat' dir='ltr'><strong><em>fugisset,</em></strong></span> 
     </span>
    </p>
   </div>
   <div class='ocr_carea' id='block_1_28' title="bbox 397 2745 2101 2818">
    <p class='ocr_par' dir='ltr' id='par_1_28' title="bbox 397 2745 2101 2818">
     <span class='ocr_line' id='line_1_28' title="bbox 397 2745 2101 2818; baseline 0.004 -18"><span class='ocrx_word' id='word_1_236' title='bbox 397 2745 511 2801; x_wconf 87' lang='lat' dir='ltr'><strong><em>nisi</em></strong></span> <span class='ocrx_word' id='word_1_237' title='bbox 552 2762 609 2801; x_wconf 89' lang='lat' dir='ltr'><strong><em>se</em></strong></span> <span class='ocrx_word' id='word_1_238' title='bbox 638 2747 768 2803; x_wconf 90' lang='lat' dir='ltr'><strong><em>aliis</em></strong></span> <span class='ocrx_word' id='word_1_239' title='bbox 798 2749 996 2818; x_wconf 86' lang='lat' dir='ltr'><strong><em>quibus</em></strong></span> <span class='ocrx_word' id='word_1_240' title='bbox 1022 2753 1357 2805; x_wconf 89' lang='lat' dir='ltr'><strong><em>necessarius</em></strong></span> <span class='ocrx_word' id='word_1_241' title='bbox 1392 2755 1530 2817; x_wconf 89' lang='lat' dir='ltr'><strong><em>erat,</em></strong></span> <span class='ocrx_word' id='word_1_242' title='bbox 1570 2766 1786 2807; x_wconf 79' lang='lat' dir='ltr'><strong><em>servare</em></strong></span> <span class='ocrx_word' id='word_1_243' title='bbox 1811 2753 2101 2807; x_wconf 76' lang='lat' dir='ltr'><strong><em>coluisset:</em></strong></span> 
     </span>
    </p>
   </div>
   <div class='ocr_carea' id='block_1_29' title="bbox 394 2837 2105 2911">
    <p class='ocr_par' dir='ltr' id='par_1_29' title="bbox 394 2837 2105 2911">
     <span class='ocr_line' id='line_1_29' title="bbox 394 2837 2105 2911; baseline 0.002 -20"><span class='ocrx_word' id='word_1_244' title='bbox 394 2840 623 2905; x_wconf 85' lang='lat' dir='ltr'><strong><em>propter</em></strong></span> <span class='ocrx_word' id='word_1_245' title='bbox 646 2837 794 2906; x_wconf 91' lang='lat' dir='ltr'><strong><em>quod</em></strong></span> <span class='ocrx_word' id='word_1_246' title='bbox 838 2840 940 2905; x_wconf 84' lang='lat' dir='ltr'><strong><em>ait,</em></strong></span> <span class='ocrx_word' id='word_1_247' title='bbox 983 2838 1310 2911; x_wconf 90' lang='lat' dir='ltr'><strong><em>Compellor</em></strong></span> <span class='ocrx_word' id='word_1_248' title='bbox 1338 2843 1532 2895; x_wconf 88' lang='lat' dir='ltr'><strong><em>autem</em></strong></span> <span class='ocrx_word' id='word_1_249' title='bbox 1562 2855 1628 2895; x_wconf 85' lang='lat' dir='ltr'><strong><em>ex</em></strong></span> <span class='ocrx_word' id='word_1_250' title='bbox 1677 2840 1928 2895; x_wconf 87' lang='lat' dir='ltr'><strong><em>duobus:</em></strong></span> <span class='ocrx_word' id='word_1_251' title='bbox 1967 2857 2105 2895; x_wconf 90' lang='lat' dir='ltr'><strong><em>con-</em></strong></span> 
     </span>
    </p>
   </div>
   <div class='ocr_carea' id='block_1_30' title="bbox 396 2916 2105 2995">
    <p class='ocr_par' dir='ltr' id='par_1_30' title="bbox 396 2916 2105 2995">
     <span class='ocr_line' id='line_1_30' title="bbox 396 2916 2105 2995; baseline 0.004 -17"><span class='ocrx_word' id='word_1_252' title='bbox 396 2924 805 2995; x_wconf 85' lang='lat' dir='ltr'><strong><em>cupiscentiam</em></strong></span> <span class='ocrx_word' id='word_1_253' title='bbox 861 2916 1076 2983; x_wconf 81' lang='lat' dir='ltr'><strong><em>habens</em></strong></span> <span class='ocrx_word' id='word_1_254' title='bbox 1131 2927 1359 2983; x_wconf 78' lang='lat' dir='ltr'><strong><em>dissolvi</em></strong></span> <span class='ocrx_word' id='word_1_255' title='bbox 1405 2933 1462 2983; x_wconf 90' lang='lat' dir='ltr'><strong><em>et</em></strong></span> <span class='ocrx_word' id='word_1_256' title='bbox 1510 2945 1629 2984; x_wconf 89' lang='lat' dir='ltr'><strong><em>esse</em></strong></span> <span class='ocrx_word' id='word_1_257' title='bbox 1680 2945 1810 2985; x_wconf 90' lang='lat' dir='ltr'><strong><em>cum</em></strong></span> <span class='ocrx_word' id='word_1_258' title='bbox 1861 2927 2105 2995; x_wconf 77' lang='lat' dir='ltr'><strong><em>Christo,</em></strong></span> 
     </span>
    </p>
   </div>
   <div class='ocr_carea' id='block_1_31' title="bbox 372 3012 2106 3088">
    <p class='ocr_par' dir='ltr' id='par_1_31' title="bbox 372 3012 2106 3088">
     <span class='ocr_line' id='line_1_31' title="bbox 372 3012 2106 3088; baseline 0.003 -19"><span class='ocrx_word' id='word_1_259' title='bbox 372 3012 585 3070; x_wconf 58' lang='lat' dir='ltr'><strong><em>&#39;multo</em></strong></span> <span class='ocrx_word' id='word_1_260' title='bbox 626 3015 813 3088; x_wconf 83' lang='lat' dir='ltr'><strong><em>magis</em></strong></span> <span class='ocrx_word' id='word_1_261' title='bbox 841 3016 1162 3088; x_wconf 89' lang='lat' dir='ltr'><strong><em>optimum;</em></strong></span> <span class='ocrx_word' id='word_1_262' title='bbox 1198 3033 1433 3073; x_wconf 88' lang='lat' dir='ltr'><strong><em>manere</em></strong></span> <span class='ocrx_word' id='word_1_263' title='bbox 1462 3022 1655 3073; x_wconf 86' lang='lat' dir='ltr'><strong><em>autem</em></strong></span> <span class='ocrx_word' id='word_1_264' title='bbox 1682 3018 1744 3074; x_wconf 92' lang='lat' dir='ltr'><strong><em>in</em></strong></span> <span class='ocrx_word' id='word_1_265' title='bbox 1772 3034 1960 3082; x_wconf 88' lang='lat' dir='ltr'><strong><em>carne,</em></strong></span> <span class='ocrx_word' id='word_1_266' title='bbox 2005 3035 2106 3074; x_wconf 90' lang='lat' dir='ltr'><strong><em>ne-</em></strong></span> 
     </span>
    </p>
   </div>
   <div class='ocr_carea' id='block_1_32' title="bbox 393 3104 1719 3179">
    <p class='ocr_par' dir='ltr' id='par_1_32' title="bbox 393 3104 1719 3179">
     <span class='ocr_line' id='line_1_32' title="bbox 393 3104 1719 3179; baseline 0.003 -20"><span class='ocrx_word' id='word_1_267' title='bbox 393 3104 706 3160; x_wconf 89' lang='lat' dir='ltr'><strong><em>cessarium</em></strong></span> <span class='ocrx_word' id='word_1_268' title='bbox 735 3111 975 3178; x_wconf 82' lang='lat' dir='ltr'><strong><em>propter</em></strong></span> <span class='ocrx_word' id='word_1_269' title='bbox 1001 3123 1103 3161; x_wconf 90' lang='lat' dir='ltr'><strong><em>vos</em></strong></span> <span class='ocrx_word' id='word_1_270' title='bbox 1134 3107 1400 3179; x_wconf 88' lang='lat' dir='ltr'><strong><em>(Philipp.</em></strong></span> <span class='ocrx_word' id='word_1_271' title='bbox 1432 3125 1471 3174; x_wconf 90' lang='grc' dir='ltr'>ι,</span> <span class='ocrx_word' id='word_1_272' title='bbox 1501 3107 1592 3179; x_wconf 86' lang='grc'><strong><em>23)</em></strong></span> <span class='ocrx_word' id='word_1_273' title='bbox 1615 3107 1719 3176; x_wconf 83' lang='lat' dir='ltr'><strong><em>(a).</em></strong></span> 
     </span>
    </p>
   </div>
   <div class='ocr_carea' id='block_1_33' title="bbox 408 3266 2112 3338">
    <p class='ocr_par' dir='ltr' id='par_1_33' title="bbox 408 3266 2112 3338">
     <span class='ocr_line' id='line_1_33' title="bbox 408 3266 2112 3338; baseline -0.001 -16"><span class='ocrx_word' id='word_1_274' title='bbox 408 3266 636 3322; x_wconf 83' lang='lat' dir='ltr'><strong><em>CAPUT</em></strong></span> <span class='ocrx_word' id='word_1_275' title='bbox 665 3266 840 3321; x_wconf 88' lang='lat' dir='ltr'><strong><em>XXXI.</em></strong></span> <span class='ocrx_word' id='word_1_276' title='bbox 873 3296 942 3305; x_wconf 91' lang='lat'><strong><em>—-</em></strong></span> <span class='ocrx_word' id='word_1_277' title='bbox 969 3267 1115 3321; x_wconf 81' lang='lat' dir='ltr'><strong><em>Mors</em></strong></span> <span class='ocrx_word' id='word_1_278' title='bbox 1144 3271 1194 3321; x_wconf 91' lang='lat' dir='ltr'><strong><em>et</em></strong></span> <span class='ocrx_word' id='word_1_279' title='bbox 1231 3267 1513 3338; x_wconf 83' lang='lat' dir='ltr'><strong><em>sepultura</em></strong></span> <span class='ocrx_word' id='word_1_280' title='bbox 1559 3268 1879 3337; x_wconf 85' lang='lat' dir='ltr'><strong><em>Augustini.</em></strong></span> <span class='ocrx_word' id='word_1_281' title='bbox 1907 3268 2112 3323; x_wconf 88' lang='lat' dir='ltr'><strong><em>Psalmi</em></strong></span> 
     </span>
    </p>
   </div>
   <div class='ocr_carea' id='block_1_34' title="bbox 444 3355 2108 3427">
    <p class='ocr_par' dir='ltr' id='par_1_34' title="bbox 444 3355 2108 3427">
     <span class='ocr_line' id='line_1_34' title="bbox 444 3355 2108 3427; baseline 0.001 -18"><span class='ocrx_word' id='word_1_282' title='bbox 444 3355 886 3426; x_wconf 85' lang='lat' dir='ltr'><strong><em>pcenitentiales.</em></strong></span> <span class='ocrx_word' id='word_1_283' title='bbox 946 3355 1289 3425; x_wconf 75' lang='lat' dir='ltr'><strong><em>Sacriﬁcium</em></strong></span> <span class='ocrx_word' id='word_1_284' title='bbox 1310 3372 1415 3427; x_wconf 90' lang='lat' dir='ltr'><strong><em>pro</em></strong></span> <span class='ocrx_word' id='word_1_285' title='bbox 1464 3361 1675 3412; x_wconf 89' lang='lat' dir='ltr'><strong><em>mortuo</em></strong></span> <span class='ocrx_word' id='word_1_286' title='bbox 1728 3356 1983 3411; x_wconf 85' lang='lat' dir='ltr'><strong><em>oblatum.</em></strong></span> <span class='ocrx_word' id='word_1_287' title='bbox 2015 3358 2108 3413; x_wconf 88' lang='lat' dir='ltr'><strong><em>Bi-</em></strong></span> 
     </span>
    </p>
   </div>
   <div class='ocr_carea' id='block_1_35' title="bbox 456 3443 2037 3516">
    <p class='ocr_par' dir='ltr' id='par_1_35' title="bbox 456 3443 2037 3516">
     <span class='ocr_line' id='line_1_35' title="bbox 456 3443 2037 3516; baseline 0.002 -19"><span class='ocrx_word' id='word_1_288' title='bbox 456 3443 748 3499; x_wconf 86' lang='lat' dir='ltr'><strong><em>bliotheca.</em></strong></span> <span class='ocrx_word' id='word_1_289' title='bbox 781 3444 1133 3499; x_wconf 76' lang='lat' dir='ltr'><strong><em>Monasteria.</em></strong></span> <span class='ocrx_word' id='word_1_290' title='bbox 1166 3445 1523 3516; x_wconf 85' lang='lat' dir='ltr'><strong><em>Epitaphium</em></strong></span> <span class='ocrx_word' id='word_1_291' title='bbox 1541 3450 1712 3516; x_wconf 72' lang='lat' dir='ltr'><strong><em>poetx</em></strong></span> <span class='ocrx_word' id='word_1_292' title='bbox 1730 3445 2037 3516; x_wconf 85' lang='lat' dir='ltr'><strong><em>cujusdam.</em></strong></span> 
     </span>
    </p>
   </div>
   <div class='ocr_carea' id='block_1_36' title="bbox 470 3565 2108 3643">
    <p class='ocr_par' dir='ltr' id='par_1_36' title="bbox 470 3565 2108 3643">
     <span class='ocr_line' id='line_1_36' title="bbox 470 3565 2108 3643; baseline 0.002 -20"><span class='ocrx_word' id='word_1_293' title='bbox 470 3566 623 3623; x_wconf 89' lang='lat' dir='ltr'><strong><em>Sane</em></strong></span> <span class='ocrx_word' id='word_1_294' title='bbox 677 3565 776 3622; x_wconf 89' lang='lat' dir='ltr'><strong><em>ille</em></strong></span> <span class='ocrx_word' id='word_1_295' title='bbox 827 3571 1055 3623; x_wconf 87' lang='lat' dir='ltr'><strong><em>sanctus</em></strong></span> <span class='ocrx_word' id='word_1_296' title='bbox 1099 3568 1161 3624; x_wconf 91' lang='lat' dir='ltr'><strong><em>in</em></strong></span> <span class='ocrx_word' id='word_1_297' title='bbox 1211 3568 1302 3624; x_wconf 87' lang='lat' dir='ltr'><strong><em>via</em></strong></span> <span class='ocrx_word' id='word_1_298' title='bbox 1351 3586 1455 3624; x_wconf 84' lang='lat' dir='ltr'><strong><em>sua</em></strong></span> <span class='ocrx_word' id='word_1_299' title='bbox 1517 3570 1741 3643; x_wconf 89' lang='lat' dir='ltr'><strong><em>prolixa</em></strong></span> <span class='ocrx_word' id='word_1_300' title='bbox 1791 3586 1899 3642; x_wconf 90' lang='lat' dir='ltr'><strong><em>pro</em></strong></span> <span class='ocrx_word' id='word_1_301' title='bbox 1954 3570 2108 3626; x_wconf 88' lang='lat' dir='ltr'><strong><em>utili-</em></strong></span> 
     </span>
    </p>
   </div>
   <div class='ocr_carea' id='block_1_37' title="bbox 398 3655 2107 3715">
    <p class='ocr_par' dir='ltr' id='par_1_37' title="bbox 398 3655 2107 3715">
     <span class='ocr_line' id='line_1_37' title="bbox 398 3655 2107 3715; baseline 0.002 -3"><span class='ocrx_word' id='word_1_302' title='bbox 398 3659 516 3712; x_wconf 88' lang='lat' dir='ltr'><strong><em>tate</em></strong></span> <span class='ocrx_word' id='word_1_303' title='bbox 569 3671 636 3711; x_wconf 90' lang='lat' dir='ltr'><strong><em>ac</em></strong></span> <span class='ocrx_word' id='word_1_304' title='bbox 694 3655 966 3712; x_wconf 86' lang='lat' dir='ltr'><strong><em>felicitate</em></strong></span> <span class='ocrx_word' id='word_1_305' title='bbox 1012 3662 1223 3713; x_wconf 69' lang='lat' dir='ltr'><strong><em>sancta:</em></strong></span> <span class='ocrx_word' id='word_1_306' title='bbox 1293 3658 1553 3715; x_wconf 64' lang='lat' dir='ltr'><strong><em>Ecclesia:</em></strong></span> <span class='ocrx_word' id='word_1_307' title='bbox 1611 3658 1902 3715; x_wconf 68' lang='lat' dir='ltr'><strong><em>catholica:</em></strong></span> <span class='ocrx_word' id='word_1_308' title='bbox 1960 3659 2107 3715; x_wconf 88' lang='lat' dir='ltr'><strong><em>divi-</em></strong></span> 
     </span>
    </p>
   </div>
   <div class='ocr_carea' id='block_1_38' title="bbox 405 3744 2111 3822">
    <p class='ocr_par' dir='ltr' id='par_1_38' title="bbox 405 3744 2111 3822">
     <span class='ocr_line' id='line_1_38' title="bbox 405 3744 2111 3822; baseline 0.002 -22"><span class='ocrx_word' id='word_1_309' title='bbox 405 3744 564 3800; x_wconf 89' lang='lat' dir='ltr'><strong><em>nitus</em></strong></span> <span class='ocrx_word' id='word_1_310' title='bbox 608 3745 954 3812; x_wconf 90' lang='lat' dir='ltr'><strong><em>condonata,</em></strong></span> <span class='ocrx_word' id='word_1_311' title='bbox 1001 3746 1141 3802; x_wconf 87' lang='lat' dir='ltr'><strong><em>vixit</em></strong></span> <span class='ocrx_word' id='word_1_312' title='bbox 1193 3748 1359 3803; x_wconf 88' lang='lat' dir='ltr'><strong><em>anuis</em></strong></span> <span class='ocrx_word' id='word_1_313' title='bbox 1405 3750 1765 3822; x_wconf 77' lang='lat' dir='ltr'><strong><em>septuaginta</em></strong></span> <span class='ocrx_word' id='word_1_314' title='bbox 1809 3753 1868 3804; x_wconf 89' lang='lat' dir='ltr'><strong><em>ct</em></strong></span> <span class='ocrx_word' id='word_1_315' title='bbox 1906 3763 2022 3815; x_wconf 83' lang='lat' dir='ltr'><strong><em>sex,</em></strong></span> <span class='ocrx_word' id='word_1_316' title='bbox 2046 3748 2111 3804; x_wconf 93' lang='lat' dir='ltr'><strong><em>in</em></strong></span> 
     </span>
    </p>
   </div>
   <div class='ocr_carea' id='block_1_39' title="bbox 393 3833 2109 3911">
    <p class='ocr_par' dir='ltr' id='par_1_39' title="bbox 393 3833 2109 3911">
     <span class='ocr_line' id='line_1_39' title="bbox 393 3833 2109 3911; baseline 0.003 -23"><span class='ocrx_word' id='word_1_317' title='bbox 393 3833 663 3889; x_wconf 86' lang='lat' dir='ltr'><strong><em>clericatu</em></strong></span> <span class='ocrx_word' id='word_1_318' title='bbox 697 3839 895 3890; x_wconf 86' lang='lat' dir='ltr'><strong><em>autem</em></strong></span> <span class='ocrx_word' id='word_1_319' title='bbox 949 3836 1039 3891; x_wconf 90' lang='lat' dir='ltr'><strong><em>vel</em></strong></span> <span class='ocrx_word' id='word_1_320' title='bbox 1068 3836 1400 3910; x_wconf 79' lang='lat' dir='ltr'><strong><em>episcopatu</em></strong></span> <span class='ocrx_word' id='word_1_321' title='bbox 1456 3839 1622 3893; x_wconf 89' lang='lat' dir='ltr'><strong><em>annis</em></strong></span> <span class='ocrx_word' id='word_1_322' title='bbox 1658 3839 1837 3894; x_wconf 83' lang='lat' dir='ltr'><strong><em>ferme</em></strong></span> <span class='ocrx_word' id='word_1_323' title='bbox 1866 3839 2109 3911; x_wconf 89' lang='lat' dir='ltr'><strong><em>quadra-</em></strong></span> 
     </span>
    </p>
   </div>
   <div class='ocr_carea' id='block_1_40' title="bbox 401 3921 2111 4000">
    <p class='ocr_par' dir='ltr' id='par_1_40' title="bbox 401 3921 2111 4000">
     <span class='ocr_line' id='line_1_40' title="bbox 401 3921 2111 4000; baseline 0.003 -23"><span class='ocrx_word' id='word_1_324' title='bbox 401 3922 579 3996; x_wconf 90' lang='lat' dir='ltr'><strong><em>ginta.</em></strong></span> <span class='ocrx_word' id='word_1_325' title='bbox 618 3921 814 3978; x_wconf 81' lang='lat' dir='ltr'><strong><em>Dicere</em></strong></span> <span class='ocrx_word' id='word_1_326' title='bbox 842 3928 1035 3979; x_wconf 89' lang='lat' dir='ltr'><strong><em>autem</em></strong></span> <span class='ocrx_word' id='word_1_327' title='bbox 1067 3926 1233 3982; x_wconf 88' lang='lat' dir='ltr'><strong><em>nobis</em></strong></span> <span class='ocrx_word' id='word_1_328' title='bbox 1261 3932 1285 3964; x_wconf 69' lang='grc' dir='ltr'><em>ι</em></span> <span class='ocrx_word' id='word_1_329' title='bbox 1310 3926 1465 3982; x_wconf 88' lang='lat' dir='ltr'><strong><em>inter</em></strong></span> <span class='ocrx_word' id='word_1_330' title='bbox 1490 3927 1798 3983; x_wconf 82' lang='lat' dir='ltr'><strong><em>familiaria</em></strong></span> <span class='ocrx_word' id='word_1_331' title='bbox 1823 3927 2111 4000; x_wconf 89' lang='lat' dir='ltr'><strong><em>colloquia</em></strong></span> 
     </span>
    </p>
   </div>
   <div class='ocr_carea' id='block_1_41' title="bbox 397 4016 2112 4089">
    <p class='ocr_par' dir='ltr' id='par_1_41' title="bbox 397 4016 2112 4089">
     <span class='ocr_line' id='line_1_41' title="bbox 397 4016 2112 4089; baseline 0.002 -21"><span class='ocrx_word' id='word_1_332' title='bbox 397 4017 794 4080; x_wconf 83' lang='lat' dir='ltr'><strong><em>consueverat,</em></strong></span> <span class='ocrx_word' id='word_1_333' title='bbox 826 4018 960 4086; x_wconf 88' lang='lat' dir='ltr'><strong><em>post</em></strong></span> <span class='ocrx_word' id='word_1_334' title='bbox 1003 4021 1340 4088; x_wconf 88' lang='lat' dir='ltr'><strong><em>perceptum</em></strong></span> <span class='ocrx_word' id='word_1_335' title='bbox 1374 4016 1754 4089; x_wconf 87' lang='lat' dir='ltr'><strong><em>Baptismum,</em></strong></span> <span class='ocrx_word' id='word_1_336' title='bbox 1779 4016 1952 4072; x_wconf 88' lang='lat' dir='ltr'><strong><em>etiam</em></strong></span> <span class='ocrx_word' id='word_1_337' title='bbox 1992 4018 2112 4072; x_wconf 89' lang='lat' dir='ltr'><strong><em>lau-</em></strong></span> 
     </span>
    </p>
   </div>
   <div class='ocr_carea' id='block_1_42' title="bbox 397 4098 2114 4175">
    <p class='ocr_par' dir='ltr' id='par_1_42' title="bbox 397 4098 2114 4175">
     <span class='ocr_line' id='line_1_42' title="bbox 397 4098 2114 4175; baseline 0.002 -20"><span class='ocrx_word' id='word_1_338' title='bbox 397 4100 560 4155; x_wconf 90' lang='lat' dir='ltr'><strong><em>datos</em></strong></span> <span class='ocrx_word' id='word_1_339' title='bbox 585 4098 943 4155; x_wconf 86' lang='lat' dir='ltr'><strong><em>Christianos</em></strong></span> <span class='ocrx_word' id='word_1_340' title='bbox 963 4098 989 4135; x_wconf 80' lang='grc'>⁸</span> <span class='ocrx_word' id='word_1_341' title='bbox 1017 4105 1074 4155; x_wconf 89' lang='lat' dir='ltr'><strong><em>et</em></strong></span> <span class='ocrx_word' id='word_1_342' title='bbox 1102 4103 1424 4158; x_wconf 84' lang='lat' dir='ltr'><strong><em>sacerdotes</em></strong></span> <span class='ocrx_word' id='word_1_343' title='bbox 1444 4102 1661 4175; x_wconf 82' lang='lat' dir='ltr'><strong><em>absque</em></strong></span> <span class='ocrx_word' id='word_1_344' title='bbox 1682 4104 1855 4175; x_wconf 84' lang='lat' dir='ltr'><strong><em>digna</em></strong></span> <span class='ocrx_word' id='word_1_345' title='bbox 1878 4108 1936 4158; x_wconf 90' lang='lat' dir='ltr'><strong><em>et</em></strong></span> <span class='ocrx_word' id='word_1_346' title='bbox 1963 4119 2114 4158; x_wconf 91' lang='lat' dir='ltr'><strong><em>com-</em></strong></span> 
     </span>
    </p>
   </div>
   <div class='ocr_carea' id='block_1_43' title="bbox 392 4187 2113 4264">
    <p class='ocr_par' dir='ltr' id='par_1_43' title="bbox 392 4187 2113 4264">
     <span class='ocr_line' id='line_1_43' title="bbox 392 4187 2113 4264; baseline 0.003 -22"><span class='ocrx_word' id='word_1_347' title='bbox 392 4187 619 4260; x_wconf 85' lang='lat' dir='ltr'><strong><em>petenti</em></strong></span> <span class='ocrx_word' id='word_1_348' title='bbox 648 4189 994 4260; x_wconf 72' lang='lat' dir='ltr'><strong><em>pmnitentia</em></strong></span> <span class='ocrx_word' id='word_1_349' title='bbox 1025 4191 1175 4244; x_wconf 83' lang='lat' dir='ltr'><strong><em>exire</em></strong></span> <span class='ocrx_word' id='word_1_350' title='bbox 1197 4191 1267 4246; x_wconf 89' lang='lat' dir='ltr'><strong><em>de</em></strong></span> <span class='ocrx_word' id='word_1_351' title='bbox 1290 4208 1524 4264; x_wconf 87' lang='lat' dir='ltr'><strong><em>corpore</em></strong></span> <span class='ocrx_word' id='word_1_352' title='bbox 1549 4209 1666 4248; x_wconf 89' lang='lat' dir='ltr'><strong><em>non</em></strong></span> <span class='ocrx_word' id='word_1_353' title='bbox 1692 4192 1920 4248; x_wconf 81' lang='lat' dir='ltr'><strong><em>debere.</em></strong></span> <span class='ocrx_word' id='word_1_354' title='bbox 1951 4193 2113 4257; x_wconf 85' lang='lat' dir='ltr'><strong><em>Quod</em></strong></span> 
     </span>
    </p>
   </div>
   <div class='ocr_carea' id='block_1_44' title="bbox 376 4276 2110 4353">
    <p class='ocr_par' dir='ltr' id='par_1_44' title="bbox 376 4276 2110 4353">
     <span class='ocr_line' id='line_1_44' title="bbox 376 4276 2110 4353; baseline 0.002 -21"><span class='ocrx_word' id='word_1_355' title='bbox 376 4282 438 4334; x_wconf 87' lang='lat' dir='ltr'><strong><em>et</em></strong></span> <span class='ocrx_word' id='word_1_356' title='bbox 463 4276 588 4349; x_wconf 89' lang='lat' dir='ltr'><strong><em>ipse</em></strong></span> <span class='ocrx_word' id='word_1_357' title='bbox 662 4276 819 4341; x_wconf 83' lang='lat' dir='ltr'><strong><em>fecit,</em></strong></span> <span class='ocrx_word' id='word_1_358' title='bbox 869 4278 1078 4333; x_wconf 89' lang='lat' dir='ltr'><strong><em>ultima</em></strong></span> <span class='ocrx_word' id='word_1_359' title='bbox 1116 4295 1230 4350; x_wconf 90' lang='lat' dir='ltr'><strong><em>qua</em></strong></span> <span class='ocrx_word' id='word_1_360' title='bbox 1258 4280 1560 4335; x_wconf 85' lang='lat' dir='ltr'><strong><em>defunctus</em></strong></span> <span class='ocrx_word' id='word_1_361' title='bbox 1588 4286 1675 4336; x_wconf 88' lang='lat' dir='ltr'><strong><em>est</em></strong></span> <span class='ocrx_word' id='word_1_362' title='bbox 1729 4281 2110 4353; x_wconf 58' lang='lat' dir='ltr'><strong><em>aegritudine:</em></strong></span> 
     </span>
    </p>
   </div>
   <div class='ocr_carea' id='block_1_45' title="bbox 402 4368 2111 4442">
    <p class='ocr_par' dir='ltr' id='par_1_45' title="bbox 402 4368 2111 4442">
     <span class='ocr_line' id='line_1_45' title="bbox 402 4368 2111 4442; baseline 0.001 -19"><span class='ocrx_word' id='word_1_363' title='bbox 402 4384 542 4429; x_wconf 87' lang='lat' dir='ltr'><strong><em>nam</em></strong></span> <span class='ocrx_word' id='word_1_364' title='bbox 574 4368 682 4424; x_wconf 87' lang='lat' dir='ltr'><strong><em>sibi</em></strong></span> <span class='ocrx_word' id='word_1_365' title='bbox 723 4368 975 4440; x_wconf 88' lang='lat' dir='ltr'><strong><em>jusserat</em></strong></span> <span class='ocrx_word' id='word_1_366' title='bbox 1029 4368 1281 4424; x_wconf 88' lang='lat' dir='ltr'><strong><em>Psalmos</em></strong></span> <span class='ocrx_word' id='word_1_367' title='bbox 1313 4369 1624 4437; x_wconf 88' lang='lat' dir='ltr'><strong><em>Davidicos,</em></strong></span> <span class='ocrx_word' id='word_1_368' title='bbox 1672 4369 1773 4442; x_wconf 90' lang='lat' dir='ltr'><strong><em>qui</em></strong></span> <span class='ocrx_word' id='word_1_369' title='bbox 1811 4374 1944 4425; x_wconf 89' lang='lat' dir='ltr'><strong><em>sunt</em></strong></span> <span class='ocrx_word' id='word_1_370' title='bbox 1969 4386 2111 4442; x_wconf 87' lang='lat' dir='ltr'><strong><em>pau-</em></strong></span> 
     </span>
    </p>
   </div>
   <div class='ocr_carea' id='block_1_46' title="bbox 405 4455 2116 4530">
    <p class='ocr_par' dir='ltr' id='par_1_46' title="bbox 405 4455 2116 4530">
     <span class='ocr_line' id='line_1_46' title="bbox 405 4455 2116 4530; baseline 0.002 -20"><span class='ocrx_word' id='word_1_371' title='bbox 405 4455 622 4511; x_wconf 87' lang='lat' dir='ltr'><strong><em>cissimi</em></strong></span> <span class='ocrx_word' id='word_1_372' title='bbox 653 4456 724 4513; x_wconf 90' lang='lat' dir='ltr'><strong><em>de</em></strong></span> <span class='ocrx_word' id='word_1_373' title='bbox 766 4456 1125 4528; x_wconf 66' lang='lat' dir='ltr'><strong><em>panitentia,</em></strong></span> <span class='ocrx_word' id='word_1_374' title='bbox 1169 4457 1359 4521; x_wconf 63' lang='lat' dir='ltr'><strong><em>scribi,</em></strong></span> <span class='ocrx_word' id='word_1_375' title='bbox 1404 4457 1675 4529; x_wconf 88' lang='lat' dir='ltr'><strong><em>ipsosque</em></strong></span> <span class='ocrx_word' id='word_1_376' title='bbox 1712 4458 2116 4530; x_wconf 82' lang='lat' dir='ltr'><strong><em>quaterniones</em></strong></span> 
     </span>
    </p>
   </div>
   <div class='ocr_carea' id='block_1_47' title="bbox 394 4546 2114 4620">
    <p class='ocr_par' dir='ltr' id='par_1_47' title="bbox 394 4546 2114 4620">
     <span class='ocr_line' id='line_1_47' title="bbox 394 4546 2114 4620; baseline 0.001 -19"><span class='ocrx_word' id='word_1_377' title='bbox 394 4547 596 4618; x_wconf 88' lang='lat' dir='ltr'><strong><em>jacens</em></strong></span> <span class='ocrx_word' id='word_1_378' title='bbox 627 4546 689 4602; x_wconf 92' lang='lat' dir='ltr'><strong><em>in</em></strong></span> <span class='ocrx_word' id='word_1_379' title='bbox 720 4547 868 4603; x_wconf 89' lang='lat' dir='ltr'><strong><em>lecto</em></strong></span> <span class='ocrx_word' id='word_1_380' title='bbox 897 4550 1093 4602; x_wconf 88' lang='lat' dir='ltr'><strong><em>contra</em></strong></span> <span class='ocrx_word' id='word_1_381' title='bbox 1122 4547 1401 4620; x_wconf 77' lang='lat' dir='ltr'><strong><em>parietem</em></strong></span> <span class='ocrx_word' id='word_1_382' title='bbox 1448 4547 1667 4620; x_wconf 87' lang='lat' dir='ltr'><strong><em>positos</em></strong></span> <span class='ocrx_word' id='word_1_383' title='bbox 1693 4549 1718 4583; x_wconf 83' lang='grc'><strong><em>⁸</em></strong></span> <span class='ocrx_word' id='word_1_384' title='bbox 1745 4548 1955 4604; x_wconf 82' lang='lat' dir='ltr'><strong><em>diebus</em></strong></span> <span class='ocrx_word' id='word_1_385' title='bbox 1997 4564 2114 4604; x_wconf 59' lang='lat' dir='ltr'><strong><em>suae</em></strong></span> 
     </span>
    </p>
   </div>
   <div class='ocr_carea' id='block_1_48' title="bbox 406 4634 2115 4709">
    <p class='ocr_par' dir='ltr' id='par_1_48' title="bbox 406 4634 2115 4709">
     <span class='ocr_line' id='line_1_48' title="bbox 406 4634 2115 4709; baseline 0.001 -20"><span class='ocrx_word' id='word_1_386' title='bbox 406 4634 764 4690; x_wconf 86' lang='lat' dir='ltr'><strong><em>inﬁrmitatis</em></strong></span> <span class='ocrx_word' id='word_1_387' title='bbox 778 4635 1137 4698; x_wconf 83' lang='lat' dir='ltr'><strong><em>intuebatur.</em></strong></span> <span class='ocrx_word' id='word_1_388' title='bbox 1167 4641 1224 4691; x_wconf 90' lang='lat' dir='ltr'><strong><em>et</em></strong></span> <span class='ocrx_word' id='word_1_389' title='bbox 1250 4637 1497 4709; x_wconf 78' lang='lat' dir='ltr'><strong><em>legebat,</em></strong></span> <span class='ocrx_word' id='word_1_390' title='bbox 1529 4641 1588 4692; x_wconf 88' lang='lat' dir='ltr'><strong><em>et</em></strong></span> <span class='ocrx_word' id='word_1_391' title='bbox 1607 4637 1828 4709; x_wconf 88' lang='lat' dir='ltr'><strong><em>jugiter</em></strong></span> <span class='ocrx_word' id='word_1_392' title='bbox 1856 4654 1920 4692; x_wconf 89' lang='lat' dir='ltr'><strong><em>ac</em></strong></span> <span class='ocrx_word' id='word_1_393' title='bbox 1946 4636 2115 4693; x_wconf 88' lang='lat' dir='ltr'><strong><em>uber-</em></strong></span> 
     </span>
    </p>
   </div>
   <div class='ocr_carea' id='block_1_49' title="bbox 405 4723 2111 4799">
    <p class='ocr_par' dir='ltr' id='par_1_49' title="bbox 405 4723 2111 4799">
     <span class='ocr_line' id='line_1_49' title="bbox 405 4723 2111 4799; baseline 0.002 -20"><span class='ocrx_word' id='word_1_394' title='bbox 405 4723 509 4780; x_wconf 89' lang='lat' dir='ltr'><strong><em>tim</em></strong></span> <span class='ocrx_word' id='word_1_395' title='bbox 531 4724 706 4780; x_wconf 81' lang='lat' dir='ltr'><strong><em>ﬂebat</em></strong></span> <span class='ocrx_word' id='word_1_396' title='bbox 726 4741 740 4780; x_wconf 93' lang='lat'><strong><em>:</em></strong></span> <span class='ocrx_word' id='word_1_397' title='bbox 765 4730 823 4780; x_wconf 90' lang='lat' dir='ltr'><strong><em>et</em></strong></span> <span class='ocrx_word' id='word_1_398' title='bbox 850 4741 924 4781; x_wconf 87' lang='lat' dir='ltr'><strong><em>ne</em></strong></span> <span class='ocrx_word' id='word_1_399' title='bbox 945 4725 1192 4781; x_wconf 85' lang='lat' dir='ltr'><strong><em>intentio</em></strong></span> <span class='ocrx_word' id='word_1_400' title='bbox 1212 4727 1336 4798; x_wconf 88' lang='lat' dir='ltr'><strong><em>ejus</em></strong></span> <span class='ocrx_word' id='word_1_401' title='bbox 1350 4743 1384 4781; x_wconf 88' lang='lat' dir='ltr'><strong><em>a</em></strong></span> <span class='ocrx_word' id='word_1_402' title='bbox 1403 4742 1694 4799; x_wconf 88' lang='lat' dir='ltr'><strong><em>quoquam</em></strong></span> <span class='ocrx_word' id='word_1_403' title='bbox 1715 4726 2111 4799; x_wconf 83' lang='lat' dir='ltr'><strong><em>impediretur,</em></strong></span> 
     </span>
    </p>
   </div>
   <div class='ocr_carea' id='block_1_50' title="bbox 408 4812 2114 4889">
    <p class='ocr_par' dir='ltr' id='par_1_50' title="bbox 408 4812 2114 4889">
     <span class='ocr_line' id='line_1_50' title="bbox 408 4812 2114 4889; baseline 0.004 -23"><span class='ocrx_word' id='word_1_404' title='bbox 408 4816 541 4869; x_wconf 84' lang='lat' dir='ltr'><strong><em>ante</em></strong></span> <span class='ocrx_word' id='word_1_405' title='bbox 569 4812 690 4868; x_wconf 87' lang='lat' dir='ltr'><strong><em>dies</em></strong></span> <span class='ocrx_word' id='word_1_406' title='bbox 719 4813 899 4870; x_wconf 89' lang='lat' dir='ltr'><strong><em>ferme</em></strong></span> <span class='ocrx_word' id='word_1_407' title='bbox 929 4814 1126 4871; x_wconf 87' lang='lat' dir='ltr'><strong><em>decem</em></strong></span> <span class='ocrx_word' id='word_1_408' title='bbox 1156 4831 1331 4886; x_wconf 89' lang='lat' dir='ltr'><strong><em>quam</em></strong></span> <span class='ocrx_word' id='word_1_409' title='bbox 1360 4816 1538 4871; x_wconf 81' lang='lat' dir='ltr'><strong><em>exiret</em></strong></span> <span class='ocrx_word' id='word_1_410' title='bbox 1568 4815 1637 4871; x_wconf 92' lang='lat' dir='ltr'><strong><em>de</em></strong></span> <span class='ocrx_word' id='word_1_411' title='bbox 1666 4831 1928 4889; x_wconf 87' lang='lat' dir='ltr'><strong><em>corpore,</em></strong></span> <span class='ocrx_word' id='word_1_412' title='bbox 1949 4833 1984 4871; x_wconf 90' lang='lat' dir='ltr'><strong><em>a</em></strong></span> <span class='ocrx_word' id='word_1_413' title='bbox 2008 4832 2114 4872; x_wconf 91' lang='lat' dir='ltr'><strong><em>no-</em></strong></span> 
     </span>
    </p>
   </div>
   <div class='ocr_carea' id='block_1_51' title="bbox 466 4979 2119 5048">
    <p class='ocr_par' dir='ltr' id='par_1_51' title="bbox 466 4979 2119 5048">
     <span class='ocr_line' id='line_1_51' title="bbox 466 4979 2119 5048; baseline 0.005 -19"><span class='ocrx_word' id='word_1_414' title='bbox 466 4982 483 5048; x_wconf 79' lang='lat'><strong><em>_1</em></strong></span> <span class='ocrx_word' id='word_1_415' title='bbox 516 4979 746 5048; x_wconf 75' lang='lat' dir='ltr'><strong><em>Salinas,</em></strong></span> <span class='ocrx_word' id='word_1_416' title='bbox 772 4994 838 5031; x_wconf 89' lang='lat' dir='ltr'><strong><em>ex</em></strong></span> <span class='ocrx_word' id='word_1_417' title='bbox 861 4980 955 5048; x_wconf 62' lang='lat' dir='ltr'><strong><em>ea.</em></strong></span> <span class='ocrx_word' id='word_1_418' title='bbox 977 4982 1108 5046; x_wconf 82' lang='lat' dir='ltr'><strong><em>Reg.</em></strong></span> <span class='ocrx_word' id='word_1_419' title='bbox 1124 4983 1245 5032; x_wconf 82' lang='grc'><strong>1025</strong></span> <span class='ocrx_word' id='word_1_420' title='bbox 1267 4996 1280 5031; x_wconf 92' lang='lat'><strong><em>:</em></strong></span> <span class='ocrx_word' id='word_1_421' title='bbox 1301 4984 1382 5033; x_wconf 84' lang='lat' dir='ltr'><strong><em>De</em></strong></span> <span class='ocrx_word' id='word_1_422' title='bbox 1405 4982 1647 5035; x_wconf 80' lang='lat' dir='ltr'><strong><em>absentia</em></strong></span> <span class='ocrx_word' id='word_1_423' title='bbox 1666 4984 2044 5048; x_wconf 74' lang='lat' dir='ltr'><strong><em>mysteriorum</em></strong></span> <span class='ocrx_word' id='word_1_424' title='bbox 2063 4989 2119 5037; x_wconf 84' lang='lat' dir='ltr'><strong><em>et</em></strong></span> 
     </span>
    </p>
   </div>
   <div class='ocr_carea' id='block_1_52' title="bbox 393 5042 926 5094">
    <p class='ocr_par' dir='ltr' id='par_1_52' title="bbox 393 5042 926 5094">
     <span class='ocr_line' id='line_1_52' title="bbox 393 5042 926 5094; baseline 0 0"><span class='ocrx_word' id='word_1_425' title='bbox 393 5042 805 5094; x_wconf 78' lang='lat' dir='ltr'><strong><em>ministrorum.</em></strong></span> <span class='ocrx_word' id='word_1_426' title='bbox 877 5043 926 5094; x_wconf 87' lang='lat' dir='ltr'><strong><em>M</em></strong></span> 
     </span>
    </p>
   </div>
   <div class='ocr_carea' id='block_1_53' title="bbox 459 5078 1742 5168">
    <p class='ocr_par' dir='ltr' id='par_1_53' title="bbox 459 5078 1742 5168">
     <span class='ocr_line' id='line_1_53' title="bbox 459 5078 1742 5168; baseline 0.005 -15"><span class='ocrx_word' id='word_1_427' title='bbox 459 5078 828 5168; x_wconf 60' lang='grc' dir='ltr'><strong><em>ἵξᾶιίἷιέιέῗὶὶ</em></strong></span> <span class='ocrx_word' id='word_1_428' title='bbox 984 5106 1112 5168; x_wconf 78' lang='lat' dir='ltr'><strong><em>Reg.</em></strong></span> <span class='ocrx_word' id='word_1_429' title='bbox 1146 5107 1256 5164; x_wconf 74' lang='lat' dir='ltr'><strong><em>su.</em></strong></span> <span class='ocrx_word' id='word_1_430' title='bbox 1289 5118 1398 5157; x_wconf 85' lang='lat' dir='ltr'><strong><em>non</em></strong></span> <span class='ocrx_word' id='word_1_431' title='bbox 1437 5106 1608 5157; x_wconf 78' lang='lat' dir='ltr'><strong><em>multi.</em></strong></span> <span class='ocrx_word' id='word_1_432' title='bbox 1673 5108 1742 5159; x_wconf 84' lang='lat' dir='ltr'><strong><em>M.</em></strong></span> 
     </span>
    </p>
   </div>
   <div class='ocr_carea' id='block_1_54' title="bbox 452 5167 2114 5234">
    <p class='ocr_par' dir='ltr' id='par_1_54' title="bbox 452 5167 2114 5234">
     <span class='ocr_line' id='line_1_54' title="bbox 452 5167 2114 5234; baseline 0.002 -16"><span class='ocrx_word' id='word_1_433' title='bbox 452 5170 475 5204; x_wconf 79' lang='grc'><strong>³</strong></span> <span class='ocrx_word' id='word_1_434' title='bbox 510 5167 739 5228; x_wconf 85' lang='lat' dir='ltr'><strong><em>Salinas,</em></strong></span> <span class='ocrx_word' id='word_1_435' title='bbox 760 5182 823 5218; x_wconf 90' lang='lat' dir='ltr'><strong><em>ex</em></strong></span> <span class='ocrx_word' id='word_1_436' title='bbox 844 5167 1076 5232; x_wconf 83' lang='lat' dir='ltr'><strong><em>utroque</em></strong></span> <span class='ocrx_word' id='word_1_437' title='bbox 1088 5168 1186 5219; x_wconf 86' lang='lat' dir='ltr'><strong><em>Cd.</em></strong></span> <span class='ocrx_word' id='word_1_438' title='bbox 1212 5169 1342 5232; x_wconf 77' lang='lat' dir='ltr'><strong><em>Reg.</em></strong></span> <span class='ocrx_word' id='word_1_439' title='bbox 1367 5184 1378 5217; x_wconf 95' lang='lat'><strong><em>:</em></strong></span> <span class='ocrx_word' id='word_1_440' title='bbox 1404 5171 1522 5220; x_wconf 74' lang='lat' dir='ltr'><strong><em>It‘on</em></strong></span> <span class='ocrx_word' id='word_1_441' title='bbox 1546 5171 1683 5234; x_wconf 71' lang='lat' dir='ltr'><strong><em>quod</em></strong></span> <span class='ocrx_word' id='word_1_442' title='bbox 1699 5167 1839 5222; x_wconf 85' lang='lat' dir='ltr'><strong><em>mihi</em></strong></span> <span class='ocrx_word' id='word_1_443' title='bbox 1856 5171 1993 5223; x_wconf 78' lang='lat' dir='ltr'><strong><em>utile</em></strong></span> <span class='ocrx_word' id='word_1_444' title='bbox 2017 5176 2114 5224; x_wconf 87' lang='lat' dir='ltr'><strong><em>est.</em></strong></span> 
     </span>
    </p>
   </div>
   <div class='ocr_carea' id='block_1_55' title="bbox 390 5234 2118 5407">
    <p class='ocr_par' dir='ltr' id='par_1_55' title="bbox 390 5234 2118 5407">
     <span class='ocr_line' id='line_1_55' title="bbox 390 5234 2118 5407; baseline 0.002 -65"><span class='ocrx_word' id='word_1_445' title='bbox 390 5291 726 5407; x_wconf 52' lang='lat' dir='ltr'><strong><em>&quot;;ecnqdices</em></strong></span> <span class='ocrx_word' id='word_1_446' title='bbox 753 5292 877 5343; x_wconf 84' lang='lat' dir='ltr'><strong><em>Mss.</em></strong></span> <span class='ocrx_word' id='word_1_447' title='bbox 903 5307 915 5341; x_wconf 93' lang='lat'><strong><em>:</em></strong></span> <span class='ocrx_word' id='word_1_448' title='bbox 940 5294 1080 5344; x_wconf 80' lang='lat' dir='ltr'><strong><em>Nam</em></strong></span> <span class='ocrx_word' id='word_1_449' title='bbox 1099 5295 1238 5344; x_wconf 77' lang='lat' dir='ltr'><strong><em>rixtt</em></strong></span> <span class='ocrx_word' id='word_1_450' title='bbox 1256 5293 1479 5344; x_wconf 81' lang='lat' dir='ltr'><strong><em>annis...</em></strong></span> <span class='ocrx_word' id='word_1_451' title='bbox 1502 5293 1680 5346; x_wconf 86' lang='lat' dir='ltr'><strong><em>dicere</em></strong></span> <span class='ocrx_word' id='word_1_452' title='bbox 1692 5294 1852 5347; x_wconf 81' lang='lat' dir='ltr'><strong><em>nobis</em></strong></span> <span class='ocrx_word' id='word_1_453' title='bbox 1863 5312 1885 5354; x_wconf 84' lang='lat'><em>;</em></span> <span class='ocrx_word' id='word_1_454' title='bbox 1902 5234 2118 5351; x_wconf 47' lang='lat' dir='ltr'><strong><em>oblinam.</em></strong></span> 
     </span>
    </p>
   </div>
   <div class='ocr_carea' id='block_1_56' title="bbox 455 5415 2118 5481">
    <p class='ocr_par' dir='ltr' id='par_1_56' title="bbox 455 5415 2118 5481">
     <span class='ocr_line' id='line_1_56' title="bbox 455 5415 2118 5481; baseline 0.001 -13"><span class='ocrx_word' id='word_1_455' title='bbox 455 5420 477 5453; x_wconf 70' lang='grc'><strong><em>⁵</em></strong></span> <span class='ocrx_word' id='word_1_456' title='bbox 506 5418 735 5481; x_wconf 80' lang='lat' dir='ltr'><strong><em>salinas,</em></strong></span> <span class='ocrx_word' id='word_1_457' title='bbox 755 5431 822 5468; x_wconf 89' lang='lat' dir='ltr'><strong><em>ex</em></strong></span> <span class='ocrx_word' id='word_1_458' title='bbox 838 5415 1075 5481; x_wconf 73' lang='lat' dir='ltr'><strong><em>Cd.Iteg.</em></strong></span> <span class='ocrx_word' id='word_1_459' title='bbox 1098 5420 1184 5468; x_wconf 74' lang='lat' dir='ltr'><strong><em>5t!</em></strong></span> <span class='ocrx_word' id='word_1_460' title='bbox 1211 5436 1225 5468; x_wconf 92' lang='lat'><strong><em>:</em></strong></span> <span class='ocrx_word' id='word_1_461' title='bbox 1249 5418 1433 5469; x_wconf 80' lang='lat' dir='ltr'><strong><em>Etiam</em></strong></span> <span class='ocrx_word' id='word_1_462' title='bbox 1456 5418 1550 5470; x_wconf 87' lang='lat' dir='ltr'><strong><em>lau</em></strong></span> <span class='ocrx_word' id='word_1_463' title='bbox 1564 5418 1750 5471; x_wconf 81' lang='lat' dir='ltr'><strong><em>dabitis</em></strong></span> <span class='ocrx_word' id='word_1_464' title='bbox 1761 5422 2118 5474; x_wconf 81' lang='lat' dir='ltr'><strong><em>conversatio-</em></strong></span> 
     </span>
    </p>
   </div>
   <div class='ocr_carea' id='block_1_57' title="bbox 393 5479 1014 5531">
    <p class='ocr_par' dir='ltr' id='par_1_57' title="bbox 393 5479 1014 5531">
     <span class='ocr_line' id='line_1_57' title="bbox 393 5479 1014 5531; baseline 0.002 -3"><span class='ocrx_word' id='word_1_465' title='bbox 393 5480 481 5528; x_wconf 84' lang='lat' dir='ltr'><strong><em>nis</em></strong></span> <span class='ocrx_word' id='word_1_466' title='bbox 509 5479 878 5531; x_wconf 81' lang='lat' dir='ltr'><strong><em>Christianos.</em></strong></span> <span class='ocrx_word' id='word_1_467' title='bbox 945 5480 1014 5530; x_wconf 84' lang='lat' dir='ltr'><strong><em>M.</em></strong></span> 
     </span>
    </p>
   </div>
   <div class='ocr_carea' id='block_1_58' title="bbox 383 5541 2121 5667">
    <p class='ocr_par' dir='ltr' id='par_1_58' title="bbox 383 5541 2121 5667">
     <span class='ocr_line' id='line_1_58' title="bbox 383 5541 2121 5667; baseline 0.003 -76"><span class='ocrx_word' id='word_1_468' title='bbox 383 5541 739 5667; x_wconf 50' lang='lat' dir='ltr'><strong><em>pozigalinﬁs,</em></strong></span> <span class='ocrx_word' id='word_1_469' title='bbox 771 5555 838 5593; x_wconf 87' lang='lat' dir='ltr'><strong><em>ex</em></strong></span> <span class='ocrx_word' id='word_1_470' title='bbox 867 5541 962 5591; x_wconf 90' lang='lat' dir='ltr'><strong><em>Cd.</em></strong></span> <span class='ocrx_word' id='word_1_471' title='bbox 1000 5541 1168 5592; x_wconf 81' lang='lat' dir='ltr'><strong><em>Vatic.</em></strong></span> <span class='ocrx_word' id='word_1_472' title='bbox 1195 5544 1314 5593; x_wconf 83' lang='grc'><strong>1188</strong></span> <span class='ocrx_word' id='word_1_473' title='bbox 1341 5556 1355 5591; x_wconf 90' lang='lat'><strong><em>:</em></strong></span> <span class='ocrx_word' id='word_1_474' title='bbox 1386 5543 1451 5593; x_wconf 82' lang='lat' dir='ltr'><strong><em>In</em></strong></span> <span class='ocrx_word' id='word_1_475' title='bbox 1475 5544 1608 5596; x_wconf 82' lang='lat' dir='ltr'><strong><em>tecto</em></strong></span> <span class='ocrx_word' id='word_1_476' title='bbox 1629 5547 1823 5597; x_wconf 80' lang='lat' dir='ltr'><strong><em>contra</em></strong></span> <span class='ocrx_word' id='word_1_477' title='bbox 1842 5548 2121 5610; x_wconf 81' lang='lat' dir='ltr'><strong><em>parietem</em></strong></span> 
     </span>
    </p>
   </div>
   <div class='ocr_carea' id='block_1_59' title="bbox 470 5716 2121 5789">
    <p class='ocr_par' dir='ltr' id='par_1_59' title="bbox 470 5716 2121 5789">
     <span class='ocr_line' id='line_1_59' title="bbox 470 5716 2121 5789; baseline 0.002 -22"><span class='ocrx_word' id='word_1_478' title='bbox 470 5716 793 5789; x_wconf 64' lang='lat' dir='ltr'><strong><em>(a)_Cteter_a</em></strong></span> <span class='ocrx_word' id='word_1_479' title='bbox 811 5720 987 5789; x_wconf 75' lang='lat' dir='ltr'><strong><em>videre</em></strong></span> <span class='ocrx_word' id='word_1_480' title='bbox 1022 5724 1103 5771; x_wconf 88' lang='lat' dir='ltr'><strong><em>est</em></strong></span> <span class='ocrx_word' id='word_1_481' title='bbox 1136 5722 1188 5770; x_wconf 90' lang='lat' dir='ltr'><strong><em>in</em></strong></span> <span class='ocrx_word' id='word_1_482' title='bbox 1228 5725 1375 5772; x_wconf 89' lang='lat' dir='ltr'><strong><em>tomo</em></strong></span> <span class='ocrx_word' id='word_1_483' title='bbox 1404 5722 1656 5784; x_wconf 85' lang='lat' dir='ltr'><strong><em>secundo,</em></strong></span> <span class='ocrx_word' id='word_1_484' title='bbox 1695 5723 1845 5789; x_wconf 81' lang='lat' dir='ltr'><strong><em>epist.</em></strong></span> <span class='ocrx_word' id='word_1_485' title='bbox 1884 5724 1994 5782; x_wconf 81' lang='grc'><strong>228,</strong></span> <span class='ocrx_word' id='word_1_486' title='bbox 2026 5735 2121 5772; x_wconf 90' lang='lat' dir='ltr'><strong><em>nn.</em></strong></span> 
     </span>
    </p>
   </div>
   <div class='ocr_carea' id='block_1_60' title="bbox 414 5781 979 5841">
    <p class='ocr_par' dir='ltr' id='par_1_60' title="bbox 414 5781 979 5841">
     <span class='ocr_line' id='line_1_60' title="bbox 414 5781 979 5841; baseline 0.004 -11"><span class='ocrx_word' id='word_1_487' title='bbox 414 5781 492 5839; x_wconf 78' lang='lat' dir='ltr'><strong><em>tt),</em></strong></span> <span class='ocrx_word' id='word_1_488' title='bbox 524 5781 603 5840; x_wconf 79' lang='grc' dir='ltr'><strong>Η,</strong></span> <span class='ocrx_word' id='word_1_489' title='bbox 635 5782 797 5841; x_wconf 67' lang='lat'><strong><em>42,13</em></strong></span> <span class='ocrx_word' id='word_1_490' title='bbox 825 5786 878 5832; x_wconf 85' lang='lat' dir='ltr'><strong><em>et</em></strong></span> <span class='ocrx_word' id='word_1_491' title='bbox 902 5784 979 5832; x_wconf 73' lang='grc'><strong><em>14.</em></strong></span> 
     </span>
    </p>
   </div>
   <div class='ocr_carea' id='block_1_61' title="bbox 2197 432 3918 509">
    <p class='ocr_par' dir='ltr' id='par_1_61' title="bbox 2197 432 3918 509">
     <span class='ocr_line' id='line_1_61' title="bbox 2197 432 3918 509; baseline -0.004 -16"><span class='ocrx_word' id='word_1_492' title='bbox 2197 438 2286 493; x_wconf 90' lang='lat' dir='ltr'><strong><em>bis</em></strong></span> <span class='ocrx_word' id='word_1_493' title='bbox 2330 435 2643 509; x_wconf 83' lang='lat' dir='ltr'><strong><em>postulavit</em></strong></span> <span class='ocrx_word' id='word_1_494' title='bbox 2667 434 3070 507; x_wconf 65' lang='lat' dir='ltr'><strong><em>praesentibus,</em></strong></span> <span class='ocrx_word' id='word_1_495' title='bbox 3099 449 3175 490; x_wconf 87' lang='lat' dir='ltr'><strong><em>ne</em></strong></span> <span class='ocrx_word' id='word_1_496' title='bbox 3204 434 3335 506; x_wconf 83' lang='lat' dir='ltr'><strong><em>quis</em></strong></span> <span class='ocrx_word' id='word_1_497' title='bbox 3365 434 3435 490; x_wconf 83' lang='lat' dir='ltr'><strong><em>ad</em></strong></span> <span class='ocrx_word' id='word_1_498' title='bbox 3466 449 3598 489; x_wconf 89' lang='lat' dir='ltr'><strong><em>eum</em></strong></span> <span class='ocrx_word' id='word_1_499' title='bbox 3645 432 3918 505; x_wconf 80' lang='lat' dir='ltr'><strong><em>ingrede-</em></strong></span> 
     </span>
    </p>
   </div>
   <div class='ocr_carea' id='block_1_62' title="bbox 2203 520 3918 595">
    <p class='ocr_par' dir='ltr' id='par_1_62' title="bbox 2203 520 3918 595">
     <span class='ocr_line' id='line_1_62' title="bbox 2203 520 3918 595; baseline -0.004 -13"><span class='ocrx_word' id='word_1_500' title='bbox 2203 531 2383 594; x_wconf 85' lang='lat' dir='ltr'><strong><em>retur,</em></strong></span> <span class='ocrx_word' id='word_1_501' title='bbox 2418 524 2527 580; x_wconf 86' lang='lat' dir='ltr'><strong><em>nisi</em></strong></span> <span class='ocrx_word' id='word_1_502' title='bbox 2574 523 2645 579; x_wconf 89' lang='lat' dir='ltr'><strong><em>iis</em></strong></span> <span class='ocrx_word' id='word_1_503' title='bbox 2683 528 2909 578; x_wconf 89' lang='lat' dir='ltr'><strong><em>tantum</em></strong></span> <span class='ocrx_word' id='word_1_504' title='bbox 2950 523 3133 592; x_wconf 89' lang='lat' dir='ltr'><strong><em>horis,</em></strong></span> <span class='ocrx_word' id='word_1_505' title='bbox 3164 523 3374 595; x_wconf 85' lang='lat' dir='ltr'><strong><em>quibus</em></strong></span> <span class='ocrx_word' id='word_1_506' title='bbox 3402 522 3608 579; x_wconf 89' lang='lat' dir='ltr'><strong><em>medici</em></strong></span> <span class='ocrx_word' id='word_1_507' title='bbox 3643 523 3715 578; x_wconf 87' lang='lat' dir='ltr'><strong><em>ad</em></strong></span> <span class='ocrx_word' id='word_1_508' title='bbox 3748 520 3918 592; x_wconf 85' lang='lat' dir='ltr'><strong><em>inspi-</em></strong></span> 
     </span>
    </p>
   </div>
   <div class='ocr_carea' id='block_1_63' title="bbox 2202 610 3999 677">
    <p class='ocr_par' dir='ltr' id='par_1_63' title="bbox 2202 610 3999 677">
     <span class='ocr_line' id='line_1_63' title="bbox 2202 610 3999 677; baseline -0.003 -7"><span class='ocrx_word' id='word_1_509' title='bbox 2202 614 2468 670; x_wconf 90' lang='lat' dir='ltr'><strong><em>ciendum</em></strong></span> <span class='ocrx_word' id='word_1_510' title='bbox 2498 613 2781 668; x_wconf 85' lang='lat' dir='ltr'><strong><em>intrarent</em></strong></span> <span class='ocrx_word' id='word_1_511' title='bbox 2810 614 2851 677; x_wconf 76' lang='grc' dir='ltr'><strong>ί,</strong></span> <span class='ocrx_word' id='word_1_512' title='bbox 2872 611 2961 666; x_wconf 87' lang='lat' dir='ltr'><strong><em>vel</em></strong></span> <span class='ocrx_word' id='word_1_513' title='bbox 2987 626 3115 666; x_wconf 89' lang='lat' dir='ltr'><strong><em>cum</em></strong></span> <span class='ocrx_word' id='word_1_514' title='bbox 3147 611 3201 667; x_wconf 87' lang='lat' dir='ltr'><strong><em>ei</em></strong></span> <span class='ocrx_word' id='word_1_515' title='bbox 3226 611 3458 665; x_wconf 84' lang='lat' dir='ltr'><strong><em>refectio</em></strong></span> <span class='ocrx_word' id='word_1_516' title='bbox 3486 610 3828 666; x_wconf 82' lang='lat' dir='ltr'><strong><em>inferretur.</em></strong></span> <span class='ocrx_word' id='word_1_517' title='bbox 3851 611 3920 665; x_wconf 79' lang='lat' dir='ltr'><strong><em>Ea</em></strong></span> <span class='ocrx_word' id='word_1_518' title='bbox 3998 610 3999 677; x_wconf 62' lang='grc' dir='ltr'><em>ξ</em></span> 
     </span>
    </p>
   </div>
   <div class='ocr_carea' id='block_1_64' title="bbox 2204 700 3917 769">
    <p class='ocr_par' dir='ltr' id='par_1_64' title="bbox 2204 700 3917 769">
     <span class='ocr_line' id='line_1_64' title="bbox 2204 700 3917 769; baseline -0.004 -10"><span class='ocrx_word' id='word_1_519' title='bbox 2204 704 2287 759; x_wconf 87' lang='lat' dir='ltr'><strong><em>ita</em></strong></span> <span class='ocrx_word' id='word_1_520' title='bbox 2332 704 2692 758; x_wconf 87' lang='lat' dir='ltr'><strong><em>observatum</em></strong></span> <span class='ocrx_word' id='word_1_521' title='bbox 2722 716 2788 755; x_wconf 91' lang='lat' dir='ltr'><strong><em>ac</em></strong></span> <span class='ocrx_word' id='word_1_522' title='bbox 2817 700 3032 754; x_wconf 87' lang='lat' dir='ltr'><strong><em>factum</em></strong></span> <span class='ocrx_word' id='word_1_523' title='bbox 3057 703 3179 754; x_wconf 88' lang='lat' dir='ltr'><strong><em>est:</em></strong></span> <span class='ocrx_word' id='word_1_524' title='bbox 3212 704 3271 754; x_wconf 88' lang='lat' dir='ltr'><strong><em>et</em></strong></span> <span class='ocrx_word' id='word_1_525' title='bbox 3315 700 3475 754; x_wconf 89' lang='lat' dir='ltr'><strong><em>omni</em></strong></span> <span class='ocrx_word' id='word_1_526' title='bbox 3503 700 3604 759; x_wconf 86' lang='lat' dir='ltr'><strong><em>illo</em></strong></span> <span class='ocrx_word' id='word_1_527' title='bbox 3654 705 3917 769; x_wconf 83' lang='lat' dir='ltr'><strong><em>tempore</em></strong></span> 
     </span>
    </p>
   </div>
   <div class='ocr_carea' id='block_1_65' title="bbox 2201 788 3914 861">
    <p class='ocr_par' dir='ltr' id='par_1_65' title="bbox 2201 788 3914 861">
     <span class='ocr_line' id='line_1_65' title="bbox 2201 788 3914 861; baseline -0.003 -15"><span class='ocrx_word' id='word_1_528' title='bbox 2201 791 2448 848; x_wconf 84' lang='lat' dir='ltr'><strong><em>orationi</em></strong></span> <span class='ocrx_word' id='word_1_529' title='bbox 2494 790 2749 845; x_wconf 84' lang='lat' dir='ltr'><strong><em>vacabat.</em></strong></span> <span class='ocrx_word' id='word_1_530' title='bbox 2798 788 3045 844; x_wconf 85' lang='lat' dir='ltr'><strong><em>Verbum</em></strong></span> <span class='ocrx_word' id='word_1_531' title='bbox 3077 788 3176 843; x_wconf 91' lang='lat' dir='ltr'><strong><em>Dei</em></strong></span> <span class='ocrx_word' id='word_1_532' title='bbox 3206 805 3388 861; x_wconf 88' lang='lat' dir='ltr'><strong><em>usque</em></strong></span> <span class='ocrx_word' id='word_1_533' title='bbox 3422 790 3492 845; x_wconf 89' lang='lat' dir='ltr'><strong><em>ad</em></strong></span> <span class='ocrx_word' id='word_1_534' title='bbox 3522 789 3708 861; x_wconf 86' lang='lat' dir='ltr'><strong><em>ipsam</em></strong></span> <span class='ocrx_word' id='word_1_535' title='bbox 3755 803 3914 842; x_wconf 84' lang='lat' dir='ltr'><strong><em>suam</em></strong></span> 
     </span>
    </p>
   </div>
   <div class='ocr_carea' id='block_1_66' title="bbox 2206 878 3916 951">
    <p class='ocr_par' dir='ltr' id='par_1_66' title="bbox 2206 878 3916 951">
     <span class='ocr_line' id='line_1_66' title="bbox 2206 878 3916 951; baseline -0.004 -14"><span class='ocrx_word' id='word_1_536' title='bbox 2206 887 2527 937; x_wconf 80' lang='lat' dir='ltr'><strong><em>extremam</em></strong></span> <span class='ocrx_word' id='word_1_537' title='bbox 2583 878 2983 951; x_wconf 75' lang='lat' dir='ltr'><strong><em>aegritudinem</em></strong></span> <span class='ocrx_word' id='word_1_538' title='bbox 3028 878 3515 949; x_wconf 70' lang='lat' dir='ltr'><strong><em>impraztermisse,</em></strong></span> <span class='ocrx_word' id='word_1_539' title='bbox 3549 878 3822 933; x_wconf 82' lang='lat' dir='ltr'><strong><em>alacriter</em></strong></span> <span class='ocrx_word' id='word_1_540' title='bbox 3865 881 3916 931; x_wconf 90' lang='lat' dir='ltr'><strong><em>et</em></strong></span> 
     </span>
    </p>
   </div>
   <div class='ocr_carea' id='block_1_67' title="bbox 2207 965 3915 1039">
    <p class='ocr_par' dir='ltr' id='par_1_67' title="bbox 2207 965 3915 1039">
     <span class='ocr_line' id='line_1_67' title="bbox 2207 965 3915 1039; baseline -0.004 -14"><span class='ocrx_word' id='word_1_541' title='bbox 2207 970 2455 1036; x_wconf 88' lang='lat' dir='ltr'><strong><em>fortiter,</em></strong></span> <span class='ocrx_word' id='word_1_542' title='bbox 2509 985 2645 1024; x_wconf 87' lang='lat' dir='ltr'><strong><em>sana</em></strong></span> <span class='ocrx_word' id='word_1_543' title='bbox 2697 972 2910 1034; x_wconf 90' lang='lat' dir='ltr'><strong><em>mente,</em></strong></span> <span class='ocrx_word' id='word_1_544' title='bbox 2970 983 3225 1039; x_wconf 89' lang='lat' dir='ltr'><strong><em>sanoque</em></strong></span> <span class='ocrx_word' id='word_1_545' title='bbox 3266 966 3504 1021; x_wconf 90' lang='lat' dir='ltr'><strong><em>consilio</em></strong></span> <span class='ocrx_word' id='word_1_546' title='bbox 3556 966 3618 1021; x_wconf 91' lang='lat' dir='ltr'><strong><em>in</em></strong></span> <span class='ocrx_word' id='word_1_547' title='bbox 3678 965 3915 1021; x_wconf 82' lang='lat' dir='ltr'><strong><em>ecclesia</em></strong></span> 
     </span>
    </p>
   </div>
   <div class='ocr_carea' id='block_1_68' title="bbox 2202 1055 3914 1132">
    <p class='ocr_par' dir='ltr' id='par_1_68' title="bbox 2202 1055 3914 1132">
     <span class='ocr_line' id='line_1_68' title="bbox 2202 1055 3914 1132; baseline 0.001 -19"><span class='ocrx_word' id='word_1_548' title='bbox 2202 1058 2552 1132; x_wconf 65' lang='lat' dir='ltr'><strong><em>prmdicavit.</em></strong></span> <span class='ocrx_word' id='word_1_549' title='bbox 2599 1056 2865 1114; x_wconf 73' lang='lat' dir='ltr'><strong><em>Membris</em></strong></span> <span class='ocrx_word' id='word_1_550' title='bbox 2895 1056 3164 1112; x_wconf 90' lang='lat' dir='ltr'><strong><em>omnibus</em></strong></span> <span class='ocrx_word' id='word_1_551' title='bbox 3185 1056 3274 1111; x_wconf 92' lang='lat' dir='ltr'><strong><em>sui</em></strong></span> <span class='ocrx_word' id='word_1_552' title='bbox 3302 1055 3556 1127; x_wconf 88' lang='lat' dir='ltr'><strong><em>corporis</em></strong></span> <span class='ocrx_word' id='word_1_553' title='bbox 3584 1055 3914 1114; x_wconf 80' lang='lat' dir='ltr'><strong><em>incolumis.</em></strong></span> 
     </span>
    </p>
   </div>
   <div class='ocr_carea' id='block_1_69' title="bbox 2206 1144 3917 1219">
    <p class='ocr_par' dir='ltr' id='par_1_69' title="bbox 2206 1144 3917 1219">
     <span class='ocr_line' id='line_1_69' title="bbox 2206 1144 3917 1219; baseline -0.004 -17"><span class='ocrx_word' id='word_1_554' title='bbox 2206 1148 2431 1219; x_wconf 89' lang='lat' dir='ltr'><strong><em>integro</em></strong></span> <span class='ocrx_word' id='word_1_555' title='bbox 2459 1151 2692 1218; x_wconf 88' lang='lat' dir='ltr'><strong><em>aspectu</em></strong></span> <span class='ocrx_word' id='word_1_556' title='bbox 2720 1151 2890 1218; x_wconf 89' lang='lat' dir='ltr'><strong><em>atque</em></strong></span> <span class='ocrx_word' id='word_1_557' title='bbox 2918 1146 3137 1211; x_wconf 88' lang='lat' dir='ltr'><strong><em>auditu,</em></strong></span> <span class='ocrx_word' id='word_1_558' title='bbox 3165 1149 3241 1207; x_wconf 88' lang='lat' dir='ltr'><strong><em>et,</em></strong></span> <span class='ocrx_word' id='word_1_559' title='bbox 3275 1149 3339 1199; x_wconf 91' lang='lat' dir='ltr'><strong><em>ut</em></strong></span> <span class='ocrx_word' id='word_1_560' title='bbox 3368 1144 3643 1215; x_wconf 87' lang='lat' dir='ltr'><strong><em>scriptum</em></strong></span> <span class='ocrx_word' id='word_1_561' title='bbox 3677 1147 3787 1208; x_wconf 87' lang='lat' dir='ltr'><strong><em>est,</em></strong></span> <span class='ocrx_word' id='word_1_562' title='bbox 3819 1159 3917 1196; x_wconf 87' lang='lat' dir='ltr'><strong><em>no-</em></strong></span> 
     </span>
    </p>
   </div>
   <div class='ocr_carea' id='block_1_70' title="bbox 2204 1232 3920 1305">
    <p class='ocr_par' dir='ltr' id='par_1_70' title="bbox 2204 1232 3920 1305">
     <span class='ocr_line' id='line_1_70' title="bbox 2204 1232 3920 1305; baseline -0.004 -14"><span class='ocrx_word' id='word_1_563' title='bbox 2204 1236 2291 1291; x_wconf 88' lang='lat' dir='ltr'><strong><em>bis</em></strong></span> <span class='ocrx_word' id='word_1_564' title='bbox 2321 1236 2658 1296; x_wconf 88' lang='lat' dir='ltr'><strong><em>astantibus.</em></strong></span> <span class='ocrx_word' id='word_1_565' title='bbox 2690 1239 2748 1290; x_wconf 88' lang='lat' dir='ltr'><strong><em>et</em></strong></span> <span class='ocrx_word' id='word_1_566' title='bbox 2771 1234 3119 1303; x_wconf 84' lang='lat' dir='ltr'><strong><em>videntibus,</em></strong></span> <span class='ocrx_word' id='word_1_567' title='bbox 3141 1238 3199 1289; x_wconf 89' lang='lat' dir='ltr'><strong><em>et</em></strong></span> <span class='ocrx_word' id='word_1_568' title='bbox 3217 1249 3347 1288; x_wconf 88' lang='lat' dir='ltr'><strong><em>cum</em></strong></span> <span class='ocrx_word' id='word_1_569' title='bbox 3369 1249 3437 1288; x_wconf 91' lang='lat' dir='ltr'><strong><em>eo</em></strong></span> <span class='ocrx_word' id='word_1_570' title='bbox 3463 1232 3685 1305; x_wconf 85' lang='lat' dir='ltr'><strong><em>pariter</em></strong></span> <span class='ocrx_word' id='word_1_571' title='bbox 3705 1235 3729 1268; x_wconf 71' lang='grc'>³</span> <span class='ocrx_word' id='word_1_572' title='bbox 3757 1246 3920 1285; x_wconf 83' lang='lat' dir='ltr'><strong><em>oran-</em></strong></span> 
     </span>
    </p>
   </div>
   <div class='ocr_carea' id='block_1_71' title="bbox 2205 1317 3918 1392">
    <p class='ocr_par' dir='ltr' id='par_1_71' title="bbox 2205 1317 3918 1392">
     <span class='ocr_line' id='line_1_71' title="bbox 2205 1317 3918 1392; baseline -0.004 -14"><span class='ocrx_word' id='word_1_573' title='bbox 2205 1325 2359 1379; x_wconf 87' lang='lat' dir='ltr'><strong><em>tibus</em></strong></span> <span class='ocrx_word' id='word_1_574' title='bbox 2399 1322 2746 1379; x_wconf 87' lang='lat' dir='ltr'><strong><em>obdormivit</em></strong></span> <span class='ocrx_word' id='word_1_575' title='bbox 2773 1326 2796 1358; x_wconf 79' lang='grc'>⁸</span> <span class='ocrx_word' id='word_1_576' title='bbox 2841 1337 2973 1377; x_wconf 90' lang='lat' dir='ltr'><strong><em>cum</em></strong></span> <span class='ocrx_word' id='word_1_577' title='bbox 3002 1320 3262 1392; x_wconf 87' lang='lat' dir='ltr'><strong><em>patribus</em></strong></span> <span class='ocrx_word' id='word_1_578' title='bbox 3298 1319 3435 1388; x_wconf 88' lang='lat' dir='ltr'><strong><em>suis,</em></strong></span> <span class='ocrx_word' id='word_1_579' title='bbox 3474 1318 3765 1374; x_wconf 88' lang='lat' dir='ltr'><strong><em>enutritus</em></strong></span> <span class='ocrx_word' id='word_1_580' title='bbox 3794 1317 3822 1352; x_wconf 77' lang='grc'><strong><em>⁸</em></strong></span> <span class='ocrx_word' id='word_1_581' title='bbox 3864 1317 3918 1371; x_wconf 92' lang='lat' dir='ltr'><strong><em>in</em></strong></span> 
     </span>
    </p>
   </div>
   <div class='ocr_carea' id='block_1_72' title="bbox 2204 1409 3919 1480">
    <p class='ocr_par' dir='ltr' id='par_1_72' title="bbox 2204 1409 3919 1480">
     <span class='ocr_line' id='line_1_72' title="bbox 2204 1409 3919 1480; baseline -0.004 -12"><span class='ocrx_word' id='word_1_582' title='bbox 2204 1413 2358 1469; x_wconf 90' lang='lat' dir='ltr'><strong><em>bona</em></strong></span> <span class='ocrx_word' id='word_1_583' title='bbox 2410 1416 2735 1480; x_wconf 86' lang='lat' dir='ltr'><strong><em>senectute;</em></strong></span> <span class='ocrx_word' id='word_1_584' title='bbox 2768 1415 2827 1466; x_wconf 88' lang='lat' dir='ltr'><strong><em>et</em></strong></span> <span class='ocrx_word' id='word_1_585' title='bbox 2869 1410 3037 1466; x_wconf 90' lang='lat' dir='ltr'><strong><em>nobis</em></strong></span> <span class='ocrx_word' id='word_1_586' title='bbox 3066 1425 3258 1465; x_wconf 90' lang='lat' dir='ltr'><strong><em>coram</em></strong></span> <span class='ocrx_word' id='word_1_587' title='bbox 3287 1425 3394 1480; x_wconf 86' lang='lat' dir='ltr'><strong><em>pro</em></strong></span> <span class='ocrx_word' id='word_1_588' title='bbox 3447 1409 3569 1479; x_wconf 87' lang='lat' dir='ltr'><strong><em>ejus</em></strong></span> <span class='ocrx_word' id='word_1_589' title='bbox 3623 1423 3919 1463; x_wconf 83' lang='lat' dir='ltr'><strong><em>commen-</em></strong></span> 
     </span>
    </p>
   </div>
   <div class='ocr_carea' id='block_1_73' title="bbox 2211 1497 3917 1573">
    <p class='ocr_par' dir='ltr' id='par_1_73' title="bbox 2211 1497 3917 1573">
     <span class='ocr_line' id='line_1_73' title="bbox 2211 1497 3917 1573; baseline -0.005 -16"><span class='ocrx_word' id='word_1_590' title='bbox 2211 1502 2399 1557; x_wconf 89' lang='lat' dir='ltr'><strong><em>danda</em></strong></span> <span class='ocrx_word' id='word_1_591' title='bbox 2425 1501 2680 1573; x_wconf 87' lang='lat' dir='ltr'><strong><em>corporis</em></strong></span> <span class='ocrx_word' id='word_1_592' title='bbox 2730 1498 3087 1572; x_wconf 67' lang='lat' dir='ltr'><strong><em>depositione</em></strong></span> <span class='ocrx_word' id='word_1_593' title='bbox 3116 1497 3456 1553; x_wconf 77' lang='lat' dir='ltr'><strong><em>sacrificium</em></strong></span> <span class='ocrx_word' id='word_1_594' title='bbox 3502 1498 3617 1552; x_wconf 91' lang='lat' dir='ltr'><strong><em>Deo</em></strong></span> <span class='ocrx_word' id='word_1_595' title='bbox 3656 1497 3917 1551; x_wconf 89' lang='lat' dir='ltr'><strong><em>oblatum</em></strong></span> 
     </span>
    </p>
   </div>
   <div class='ocr_carea' id='block_1_74' title="bbox 2208 1586 3919 1663">
    <p class='ocr_par' dir='ltr' id='par_1_74' title="bbox 2208 1586 3919 1663">
     <span class='ocr_line' id='line_1_74' title="bbox 2208 1586 3919 1663; baseline -0.004 -17"><span class='ocrx_word' id='word_1_596' title='bbox 2208 1595 2316 1655; x_wconf 88' lang='lat' dir='ltr'><strong><em>est,</em></strong></span> <span class='ocrx_word' id='word_1_597' title='bbox 2349 1595 2407 1646; x_wconf 88' lang='lat' dir='ltr'><strong><em>et</em></strong></span> <span class='ocrx_word' id='word_1_598' title='bbox 2436 1591 2697 1663; x_wconf 87' lang='lat' dir='ltr'><strong><em>sepultus</em></strong></span> <span class='ocrx_word' id='word_1_599' title='bbox 2726 1594 2829 1644; x_wconf 90' lang='lat' dir='ltr'><strong><em>est.</em></strong></span> <span class='ocrx_word' id='word_1_600' title='bbox 2871 1590 3299 1644; x_wconf 84' lang='lat' dir='ltr'><strong><em>Testamentum</em></strong></span> <span class='ocrx_word' id='word_1_601' title='bbox 3340 1588 3563 1642; x_wconf 86' lang='lat' dir='ltr'><strong><em>nullum</em></strong></span> <span class='ocrx_word' id='word_1_602' title='bbox 3593 1587 3753 1652; x_wconf 83' lang='lat' dir='ltr'><strong><em>fecit,</em></strong></span> <span class='ocrx_word' id='word_1_603' title='bbox 3786 1586 3919 1659; x_wconf 86' lang='lat' dir='ltr'><strong><em>quia</em></strong></span> 
     </span>
    </p>
   </div>
   <div class='ocr_carea' id='block_1_75' title="bbox 2207 1675 3916 1754">
    <p class='ocr_par' dir='ltr' id='par_1_75' title="bbox 2207 1675 3916 1754">
     <span class='ocr_line' id='line_1_75' title="bbox 2207 1675 3916 1754; baseline -0.004 -19"><span class='ocrx_word' id='word_1_604' title='bbox 2207 1681 2361 1735; x_wconf 88' lang='lat' dir='ltr'><strong><em>unde</em></strong></span> <span class='ocrx_word' id='word_1_605' title='bbox 2389 1680 2599 1735; x_wconf 81' lang='lat' dir='ltr'><strong><em>faceret</em></strong></span> <span class='ocrx_word' id='word_1_606' title='bbox 2622 1694 2843 1754; x_wconf 78' lang='lat' dir='ltr'><strong><em>pauper</em></strong></span> <span class='ocrx_word' id='word_1_607' title='bbox 2879 1677 2980 1734; x_wconf 89' lang='lat' dir='ltr'><strong><em>Dei</em></strong></span> <span class='ocrx_word' id='word_1_608' title='bbox 3007 1694 3124 1732; x_wconf 89' lang='lat' dir='ltr'><strong><em>non</em></strong></span> <span class='ocrx_word' id='word_1_609' title='bbox 3161 1676 3383 1732; x_wconf 87' lang='lat' dir='ltr'><strong><em>habuit.</em></strong></span> <span class='ocrx_word' id='word_1_610' title='bbox 3411 1676 3669 1732; x_wconf 66' lang='lat' dir='ltr'><strong><em>Ecclesiae.</em></strong></span> <span class='ocrx_word' id='word_1_611' title='bbox 3712 1675 3916 1730; x_wconf 82' lang='lat' dir='ltr'><strong><em>biblio-</em></strong></span> 
     </span>
    </p>
   </div>
   <div class='ocr_carea' id='block_1_76' title="bbox 2208 1763 3921 1839">
    <p class='ocr_par' dir='ltr' id='par_1_76' title="bbox 2208 1763 3921 1839">
     <span class='ocr_line' id='line_1_76' title="bbox 2208 1763 3921 1839; baseline -0.003 -17"><span class='ocrx_word' id='word_1_612' title='bbox 2208 1769 2454 1834; x_wconf 88' lang='lat' dir='ltr'><strong><em>thecam,</em></strong></span> <span class='ocrx_word' id='word_1_613' title='bbox 2489 1782 2805 1839; x_wconf 88' lang='lat' dir='ltr'><strong><em>omncsque</em></strong></span> <span class='ocrx_word' id='word_1_614' title='bbox 2845 1765 3065 1821; x_wconf 87' lang='lat' dir='ltr'><strong><em>codices</em></strong></span> <span class='ocrx_word' id='word_1_615' title='bbox 3094 1765 3397 1837; x_wconf 88' lang='lat' dir='ltr'><strong><em>diligenter</em></strong></span> <span class='ocrx_word' id='word_1_616' title='bbox 3436 1763 3683 1836; x_wconf 87' lang='lat' dir='ltr'><strong><em>posteris</em></strong></span> <span class='ocrx_word' id='word_1_617' title='bbox 3740 1768 3921 1818; x_wconf 88' lang='lat' dir='ltr'><strong><em>custo-</em></strong></span> 
     </span>
    </p>
   </div>
   <div class='ocr_carea' id='block_1_77' title="bbox 2211 1852 3921 1928">
    <p class='ocr_par' dir='ltr' id='par_1_77' title="bbox 2211 1852 3921 1928">
     <span class='ocr_line' id='line_1_77' title="bbox 2211 1852 3921 1928; baseline -0.004 -16"><span class='ocrx_word' id='word_1_618' title='bbox 2211 1857 2453 1913; x_wconf 90' lang='lat' dir='ltr'><strong><em>diendos</em></strong></span> <span class='ocrx_word' id='word_1_619' title='bbox 2484 1872 2712 1928; x_wconf 85' lang='lat' dir='ltr'><strong><em>semper</em></strong></span> <span class='ocrx_word' id='word_1_620' title='bbox 2734 1855 2991 1927; x_wconf 85' lang='lat' dir='ltr'><strong><em>jubebat.</em></strong></span> <span class='ocrx_word' id='word_1_621' title='bbox 3023 1855 3079 1910; x_wconf 91' lang='lat' dir='ltr'><strong><em>Si</em></strong></span> <span class='ocrx_word' id='word_1_622' title='bbox 3111 1854 3248 1927; x_wconf 90' lang='lat' dir='ltr'><strong><em>quid</em></strong></span> <span class='ocrx_word' id='word_1_623' title='bbox 3278 1870 3413 1908; x_wconf 88' lang='lat' dir='ltr'><strong><em>vero</em></strong></span> <span class='ocrx_word' id='word_1_624' title='bbox 3446 1852 3710 1919; x_wconf 83' lang='lat' dir='ltr'><strong><em>Ecclesia,</em></strong></span> <span class='ocrx_word' id='word_1_625' title='bbox 3742 1854 3834 1907; x_wconf 86' lang='lat' dir='ltr'><strong><em>vel</em></strong></span> <span class='ocrx_word' id='word_1_626' title='bbox 3865 1853 3921 1906; x_wconf 89' lang='lat' dir='ltr'><strong><em>in</em></strong></span> 
     </span>
    </p>
   </div>
   <div class='ocr_carea' id='block_1_78' title="bbox 2212 1938 3920 2018">
    <p class='ocr_par' dir='ltr' id='par_1_78' title="bbox 2212 1938 3920 2018">
     <span class='ocr_line' id='line_1_78' title="bbox 2212 1938 3920 2018; baseline -0.003 -17"><span class='ocrx_word' id='word_1_627' title='bbox 2212 1947 2557 2018; x_wconf 87' lang='lat' dir='ltr'><strong><em>sumptibus,</em></strong></span> <span class='ocrx_word' id='word_1_628' title='bbox 2572 1947 2661 2001; x_wconf 87' lang='lat' dir='ltr'><strong><em>vel</em></strong></span> <span class='ocrx_word' id='word_1_629' title='bbox 2688 1945 2747 2000; x_wconf 90' lang='lat' dir='ltr'><strong><em>in</em></strong></span> <span class='ocrx_word' id='word_1_630' title='bbox 2768 1944 3119 2000; x_wconf 84' lang='lat' dir='ltr'><strong><em>ornamentis</em></strong></span> <span class='ocrx_word' id='word_1_631' title='bbox 3136 1944 3360 2010; x_wconf 88' lang='lat' dir='ltr'><strong><em>habuit,</em></strong></span> <span class='ocrx_word' id='word_1_632' title='bbox 3388 1943 3519 1998; x_wconf 82' lang='lat' dir='ltr'><strong><em>ﬁdei</em></strong></span> <span class='ocrx_word' id='word_1_633' title='bbox 3536 1941 3861 2015; x_wconf 84' lang='lat' dir='ltr'><strong><em>presbyteri</em></strong></span> <span class='ocrx_word' id='word_1_634' title='bbox 3879 1938 3920 2006; x_wconf 86' lang='grc'><strong>⁸,</strong></span> 
     </span>
    </p>
   </div>
   <div class='ocr_carea' id='block_1_79' title="bbox 2216 2029 3924 2109">
    <p class='ocr_par' dir='ltr' id='par_1_79' title="bbox 2216 2029 3924 2109">
     <span class='ocr_line' id='line_1_79' title="bbox 2216 2029 3924 2109; baseline -0.004 -18"><span class='ocrx_word' id='word_1_635' title='bbox 2216 2036 2318 2109; x_wconf 88' lang='lat' dir='ltr'><strong><em>qui</em></strong></span> <span class='ocrx_word' id='word_1_636' title='bbox 2350 2036 2458 2092; x_wconf 89' lang='lat' dir='ltr'><strong><em>sub</em></strong></span> <span class='ocrx_word' id='word_1_637' title='bbox 2487 2036 2686 2091; x_wconf 65' lang='lat' dir='ltr'><strong><em>eodem</em></strong></span> <span class='ocrx_word' id='word_1_638' title='bbox 2720 2034 2924 2090; x_wconf 89' lang='lat' dir='ltr'><strong><em>domus</em></strong></span> <span class='ocrx_word' id='word_1_639' title='bbox 2964 2033 3225 2088; x_wconf 65' lang='lat' dir='ltr'><strong><em>Ecclesiae</em></strong></span> <span class='ocrx_word' id='word_1_640' title='bbox 3273 2047 3470 2087; x_wconf 89' lang='lat' dir='ltr'><strong><em>curam</em></strong></span> <span class='ocrx_word' id='word_1_641' title='bbox 3525 2031 3787 2102; x_wconf 81' lang='lat' dir='ltr'><strong><em>gerebat,</em></strong></span> <span class='ocrx_word' id='word_1_642' title='bbox 3837 2029 3924 2085; x_wconf 57' lang='lat' dir='ltr'><strong><em>div</em></strong></span> 
     </span>
    </p>
   </div>
   <div class='ocr_carea' id='block_1_80' title="bbox 2211 2120 3923 2194">
    <p class='ocr_par' dir='ltr' id='par_1_80' title="bbox 2211 2120 3923 2194">
     <span class='ocr_line' id='line_1_80' title="bbox 2211 2120 3923 2194; baseline -0.005 -14"><span class='ocrx_word' id='word_1_643' title='bbox 2211 2125 2388 2180; x_wconf 91' lang='lat' dir='ltr'><strong><em>misit.</em></strong></span> <span class='ocrx_word' id='word_1_644' title='bbox 2424 2127 2538 2181; x_wconf 78' lang='lat' dir='ltr'><strong><em>Nec</em></strong></span> <span class='ocrx_word' id='word_1_645' title='bbox 2567 2140 2700 2178; x_wconf 89' lang='lat' dir='ltr'><strong><em>suos</em></strong></span> <span class='ocrx_word' id='word_1_646' title='bbox 2751 2122 3232 2194; x_wconf 88' lang='lat' dir='ltr'><strong><em>consanguineos,</em></strong></span> <span class='ocrx_word' id='word_1_647' title='bbox 3260 2121 3347 2176; x_wconf 89' lang='lat' dir='ltr'><strong><em>vel</em></strong></span> <span class='ocrx_word' id='word_1_648' title='bbox 3403 2121 3465 2176; x_wconf 91' lang='lat' dir='ltr'><strong><em>in</em></strong></span> <span class='ocrx_word' id='word_1_649' title='bbox 3492 2120 3793 2193; x_wconf 80' lang='lat' dir='ltr'><strong><em>preposito</em></strong></span> <span class='ocrx_word' id='word_1_650' title='bbox 3839 2120 3923 2174; x_wconf 89' lang='lat' dir='ltr'><strong><em>vel</em></strong></span> 
     </span>
    </p>
   </div>
   <div class='ocr_carea' id='block_1_81' title="bbox 2211 2209 3926 2281">
    <p class='ocr_par' dir='ltr' id='par_1_81' title="bbox 2211 2209 3926 2281">
     <span class='ocr_line' id='line_1_81' title="bbox 2211 2209 3926 2281; baseline -0.003 -12"><span class='ocrx_word' id='word_1_651' title='bbox 2211 2219 2369 2270; x_wconf 86' lang='lat' dir='ltr'><strong><em>extra</em></strong></span> <span class='ocrx_word' id='word_1_652' title='bbox 2437 2213 2768 2280; x_wconf 79' lang='lat' dir='ltr'><strong><em>constituas,</em></strong></span> <span class='ocrx_word' id='word_1_653' title='bbox 2807 2211 2869 2265; x_wconf 91' lang='lat' dir='ltr'><strong><em>in</em></strong></span> <span class='ocrx_word' id='word_1_654' title='bbox 2916 2226 3020 2265; x_wconf 90' lang='lat' dir='ltr'><strong><em>sua</em></strong></span> <span class='ocrx_word' id='word_1_655' title='bbox 3063 2210 3178 2265; x_wconf 85' lang='lat' dir='ltr'><strong><em>vita</em></strong></span> <span class='ocrx_word' id='word_1_656' title='bbox 3213 2214 3271 2264; x_wconf 90' lang='lat' dir='ltr'><strong><em>et</em></strong></span> <span class='ocrx_word' id='word_1_657' title='bbox 3309 2215 3494 2268; x_wconf 86' lang='lat' dir='ltr'><strong><em>morte</em></strong></span> <span class='ocrx_word' id='word_1_658' title='bbox 3545 2209 3703 2281; x_wconf 84' lang='lat' dir='ltr'><strong><em>vulgi</em></strong></span> <span class='ocrx_word' id='word_1_659' title='bbox 3761 2225 3926 2264; x_wconf 89' lang='lat' dir='ltr'><strong><em>more</em></strong></span> 
     </span>
    </p>
   </div>
   <div class='ocr_carea' id='block_1_82' title="bbox 2211 2298 3928 2374">
    <p class='ocr_par' dir='ltr' id='par_1_82' title="bbox 2211 2298 3928 2374">
     <span class='ocr_line' id='line_1_82' title="bbox 2211 2298 3928 2374; baseline -0.003 -16"><span class='ocrx_word' id='word_1_660' title='bbox 2211 2302 2509 2358; x_wconf 85' lang='lat' dir='ltr'><strong><em>tractavit:</em></strong></span> <span class='ocrx_word' id='word_1_661' title='bbox 2551 2301 2783 2374; x_wconf 88' lang='lat' dir='ltr'><strong><em>quibus,</em></strong></span> <span class='ocrx_word' id='word_1_662' title='bbox 2815 2300 2956 2356; x_wconf 89' lang='lat' dir='ltr'><strong><em>dum</em></strong></span> <span class='ocrx_word' id='word_1_663' title='bbox 2995 2300 3180 2354; x_wconf 88' lang='lat' dir='ltr'><strong><em>adhuc</em></strong></span> <span class='ocrx_word' id='word_1_664' title='bbox 3208 2303 3549 2370; x_wconf 86' lang='lat' dir='ltr'><strong><em>superesset,</em></strong></span> <span class='ocrx_word' id='word_1_665' title='bbox 3601 2298 3656 2353; x_wconf 92' lang='lat' dir='ltr'><strong><em>id</em></strong></span> <span class='ocrx_word' id='word_1_666' title='bbox 3687 2299 3738 2353; x_wconf 89' lang='lat' dir='ltr'><strong><em>si</em></strong></span> <span class='ocrx_word' id='word_1_667' title='bbox 3782 2315 3928 2370; x_wconf 81' lang='lat' dir='ltr'><strong><em>Opus</em></strong></span> 
     </span>
    </p>
   </div>
   <div class='ocr_carea' id='block_1_83' title="bbox 2213 2387 3925 2465">
    <p class='ocr_par' dir='ltr' id='par_1_83' title="bbox 2213 2387 3925 2465">
     <span class='ocr_line' id='line_1_83' title="bbox 2213 2387 3925 2465; baseline -0.003 -17"><span class='ocrx_word' id='word_1_668' title='bbox 2213 2393 2344 2461; x_wconf 84' lang='lat' dir='ltr'><strong><em>fuit,</em></strong></span> <span class='ocrx_word' id='word_1_669' title='bbox 2376 2392 2528 2465; x_wconf 87' lang='lat' dir='ltr'><strong><em>quod</em></strong></span> <span class='ocrx_word' id='word_1_670' title='bbox 2557 2396 2614 2446; x_wconf 89' lang='lat' dir='ltr'><strong><em>et</em></strong></span> <span class='ocrx_word' id='word_1_671' title='bbox 2642 2390 2886 2458; x_wconf 63' lang='lat' dir='ltr'><strong><em>caeteris,</em></strong></span> <span class='ocrx_word' id='word_1_672' title='bbox 2916 2389 3195 2461; x_wconf 83' lang='lat' dir='ltr'><strong><em>erogavit,</em></strong></span> <span class='ocrx_word' id='word_1_673' title='bbox 3239 2404 3356 2443; x_wconf 87' lang='lat' dir='ltr'><strong><em>non</em></strong></span> <span class='ocrx_word' id='word_1_674' title='bbox 3383 2393 3450 2444; x_wconf 91' lang='lat' dir='ltr'><strong><em>ut</em></strong></span> <span class='ocrx_word' id='word_1_675' title='bbox 3475 2387 3700 2443; x_wconf 83' lang='lat' dir='ltr'><strong><em>divitias</em></strong></span> <span class='ocrx_word' id='word_1_676' title='bbox 3748 2387 3925 2443; x_wconf 85' lang='lat' dir='ltr'><strong><em>habe-</em></strong></span> 
     </span>
    </p>
   </div>
   <div class='ocr_carea' id='block_1_84' title="bbox 2214 2475 3928 2549">
    <p class='ocr_par' dir='ltr' id='par_1_84' title="bbox 2214 2475 3928 2549">
     <span class='ocr_line' id='line_1_84' title="bbox 2214 2475 3928 2549; baseline -0.004 -12"><span class='ocrx_word' id='word_1_677' title='bbox 2214 2486 2366 2549; x_wconf 86' lang='lat' dir='ltr'><strong><em>rent,</em></strong></span> <span class='ocrx_word' id='word_1_678' title='bbox 2397 2480 2495 2536; x_wconf 89' lang='lat' dir='ltr'><strong><em>sed</em></strong></span> <span class='ocrx_word' id='word_1_679' title='bbox 2524 2485 2714 2535; x_wconf 85' lang='lat' dir='ltr'><strong><em>utaut</em></strong></span> <span class='ocrx_word' id='word_1_680' title='bbox 2741 2495 2875 2544; x_wconf 88' lang='lat' dir='ltr'><strong><em>non,</em></strong></span> <span class='ocrx_word' id='word_1_681' title='bbox 2913 2483 3013 2533; x_wconf 89' lang='lat' dir='ltr'><strong><em>aut</em></strong></span> <span class='ocrx_word' id='word_1_682' title='bbox 3040 2476 3234 2532; x_wconf 90' lang='lat' dir='ltr'><strong><em>minus</em></strong></span> <span class='ocrx_word' id='word_1_683' title='bbox 3262 2481 3513 2548; x_wconf 88' lang='lat' dir='ltr'><strong><em>egerent.</em></strong></span> <span class='ocrx_word' id='word_1_684' title='bbox 3544 2475 3775 2530; x_wconf 87' lang='lat' dir='ltr'><strong><em>Clerum</em></strong></span> <span class='ocrx_word' id='word_1_685' title='bbox 3805 2476 3928 2531; x_wconf 80' lang='lat' dir='ltr'><strong><em>suf-</em></strong></span> 
     </span>
    </p>
   </div>
   <div class='ocr_carea' id='block_1_85' title="bbox 2215 2565 3926 2636">
    <p class='ocr_par' dir='ltr' id='par_1_85' title="bbox 2215 2565 3926 2636">
     <span class='ocr_line' id='line_1_85' title="bbox 2215 2565 3926 2636; baseline -0.004 -11"><span class='ocrx_word' id='word_1_686' title='bbox 2215 2569 2696 2636; x_wconf 81' lang='lat' dir='ltr'><strong><em>ﬂcientissimum,</em></strong></span> <span class='ocrx_word' id='word_1_687' title='bbox 2718 2573 2776 2623; x_wconf 89' lang='lat' dir='ltr'><strong><em>et</em></strong></span> <span class='ocrx_word' id='word_1_688' title='bbox 2801 2566 3152 2623; x_wconf 89' lang='lat' dir='ltr'><strong><em>monasteria</em></strong></span> <span class='ocrx_word' id='word_1_689' title='bbox 3177 2566 3432 2620; x_wconf 82' lang='lat' dir='ltr'><strong><em>virorum</em></strong></span> <span class='ocrx_word' id='word_1_690' title='bbox 3463 2581 3528 2620; x_wconf 89' lang='lat' dir='ltr'><strong><em>ac</em></strong></span> <span class='ocrx_word' id='word_1_691' title='bbox 3554 2565 3926 2628; x_wconf 87' lang='lat' dir='ltr'><strong><em>feminarum,</em></strong></span> 
     </span>
    </p>
   </div>
   <div class='ocr_carea' id='block_1_86' title="bbox 2215 2652 3927 2727">
    <p class='ocr_par' dir='ltr' id='par_1_86' title="bbox 2215 2652 3927 2727">
     <span class='ocr_line' id='line_1_86' title="bbox 2215 2652 3927 2727; baseline -0.004 -14"><span class='ocrx_word' id='word_1_692' title='bbox 2215 2656 2643 2714; x_wconf 85' lang='lat' dir='ltr'><strong><em>continentibus</em></strong></span> <span class='ocrx_word' id='word_1_693' title='bbox 2691 2660 2713 2693; x_wconf 84' lang='grc'><strong><em>⁸</em></strong></span> <span class='ocrx_word' id='word_1_694' title='bbox 2755 2671 2887 2710; x_wconf 90' lang='lat' dir='ltr'><strong><em>cum</em></strong></span> <span class='ocrx_word' id='word_1_695' title='bbox 2928 2654 3046 2709; x_wconf 88' lang='lat' dir='ltr'><strong><em>suis</em></strong></span> <span class='ocrx_word' id='word_1_696' title='bbox 3073 2652 3399 2727; x_wconf 71' lang='lat' dir='ltr'><strong><em>praepositis</em></strong></span> <span class='ocrx_word' id='word_1_697' title='bbox 3425 2653 3613 2724; x_wconf 83' lang='lat' dir='ltr'><strong><em>plena,</em></strong></span> <span class='ocrx_word' id='word_1_698' title='bbox 3664 2653 3927 2707; x_wconf 64' lang='lat' dir='ltr'><strong><em>Ecclesia</em></strong></span> 
     </span>
    </p>
   </div>
   <div class='ocr_carea' id='block_1_87' title="bbox 2217 2742 3930 2813">
    <p class='ocr_par' dir='ltr' id='par_1_87' title="bbox 2217 2742 3930 2813">
     <span class='ocr_line' id='line_1_87' title="bbox 2217 2742 3930 2813; baseline -0.004 -11"><span class='ocrx_word' id='word_1_699' title='bbox 2217 2746 2455 2813; x_wconf 86' lang='lat' dir='ltr'><strong><em>dimisit,</em></strong></span> <span class='ocrx_word' id='word_1_700' title='bbox 2486 2762 2604 2801; x_wconf 85' lang='lat' dir='ltr'><strong><em>una</em></strong></span> <span class='ocrx_word' id='word_1_701' title='bbox 2647 2762 2778 2800; x_wconf 89' lang='lat' dir='ltr'><strong><em>cum</em></strong></span> <span class='ocrx_word' id='word_1_702' title='bbox 2807 2742 3191 2810; x_wconf 89' lang='lat' dir='ltr'><strong><em>bibliothecis,</em></strong></span> <span class='ocrx_word' id='word_1_703' title='bbox 3235 2742 3413 2797; x_wconf 89' lang='lat' dir='ltr'><strong><em>libros</em></strong></span> <span class='ocrx_word' id='word_1_704' title='bbox 3442 2747 3500 2797; x_wconf 88' lang='lat' dir='ltr'><strong><em>et</em></strong></span> <span class='ocrx_word' id='word_1_705' title='bbox 3536 2746 3814 2796; x_wconf 86' lang='lat' dir='ltr'><strong><em>tractatus</em></strong></span> <span class='ocrx_word' id='word_1_706' title='bbox 3841 2744 3930 2796; x_wconf 87' lang='lat' dir='ltr'><strong><em>vel</em></strong></span> 
     </span>
    </p>
   </div>
   <div class='ocr_carea' id='block_1_88' title="bbox 2204 2831 3930 2904">
    <p class='ocr_par' dir='ltr' id='par_1_88' title="bbox 2204 2831 3930 2904">
     <span class='ocr_line' id='line_1_88' title="bbox 2204 2831 3930 2904; baseline -0.004 -12"><span class='ocrx_word' id='word_1_707' title='bbox 2204 2854 2350 2901; x_wconf 75' lang='lat' dir='ltr'><strong><em>suos</em></strong></span> <span class='ocrx_word' id='word_1_708' title='bbox 2402 2837 2491 2892; x_wconf 87' lang='lat' dir='ltr'><strong><em>vel</em></strong></span> <span class='ocrx_word' id='word_1_709' title='bbox 2550 2836 2794 2891; x_wconf 89' lang='lat' dir='ltr'><strong><em>aliorum</em></strong></span> <span class='ocrx_word' id='word_1_710' title='bbox 2844 2838 3171 2889; x_wconf 88' lang='lat' dir='ltr'><strong><em>sanctorum</em></strong></span> <span class='ocrx_word' id='word_1_711' title='bbox 3202 2832 3567 2899; x_wconf 88' lang='lat' dir='ltr'><strong><em>habentibus,</em></strong></span> <span class='ocrx_word' id='word_1_712' title='bbox 3604 2831 3665 2886; x_wconf 91' lang='lat' dir='ltr'><strong><em>in</em></strong></span> <span class='ocrx_word' id='word_1_713' title='bbox 3716 2831 3930 2904; x_wconf 80' lang='lat' dir='ltr'><strong><em>quibus</em></strong></span> 
     </span>
    </p>
   </div>
   <div class='ocr_carea' id='block_1_89' title="bbox 2214 2920 3928 2997">
    <p class='ocr_par' dir='ltr' id='par_1_89' title="bbox 2214 2920 3928 2997">
     <span class='ocr_line' id='line_1_89' title="bbox 2214 2920 3928 2997; baseline -0.005 -15"><span class='ocrx_word' id='word_1_714' title='bbox 2214 2928 2366 2983; x_wconf 90' lang='lat' dir='ltr'><strong><em>dono</em></strong></span> <span class='ocrx_word' id='word_1_715' title='bbox 2397 2925 2500 2981; x_wconf 89' lang='lat' dir='ltr'><strong><em>Dei</em></strong></span> <span class='ocrx_word' id='word_1_716' title='bbox 2525 2924 2709 2997; x_wconf 88' lang='lat' dir='ltr'><strong><em>qualis</em></strong></span> <span class='ocrx_word' id='word_1_717' title='bbox 2734 2922 3171 2996; x_wconf 89' lang='lat' dir='ltr'><strong><em>quantusquein</em></strong></span> <span class='ocrx_word' id='word_1_718' title='bbox 3194 2921 3438 2976; x_wconf 86' lang='lat' dir='ltr'><strong><em>Ecclesia</em></strong></span> <span class='ocrx_word' id='word_1_719' title='bbox 3461 2920 3634 2976; x_wconf 88' lang='lat' dir='ltr'><strong><em>fuerit</em></strong></span> <span class='ocrx_word' id='word_1_720' title='bbox 3651 2921 3928 2982; x_wconf 89' lang='lat' dir='ltr'><strong><em>noscitur,</em></strong></span> 
     </span>
    </p>
   </div>
   <div class='ocr_carea' id='block_1_90' title="bbox 2215 3009 3933 3084">
    <p class='ocr_par' dir='ltr' id='par_1_90' title="bbox 2215 3009 3933 3084">
     <span class='ocr_line' id='line_1_90' title="bbox 2215 3009 3933 3084; baseline -0.002 -15"><span class='ocrx_word' id='word_1_721' title='bbox 2215 3020 2274 3069; x_wconf 90' lang='lat' dir='ltr'><strong><em>et</em></strong></span> <span class='ocrx_word' id='word_1_722' title='bbox 2300 3014 2360 3069; x_wconf 92' lang='lat' dir='ltr'><strong><em>in</em></strong></span> <span class='ocrx_word' id='word_1_723' title='bbox 2395 3014 2486 3069; x_wconf 88' lang='lat' dir='ltr'><strong><em>his</em></strong></span> <span class='ocrx_word' id='word_1_724' title='bbox 2525 3028 2754 3084; x_wconf 86' lang='lat' dir='ltr'><strong><em>semper</em></strong></span> <span class='ocrx_word' id='word_1_725' title='bbox 2783 3011 2970 3066; x_wconf 83' lang='lat' dir='ltr'><strong><em>vivere</em></strong></span> <span class='ocrx_word' id='word_1_726' title='bbox 3027 3026 3062 3065; x_wconf 92' lang='lat' dir='ltr'><strong><em>a</em></strong></span> <span class='ocrx_word' id='word_1_727' title='bbox 3090 3009 3358 3066; x_wconf 80' lang='lat' dir='ltr'><strong><em>ﬁdelibus</em></strong></span> <span class='ocrx_word' id='word_1_728' title='bbox 3408 3009 3717 3064; x_wconf 89' lang='lat' dir='ltr'><strong><em>invenitur.</em></strong></span> <span class='ocrx_word' id='word_1_729' title='bbox 3765 3011 3933 3065; x_wconf 83' lang='lat' dir='ltr'><strong><em>Juxta</em></strong></span> 
     </span>
    </p>
   </div>
   <div class='ocr_carea' id='block_1_91' title="bbox 2217 3096 3933 3174">
    <p class='ocr_par' dir='ltr' id='par_1_91' title="bbox 2217 3096 3933 3174">
     <span class='ocr_line' id='line_1_91' title="bbox 2217 3096 3933 3174; baseline -0.003 -18"><span class='ocrx_word' id='word_1_730' title='bbox 2217 3102 2373 3174; x_wconf 90' lang='lat' dir='ltr'><strong><em>quod</em></strong></span> <span class='ocrx_word' id='word_1_731' title='bbox 2425 3100 2598 3155; x_wconf 89' lang='lat' dir='ltr'><strong><em>etiam</em></strong></span> <span class='ocrx_word' id='word_1_732' title='bbox 2632 3098 2994 3157; x_wconf 82' lang='lat' dir='ltr'><strong><em>saecularium</em></strong></span> <span class='ocrx_word' id='word_1_733' title='bbox 3044 3097 3284 3170; x_wconf 88' lang='lat' dir='ltr'><strong><em>quidam</em></strong></span> <span class='ocrx_word' id='word_1_734' title='bbox 3313 3101 3636 3168; x_wconf 88' lang='lat' dir='ltr'><strong><em>poetarum.</em></strong></span> <span class='ocrx_word' id='word_1_735' title='bbox 3668 3096 3793 3152; x_wconf 84' lang='lat' dir='ltr'><strong><em>suis</em></strong></span> <span class='ocrx_word' id='word_1_736' title='bbox 3843 3099 3933 3169; x_wconf 86' lang='lat' dir='ltr'><strong><em>ju-</em></strong></span> 
     </span>
    </p>
   </div>
   <div class='ocr_carea' id='block_1_92' title="bbox 2219 3186 3936 3262">
    <p class='ocr_par' dir='ltr' id='par_1_92' title="bbox 2219 3186 3936 3262">
     <span class='ocr_line' id='line_1_92' title="bbox 2219 3186 3936 3262; baseline -0.003 -15"><span class='ocrx_word' id='word_1_737' title='bbox 2219 3192 2366 3247; x_wconf 89' lang='lat' dir='ltr'><strong><em>bens</em></strong></span> <span class='ocrx_word' id='word_1_738' title='bbox 2396 3206 2514 3262; x_wconf 88' lang='lat' dir='ltr'><strong><em>quo</em></strong></span> <span class='ocrx_word' id='word_1_739' title='bbox 2540 3189 2649 3244; x_wconf 88' lang='lat' dir='ltr'><strong><em>sibi</em></strong></span> <span class='ocrx_word' id='word_1_740' title='bbox 2676 3189 2966 3244; x_wconf 89' lang='lat' dir='ltr'><strong><em>tumulum</em></strong></span> <span class='ocrx_word' id='word_1_741' title='bbox 2996 3193 3226 3243; x_wconf 81' lang='lat' dir='ltr'><strong><em>mortuo</em></strong></span> <span class='ocrx_word' id='word_1_742' title='bbox 3254 3188 3314 3242; x_wconf 89' lang='lat' dir='ltr'><strong><em>in</em></strong></span> <span class='ocrx_word' id='word_1_743' title='bbox 3342 3203 3512 3258; x_wconf 85' lang='lat' dir='ltr'><strong><em>agere</em></strong></span> <span class='ocrx_word' id='word_1_744' title='bbox 3541 3186 3777 3258; x_wconf 90' lang='lat' dir='ltr'><strong><em>publico</em></strong></span> <span class='ocrx_word' id='word_1_745' title='bbox 3826 3188 3936 3242; x_wconf 86' lang='lat' dir='ltr'><strong><em>col-</em></strong></span> 
     </span>
    </p>
   </div>
   <div class='ocr_carea' id='block_1_93' title="bbox 2221 3274 3431 3351">
    <p class='ocr_par' dir='ltr' id='par_1_93' title="bbox 2221 3274 3431 3351">
     <span class='ocr_line' id='line_1_93' title="bbox 2221 3274 3431 3351; baseline -0.003 -16"><span class='ocrx_word' id='word_1_746' title='bbox 2221 3281 2493 3345; x_wconf 90' lang='lat' dir='ltr'><strong><em>locarent,</em></strong></span> <span class='ocrx_word' id='word_1_747' title='bbox 2525 3282 2953 3351; x_wconf 85' lang='lat' dir='ltr'><strong><em>programmate</em></strong></span> <span class='ocrx_word' id='word_1_748' title='bbox 2975 3276 3141 3333; x_wconf 85' lang='lat' dir='ltr'><strong><em>tinxit</em></strong></span> <span class='ocrx_word' id='word_1_749' title='bbox 3168 3277 3358 3332; x_wconf 89' lang='lat' dir='ltr'><strong><em>dicens</em></strong></span> <span class='ocrx_word' id='word_1_750' title='bbox 3385 3274 3431 3345; x_wconf 81' lang='grc'><strong>⁷,</strong></span> 
     </span>
    </p>
   </div>
   <div class='ocr_carea' id='block_1_94' title="bbox 2412 3380 3709 3446">
    <p class='ocr_par' dir='ltr' id='par_1_94' title="bbox 2412 3380 3709 3446">
     <span class='ocr_line' id='line_1_94' title="bbox 2412 3380 3709 3446; baseline -0.002 -14"><span class='ocrx_word' id='word_1_751' title='bbox 2412 3383 2746 3446; x_wconf 84' lang='lat' dir='ltr'><strong><em>Viverepost</em></strong></span> <span class='ocrx_word' id='word_1_752' title='bbox 2777 3382 2983 3446; x_wconf 83' lang='lat' dir='ltr'><strong><em>obitum</em></strong></span> <span class='ocrx_word' id='word_1_753' title='bbox 3013 3384 3187 3431; x_wconf 88' lang='lat' dir='ltr'><strong><em>vatem</em></strong></span> <span class='ocrx_word' id='word_1_754' title='bbox 3215 3381 3296 3430; x_wconf 88' lang='lat' dir='ltr'><strong><em>vis</em></strong></span> <span class='ocrx_word' id='word_1_755' title='bbox 3320 3393 3495 3439; x_wconf 85' lang='lat' dir='ltr'><strong><em>nosse,</em></strong></span> <span class='ocrx_word' id='word_1_756' title='bbox 3519 3380 3709 3439; x_wconf 80' lang='lat' dir='ltr'><strong><em>viator,</em></strong></span> 
     </span>
    </p>
   </div>
   <div class='ocr_carea' id='block_1_95' title="bbox 2472 3444 3876 3509">
    <p class='ocr_par' dir='ltr' id='par_1_95' title="bbox 2472 3444 3876 3509">
     <span class='ocr_line' id='line_1_95' title="bbox 2472 3444 3876 3509; baseline -0.001 -15"><span class='ocrx_word' id='word_1_757' title='bbox 2472 3444 2779 3509; x_wconf 63' lang='lat' dir='ltr'><strong><em>Quod&#39;legis</em></strong></span> <span class='ocrx_word' id='word_1_758' title='bbox 2798 3457 2919 3495; x_wconf 88' lang='lat' dir='ltr'><strong><em>ecce</em></strong></span> <span class='ocrx_word' id='word_1_759' title='bbox 2943 3444 3151 3508; x_wconf 88' lang='lat' dir='ltr'><strong><em>loquor,</em></strong></span> <span class='ocrx_word' id='word_1_760' title='bbox 3170 3457 3277 3493; x_wconf 85' lang='lat' dir='ltr'><strong><em>vox</em></strong></span> <span class='ocrx_word' id='word_1_761' title='bbox 3298 3447 3392 3494; x_wconf 89' lang='lat' dir='ltr'><strong><em>tua</em></strong></span> <span class='ocrx_word' id='word_1_762' title='bbox 3417 3456 3606 3507; x_wconf 87' lang='lat' dir='ltr'><strong><em>nempe</em></strong></span> <span class='ocrx_word' id='word_1_763' title='bbox 3626 3455 3750 3493; x_wconf 87' lang='lat' dir='ltr'><strong><em>mea</em></strong></span> <span class='ocrx_word' id='word_1_764' title='bbox 3772 3447 3876 3493; x_wconf 84' lang='lat' dir='ltr'><strong><em>est.</em></strong></span> 
     </span>
    </p>
   </div>
   <div class='ocr_carea' id='block_1_96' title="bbox 2233 3541 3935 3616">
    <p class='ocr_par' dir='ltr' id='par_1_96' title="bbox 2233 3541 3935 3616">
     <span class='ocr_line' id='line_1_96' title="bbox 2233 3541 3935 3616; baseline -0.003 -16"><span class='ocrx_word' id='word_1_765' title='bbox 2233 3546 2299 3601; x_wconf 87' lang='lat' dir='ltr'><strong><em>Et</em></strong></span> <span class='ocrx_word' id='word_1_766' title='bbox 2327 3543 2389 3599; x_wconf 92' lang='lat' dir='ltr'><strong><em>in</em></strong></span> <span class='ocrx_word' id='word_1_767' title='bbox 2418 3544 2537 3599; x_wconf 90' lang='lat' dir='ltr'><strong><em>suis</em></strong></span> <span class='ocrx_word' id='word_1_768' title='bbox 2565 3543 2796 3616; x_wconf 88' lang='lat' dir='ltr'><strong><em>quidem</em></strong></span> <span class='ocrx_word' id='word_1_769' title='bbox 2834 3541 3059 3614; x_wconf 80' lang='lat' dir='ltr'><strong><em>scriptis</em></strong></span> <span class='ocrx_word' id='word_1_770' title='bbox 3088 3542 3183 3597; x_wconf 90' lang='lat' dir='ltr'><strong><em>ille</em></strong></span> <span class='ocrx_word' id='word_1_771' title='bbox 3213 3542 3329 3597; x_wconf 89' lang='lat' dir='ltr'><strong><em>Deo</em></strong></span> <span class='ocrx_word' id='word_1_772' title='bbox 3352 3545 3614 3613; x_wconf 87' lang='lat' dir='ltr'><strong><em>acceptus</em></strong></span> <span class='ocrx_word' id='word_1_773' title='bbox 3643 3544 3699 3595; x_wconf 90' lang='lat' dir='ltr'><strong><em>et</em></strong></span> <span class='ocrx_word' id='word_1_774' title='bbox 3728 3541 3935 3597; x_wconf 89' lang='lat' dir='ltr'><strong><em>charus</em></strong></span> 
     </span>
    </p>
   </div>
   <div class='ocr_carea' id='block_1_97' title="bbox 2225 3632 3933 3705">
    <p class='ocr_par' dir='ltr' id='par_1_97' title="bbox 2225 3632 3933 3705">
     <span class='ocr_line' id='line_1_97' title="bbox 2225 3632 3933 3705; baseline -0.002 -16"><span class='ocrx_word' id='word_1_775' title='bbox 2225 3634 2512 3703; x_wconf 87' lang='lat' dir='ltr'><strong><em>sacerdos,</em></strong></span> <span class='ocrx_word' id='word_1_776' title='bbox 2543 3636 2826 3705; x_wconf 89' lang='lat' dir='ltr'><strong><em>quantum</em></strong></span> <span class='ocrx_word' id='word_1_777' title='bbox 2854 3633 3079 3687; x_wconf 78' lang='lat' dir='ltr'><strong><em>lucente</em></strong></span> <span class='ocrx_word' id='word_1_778' title='bbox 3102 3632 3339 3687; x_wconf 83' lang='lat' dir='ltr'><strong><em>veritate</em></strong></span> <span class='ocrx_word' id='word_1_779' title='bbox 3358 3632 3550 3688; x_wconf 87' lang='lat' dir='ltr'><strong><em>videre</em></strong></span> <span class='ocrx_word' id='word_1_780' title='bbox 3577 3632 3933 3695; x_wconf 85' lang='lat' dir='ltr'><strong><em>conceditur,</em></strong></span> 
     </span>
    </p>
   </div>
   <div class='ocr_carea' id='block_1_98' title="bbox 2218 3718 3936 3791">
    <p class='ocr_par' dir='ltr' id='par_1_98' title="bbox 2218 3718 3936 3791">
     <span class='ocr_line' id='line_1_98' title="bbox 2218 3718 3936 3791; baseline -0.002 -15"><span class='ocrx_word' id='word_1_781' title='bbox 2218 3726 2373 3776; x_wconf 90' lang='lat' dir='ltr'><strong><em>recte</em></strong></span> <span class='ocrx_word' id='word_1_782' title='bbox 2403 3737 2467 3776; x_wconf 91' lang='lat' dir='ltr'><strong><em>ac</em></strong></span> <span class='ocrx_word' id='word_1_783' title='bbox 2495 3736 2656 3790; x_wconf 90' lang='lat' dir='ltr'><strong><em>sane,</em></strong></span> <span class='ocrx_word' id='word_1_784' title='bbox 2684 3719 2842 3787; x_wconf 82' lang='lat' dir='ltr'><strong><em>ﬁdei,</em></strong></span> <span class='ocrx_word' id='word_1_785' title='bbox 2872 3718 3015 3791; x_wconf 87' lang='lat' dir='ltr'><strong><em>spei,</em></strong></span> <span class='ocrx_word' id='word_1_786' title='bbox 3045 3723 3104 3774; x_wconf 91' lang='lat' dir='ltr'><strong><em>et</em></strong></span> <span class='ocrx_word' id='word_1_787' title='bbox 3122 3718 3416 3774; x_wconf 87' lang='lat' dir='ltr'><strong><em>charitatis</em></strong></span> <span class='ocrx_word' id='word_1_788' title='bbox 3435 3718 3725 3774; x_wconf 73' lang='lat' dir='ltr'><strong><em>catholicas</em></strong></span> <span class='ocrx_word' id='word_1_789' title='bbox 3756 3720 3936 3775; x_wconf 80' lang='lat' dir='ltr'><strong><em>Eccle-</em></strong></span> 
     </span>
    </p>
   </div>
   <div class='ocr_carea' id='block_1_99' title="bbox 2224 3807 3935 3880">
    <p class='ocr_par' dir='ltr' id='par_1_99' title="bbox 2224 3807 3935 3880">
     <span class='ocr_line' id='line_1_99' title="bbox 2224 3807 3935 3880; baseline -0.001 -15"><span class='ocrx_word' id='word_1_790' title='bbox 2224 3810 2327 3865; x_wconf 69' lang='lat' dir='ltr'><strong><em>sim</em></strong></span> <span class='ocrx_word' id='word_1_791' title='bbox 2356 3809 2564 3865; x_wconf 88' lang='lat' dir='ltr'><strong><em>vixisse</em></strong></span> <span class='ocrx_word' id='word_1_792' title='bbox 2589 3808 3026 3864; x_wconf 81' lang='lat' dir='ltr'><strong><em>manifestatur:</em></strong></span> <span class='ocrx_word' id='word_1_793' title='bbox 3056 3808 3209 3880; x_wconf 90' lang='lat' dir='ltr'><strong><em>quod</em></strong></span> <span class='ocrx_word' id='word_1_794' title='bbox 3230 3811 3547 3879; x_wconf 81' lang='lat' dir='ltr'><strong><em>agnoscunt</em></strong></span> <span class='ocrx_word' id='word_1_795' title='bbox 3571 3807 3670 3880; x_wconf 89' lang='lat' dir='ltr'><strong><em>qui</em></strong></span> <span class='ocrx_word' id='word_1_796' title='bbox 3700 3823 3838 3863; x_wconf 89' lang='lat' dir='ltr'><strong><em>eum</em></strong></span> <span class='ocrx_word' id='word_1_797' title='bbox 3872 3808 3935 3863; x_wconf 87' lang='lat' dir='ltr'><strong><em>de</em></strong></span> 
     </span>
    </p>
   </div>
   <div class='ocr_carea' id='block_1_100' title="bbox 2224 3896 3936 3969">
    <p class='ocr_par' dir='ltr' id='par_1_100' title="bbox 2224 3896 3936 3969">
     <span class='ocr_line' id='line_1_100' title="bbox 2224 3896 3936 3969; baseline -0.002 -14"><span class='ocrx_word' id='word_1_798' title='bbox 2224 3898 2434 3955; x_wconf 89' lang='lat' dir='ltr'><strong><em>divinis</em></strong></span> <span class='ocrx_word' id='word_1_799' title='bbox 2485 3898 2827 3953; x_wconf 89' lang='lat' dir='ltr'><strong><em>scribentem</em></strong></span> <span class='ocrx_word' id='word_1_800' title='bbox 2855 3898 3107 3968; x_wconf 86' lang='lat' dir='ltr'><strong><em>legentes</em></strong></span> <span class='ocrx_word' id='word_1_801' title='bbox 3135 3896 3460 3969; x_wconf 85' lang='lat' dir='ltr'><strong><em>proﬁciunt.</em></strong></span> <span class='ocrx_word' id='word_1_802' title='bbox 3486 3896 3595 3952; x_wconf 86' lang='lat' dir='ltr'><strong><em>Sed</em></strong></span> <span class='ocrx_word' id='word_1_803' title='bbox 3625 3912 3735 3969; x_wconf 85' lang='lat' dir='ltr'><strong><em>ego</em></strong></span> <span class='ocrx_word' id='word_1_804' title='bbox 3788 3897 3936 3952; x_wconf 85' lang='lat' dir='ltr'><strong><em>arbi—</em></strong></span> 
     </span>
    </p>
   </div>
   <div class='ocr_carea' id='block_1_101' title="bbox 2226 3985 3937 4061">
    <p class='ocr_par' dir='ltr' id='par_1_101' title="bbox 2226 3985 3937 4061">
     <span class='ocr_line' id='line_1_101' title="bbox 2226 3985 3937 4061; baseline -0.001 -17"><span class='ocrx_word' id='word_1_805' title='bbox 2226 3994 2348 4046; x_wconf 86' lang='lat' dir='ltr'><strong><em>tror</em></strong></span> <span class='ocrx_word' id='word_1_806' title='bbox 2375 3989 2508 4061; x_wconf 86' lang='lat' dir='ltr'><strong><em>plus</em></strong></span> <span class='ocrx_word' id='word_1_807' title='bbox 2536 4004 2603 4043; x_wconf 89' lang='lat' dir='ltr'><strong><em>ex</em></strong></span> <span class='ocrx_word' id='word_1_808' title='bbox 2634 4003 2702 4042; x_wconf 91' lang='lat' dir='ltr'><strong><em>eo</em></strong></span> <span class='ocrx_word' id='word_1_809' title='bbox 2731 3986 3010 4059; x_wconf 85' lang='lat' dir='ltr'><strong><em>proﬁcere</em></strong></span> <span class='ocrx_word' id='word_1_810' title='bbox 3037 3987 3312 4058; x_wconf 83' lang='lat' dir='ltr'><strong><em>potuisse,</em></strong></span> <span class='ocrx_word' id='word_1_811' title='bbox 3337 3985 3437 4059; x_wconf 87' lang='lat' dir='ltr'><strong><em>qui</em></strong></span> <span class='ocrx_word' id='word_1_812' title='bbox 3466 4001 3599 4041; x_wconf 89' lang='lat' dir='ltr'><strong><em>eum</em></strong></span> <span class='ocrx_word' id='word_1_813' title='bbox 3614 3991 3673 4041; x_wconf 88' lang='lat' dir='ltr'><strong><em>et</em></strong></span> <span class='ocrx_word' id='word_1_814' title='bbox 3694 3986 3937 4059; x_wconf 84' lang='lat' dir='ltr'><strong><em>loquen-</em></strong></span> 
     </span>
    </p>
   </div>
   <div class='ocr_carea' id='block_1_102' title="bbox 2225 4075 3939 4148">
    <p class='ocr_par' dir='ltr' id='par_1_102' title="bbox 2225 4075 3939 4148">
     <span class='ocr_line' id='line_1_102' title="bbox 2225 4075 3939 4148; baseline -0.002 -14"><span class='ocrx_word' id='word_1_815' title='bbox 2225 4084 2343 4135; x_wconf 88' lang='lat' dir='ltr'><strong><em>tem</em></strong></span> <span class='ocrx_word' id='word_1_816' title='bbox 2392 4078 2456 4133; x_wconf 88' lang='lat' dir='ltr'><strong><em>in</em></strong></span> <span class='ocrx_word' id='word_1_817' title='bbox 2501 4077 2739 4133; x_wconf 88' lang='lat' dir='ltr'><strong><em>ecclesia</em></strong></span> <span class='ocrx_word' id='word_1_818' title='bbox 2787 4084 3135 4148; x_wconf 66' lang='lat' dir='ltr'><strong><em>praesentem</em></strong></span> <span class='ocrx_word' id='word_1_819' title='bbox 3167 4076 3366 4132; x_wconf 89' lang='lat' dir='ltr'><strong><em>audire</em></strong></span> <span class='ocrx_word' id='word_1_820' title='bbox 3407 4080 3463 4130; x_wconf 91' lang='lat' dir='ltr'><strong><em>et</em></strong></span> <span class='ocrx_word' id='word_1_821' title='bbox 3502 4075 3694 4131; x_wconf 88' lang='lat' dir='ltr'><strong><em>videre</em></strong></span> <span class='ocrx_word' id='word_1_822' title='bbox 3740 4080 3939 4147; x_wconf 87' lang='lat' dir='ltr'><strong><em>potue-</em></strong></span> 
     </span>
    </p>
   </div>
   <div class='ocr_carea' id='block_1_103' title="bbox 2223 4163 3940 4238">
    <p class='ocr_par' dir='ltr' id='par_1_103' title="bbox 2223 4163 3940 4238">
     <span class='ocr_line' id='line_1_103' title="bbox 2223 4163 3940 4238; baseline -0.001 -17"><span class='ocrx_word' id='word_1_823' title='bbox 2223 4171 2362 4221; x_wconf 89' lang='lat' dir='ltr'><strong><em>runt</em></strong></span> <span class='ocrx_word' id='word_1_824' title='bbox 2408 4165 2461 4233; x_wconf 82' lang='grc'><strong>⁸,</strong></span> <span class='ocrx_word' id='word_1_825' title='bbox 2504 4170 2565 4221; x_wconf 88' lang='lat' dir='ltr'><strong><em>et</em></strong></span> <span class='ocrx_word' id='word_1_826' title='bbox 2593 4166 2716 4238; x_wconf 85' lang='lat' dir='ltr'><strong><em>ejus</em></strong></span> <span class='ocrx_word' id='word_1_827' title='bbox 2741 4164 3061 4238; x_wconf 66' lang='lat' dir='ltr'><strong><em>presertim</em></strong></span> <span class='ocrx_word' id='word_1_828' title='bbox 3092 4165 3117 4199; x_wconf 78' lang='lat'><strong>’</strong></span> <span class='ocrx_word' id='word_1_829' title='bbox 3150 4165 3302 4220; x_wconf 89' lang='lat' dir='ltr'><strong><em>inter</em></strong></span> <span class='ocrx_word' id='word_1_830' title='bbox 3354 4163 3617 4220; x_wconf 88' lang='lat' dir='ltr'><strong><em>homines</em></strong></span> <span class='ocrx_word' id='word_1_831' title='bbox 3645 4181 3940 4220; x_wconf 55' lang='lat' dir='ltr'><strong><em>conversa.</em></strong></span> 
     </span>
    </p>
   </div>
   <div class='ocr_carea' id='block_1_104' title="bbox 2223 4253 3940 4324">
    <p class='ocr_par' dir='ltr' id='par_1_104' title="bbox 2223 4253 3940 4324">
     <span class='ocr_line' id='line_1_104' title="bbox 2223 4253 3940 4324; baseline 0 -16"><span class='ocrx_word' id='word_1_832' title='bbox 2223 4255 2451 4309; x_wconf 89' lang='lat' dir='ltr'><strong><em>tionem</em></strong></span> <span class='ocrx_word' id='word_1_833' title='bbox 2462 4271 2577 4310; x_wconf 89' lang='lat' dir='ltr'><strong><em>non</em></strong></span> <span class='ocrx_word' id='word_1_834' title='bbox 2597 4253 3031 4324; x_wconf 79' lang='lat' dir='ltr'><strong><em>ignoraverunt.</em></strong></span> <span class='ocrx_word' id='word_1_835' title='bbox 3046 4255 3179 4310; x_wconf 89' lang='lat' dir='ltr'><strong><em>Erat</em></strong></span> <span class='ocrx_word' id='word_1_836' title='bbox 3189 4254 3343 4309; x_wconf 86' lang='lat' dir='ltr'><strong><em>enim</em></strong></span> <span class='ocrx_word' id='word_1_837' title='bbox 3356 4270 3469 4309; x_wconf 90' lang='lat' dir='ltr'><strong><em>non</em></strong></span> <span class='ocrx_word' id='word_1_838' title='bbox 3483 4255 3666 4308; x_wconf 89' lang='lat' dir='ltr'><strong><em>solum</em></strong></span> <span class='ocrx_word' id='word_1_839' title='bbox 3680 4255 3940 4312; x_wconf 83' lang='lat' dir='ltr'><strong><em>eruditus</em></strong></span> 
     </span>
    </p>
   </div>
   <div class='ocr_carea' id='block_1_105' title="bbox 2225 4343 3940 4416">
    <p class='ocr_par' dir='ltr' id='par_1_105' title="bbox 2225 4343 3940 4416">
     <span class='ocr_line' id='line_1_105' title="bbox 2225 4343 3940 4416; baseline 0.001 -19"><span class='ocrx_word' id='word_1_840' title='bbox 2225 4343 2416 4398; x_wconf 90' lang='lat' dir='ltr'><strong><em>scriba</em></strong></span> <span class='ocrx_word' id='word_1_841' title='bbox 2463 4343 2525 4397; x_wconf 90' lang='lat' dir='ltr'><strong><em>in</em></strong></span> <span class='ocrx_word' id='word_1_842' title='bbox 2554 4359 2737 4415; x_wconf 87' lang='lat' dir='ltr'><strong><em>regno</em></strong></span> <span class='ocrx_word' id='word_1_843' title='bbox 2761 4344 3058 4412; x_wconf 76' lang='lat' dir='ltr'><strong><em>caelorum,</em></strong></span> <span class='ocrx_word' id='word_1_844' title='bbox 3098 4343 3168 4398; x_wconf 90' lang='lat' dir='ltr'><strong><em>de</em></strong></span> <span class='ocrx_word' id='word_1_845' title='bbox 3219 4343 3488 4399; x_wconf 85' lang='lat' dir='ltr'><strong><em>thesauro</em></strong></span> <span class='ocrx_word' id='word_1_846' title='bbox 3512 4361 3614 4399; x_wconf 89' lang='lat' dir='ltr'><strong><em>suo</em></strong></span> <span class='ocrx_word' id='word_1_847' title='bbox 3645 4346 3940 4416; x_wconf 84' lang='lat' dir='ltr'><strong><em>proferens</em></strong></span> 
     </span>
    </p>
   </div>
   <div class='ocr_carea' id='block_1_106' title="bbox 2231 4432 3940 4504">
    <p class='ocr_par' dir='ltr' id='par_1_106' title="bbox 2231 4432 3940 4504">
     <span class='ocr_line' id='line_1_106' title="bbox 2231 4432 3940 4504; baseline 0.002 -18"><span class='ocrx_word' id='word_1_848' title='bbox 2231 4448 2380 4486; x_wconf 89' lang='lat' dir='ltr'><strong><em>nova</em></strong></span> <span class='ocrx_word' id='word_1_849' title='bbox 2410 4436 2470 4487; x_wconf 90' lang='lat' dir='ltr'><strong><em>et</em></strong></span> <span class='ocrx_word' id='word_1_850' title='bbox 2510 4436 2727 4499; x_wconf 84' lang='lat' dir='ltr'><strong><em>vetera,</em></strong></span> <span class='ocrx_word' id='word_1_851' title='bbox 2757 4437 2815 4486; x_wconf 88' lang='lat' dir='ltr'><strong><em>et</em></strong></span> <span class='ocrx_word' id='word_1_852' title='bbox 2843 4448 2996 4487; x_wconf 89' lang='lat' dir='ltr'><strong><em>unus</em></strong></span> <span class='ocrx_word' id='word_1_853' title='bbox 3040 4433 3487 4504; x_wconf 86' lang='lat' dir='ltr'><strong><em>negotiatorum,</em></strong></span> <span class='ocrx_word' id='word_1_854' title='bbox 3519 4433 3616 4504; x_wconf 89' lang='lat' dir='ltr'><strong><em>qui</em></strong></span> <span class='ocrx_word' id='word_1_855' title='bbox 3646 4432 3940 4489; x_wconf 84' lang='lat' dir='ltr'><strong><em>inventam</em></strong></span> 
     </span>
    </p>
   </div>
   <div class='ocr_carea' id='block_1_107' title="bbox 2239 4521 3939 4594">
    <p class='ocr_par' dir='ltr' id='par_1_107' title="bbox 2239 4521 3939 4594">
     <span class='ocr_line' id='line_1_107' title="bbox 2239 4521 3939 4594; baseline 0.002 -17"><span class='ocrx_word' id='word_1_856' title='bbox 2239 4521 2558 4593; x_wconf 88' lang='lat' dir='ltr'><strong><em>pretiosam</em></strong></span> <span class='ocrx_word' id='word_1_857' title='bbox 2587 4521 2981 4594; x_wconf 89' lang='lat' dir='ltr'><strong><em>margaritam,</em></strong></span> <span class='ocrx_word' id='word_1_858' title='bbox 3040 4538 3169 4594; x_wconf 67' lang='lat' dir='ltr'><strong><em>qua:</em></strong></span> <span class='ocrx_word' id='word_1_859' title='bbox 3197 4522 3444 4577; x_wconf 87' lang='lat' dir='ltr'><strong><em>habebat</em></strong></span> <span class='ocrx_word' id='word_1_860' title='bbox 3482 4523 3740 4579; x_wconf 88' lang='lat' dir='ltr'><strong><em>venditis.</em></strong></span> <span class='ocrx_word' id='word_1_861' title='bbox 3792 4541 3939 4580; x_wconf 85' lang='lat' dir='ltr'><strong><em>com-</em></strong></span> 
     </span>
    </p>
   </div>
   <div class='ocr_carea' id='block_1_108' title="bbox 2232 4610 3943 4683">
    <p class='ocr_par' dir='ltr' id='par_1_108' title="bbox 2232 4610 3943 4683">
     <span class='ocr_line' id='line_1_108' title="bbox 2232 4610 3943 4683; baseline 0 -18"><span class='ocrx_word' id='word_1_862' title='bbox 2232 4610 2458 4683; x_wconf 87' lang='lat' dir='ltr'><strong><em>paravit</em></strong></span> <span class='ocrx_word' id='word_1_863' title='bbox 2491 4611 2713 4680; x_wconf 82' lang='lat' dir='ltr'><strong><em>(Malth.</em></strong></span> <span class='ocrx_word' id='word_1_864' title='bbox 2753 4627 2873 4679; x_wconf 87' lang='lat' dir='ltr'><strong><em>xm,</em></strong></span> <span class='ocrx_word' id='word_1_865' title='bbox 2907 4614 2997 4680; x_wconf 81' lang='grc'><strong><em>52,</em></strong></span> <span class='ocrx_word' id='word_1_866' title='bbox 3026 4614 3117 4675; x_wconf 81' lang='grc'><strong><em>45,</em></strong></span> <span class='ocrx_word' id='word_1_867' title='bbox 3146 4610 3245 4682; x_wconf 75' lang='grc'><strong><em>46)</em></strong></span> <span class='ocrx_word' id='word_1_868' title='bbox 3277 4628 3291 4666; x_wconf 91' lang='lat'><strong><em>:</em></strong></span> <span class='ocrx_word' id='word_1_869' title='bbox 3319 4628 3518 4667; x_wconf 87' lang='lat' dir='ltr'><strong><em>verum</em></strong></span> <span class='ocrx_word' id='word_1_870' title='bbox 3563 4612 3739 4668; x_wconf 88' lang='lat' dir='ltr'><strong><em>etiam</em></strong></span> <span class='ocrx_word' id='word_1_871' title='bbox 3786 4631 3854 4670; x_wconf 85' lang='lat' dir='ltr'><strong><em>ex</em></strong></span> <span class='ocrx_word' id='word_1_872' title='bbox 3882 4614 3943 4668; x_wconf 88' lang='lat' dir='ltr'><strong><em>iis</em></strong></span> 
     </span>
    </p>
   </div>
   <div class='ocr_carea' id='block_1_109' title="bbox 2238 4699 3943 4774">
    <p class='ocr_par' dir='ltr' id='par_1_109' title="bbox 2238 4699 3943 4774">
     <span class='ocr_line' id='line_1_109' title="bbox 2238 4699 3943 4774; baseline 0.001 -19"><span class='ocrx_word' id='word_1_873' title='bbox 2238 4700 2311 4755; x_wconf 89' lang='lat' dir='ltr'><strong><em>ad</em></strong></span> <span class='ocrx_word' id='word_1_874' title='bbox 2356 4715 2502 4773; x_wconf 90' lang='lat' dir='ltr'><strong><em>quos</em></strong></span> <span class='ocrx_word' id='word_1_875' title='bbox 2543 4699 2821 4771; x_wconf 87' lang='lat' dir='ltr'><strong><em>scriptum</em></strong></span> <span class='ocrx_word' id='word_1_876' title='bbox 2852 4704 2957 4768; x_wconf 89' lang='lat' dir='ltr'><strong><em>est,</em></strong></span> <span class='ocrx_word' id='word_1_877' title='bbox 2989 4700 3080 4757; x_wconf 88' lang='lat' dir='ltr'><strong><em>Sic</em></strong></span> <span class='ocrx_word' id='word_1_878' title='bbox 3105 4701 3415 4771; x_wconf 85' lang='lat' dir='ltr'><strong><em>loquimini,</em></strong></span> <span class='ocrx_word' id='word_1_879' title='bbox 3440 4707 3490 4757; x_wconf 92' lang='lat' dir='ltr'><strong><em>et</em></strong></span> <span class='ocrx_word' id='word_1_880' title='bbox 3517 4704 3596 4756; x_wconf 91' lang='lat' dir='ltr'><strong><em>sic</em></strong></span> <span class='ocrx_word' id='word_1_881' title='bbox 3622 4703 3799 4769; x_wconf 84' lang='lat' dir='ltr'><strong><em>facite</em></strong></span> <span class='ocrx_word' id='word_1_882' title='bbox 3825 4702 3943 4774; x_wconf 84' lang='lat' dir='ltr'><strong><em>(Ja-</em></strong></span> 
     </span>
    </p>
   </div>
   <div class='ocr_carea' id='block_1_110' title="bbox 2290 4850 3947 4915">
    <p class='ocr_par' dir='ltr' id='par_1_110' title="bbox 2290 4850 3947 4915">
     <span class='ocr_line' id='line_1_110' title="bbox 2290 4850 3947 4915; baseline 0.002 -14"><span class='ocrx_word' id='word_1_883' title='bbox 2290 4854 2306 4888; x_wconf 78' lang='grc' dir='ltr'>ί</span> <span class='ocrx_word' id='word_1_884' title='bbox 2339 4850 2582 4915; x_wconf 78' lang='lat' dir='ltr'><strong><em>Salinas:</em></strong></span> <span class='ocrx_word' id='word_1_885' title='bbox 2609 4852 2736 4903; x_wconf 83' lang='lat' dir='ltr'><strong><em>Tres</em></strong></span> <span class='ocrx_word' id='word_1_886' title='bbox 2754 4850 3203 4915; x_wconf 74' lang='lat' dir='ltr'><strong><em>Mss.,intrabant</em></strong></span> <span class='ocrx_word' id='word_1_887' title='bbox 3222 4868 3243 4911; x_wconf 80' lang='lat'><strong><em>,-</em></strong></span> <span class='ocrx_word' id='word_1_888' title='bbox 3269 4864 3412 4901; x_wconf 87' lang='lat' dir='ltr'><strong><em>unus</em></strong></span> <span class='ocrx_word' id='word_1_889' title='bbox 3441 4850 3819 4915; x_wconf 83' lang='lat' dir='ltr'><strong><em>prosequitur:</em></strong></span> <span class='ocrx_word' id='word_1_890' title='bbox 3866 4852 3947 4905; x_wconf 75' lang='lat' dir='ltr'><strong><em>vel</em></strong></span> 
     </span>
    </p>
   </div>
   <div class='ocr_carea' id='block_1_111' title="bbox 2230 4914 3617 5051">
    <p class='ocr_par' dir='ltr' id='par_1_111' title="bbox 2230 4914 3617 5051">
     <span class='ocr_line' id='line_1_111' title="bbox 2230 4914 3455 4980; baseline -0.006 -13"><span class='ocrx_word' id='word_1_891' title='bbox 2230 4926 2349 4966; x_wconf 86' lang='lat' dir='ltr'><strong><em>cum</em></strong></span> <span class='ocrx_word' id='word_1_892' title='bbox 2373 4917 2419 4963; x_wconf 81' lang='lat' dir='ltr'><strong><em>et</em></strong></span> <span class='ocrx_word' id='word_1_893' title='bbox 2445 4914 2668 4976; x_wconf 77' lang='lat' dir='ltr'><strong><em>refectio</em></strong></span> <span class='ocrx_word' id='word_1_894' title='bbox 2699 4914 3043 4980; x_wconf 57' lang='grc' dir='ltr'><strong><em>σπῆι-δοίην.</em></strong></span> <span class='ocrx_word' id='word_1_895' title='bbox 3108 4914 3178 4964; x_wconf 90' lang='grc' dir='ltr'><strong>Μ.</strong></span> <span class='ocrx_word' id='word_1_896' title='bbox 3447 4914 3455 4915; x_wconf 56' lang='lat'><strong><em>’</em></strong></span> 
     </span>
     <span class='ocr_line' id='line_1_112' title="bbox 2291 4976 3617 5051; baseline -0.001 -24"><span class='ocrx_word' id='word_1_897' title='bbox 2291 4976 2517 5051; x_wconf 53' lang='grc' dir='ltr'><strong><em>ξ-Ιξῐρεξτί</em></strong></span> <span class='ocrx_word' id='word_1_898' title='bbox 2545 4990 2733 5051; x_wconf 70' lang='lat' dir='ltr'><strong><em>gmnes</em></strong></span> <span class='ocrx_word' id='word_1_899' title='bbox 2753 4978 2891 5051; x_wconf 53' lang='lat' dir='ltr'><strong><em>Mes.</em></strong></span> <span class='ocrx_word' id='word_1_900' title='bbox 2907 4976 3156 5051; x_wconf 75' lang='grc' dir='ltr'><strong><em>⁸οιιιὶιιιιιι</em></strong></span> <span class='ocrx_word' id='word_1_901' title='bbox 3180 4987 3299 5025; x_wconf 82' lang='lat' dir='ltr'><strong><em>cum</em></strong></span> <span class='ocrx_word' id='word_1_902' title='bbox 3320 4988 3378 5025; x_wconf 88' lang='lat' dir='ltr'><strong><em>co</em></strong></span> <span class='ocrx_word' id='word_1_903' title='bbox 3399 4977 3617 5040; x_wconf 83' lang='lat' dir='ltr'><strong><em>pariter.</em></strong></span> 
     </span>
    </p>
   </div>
   <div class='ocr_carea' id='block_1_112' title="bbox 2291 5038 3324 5102">
    <p class='ocr_par' dir='ltr' id='par_1_112' title="bbox 2291 5038 3324 5102">
     <span class='ocr_line' id='line_1_113' title="bbox 2291 5038 3324 5102; baseline -0.001 -14"><span class='ocrx_word' id='word_1_904' title='bbox 2291 5040 2312 5073; x_wconf 79' lang='grc'><strong>³</strong></span> <span class='ocrx_word' id='word_1_905' title='bbox 2334 5038 2511 5088; x_wconf 84' lang='lat' dir='ltr'><strong><em>Editio</em></strong></span> <span class='ocrx_word' id='word_1_906' title='bbox 2545 5040 2672 5089; x_wconf 86' lang='lat' dir='ltr'><strong><em>Lov.</em></strong></span> <span class='ocrx_word' id='word_1_907' title='bbox 2703 5039 2870 5094; x_wconf 87' lang='lat' dir='ltr'><strong><em>addit.</em></strong></span> <span class='ocrx_word' id='word_1_908' title='bbox 2899 5040 2952 5088; x_wconf 81' lang='lat' dir='ltr'><strong><em>in</em></strong></span> <span class='ocrx_word' id='word_1_909' title='bbox 2970 5049 3144 5102; x_wconf 85' lang='lat' dir='ltr'><strong><em>pace._</em></strong></span> <span class='ocrx_word' id='word_1_910' title='bbox 3320 5082 3324 5087; x_wconf 84' lang='lat'><strong><em>.</em></strong></span> 
     </span>
    </p>
   </div>
   <div class='ocr_carea' id='block_1_113' title="bbox 2293 5099 3942 5173">
    <p class='ocr_par' dir='ltr' id='par_1_113' title="bbox 2293 5099 3942 5173">
     <span class='ocr_line' id='line_1_114' title="bbox 2293 5099 3942 5173; baseline 0.002 -23"><span class='ocrx_word' id='word_1_911' title='bbox 2293 5103 2314 5173; x_wconf 57' lang='grc' dir='ltr'><strong><em>ξ</em></strong></span> <span class='ocrx_word' id='word_1_912' title='bbox 2346 5102 2717 5173; x_wconf 74' lang='lat' dir='ltr'><strong><em>Germanensis</em></strong></span> <span class='ocrx_word' id='word_1_913' title='bbox 2746 5102 2910 5173; x_wconf 80' lang='lat' dir='ltr'><strong><em>codex</em></strong></span> <span class='ocrx_word' id='word_1_914' title='bbox 2940 5099 3174 5173; x_wconf 65' lang='lat' dir='ltr'><strong><em>preterit</em></strong></span> <span class='ocrx_word' id='word_1_915' title='bbox 3198 5100 3471 5173; x_wconf 49' lang='lat' dir='ltr'><strong><em>enutritus</em></strong></span> <span class='ocrx_word' id='word_1_916' title='bbox 3496 5116 3510 5161; x_wconf 87' lang='lat'><strong>;</strong></span> <span class='ocrx_word' id='word_1_917' title='bbox 3538 5103 3592 5150; x_wconf 88' lang='lat' dir='ltr'><strong><em>et</em></strong></span> <span class='ocrx_word' id='word_1_918' title='bbox 3617 5099 3779 5173; x_wconf 79' lang='lat' dir='ltr'><strong><em>infra,</em></strong></span> <span class='ocrx_word' id='word_1_919' title='bbox 3810 5101 3942 5173; x_wconf 82' lang='lat' dir='ltr'><strong><em>lo_co.</em></strong></span> 
     </span>
    </p>
   </div>
   <div class='ocr_carea' id='block_1_114' title="bbox 2232 5163 3941 5237">
    <p class='ocr_par' dir='ltr' id='par_1_114' title="bbox 2232 5163 3941 5237">
     <span class='ocr_line' id='line_1_115' title="bbox 2232 5163 3941 5237; baseline 0.003 -28"><span class='ocrx_word' id='word_1_920' title='bbox 2232 5163 2459 5237; x_wconf 60' lang='lat' dir='ltr'><strong><em>glnobis</em></strong></span> <span class='ocrx_word' id='word_1_921' title='bbox 2472 5176 2778 5237; x_wconf 53' lang='lat' dir='ltr'><strong><em>rchmfro</em></strong></span> <span class='ocrx_word' id='word_1_922' title='bbox 2793 5163 3160 5237; x_wconf 44' lang='lat' dir='ltr'><strong><em>ejusmrfefert</em></strong></span> <span class='ocrx_word' id='word_1_923' title='bbox 3174 5176 3187 5211; x_wconf 90' lang='lat'><strong><em>:</em></strong></span> <span class='ocrx_word' id='word_1_924' title='bbox 3203 5165 3273 5213; x_wconf 77' lang='lat' dir='ltr'><strong><em>Et</em></strong></span> <span class='ocrx_word' id='word_1_925' title='bbox 3286 5174 3319 5214; x_wconf 89' lang='lat' dir='ltr'><strong><em>a</em></strong></span> <span class='ocrx_word' id='word_1_926' title='bbox 3338 5163 3493 5237; x_wconf 57' lang='lat' dir='ltr'><strong><em>nobis</em></strong></span> <span class='ocrx_word' id='word_1_927' title='bbox 3508 5163 3751 5237; x_wconf 58' lang='lat' dir='ltr'><strong><em>prquus.</em></strong></span> <span class='ocrx_word' id='word_1_928' title='bbox 3780 5192 3841 5200; x_wconf 94' lang='lat'><strong>—</strong></span> <span class='ocrx_word' id='word_1_929' title='bbox 3853 5164 3941 5214; x_wconf 86' lang='lat' dir='ltr'><strong><em>Sa-</em></strong></span> 
     </span>
    </p>
   </div>
   <div class='ocr_carea' id='block_1_115' title="bbox 2230 5225 3716 5362">
    <p class='ocr_par' dir='ltr' id='par_1_115' title="bbox 2230 5225 3716 5362">
     <span class='ocr_line' id='line_1_116' title="bbox 2230 5225 3655 5335; baseline -0.001 -60"><span class='ocrx_word' id='word_1_930' title='bbox 2230 5226 2390 5324; x_wconf 50' lang='lat' dir='ltr'><strong><em>linsas,</em></strong></span> <span class='ocrx_word' id='word_1_931' title='bbox 2417 5240 2481 5275; x_wconf 87' lang='lat' dir='ltr'><strong><em>ex</em></strong></span> <span class='ocrx_word' id='word_1_932' title='bbox 2516 5226 2609 5276; x_wconf 88' lang='lat' dir='ltr'><strong><em>Cd.</em></strong></span> <span class='ocrx_word' id='word_1_933' title='bbox 2647 5225 2774 5290; x_wconf 78' lang='lat' dir='ltr'><strong><em>Reg.</em></strong></span> <span class='ocrx_word' id='word_1_934' title='bbox 2804 5240 2817 5276; x_wconf 88' lang='lat'><strong><em>:</em></strong></span> <span class='ocrx_word' id='word_1_935' title='bbox 2849 5227 2913 5276; x_wconf 81' lang='lat' dir='ltr'><strong><em>Et</em></strong></span> <span class='ocrx_word' id='word_1_936' title='bbox 2936 5225 3089 5299; x_wconf 70' lang='lat' dir='ltr'><strong><em>nobis</em></strong></span> <span class='ocrx_word' id='word_1_937' title='bbox 3118 5237 3294 5295; x_wconf 73' lang='lat' dir='ltr'><strong><em>coram</em></strong></span> <span class='ocrx_word' id='word_1_938' title='bbox 3308 5227 3522 5335; x_wconf 46' lang='lat' dir='ltr'><strong><em>positis.</em></strong></span> <span class='ocrx_word' id='word_1_939' title='bbox 3588 5225 3655 5274; x_wconf 77' lang='grc' dir='ltr'><strong>Μ.</strong></span> 
     </span>
     <span class='ocr_line' id='line_1_117' title="bbox 2292 5286 3716 5362; baseline -0.001 -26"><span class='ocrx_word' id='word_1_940' title='bbox 2292 5352 2311 5362; x_wconf 82' lang='lat'>_</span> <span class='ocrx_word' id='word_1_941' title='bbox 2335 5286 2654 5362; x_wconf 61' lang='lat' dir='ltr'><strong><em>Sichabent</em></strong></span> <span class='ocrx_word' id='word_1_942' title='bbox 2681 5289 2801 5362; x_wconf 62' lang='lat' dir='ltr'><strong><em>Mss.</em></strong></span> <span class='ocrx_word' id='word_1_943' title='bbox 2827 5292 2933 5362; x_wconf 71' lang='lat' dir='ltr'><strong><em>;at</em></strong></span> <span class='ocrx_word' id='word_1_944' title='bbox 2958 5287 3121 5362; x_wconf 44' lang='lat' dir='ltr'><strong><em>edit-1.:</em></strong></span> <span class='ocrx_word' id='word_1_945' title='bbox 3150 5287 3716 5362; x_wconf 31' lang='lat' dir='ltr'><strong><em>Fide/“presbyterio;</em></strong></span> 
     </span>
    </p>
   </div>
   <div class='ocr_carea' id='block_1_116' title="bbox 2291 5347 3938 5414">
    <p class='ocr_par' dir='ltr' id='par_1_116' title="bbox 2291 5347 3938 5414">
     <span class='ocr_line' id='line_1_118' title="bbox 2291 5347 3938 5414; baseline 0 -14"><span class='ocrx_word' id='word_1_946' title='bbox 2291 5352 2313 5385; x_wconf 74' lang='grc'>⁸</span> <span class='ocrx_word' id='word_1_947' title='bbox 2335 5350 2474 5414; x_wconf 61' lang='lat' dir='ltr'><strong><em>Editi</em></strong></span> <span class='ocrx_word' id='word_1_948' title='bbox 2498 5351 2755 5414; x_wconf 55' lang='lat' dir='ltr'><strong><em>praebent,</em></strong></span> <span class='ocrx_word' id='word_1_949' title='bbox 2783 5350 3200 5414; x_wconf 72' lang='lat' dir='ltr'><strong><em>continentium.</em></strong></span> <span class='ocrx_word' id='word_1_950' title='bbox 3230 5374 3290 5386; x_wconf 91' lang='lat'><strong><em>-—</em></strong></span> <span class='ocrx_word' id='word_1_951' title='bbox 3316 5347 3401 5414; x_wconf 81' lang='lat' dir='ltr'><strong><em>Sic</em></strong></span> <span class='ocrx_word' id='word_1_952' title='bbox 3425 5347 3581 5414; x_wconf 80' lang='lat' dir='ltr'><strong><em>etiam</em></strong></span> <span class='ocrx_word' id='word_1_953' title='bbox 3613 5347 3842 5399; x_wconf 83' lang='lat' dir='ltr'><strong><em>Salinas.</em></strong></span> <span class='ocrx_word' id='word_1_954' title='bbox 3873 5351 3938 5405; x_wconf 81' lang='grc' dir='ltr'><strong>Μ,</strong></span> 
     </span>
    </p>
   </div>
   <div class='ocr_carea' id='block_1_117' title="bbox 2290 5408 3935 5487">
    <p class='ocr_par' dir='ltr' id='par_1_117' title="bbox 2290 5408 3935 5487">
     <span class='ocr_line' id='line_1_119' title="bbox 2290 5408 3935 5487; baseline -0.001 -26"><span class='ocrx_word' id='word_1_955' title='bbox 2290 5414 2311 5448; x_wconf 79' lang='grc' dir='ltr'><em>ἰ</em></span> <span class='ocrx_word' id='word_1_956' title='bbox 2341 5408 2518 5487; x_wconf 71' lang='grc' dir='ltr'><strong><em>Εᾲίῑὶξ</em></strong></span> <span class='ocrx_word' id='word_1_957' title='bbox 2550 5415 2652 5487; x_wconf 51' lang='lat' dir='ltr'><strong><em>Pro</em></strong></span> <span class='ocrx_word' id='word_1_958' title='bbox 2679 5414 3066 5487; x_wconf 62' lang='lat' dir='ltr'><strong><em>epigrammate</em></strong></span> <span class='ocrx_word' id='word_1_959' title='bbox 3091 5408 3272 5484; x_wconf 57' lang='lat' dir='ltr'><strong><em>ﬁnxit,</em></strong></span> <span class='ocrx_word' id='word_1_960' title='bbox 3301 5411 3515 5487; x_wconf 73' lang='lat' dir='ltr'><strong><em>dicens._</em></strong></span> <span class='ocrx_word' id='word_1_961' title='bbox 3543 5411 3739 5487; x_wconf 66' lang='lat' dir='ltr'><strong><em>omnes</em></strong></span> <span class='ocrx_word' id='word_1_962' title='bbox 3773 5414 3935 5487; x_wconf 51' lang='lat' dir='ltr'><strong><em>Pisa:</em></strong></span> 
     </span>
    </p>
   </div>
   <div class='ocr_carea' id='block_1_118' title="bbox 2221 5470 3940 5649">
    <p class='ocr_par' dir='ltr' id='par_1_118' title="bbox 2221 5470 3940 5649">
     <span class='ocr_line' id='line_1_120' title="bbox 2221 5470 3940 5649; baseline 0.001 -64"><span class='ocrx_word' id='word_1_963' title='bbox 2221 5477 2664 5649; x_wconf 52' lang='grc' dir='ltr'><strong><em>ἱξέζῖἒξέῗξιί</em></strong></span> <span class='ocrx_word' id='word_1_964' title='bbox 2679 5473 3237 5608; x_wconf 50' lang='grc' dir='ltr'><strong><em>ἓέτθιξεέῗδεὲῗηιῖἓοθ</em></strong></span> <span class='ocrx_word' id='word_1_965' title='bbox 3251 5470 3940 5601; x_wconf 56' lang='grc' dir='ltr'><strong><em>ρὲἷῧῖθᾶξῖιαῖἳνιὲΰῧὲ</em></strong></span> 
     </span>
     <span class='ocr_line' id='line_1_121' title="bbox 2229 5612 2508 5648; baseline -0.007 -1"><span class='ocrx_word' id='word_1_966' title='bbox 2229 5612 2257 5648; x_wconf 74' lang='grc' dir='ltr'><em>ε</em></span> <span class='ocrx_word' id='word_1_967' title='bbox 2362 5633 2375 5644; x_wconf 85' lang='grc'><strong>.</strong></span> <span class='ocrx_word' id='word_1_968' title='bbox 2495 5634 2508 5646; x_wconf 93' lang='grc'><strong>.</strong></span> 
     </span>
    </p>
   </div>
   <div class='ocr_carea' id='block_1_119' title="bbox 2229 5612 2508 5648">
    <p class='ocr_par' dir='ltr' id='par_1_119' title="bbox 2229 5612 2508 5648">
     <span class='ocr_line' id='line_1_122' title="bbox 2229 5612 2508 5648; baseline -0.007 0"><span class='ocrx_word' id='word_1_969' title='bbox 2229 5612 2375 5648; x_wconf 74' lang='grc' dir='ltr'><strong><em>εεηε.</em></strong></span> <span class='ocrx_word' id='word_1_970' title='bbox 2439 5612 2508 5648; x_wconf 79' lang='grc' dir='ltr'><strong>Μ.</strong></span> 
     </span>
    </p>
   </div>
   <div class='ocr_carea' id='block_1_120' title="bbox 2293 5659 3941 5726">
    <p class='ocr_par' dir='ltr' id='par_1_120' title="bbox 2293 5659 3941 5726">
     <span class='ocr_line' id='line_1_123' title="bbox 2293 5659 3941 5726; baseline 0.002 -17"><span class='ocrx_word' id='word_1_971' title='bbox 2293 5662 2325 5726; x_wconf 37' lang='grc'><strong><em>³-</em></strong></span> <span class='ocrx_word' id='word_1_972' title='bbox 2347 5660 2868 5726; x_wconf 83' lang='lat' dir='ltr'><strong><em>GermanensesMss.</em></strong></span> <span class='ocrx_word' id='word_1_973' title='bbox 2890 5673 2903 5710; x_wconf 93' lang='lat'><strong><em>:</em></strong></span> <span class='ocrx_word' id='word_1_974' title='bbox 2934 5663 2994 5713; x_wconf 89' lang='lat' dir='ltr'><strong><em>In</em></strong></span> <span class='ocrx_word' id='word_1_975' title='bbox 3015 5659 3258 5712; x_wconf 73' lang='lat' dir='ltr'><strong><em>Ecclesia</em></strong></span> <span class='ocrx_word' id='word_1_976' title='bbox 3269 5659 3454 5710; x_wconf 85' lang='lat' dir='ltr'><strong><em>audire</em></strong></span> <span class='ocrx_word' id='word_1_977' title='bbox 3461 5661 3881 5726; x_wconf 69' lang='lat' dir='ltr'><strong><em>prasentialiter</em></strong></span> <span class='ocrx_word' id='word_1_978' title='bbox 3896 5665 3941 5712; x_wconf 80' lang='lat' dir='ltr'><strong><em>el</em></strong></span> 
     </span>
    </p>
   </div>
   <div class='ocr_carea' id='block_1_121' title="bbox 2231 5722 2751 5795">
    <p class='ocr_par' dir='ltr' id='par_1_121' title="bbox 2231 5722 2751 5795">
     <span class='ocr_line' id='line_1_124' title="bbox 2231 5722 2751 5795; baseline -0.006 -22"><span class='ocrx_word' id='word_1_979' title='bbox 2231 5722 2751 5795; x_wconf 42' lang='lat' dir='ltr'><strong><em>utdel-(potuerunt.</em></strong></span> 
     </span>
    </p>
   </div>
   <div class='ocr_carea' id='block_1_122' title="bbox 2303 5783 3850 5853">
    <p class='ocr_par' dir='ltr' id='par_1_122' title="bbox 2303 5783 3850 5853">
     <span class='ocr_line' id='line_1_125' title="bbox 2303 5783 3850 5853; baseline -0.001 -19"><span class='ocrx_word' id='word_1_980' title='bbox 2303 5785 2326 5819; x_wconf 72' lang='grc' dir='ltr'><strong>θ</strong></span> <span class='ocrx_word' id='word_1_981' title='bbox 2355 5783 2579 5844; x_wconf 84' lang='lat' dir='ltr'><strong><em>Salinas,</em></strong></span> <span class='ocrx_word' id='word_1_982' title='bbox 2607 5797 2672 5835; x_wconf 85' lang='lat' dir='ltr'><strong><em>ex</em></strong></span> <span class='ocrx_word' id='word_1_983' title='bbox 2698 5783 2789 5834; x_wconf 89' lang='lat' dir='ltr'><strong><em>Cd.</em></strong></span> <span class='ocrx_word' id='word_1_984' title='bbox 2825 5785 2953 5850; x_wconf 78' lang='lat' dir='ltr'><strong><em>Reg.</em></strong></span> <span class='ocrx_word' id='word_1_985' title='bbox 2983 5788 3067 5835; x_wconf 74' lang='lat' dir='ltr'><strong><em>5H</em></strong></span> <span class='ocrx_word' id='word_1_986' title='bbox 3092 5800 3104 5833; x_wconf 87' lang='lat'><strong><em>:</em></strong></span> <span class='ocrx_word' id='word_1_987' title='bbox 3137 5787 3205 5837; x_wconf 82' lang='lat' dir='ltr'><strong><em>Et</em></strong></span> <span class='ocrx_word' id='word_1_988' title='bbox 3232 5786 3348 5848; x_wconf 87' lang='lat' dir='ltr'><strong><em>ejus</em></strong></span> <span class='ocrx_word' id='word_1_989' title='bbox 3374 5787 3713 5853; x_wconf 61' lang='lat' dir='ltr'><strong><em>praesentem.</em></strong></span> <span class='ocrx_word' id='word_1_990' title='bbox 3779 5787 3850 5837; x_wconf 78' lang='grc' dir='ltr'><strong>Μ.</strong></span> 
     </span>
    </p>
   </div>
  </div>
