4020 6378
119 380 175 432 65
1006 364 1179 422 VITA
1222 364 1282 420 S.
1323 362 1706 420 AUGUSTINI
1747 361 2084 422 EPISCOPI.
2119 363 2330 418 LIBER
2371 362 2665 418 PRIMUS.
3525 371 3592 423 66

54 505 57 520 ³
114 496 217 552 cati
237 510 290 559 ιι,
325 490 432 560 t2);
463 493 522 544 et
548 489 618 544 de
657 489 865 560 quibus
911 489 1169 543 Salvator
1193 487 1348 554 dicit,
1381 487 1486 554 Qui
1510 489 1699 554 fecerit
1729 491 1780 541 et
1885 488 1973 540 ter
2001 500 2064 540 ac
2091 484 2330 540 dulciter
2352 485 2485 552 vixi,
2517 490 2573 540 et
2598 485 2658 539 in
2677 485 2787 540 hoc
2815 487 3020 541 saeculo
3045 490 3348 543 aemulator
3375 496 3431 544 et
3459 491 3588 545 imi-

54 593 58 626 ι
112 583 323 640 docuerit
348 581 421 635 sic
452 579 708 644 homines,
737 578 824 632 hic
844 592 1071 646 magnus
1096 577 1375 632 vocabitur
1403 579 1460 630 in
1488 592 1650 645 regno
1682 592 1779 630 cce-

54 681 56 712 τ
106 675 255 728 10mm
283 669 490 740 (Matth.
531 683 588 736 v,
625 669 732 737 t9).

54 771 56 794 τ
164 761 510 818 Ρθῐοοδιιιθω
542 755 836 826 impendio
869 758 1111 810 vestram
1135 754 1492 825 charitatem,
1522 754 1622 826 qui
1652 753 1774 808 haec

100 850 282 920 scripta
324 845 526 916 legitis,
577 851 640 899 ut
687 860 915 900 mecum
959 844 1344 916 omnipotenti
1391 846 1505 899 Deo
1558 844 1774 914 gratias

54 949 56 978 ῖ
98 938 272 1009 agatis,
308 934 720 1004 Dominamque
749 933 1116 997 benedicatis,
1147 933 1247 1004 qui
1279 932 1480 987 tribuit
1513 933 1654 986 mihi
1693 932 1774 985 in-

54 1041 56 1066 ε
99 1028 378 1090 tellectum,
399 1027 462 1076 ut
490 1023 611 1076 haec
641 1022 700 1076 in
723 1021 985 1076 notitiam
1006 1025 1062 1075 et
1088 1021 1462 1091 prmsentium
1485 1025 1542 1074 et
1570 1020 1774 1074 absen-

54 1153 56 1158 -
99 1117 222 1170 tium
249 1110 540 1184 praesentis
560 1110 835 1182 temporis
857 1116 911 1164 et
939 1109 1120 1165 futuri
1145 1109 1467 1176 hominum,
1492 1115 1548 1164 et
1568 1109 1773 1163 vellem

102 1204 310 1267 deferre,
341 1205 390 1254 et
420 1200 755 1267 valuissem;
787 1208 841 1254 et
873 1216 1097 1254 mecum
1135 1215 1199 1253 ac
1229 1215 1332 1270 pro
1364 1215 1455 1253 me
1482 1199 1680 1265 oretis,
1716 1202 1777 1252 ut

54 1305 56 1308 '
101 1293 230 1348 illius
245 1288 527 1361 quondam
553 1288 678 1355 viri,
700 1305 831 1343 cum
859 1305 973 1360 quo
993 1289 1171 1343 ferme
1201 1288 1367 1342 annis
1392 1287 1776 1360 quadraginta

54 1388 56 1390 ’
105 1379 186 1435 Dei
223 1379 362 1434 dono
393 1379 410 1413 ί
446 1378 662 1449 absque
702 1393 896 1431 amara
927 1378 1042 1431 ulla
1090 1373 1442 1432 dissensione
1473 1376 1773 1432 familiari-

158 1527 170 1557 ι
199 1519 506 1571 Fossatensis
528 1520 656 1568 Mss.
687 1535 700 1569 :
731 1519 827 1569 Dei
853 1521 1015 1570 domo.

1431 1696 1808 1706 -——-———.—————

1884 578 2037 627 tator
2064 572 2324 639 existam,
2346 577 2404 627 et
2429 573 2489 627 in
2517 573 2710 627 futuro
2733 573 3139 644 omnipotentis
3169 576 3265 629 Dei
3288 578 3589 647 promissis

1884 678 2016 718 cum
2042 661 2242 716 eodem
2269 661 2548 733 perfruar.
2578 665 2762 716 Amen
2800 663 2841 716 ί.

1947 911 1962 944 ¹
1992 908 2232 972 Salinas;
2265 911 2322 958 In
2358 909 2538 960 codice
2572 909 2785 972 Regium
2816 911 2902 972 541
2931 909 3032 960 hoc
3060 907 3419 972 additurkﬂnis
3469 921 3590 972 cum

1885 971 2304 1042 nonnullis_a1iis
2322 972 2493 1042 verbis
2522 971 2588 1021 ad
2600 969 2993 1042 translationes
3009 971 3243 1042 corporis
3273 969 3590 1042 S._Docto_ris_

1883 1033 2267 1096 pertinentibus
2289 1049 2300 1081 :
2318 1034 2560 1091 Quicum
2587 1037 2694 1082 Deo
2709 1036 2871 1084 Patre
2885 1037 2939 1084 et
2959 1033 3178 1096 Spiritu
3189 1037 3376 1096 sancto
3399 1033 3524 1082 vivit
3539 1037 3594 1082 et
3624 1089 3631 1096 ,

1917 1095 2149 1170 tor-tatur
2159 1099 2212 1170 et
2225 1101 2406 1170 regnat
2420 1098 2560 1170 Deus
2570 1110 2664 1159 per
2672 1099 2853 1170 omnia
2865 1107 3000 1170 sane}:
3007 1095 3060 1146 ta
3071 1095 3446 1170 sagcuto-runmt
3458 1108 3570 1170 tuen
3579 1130 3593 1145 .

1917 1109 2149 1145 toriatur
2160 1109 2212 1144 et
2225 1109 2406 1157 regnat
2420 1109 2560 1146 Heus
2570 1110 2664 1159 per
2672 1109 2853 1146 omnia
2865 1109 3000 1145 sarci:
3007 1109 3060 1146 ta
3071 1109 3446 1146 saecutorumm
3458 1109 3570 1142 men
3579 1130 3593 1145 .

1883 1109 2141 1205 insititius
2159 1156 2244 1206 hic
2274 1158 2391 1206 tinis
2415 1163 2511 1218 est,
2543 1171 2638 1207 nec
2663 1157 2729 1206 ad
2761 1157 2980 1206 Possidii
3003 1157 3230 1220 pertinet
3243 1161 3462 1220 textum.
3490 1157 3593 1204 No-

1885 1224 1998 1282 tum
2013 1223 2092 1267 est
2108 1220 2251 1268 enim
2273 1220 2638 1269 ecclesiastica:
2652 1220 2980 1282 antiquitatis
2995 1218 3266 1282 Studiosis,
3286 1220 3342 1268 in
3359 1218 3461 1266 ﬁne
3480 1223 3593 1282 tum

1885 1280 2218 1344 Sermonum,
2241 1287 2354 1330 tum
2383 1282 2635 1340 Vitarum,
2662 1280 2827 1344 quia—tt
2853 1282 3127 1330 Veteribus
3151 1281 3308 1344 editas
3331 1285 3475 1338 sunt,
3498 1281 3592 1328 ali-

1885 1356 1990 1415 qua
2016 1342 2138 1415 addi
2168 1344 2425 1415 et__inseri,
2453 1342 2992 1415 sicuteotA—t‘requenter
3009 1343 3330 1415 detruncari,
3350 1347 3465 1415 tum
3494 1356 3589 1405 pro

1885 1405 2107 1453 dicentis
2133 1405 2515 1469 scribentisque
2537 1405 2860 1469 arbitrio,ac
2881 1405 3341 1469 proisolemnitatis
3364 1405 3588 1464 ratione,

1886 1471 2000 1531 tum
2031 1480 2122 1531 pro
2154 1468 2452 1531 temporum
2481 1469 2808 1517 necessitate.
2840 1468 3014 1526 Quod,
3045 1481 3168 1531 cum
3199 1472 3447 1531 accurate
3481 1479 3593 1515 non

1886 1528 2192 1589 advertitur,
2216 1528 2280 1579 in'
2304 1543 2488 1593 graves
2517 1545 2577 1579 ac
2605 1534 2784 1593 turpes
2815 1543 3020 1579 errores
3053 1529 3296 1594 impellit.
3333 1529 3401 1578 M.

568 2008 1202 2140 SANCTI
1315 1825 2072 2145 AUIiiaIEfi
2167 2017 3108 2192 AUGUSTINI

1281 2223 1906 2291 HIPPONENSIS
1970 2226 2398 2293 EPISCOPI

1013 2360 1112 2414 ΕΧ
1152 2359 1317 2416 EJUS
1355 2361 1784 2420 POTISSIMUM
1823 2364 2135 2423 SCRIPTIS
2172 2368 2658 2426 CONCINNA'I‘A.

1218 2637 1731 2765 LIBER
1843 2645 2491 2771 PRIMUS

470 2818 548 2867 De
575 2818 757 2883 primis
785 2817 966 2883 viginti
993 2834 1177 2869 novem
1207 2821 1357 2870 annis
1388 2824 1689 2887 Augustini,
1721 2827 1785 2876 ab
1817 2827 1931 2890 ejus
1968 2837 2096 2878 ortu
2115 2829 2178 2878 ad
2205 2831 2581 2894 profectionem
2611 2833 2844 2896 ejusdem
2875 2835 2928 2884 in
2965 2835 3182 2887 Italiam.

1684 2979 1992 2992 ——.—_—

639 3077 862 3132 CAPUT
901 3079 1173 3134 PRIMUM
1191 3123 1204 3136 .

99 3224 115 3272 1
144 3223 426 3287 Augustini
455 3223 670 3291 patria.
701 3224 735 3275 2
759 3222 973 3278 Natalis
1004 3221 1145 3277 dies.
1194 3226 1224 3276 3
1255 3224 1479 3282 Nomen.
1513 3227 1547 3280 4
1578 3227 1778 3281 Paren-

623 3316 697 3365 tes
735 3315 785 3364 et
822 3314 1223 3378 consanguinei.

153 3454 194 3504 t.
217 3452 477 3506 Aurelius
508 3451 884 3522 Augustinus.
915 3452 1002 3506 vir
1029 3453 1222 3507 divino
1247 3470 1484 3510 munere
1513 3458 1774 3514 Ecclesia:

91 3535 320 3606 donatus,
347 3541 653 3611 Tagastam
678 3539 985 3593 obscurum
1013 3540 1216 3594 Africa:
1244 3542 1522 3612 oppidum
1567 3544 1628 3598 in
1661 3547 1702 3600 Ν
1714 3562 1778 3600 ιι-

89 3626 254 3681 midia:
295 3629 722 3683 mediterranea
767 3635 949 3698 parte,
985 3629 1138 3684 haud
1176 3632 1378 3700 procul
1413 3633 1693 3687 Madauris
1725 3640 1782 3689 et

92 3715 539 3789 Hippone-Regio
572 3718 766 3783 situm,
797 3725 929 3772 ortu
978 3734 1080 3771 suo
1126 3719 1447 3774 nobilitavit
1484 3723 1685 3790 (Poss.,
1719 3726 1780 3776 in

98 3806 557 3875 VitaAugust.,c.
593 3811 611 3861 1
637 3823 650 3873 ;
674 3809 1147 3876 August.,Epist.
1169 3813 1303 3874 7,71.
1333 3812 1396 3874 6;
1419 3811 1660 3877 Con/ess.
1681 3813 1778 3866 tib.

92 3895 134 3957 2,
177 3910 286 3964 cap.
345 3899 400 3962 3,
461 3912 522 3950 τι.
579 3897 654 3966 5).
708 3897 781 3949 Ea
828 3895 1025 3950 civitas
1078 3896 1297 3950 nefario
1357 3899 1778 3953 Donatistarum

91 3982 348 4038 schismati
379 3991 498 4040 tota
534 3983 674 4038 olim
707 3985 1056 4040 adhaeserat:
1091 3984 1184 4038 sed
1233 4001 1384 4039 anno
1415 3985 1641 4040 circiter
1669 3992 1780 4042 tre-

90 4073 368 4127 centesimo
394 4073 840 4145 quadragesimo
865 4089 1017 4127 nono
1040 4073 1427 4128 Ccesarearum
1451 4076 1642 4146 legum
1669 4080 1779 4130 ter-

91 4175 192 4214 rore
217 4167 514 4234 computsa
559 4162 631 4216 ad
681 4163 1154 4216 communionem
1209 4163 1566 4231 catholicam,
1623 4170 1780 4219 tanto

90 4247 266 4305 deinde
293 4252 630 4306 animorum
652 4251 841 4306 studio
871 4250 933 4305 in
965 4267 1091 4305 eam
1125 4251 1363 4318 coaluit,
1388 4258 1451 4306 ut
1471 4269 1622 4307 anno
1654 4259 1783 4323 post

87 4340 412 4411 sexagesimo
439 4340 599 4395 illius
620 4339 820 4394 incolae
852 4340 920 4394 iis
952 4341 1244 4394 erroribus
1266 4357 1564 4412 nunquam
1593 4341 1784 4413 impli-

87 4425 166 4479 citi
191 4428 355 4482 l‘uisse
387 4429 725 4482 viderentur
754 4430 1038 4498 (August.,
1072 4431 1252 4498 Epist.
1289 4431 1377 4497 93,
1409 4447 1464 4484 η.
1499 4431 1606 4502 l7).

143 4518 188 4569 2.
218 4517 278 4571 In
298 4518 494 4572 lucem
519 4516 705 4572 editus
735 4522 820 4570 est
841 4517 1197 4586 Augustinus
1229 4518 1414 4573 idibus
1440 4519 1786 4590 novembris,

87 4619 214 4657 anno
242 4607 452 4661 Christi
474 4606 780 4677 (quantum
811 4622 877 4659 ex
907 4607 1184 4676 Prospero
1207 4613 1263 4662 et
1295 4607 1548 4663 Possidio
1579 4608 1786 4663 intelli~

87 4692 249 4762 gimus
265 4697 486 4766 {Prosp.
507 4735 523 4762 ,
548 4697 606 4748 in
625 4695 819 4750 Chron.
841 4711 855 4761 ;
877 4697 1123 4762 Poss.,in
1152 4697 1278 4750 Vita
1300 4698 1541 4764 August.
1559 4738 1572 4764 ,
1595 4714 1640 4751 c.
1661 4699 1777 4766 30).

86 4785 466 4838 trecentesimo
500 4782 982 4855 quinquagesimo
1019 4790 1223 4856 quarto
1250 4801 1262 4838 :
1297 4784 1510 4856 quippe
1542 4785 1642 4856 qui
1671 4777 1786 4839 vita

89 4873 294 4926 cesserit
321 4873 537 4944 quinto
569 4871 846 4926 kalendas
876 4871 1237 4942 septembris,
1258 4889 1409 4926 anno
1432 4873 1626 4927 salutis
1651 4889 1789 4944 qua-

87 4957 524 5030 dringentesimo
570 4959 892 5031 trigesimo,
943 4961 1128 5016 aetatis
1182 4978 1300 5015 suae
1368 4963 1788 5033 septuagesimo

89 5054 218 5102 sexto
247 5067 431 5121 prope
476 5050 762 5104 absoluto.
795 5049 958 5113 Quod
999 5049 1233 5122 quidem
1274 5051 1538 5121 pluribus
1567 5067 1633 5105 eo
1664 5051 1787 5105 loco

88 5137 491 5194 discutiendum
525 5139 652 5206 erit,
693 5138 790 5194 ubi
821 5138 890 5194 de
939 5145 1200 5211 tempore
1239 5137 1625 5194 conversionis
1669 5140 1790 5211 ejus

90 5229 245 5282 acturi
276 5245 514 5283 sumus.

145 5321 189 5370 3.
221 5319 364 5374 Cum
392 5316 679 5373 celebrari
709 5334 813 5388 per
842 5317 1036 5372 orbem
1069 5318 1257 5390 coepit,
1285 5317 1406 5388 jam
1435 5321 1560 5372 tum
1602 5317 1790 5372 eidem

91 5411 189 5458 erat
226 5422 578 5478 prmnomen
619 5407 892 5462 Aurelio:
946 5407 1097 5479 quod
1147 5407 1396 5478 perfecto
1443 5405 1562 5473 ille,
1593 5406 1709 5460 sive
1737 5406 1796 5460 id

91 5490 250 5550 iulans
296 5498 610 5566 acceperat
637 5494 776 5566 ipsis
821 5496 890 5549 ab
922 5495 1304 5562 incunabulis,
1340 5495 1454 5550 sive
1497 5499 1626 5566 post
1661 5495 1794 5549 vitae

92 5579 462 5656 doctrinaeque
490 5583 701 5638 merito
733 5589 960 5639 sanctus
988 5586 1192 5640 Doctor
1219 5583 1458 5656 adeptus
1489 5588 1632 5648 erat,
1655 5599 1798 5637 sem-

94 5686 174 5738 per
195 5675 460 5730 retinuit.
499 5671 644 5727 Nam
669 5672 776 5727 hoc
807 5671 1000 5744 ipsum
1029 5671 1387 5744 praenomine
1419 5671 1626 5726 Paulus
1656 5671 1795 5725 Oro-

96 5759 191 5814 sius
220 5763 277 5817 in
307 5780 433 5820 suae
463 5761 731 5818 Historiae
761 5762 856 5818 Ad
888 5763 1175 5819 Aurelium
1203 5763 1574 5830 Augustinum
1602 5758 1797 5816 inscri—

1884 3087 2081 3159 ptione
2127 3089 2438 3161 insignivit.
2473 3093 2681 3148 Eodem
2713 3094 2877 3149 illum
2926 3097 3220 3151 exornavit
3259 3098 3439 3169 ipsius
3481 3099 3602 3154 fere

1885 3178 2121 3248 aequalis
2152 3180 2494 3235 Claudianus
2538 3183 2844 3237 Mamertus
2877 3183 3150 3255 (Mamer.,
3181 3186 3246 3240 de
3274 3187 3433 3242 Statu
3477 3191 3600 3244 ani-

1883 3281 2002 3336 mae,
2033 3268 2133 3322 tib.
2163 3271 2216 3334 2,
2245 3285 2365 3339 cap.
2404 3273 2516 3339 1οη
2550 3272 2750 3326 eodem
2781 3274 3124 3329 venerabilis
3153 3275 3304 3329 Beda
3334 3277 3511 3347 (Bed.,
3542 3281 3604 3333 in

1890 3358 2018 3412 Vita
2047 3359 2109 3413 S.
2152 3360 2409 3427 Cuthb.);
2440 3361 2644 3416 eodem
2674 3365 2953 3434 praeclara
2991 3381 3240 3436 quaeque
3271 3372 3326 3422 et
3351 3368 3604 3440 antiqui-

1885 3462 1984 3500 ora
2013 3449 2422 3517 opusculorum
2453 3451 2631 3521 ipsius
2661 3453 2780 3506 visa
2809 3454 2977 3508 nobis
3011 3456 3304 3510 volumina
3331 3457 3607 3511 decorant

1884 3547 2210 3608 augentque
2240 3540 2626 3608 Augustinum
2642 3581 2657 3595 .

1953 3627 2012 3680 4.
2050 3627 2308 3680 Honestis
2339 3644 2470 3681 eum
2503 3634 2849 3700 prognatum
2879 3632 3220 3702 parentibus
3251 3633 3430 3688 tradit
3462 3635 3600 3688 Pos-

1884 3713 2081 3780 sidius,
2116 3714 2184 3768 de
2233 3715 2546 3770 Curialium
2590 3734 2854 3786 numero,
2884 3719 2990 3774 hoc
3041 3727 3145 3786 est,
3179 3737 3378 3776 eorum
3413 3722 3514 3793 qui
3546 3722 3607 3776 in

1885 3803 2214 3874 municipiis
2255 3804 2429 3858 curias
2476 3807 2730 3860 ot'ticium
2772 3807 3285 3877 administrabant,
3315 3816 3370 3865 et
3406 3811 3606 3865 munia

1886 3893 2264 3962 procurabant
2292 3893 2476 3946 civilia
2507 3897 2704 3963 (Poss.,
2742 3898 2797 3949 in
2840 3897 2963 3951 Vita
2997 3903 3274 3964 August.,
3306 3915 3349 3954 c.
3391 3900 3463 3968 t).
3499 3900 3606 3952 Pa-

1884 3987 1972 4035 ter
2013 3981 2066 4035 ei
2095 3981 2365 4036 Patricius
2394 3983 2522 4049 fuit,
2555 3984 2852 4055 municeps
2892 3987 3258 4057 Tagastensis
3291 3988 3605 4043 admodum

1887 4071 2091 4136 tenuis,
2127 4070 2320 4142 virque
2352 4071 2546 4125 animo
2594 4073 2777 4142 magis
2807 4090 2982 4144 quam
3030 4075 3234 4145 Opibus
3263 4077 3508 4147 pollens,
3543 4083 3608 4131 ut

1887 4159 2008 4229 ipse
2037 4160 2387 4230 Augustinus
2435 4177 2660 4216 summa
2698 4162 2878 4216 animi
2919 4163 3265 4219 demissione
3310 4165 3604 4220 memoriae

1888 4246 2078 4316 prodit
2123 4249 2377 4316 (Confess.
2429 4248 2566 4302 libro
2613 4250 2667 4313 2,
2711 4265 2833 4319 cap.
2880 4253 2932 4316 3,
2983 4267 3043 4306 τι.
3090 4251 3142 4321 5)
3185 4267 3198 4305 :
3253 4251 3354 4322 qui
3402 4252 3606 4307 eadem

1889 4335 2169 4390 modestia
2200 4336 2496 4406 adductus,
2526 4337 2754 4408 publica
2785 4337 2845 4392 in
2875 4339 3145 4394 concione
3179 4339 3362 4395 fassus
3396 4347 3484 4396 est
3511 4342 3609 4396 ali-

1891 4425 2142 4496 quando,
2189 4430 2400 4480 vestem
2444 4425 2755 4496 pretiosam
2799 4427 2939 4481 forte
2992 4429 3331 4500 episcopum
3382 4430 3605 4498 decere,

1891 4513 2130 4568 minime
2173 4529 2306 4567 vero
2350 4515 2756 4584 Augustinum,
2808 4515 3104 4571 hominem
3162 4534 3496 4589 pauperem,
3538 4520 3606 4575 de

1891 4601 2238 4674 pauperibus
2294 4608 2492 4656 natum
2547 4603 2880 4672 parentibus
2940 4607 3136 4676 (Serm.
3201 4609 3324 4675 336,
3377 4624 3440 4662 η.
3501 4612 3607 4679 13).

1894 4692 2026 4745 Erat
2050 4689 2290 4744 Patricio
2320 4690 2568 4745 liberalis
2599 4697 2653 4746 et
2683 4709 3004 4764 propensus
3035 4694 3093 4748 in
3126 4711 3328 4750 omnes
3358 4696 3608 4766 animus,

1894 4785 1952 4832 at
1978 4778 2284 4832 iracundus
2314 4779 2561 4832 multum
2589 4785 2646 4833 et
2675 4781 2852 4836 ferox.
2886 4784 2933 4836 A
2985 4782 3296 4839 christiana
3327 4785 3438 4840 tide
3470 4787 3611 4841 alie-

1894 4885 2001 4923 nus
2031 4867 2128 4921 diu
2158 4883 2287 4920 cum
2327 4867 2544 4928 fuisset,
2577 4868 2681 4922 sub
2721 4875 2972 4924 extrema
3002 4871 3128 4926 vita:
3179 4877 3438 4946 tempora
3470 4892 3610 4930 con-

1895 4973 2106 5020 versus,
2145 4972 2255 5009 una
2283 4971 2413 5009 cum
2456 4956 2568 5010 tide
2598 4961 2782 5011 castos
2830 4963 2889 5012 et
2925 4959 3266 5016 christianos
3297 4979 3490 5018 mores
3521 4964 3609 5018 in-

1896 5046 2020 5100 duit
2069 5046 2323 5114 (Confess.
2385 5045 2524 5099 libro
2581 5049 2633 5112 9,
2676 5061 2795 5116 cap.
2853 5051 2906 5114 9,
2954 5065 3052 5104 nn.
3093 5053 3178 5117 19,
3228 5052 3342 5123 22).
3386 5051 3609 5107 Patricii

1898 5134 2103 5204 conjux
2131 5132 2364 5187 nomine
2391 5133 2650 5187 Monnica
2679 5134 2782 5204 (sic
2813 5135 2966 5190 enim
3000 5139 3122 5208 ejus
3152 5155 3366 5194 nomen
3395 5140 3608 5211 ubique

1899 5223 1960 5276 iu
1989 5222 2240 5294 antiquis
2269 5222 2557 5277 codicibus
2601 5223 2924 5296 pingebant
2953 5226 3192 5298 librarii)
3225 5227 3609 5298 Augustinum

1900 5311 2104 5383 spiritu
2149 5327 2267 5366 non
2312 5311 2502 5365 minus
2542 5329 2716 5384 quam
2748 5330 2916 5368 carne
2955 5316 3276 5386 parturivit.
3311 5316 3512 5370 Multos
3545 5333 3609 5370 ex

1900 5401 2144 5456 Patricio
2191 5401 2414 5472 peperit
2458 5401 2668 5457 liberos
2710 5419 2723 5458 :
2766 5420 2898 5458 nam
2942 5404 3292 5476 Augustinus
3330 5404 3500 5458 matri
3539 5406 3613 5460 ad

1902 5491 2058 5546 Ostia
2084 5489 2350 5544 Tiberina
2383 5490 2618 5545 obeunti
2644 5508 2794 5546 anno
2826 5493 3224 5547 trecentesimo
3255 5493 3613 5563 octogesimo

1904 5585 2102 5634 octavo
2133 5580 2368 5634 fratrem
2399 5596 2568 5634 suum
2600 5580 2845 5635 adfuisse
2877 5586 3114 5634 testatur
3145 5580 3332 5651 (Ibid.,
3363 5597 3487 5652 cap.
3524 5587 3608 5652 11,

1902 5684 1967 5725 n.
1999 5668 2113 5738 27).
2147 5669 2199 5722 Is
2225 5685 2395 5740 porro
2435 5685 2550 5724 non
2590 5669 2734 5723 alius
2764 5668 2989 5723 videtur
3017 5686 3050 5724 a
3081 5668 3336 5741 Navigio,
3368 5673 3470 5743 qui
3500 5689 3614 5728 una

1905 5773 2038 5813 cum
2065 5755 2388 5828 Augustino
2419 5758 2594 5813 fratre
2618 5772 2722 5812 suo
2749 5756 3008 5812 nondum
3037 5763 3374 5830 regenerato
3396 5760 3457 5816 in
3481 5761 3615 5818 villa
