4020 6352
450 329 512 379 67
1668 329 1839 385 VITA
1891 330 1948 386 S.
1993 330 2135 388 AUG

2324 331 2383 388 Ἢ
2425 333 2740 390 EPISCOPI
2752 378 2766 392 .
3919 348 3974 396 6.8

447 449 766 505 Verecundi
808 449 1044 520 degens,
1094 449 1505 522 philosOphicis
1567 452 1690 522 eius
1738 452 2155 508 dissertationi-

445 540 554 594 bus
581 539 878 603 intererat,
908 539 1171 593 laborans
1199 541 1396 610 splene
1425 540 1628 595 vitioso
1675 541 1771 613 (De
1799 544 1965 598 Beata
2008 545 2153 610 Vita,

443 643 538 682 nn.
566 631 622 694 7,
665 628 744 697 14)
776 644 788 680 :
821 643 934 699 quo
977 627 1128 682 haud
1159 628 1328 683 dubie
1371 633 1531 700 patre
1584 637 1896 701 procreatae
1927 633 2152 687 fuerant

445 716 560 770 illae
592 716 895 786 Augustini
926 733 990 770 ex
1026 716 1196 770 fratre
1227 721 1445 786 neptes,
1475 734 1603 790 qua:
1638 721 1750 774 Deo
1781 721 1998 790 pariter
2031 739 2150 776 ser-

443 805 675 859 viebant
705 804 896 875 (Poss.,
939 807 998 858 in
1035 807 1161 859 Vita
1190 807 1454 873 August,
1479 824 1525 862 c.
1557 808 1671 877 26),
1717 825 1845 863 cum
1872 810 2149 880 ejusdem,

443 898 512 949 ut
554 893 796 957 videtur.
831 893 1010 948 sancti
1040 893 1318 948 Antistitis
1350 912 1628 967 germana
1658 914 1872 965 sorore,
1907 915 2036 970 quae
2067 900 2148 954 vi-

447 983 562 1038 dua
610 983 808 1038 relicta
846 983 1056 1038 multos
1086 1000 1265 1038 annos
1306 984 1366 1039 in
1405 985 1556 1040 diem
1602 1002 1781 1058 usque
1829 987 2021 1042 obitus
2062 988 2149 1042 sui

448 1071 668 1128 Christo
699 1072 950 1126 serviens
979 1072 1310 1127 ancillarum
1348 1073 1446 1127 Dei
1478 1075 1736 1128 coenobio
1766 1075 1995 1144 praefuit
2019 1076 2146 1145 (Au-

444 1166 615 1229 gust.,
649 1163 824 1231 Epist.
861 1164 988 1230 211,
1029 1177 1085 1217 η.
1128 1165 1206 1229 li).
1246 1162 1502 1218 Meminit
1539 1179 1770 1235 quoque
1798 1164 2151 1234 Augustinus

448 1250 672 1304 Patricii
701 1251 925 1321 nepotis
957 1250 1066 1316 sui,
1102 1251 1484 1322 Hipponensis
1525 1251 1784 1306 Ecclesia:
1815 1252 2151 1308 subdiaconi

447 1330 640 1406 (Serm.
672 1341 795 1405 356,
827 1355 888 1394 η.
927 1339 1003 1410 3),
1035 1339 1124 1394 cui
1155 1345 1211 1394 et
1250 1355 1470 1394 sorores
1517 1345 1681 1396 erant
1718 1342 2062 1412 complures,
2095 1347 2152 1396 et

447 1433 630 1484 mater
665 1428 1076 1499 pertinentium
1125 1429 1195 1484 ad
1239 1430 1507 1484 eumdem
1554 1430 1974 1500 possessionem
2013 1447 2149 1484 usu-

445 1518 775 1573 fructuaria.
825 1519 888 1572 In
927 1534 1029 1572 suo
1079 1519 1228 1589 apud
1287 1519 1680 1574 Verecundum
1739 1535 1956 1573 secessu
2009 1519 2151 1573 duos

443 1608 616 1662 etiam
668 1623 698 1662 e
744 1607 1094 1662 consobrinis
1132 1607 1248 1662 suis
1277 1623 1468 1662 secum
1514 1607 1733 1676 habuit,
1763 1607 2148 1662 Lastidianum

442 1703 498 1750 et
543 1695 861 1751 Rusticum.
909 1697 1118 1752 Eadem
1168 1696 1676 1768 consanguinitatis
1731 1698 2149 1752 necessitudine

441 1785 735 1840 devinctus
785 1789 905 1838 erat
954 1785 1274 1855 Augustino
1325 1785 1629 1839 Severinus
1661 1786 1777 1850 ille,
1813 1803 1985 1858 quem
2035 1788 2150 1858 epi-

441 1876 582 1930 stola
612 1874 783 1930 ofticii
812 1878 869 1928 et
897 1873 1187 1928 charitatis
1215 1874 1406 1944 plena,
1440 1874 1506 1928 ad
1557 1874 1814 1928 Ecclesiae
1859 1874 2148 1929 catholicas

442 1964 742 2028 unitatem,
775 1980 842 2018 ex
883 1964 1305 2018 Donatistarum
1352 1962 1594 2017 factione
1637 1964 1934 2018 traducere
1983 1980 2150 2018 cona-

439 2054 610 2108 batur
661 2054 858 2123 (Epist.
913 2053 1022 2121 52).
1085 2051 1370 2106 Licentius
1425 2052 1670 2123 denique
1741 2052 1894 2106 filius
1947 2053 2149 2107 Roma-

439 2138 599 2193 niani
621 2137 773 2192 illius
800 2137 937 2190 civis
966 2136 1325 2206 Tagastensis
1350 2152 1559 2202 genere
1584 2143 1755 2207 atque
1779 2136 1983 2208 opibus
2013 2137 2148 2190 insi-

439 2228 586 2298 gnis,
619 2243 677 2281 se
717 2227 940 2291 eadem,
973 2240 1144 2295 quam
1189 2225 1559 2295 Augustinus,
1591 2225 1764 2296 stirpe
1803 2231 2146 2296 prognatum

439 2316 666 2369 videtur
693 2315 933 2368 innuere
981 2315 1176 2382 (Epist.
1223 2315 1312 2378 26,
1367 2329 1424 2366 n.
1475 2315 1544 2377 3).
1594 2315 1666 2368 At
1712 2313 1984 2368 Paulinus
2028 2330 2145 2368 uno

441 2404 759 2475 eodemque
789 2403 912 2457 loco
944 2401 1156 2467 scribit,
1189 2401 1458 2472 Alypium
1492 2401 1725 2456 Licentii
1755 2402 1985 2456 fratrem
2018 2419 2140 2456 esse

440 2491 729 2547 consortio
743 2489 1058 2562 sanguinis,
1073 2489 1458 2560 Augustinum
1470 2506 1601 2544 vero
1616 2491 1868 2561 ejusdem
1897 2489 1957 2544 in
1970 2490 2146 2546 scien-

438 2581 532 2636 tiis
561 2580 900 2650 magistrum
937 2582 993 2632 et
1021 2578 1238 2649 ingenii
1270 2583 1513 2632 satorem
1559 2579 1821 2634 existere.
1856 2579 2141 2644 Quamob-

437 2685 562 2725 rem
594 2668 877 2723 Licentius
916 2667 1264 2735 adolescens,
1309 2683 1422 2740 quo
1451 2667 1766 2739 impensius
1805 2669 2144 2740 praeceptori

442 2757 889 2826 adblandiretur,
919 2757 1139 2828 poetica
1176 2755 1408 2810 licentia
1454 2756 1676 2810 locutus
1708 2755 1886 2811 videri
1932 2762 2140 2828 potest,

439 2865 554 2919 qua
584 2863 998 2918 nonnunquam
1029 2845 1201 2901 unius
1218 2845 1373 2900 urbis
1394 2844 1543 2900 cives
1569 2861 1685 2900 uno
1713 2846 1988 2918 sanguine
2009 2863 2141 2917 pro-

436 2939 594 3011 gnati
621 2939 905 2994 dicuntur.
925 2941 1052 2993 Hazc
1065 2944 1336 3010 suntqua!
1361 2939 1428 2993 de
1441 2939 1742 3010 Augustini
1761 2956 1970 3011 genere
1985 2957 2140 2995 com-

433 3029 708 3102 perimus.
739 3029 898 3093 Quod
945 3029 1010 3083 ad
1058 3029 1238 3098 ipsius
1281 3034 1524 3083 matrem
1555 3029 1875 3083 Monnicam
1917 3030 2138 3093 attinet,

435 3118 592 3173 omni
623 3119 877 3188 profecto
899 3117 1132 3188 dignam
1153 3117 1321 3172 laude
1351 3117 1672 3185 mulierem,
1700 3118 1926 3189 longior
1944 3119 2013 3174 de
2043 3119 2141 3174 illa

435 3206 820 3261 instituendus
887 3212 970 3260 est
1015 3223 1227 3275 sermo,
1286 3222 1460 3277 quam
1507 3211 1568 3260 ut
1614 3207 1720 3262 hoc
1777 3208 1901 3261 loco
1953 3207 2134 3278 possit

435 3293 876 3367 comprehendi.
1595 3287 1597 3290 ’

1119 3473 1344 3530 CAPUT
1383 3475 1453 3529 Il.

439 3643 459 3692 1
525 3639 866 3704 Augustinus
910 3638 1096 3704 infans
1145 3635 1536 3689 catechumenis
1591 3635 1946 3692 adscribitur.
1987 3642 2019 3692 2
2075 3642 2138 3694 In

500 3728 742 3796 pueritia
773 3725 953 3780 morbo
982 3729 1257 3795 correptus
1289 3725 1624 3793 Baptismum
1650 3724 1886 3794 ﬂagitat.
1912 3729 1942 3781 3
1977 3729 2137 3783 Deum

499 3816 763 3887 puerulus
809 3817 1042 3882 invocat,
1074 3829 1139 3868 ne
1187 3815 1244 3867 in
1272 3814 1453 3868 schola
1482 3815 1720 3884 vapulet.
1758 3814 1792 3868 4
1829 3817 1891 3870 In
1929 3817 2136 3872 scholas

502 3905 666 3961 datus
695 3910 755 3960 ut
785 3906 995 3960 litteras
1027 3905 1225 3970 discat,
1259 3904 1462 3958 latinas
1491 3909 1660 3961 amat.
1694 3909 1724 3960 5
1757 3908 1968 3962 Grecas
1998 3907 2132 3964 odit.

503 3998 534 4050 6
567 3997 819 4051 Pueiitiz
848 3997 1022 4065 ipsius
1050 3998 1250 4049 errata.
1429 3973 1462 4006 ⁸

505 4179 556 4232 1.
589 4171 955 4228 Sanctissima
998 4175 1166 4242 atque
1217 4170 1433 4240 optima
1472 4169 1685 4224 femina
1722 4186 1849 4224 cum
1881 4171 2136 4242 primum

429 4263 708 4318 infantem
741 4260 910 4315 enixa
937 4265 1042 4326 est,
1074 4259 1215 4313 nihil
1247 4259 1438 4329 potius
1463 4258 1682 4324 habuit,
1715 4275 1886 4329 quam
1918 4263 1980 4314 ut
2003 4277 2136 4316 eum

429 4353 581 4406 inter
604 4349 1037 4404 catechumenos
1069 4346 1359 4418 signaculo
1390 4346 1571 4401 crucis
1593 4347 1801 4402 Christi
1824 4348 2132 4420 obsignan-

428 4441 587 4506 dum,
640 4443 698 4494 et
734 4437 972 4508 mystico
1022 4436 1136 4490 sale
1184 4435 1568 4490 condiendum
1607 4441 1828 4492 curaret
1870 4440 2126 4508 (Con/ess.

428 4526 586 4596 libro,
617 4531 666 4596 1,
698 4543 820 4597 cap.
859 4530 943 4593 11,
974 4542 1030 4580 n.
1069 4527 1186 4595 17):
1213 4524 1314 4597 qui
1341 4525 1485 4580 ritus
1515 4526 1987 4583 calechumenum
2017 4529 2131 4583 inl-

425 4617 606 4673 tiandi
649 4618 801 4672 inter
847 4615 1127 4670 solemnes
1179 4613 1454 4685 Baptismi
1495 4615 1866 4670 caeremonias
1909 4635 2134 4690 semper

426 4711 702 4773 retentus,
736 4721 960 4760 summa
987 4704 1304 4759 etiamnum
1352 4704 1629 4776 religione
1679 4712 1954 4762 servatur.
1993 4710 2132 4766 Hinc

425 4801 576 4850 certe
605 4795 958 4868 Augustinus
991 4793 1358 4849 christianam
1404 4794 1742 4866 religionem
1781 4795 1887 4849 sibi
1921 4812 2132 4866 pueru-

426 4888 480 4941 lo
511 4903 544 4940 a
568 4885 901 4957 parentibus
928 4883 1177 4951 insitam,
1206 4890 1262 4938 et
1293 4901 1350 4938 se
1380 4884 1755 4940 christianum
1783 4885 2128 4941 catholicum

427 4981 557 5030 ante
586 4975 758 5029 fuisse
787 4974 1112 5046 proﬁtetur,
1143 4991 1315 5046 quam
1340 4973 1400 5028 in
1432 4974 1873 5030 Manichaeorum
1904 4992 2126 5030 errores

423 5064 715 5120 incidisset
761 5064 852 5135 (De
903 5064 1074 5118 Utilit.
1109 5062 1382 5131 credendi,
1413 5080 1470 5118 η.
1516 5064 1590 5134 2).
1623 5065 1897 5119 Audierat
1944 5066 2126 5120 adhuc

421 5170 568 5225 puer
613 5153 681 5208 de
727 5152 838 5207 vita
890 5157 1102 5207 aeterna
1142 5152 1303 5206 nobis
1343 5151 1623 5224 promissa
1660 5169 1764 5224 per
1792 5155 2126 5224 mysterium

422 5241 834 5297 Incarnationis
880 5240 1107 5295 Domini
1137 5241 1238 5295 Dei
1262 5241 1461 5311 nostri,
1502 5240 1602 5313 qui
1645 5242 1968 5313 superbiam
2021 5261 2126 5298 no-

422 5337 598 5387 stram
631 5329 953 5385 humilitate
979 5347 1077 5384 sua
1111 5335 1411 5384 sanaturus
1444 5330 1672 5384 advenit
1700 5331 1962 5401 (Con/ess.
1989 5335 2126 5388 libro

425 5424 472 5488 1,
507 5436 628 5490 cap,
671 5424 756 5487 11,
789 5435 844 5474 n.
887 5419 988 5488 17).
1029 5419 1219 5490 Itaque
1255 5420 1373 5490 jam
1418 5423 1538 5474 tum
1571 5419 1834 5475 credebat
1877 5421 1937 5476 in
1968 5423 2126 5478 Chri-

422 5514 592 5575 stum,
624 5515 689 5564 ut
716 5515 772 5564 et
801 5509 922 5580 ejus
954 5511 1159 5576 mater,
1191 5514 1248 5562 et
1277 5508 1460 5563 omnis
1491 5509 1713 5576 domus,
1749 5527 1862 5565 uno
1890 5517 2121 5583 excepto

419 5602 613 5666 patre;
646 5599 810 5669 cujus
840 5603 1030 5652 tamen
1062 5597 1261 5668 iniqua
1295 5597 1524 5652 consilia
1556 5603 1613 5652 et
1641 5597 2002 5654 hortamenta
2025 5601 2121 5670 jus
2153 5597 2171 5612 '

419 5691 692 5742 maternae
715 5687 941 5758 pietatis
963 5685 1218 5741 evincere
1248 5685 1307 5740 in
1329 5686 1451 5757 ejus
1477 5689 1670 5742 animo
1698 5703 1993 5760 nunquam
2021 5703 2118 5742 va-

420 5767 681 5833 luerunt.
742 5777 917 5830 Porro
987 5775 1386 5832 suavissimum
1437 5777 1571 5833 Jesu
1622 5776 1827 5833 Christi
1881 5793 2114 5847 nomen,

2265 456 2418 527 quod
2449 473 2566 512 una
2594 474 2725 512 cum
2757 458 2901 513 lacte
2933 458 3133 514 matris
3172 459 3498 532 imbiberat,
3529 463 3610 517 sic
3636 464 3755 518 alte
3787 469 3976 520 tenero

2265 546 2389 616 ejus
2413 547 2568 601 cordi
2599 547 2847 616 inhesit,
2876 553 2940 603 ut
2969 550 3126 604 nulla
3156 549 3360 606 exinde
3387 553 3765 623 quantumvis
3788 553 3973 609 facun-

2260 633 2318 688 di
2349 639 2406 690 et
2435 636 2665 707 expoliti
2699 638 2974 692 sermonis
3000 637 3282 694 lenocinia
3301 656 3432 694 eum
3459 646 3648 696 totum
3682 649 3971 714 raperent,

2262 739 2392 793 quae
2422 740 2535 779 non
2580 726 2704 796 ejus
2747 727 2998 782 nominis
3029 728 3328 784 dulcedine
3375 731 3761 786 condirentur
3793 733 3971 802 (Ibid,

2263 812 2400 866 libro
2428 815 2482 880 2,
2511 829 2632 884 cap.
2667 819 2719 880 4,
2747 830 2803 870 n.
2831 815 2906 885 8).

2331 958 2387 1012 2.
2421 957 2534 1012 Hac
2581 957 2760 1027 igitur
2786 958 2899 1014 ﬁde
2944 977 2978 1014 a
3023 961 3231 1017 teneris
3274 961 3549 1029 imbutus,
3583 963 3791 1017 nobile
3833 962 3972 1016 illius

2263 1045 2674 1102 documentum
2707 1064 2848 1120 puer
2877 1051 3144 1120 parvulus
3175 1050 3330 1106 dedit
3358 1057 3502 1122 tum,
3533 1069 3668 1106 cum
3699 1053 3970 1107 stomachi

2262 1150 2461 1204 pressu
2491 1142 2784 1208 correptus
2805 1139 3106 1208 repentino
3130 1144 3362 1211 tamque
3385 1141 3745 1204 vehementi,
3771 1148 3840 1196 ut
3860 1158 3968 1213 pro-

2261 1239 2330 1293 pe
2359 1223 2610 1279 animam
2639 1231 2868 1281 acturus
2893 1227 3197 1293 videretur,
3244 1229 3598 1299 Baptismum
3629 1235 3862 1302 quanto
3891 1247 3970 1301 po-

2260 1312 2369 1365 tuit
2394 1312 2530 1366 fidei
2555 1317 2610 1366 et
2638 1315 2842 1368 mentis
2874 1316 3076 1370 ardore
3105 1334 3138 1371 a
3156 1316 3416 1388 piissima
3444 1325 3628 1374 matre
3657 1318 3968 1389 flagitavit:

2261 1416 2390 1471 quas
2419 1401 2816 1456 festinabunda
2844 1403 3001 1458 dedit
3029 1421 3285 1476 operam,
3319 1410 3382 1460 ut
3417 1423 3578 1460 sacro
3623 1423 3814 1478 quam
3866 1411 3971 1479 pri-

2261 1505 2420 1543 mum
2449 1491 2604 1544 fonte
2635 1491 2983 1547 ablueretur.
3017 1494 3224 1550 Verum
3261 1510 3392 1550 cum
3423 1495 3643 1550 interea
3669 1497 3760 1550 vis
3792 1499 3968 1551 morbi

2261 1577 2586 1645 remisisset,
2627 1581 2860 1650 provida
2890 1581 2948 1635 in
2995 1582 3253 1638 futurum
3285 1588 3471 1638 mater
3517 1585 3891 1655 Baptismum
3923 1587 3966 1639 in

2261 1667 2414 1722 aliud
2460 1672 2685 1739 tempus
2734 1670 3112 1726 differendum
3143 1673 3398 1742 putavit;
3430 1674 3608 1728 verita
3651 1674 3884 1729 scilicet
3910 1692 3966 1728 ne

2259 1773 2364 1827 per
2391 1755 2778 1828 impendentis
2806 1760 2987 1813 artatis
3017 1760 3300 1815 lubricum
3334 1761 3494 1815 novis
3522 1778 3581 1817 se
3619 1761 3717 1816 ille
3751 1762 3967 1818 delictis.

2260 1842 2608 1915 inquinaret,
2630 1853 2905 1918 reatuque
2934 1849 3007 1902 ob
3030 1849 3295 1904 violatam
3317 1851 3582 1905 salutaris
3600 1853 3826 1906 lavacri
3851 1870 3966 1906 san-

2258 1933 2513 1988 ctitatem
2533 1935 2747 2007 majore
2771 1938 2947 1992 multo
2967 1938 3334 2009 obligaretur.
3355 1939 3716 2012 Quamquam
3742 1957 3882 1996 eam
3895 1942 3966 1996 di-

2259 2021 2528 2076 lationem
2558 2023 2710 2079 haud
2739 2025 2874 2080 satis
2903 2025 3182 2096 approbat
3209 2027 3595 2098 Augustinus:
3620 2029 3855 2094 Quanto
3872 2047 3964 2084 nie-

2257 2112 2384 2177 lius,
2407 2111 2614 2184 inquit,
2646 2119 2696 2167 et
2725 2116 2830 2168 cito
2859 2130 3104 2182 sanarer,
3136 2121 3187 2169 et
3216 2115 3275 2169 id
3301 2121 3551 2182 ageretur
3578 2133 3819 2185 mecum,
3847 2135 3966 2172 mee-

2256 2217 2377 2255 rum
2405 2218 2628 2272 meaque
2665 2203 2976 2274 diligentia,
3003 2210 3062 2259 ut
3089 2211 3302 2275 recepta
3329 2207 3479 2261 salus
3507 2209 3706 2262 anim
3735 2225 3880 2263 mea?
3903 2215 3964 2262 tu-

2257 2296 2315 2346 ta
2345 2297 2478 2346 esset
2507 2295 2675 2346 tutela
2707 2297 2823 2358 tua,
2847 2297 2944 2362 qui
2972 2294 3209 2349 dedisses
3238 2310 3354 2348 eam
3373 2294 3400 2350 ?
3431 2295 3669 2366 (Confess
3735 2297 3888 2351 libro
3923 2303 3961 2358 1,

2256 2396 2376 2449 cap.
2410 2384 2493 2445 11,
2525 2387 2738 2450 nn.17,
2776 2384 2876 2452 18).

2329 2525 2381 2578 3.
2416 2523 2629 2578 Praeter
2658 2523 3098 2592 institutionem,
3132 2541 3304 2597 quam
3334 2524 3578 2580 habebat
3615 2525 3909 2596 optimam
3937 2542 3962 2578 a

2255 2615 2458 2677 matre,
2493 2613 2664 2667 etiam
2695 2613 2764 2666 ab
2806 2613 3136 2668 hominibus
3180 2613 3522 2686 quihusdam
3561 2613 3696 2686 piis,
3731 2614 3796 2670 in
3831 2632 3959 2687 quos

2254 2701 2374 2770 ipse
2402 2717 2547 2772 puer
2575 2702 2794 2769 incidit,
2823 2702 3018 2758 didicit
3049 2705 3248 2770 Deum,
3277 2708 3554 2775 quantum
3602 2703 3670 2758 de
3720 2704 3830 2758 illo
3871 2721 3960 2775 pro

2254 2791 2432 2845 astatis
2478 2796 2649 2862 captu
2696 2792 2905 2846 sentire
2947 2797 3192 2864 poterat,
3240 2809 3351 2848 esse
3395 2809 3652 2862 magnum
3701 2795 3959 2863 aliquem,

2255 2881 2352 2947 qui
2373 2885 2572 2949 posset,
2604 2882 2765 2934 etiam
2796 2896 2902 2934 non
2932 2897 3204 2951 apparens
3241 2881 3482 2935 sensibus
3529 2883 3754 2947 nostris,
3789 2898 3960 2936 exau—

2253 2969 2374 3022 dire
2401 2984 2495 3022 nos
2533 2975 2583 3023 et
2610 2969 2892 3023 subvenire
2936 2971 3116 3024 nobis.
3155 2971 3312 3024 Unde
3345 2971 3448 3024 sub
3495 2969 3615 3024 haec
3648 2971 3842 3025 Deum
3897 2973 3958 3023 sic

2253 3057 2564 3128 alloquitur
2596 3073 2608 3112 :
2655 3061 2792 3113 Puer
2819 3061 2954 3128 capi
2994 3075 3186 3127 rogare
3215 3065 3264 3114 te
3303 3061 3576 3113 auxilium
3601 3064 3651 3113 ct
3680 3061 3958 3129 refugium

2252 3161 2424 3200 meum
2444 3163 2457 3213 ;
2477 3152 2526 3201 et
2552 3149 2608 3201 in
2631 3151 2778 3201 tuam
2811 3150 3199 3203 invocationem
3227 3148 3540 3218 rumpebam
3569 3148 3739 3203 nodos
3768 3150 3958 3218 lingua

2251 3250 2411 3300 meae;
2448 3240 2498 3290 et
2541 3236 2798 3304 rogabam
2827 3242 2876 3292 te
2915 3253 3145 3307 parvus,
3186 3254 3290 3292 non
3335 3253 3506 3308 parvo
3543 3238 3768 3307 affectu,
3804 3255 3872 3293 ne
3912 3242 3957 3291 in

2250 3325 2432 3380 schola
2476 3327 2790 3395 uapularem
2823 3343 2837 3380 :
2865 3327 3214 3396 peccabamus
3259 3332 3456 3394 tamen,
3487 3329 3666 3382 minus
3718 3329 3955 3382 scriben-

2251 3414 2338 3481 do,
2374 3419 2469 3468 aut
2499 3415 2736 3481 legendo,
2770 3421 2866 3470 aut
2897 3416 3186 3484 cogitando
3219 3416 3300 3470 .de
3339 3417 3558 3486 litteris,
3587 3433 3755 3485 quam
3787 3421 3957 3484 exige-

2251 3503 2412 3557 batur
2439 3521 2473 3558 a
2508 3505 2680 3560 nobis.
2712 3506 2832 3562 Non
2868 3509 3009 3560 enim
3058 3505 3261 3572 deerat,
3292 3507 3530 3572 Domine,
3569 3507 3839 3560 memoria
3885 3508 3957 3559 vel

2248 3594 2542 3661 ingenium,
2577 3610 2694 3662 quae
2722 3611 2816 3649 nos
2856 3595 3050 3650 habere
3086 3596 3308 3649 voluisti
3330 3610 3434 3664 pro
3462 3595 3561 3648 illa
3597 3599 3759 3649 aetate
3789 3597 3952 3658 satis;

2248 3683 2343 3737 sed
2371 3683 2666 3738 delectabat
2693 3685 2876 3739 ludere
2906 3699 2918 3738 :
2955 3689 3006 3738 et
3047 3683 3424 3738 vindicabatur
3449 3686 3508 3738 in
3534 3699 3630 3738 nos
3659 3683 3729 3737 ab
3756 3689 3838 3740 eis
3869 3689 3954 3754 qui

2249 3773 2387 3827 talia
2433 3776 2619 3844 utique
2665 3775 2914 3842 agebant.
2950 3774 3062 3830 Sed
3108 3774 3367 3844 majorem
3407 3789 3564 3842 nugae
3605 3777 3831 3842 negotia
3877 3791 3953 3828 eo-

2247 3867 2472 3925 cantur;
2501 3879 2790 3932 puerorum
2840 3868 3018 3917 autem
3066 3863 3203 3917 talia
3255 3878 3373 3916 cum
3419 3865 3550 3925 sint,
3582 3865 3951 3930 puniuntura

2246 3949 2568 4017 majoribus.
2607 3949 2899 4004 Percabam
2927 3948 3177 4015 faciendo
3207 3954 3392 4003 contra
3428 3953 3703 4018 przecepta
3745 3966 3949 4019 paren-

2248 4043 2361 4092 tum
2390 4042 2438 4092 et
2476 4039 2862 4105 magistrorum
2889 4039 3126 4092 illorum.
3159 4039 3404 4092 Poteram
3441 4039 3584 4092 enim
3608 4043 3802 4106 postea
3835 4041 3950 4094 bene

2246 4129 2331 4181 uti
2351 4128 2567 4192 litteris,
2594 4143 2730 4196 quas
2758 4127 3005 4182 volebant
3034 4131 3094 4180 ut
3124 4127 3380 4181 discerem
3411 4142 3745 4196 quocumque
3774 4132 3948 4183 animo

2245 4216 2331 4268 illi
2367 4219 2488 4270 mei.
2517 4218 2632 4272 Non
2658 4218 2798 4271 enim
2823 4217 3042 4272 meliora
3067 4217 3287 4286 eligens,
3317 4215 3623 4270 inobediens
3652 4232 3833 4286 eram,
3862 4217 3949 4272 sed

2246 4319 2426 4358 amore
2461 4304 2684 4359 ludendi
2711 4305 2900 4377 (Ibid.,
2935 4321 3056 4376 cap.
3105 4309 3158 4372 9,
3192 4321 3284 4360 an.
3343 4307 3426 4373 14,
3465 4308 3558 4372 15;
3599 4321 3724 4376 cap.
3780 4309 3866 4372 10,
3897 4324 3943 4360 η.

2250 4394 2357 4463 16).

2313 4529 2366 4583 4.
2402 4528 2648 4599 Uterque
2677 4544 2882 4600 parens
2913 4545 3046 4583 eum
3084 4528 3407 4584 litterarum
3436 4527 3684 4599 peritum
3717 4544 3845 4586 esse
3890 4544 3942 4580 ac

2242 4616 2508 4689 ingenuis
2554 4618 2866 4688 expolitum
2913 4618 3152 4684 artibus,
3203 4617 3568 4671 vehementer
3613 4617 3886 4688 cupiebat
3929 4634 3939 4669 :

2239 4713 2404 4779 pater
2433 4706 2685 4778 quidem,
2709 4706 2865 4778 quod
2898 4705 2997 4760 Dei
3026 4706 3440 4778 propemodum
3473 4705 3806 4773 immemor,
3831 4706 3942 4759 ina-

2242 4797 2339 4852 nia
2383 4798 2490 4852 sibi
2539 4797 2607 4852 de
2646 4797 2764 4852 ﬁlio
2811 4797 3214 4868 polliceretur;
3248 4801 3430 4850 mater
3456 4813 3607 4858 vero,
3642 4797 3799 4866 quod
3846 4797 3940 4851 do-

2240 4886 2436 4941 ctrinae
2468 4891 2636 4958 atque
2664 4886 3014 4958 optimarum
3036 4886 3245 4940 artium
3274 4885 3460 4940 studia
3489 4885 3806 4956 plurimum
3838 4884 3940 4956 ipsi

2240 4977 2311 5032 ad
2353 4977 2530 5031 Deum
2580 4976 3012 5048 adipiscendum
3054 4975 3368 5046 adjumenti
3407 4975 3661 5028 crederet
3701 4976 3941 5028 allatura

2240 5065 2424 5136 (Ibid,
2457 5066 2556 5120 lib.
2596 5068 2648 5129 2,
2682 5082 2800 5135 cap.
2853 5068 2904 5132 3,
2936 5081 2992 5120 η.
3034 5064 3108 5135 8).
3141 5064 3496 5134 Quapropter
3541 5079 3669 5116 cum
3721 5063 3940 5135 ingenii

2239 5154 2326 5209 sui
2377 5155 2662 5226 specimen
2715 5155 2825 5209 cito
2873 5153 3228 5225 praebuisset,
3267 5151 3662 5223 ludimagistro
3701 5153 3940 5207 traditus

2237 5248 2335 5305 est,
2367 5243 2568 5314 primis
2617 5243 2960 5298 imbuendus
3010 5244 3330 5297 litterarum
3379 5240 3694 5305 elementis,
3736 5242 3942 5312 quibus

2236 5333 2498 5388 videlicet
2519 5333 2707 5403 legere
2738 5337 2792 5387 et
2813 5331 3059 5386 scribere
3080 5347 3143 5386 ac
3170 5347 3471 5386 numerare
3493 5329 3730 5385 discitur
3755 5331 3938 5400 (lbid.,

2236 5423 2330 5478 lib.
2383 5427 2431 5489 1,
2465 5439 2584 5492 cap.
2619 5425 2672 5489 9,
2710 5437 2765 5474 τι.
2806 5421 2930 5492 li):
2973 5425 3144 5492 atque
3198 5420 3293 5474 ubi
3339 5435 3441 5492 per
3487 5423 3710 5473 aetatem
3762 5419 3937 5484 licuit,

2235 5511 2532 5567 Madauras
2561 5509 2802 5565 vicinam
2848 5511 3071 5577 urbem,
3104 5511 3440 5565 litteratura).
3471 5513 3643 5580 atque
3674 5508 3936 5562 oratoriae

2233 5600 2370 5655 artis
2394 5599 2778 5671 percipienda:
2811 5598 2994 5671 gratia
3032 5599 3240 5654 missus
3271 5603 3355 5652 est
3383 5596 3571 5669 (lbid.,
3601 5596 3694 5651 lib.
3727 5599 3784 5663 2,
3817 5612 3935 5665 cap.

2232 5691 2288 5759 3,
2321 5704 2378 5745 n.
2411 5689 2488 5762 5).
2525 5690 2736 5744 Verum
2767 5688 3130 5745 deterrebant
3174 5687 3308 5742 inde
3339 5686 3595 5742 animum
3633 5685 3821 5757 pueri,
3851 5685 3936 5738 in-

2229 5777 2399 5849 genio
2453 5778 2584 5835 licet
2635 5795 2700 5834 ac
2753 5779 3030 5838 memoria
3079 5776 3464 5851 praevalentis,
3493 5775 3677 5831 insitas
3729 5775 3928 5847 primis
