4020 6376
68 355 154 398 mi
1576 354 1785 412 LIBER
1827 357 2120 415 PRIMUS.
3521 361 3592 412 70

61 473 409 528 litterarum
454 473 796 528 rudimentis
841 475 1232 542 difﬁcultates;
1266 477 1364 531 sed
1394 477 1464 532 ab
1503 478 1614 532 illis
1643 496 1787 550 prie-

59 563 302 629 sertim,
355 563 418 616 in
467 563 677 634 quibus
723 563 1025 629 scribendi,
1080 565 1304 635 legendi
1335 570 1391 620 et
1437 568 1783 622 numerandi

45 657 366 722 precepta
395 651 719 718 traduntur,
752 652 873 722 ipse
908 654 1067 708 valde
1097 654 1466 721 abhorrebat;
1517 657 1781 728 quamvis

44 738 203 794 iste
238 741 418 794 multo
458 741 583 810 plus
638 741 897 795 utilitatis
926 742 1186 810 afferant,
1214 760 1386 815 quam
1441 761 1568 816 quas
1614 747 1786 800 bone-

46 829 276 882 stiores
306 829 672 883 etuberiores
702 829 904 885 litterae
934 836 1211 900 putantur
1233 833 1422 900 (Ibid.,
1443 835 1537 888 lib.
1575 839 1622 896 i,
1657 851 1777 904 cap.

53 920 77 969 1
100 920 166 982 3,
200 935 296 972 nn.
323 919 414 982 20,
436 919 552 987 21.)
584 919 783 972 Postea
811 923 1004 974 tamen
1035 937 1165 974 cum
1195 937 1263 976 ex
1312 921 1402 976 his
1433 922 1781 977 difﬁcultati-

45 1005 182 1059 bus
210 1006 556 1072 emersisset,
583 1006 876 1078 aliquanto
903 1009 1273 1079 propensiore
1315 1011 1503 1065 studio
1556 1012 1627 1065 ad
1661 1012 1784 1066 lati-

43 1109 175 1147 nas
205 1094 425 1148 litteras
455 1094 712 1149 animum
745 1096 985 1166 appulit,
1009 1113 1110 1152 seu
1141 1099 1289 1169 quod
1315 1099 1438 1168 jam
1468 1099 1600 1153 inde
1635 1117 1664 1154 a
1698 1105 1782 1153 te-

45 1183 229 1236 neris
260 1183 589 1254 unguiculis
628 1184 776 1238 inter
803 1185 1102 1240 arridentis
1133 1187 1369 1242 nutricis
1392 1189 1781 1243 blandimenta

47 1273 136 1326 iis
174 1277 491 1343 utcumque
547 1272 802 1327 imbutus
840 1278 1007 1340 esset,
1049 1291 1149 1328 seu
1179 1276 1332 1345 quod
1361 1281 1660 1346 poetarum
1722 1277 1780 1330 in

51 1361 285 1432 primis
313 1361 692 1416 delectaretur
719 1362 1028 1432 ﬁgmentis,
1067 1363 1408 1435 fabulisque,
1442 1365 1651 1435 quibus
1682 1381 1780 1417 no-

54 1448 348 1504 bilissimi
368 1450 582 1522 quique
616 1451 885 1505 Romanae
913 1451 1126 1522 linguae
1157 1457 1414 1506 auctores
1445 1453 1621 1507 libros
1652 1470 1786 1507 suos

56 1545 436 1610 sparserunt.
471 1539 702 1593 Didonis
743 1545 986 1594 mortem
1017 1557 1132 1594 non
1161 1540 1280 1594 sine
1319 1542 1579 1612 lacrymis
1628 1541 1784 1595 lecti-

54 1629 258 1690 tabat,
299 1634 350 1681 et
387 1627 489 1681 hac
519 1627 627 1681 sibi
676 1627 918 1682 lectione
946 1628 1206 1683 interdici
1250 1630 1475 1683 tulisset
1505 1630 1786 1684 molestis-

58 1717 242 1770 sime.
280 1716 389 1780 Qui
410 1720 600 1770 autem
630 1716 712 1770 eis
735 1717 901 1770 rebus
933 1717 1342 1783 delectabatur,
1378 1720 1506 1772 licet
1526 1719 1633 1772 hoc
1662 1718 1785 1788 ipso

59 1805 280 1873 miser,
339 1805 413 1858 ob
442 1805 550 1859 hoc
600 1809 792 1859 tamen
832 1806 996 1860 bona:
1050 1807 1170 1877 spei
1199 1823 1342 1878 puer
1391 1809 1788 1879 appellabatur

61 1894 270 1961 (Ibid,
300 1909 423 1963 cap.
455 1896 539 1958 16,
561 1909 618 1947 n.
654 1895 761 1963 26).
821 1895 968 1960 Quid
993 1898 1156 1958 enim,
1189 1896 1287 1962 ait,
1320 1898 1569 1951 miserius
1597 1900 1787 1950 misero

57 1999 178 2036 non
210 1985 506 2037 miserante
533 1997 588 2037 se
617 1984 817 2052 ipsum,
845 1988 896 2037 et
934 1986 1090 2051 ﬂente
1120 1984 1346 2039 Didonis
1376 1990 1618 2049 mortem,
1671 2001 1789 2055 qua:

55 2072 236 2140 ﬁebat
267 2071 506 2126 amando
530 2073 784 2138 lineam;
814 2072 921 2126 non
939 2076 1095 2140 ﬂente
1141 2078 1317 2128 autem
1344 2079 1566 2128 mortem
1609 2089 1784 2139 suam,

61 2178 194 2230 qua:
221 2161 394 2230 ﬁebat
428 2175 535 2215 non
563 2160 796 2215 amando
845 2165 914 2228 te,
947 2164 1083 2216 Deus
1119 2163 1293 2216 lumen
1343 2163 1519 2217 cordis
1546 2165 1696 2217 mei?
1727 2165 1789 2216 Et

64 2256 276 2304 tamen
318 2249 456 2304 inde
510 2249 593 2303 illi
649 2250 1067 2304 acclamabatur
1096 2249 1157 2304 in
1203 2252 1396 2305 schola
1447 2268 1563 2322 pra:
1593 2252 1788 2305 multis

65 2337 397 2392 cozetaneis
427 2345 485 2392 et
504 2337 932 2408 condiscipulis.
962 2340 1083 2395 Non
1107 2344 1156 2392 te
1183 2340 1432 2394 amabam
1458 2346 1509 2396 et
1543 2342 1789 2406 fornica-

70 2428 179 2480 bar
208 2427 313 2482 abs
348 2432 418 2493 te,
449 2432 500 2481 et
541 2429 844 2494 fornicanti
869 2427 1096 2482 sonabat
1120 2429 1375 2497 undique,
1409 2431 1576 2497 Euge,
1622 2431 1788 2494 Euge.

71 2519 355 2571 Amicitia
412 2518 553 2571 enim
607 2517 800 2570 mundi
828 2517 992 2585 hujus
1019 2520 1312 2583 fornicatio
1363 2524 1440 2572 cst
1491 2519 1587 2571 abs
1627 2523 1703 2585 te;
1740 2525 1790 2574 et

71 2608 251 2671 Euge,
300 2607 456 2672 Euge
513 2604 738 2671 dicitur,
790 2609 848 2658 ut
891 2605 1118 2674 pudeat,
1137 2608 1188 2659 si
1232 2621 1338 2660 non
1376 2608 1457 2660 ita
1509 2608 1660 2661 homo
1713 2610 1789 2661 sit

74 2693 276 2760 (_lbid.,
311 2708 435 2762 cap.
471 2695 558 2762 13,
586 2709 643 2748 η.
666 2681 726 2747 2i
752 2710 765 2760 ;
794 2708 914 2763 cap.
949 2697 1033 2760 i7,
1065 2710 1121 2749 η.
1152 2695 1265 2762 27).

152 2869 208 2918 5.
244 2862 499 2918 Tametsi
530 2879 663 2917 vero
703 2863 882 2919 Graeci
920 2863 1293 2918 texendarum
1325 2864 1646 2919 fabularum
1691 2882 1790 2935 pe-

75 2953 500 3018 ritissimisint,
527 2952 599 3006 ab
629 2952 697 3007 iis
719 2956 906 3006 tamen
940 2953 1152 3021 linguae
1176 2951 1352 3022 ipsius
1383 2953 1792 3022 peregrinitate

72 3041 428 3112 longissime
459 3042 912 3107 abalienabatur,
946 3045 1002 3094 et
1034 3042 1340 3094 Homerum
1376 3057 1626 3111 quoque,
1659 3040 1794 3111 lepi-

73 3130 169 3183 dis
193 3129 330 3184 licet
369 3129 587 3184 deliriis
613 3130 834 3184 animos
863 3129 1266 3191 obiectantem,
1295 3145 1524 3200 prorsus
1560 3145 1791 3200 respue-

75 3218 203 3272 bat.
254 3218 432 3273 Savis
482 3218 794 3272 terroribus
840 3234 904 3272 ac
943 3217 1129 3289 poenis
1175 3218 1490 3288 urgebatur
1519 3234 1683 3288 puer,
1728 3224 1796 3272 ut

77 3323 306 3378 graecas
357 3308 574 3361 litteras
620 3307 1006 3361 condisceret:
1041 3306 1139 3360 sed
1169 3323 1298 3361 cum
1329 3305 1387 3360 in
1410 3323 1476 3360 ea
1506 3323 1588 3374 re,
1619 3323 1793 3378 quam

77 3397 217 3466 quis
248 3396 461 3450 invitus
490 3397 630 3467 agit,
671 3412 876 3466 parum
909 3395 1188 3466 proficiat,
1232 3395 1382 3449 hisce
1424 3395 1628 3449 litteris
1658 3397 1794 3450 levi-

77 3492 175 3540 ter
202 3485 497 3539 imbutum
528 3501 587 3538 se
617 3484 789 3538 fuisse
809 3485 1019 3538 fatetur
1045 3485 1416 3554 Augustinus.
1454 3486 1631 3555 Hujus
1659 3501 1796 3556 quo-

79 3592 200 3647 que
242 3574 460 3643 linguae
487 3573 704 3644 inopia,
739 3590 796 3626 se
827 3590 1026 3628 suosve
1059 3575 1367 3644 populares
1397 3573 1688 3628 Africanos
1715 3575 1794 3628 le-

81 3664 296 3735 gendis
327 3663 489 3717 libris
519 3662 589 3716 de
618 3662 810 3716 divina
837 3663 1108 3716 Trinitatc
1139 3679 1319 3732 graece
1351 3663 1574 3733 scriptis
1614 3665 1794 3735 impa-

83 3771 179 3807 res
208 3753 388 3807 fuisse
418 3768 534 3806 non
572 3752 892 3806 dissimulat
921 3753 1016 3820 (De
1049 3755 1270 3818 Trinit.,
1304 3753 1400 3806 lib.
1430 3756 1480 3819 3,
1521 3769 1577 3808 η.
1615 3755 1688 3822 1).
1721 3754 1797 3808 Ea

84 3851 289 3897 tamen
319 3842 843 3912 quantulacumque
873 3841 1046 3911 graeci
1067 3840 1345 3894 sermonis
1368 3840 1589 3908 notitia,
1622 3858 1796 3912 quam

86 3932 200 3986 sibi
231 3935 683 4003 comparaverat,
733 3947 914 4001 usque
943 3930 1085 3983 adeo
1140 3929 1379 3984 feliciter
1406 3947 1544 3984 usus
1591 3935 1694 3997 est,
1735 3935 1796 3984 ut

85 4022 204 4075 nisi
225 4022 350 4092 ipse
383 4036 487 4090 pro
507 4019 702 4073 innata
733 4019 1006 4073 modestia
1038 4021 1159 4089 ejus
1191 4035 1247 4072 se
1278 4018 1480 4072 rudem
1509 4019 1798 4088 professus

87 4088 267 4175 esset,
291 4088 495 4164 litteris
537 4109 736 4178 graecis
766 4107 1024 4179 apprime
1071 4088 1334 4161 eruditus
1363 4107 1541 4161 videri
1571 4088 1827 4178 potuis-°

88 4206 196 4254 set.
229 4199 376 4254 Nam
414 4195 552 4266 legit
591 4195 895 4266 hpipbanii
939 4195 1426 4250 Commentarium
1467 4195 1535 4250 de
1566 4195 1800 4249 lucresi-

86 4290 218 4354 bus,
269 4292 372 4341 aut
417 4289 570 4340 certe
617 4284 969 4338 breviarium
1020 4285 1163 4354 ejus,
1213 4283 1470 4337 nondum
1519 4283 1798 4338 latinitate

87 4379 396 4433 donatum.
451 4375 663 4429 Deinde
693 4373 936 4428 aliorum
984 4375 1218 4428 Patrum
1276 4389 1592 4444 grzecorum
1626 4374 1799 4428 libros

85 4463 392 4532 pervolvit,
426 4479 456 4516 e
486 4462 695 4534 quibus
725 4461 1054 4515 testimonia
1085 4477 1200 4514 non
1232 4477 1414 4531 pauca
1445 4461 1801 4532 deprompsit

88 4553 364 4605 adversus
394 4550 712 4605 haereticos.
743 4550 997 4620 Denique
1027 4550 1223 4604 crebra
1254 4566 1568 4620 gramarum
1598 4566 1799 4604 vocum

89 4639 516 4710 interpretatio,
559 4654 687 4709 qua:
717 4637 932 4709 passim
977 4637 1034 4692 in
1064 4637 1185 4708 ejus
1214 4638 1500 4708 opusculis
1529 4639 1796 4704 occurrit,

91 4745 154 4783 ac
180 4727 577 4798 complurium
602 4726 910 4797 Scriptura;
939 4726 1196 4780 locorum
1227 4742 1290 4780 ex
1321 4727 1622 4780 collatione
1650 4725 1802 4780 codi-

91 4835 226 4872 cum
253 4833 579 4889 grcecorum
599 4833 729 4870 cum
755 4815 944 4870 latinis
973 4815 1276 4880 restitutio,
1309 4815 1652 4870 documento
1679 4832 1799 4869 esse

90 4912 361 4979 possunt,
393 4905 776 4977 Augustinum
808 4905 957 4960 haud
987 4903 1065 4958 ita
1096 4903 1456 4959 mediocriter
1479 4921 1660 4976 graece
1690 4904 1798 4958 sci-

91 5015 266 5052 V1550.

159 5173 216 5223 6.
255 5168 446 5222 Vitam
494 5166 592 5220 illa
623 5169 788 5220 aetate
815 5181 974 5218 suam
1005 5163 1264 5234 agnoscit
1299 5164 1456 5234 justa
1485 5165 1799 5234 reprehen-

94 5259 253 5312 sione
300 5273 421 5311 non
465 5254 733 5320 caruisse,
757 5253 984 5326 quando
1007 5253 1281 5308 nimirum
1311 5252 1370 5307 in
1412 5253 1689 5307 vanitates
1720 5253 1800 5306 fe-

97 5348 336 5401 rebatur
375 5349 434 5399 et
474 5360 507 5398 a
539 5344 653 5398 Deo
684 5359 786 5397 suo
832 5343 952 5397 ibat
997 5342 1179 5408 foras,
1220 5341 1318 5413 qui
1350 5342 1534 5412 magis
1564 5342 1804 5396 timebat

97 5436 518 5491 barbarismum
564 5433 768 5498 facere,
820 5448 995 5503 quam
1042 5431 1274 5485 cavebat
1303 5447 1421 5485 non
1467 5429 1802 5484 facientibus

99 5526 387 5580 invidere:
422 5540 488 5578 ac
541 5521 922 5576 nihilominus
951 5520 1012 5574 in
1043 5519 1386 5590 ejusccmodi
1424 5518 1627 5573 studiis
1682 5518 1801 5572 lau-

102 5616 339 5670 dabatur
369 5613 444 5668 ab
476 5612 567 5677 iis,
599 5611 815 5678 quibus
861 5610 1108 5681 placere,
1139 5613 1275 5663 tunc
1305 5612 1428 5662 erat
1455 5607 1539 5662 illi
1566 5607 1802 5662 honeste

104 5707 302 5760 vivere.
354 5703 481 5758 Non
509 5699 767 5772 prasterit
795 5698 1022 5754 silentio
1052 5699 1146 5752 Vir
1179 5703 1408 5753 sanctus
1437 5700 1642 5751 caetera
1669 5711 1804 5766 pue-

107 5795 241 5848 ritia
272 5809 394 5849 suae
426 5794 654 5847 errata:
687 5804 886 5844 verum
912 5787 1056 5843 nihil
1096 5786 1268 5842 habet
1291 5786 1353 5841 in
1379 5785 1469 5841 his
1493 5783 1803 5840 admodum

1895 481 2180 553 singulare
2229 486 2329 536 aut
2374 498 2407 536 a
2456 479 2702 551 vulgatis
2739 496 3049 552 puerorum
3090 481 3344 537 moribus
3383 484 3588 539 abhor-

1895 587 2043 636 rens,
2077 570 2228 641 quod
2257 586 2362 623 nos
2394 575 2731 624 remoretur.

2561 693 2786 748 CAPUT
2829 693 2928 747 IlI.

1895 825 1915 874 ί
1953 820 2237 874 Madauris
2267 820 2491 874 domum
2514 819 2997 888 remigrat,ibique
3016 833 3114 886 per
3141 833 3343 872 annum
3373 819 3441 872 ab
3474 823 3594 874 stu-

1961 909 2071 964 diis
2098 912 2351 976 feriatur.
2384 912 2417 963 2
2460 910 2546 964 Ea:
2583 911 2689 963 otio
2719 910 2777 962 in
2818 909 3097 962 luxuriam
3123 908 3336 963 incidit.
3368 910 3399 962 3
3439 910 3598 963 Furti

1959 1013 2070 1052 sese
2098 999 2382 1064 astringit.

1967 1149 2013 1199 l.
2069 1146 2195 1200 Haec
2233 1147 2350 1200 fere
2380 1151 2530 1210 sunt,
2565 1162 2694 1218 quas
2736 1146 2804 1200 de
2851 1163 2910 1200 se
2937 1146 3059 1216 ipso
3107 1147 3281 1200 refert
3326 1146 3595 1216 Augusti-

1893 1250 1999 1287 nus
2046 1233 2116 1288 ad
2146 1251 2361 1288 annum
2405 1251 2579 1306 usque
2627 1234 2910 1288 decimum
2958 1233 3225 1305 quintum
3265 1240 3595 1304 exeuntem,

1893 1321 2000 1375 hoc
2046 1327 2152 1389 est,
2184 1339 2362 1394 usque
2409 1323 2478 1377 ad
2512 1322 2809 1377 litterarias
2860 1323 3049 1389 ferias,
3081 1328 3144 1377 ut
3172 1323 3406 1395 quidem
3435 1323 3591 1377 vide-

1889 1414 2004 1477 tur,
2057 1410 2193 1464 anni
2239 1411 2624 1466 trecentesimi
2684 1410 3023 1483 sexagesimi
3071 1412 3230 1466 noni.
3277 1412 3432 1465 Tunc
3481 1411 3595 1466 Ma-

1892 1496 2082 1551 dauris
2110 1498 2408 1568 Tagastam
2437 1514 2691 1552 reversus
2722 1499 3006 1553 decimum
3026 1503 3245 1553 sutum
3275 1499 3461 1553 aetatis
3490 1516 3592 1553 au-

1893 1602 2055 1652 num,
2088 1587 2187 1657 qui
2217 1591 2490 1656 reparata:
2521 1586 2718 1640 salutis
2748 1592 2868 1640 erat
2905 1587 3337 1641 trecentesimus
3365 1591 3594 1658 septua-

1893 1674 2163 1745 gesimus,
2198 1673 2256 1728 in
2305 1679 2544 1745 paterna
2588 1673 2759 1728 domo
2804 1674 3100 1745 transegit,
3134 1674 3460 1729 intermisso
3489 1691 3599 1745 per

1891 1763 1949 1818 id
1975 1767 2201 1834 tempus
2230 1763 2549 1817 studiorum
2585 1779 2772 1825 cursu,
2808 1763 2948 1816 dum
2978 1761 3399 1833 longinquioris
3427 1777 3594 1833 pere-

1894 1851 2225 1923 grinationis
2254 1856 2514 1922 sumptus
2531 1856 2890 1922 pararentur.
2925 1851 3196 1905 Patricius
3217 1851 3371 1905 enim
3398 1851 3594 1921 glorias

1895 1941 2000 1995 iilii
2029 1939 2289 2010 cupidus,
2323 1945 2492 2010 atque
2533 1940 2726 1993 animo
2774 1939 2973 2009 magis,
3007 1955 3182 2010 quam
3225 1939 3434 1993 divitiis
3471 1940 3599 2010 pol-

1894 2029 2036 2095 lens,
2069 2045 2203 2083 eum
2246 2027 2548 2083 academiaa
2590 2028 3021 2098 Carthaginensi
3047 2028 3384 2082 destinabat.
3418 2029 3595 2082 Nemo

1877 2123 2030 2188 (tunc
2061 2115 2368 2171 Patricium
2398 2132 2514 2170 non
2545 2117 2800 2186 impense
2833 2116 3118 2182 laudabat,
3148 2116 3304 2188 quod
3333 2122 3598 2188 sumptus

1895 2207 2014 2262 tilio
2046 2206 2390 2261 necessarios
2418 2205 2490 2259 ad
2521 2205 2980 2276 prosequendum
3015 2204 3212 2258 dissita
3241 2204 3338 2258 illa
3365 2205 3425 2260 iu
3453 2205 3594 2260 urbe

1897 2295 2215 2350 studiorum
2263 2293 2632 2362 curriculum,
2677 2310 2849 2364 supra
2878 2309 3052 2364 quam
3083 2293 3407 2348 domesticas
3435 2298 3596 2365 pate-

1896 2390 2096 2439 rentur
2140 2384 2452 2449 facultates,
2485 2383 2697 2453 prolixe
2744 2382 3150 2452 suppeditaret.
3203 2383 3397 2454 Neque
3443 2382 3596 2438 enim

1897 2473 2047 2527 ullus
2093 2489 2124 2527 e
2153 2471 2689 2542 communicipibus,
2723 2486 2789 2525 eo
2827 2471 2996 2542 longe
3025 2471 3501 2542 opulentioribus,
3529 2471 3596 2525 ad

1899 2562 2206 2616 liberorum
2238 2560 2426 2615 studia
2446 2559 2832 2631 promovenda
2853 2564 3072 2614 tantum
3093 2577 3244 2614 curze
3271 2565 3442 2631 atque
3464 2575 3599 2630 ope-

1900 2668 1977 2705 rte
2008 2651 2349 2705 conferebat.
2386 2651 2593 2704 Verum
2623 2665 2738 2703 non
2768 2649 3006 2719 perinde
3051 2649 3320 2704 sollicitus
3368 2653 3508 2715 erat,
3536 2654 3600 2704 ut

1898 2737 2050 2790 filius
2079 2753 2182 2808 pro
2211 2736 2394 2791 aetatis
2441 2754 2745 2808 progressu
2789 2737 2849 2790 in
2880 2737 2982 2791 Dei
3018 2737 3226 2791 timore
3275 2737 3595 2807 proficeret,

1899 2826 2328 2896 castitatemque
2358 2827 2578 2880 coleret.
2613 2827 2672 2880 Id
2714 2842 2894 2880 unum
2933 2827 3244 2894 spectabat,
3283 2830 3348 2879 ut
3378 2826 3473 2879 ille
3513 2825 3598 2880 di-

1901 2919 2084 2968 sertus
2131 2914 2413 2979 evaderet,
2444 2919 2614 2984 atque
2653 2913 2722 2967 ad
2765 2913 3230 2984 persuadendum
3259 2913 3595 2972 concinnus,

1899 3003 2180 3073 perfectus
2223 3006 2278 3055 et
2325 3002 2536 3072 politus
2582 3002 2841 3068 (Con/ess.
2899 3002 2992 3055 lib.
3051 3005 3106 3067 2,
3148 3017 3268 3070 cap.
3319 3004 3370 3068 3,
3416 3017 3468 3055 η.
3520 3004 3595 3070 5).

1901 3091 2066 3157 Quid,
2099 3091 2249 3162 quod
2287 3106 2417 3144 cum
2459 3090 2623 3145 illum
2653 3105 2720 3144 ex
2761 3089 3087 3160 prudentiae
3119 3094 3178 3143 et
3205 3089 3598 3144 mansuetudi-

1901 3181 1988 3235 nis
2035 3179 2360 3252 praascripto
2407 3179 2702 3233 moderata
2741 3179 3039 3232 severitate
3083 3195 3341 3233 coercere
3371 3183 3596 3233 tenere-

1901 3275 2014 3336 tur,
2045 3271 2202 3323 laxas
2231 3269 2289 3323 in
2330 3269 2478 3324 ludis
2508 3273 2563 3322 ct
2611 3268 3035 3322 oblectamentis
3083 3267 3336 3322 habenas
3364 3266 3446 3322 illi
3477 3283 3601 3340 per-

1903 3357 2183 3424 mittebat,
2213 3363 2268 3412 et
2290 3358 2545 3412 libertate
2577 3356 2919 3428 licentiaque
2945 3358 3096 3411 ultra
3122 3356 3355 3410 modum
3379 3355 3600 3411 indulta

1902 3447 2072 3502 variis
2095 3463 2226 3501 eum
2251 3445 2650 3516 eii'renatisqne
2671 3445 3080 3516 cupiditatibus
3105 3446 3519 3517 obsequentem
3537 3445 3605 3498 si-

1904 3535 2076 3589 nebat
2105 3534 2162 3588 in
2192 3551 2444 3605 praeceps
2471 3534 2654 3605 abripi
2683 3534 2868 3604 (Ibid.,
2901 3550 2956 3588 η.
2991 3535 3073 3604 8).

1974 3642 2026 3696 2.
2058 3641 2173 3696 Sub
2225 3643 2344 3696 haec
2389 3642 2484 3695 ille
2515 3645 2794 3712 tempora,
2827 3640 3035 3712 quibus
3083 3641 3156 3694 ab
3208 3640 3367 3695 omni
3415 3639 3602 3696 schola

1905 3730 2138 3784 feriatus
2178 3730 2293 3784 otio
2337 3730 2648 3795 diffluebat,
2683 3729 2844 3784 foedas
2889 3729 3144 3783 libidinis
3170 3730 3396 3784 aculeos
3434 3745 3603 3800 expe-

1906 3818 2026 3886 riri,
2107 3824 2163 3873 et
2241 3819 2726 3890 quemadmodum
2805 3817 2920 3871 fere
2986 3816 3373 3872 adolescentes
3436 3818 3606 3872 otiosi

1906 3923 2124 3974 omnes,
2175 3906 2528 3977 tyrannicam
2578 3905 2879 3975 voluptatis
2918 3905 3038 3975 pati
3081 3906 3433 3960 servitutem.
3467 3905 3604 3970 Qua

1906 3996 2137 4068 quidem
2168 3994 2346 4066 spinas
2385 3995 2568 4049 subito
2606 3999 2988 4048 excrescentes
3028 3999 3198 4064 caput
3245 3995 3368 4064 ejus
3407 4010 3598 4049 exces-

1907 4090 2138 4140 serunt:
2177 4101 2278 4139 nec
2320 4090 2442 4138 erat
2481 4083 2699 4138 medica
2745 4099 2945 4137 manus
2985 4099 3112 4154 qua:
3144 4083 3269 4137 illas
3312 4084 3601 4140 evelleret.

1907 4175 2026 4228 Imo
2053 4178 2213 4246 pater
2250 4173 2432 4228 filium
2485 4173 2629 4227 forte
2670 4172 2728 4226 in
2773 4173 2989 4227 balneis
3026 4171 3386 4242 conspicatus
3425 4173 3604 4243 pube-

1906 4269 2176 4331 scentem,
2218 4264 2381 4335 quasi
2419 4279 2486 4317 ex
2534 4263 2654 4334 ejus
2693 4262 2959 4334 conjugio
2998 4267 3235 4334 nepotes
3271 4262 3430 4317 brevi
3479 4279 3604 4334 spe-

1907 4361 2078 4421 raret,
2113 4355 2171 4409 id
2211 4353 2486 4410 Monnicze
2512 4353 2764 4425 gaudens
2800 4352 3086 4406 indicavit.
3121 4352 3244 4406 Non
3276 4351 3354 4406 ita
3383 4351 3605 4423 pridem

1907 4446 2349 4500 catechumenus
2397 4447 2518 4496 erat
2558 4441 2832 4496 Patricius
2869 4457 2882 4495 :
2935 4445 2991 4495 at
3035 4457 3180 4494 uxor
3223 4441 3351 4511 ejus
3397 4439 3607 4510 pietate

1907 4533 2242 4606 provectior,
2301 4532 2365 4586 ad
2428 4531 2549 4585 hate
2590 4530 2976 4602 trepidatione
3034 4546 3096 4583 ac
3153 4529 3359 4583 timore
3415 4533 3607 4582 sancto

1908 4639 2178 4678 concussa
2235 4620 2500 4689 exsilivit,
2543 4620 2722 4673 verita
2782 4619 2995 4672 scilicet
3040 4634 3112 4672 ne
3169 4621 3360 4672 rueret
3413 4618 3603 4672 adole-

1907 4729 2065 4767 scens
2093 4713 2151 4765 in
2191 4709 2425 4780 flagitia.
2466 4709 2603 4764 Hinc
2626 4724 2758 4762 eum
2788 4711 3110 4762 sevocatum
3141 4707 3446 4761 admonuit
3475 4723 3605 4761 cum

1908 4800 2285 4856 sollicitudine
2307 4798 2545 4869 ingenti,
2568 4802 2632 4852 ut
2651 4797 2720 4851 ab
2743 4796 2999 4852 obscenis
3019 4796 3331 4862 amoribus,
3358 4797 3605 4850 maxime

1907 4895 2097 4945 autem
2129 4889 2198 4943 ab
2229 4886 2397 4941 alieni
2428 4886 2538 4940 tori
2567 4885 2871 4940 violatione
2901 4885 3251 4942 abhorreret.
3284 4888 3354 4939 At
3381 4885 3485 4940 hos
3512 4885 3606 4940 ille

1908 4979 2177 5044 monitus,
2211 4981 2361 5031 certe
2393 4991 2424 5029 a
2453 4977 2566 5030 Deo
2613 4973 2720 5044 ipsi
2761 4990 2864 5044 per
2911 4973 3211 5028 mulierem
3259 4973 3442 5040 datos,
3479 4989 3609 5028 mu-

1908 5069 2113 5124 liebres
2135 5065 2449 5137 reputabat,
2475 5063 2684 5136 quibus
2709 5063 3104 5134 obtemperare
3125 5063 3465 5134 probrosum
3497 5062 3609 5116 sibi

1909 5175 2027 5214 esse
2054 5159 2300 5212 duceret.
2332 5156 2508 5209 Tanta
2536 5153 2784 5208 caecitate
2813 5153 2930 5208 ibat
2954 5153 3012 5207 in
3057 5169 3335 5223 praeceps,
3368 5157 3430 5206 ut
3458 5151 3609 5204 inter

1909 5251 2224 5301 coartaneos
2269 5243 2486 5314 flagitia
2513 5259 2616 5296 sua
2654 5243 2840 5314 palam
2866 5242 3164 5312 jactantes,
3197 5247 3254 5296 et
3281 5241 3350 5296 de
3381 5239 3490 5292 illis
3537 5254 3605 5292 eo

1908 5336 2220 5408 procacius,
2259 5350 2372 5405 quo
2425 5331 2605 5403 magis
2650 5330 3000 5403 propudiosa
3064 5335 3228 5384 erant
3274 5327 3604 5397 gloriantes,

1909 5425 2147 5480 minoris
2177 5440 2310 5480 eum
2357 5421 2648 5477 dedecoris
2697 5437 2856 5474 reum
2899 5436 3019 5474 esse
3065 5418 3354 5489 puderet:
3404 5419 3460 5468 et
3507 5415 3607 5470 ubi

1909 5517 2122 5580 deerat,
2155 5531 2268 5586 quo
2309 5510 2799 5584 proﬂigatissimos
2846 5524 3102 5580 quosque
3147 5505 3493 5575 adazquaret,
3535 5521 3606 5560 ne

1909 5621 2022 5677 quo
2051 5604 2258 5658 castior
2285 5608 2343 5658 et
2379 5600 2751 5665 innocentior,
2779 5615 2847 5652 eo
2887 5595 3160 5668 abjectior
3197 5599 3252 5648 et
3290 5593 3459 5648 vilior
3504 5594 3606 5650 ba-

1908 5694 2158 5760 beretur,
2187 5691 2323 5747 illud
2375 5690 2527 5745 idem
2576 5702 2803 5760 quoque
2849 5702 2908 5738 se
2958 5683 3307 5739 commisisse
3356 5683 3611 5756 ﬁngebat

1911 5782 2097 5857 (Ibid.,
2136 5798 2230 5837 nn.
2269 5785 2323 5848 7,
2355 5783 2432 5848 8).
2489 5778 2707 5832 Moram
2745 5789 2978 5829 suorum
3029 5773 3250 5846 sordes,
3292 5773 3352 5829 in
3398 5775 3609 5846 quibus
