4020 6348
438 314 496 366 τι
1647 305 1822 364 rm.
1863 307 1923 361 s.
1971 304 2356 362 AUGUSTINI
2405 306 2744 363 EPISCOPI.
3316 262 3323 270 ’
3903 315 3967 364 7-2

435 433 655 488 interea
698 433 900 504 jacuit,
932 432 1130 488 multis
1160 432 1282 504 ipse
1314 431 1499 488 verbis
1551 432 1842 504 deplorat:
1878 448 1991 503 quo
2022 431 2145 502 qui-

437 522 568 577 dem
598 527 962 593 tempore,ut
990 521 1267 594 loquitur,
1284 521 1477 576 satiari
1496 521 1694 576 inferis
1723 521 1932 576 exarsit
1957 521 2140 588 (lbid.,

435 628 564 683 cap.
609 615 657 679 l,
687 628 745 667 n.
782 612 852 684 1).
887 613 998 666 Nec
1027 612 1098 666 de
1137 610 1318 666 nimia
1348 611 1750 666 tantummodo
1780 610 2007 665 licentia
2031 608 2138 664 sibi

440 718 708 757 concessa
748 701 1042 773 queritur;
1084 700 1180 755 sed
1219 701 1391 754 etiam
1422 701 1574 771 quod
1615 706 1798 755 mater
1826 717 1890 756 ex
1919 717 2032 772 quo
2061 699 2140 752 vi-

434 809 570 848 rum
599 808 772 862 supra
811 795 1126 846 memorata
1155 790 1495 844 referentem
1527 791 1818 860 audiisset,
1848 790 1985 844 satis
2015 806 2136 843 esse

437 880 744 953 putaverit,
780 879 891 951 ipsi
939 879 1187 934 colendae
1230 879 1502 933 castitatis
1546 880 1764 934 monita
1810 878 2136 946 tradidisse,

440 985 629 1042 neque
657 967 1014 1040 diligentiam
1047 967 1390 1032 adhibuerit,
1423 985 1537 1040 quo
1567 968 1952 1040 pestilentiosa
1980 984 2042 1022 ac
2079 967 2139 1022 in

438 1067 734 1130 posterum
781 1057 1156 1129 periculosior
1199 1057 1400 1127 libido,
1449 1058 1496 1111 si
1544 1057 1785 1112 resecari
1832 1058 1903 1112 ad
1948 1057 2136 1111 vivum

437 1164 556 1203 non
586 1152 830 1218 poterat,
857 1146 1065 1217 injecto
1094 1145 1336 1218 legitimi
1383 1147 1635 1218 conjugii
1662 1149 1822 1202 freno
1851 1163 2136 1201 coercere-

436 1243 550 1292 tur.
580 1237 786 1291 Verum
817 1253 884 1291 ea
912 1235 1274 1290 solummodo
1303 1253 1439 1292 cura
1466 1237 1575 1291 fuit
1603 1242 1906 1308 parentum
1936 1235 2136 1307 ipsius,

439 1332 501 1380 ut
531 1329 710 1379 artem
740 1325 885 1379 bene
915 1323 1140 1378 dicendi
1166 1323 1667 1396 persuadendique
1697 1323 2046 1392 addisceret;
2077 1340 2139 1377 ac

439 1420 628 1470 metus
669 1419 810 1478 erat,
859 1430 929 1469 ne
974 1413 1092 1468 tilio
1131 1398 1385 1484 coniugii
1426 1413 1667 1468 vinculis
1712 1418 1850 1468 tunc
1892 1413 2138 1476 astricto,

440 1519 568 1574 spes
597 1503 782 1558 omnis
812 1503 881 1558 de
910 1503 1009 1556 illo
1035 1508 1310 1573 concepta
1337 1506 1680 1557 vanesceret.
1709 1503 1772 1556 lu
1803 1502 1926 1574 ipso
1954 1501 2147 1556 adole-

439 1590 671 1645 scentia:
725 1607 841 1645 sua:
898 1591 1146 1657 exordio,
1194 1595 1256 1645 ut
1311 1591 1430 1662 ipse
1488 1591 1698 1656 scribit,
1738 1591 1903 1662 petiit
1949 1608 1982 1644 a
2027 1591 2141 1646 Deo

441 1679 783 1749 castitatem,
833 1679 928 1734 sed
978 1679 1127 1735 futili
1167 1680 1415 1752 quodam
1455 1686 1510 1734 et
1549 1680 1816 1751 ambiguo
1858 1684 2012 1735 voto.
2045 1683 2140 1735 Di-

439 1787 650 1836 xeram,
693 1770 794 1838 ait,
834 1772 917 1826 Da
963 1772 1104 1824 mihi
1151 1773 1456 1825 castitatem
1506 1776 1556 1824 et
1603 1772 2002 1839 continentiam,
2049 1771 2144 1824 sed

437 1861 552 1914 noli
578 1859 752 1914 modo.
791 1859 1064 1914 Timebam
1093 1863 1235 1914 enim
1277 1876 1343 1914 ne
1384 1875 1467 1914 me
1495 1862 1597 1914 cito
1637 1859 1928 1914 ewaudires
1963 1864 2013 1914 et
2038 1862 2142 1914 cito

437 1963 660 2003 sanares
689 1965 724 2002 a
749 1949 930 2003 morbo
955 1951 1412 2019 concupiscentiae,
1447 1965 1612 2018 quam
1641 1949 1904 2003 malebam
1934 1949 2144 2018 expleri

437 2054 602 2107 quam
639 2039 918 2106 exstingui
948 2039 1204 2108 (Con/ess.
1239 2038 1336 2093 lib.
1366 2042 1418 2107 8,
1449 2055 1570 2108 cap.
1605 2043 1662 2105 7,
1690 2055 1748 2093 η.
1785 2042 1888 2108 Π).

509 2167 560 2220 3.
595 2165 701 2219 Per
729 2163 884 2218 idem
928 2167 1154 2234 tempus
1196 2179 1310 2234 quo
1355 2163 1511 2218 domi
1548 2163 1860 2218 feriabatur
1903 2161 2137 2229 otiosus,

439 2270 569 2308 cum
598 2253 659 2307 in
690 2252 1163 2307 consuetudinem
1193 2268 1501 2324 pravorum
1541 2252 1764 2324 aliquot
1809 2252 2139 2307 adolescen-

437 2342 584 2397 tium
614 2341 830 2413 pariter
859 2341 1172 2396 otiosorum
1203 2357 1262 2395 se
1291 2340 1557 2404 dedisset,
1588 2342 1660 2396 ab
1686 2342 1758 2395 iis
1784 2341 1844 2395 in
1882 2340 2021 2396 furti
2049 2357 2140 2395 so-

439 2432 701 2487 cietatem
734 2430 1048 2486 adductum
1089 2447 1148 2485 se
1177 2430 1350 2485 fuisse
1391 2435 1694 2498 memorat,
1723 2431 1876 2502 quod
1905 2430 2023 2484 solo
2052 2431 2141 2502 ju-

443 2521 616 2576 stitie
641 2519 868 2576 fastidio
896 2536 962 2574 ac
988 2521 1143 2574 velut
1180 2525 1534 2591 exaggerata:
1571 2519 1888 2592 iniquitatis
1913 2521 2142 2575 cumulo

437 2609 734 2665 admisisse
781 2610 1116 2676 confitetur;
1163 2627 1294 2666 cum
1345 2609 1404 2664 in
1449 2610 1558 2665 hoc
1608 2609 1760 2664 furto
1803 2609 1958 2664 aliud
1997 2609 2141 2664 nihil

437 2715 613 2772 quam
653 2699 872 2754 furtum
910 2704 1215 2770 quaereret,
1259 2715 1324 2754 ac
1373 2699 1495 2753 vitii
1533 2699 1726 2770 potius
1763 2698 2140 2770 turpitudine,

437 2805 613 2861 quam
643 2789 1030 2843 emolumento
1054 2789 1169 2843 frui
1190 2793 1537 2861 peroptaret.
1567 2789 1767 2855 Arbor,
1792 2787 1996 2860 inquit,
2027 2794 2145 2843 erat

431 2880 593 2948 prius
621 2879 682 2931 in
709 2879 912 2932 vicinia
942 2880 1109 2932 vinem
1155 2883 1370 2944 nostris,
1399 2881 1574 2948 pomis
1599 2882 1813 2948 onusta,
1843 2895 1936 2933 nec
1964 2882 2142 2947 forma

433 2983 528 3022 nec
578 2982 771 3037 sapore
818 2967 1160 3022 illecebrosis.
1204 2968 1300 3022 Ad
1357 2967 1499 3022 hanc
1556 2967 1934 3022 excutiendam
1981 2973 2144 3038 atque

435 3056 827 3127 asportandum
855 3058 1177 3125 nequissimi
1205 3057 1588 3112 adolescentuli
1613 3059 1952 3127 perreximus
1997 3063 2145 3111 nocte

433 3149 776 3216 intempesta,
807 3161 1082 3214 quousque
1101 3147 1290 3200 ludum
1317 3146 1717 3215 depestilentiae
1739 3162 1883 3200 more
1912 3148 1970 3200 in
2000 3149 2144 3200 areis

434 3236 909 3305 produxeramus;
944 3241 994 3288 et
1023 3235 1349 3290 abstulimus
1378 3235 1505 3290 inde
1541 3251 1704 3289 onera
1745 3238 2007 3303 ingentia,
2037 3251 2144 3290 non

437 3324 512 3379 ad
558 3329 774 3380 nostras
821 3325 1031 3394 epulas,
1059 3325 1154 3378 sed
1198 3325 1279 3378 vel
1313 3325 1656 3394 proficientia
1694 3327 1899 3394 porcis,
1930 3327 2146 3380 etiamsi

435 3414 654 3484 aliquid
677 3414 804 3468 inde
831 3413 1172 3480 comedimus,
1204 3414 1334 3468 dum
1365 3420 1541 3468 tamen
1567 3416 1717 3483 ﬁeret
1743 3431 1777 3467 a
1804 3415 1978 3483 nobis,
2001 3415 2145 3484 quod

434 3520 492 3558 eo
522 3503 726 3569 liberet,
760 3518 862 3570 quo
906 3519 1011 3556 non
1044 3503 1226 3556 liceret
1262 3501 1447 3572 (lbid.,
1481 3503 1575 3557 lib.
1618 3505 1673 3569 2,
1719 3519 1842 3573 cap.
1877 3505 1929 3558 4.
1976 3519 2030 3558 n.
2066 3505 2139 3574 9).

437 3596 642 3650 Coram
675 3593 788 3646 Deo
819 3591 1168 3662 expendens,
1201 3593 1330 3663 quis
1365 3592 1594 3646 tandem
1624 3591 1686 3646 in
1713 3592 1864 3646 furto
1893 3597 2009 3647 tam
2040 3593 2144 3646 ini-

437 3700 552 3754 quo
583 3681 864 3736 animisui
886 3681 1122 3736 affectus
1146 3681 1486 3736 exstitisset:
1507 3683 1692 3748 Risus,
1721 3681 1820 3748 ait,
1847 3686 1964 3736 erat
1984 3685 2146 3752 quasi

437 3773 661 3827 titillato
690 3771 866 3841 corde,
898 3770 1043 3841 quod
1063 3770 1387 3838 fallebamus
1415 3786 1500 3826 eos
1524 3773 1622 3840 qui
1659 3771 1767 3826 hzec
1796 3788 1830 3826 a
1854 3773 2005 3826 nobis
2024 3773 2146 3842 ﬁeri

437 3877 542 3916 non
576 3861 875 3932 putabant;
907 3866 958 3915 et
1001 3861 1335 3915 vehementer
1371 3861 1646 3916 nolebant.
1681 3861 1831 3917 Illud
1857 3863 2001 3917 solus
2037 3878 2141 3916 non

432 3952 687 4018 facerem,
719 3966 825 4004 non
859 3952 1096 4017 facerem
1134 3953 1349 4006 omnino
1377 3952 1522 4005 solus
1563 3967 1576 4005 :
1621 3967 1703 4005 me
1747 3953 1919 4006 solum
1963 3954 2143 4019 facere

428 4054 657 4108 prorsus
685 4055 793 4093 non
831 4039 1036 4104 liberet,
1064 4055 1159 4094 nec
1189 4042 1438 4106 facerem.
1475 4039 1518 4096 Ο
1553 4041 1719 4094 nimis
1750 4041 1972 4095 inimica
2001 4043 2140 4095 ami-

437 4130 588 4194 citia,
619 4127 858 4182 seductio
887 4130 1080 4182 mentis
1114 4128 1550 4195 inrestigabilis;
1579 4144 1646 4181 ea:
1674 4129 1800 4182 ludo
1825 4134 1874 4182 et
1892 4131 2013 4199 joco
2042 4145 2141 4184 no-

437 4216 594 4270 cendi
603 4215 866 4280 aviditas,
889 4221 938 4269 et
965 4217 1136 4268 alieni
1154 4215 1344 4269 damni
1361 4218 1637 4285 appetitus
1655 4218 1838 4280 multa
1860 4218 1998 4271 lucri
2016 4220 2141 4285 mei,

437 4305 591 4359 nulla
618 4303 917 4358 ulciscendi
939 4304 1199 4368 libidine;
1219 4303 1317 4359 sed
1335 4321 1454 4358 cum
1474 4304 1697 4372 dicitur,
1726 4307 1948 4372 Eamus,
1960 4308 2140 4374 facia-

438 4409 588 4460 mus;
611 4399 661 4448 et
674 4393 847 4463 pudet
866 4408 972 4448 non
992 4409 1102 4448 esse
1121 4394 1518 4463 impudentem!
1531 4395 1714 4464 (lbid.,
1730 4411 1850 4464 cap.
1875 4399 1928 4464 9,
1949 4411 2006 4451 n.
2033 4398 2137 4468 t7).

1111 4547 1339 4602 CAPUT
1380 4547 1468 4602 ιν.

444 4677 464 4728 1
501 4673 834 4740 Carthagine
858 4671 1077 4728 studens
1115 4675 1426 4737 Rhetorica,
1461 4690 1496 4728 a
1527 4675 1762 4744 perditis
1799 4675 2140 4735 scholastico-

508 4777 632 4817 rum
674 4762 912 4817 moribus
941 4761 1211 4818 abhorret.
1244 4765 1278 4816 2
1305 4763 1391 4818 Ibi
1427 4766 1640 4834 impuro
1668 4779 1849 4820 amore
1890 4767 2132 4836 capitur.

514 4854 544 4906 3
569 4851 790 4906 Modum
818 4853 876 4904 in
905 4867 962 4906 eo
991 4852 1276 4920 quemdam
1307 4859 1463 4908 tenet.
1495 4855 1530 4908 4
1556 4854 1900 4910 Adeodatum
1929 4872 1997 4909 ex
2026 4871 2143 4910 con-

509 4941 710 4996 cubina
737 4943 994 5010 suscipit.
1024 4945 1054 4996 5
1085 4942 1358 4998 Adeodati
1384 4942 1635 4997 mirabile
1659 4945 1950 5011 ingenium,
1978 4958 2142 4997 mors-

509 5046 611 5100 que
638 5032 958 5085 immatura.

513 5141 566 5192 1.
599 5137 944 5208 Comparato
971 5135 1194 5204 viatico,
1225 5137 1562 5192 litterarium
1594 5137 1846 5192 studium
1873 5143 2141 5208 peractu-

436 5241 536 5281 rus
565 5226 968 5297 Carthaginem
998 5227 1196 5297 petiit:
1223 5227 1321 5280 ubi
1351 5243 1467 5281 non
1497 5226 1739 5297 pecunia
1770 5228 1939 5281 modo
1967 5243 2141 5298 quam

437 5321 601 5385 pater
651 5314 724 5369 ad
763 5314 821 5368 id
863 5320 1182 5384 paraverat,
1222 5319 1571 5369 sustentatus
1621 5319 1740 5380 est;
1796 5315 1890 5370 sed
1937 5316 2141 5385 opibus

438 5405 612 5458 etiam
644 5403 1008 5470 Romaniani,
1039 5403 1174 5457 civis
1201 5403 1560 5473 Tagastensis
1584 5402 1862 5474 primarii,
1888 5405 1987 5474 qui
2007 5421 2140 5459 eum

434 5493 927 5548 adolescentulum
973 5509 1284 5564 pauperem
1327 5492 1400 5547 ad
1436 5492 1740 5562 peregrina
1785 5493 1974 5547 studia
2011 5510 2139 5564 per-

436 5587 688 5652 gentem,
711 5588 770 5637 et
799 5583 989 5650 domo,
1021 5588 1080 5638 et
1102 5587 1356 5652 sumptu,
1389 5587 1446 5636 et
1472 5581 1623 5652 quod
1653 5581 1784 5652 plus
1813 5586 1916 5642 est,
1946 5582 2138 5638 animo

437 5670 652 5742 excepit
678 5673 896 5738 (Contra
930 5671 1132 5739 Acad.,
1166 5671 1262 5726 lib.
1290 5672 1342 5742 2,
1373 5686 1430 5728 η.
1464 5671 1539 5741 3).
1572 5671 1638 5726 In
1666 5671 1770 5726 hac
1798 5671 2139 5743 eloquentia

2251 433 2515 501 palaestra
2544 432 2761 503 primas
2788 433 3088 487 confestim
3115 433 3316 499 tenuit,
3339 434 3494 490 unde
3521 451 3641 491 non
3673 436 3807 490 sine
3829 435 3969 490 fastu

2251 528 2309 577 et
2337 523 2584 578 elatione
2615 523 2814 592 animi,
2838 523 3048 594 gaudio
3077 524 3487 596 triumphabat.
3512 525 3753 581 Ceteris
3776 532 3967 581 tamen

2247 611 2596 666 scholasticis
2626 612 2976 667 moderatius
3007 629 3064 666 se
3090 613 3343 684 gerebat,
3365 615 3512 670 etab
3539 615 3748 670 insana
3771 632 3969 670 eorum

2246 701 2591 756 abhorrebat
2640 701 2888 768 licentia,
2921 702 3018 773 qui
3059 704 3394 757 Erersorum
3432 720 3668 771 nomen,
3714 705 3968 759 infamia

2245 805 2420 844 causa
2449 789 2558 844 sibi
2580 789 2784 844 merito
2813 789 3172 860 impositum,
3194 791 3352 846 velut
3370 791 3720 847 urbanitatis
3746 793 3969 863 insigne

2246 879 2573 948 petulanter
2601 879 3249 948 ostentabant'(Con/ess.
3282 881 3377 934 lib.
3429 885 3477 947 3,
3509 897 3631 952 cap.
3668 885 3727 948 3,
3780 880 3841 936 η’.
3885 887 3962 949 6;.

2249 966 2418 1021 Fteda
2456 971 2512 1021 et
2559 966 2950 1038 intemperans
2981 968 3214 1023 illorum
3244 969 3472 1024 licentia
3508 987 3576 1023 eo
3605 977 3802 1041 usque
3841 985 3967 1040 pro-

2247 1056 2636 1126 grediebatur,
2669 1061 2731 1111 ut
2777 1057 2837 1112 in
2887 1057 3134 1112 aliorum
3173 1063 3591 1129 praeceptorum
3632 1059 3870 1113 scholas
3915 1077 3968 1113 os

2248 1145 2498 1199 ferreum
2528 1145 2844 1215 procaciter
2880 1145 3176 1213 inferrent,
3211 1148 3354 1202 etin
3389 1165 3483 1202 eas
3512 1148 3794 1218 ingressi,
3827 1149 3969 1202 ordi-

2248 1250 2380 1288 nem
2399 1234 2466 1288 ad
2487 1235 2804 1306 profectum
2824 1235 3275 1306 discipuloruma
3295 1237 3582 1308 magistris
3603 1237 3963 1305 institutum,

2247 1323 2460 1378 furiosa
2488 1324 2736 1395 quadam
2779 1325 2965 1380 fronte
3005 1326 3427 1396 perturbarent.
3461 1327 3635 1382 Multa
3681 1328 3746 1382 id
3788 1345 3969 1399 genus

2249 1411 2531 1482 injuriosa
2559 1413 2966 1483 perpetrabant
2996 1413 3141 1468 mira
3170 1413 3515 1470 hebetudine
3546 1420 3604 1470 et
3625 1416 3786 1472 foeda
3815 1418 3969 1472 rabie

2249 1501 2404 1566 caeci,
2454 1501 2677 1572 legibus
2737 1507 2889 1556 certe
2936 1503 3300 1573 vindicanda,
3344 1503 3454 1559 nisi
3497 1521 3564 1559 ea
3605 1507 3970 1561 consuetudo

2248 1594 2490 1660 patrona
2531 1590 2956 1662 comprobasset
3000 1592 3163 1662 (Ibid.
3207 1593 3302 1647 lib.
3348 1597 3400 1658 5,
3449 1609 3570 1664 cap.
3620 1598 3678 1662 8,
3732 1613 3799 1652 n.
3869 1600 3966 1665 lt}.

2249 1681 2394 1733 Inter
2424 1694 2576 1748 quos,
2615 1679 2695 1733 ait
2721 1679 3097 1751 Augustinus,
3126 1681 3373 1736 vivebam
3398 1683 3605 1752 pudore
3635 1685 3967 1754 impudenti,

2250 1770 2385 1836 quia
2417 1770 2542 1822 talis
2572 1784 2675 1822 non
2702 1785 2849 1822 eram
2875 1785 2887 1824 :
2911 1775 3098 1824 etcum
3124 1772 3199 1825 eis
3229 1787 3400 1840 eram,
3421 1775 3472 1826 et
3500 1775 3765 1828 amicitiis
3790 1791 3970 1828 eorum

2249 1857 2555 1912 delectabar
2583 1857 2900 1926 aliquando,
2935 1875 2969 1912 a
2999 1875 3226 1927 quorum
3258 1875 3468 1930 semper
3502 1862 3671 1928 factis
3702 1863 3967 1917 abhorre-

2251 1945 2394 2012 bam,
2417 1946 2512 2000 hoc
2539 1950 2616 2000 est
2638 1946 2708 1999 ab
2741 1948 3106 2002 eversionibus
3132 1949 3331 2016 quibus
3344 1955 3597 2019 proterve
3622 1953 3968 2006 insectaban-

2249 2041 2341 2090 tur
2385 2038 2687 2104 ignotorum
2733 2037 3131 2103 verecundiam,
3185 2054 3348 2109 quam
3385 2041 3747 2110 pertubarent
3796 2047 3965 2109 gratis

2247 2124 2546 2191 illudendo,
2577 2130 2740 2194 atque
2783 2125 2910 2180 inde
2932 2126 3204 2196 pascendo
3232 2128 3520 2182 malevolos
3568 2129 3803 2184 laetitias
3847 2147 3966 2184 sua:

2250 2213 2431 2282 (Ibid.,
2485 2213 2577 2268 lib.
2631 2217 2684 2278 3,
2719 2230 2838 2284 cap.
2871 2217 2924 2281 3,
2955 2230 3011 2269 n.
3053 2215 3131 2282 6).
3175 2217 3330 2270 Inter
3358 2217 3464 2270 hos
3493 2233 3632 2288 ergo
3677 2217 3967 2273 imbecilla

2248 2305 2386 2356 tunc
2397 2306 2561 2356 aetate
2583 2302 2832 2358 discebat
2847 2304 3022 2358 libros
3039 2304 3405 2376 eloquentiae,
3420 2305 3479 2360 in
3499 2323 3613 2378 qua
3632 2309 3965 2378 praecellere

2251 2389 2514 2460 cupiebat
2531 2406 2703 2462 prava
2724 2391 2822 2446 illa
2841 2397 2901 2446 et
2920 2391 3136 2446 infelici
3158 2409 3462 2448 succensus
3474 2395 3828 2464 ambitione,
3847 2415 3964 2470 qua

2249 2479 2424 2533 solius
2440 2479 2638 2550 gloriae
2651 2497 2818 2535 causa
2829 2481 3115 2536 desudans
3126 2481 3399 2537 solidiora
3411 2499 3512 2538 sua
3527 2484 3749 2554 gaudia
3760 2485 3826 2540 in
3838 2504 3967 2541 aura

2250 2573 2486 2624 ventosa
2509 2569 2774 2625 vanitatis
2803 2571 3074 2625 humana:
3103 2571 3343 2644 collocat
3367 2573 3552 2644 (Ibid.,
3575 2590 3701 2644 cap.
3735 2577 3796 2642 4,
3816 2593 3873 2632 n.
3895 2582 3962 2644 7;.

2253 2658 2383 2711 Haec
2411 2657 2565 2712 enim
2586 2658 2774 2714 studia
2803 2676 2934 2714 eum
2955 2677 3060 2731 per
3085 2677 3143 2715 se
3171 2643 3460 2716 ducebant
3480 2663 3549 2718 ad
3573 2643 3800 2732 forum,
3821 2643 3966 2737 quod

2252 2745 2348 2800 ille
2371 2747 2492 2817 jam
2523 2753 2646 2802 tum
2677 2749 2983 2819 spectabat,
3017 2754 3083 2804 ut
3112 2749 3189 2804 ibi
3229 2751 3414 2806 clarus
3443 2768 3511 2806 eo
3541 2753 3840 2824 majorem
3871 2757 3965 2809 sibi

2253 2835 2493 2907 gloriam
2515 2842 2889 2909 compararet,
2914 2855 3027 2910 quo
3051 2839 3258 2894 melius
3277 2845 3471 2895 nosset
3489 2841 3662 2897 etiam
3689 2860 3967 2916 oppressa

2251 2925 2487 2980 veritate
2519 2927 2814 2981 mendacio
2844 2928 3211 2998 patrocinari.
3249 2932 3423 2984 Tanta
3463 2936 3560 2996 est,
3592 2931 3672 2985 ait
3710 2931 3870 2987 hanc
3915 2934 3964 2986 in

2251 3029 2396 3080 rem,
2441 3018 2652 3070 caecitas
2699 3017 2971 3072 hominum
3000 3017 3066 3072 de
3095 3021 3329 3074 caecitate
3369 3024 3533 3074 etiam
3560 3022 3926 3090 gloriantium
3952 3027 3966 3076 .'

2255 3104 2510 3170 (Con/ess.
2544 3105 2640 3159 lib.
2685 3108 2738 3172 3,
2771 3121 2896 3176 cap.
2937 3109 2987 3169 3,
3022 3123 3084 3163 n.
3123 3111 3202 3178 6).

2324 3265 2374 3317 2.
2404 3263 2510 3318 Sed
2536 3263 2676 3336 quid
2705 3265 2931 3321 silentio
2960 3268 3320 3338 praeterimus
3341 3286 3470 3341 quae
3489 3269 3653 3341 prius
3676 3271 3739 3326 in
3763 3274 3962 3329 eodem

2253 3352 2683 3408 Confessionum
2731 3371 2966 3411 suarum
2997 3357 3142 3412 libro
3182 3359 3458 3428 probrosa
3499 3359 3570 3414 de
3606 3377 3667 3414 se
3707 3363 3967 3432 prodidit

2253 3441 2586 3496 memorim?
2613 3443 2839 3499 Scilicet
2867 3445 3052 3499 virum
3084 3453 3344 3502 sanctum
3374 3448 3445 3503 ad
3471 3466 3539 3503 ea
3566 3449 3814 3522 insuper
3844 3471 3964 3525 qua

2249 3529 2340 3583 vix
2371 3530 2512 3584 citra
2534 3532 2807 3587 ruborem
2835 3533 2944 3605 legi
2978 3536 3218 3605 possint,
3240 3537 3301 3591 in
3331 3538 3510 3592 oculis
3539 3540 3811 3596 omnium
3845 3559 3968 3597 con-

2251 3619 2486 3688 fitenda,
2514 3621 2826 3693 singularis
2856 3623 3089 3695 impulit
3119 3627 3295 3681 animi
3326 3627 3625 3684 demissio.
3672 3632 3823 3686 Veni
3847 3636 3966 3690 Car-

2253 3711 2548 3778 thaginem,
2575 3711 2765 3783 inquit
2795 3713 2968 3784 (quod
3003 3715 3108 3770 sub
3140 3715 3354 3770 exitum
3396 3717 3533 3772 anni
3571 3722 3962 3776 trecentesimi

2252 3800 2656 3871 septuagesimi
2682 3803 2950 3857 accidisse
2986 3803 3248 3870 videtur).
3279 3811 3331 3860 et
3377 3809 3866 3878 circumstrepebat
3891 3829 3962 3865 me.

2251 3888 2496 3958 mutique
2524 3895 2745 3957 sartago
2789 3894 3183 3960 flagitiosorum
3213 3911 3481 3950 amorum.
3519 3898 3780 3953 Nondum
3811 3917 3958 3954 ama-

2253 3977 2397 4045 bam,
2427 3984 2478 4034 et
2503 3996 2688 4033 amare
2717 3982 2990 4048 amabam,
3021 3990 3071 4038 et
3100 3989 3378 4039 secretiore
3405 3985 3717 4055 indigentia
3744 3990 3960 4044 oderam

2250 4083 2330 4120 me
2358 4057 2535 4122 minus
2565 4068 2913 4136 indigentem.
2945 4073 3055 4126 Bui
3077 4075 3240 4127 etiam
3279 4075 3338 4127 in
3367 4089 3598 4129 amorem
3636 4093 3746 4144 quo
3777 4082 3960 4148 cupie-

2253 4155 2374 4210 bam
2419 4160 2545 4227 capi
2583 4174 2597 4211 :
2633 4175 2749 4212 non
2791 4176 3070 4228 amorem,
3115 4161 3442 4233 opinamur,
3487 4164 3726 4220 alterius
3779 4168 3854 4223 ab
3904 4186 3960 4221 ea

2250 4261 2422 4315 quam
2454 4262 2630 4300 unam
2669 4247 2779 4302 sibi
2810 4249 2878 4303 ad
2929 4250 3130 4305 cubilis
3169 4252 3502 4308 societatem
3531 4254 3750 4325 adlegit
3785 4275 3800 4312 :
3835 4275 3958 4313 nam

2251 4334 2523 4389 continuo
2566 4339 2969 4410 prosequitur:
3019 4343 3158 4395 Deus
3205 4359 3374 4409 meus,
3405 4345 3789 4400 misericordia
3827 4364 3958 4413 mea,

2251 4430 2454 4494 quanto
2480 4427 2606 4492 felle
2635 4429 2774 4482 mihi
2815 4433 3137 4486 suavitatem
3175 4433 3348 4497 illam,
3381 4439 3433 4487 et
3459 4451 3622 4504 quam
3660 4436 3838 4492 bonus
3867 4439 3959 4491 ad-

2249 4517 2499 4584 spersisti
2519 4517 2539 4569 .'
2569 4518 2701 4584 quia
2728 4522 2778 4571 et
2797 4525 3026 4574 amatus
3055 4535 3173 4574 sum
3195 4526 3246 4575 et
3265 4526 3492 4591 perveni
3512 4525 3714 4578 occulte
3745 4529 3826 4580 ad
3854 4532 3960 4582 vin-

2250 4604 2428 4658 culum
2455 4606 2700 4671 fruendi,
2731 4611 2782 4660 et
2825 4609 3124 4675 colligabar
3160 4611 3312 4665 laetus
3361 4616 3677 4667 aerumnosis
3707 4618 3957 4676 nexibus.

2249 4697 2310 4747 ut
2339 4693 2568 4748 caederer
2592 4697 2766 4763 virgis
2785 4699 2979 4764 ferreis
3008 4699 3329 4755 ardentibus
3353 4703 3472 4766 zeli,
3495 4707 3544 4756 et
3571 4706 3959 4772 suspicionum,

2249 4786 2299 4835 et
2316 4785 2590 4850 timorum,
2607 4790 2656 4839 et
2677 4787 2906 4849 irarum,
2930 4792 3094 4857 atque
3112 4783 3364 4843 rixarum
3385 4790 3566 4857 (Ibid.,
3585 4807 3704 4861 cap.
3746 4799 3796 4860 ί,
3816 4813 3872 4849 n.
3903 4797 3958 4865 li.

2249 4869 2340 4925 Sic
2389 4887 2594 4943 nempe
2642 4889 2816 4944 super
2853 4881 3184 4946 peccantem
3234 4878 3679 4936 circumvolabat
3716 4882 3908 4938 fidelis
3936 4904 3961 4937 ει

2249 4959 2420 5030 longe
2442 4961 2835 5017 misericordia
2857 4965 2983 5031 Dei,
3007 4965 3142 5019 etin
3167 4967 3432 5020 omnibus
3453 4968 3611 5023 factis
3638 4970 3828 5040 ipsius
3851 4990 3962 5026 ma-

2250 5048 2320 5102 lis
2348 5065 2478 5102 eum
2512 5050 2860 5121 flagellabat.
2894 5055 3080 5109 Ausus
3109 5069 3248 5122 sum,
3274 5056 3368 5122 ait,
3388 5060 3547 5111 etiam
3568 5061 3626 5112 in
3656 5061 3960 5116 celebritate

2249 5138 2647 5194 solemnitatum
2678 5146 2920 5208 tuarum,
2947 5141 3097 5197 intra
3126 5147 3360 5212 parietes
3389 5147 3616 5201 ecclesiae
3644 5153 3751 5202 tua
3772 5167 3961 5205 concu-

2245 5241 2452 5295 piscere
2494 5233 2544 5280 et
2572 5244 2730 5293 agere
2776 5233 3049 5297 negotium
3090 5235 3430 5301 procurandi
3471 5237 3688 5300 fructus
3726 5244 3957 5294 mortis:

2249 5315 2390 5368 unde
2407 5331 2490 5370 me
2516 5319 2814 5372 rerberasti
2839 5319 3098 5387 gravibus
3124 5324 3329 5390 poenis;
3350 5323 3444 5377 sed
3471 5325 3614 5378 nihil
3640 5327 3716 5380 ad
3741 5330 3957 5398 culpam

2247 5420 2418 5458 meam
2441 5405 2626 5475 (1bid.,
2659 5423 2781 5476 cap.
2803 5411 2853 5470 3,
2878 5425 2934 5462 η.
2959 5409 3036 5477 5).
3065 5410 3361 5465 Theatrica
3381 5415 3720 5482 spectacula,
3747 5419 3956 5488 quibus

2248 5509 2611 5564 summopere
2637 5495 2864 5550 deditus
2893 5502 3035 5560 erat,
3067 5503 3124 5554 et
3149 5499 3208 5554 in
3238 5501 3449 5571 quibus
3487 5503 3796 5560 libidinum
3828 5524 3953 5561 sua-

2246 5597 2379 5636 rum
2403 5583 2648 5653 exprimi
2666 5585 2931 5640 cernebat
2958 5585 3260 5658 imagines,
3293 5589 3447 5644 illius
3476 5606 3662 5646 mores
3688 5595 3878 5665 magis
3897 5613 3954 5649 ac

2247 5671 2431 5743 magis
2451 5671 3065 5746 labefactabant(1bid.,
3081 5691 3203 5747 cap.
3219 5681 3276 5750 2,
3291 5693 3347 5733 n.
3361 5682 3429 5741 2).
3449 5680 3634 5735 Multis
3651 5688 3778 5752 post
3791 5685 3953 5738 annis
