4020 6350
61 314 107 361 ῖ3
1528 308 1742 365 LIBER

1939 309 2073 365 IUS.
3469 324 3541 376 74

61 430 107 483 in
154 427 381 499 publica
429 426 705 482 concione
752 442 925 499 quam
981 428 1319 501 Carthagine
1365 429 1587 499 habuit,
1626 431 1735 486 fas-

61 533 141 573 sus
167 521 252 571 est
275 531 335 570 se
365 516 474 571 hac
500 514 863 586 potissimum
893 515 953 572 in
983 516 1123 572 urbe
1152 518 1361 573 malam
1393 518 1623 574 duxisse
1650 519 1737 574 vi-

61 608 188 668 tam,
230 600 523 673 fuisseque
573 601 882 673 aliquando
916 620 981 659 ex
1023 604 1093 658 iis
1122 621 1266 677 quos
1314 604 1454 660 dicit
1492 607 1737 677 Aposto-

61 691 135 745 lus
181 690 384 745 stultos
430 693 489 744 et
532 689 874 758 incredulos,
914 695 974 747 et
1018 692 1089 747 ad
1134 708 1305 748 omne
1349 709 1494 764 opus
1522 693 1735 749 bonum

61 776 314 849 reprobos
343 776 567 847 (Enarr.
604 780 661 833 in
688 780 835 834 Psal.
860 782 948 847 36,
970 796 1127 836 serm.
1172 784 1224 848 3,
1256 797 1312 836 n.
1349 782 1451 851 t9).

120 869 168 921 3.
193 868 459 922 Attamen
492 865 561 920 iis
584 867 1060 940 concupiscentiae
1090 870 1351 925 sordibus
1380 870 1734 942 inquinatus,

61 955 272 1025 elegans
300 958 476 1026 atque
515 954 767 1010 urbanus
798 956 1141 1019 adolescens,
1163 958 1340 1014 videri
1367 959 1612 1027 volebat,
1644 961 1737 1015 in-

61 1043 151 1098 sita
183 1042 456 1098 nimirum
489 1043 689 1099 virtuti
715 1045 1143 1116 pulchritudine
1173 1050 1348 1115 tanta,
1391 1052 1456 1102 ut
1484 1049 1582 1119 qui
1611 1064 1735 1103 eam

61 1130 275 1186 minime
320 1133 539 1202 colunt,
592 1133 714 1204 ejus
762 1133 1007 1205 speciem
1037 1152 1155 1207 pra
1187 1152 1245 1192 se
1291 1136 1438 1192 ferre
1478 1136 1737 1193 omnium

66 1221 290 1276 maxime
322 1221 601 1276 ambiant.
629 1222 820 1277 Padus
845 1228 1009 1294 atque
1035 1225 1363 1291 inhonestus,
1388 1226 1599 1298 inquit,
1629 1228 1739 1282 ele-

68 1325 187 1378 gans
206 1316 254 1365 et
273 1310 516 1365 urbanus
535 1326 645 1365 esse
668 1312 955 1379 gestiebam
977 1313 1283 1368 abundanti
1296 1317 1537 1369 vanitate
1557 1316 1735 1384 (Conf.

68 1400 147 1454 lib.
171 1402 218 1466 3,
251 1416 369 1470 cap.
404 1403 454 1467 l,
483 1416 539 1454 n.
568 1401 644 1471 t.)
679 1403 807 1456 Erat
835 1406 985 1457 certe
1014 1403 1086 1458 ad
1106 1419 1335 1459 omnem
1359 1404 1736 1460 urbanitatem

64 1493 246 1542 natura
274 1488 643 1559 compositus,
676 1489 934 1561 adeoque
960 1498 1081 1545 tum
1109 1492 1281 1546 etiam
1311 1508 1439 1546 cum
1471 1494 1742 1564 eloquen-

65 1578 144 1631 tia
171 1575 427 1631 studebat
472 1577 840 1649 Carthagine,
892 1579 1049 1649 turpi
1098 1579 1233 1634 licet
1278 1596 1472 1635 amore
1516 1586 1737 1653 captus,

64 1665 353 1720 honestatis
383 1666 574 1719 cultor
604 1665 981 1721 nihilominus
1010 1668 1349 1724 habebatur.
1391 1670 1563 1740 Cujus
1589 1674 1740 1725 extat

67 1755 260 1807 illustre
307 1752 706 1808 testimonium
738 1754 1019 1809 Vincentii
1059 1756 1209 1827 apud
1248 1757 1505 1813 eamdem
1550 1758 1741 1813 civita-

65 1847 163 1895 tem
193 1840 612 1911 Rogatistarum
645 1842 917 1914 episcopi,
948 1842 1007 1897 in
1034 1842 1104 1897 iis
1132 1843 1335 1899 litteris
1352 1861 1506 1916 quas
1536 1845 1603 1900 ad
1633 1847 1743 1899 Au-

70 1929 334 1999 gustinum
351 1930 474 2001 jam
498 1930 719 2001 pariter
739 1930 1065 2002 episcopum
1089 1931 1266 2001 dedit,
1282 1932 1379 1987 ubi
1399 1949 1529 1988 eum
1550 1934 1744 1989 laudat

71 2019 118 2071 in
144 2018 256 2073 hac
269 2018 439 2073 verba
467 2034 480 2072 :
507 2019 640 2074 Cum
664 2021 865 2089 optime
888 2022 1127 2074 noverim
1143 2025 1193 2075 te
1213 2020 1365 2090 longe
1388 2021 1565 2075 adhuc
1585 2038 1619 2075 a
1636 2022 1743 2091 ﬁde

70 2106 342 2160 christiana
361 2108 678 2176 sepositum,
708 2110 759 2160 et
779 2106 978 2161 studiis
999 2108 1125 2161 olim
1151 2107 1394 2163 deditum
1415 2111 1739 2177 litterarum,

73 2198 241 2264 quietis
279 2200 328 2250 et
377 2196 677 2250 honestatis
728 2197 904 2263 fuisse
954 2197 1209 2251 cultorem
1263 2198 1428 2267 (Inter
1476 2199 1739 2267 August.,

76 2287 221 2353 Epist.
252 2286 338 2351 93,
364 2299 422 2339 n.
457 2283 568 2353 51).
600 2282 760 2337 Enim
792 2299 923 2338 vero
954 2300 1069 2339 non
1097 2283 1179 2339 ita
1198 2285 1480 2356 pudorem
1510 2293 1743 2342 exuerat

75 2372 390 2441 adolescens,
423 2375 488 2426 ut
518 2387 666 2443 vago
696 2387 828 2426 eum
861 2388 925 2427 ac
954 2372 1280 2443 promiscuo
1309 2389 1502 2429 amore
1530 2375 1742 2446 passim

74 2460 417 2515 contaminari
446 2460 656 2515 liberet
681 2479 697 2525 ;
722 2459 817 2514 sed
847 2460 1100 2531 profecto
1132 2461 1188 2515 in
1217 2462 1591 2518 immoderata
1620 2463 1745 2519 libi-

72 2551 178 2604 dine
195 2550 494 2621 quemdam
515 2550 756 2604 modum
779 2548 986 2616 tenuit,
1011 2565 1077 2603 eo
1100 2555 1419 2618 contentus,
1444 2552 1596 2623 quod
1618 2556 1742 2606 tum

75 2640 121 2691 in
147 2638 361 2693 homine
408 2638 668 2693 nondum
709 2637 1072 2692 christianam
1113 2638 1452 2710 religionem
1488 2639 1743 2710 professo

75 2727 202 2781 haud
230 2726 561 2782 indecorum
591 2726 921 2781 videretur:
954 2726 1056 2781 uni
1086 2727 1373 2798 siquidem
1411 2728 1741 2783 concubina

79 2815 364 2881 adhaerens,
395 2816 508 2869 tori
539 2814 711 2870 ﬁdem
742 2814 827 2869 illi
853 2831 969 2869 non
997 2814 1277 2887 imparem
1309 2817 1597 2887 conjugali
1625 2833 1742 2871 ser-

78 2902 236 2967 vabat,
261 2904 438 2969 Quam
461 2904 653 2976 primo
674 2919 823 2958 anno
847 2919 965 2958 sua
988 2904 1140 2975 apud
1162 2904 1603 2976 Carthaginnem
1620 2921 1745 2975 per-

80 2992 415 3062 egrinationis
480 2997 862 3062 assumptam,
914 2991 1146 3047 nonnisi
1191 2992 1494 3047 Mediolani
1545 3009 1745 3063 passus

84 3087 151 3134 est
190 3098 220 3135 a
249 3098 304 3135 se
332 3081 545 3147 divelli,
602 3097 730 3136 cum
771 3080 842 3135 ad
879 3096 1117 3135 uxorem
1162 3081 1477 3137 ducendam
1508 3081 1745 3136 animun

86 3170 362 3240 adjecisset.
395 3172 500 3225 Illa
518 3187 655 3225 vero
684 3170 745 3225 in
775 3169 1022 3224 Africam
1052 3185 1273 3224 reversa
1296 3175 1590 3241 perpetua
1620 3187 1750 3225 con-

88 3258 308 3315 tinentia
328 3263 460 3313 voto
483 3274 545 3313 se
573 3257 879 3313 obstrinxit
897 3256 1079 3327 (Conf.
1103 3257 1199 3313 lib.
1228 3260 1281 3325 6,
1304 3274 1423 3330 cap.
1450 3262 1535 3325 15,
1561 3274 1616 3313 n.
1637 3260 1746 3329 25.)

91 3348 181 3403 Sua
207 3349 573 3405 nihilominus
601 3348 931 3403 infelicitate
962 3346 1359 3419 experiebatur
1396 3348 1749 3419 Augustinus

89 3438 201 3509 quid
220 3439 288 3493 sit
306 3437 655 3494 discriminis
673 3438 826 3493 inter
850 3453 1071 3492 sacrum
1093 3437 1343 3509 conjugii
1364 3437 1569 3505 fadus,
1593 3438 1749 3510 quod

90 3527 269 3582 sobolis
294 3527 672 3599 suscipienda
701 3542 872 3581 causa
897 3525 1096 3591 initur,
1134 3530 1192 3581 et
1219 3526 1510 3581 libidinosi
1540 3527 1752 3582 amoris

89 3620 306 3685 pactum,
334 3616 434 3672 ubi
463 3616 659 3689 proles
687 3615 859 3670 etiam
890 3617 1087 3669 contra
1111 3618 1414 3686 parentum
1445 3619 1639 3671 votum
1663 3632 1752 3671 na-

90 3704 252 3775 scitur,
279 3705 677 3778 quamvisjam
708 3707 842 3759 uata
858 3704 945 3759 vel
969 3703 1040 3759 ah
1060 3702 1254 3758 invitis
1277 3720 1532 3759 amorem
1562 3710 1749 3760 extor-

90 3799 246 3864 queat.

146 3884 189 3938 4.
216 3885 369 3938 Anno
400 3899 522 3938 sua
552 3881 613 3936 in
641 3881 792 3937 dicta
819 3880 960 3936 urbe
989 3879 1468 3952 peregrinationis
1492 3880 1636 3934 forte
1666 3896 1751 3935 se-

95 3971 247 4026 cundo
274 3972 497 4027 sustulit
521 3987 587 4026 ex
618 3987 684 4025 ea
703 3969 911 4032 ﬁlium,
942 3968 1035 4024 cui
1063 3985 1271 4023 nomen
1302 3967 1410 4022 fuit
1435 3967 1751 4024 Adeodato.

100 4058 210 4113 Nam
238 4059 419 4131 ipsum
450 4075 605 4115 anno
636 4057 1035 4113 trecentesimo
1064 4056 1481 4128 septuagesimo
1510 4056 1754 4111 secundo

98 4151 260 4202 natum
292 4166 428 4216 esse,
477 4148 769 4204 decimum
805 4150 1064 4201 octavum
1095 4144 1275 4199 atatis
1303 4159 1519 4199 annum
1552 4149 1756 4216 agente

100 4238 400 4309 Augustino,
432 4239 520 4293 vel
551 4253 618 4292 ex
648 4253 716 4291 eo
738 4239 978 4301 constat,
1008 4234 1161 4306 quod
1190 4250 1340 4288 anno
1363 4234 1758 4288 trecentesimo

101 4326 405 4397 octogesimo
446 4325 692 4397 septimo
736 4340 850 4396 quo
888 4322 1025 4395 ipsis
1064 4322 1430 4378 Paschalibus
1466 4321 1622 4377 feriis
1652 4322 1760 4377 fuit

109 4416 249 4470 sacris
266 4415 587 4471 christianis
615 4413 895 4479 initiatus,
932 4427 1219 4467 annorum
1241 4414 1361 4465 erat
1382 4410 1559 4465 ferme
1587 4409 1757 4482 quin-

104 4500 252 4559 decim
280 4505 463 4575 (1bid.,
495 4503 590 4559 lib.
634 4505 686 4570 9,
725 4517 781 4555 n.
827 4501 935 4570 14).

162 4595 204 4647 5.
225 4593 566 4665 Augustinus
582 4589 724 4645 nihil
746 4589 804 4643 in
827 4603 959 4643 eum
981 4587 1281 4643 contulisse
1301 4604 1373 4650 se,
1392 4591 1598 4659 prater
1618 4586 1761 4642 deli-

106 4684 230 4735 ctum
245 4681 513 4754 agnoscit.
533 4682 742 4735 Verum
760 4678 1047 4750 praclaris
1059 4694 1191 4733 eum
1205 4677 1368 4733 donis
1380 4678 1766 4732 cumulaverat

108 4770 245 4839 Deus,
273 4776 327 4827 et
349 4772 494 4827 adeo
524 4769 774 4842 pracoci
800 4769 1078 4824 ditaverat
1094 4767 1350 4839 ingenio,
1381 4771 1448 4822 ut
1476 4765 1763 4821 decimum

108 4868 339 4933 quartum
352 4871 446 4921 aut
461 4864 644 4920 decim
652 4879 750 4918 um
762 4861 1029 4934 quintum
1044 4876 1256 4915 annum
1269 4859 1764 4931 agens,permultis

107 4953 335 5021 gravibus
359 4958 417 5010 et
434 4953 615 5009 doctis
632 4951 772 5006 viris
788 4952 907 5022 jam
933 4953 1056 5005 tum
1087 4948 1468 5004 antecelleret.
1487 4949 1610 5003 Jam
1632 4947 1765 5002 inde

118 5039 171 5095 ab
210 5056 350 5097 anno
378 5041 779 5098 trecentesimo
811 5038 1160 5111 octogesimo
1188 5041 1344 5092 sexto
1374 5036 1604 5108 optima
1646 5036 1768 5108 spei

113 5143 230 5196 puer
239 5130 381 5200 patri
396 5130 716 5185 videbatur.
737 5129 878 5183 Eum
898 5127 966 5182 ad
986 5126 1208 5181 erudita
1219 5125 1314 5180 illa
1328 5124 1768 5196 colloquia,qua

114 5232 217 5272 cum
244 5219 434 5274 amicis
456 5218 667 5274 habere
687 5220 1076 5281 consueverat,
1102 5215 1225 5285 jam
1256 5218 1379 5268 tum
1409 5211 1767 5276 admittebat,

118 5304 230 5361 Cum
273 5307 575 5380 aliquando
619 5309 997 5379 quareretur,
1055 5302 1318 5374 quisnam
1373 5301 1553 5356 Deum
1610 5299 1670 5354 in
1712 5315 1770 5353 se

120 5395 414 5464 pessideret,
453 5402 513 5451 et
550 5411 712 5450 suam
747 5393 990 5465 quisque
1029 5406 1203 5463 super
1238 5406 1301 5445 ea
1338 5406 1401 5444 re
1433 5388 1773 5443 sententiam

120 5485 436 5555 protulisset;
459 5484 859 5559 pronuntiavit
880 5481 1202 5538 Adeodatns
1221 5495 1354 5536 eum
1378 5495 1517 5545 esse,
1546 5478 1647 5550 qui
1666 5478 1776 5549 spi-

120 5570 259 5631 ritum
314 5577 674 5633 immundum
712 5589 828 5630 non
856 5571 1112 5628 haberet.
1144 5569 1302 5635 Quod
1341 5567 1774 5641 pronuntiatum

435 5676 481 5741 P
495 5693 721 5739 Ατῐιοῐι.
773 5670 1025 5739 XXXII.

1848 466 2111 523 Monnica
2123 469 2412 540 responsis
2430 469 2668 526 aliorum
2686 472 2942 529 omnium
2958 478 3232 546 praetulit.
3252 479 3541 544 Quarenti

1846 556 2124 627 postridie
2173 559 2489 630 Augustino
2530 561 2994 632 explanationem
3031 565 3184 620 illius
3221 572 3537 638 sententia,

1846 661 2019 716 quam
2049 646 2284 702 fortasse
2314 648 2608 719 aliquanto
2645 650 2931 707 sereniore
2970 657 3029 708 et
3056 657 3384 726 purgatiorc
3424 661 3539 732 spi-

1844 731 1960 787 ritu
1989 749 2139 805 puer
2165 733 2429 791 dixisset:
2463 738 2516 791 Is
2540 739 2678 792 mihi
2702 740 2938 808 videtur,
2970 744 3286 813 respondit,
3316 731 3543 803 immun-

1845 818 1974 875 dum
2003 824 2261 893 spiritum
2287 839 2393 878 non
2424 825 2639 895 habere,
2665 828 2763 896 qui
2787 834 2929 883 caste
2952 833 3088 885 vivit
3141 831 3281 887 Cum
3306 833 3543 891 instaret

1843 914 2009 978 pater
2052 926 2225 982 quem
2256 917 2473 967 castum
2515 918 2759 981 vocaret,
2794 932 3001 971 eumne
3044 919 3143 990 qui
3178 920 3321 976 nihil
3350 938 3542 993 pecca-

1846 1002 1953 1064 ret,
2000 1014 2072 1052 an
2104 1000 2204 1071 qui
2242 1000 2313 1054 ab
2341 1000 2542 1056 illicito
2572 1007 2795 1058 tantum
2825 1006 3128 1061 concubitu
3158 1011 3537 1079 temperaret:

1849 1084 2143 1151 Quomodo,
2176 1086 2383 1160 inquit,
2414 1094 2595 1144 castus
2619 1097 2795 1160 potest
2823 1108 2950 1162 esse,
2982 1096 3080 1164 qui
3106 1096 3174 1150 ab
3199 1098 3389 1152 illicito
3418 1103 3540 1153 tan-

1846 1179 1960 1229 tum
1998 1177 2281 1230 concubitu
2304 1178 2579 1234 abstinens
2616 1194 2747 1249 sese,
2773 1184 2977 1237 caeteris
2998 1186 3236 1253 peccatis
3259 1201 3365 1240 non
3394 1187 3542 1242 desi-

1844 1264 1929 1316 nit
1958 1265 2246 1332 inquinari
2270 1267 2299 1319 ?
2333 1267 2429 1321 Ille
2456 1271 2535 1321 est
2569 1284 2691 1322 vere
2722 1274 2922 1336 castus,
2959 1273 3057 1341 qui
3081 1275 3247 1327 Deum
3288 1276 3539 1343 attendit,

1848 1355 1899 1405 et
1926 1351 2001 1405 ad
2020 1354 2200 1421 ipsum
2225 1355 2393 1409 solum
2414 1370 2468 1409 se
2493 1360 2648 1410 tenet.
2678 1356 2839 1421 Quod
2858 1360 3178 1429 Augustino
3199 1360 3277 1415 sic
3296 1362 3542 1433 'placuit,

1851 1443 1913 1493 ut
1943 1439 2228 1511 ipsissima
2272 1442 2439 1513 pueri
2470 1444 2640 1499 verba
2682 1446 3087 1516 perscribenda
3125 1451 3413 1505 censuerit
3450 1452 3545 1522 (De

1846 1530 2016 1584 Beata
2048 1532 2183 1596 vita,
2227 1546 2321 1586 nn.
2367 1535 2451 1599 l2,
2490 1534 2589 1601 l8).
2635 1534 2897 1589 Testatur
2939 1536 3174 1608 pariter,
3222 1555 3289 1593 ea
3319 1555 3447 1611 qua
3484 1540 3544 1595 in

1849 1617 1998 1672 libro
2049 1618 2117 1672 de
2150 1619 2413 1690 Magistro
2459 1620 2796 1677 inseruntur
2841 1640 2906 1678 ex
2949 1625 3225 1680 Adeodati
3280 1644 3542 1699 persona,

1848 1705 2004 1760 illius
2030 1723 2198 1761 sensa
2214 1723 2336 1761 esse
2355 1708 2564 1774 omnia,
2590 1711 2850 1781 quamvis
2866 1717 2989 1765 tum
3011 1712 3295 1769 decimum
3318 1719 3543 1771 sextum

1848 1795 2203 1850 solummodo
2252 1813 2467 1852 annum
2522 1803 2733 1869 ageret.
2793 1800 2964 1855 Addit
3018 1802 3185 1871 plura
3230 1818 3287 1857 se
3330 1802 3391 1858 in
3436 1804 3544 1860 hoc

1848 1900 2028 1955 puero
2051 1884 2428 1940 admiratione
2451 1885 2718 1956 digniora
2734 1891 3050 1959 expertum,
3073 1889 3298 1962 sibique
3319 1892 3546 1947 horrori

1848 1972 2020 2028 fuisse
2048 1973 2200 2028 illius
2228 1973 2528 2043 ingenium
2561 1976 2733 2045 (Conf.
2763 1976 2856 2030 lib.
2885 1979 2936 2045 9,
2969 1992 3092 2048 cap.
3125 1981 3176 2046 6,
3208 1994 3266 2034 n.
3304 1982 3414 2052 14.)
3444 1981 3543 2037 Sa-

1849 2064 2138 2115 cramento
2186 2062 2639 2132 regenerationis
2678 2064 2937 2119 initiatus
2979 2072 3064 2122 est
3106 2084 3224 2123 una
3264 2085 3396 2125 cum
3441 2072 3548 2124 Au-

1850 2148 2077 2219 gustino
2104 2154 2286 2220 patre,
2315 2150 2415 2222 qui
2443 2151 2627 2206 filium
2646 2152 2755 2207 sibi
2778 2154 2837 2208 in
2862 2150 3045 2225 gratia
3064 2156 3274 2211 Christi
3294 2174 3546 2212 coavum

1850 2238 1909 2293 in
1947 2238 2275 2293 societatem
2304 2244 2581 2311 suscepta
2605 2258 2637 2295 a
2657 2258 2716 2295 se
2736 2241 2866 2297 vita
2896 2244 3192 2299 sanctioris
3218 2247 3545 2319 assumpsit,

1851 2343 1966 2399 quo
2011 2344 2144 2381 eum
2186 2327 2508 2383 christiana
2556 2329 2871 2401 disciplina
2902 2334 3205 2404 praceptis
3247 2336 3431 2406 magis
3486 2352 3550 2391 ac

1852 2416 2035 2488 magis
2073 2416 2375 2472 imbueret.
2410 2418 2683 2473 Monnica
2716 2420 2988 2475 morienti
3019 2422 3173 2493 apud
3205 2423 3359 2478 Ostia
3385 2423 3553 2480 Tibe-

1850 2505 1978 2558 rina
2010 2505 2191 2560 adfuit
2217 2506 2543 2561 Adeodatns
2566 2523 2581 2561 :
2608 2524 2855 2580 cumque
2883 2508 2982 2564 illa
3011 2526 3347 2581 supremum
3382 2512 3551 2583 spiri-

1852 2596 1974 2648 tum
2026 2593 2348 2657 efﬂavisset,
2389 2595 2689 2666 repentino
2722 2597 2937 2651 doloris
2967 2597 3188 2671 impetu
3219 2601 3553 2655 exclamavit

1851 2680 1911 2734 in
1951 2680 2286 2750 planctum;
2334 2682 2433 2736 sed
2472 2672 2784 2739 astantium
2824 2684 3010 2740 verbis
3043 2687 3235 2741 statim
3276 2688 3552 2743 coercitus

1850 2769 2027 2823 tacuit
2057 2769 2243 2840 (lbid.,
2286 2786 2405 2840 cap.
2446 2774 2528 2837 l2,
2570 2788 2622 2825 n.
2654 2773 2761 2841 29).
2796 2773 3162 2845 Remigrante
3204 2776 3265 2831 in
3303 2776 3552 2832 Africam

1851 2862 2012 2929 patre
2043 2857 2265 2928 trajecit
2295 2874 2526 2930 quoque
2559 2858 2712 2914 ﬁlius
2738 2877 2751 2914 :
2773 2860 2866 2914 hic
2891 2861 3173 2932 siquidem
3203 2869 3393 2934 partes
3423 2882 3554 2920 suas

1853 2945 2094 3000 sustinet
2123 2946 2182 3000 in
2214 2945 2359 3000 libro
2400 2947 2467 3000 de
2500 2947 2785 3017 Magistro,
2820 2966 2990 3020 quem
3036 2950 3097 3004 in
3145 2952 3331 3007 Africa
3372 2953 3556 3009 edidit

1852 3034 2226 3105 Augustinus.
2251 3035 2420 3088 Illum
2445 3034 2504 3088 in
2534 3036 2916 3091 adolescentia
2945 3037 3085 3092 coelo
3096 3039 3218 3109 jam
3236 3045 3552 3109 maturum,

1854 3121 2023 3178 terris
2051 3127 2398 3193 pramature
2424 3123 2571 3178 Deus
2601 3124 2861 3180 abstulit.
2884 3126 3025 3180 Hinc
3047 3132 3278 3197 parter:
3308 3129 3557 3185 Securior

1856 3228 1995 3277 eum,
2011 3210 2217 3295 inquit,
2241 3212 2510 3279 recordor,
2526 3228 2633 3267 non
2646 3215 2835 3268 timens
2857 3214 3159 3283 quidquam
3168 3219 3439 3286 pueritia,
3462 3209 3555 3273 nec

1856 3300 2242 3367 adolescentia,
2294 3316 2387 3355 nec
2444 3304 2658 3356 omnino
2714 3302 2920 3356 homini
2961 3304 3049 3357 illi
3093 3304 3281 3375 (Ibid,
3332 3321 3451 3375 cap.
3499 3308 3551 3372 6,

1857 3404 1912 3442 n.
1943 3388 2068 3458 t4);
2103 3387 2257 3460 quod
2295 3386 2509 3443 scilicet
2540 3388 2705 3444 illum
2753 3390 2999 3461 suscepti
3032 3391 3388 3464 Baptismatis
3425 3407 3558 3447 san-

1861 3474 2117 3531 ctitatem
2147 3492 2464 3547 numquam
2494 3476 2751 3543 violasse,
2789 3478 2981 3534 animo
3009 3484 3319 3551 reputaret.

2548 3584 2770 3638 CAPUT
2794 3585 2856 3638 γ.

1874 3694 1895 3745 1
1924 3689 2265 3758 Augustinus
2279 3693 2439 3758 patre
2457 3688 2679 3743 orbatus
2700 3688 2891 3744 aditur
2912 3690 3240 3758 Carthagine
3257 3692 3561 3762 sumptibus

1935 3778 2148 3841 matris,
2171 3779 2221 3829 et
2249 3791 2345 3845 ope
2364 3778 2707 3830 Romaniani.
2730 3778 2765 3830 2
2786 3778 2943 3832 Lecto
2966 3779 3234 3835 Ciceronis
3251 3782 3558 3849 Hortensio,

1932 3866 2216 3933 sapientia
2258 3864 2443 3918 studio
2490 3864 2816 3919 incenditur.
2860 3867 2891 3919 3
2933 3866 3246 3935 Scripturas
3274 3883 3462 3923 sacras
3498 3870 3562 3923 ob

1934 3953 2300 4007 demissiorem
2323 3953 2507 4006 stilum
2530 3951 2773 4019 fastidit.
2803 3954 2837 4006 4
2865 3953 3177 4007 Aristotelis
3196 3958 3495 4024 categorias
3513 3962 3563 4011 et

1938 4055 2117 4095 omnes
2146 4044 2289 4094 artes
2320 4039 2569 4093 liberales
2604 4044 2793 4108 suopte
2822 4041 3036 4106 ingenio
3060 4042 3311 4109 percipit.

1938 4149 1988 4199 t.
2040 4145 2165 4199 lam
2206 4142 2339 4197 inde
2378 4142 2448 4196 ab
2478 4158 2629 4197 anno
2662 4142 2846 4197 atatis
2894 4160 3011 4198 sua
3048 4144 3268 4201 decimo
3297 4145 3561 4217 septimo,

1868 4232 1969 4305 qui
1993 4231 2228 4303 quidem
2260 4232 2673 4286 numerabatur
2692 4248 2724 4286 a
2746 4238 3007 4302 reparata
3037 4234 3217 4288 salute
3235 4233 3565 4289 trecentesi-

1866 4338 1996 4377 mus
2025 4319 2480 4391 septuagesimus
2508 4319 2749 4391 primus,
2780 4321 3132 4391 Augustinus
3160 4327 3322 4393 patre
3338 4323 3568 4378 orbatus

1869 4414 1990 4465 erat
2018 4426 2032 4465 :
2075 4424 2350 4479 magnum
2376 4408 2726 4463 adolescenti
2754 4409 3051 4477 damnum,
3083 4427 3197 4481 quo
3224 4411 3285 4466 in
3315 4416 3568 4482 apertam

1870 4498 2212 4564 studiorum,
2236 4502 2409 4568 atque
2433 4497 2573 4552 adeo
2589 4498 2968 4565 fortunarum,
2986 4499 3267 4569 jacturam
3294 4500 3570 4555 adductus

1870 4604 1990 4642 esse
2034 4585 2351 4641 videbatur.
2395 4587 2662 4641 Attamen
2713 4589 2859 4658 (qua
2901 4592 3024 4641 erat
3070 4588 3343 4643 Monnica
3392 4590 3571 4644 animi

1870 4674 2234 4747 magnitudo)
2263 4678 2450 4729 mater
2495 4673 2556 4729 in
2594 4674 2695 4729 ﬁlii
2741 4676 3027 4745 profectus
3055 4676 3293 4731 sollicite
3331 4677 3549 4732 intenta

1871 4766 2035 4820 illum
2065 4763 2273 4835 quibus
2319 4763 2508 4834 potuit
2548 4763 2740 4818 modis
2787 4764 3101 4835 Cathagine
3129 4766 3279 4820 alere
3310 4782 3569 4837 perseve-

1876 4852 2023 4909 ravit
2048 4868 2061 4905 :
2096 4851 2345 4922 indeque
2375 4851 2471 4905 ille
2501 4851 2775 4906 maternis
2808 4853 3164 4908 mercedibus
3192 4860 3444 4926 emptam
3469 4854 3575 4909 ﬁlii

1880 4958 1999 4997 esse
2053 4938 2438 5010 eloquentiam
2466 4938 2604 4994 dicit
2634 4942 2806 5010 (Conf.
2854 4941 2948 4995 lib.
2980 4946 3033 5003 3,
3074 4957 3120 4996 c.
3151 4946 3205 5009 7,
3237 4958 3295 4997 n.
3320 4944 3395 5012 '7).
3427 4944 3572 5013 Sup-

1877 5028 2155 5103 peditavit
2175 5032 2309 5082 tunc
2326 5044 2555 5100 quoque
2577 5032 2908 5101 sumptuum
2926 5034 3146 5100 partem
3165 5031 3573 5096 Romanianus,

1880 5119 1982 5191 qui
2028 5118 2344 5172 luctuosam
2374 5116 2569 5171 eximii
2599 5118 2972 5173 adolescentis
3002 5119 3298 5174 orbitatem
3331 5120 3575 5174 benevo-

1884 5206 2079 5269 lentia,
2111 5206 2380 5273 consiliis,
2421 5206 2782 5262 facultatibus
2812 5212 3130 5263 sustentare
3158 5208 3441 5278 solarique
3463 5222 3577 5261 non

1882 5294 2117 5351 destitit.
2145 5297 2223 5349 Tu
2241 5299 2401 5365 pater
2420 5294 2688 5362 orbatum,
2712 5295 2790 5349 ait
2806 5296 3179 5366 Augustinus,
3199 5297 3441 5350 amicitia
3462 5310 3581 5348 con-

1881 5386 2083 5441 solatus
2136 5398 2210 5451 es,
2263 5385 2565 5439 hartatione
2609 5386 2887 5453 animasti,
2930 5401 3026 5455 ope
3062 5385 3327 5453 adjiwisti
3362 5382 3581 5453 (Contra

1882 5474 2251 5539 Academicos,
2280 5472 2374 5527 lib.
2406 5476 2458 5540 2,
2486 5489 2540 5535 η.
2586 5474 2658 5541 3).

1958 5567 2013 5618 2.
2064 5564 2295 5618 Annum
2339 5562 2524 5617 atatis
2559 5562 3054 5633 undevigesimum
3099 5560 3381 5633 attigerat,
3432 5579 3583 5619 anno

3022 5660 3105 5740 (Τ
3100 5657 3289 5743 mis.)
