4020 6380
462 278 531 329 75
1670 279 1842 336 VITA
1882 280 1942 335 S.
1990 280 2375 341 AUGUSTINI
2416 285 2754 342 EPISCOPI.
3880 304 3933 351 7r.

457 395 666 451 Christi
707 398 1106 454 trecentesimo
1137 400 1558 472 septuagesimo
1589 404 1782 470 tertio,
1826 420 1957 460 cum
1981 405 2151 477 juxta

456 490 748 559 receptum
776 486 1033 542 discendi
1062 488 1322 543 ordinem
1355 488 1415 544 in
1446 490 1731 546 Ciceronis
1762 491 1975 548 librum
2021 511 2154 565 per-

458 575 632 645 venit,
680 574 780 647 qui
811 575 1098 630 Hortensii
1135 576 1368 632 nomine
1404 578 1734 651 inscriptns,
1765 581 2151 637 hortationem

458 664 524 718 ad
573 663 912 735 sapientiam
939 665 1271 720 continebat
1315 667 1499 737 (Conf.
1549 669 1643 724 lib.
1678 672 1728 738 3,
1768 686 1887 740 cap.
1922 674 1974 738 4,
2004 688 2057 726 n.
2078 676 2108 725 7
2138 688 2151 738 ;

455 753 550 807 lib.
603 756 656 819 6,
705 769 825 824 cap.
880 756 963 823 11,
1014 769 1070 808 η.
1124 756 1222 821 18;
1265 755 1488 825 Soliloq.
1541 756 1638 813 lib.
1688 760 1737 826 1,
1772 774 1829 815 n.
1875 759 1977 829 l7).
2037 760 2151 814 Etsi

454 858 588 897 vero
641 842 702 898 in
755 859 822 898 eo
882 843 1032 898 libro
1076 860 1301 900 summa
1339 846 1671 918 eloquentia
1711 864 1842 903 cum
1904 848 2149 904 admira-

450 930 895 1004 bilijeruditione
920 933 1225 1005 conjuncta
1253 939 1432 1002 esset;
1467 952 1581 990 non
1613 952 1679 990 eo
1702 940 1895 992 tamen
1927 938 2151 1010 legeba-

452 1026 546 1075 tur
562 1020 632 1075 ab
650 1021 986 1093 Augustino.
1018 1027 1083 1077 ut
1108 1023 1409 1078 verborum
1433 1023 1715 1079 lenocinia
1744 1030 2147 1097 aucuparetur,

450 1109 549 1165 sed
591 1108 810 1181 abjecta
850 1110 1133 1165 sermonis
1177 1127 1313 1166 cura
1354 1111 1416 1166 in
1454 1129 1547 1167 res
1584 1114 1945 1169 solummodo
1976 1120 2149 1187 atque

448 1198 759 1255 sententias
777 1198 1037 1254 animum
1056 1199 1404 1257 intendebat.
1432 1202 1563 1273 Ejus
1591 1218 1728 1273 ergo
1757 1203 1887 1257 libri
1907 1203 2148 1259 lectione

445 1291 605 1342 tanta
633 1286 928 1359 sapientia
965 1288 1248 1344 desiderio
1280 1291 1524 1361 flagrare
1562 1291 1755 1363 coepit,
1803 1296 1866 1348 ut
1894 1309 2013 1365 pra
2047 1293 2148 1349 illa

446 1374 713 1447 cupidine
734 1392 862 1448 spes
891 1392 1092 1433 omnes
1110 1378 1378 1433 mortales
1397 1378 1509 1451 abji
1517 1385 1691 1447 ceret,
1713 1380 2107 1453 fastidiretque
2129 1399 2141 1438 :

446 1479 678 1535 surgere
699 1464 825 1536 jam
861 1470 1108 1536 caperat
1153 1469 1218 1520 ut
1253 1465 1467 1522 rediret
1496 1467 1567 1522 ad
1604 1469 1802 1523 Deum.
1848 1470 2142 1540 Quomodo,

443 1551 543 1619 ait,
574 1553 851 1622 ardebam,
883 1556 1021 1609 Deus
1052 1568 1221 1623 meus,
1261 1555 1521 1624 quomodo
1549 1557 1805 1612 ardebam
1833 1560 2073 1614 revelare
2109 1576 2144 1614 a

444 1642 670 1696 terrenis
716 1642 791 1695 ad
832 1646 881 1696 te
903 1645 931 1696 ?
959 1642 1075 1697 Hoc
1101 1658 1219 1697 uno
1250 1642 1404 1697 illius
1433 1644 1665 1698 ﬂamine
1696 1645 2138 1715 defervescebat,

441 1728 591 1800 quod
616 1729 823 1784 Christi
839 1746 1050 1785 nomen
1070 1730 1129 1785 in
1158 1730 1257 1785 illa
1286 1731 1573 1786 Ciceronis
1601 1733 1994 1789 exhortatione
2023 1752 2141 1789 non

438 1822 698 1873 exstaret.
735 1819 1007 1885 Quoniam
1035 1820 1132 1874 hoc
1160 1835 1369 1888 nomen,
1404 1819 1615 1893 inquit,
1650 1823 1943 1877 secundum
1978 1826 2139 1879 mise-

436 1907 731 1963 ricordiam
776 1912 945 1978 tuam,
995 1909 1237 1972 Domine,
1288 1909 1383 1964 hoc
1441 1926 1631 1965 nomen
1687 1912 1988 1968 Saluatoris
2035 1917 2141 1968 mei

434 1996 569 2049 Filii
615 1998 699 2050 tui
724 1997 782 2050 in
815 1998 934 2067 ipso
972 1997 1149 2052 adhuc
1186 1999 1321 2052 lacte
1344 1999 1559 2067 matris,
1584 2004 1825 2056 tenerum
1853 2016 1942 2056 cor
1964 2017 2138 2057 meum

429 2084 776 2154 prabiberat,
792 2089 841 2139 et
862 2086 969 2140 alte
988 2086 1254 2141 retinebat
1273 2107 1288 2155 ;
1305 2092 1355 2141 et
1375 2089 1652 2158 quidquid
1671 2091 1787 2144 sine
1807 2090 1903 2145 hoc
1926 2093 2138 2146 nomine

433 2175 648 2242 fuisset,
700 2176 948 2243 quamvis
981 2175 1280 2229 litteratum
1327 2181 1377 2229 et
1414 2177 1710 2246 expolitum
1738 2182 1789 2232 et
1816 2180 2131 2249 veridicum,

431 2276 538 2316 non
562 2278 644 2316 me
670 2267 840 2318 totum
866 2264 1118 2333 rapiebat
1146 2264 1325 2334 (Conf.
1371 2265 1466 2319 lib.
1496 2268 1550 2335 3,
1572 2281 1618 2320 c.
1650 2268 1706 2334 4,
1732 2282 1789 2321 n.
1819 2269 1895 2340 8).

505 2354 556 2407 3.
603 2352 989 2417 Quamobrem
1032 2351 1279 2407 instituit
1317 2352 1575 2408 animum
1607 2354 1853 2426 adjicere
1890 2356 1964 2412 ad
1992 2358 2135 2412 Scri-

430 2443 628 2511 pturas
670 2456 875 2510 sacras,
916 2445 980 2495 ut
1008 2442 1204 2513 quales
1233 2441 1372 2513 ipsa
1402 2447 1608 2510 essent,
1641 2445 1977 2514 exploraret.
2023 2446 2132 2502 Sed

429 2528 523 2583 hic
551 2527 716 2584 illum
744 2530 984 2586 offendit
1014 2530 1291 2603 impervia
1312 2530 1408 2586 illa
1439 2533 1660 2604 magnis
1689 2539 1746 2588 et
1770 2534 1900 2589 altis
1927 2535 2133 2606 spiriti-

429 2615 536 2671 bus
564 2616 916 2689 simplicitas,
951 2619 1208 2691 indigna,
1241 2635 1299 2675 se
1327 2619 1543 2691 judice,
1576 2638 1705 2693 qua
1730 2622 2007 2678 Tulliana
2039 2623 2126 2678 di-

430 2705 633 2776 gnitati
660 2712 1104 2780 compararetur.
1139 2709 1333 2781 Neque
1361 2725 1495 2764 vero
1522 2709 1572 2764 is
1594 2715 1718 2765 tum
1743 2715 1885 2775 erat,
1927 2712 2026 2784 qui
2056 2712 2129 2767 ad

429 2810 554 2850 eam
587 2794 764 2850 animi
801 2796 1157 2865 modestiam,
1190 2814 1304 2870 qua
1343 2802 1500 2870 patet
1540 2798 1611 2853 ad
1640 2798 1767 2854 illas
1804 2800 1990 2855 aditus
2027 2800 2130 2856 de-

425 2884 577 2939 mitti
603 2889 811 2956 posset.
842 2886 1269 2958 Dedignabatur
1298 2903 1421 2942 esse
1450 2888 1740 2959 parvulus,
1774 2893 1832 2945 et
1859 2890 2124 2962 turgidus

427 2974 574 3029 fastu
599 2973 708 3028 sibi
734 2974 856 3046 ipse
881 2976 1116 3048 grandis
1145 2975 1443 3031 videbatur
1469 2976 1661 3045 (Ibid,
1693 2994 1737 3033 c.
1772 2981 1825 3043 5,
1859 2994 1917 3034 n.
1950 2978 2024 3051 9).

495 3065 550 3117 4.
573 3062 794 3128 Quanto
810 3066 1025 3136 majore
1045 3064 1267 3137 ingenii
1285 3065 1517 3120 solertia
1538 3070 1594 3120 et
1612 3067 1919 3138 sagacitate
1940 3067 2125 3123 scien-

427 3152 533 3206 tias
563 3168 764 3208 omnes
803 3152 1155 3223 percipiebat
1191 3153 1331 3207 citra
1362 3154 1541 3207 ullam
1570 3154 1827 3225 magistri
1865 3172 2123 3226 operam,

425 3244 583 3296 tanto
611 3240 879 3311 proniore
917 3241 977 3296 in
1007 3240 1393 3312 arrogantiam
1423 3240 1641 3312 impetu
1670 3242 1977 3300 ferebatur.
2010 3246 2126 3299 An-

426 3346 534 3384 nos
568 3330 749 3385 ferme
778 3328 984 3402 viginti
1016 3334 1186 3384 natus
1212 3330 1273 3383 in
1302 3329 1619 3384 Aristotelis
1643 3331 1955 3401 categorias
1984 3332 2125 3387 inci-

430 3418 533 3485 dit,
566 3435 707 3491 quas
735 3422 769 3473 ἐι
804 3419 1030 3475 rhetore
1058 3418 1492 3490 Carthaginensi
1517 3418 1791 3490 magistro
1821 3436 1943 3488 suo,
1976 3420 2125 3475 aliis-

429 3524 542 3581 que
593 3509 694 3579 qui
753 3508 901 3564 docti
947 3507 1327 3579 habebantur,
1378 3512 1537 3563 tanta
1573 3510 1876 3565 verborum
1916 3527 2125 3583 pompa

429 3596 819 3653 commendari
846 3597 1124 3665 audierat,
1154 3601 1219 3652 ut
1247 3614 1342 3652 eas
1360 3602 1656 3670 tamquam
1678 3598 1818 3671 quid
1845 3615 2122 3669 magnum

434 3690 490 3741 et
516 3685 775 3742 divinum
820 3687 1009 3759 legere
1053 3690 1421 3759 peroptaret:
1466 3688 1563 3743 sed
1610 3688 1715 3743 has
1759 3692 1954 3744 tamen
1991 3707 2120 3745 cum

431 3776 585 3830 solas
608 3776 853 3848 legisset,
884 3776 1024 3832 adeo
1048 3776 1218 3848 plene
1247 3776 1547 3843 intellexit,
1574 3781 1641 3832 ut
1663 3782 1971 3850 postquam
1991 3795 2124 3835 cum

431 3864 545 3919 illis
582 3865 680 3937 qui
709 3865 937 3921 easdem
973 3882 1007 3920 a
1045 3865 1405 3937 peritissimis
1453 3866 1759 3938 magistris,
1804 3884 1936 3923 cum
1962 3885 2116 3936 voce,

427 3959 552 4010 tum
597 3954 799 4026 ﬁguris
834 3956 894 4010 in
934 3956 1169 4027 pulvere
1208 3954 1446 4027 depictis
1474 3956 1761 4026 expositas
1788 3956 1879 4011 vix
1909 3957 2119 4012 didice-

428 4048 578 4111 rant,
621 4061 945 4100 sermonem
982 4045 1332 4111 contulisset,
1366 4044 1522 4100 aliud
1560 4044 1707 4100 nihil
1732 4045 1804 4100 ab
1833 4046 1914 4100 eis
1945 4063 2119 4119 quam

428 4134 578 4205 quod
616 4132 736 4205 ipse
781 4137 984 4204 suopte
1039 4132 1275 4203 ingenio
1303 4132 1680 4204 cognovisset,
1708 4135 2007 4205 acceperit.
2043 4137 2120 4190 Ex

425 4222 533 4276 hac
559 4226 754 4276 tamen
783 4221 1024 4277 lectione
1052 4237 1169 4276 non
1202 4221 1322 4275 leve
1350 4220 1717 4291 dispendium
1746 4237 1945 4292 passus
1975 4227 2117 4289 erat,

426 4308 500 4362 ob
549 4307 747 4363 falsam
784 4307 879 4362 Dei
922 4307 1171 4378 speciem
1200 4323 1374 4379 quam
1402 4305 1597 4361 animo
1629 4306 1879 4364 imbibit.
1910 4309 2117 4364 Proce-

425 4398 597 4452 dente
623 4401 883 4467 tempore
909 4396 1048 4467 legit
1074 4395 1291 4467 pariter
1319 4411 1520 4450 omnes
1551 4394 1765 4451 artium
1792 4395 2117 4451 liberalium

422 4486 617 4552 libros,
664 4489 946 4557 quotquot
995 4485 1053 4540 in
1087 4485 1241 4540 illius
1277 4500 1481 4540 manus
1509 4489 1826 4553 venerunt;
1867 4490 1923 4540 et
1950 4485 2117 4557 quid-

424 4575 562 4649 quid
594 4575 664 4630 de
704 4576 970 4630 facultate
1008 4575 1236 4630 dicendi
1273 4580 1329 4629 et
1366 4574 1703 4640 disserendi,
1736 4574 2017 4645 quidquid
2048 4576 2118 4631 de

423 4660 782 4731 geometricis
808 4661 997 4731 rebus,
1018 4659 1301 4732 quidquid
1325 4658 1395 4714 de
1425 4659 1658 4714 musicis
1686 4663 1746 4713 et
1764 4659 1833 4713 de
1858 4660 2116 4714 numeris

422 4750 614 4820 legere
641 4748 846 4820 potuit,
876 4765 982 4820 per
1021 4747 1293 4819 seipsum,
1331 4746 1485 4801 facili
1521 4746 1774 4817 negotio,
1815 4748 1975 4802 nullo
2016 4749 2114 4803 ho-

422 4838 647 4893 minum
670 4838 932 4893 tradente
959 4836 1261 4892 intellexit.
1298 4836 1657 4907 Quapropter
1687 4852 1803 4890 non
1835 4837 2118 4892 sentiebat

420 4929 550 4983 illas
577 4931 727 4983 artes
764 4927 853 4983 vel
893 4927 966 4981 ab
1013 4925 1280 4981 studiosis
1327 4926 1651 4997 quibusque
1695 4941 1758 4980 ac
1802 4925 2116 4998 ingeniosis

422 5016 754 5072 difﬁcillime
785 5014 1025 5087 percipi,
1072 5013 1182 5068 nisi
1218 5029 1350 5069 cum
1388 5013 1617 5068 easdem
1658 5012 1769 5067 illis
1798 5016 2115 5070 conabatur

351 5142 354 5146 ~
423 5124 748 5181 exponere;
779 5110 949 5179 atque
979 5109 1102 5161 erat
1135 5104 1233 5160 ille
1262 5103 1765 5160 excellentissimus
1793 5103 1853 5159 in
1878 5104 1981 5170 eis,
2014 5107 2114 5178 qui

418 5199 612 5270 ipsum
657 5199 1038 5268 exponentem
1075 5210 1196 5249 non
1237 5194 1457 5249 tardius
1496 5198 1850 5264 sequeretur.
1885 5195 2001 5250 Scis
2037 5200 2110 5258 tu,

419 5287 630 5360 inquit,
651 5286 908 5341 Dominus
924 5287 1059 5339 Deus
1075 5299 1243 5352 meus,
1264 5285 1397 5353 quia
1415 5287 1465 5337 et
1482 5283 1726 5338 celeritas
1751 5284 2107 5353 intelligendi,

420 5381 472 5431 et
499 5374 834 5446 dispiciendi
860 5389 1101 5440 acumen,
1134 5373 1333 5428 donum
1362 5377 1512 5428 tuum
1544 5376 1659 5427 est:
1708 5371 1803 5427 sed
1838 5388 1944 5426 non
1986 5373 2114 5429 inde

420 5464 792 5535 sacriﬁcabam
823 5463 941 5518 tibi.
983 5463 1174 5532 Itaque
1200 5463 1338 5516 mihi
1359 5476 1464 5517 non
1483 5461 1560 5517 ad
1584 5476 1761 5532 usum,
1786 5460 1881 5516 sed
1900 5461 1976 5516 ad
1990 5478 2113 5533 per-

417 5556 611 5609 niciem
642 5555 816 5621 magis
843 5552 1059 5609 valebat
1088 5550 1276 5619 (Ibid.,
1318 5550 1413 5607 lib.
1446 5552 1498 5606 4.
1531 5567 1651 5621 cap.
1690 5552 1780 5622 l6,
1807 5566 1863 5606 η.
1900 5552 1968 5606 28
2000 5552 2105 5622 30).

2941 415 3169 471 CAPUT
3200 417 3286 471 Vl.

2269 516 2291 568 1
2333 517 2397 570 1η
2433 518 2853 575 Manichzorum
2885 522 3130 577 haeresim
3158 523 3451 579 delabitur.
3493 528 3527 580 2
3552 527 3856 597 Complures
3884 547 3935 585 ea:

2332 604 2706 670 familiaribus
2721 612 2833 663 suis
2862 612 2921 662 in
2939 626 3055 665 eam
3071 611 3299 680 pellicit.
3325 616 3354 667 3
3370 616 3432 668 In
3451 614 3766 671 auditorum
3783 619 3936 686 gradu

2334 707 2445 747 sese
2471 696 2622 766 apud
2662 699 2984 753 Manichaos
3026 703 3275 756 continet.
3305 703 3339 756 4
3385 705 3587 759 Novem
3615 720 3786 760 annos
3827 713 3936 763 toto:
3990 704 3995 739 ‘

2332 784 2454 838 illos
2490 785 2669 840 audit.
2702 790 2733 841 3
2773 788 2905 841 Filii
2939 791 3029 843 sui
3063 804 3247 844 casum
3276 791 3432 859 deflet
3478 784 3752 862 Monnica,
3809 802 3856 850 et
3889 798 3938 851 de

2332 872 2449 940 ejus
2473 874 2647 928 salute
2677 875 2804 930 bene
2839 891 3057 946 sperare
3085 878 3349 933 divinitus
3367 880 3616 948 jubetur.

2336 1004 2384 1056 l.
2414 1002 2798 1072 Augustinum
2815 1005 2938 1076 jam
2968 1007 3263 1079 sapientia
3290 1011 3659 1067 vehementer
3683 1014 3932 1086 cupidum

2258 1093 2438 1160 utque
2459 1107 2584 1146 eam
2605 1092 3033 1164 adipisceretur,
3066 1114 3178 1169 quo
3209 1115 3266 1152 se
3305 1104 3551 1156 verteret
3580 1103 3929 1172 nescientem,

2258 1177 2684 1251 interceperant
2707 1183 3020 1251 Manichai,
3052 1203 3231 1256 genus
3259 1188 3566 1244 hominum
3593 1193 3836 1262 superbe
3862 1195 3937 1249 de-

2256 1267 2455 1340 lirans,
2486 1272 2711 1326 carnale
2741 1288 2804 1326 ac
2833 1273 3063 1346 loquax,
3096 1280 3298 1332 catera
3326 1294 3462 1333 vero
3493 1280 3743 1351 speciem
3771 1282 3935 1354 pieta-

2253 1358 2327 1412 tis
2354 1376 2475 1431 pra
2504 1377 2563 1415 se
2598 1362 2787 1417 ferens
2820 1364 2991 1435 (Conf.
3030 1367 3125 1423 lib.
3160 1370 3212 1435 3,
3242 1384 3289 1424 c.
3322 1371 3374 1430 6,
3406 1387 3461 1425 η.
3501 1374 3603 1440 10).
3642 1374 3928 1430 Portenta-

2254 1464 2341 1502 sas
2369 1449 2576 1506 horum
2622 1451 3019 1509 hareticorum
3057 1472 3155 1510 seu
3185 1457 3370 1530 magis
3409 1458 3776 1516 incredibiles
3815 1463 3935 1518 deli-

2251 1537 2523 1608 rationes,
2575 1557 2706 1612 qua
2749 1542 2885 1597 satis
2931 1560 2999 1598 ex
3047 1545 3224 1600 sancti
3266 1547 3511 1603 doctoris
3544 1550 3818 1607 adversus
3855 1568 3933 1608 eos

2250 1627 2740 1686 lucubrationibus
2768 1637 3072 1704 comperta
3117 1640 3268 1702 sunt,
3308 1637 3518 1694 referre
3557 1638 3649 1694 hic
3694 1639 3842 1697 nihil
3873 1642 3937 1696 in.

2249 1720 2470 1774 terest:
2530 1720 2626 1776 sed
2669 1723 2826 1794 quod
2868 1724 2939 1778 ad
2990 1731 3319 1797 susceptum
3364 1728 3665 1809 negotium
3719 1731 3933 1800 attinet,

2249 1807 2458 1878 quibus
2496 1808 2582 1864 illi
2626 1812 2843 1867 artibus
2889 1813 3312 1870 adolescentem
3366 1807 3665 1872 excellenti
3714 1819 3935 1890 ingenio

2247 1897 2556 1967 praeditum
2594 1901 2951 1971 pellexeiint,
2983 1902 3487 1976 implicuerintque
3516 1922 3619 1960 sua
3645 1907 3851 1964 haresi
3879 1927 3931 1964 ac

2248 1984 2535 2055 societate,
2576 1989 2799 2059 juvabit
2853 1990 3099 2062 ipsomet
3149 1998 3415 2048 narrante
3457 2011 3824 2066 cognoscere.
3883 1999 3934 2052 In

2245 2073 2448 2144 primis
2471 2091 2601 2131 vero
2617 2077 3308 2135 lenocinabanturanimis
3330 2084 3509 2137 multa
3525 2084 3931 2155 pollicitatione

2246 2162 2516 2219 docenda
2564 2165 2834 2232 veritatis,
2881 2168 3219 2224 catholicam
3250 2170 3551 2226 Ecclesiam
3590 2189 3658 2228 eo
3692 2175 3932 2230 maxime

2245 2253 2477 2308 nomine
2512 2254 2901 2326 criminantes,
2944 2258 3099 2330 quod
3129 2258 3301 2315 ﬁdem
3330 2260 3663 2333 imperaret,
3692 2280 3813 2320 non
3844 2266 3937 2320 do-

2243 2348 2415 2401 ceret.
2459 2345 2534 2399 Ea
2563 2346 2651 2400 vel
2693 2346 2812 2401 sola
2855 2363 2955 2418 spe
2987 2347 3249 2403 delusum
3290 2366 3349 2404 se
3391 2354 3632 2406 testatur
3675 2354 3939 2426 Augusti-

2243 2448 2372 2502 nus,
2403 2449 2469 2488 eo
2526 2435 2679 2505 quod
2709 2435 2828 2490 veri
2858 2435 3187 2493 inveniendi
3216 2439 3457 2510 cupidus
3487 2445 3656 2509 esset,
3696 2447 3759 2499 et
3794 2443 3934 2515 quod

2240 2519 2410 2575 insito
2450 2521 2629 2576 animi
2674 2527 2897 2578 tumore
2944 2540 3047 2578 ceu
3095 2526 3273 2580 aniles
3318 2527 3538 2582 fabulas
3582 2535 3934 2603 computaret

2241 2625 2619 2683 quacumque
2657 2611 2879 2666 ratione
2916 2629 3034 2668 non
3064 2614 3470 2672 constitissent.
3507 2618 3650 2684 Quid
3678 2622 3825 2674 enim
3865 2635 3935 2674 me

2240 2699 2414 2767 aliud,
2445 2699 2657 2771 inquit,
2688 2702 2904 2768 cogebat
2931 2718 3100 2758 annos
3114 2705 3228 2771 fere
3243 2721 3449 2773 novem,
3471 2712 3655 2777 spreta
3682 2711 3937 2777 religione

2239 2804 2358 2859 quae
2383 2790 2521 2844 mihi
2543 2791 2770 2860 puerulo
2796 2807 2830 2846 a
2843 2793 3164 2862 parentibus
3193 2795 3362 2849 insita
3387 2800 3524 2860 erat,
3558 2797 3801 2853 homines
3828 2800 3934 2853 illos

2237 2880 2393 2947 sequi
2419 2895 2483 2934 ac
2520 2879 2809 2948 diligenter
2843 2881 3069 2949 audire;
3114 2884 3226 2937 nisi
3255 2883 3400 2953 quod
3428 2900 3524 2940 nos
3552 2891 3937 2956 superstitione

2239 2970 2449 3031 terreri,
2482 2973 2533 3024 et
2570 2970 2731 3040 ﬁdem
2758 2971 2911 3026 nobis
2941 2976 3065 3026 ante
3091 2974 3355 3028 rationem
3383 2976 3646 3044 imperari
3675 2976 3933 3043 dicerent,
3992 2978 3995 2993 ‘

2235 3073 2289 3112 se
2317 3062 2496 3113 autem
2536 3061 2743 3114 nullum
2764 3076 3006 3130 premere
3040 3061 3115 3116 ad
3141 3060 3329 3132 ﬁdem,
3356 3065 3468 3117 nisi
3501 3065 3659 3132 prius
3689 3065 3938 3121 discussa
3994 3080 3995 3085 π

2236 3151 2285 3200 et
2313 3147 2546 3201 enodata
2569 3152 2796 3203 veritate
2817 3149 2845 3205 ‘l
2864 3153 2998 3220 Quis
3026 3165 3133 3204 non
3162 3153 3247 3205 his
3267 3153 3756 3220 pollicitationibus
3788 3157 3940 3210 illice-

2234 3240 2386 3288 retur
2408 3239 2711 3305 praesertim
2737 3237 3087 3293 adolescentis
3115 3240 3325 3295 animas
3359 3241 3590 3310 cupidus
3611 3245 3750 3313 veri,
3782 3249 3938 3299 etiam

2234 3324 2611 3380 nonnullorum
2658 3327 2717 3380 in
2758 3326 2942 3382 schola
2977 3326 3251 3381 doctorum
3295 3329 3566 3383 hominum
3608 3330 3936 3401 disputatio-

2234 3412 2393 3468 nibus
2422 3414 2684 3484 superbus
2709 3419 2759 3469 et
2787 3416 3083 3483 garrulus:
3107 3416 3320 3485 qualem
3349 3432 3430 3471 me
3459 3422 3586 3473 tunc
3614 3420 3700 3474 illi
3728 3422 3941 3476 invene-

2234 3508 2382 3571 runt,
2427 3508 2760 3573 spernentem
2796 3504 2999 3560 scilicet
3026 3507 3189 3574 quasi
3213 3507 3382 3561 aniles
3410 3507 3652 3576 fabulas,
3686 3513 3739 3564 et
3772 3511 3849 3565 ab
3874 3512 3939 3564 eis

2228 3594 2578 3664 promissum,
2620 3598 2868 3664 apertum
2913 3598 2964 3649 et
3007 3597 3275 3650 sincerum
3313 3612 3500 3652 rerum
3545 3602 3721 3653 tenere
3784 3605 3941 3671 atque

2235 3685 2456 3738 haurire
2498 3685 2797 3753 cupientem
2840 3683 2935 3755 (De
2967 3687 3210 3741 Utilitate
3240 3687 3510 3755 credendi,
3539 3704 3593 3742 n.
3638 3690 3746 3757 2')?
3782 3690 3940 3745 Haud

2233 3772 2415 3827 levior
2437 3775 2558 3826 erat
2600 3771 2671 3826 ad
2714 3771 2979 3827 haresim
3028 3772 3297 3829 illecebra
3336 3774 3552 3846 species
3592 3775 3836 3847 pietatis
3886 3793 3939 3830 ac

2234 3862 2404 3917 decus
2444 3860 2667 3932 insigne
2704 3860 3086 3930 continentiae,
3119 3863 3272 3934 quod
3317 3863 3458 3918 falso
3513 3880 3629 3934 pra
3676 3880 3739 3919 se
3806 3867 3941 3922 fere-

2232 3952 2372 4007 bant
2399 3950 2710 4019 Manichai,
2734 3954 2794 4006 in
2820 3967 3046 4021 quorum
3075 3968 3165 4007 ore
3193 3954 3376 4024 laquei
3399 3954 3627 4021 diaboli,
3658 3959 3709 4009 et
3732 3959 3941 4011 viscum

2231 4043 2528 4109 confectum
2558 4043 2932 4097 commixtione
2960 4042 3299 4114 syllabarum
3340 4045 3575 4098 nominis
3624 4046 3707 4097 tui
3760 4051 3818 4100 et
3851 4048 3942 4101 De

2231 4132 2369 4184 mini
2380 4132 2505 4186 Jesu
2525 4131 2753 4200 Christi,
2772 4135 2823 4185 et
2840 4132 3108 4186 Paracleti
3124 4133 3470 4188 consolatoris
3490 4135 3665 4188 nostri
3684 4134 3937 4206 Spiritus

2230 4220 2424 4272 sancti.
2457 4220 2580 4273 Haec
2632 4222 2851 4274 nomina
2877 4235 2983 4274 non
3027 4220 3305 4276 recedebat
3352 4222 3418 4276 de
3464 4237 3553 4277 ore
3590 4238 3808 4295 eorum,
3854 4224 3941 4279 sed

2232 4310 2383 4359 tenus
2411 4320 2538 4361 sono
2565 4311 2614 4360 et
2641 4309 2871 4378 strepitu
2896 4308 3121 4376 lingua;
3143 4313 3195 4363 et
3222 4314 3468 4365 caeterum
3491 4327 3581 4365 cor
3603 4313 3775 4368 inane
3808 4316 3937 4369 veri.

2229 4395 2300 4450 Et
2351 4394 2619 4457 dicebant,
2668 4397 2881 4451 Veritas
2910 4402 2962 4451 et
2994 4400 3197 4452 veritas
3226 4413 3241 4452 :
3286 4403 3336 4453 et
3372 4400 3601 4455 multum
3632 4416 3756 4457 eam
3790 4403 3938 4458 dice—

2232 4482 2361 4537 bant
2394 4481 2503 4553 ipsi
2531 4484 2873 4554 Augustino,
2907 4488 2958 4538 et
3000 4500 3270 4555 nusquam
3297 4492 3416 4542 erat
3469 4490 3527 4542 in
3564 4490 3642 4543 eis
3689 4490 3933 4559 (Confes.

2230 4571 2327 4632 lib.
2360 4575 2412 4639 3,
2439 4587 2484 4625 c.
2515 4574 2566 4640 6,
2599 4587 2656 4626 n.
2692 4572 2794 4641 10).
2840 4572 3057 4643 Nempe
3094 4573 3216 4627 hac
3245 4574 3363 4628 fere
3392 4575 3563 4629 insita
3592 4581 3680 4631 est
3713 4578 3933 4634 nostris

2230 4659 2436 4715 animis
2464 4660 2680 4732 opinio,
2710 4661 2982 4716 virtutem
3011 4661 3421 4736 veritatemque
3451 4681 3660 4737 magna
3689 4667 3861 4727 inter
3886 4684 3938 4722 se

2228 4748 2643 4804 necessitudine
2672 4748 2966 4817 devinciri,
2997 4766 3186 4822 neque
3215 4751 3364 4806 hanc
3401 4752 3536 4808 inde
3576 4754 3811 4827 abesse,
3845 4757 3937 4814 ubi

2226 4838 2577 4894 castimonia
2630 4838 2808 4893 virtus
2842 4840 3078 4896 eluceat.
3128 4840 3270 4895 Hinc
3314 4843 3670 4914 Augustinus
3733 4848 3939 4903 scribit

2228 4927 2368 4982 duas
2417 4928 2664 4983 maxime
2706 4944 2826 4982 esse
2871 4927 3164 4984 illecebras
3205 4930 3674 5001 Manichaorum,
3718 4937 3939 5008 quibus

2225 5016 2590 5089 decipiuntur
2630 5017 2867 5089 incauti,
2906 5022 2971 5073 ut
3015 5034 3113 5074 eos
3159 5018 3339 5074 velint
3376 5020 3587 5077 habere
3636 5022 3934 5093 doctores,

2225 5108 2423 5177 altera,
2467 5123 2599 5162 cum
2632 5107 2764 5161 vita
2811 5110 2977 5163 casta
3015 5124 3079 5162 ac
3125 5109 3517 5165 memorabilis
3556 5112 3937 5171 continentia

2221 5195 2536 5267 imaginem
2563 5196 2915 5266 praferunt;
2946 5197 3145 5267 altera,
3192 5214 3326 5253 cum
3370 5198 3690 5271 Scripturas
3727 5218 3936 5276 repre-

2223 5284 2503 5348 hendunt,
2536 5286 2623 5339 vel
2652 5300 2793 5356 quas
2826 5286 2971 5341 male
2999 5286 3346 5358 intelligunt,
3372 5289 3460 5343 vel
3491 5305 3632 5360 quas
3660 5292 3827 5349 male
3858 5293 3940 5348 in-

2222 5372 2406 5445 telligi
2459 5374 2656 5428 volunt
2701 5377 2793 5446 (De
2816 5374 3052 5430 Moribus
3105 5376 3249 5431 Eccl.
3301 5378 3451 5433 cath.
3489 5377 3585 5431 lib.
3634 5380 3682 5443 l,
3724 5396 3797 5437 η.
3860 5383 3934 5453 2).

2224 5462 2670 5518 Commovebant
2689 5478 2824 5517 sane
2847 5462 2969 5534 ejus
2989 5462 3247 5519 animum
3268 5464 3439 5518 etiam
3460 5480 3588 5536 qua
3617 5466 3933 5526 adversum

2223 5550 2431 5608 Christi
2472 5550 2702 5606 Domini
2741 5552 3139 5625 genealogiam
3169 5569 3203 5608 a
3251 5553 3516 5609 Matthao
3545 5559 3604 5610 et
3634 5555 3797 5614 Luca
3828 5559 3932 5616 de-
