4020 6368
89 341 121 386 7
138 340 177 388 ‘7
1598 338 1808 393 LIBER
1851 338 2134 393 PRIMUS.
3543 345 3613 395 78

91 458 386 529 scriptam
416 457 487 512 ab
514 457 800 514 haereticis
828 458 1255 526 eﬁ‘utiebantur,
1285 475 1317 513 e
1343 458 1552 531 quibus
1593 475 1725 514 cum
1754 474 1813 513 se

90 545 384 617 expedire
415 561 531 601 non
559 551 751 619 posset
778 546 938 602 rudis
962 546 1151 602 adhuc
1175 552 1234 602 et
1261 548 1605 603 Litterarum
1634 564 1815 603 sacra-

88 648 245 689 rum
267 634 594 706 imperitus,
608 634 668 691 in
684 650 888 691 eorum
899 636 1240 692 sententiam
1264 636 1427 692 facile
1447 636 1811 693 concidebat:

90 737 230 793 qua
260 722 332 778 de
363 739 422 779 re
454 727 634 779 exstat
667 724 790 779 haec
818 724 973 780 illius
1000 724 1072 780 ad
1108 725 1334 796 plebem
1364 740 1689 781 sermonem
1719 726 1812 780 ha-

88 809 306 866 bentis
333 810 555 866 sincera
597 811 909 867 confessio:
943 811 1162 883 Loquor
1189 813 1362 880 vobis,
1393 814 1691 883 aliquando
1719 814 1813 867 de-

98 906 330 971 ceptus,
360 917 478 956 cum
501 904 683 972 primo
708 917 849 971 puer
870 902 945 957 ad
973 903 1188 958 divinas
1207 904 1520 974 Scripturas
1548 908 1673 959 ante
1698 906 1815 959 vel-

92 989 218 1043 lem
239 989 443 1059 aferre
456 1006 679 1045 acumen
697 991 1044 1059 discutiendi,
1059 1008 1222 1061 quam
1239 994 1491 1062 pietatm
1510 991 1811 1061 quaerendi:

94 1092 208 1145 ego
234 1079 356 1148 ipse
380 1084 569 1133 contra
591 1094 673 1133 me
696 1082 963 1149 perversis
990 1081 1226 1135 moribus
1256 1079 1570 1135 claudebam
1585 1081 1816 1151 januam

94 1169 335 1221 Domini
360 1170 498 1222 mei:
530 1183 648 1223 cum
666 1170 892 1238 pulsare
919 1169 1179 1230 deberem.
1206 1174 1267 1225 ut
1295 1172 1628 1240 aperiretur;
1656 1169 1818 1224 adde-

92 1255 260 1323 bam,
298 1261 356 1310 ut
395 1257 754 1313 clauderetur.
787 1258 1060 1329 Superbus
1089 1261 1231 1313 enim
1268 1259 1532 1314 audebam
1560 1273 1814 1329 quaerere,

90 1345 261 1413 quod
291 1347 403 1400 nisi
423 1347 647 1402 humilis
665 1362 772 1403 non
798 1351 973 1417 potest
998 1349 1260 1403 invenire.
1291 1349 1413 1403 Haec
1438 1349 1578 1401 enim
1594 1362 1676 1401 me
1704 1361 1818 1415 per-

93 1432 493 1499 turbaverunt,
526 1450 645 1503 quae
677 1434 833 1489 modo
862 1434 1014 1489 vobis
1043 1450 1260 1490 securus
1289 1437 1349 1488 in
1374 1437 1586 1490 nomine
1604 1435 1819 1489 Domini

92 1528 153 1575 et
181 1536 433 1592 propono
466 1522 568 1592 (De
597 1523 899 1578 concordia
929 1522 1181 1578 Matthaai
1208 1527 1264 1578 et
1297 1523 1461 1578 Luca:
1489 1522 1552 1577 in
1576 1522 1818 1578 texenda

95 1609 329 1664 Christi
366 1610 746 1682 genealogia),
789 1616 839 1667 et
885 1627 1092 1681 emporio
1132 1612 1321 1677 (Serm.
1354 1615 1443 1679 51,
1472 1628 1528 1666 n.
1563 1612 1638 1682 6).
1668 1611 1816 1667 Scri-

96 1703 317 1769 pturas
342 1715 571 1771 quoque
603 1699 810 1754 veteris
852 1700 1220 1766 Testamenti,
1249 1704 1307 1755 et
1334 1717 1429 1755 eas
1459 1700 1815 1772 potissimum

98 1788 379 1843 solebant
433 1788 728 1843 Manichaei
774 1788 1116 1860 vituperare,
1160 1805 1225 1843 ac
1279 1804 1345 1843 ea
1399 1789 1818 1861 vituperatione

108 1876 391 1932 inﬁmos
427 1880 486 1933 et
530 1879 822 1948 parvulos,
853 1893 973 1932 non
999 1876 1356 1933 invenientes
1384 1877 1671 1948 quomodo
1708 1877 1821 1932 illis

100 1965 559 2036 responderent,
589 1964 829 2020 irridere
858 1970 1030 2038 atque
1059 1964 1322 2036 decipere
1346 1964 1441 2036 (De
1470 1966 1598 2022 Gen.
1629 1970 1816 2020 contra

100 2055 463 2129 Manichaeos,
511 2053 607 2108 lib.
649 2057 701 2122 1,
738 2070 793 2109 n.
835 2055 910 2124 2).
952 2055 1235 2109 Praeterea
1269 2051 1594 2121 difficultas,
1645 2069 1819 2125 quam

100 2144 173 2198 in
207 2143 373 2211 mali,
421 2142 742 2214 praesertim
778 2142 931 2214 quod
968 2142 1213 2213 agimus,
1253 2141 1474 2214 origine
1503 2141 1821 2212 detegenda

104 2229 468 2302 patiebatur,
502 2246 634 2284 eum
663 2229 724 2284 in
760 2230 908 2285 hanc
931 2229 1200 2285 haeresim
1228 2229 1455 2286 induxit
1478 2230 1652 2301 (Conf.
1692 2231 1728 2284 ι.
1765 2233 1817 2296 3,

105 2336 234 2390 cap.
264 2323 324 2388 7,
352 2335 411 2386 n,
438 2321 558 2387 l2):
591 2335 725 2374 nam
748 2334 913 2374 mens
942 2320 1066 2391 ejus
1088 2320 1194 2375 hac
1223 2319 1595 2391 inquisitione
1624 2319 1823 2375 defati-

110 2414 274 2479 gata,
311 2423 444 2463 cum
477 2408 633 2462 nulla
661 2407 771 2478 ipsi
800 2408 869 2463 ad
902 2424 1028 2463 eam
1058 2408 1151 2463 lux
1179 2408 1501 2479 aﬁ'ulgeret,
1532 2408 1695 2463 facile
1721 2408 1821 2463 ad-

110 2498 295 2552 ducta
325 2502 431 2562 est,
476 2502 540 2552 ut
589 2498 741 2551 malo
784 2513 980 2551 verum
1024 2500 1419 2568 aeternumque
1446 2496 1819 2569 principium,

117 2587 242 2641 Deo
283 2590 581 2656 tamquam
618 2584 791 2640 solius
825 2585 963 2640 boni
990 2585 1271 2657 principio
1301 2585 1652 2640 contrarium
1691 2601 1823 2640 eum

113 2673 347 2729 insanis
370 2673 487 2728 illis
526 2673 926 2746 deceptoribus
962 2674 1280 2745 afﬁngeret.
1310 2673 1571 2730 Scientiaa
1610 2674 1824 2745 quippe

108 2762 391 2833 praesidio
413 2762 735 2829 destitutus,
758 2763 1021 2833 captiosis
1044 2762 1275 2818 illorum
1296 2762 1670 2835 argumentis,
1692 2779 1823 2818 cum

110 2852 186 2906 ab
210 2868 305 2918 eo,
322 2856 671 2923 quaererent,
700 2852 853 2906 unde
875 2852 1112 2917 malum,
1136 2868 1255 2906 non
1277 2856 1504 2923 poterat
1528 2851 1822 2907 obsistere.

187 2942 247 2995 2.
286 2941 418 2995 Post
445 2939 544 2994 ubi
583 2939 907 2995 Manichazis
933 2956 1147 2994 nomen
1181 2940 1415 2995 dederat
1450 2940 1823 3011 Augustinus,

114 3029 268 3083 nihil
300 3028 387 3083 illi
417 3028 708 3101 antiquius
737 3028 863 3095 fuit,
896 3044 1070 3100 quam
1101 3032 1165 3083 ut
1194 3032 1466 3098 suscepta:
1497 3044 1527 3082 a
1553 3044 1610 3081 se
1642 3028 1818 3081 luere-

117 3135 253 3173 seos
273 3118 499 3190 placitis
524 3123 693 3189 atque
712 3117 989 3172 institutis
1002 3117 1260 3172 animum
1280 3116 1495 3171 affatim
1519 3116 1822 3170 imbueret.

117 3203 258 3256 Illos
280 3201 460 3273 igitur
471 3201 568 3255 sed
577 3202 673 3257 ulo
683 3200 885 3270 audiit,
897 3217 1098 3256 eorum
1115 3200 1389 3271 ﬁgmenta
1404 3200 1827 3255 omnia‘curiose

118 3290 447 3362 indagavit,
478 3289 547 3344 iis
585 3290 761 3345 ﬁdem
788 3293 1004 3345 temere
1041 3289 1289 3360 praebuit
1317 3307 1332 3357 ;
1370 3288 1512 3360 quin
1537 3289 1708 3344 etiam
1736 3289 1825 3343 in-

122 3384 352 3434 stanter
380 3395 465 3445 ea,
500 3379 710 3450 quibus
737 3378 950 3451 potuit,
978 3378 1279 3449 persuasit,
1309 3381 1366 3433 et
1393 3378 1663 3433 adversus
1686 3377 1827 3431 alios

117 3468 499 3541 pertinaciter
527 3467 898 3539 animoseque
928 3466 1203 3523 defendit.
1239 3468 1352 3521 Nec
1381 3466 1563 3521 defuit
1590 3466 1826 3521 consilio

113 3562 179 3611 et
215 3556 453 3612 conatui
477 3556 785 3611 temerario
822 3571 1114 3610 successus
1146 3554 1443 3622 secundus,
1479 3572 1658 3626 usque
1686 3555 1827 3610 adeo

114 3652 189 3701 ut
216 3646 394 3701 ﬁdem
418 3644 756 3701 catholicam
790 3643 1113 3700 miserrima
1150 3660 1213 3699 ac
1230 3643 1607 3699 furiosissima
1625 3645 1829 3715 loqua-

113 3737 294 3791 citate
336 3739 580 3790 vastasse
627 3751 706 3795 se,
747 3734 951 3805 lugens
989 3738 1260 3805 agnoscat
1289 3736 1380 3803 (De
1408 3736 1551 3787 Dono
1575 3748 1826 3803 perseve-

116 3828 341 3890 rantiae,
371 3840 428 3879 n.
458 3826 561 3886 53).
597 3822 929 3893 Complures
957 3821 1254 3892 imperitos
1281 3820 1545 3876 futilibus
1570 3820 1831 3891 quaestio-

118 3930 272 3969 num
301 3911 548 3983 argutiis
586 3910 895 3983 exagitavit
924 3910 1100 3981 (Conf.
1134 3911 1227 3965 lib.
1264 3913 1318 3979 3,
1349 3925 1468 3979 cap.
1505 3911 1587 3977 12,
1619 3925 1677 3963 n.
1716 3912 1827 3978 21),

119 4008 183 4058 et
211 4001 532 4057 amicorum
555 4000 840 4072 plurimos
870 3998 1091 4070 decepit
1120 4014 1133 4053 :
1167 3997 1525 4069 praecipuum
1553 3996 1706 4051 inter
1734 4013 1828 4051 eos

116 4090 419 4161 Alypium,
456 4089 525 4145 de
569 4104 685 4160 quo
726 4088 873 4143 infra
903 4087 1133 4158 saepius,
1168 4092 1225 4141 et
1248 4086 1669 4142 Romanianum
1700 4086 1829 4141 Mte-

116 4182 396 4234 cenatum
418 4194 606 4243 suum,
641 4177 845 4233 iisdem
874 4176 1162 4231 erroribus
1189 4174 1446 4230 involvit.
1476 4175 1830 4229 Honoratum

117 4283 382 4340 quoque,
425 4266 720 4321 hominem
754 4266 1012 4321 nondum
1043 4264 1278 4336 quidem
1306 4263 1701 4332 christianum,
1732 4263 1831 4317 sed

120 4357 250 4412 veri
299 4355 634 4411 inveniendi
681 4355 870 4411 studio
901 4356 1263 4426 ﬂagrantem,
1302 4352 1641 4419 Manichaeis,
1689 4369 1832 4424 quos

82 4440 505 4500 ‘vehementer
534 4442 950 4509 exsecrabatur,
984 4440 1308 4497 conciliavit
1353 4440 1586 4496 tandem
1629 4445 1686 4494 et
1727 4440 1832 4513 ad-

114 4532 322 4605 junxit
350 4533 445 4603 (De
478 4534 723 4588 Utilitate
752 4531 1024 4600 credendi,
1054 4547 1109 4585 n.
1132 4530 1207 4599 2).

198 4626 252 4677 3.
289 4622 559 4677 Ceterum
599 4638 665 4677 ex
695 4619 1107 4676 consuetudine
1131 4623 1189 4674 et
1218 4617 1628 4685 familiaritate,
1660 4632 1832 4688 quam

127 4726 267 4765 cum
319 4709 604 4765 haereticis
640 4709 752 4764 illis
799 4712 1162 4763 contraxerat
1209 4706 1583 4778 Augustinus,
1632 4722 1730 4760 eos
1773 4704 1833 4759 in

128 4797 388 4853 aliorum
414 4796 779 4868 opinionibus
792 4793 1152 4851 destruendis
1170 4794 1354 4866 magis
1380 4794 1639 4860 disertos,
1661 4809 1834 4865 quam

127 4888 195 4942 in
218 4885 339 4941 suis
356 4884 680 4940 astruendis
701 4885 900 4940 ﬁrmos
922 4900 1043 4939 esse
1068 4883 1334 4955 cognovit
1350 4883 1553 4954 (Ibid.).
1568 4882 1627 4937 Id
1649 4882 1838 4954 ipsum

129 4973 383 5041 obstitit,
415 4973 726 5045 quominus
754 4972 836 5027 eis
865 4973 1094 5045 penitus
1125 4972 1438 5027 adhaereret
1459 4988 1473 5026 :
1498 4971 1637 5026 adeo
1659 4975 1722 5025 ut
1742 4987 1839 5025 eos

129 5069 302 5119 caute
340 5078 407 5117 ac
444 5062 646 5117 timide
683 5068 1037 5133 sequeretur,
1070 5077 1245 5132 seque
1282 5060 1341 5115 in
1380 5076 1621 5115 numero
1660 5059 1839 5114 Audi-

124 5160 329 5208 torum
350 5151 690 5218 contineret,
718 5149 816 5222 qui
845 5150 1054 5222 gradus
1078 5150 1225 5221 apud
1269 5149 1400 5204 illos
1431 5148 1664 5203 intimus
1693 5150 1835 5213 erat,

142 5242 421 5312 idemque
449 5255 634 5311 prope
654 5239 756 5310 qui
775 5238 1327 5294 Catechumenorum
1345 5236 1405 5290 in
1430 5236 1672 5291 Ecclesia
1694 5238 1842 5305 (Con-

138 5338 229 5401 tra
257 5332 395 5387 Litt.
434 5330 619 5395 Petil.,
654 5328 745 5381 lib.
777 5330 831 5394 3,
861 5343 919 5381 n.
950 5327 1065 5399 20).
1095 5327 1289 5397 Neque
1319 5324 1472 5380 enim
1500 5323 1844 5380 Manichaeo-

139 5436 273 5476 rum
300 5417 610 5491 presbyter
660 5415 790 5484 fuit,
833 5419 901 5470 ut
938 5414 1024 5470 illi
1059 5418 1259 5486 postea
1296 5430 1414 5469 non
1444 5428 1613 5468 nemo
1642 5428 1843 5484 expro-

1927 458 2180 514 latebant
2218 458 2438 530 flagitia
2482 475 2729 530 quorum
2766 459 3247 517 insimulabantur
3286 462 3613 519 Manichaai:

1923 546 2045 601 haec
2074 548 2226 603 enim
2262 548 2334 603 ad
2379 548 2594 602 Eleetos
2632 548 2981 619 spectabant.
3013 550 3223 604 Eorum
3251 552 3615 606 solummodo

1923 635 2260 691 interfuerat
2292 635 2558 703 orationi,
2601 636 2663 691 in
2692 652 2807 708 qua
2843 638 2989 692 nihil
3019 642 3184 710 turpe
3212 640 3617 694 animadverte

1922 730 2030 792 rat,
2060 725 2171 780 nisi
2208 726 2361 798 quod
2392 741 2618 799 semper
2646 727 2718 782 ad
2747 728 2926 782 solem
2951 745 3010 783 se
3040 732 3453 784 converterent.
3487 730 3619 783 Illos

1922 830 2151 885 quoque
2182 814 2595 870 Eucharistiam
2624 814 2878 887 recipere
2907 816 3167 872 audierat
3200 834 3214 885 ;
3258 818 3397 889 quid
3424 822 3618 872 autem

1922 903 2264 974 acciperent,
2288 906 2345 957 et
2372 904 2601 974 quando
2627 904 2965 976 acciperent,
2996 904 3295 977 ignorabat
3322 922 3336 960 :
3359 905 3618 978 quamvis

1922 991 2116 1046 omnia
2154 996 2321 1046 secue-
2367 991 2539 1063 hujus
2575 991 2791 1063 flagitia
2822 992 3059 1064 quidam
3088 1010 3157 1049 ex
3196 993 3528 1049 adversariis
3557 992 3621 1049 in

1923 1095 2056 1134 eum
2086 1078 2454 1148 contulerint,
2481 1080 2928 1135 Catechumenos
2958 1080 3073 1136 sive
3106 1081 3409 1137 Auditores
3448 1080 3621 1136 Mani-

1923 1168 2230 1231 chaeorum.
2274 1166 2562 1238 baptisma
2600 1184 2800 1224 eorum
2848 1169 3130 1240 recepisse
3153 1169 3297 1225 falso
3338 1169 3615 1224 arbitrati.

1924 1257 2285 1327 Singularem
2312 1256 2686 1311 solemnitatis
2708 1257 2991 1312 Paschalis
3016 1258 3233 1312 cultum
3261 1258 3530 1313 hauserat
3547 1257 3618 1311 ab

1925 1345 2168 1402 Ecclesia
2226 1345 2501 1399 catholica
2556 1345 2925 1417 Augustinus,
2977 1362 3152 1417 quem
3202 1345 3352 1401 diem
3410 1348 3618 1401 festum

1925 1433 2217 1489 Manichaai
2232 1434 2390 1488 nulla
2404 1434 2824 1504 propemodum
2841 1434 3164 1489 celebritate
3175 1478 3188 1503 ,
3209 1434 3381 1489 nullis
3391 1434 3619 1506 vigiliis,

1924 1524 2082 1578 nullo
2111 1522 2424 1593 prolixiora
2459 1522 2703 1593 jejunio,
2743 1523 2904 1577 nullo
2933 1522 3178 1594 denique
3207 1522 3493 1578 festiviore
3522 1540 3620 1595 ap-

1924 1611 2130 1675 paratu
2159 1607 2421 1662 colebant
2450 1609 2674 1678 (Contra
2702 1610 2880 1677 Epist.
2913 1607 3219 1672 Manichaei,
3250 1622 3305 1660 η.
3339 1609 3410 1675 9).
3448 1606 3620 1677 Cujus

1925 1693 2007 1748 rei
2030 1711 2258 1750 causam
2280 1696 2485 1766 saepius
2504 1696 2574 1750 ab
2594 1695 2676 1750 eis
2693 1695 3082 1750 sciscitabatur
3106 1712 3118 1749 :
3146 1695 3240 1749 sed
3261 1694 3490 1749 cumilli
3507 1695 3612 1750 sub

1925 1783 2078 1837 idem
2102 1787 2330 1854 tempus
2354 1783 2646 1839 Manichaei
2665 1783 2755 1838 sui
2779 1788 3027 1839 mortem
3051 1782 3262 1853 insigni
3282 1798 3495 1853 pompa
3524 1798 3616 1837 ce-

1924 1872 2231 1935 lebrarent,
2249 1872 2585 1944 religionem
2606 1876 2663 1927 et
2681 1872 3119 1932 venerationem,
3143 1888 3257 1943 qua
3279 1888 3497 1926 sacram
3519 1873 3620 1926 Pa-

1925 1961 2059 2015 scha
2077 1961 2347 2031 prosequi
2367 1964 2753 2027 consueverat,
2777 1959 2837 2014 in
2862 1960 3007 2014 hanc
3026 1959 3149 2029 ipse
3167 1959 3619 2033 transfundebat.

1996 2050 2050 2103 4.
2085 2049 2225 2104 Cum
2256 2047 2317 2102 in
2348 2047 2665 2104 Manichaais
2702 2064 2908 2119 parum
2947 2046 3200 2117 praesidii
3237 2052 3296 2102 et
3332 2047 3621 2103 ﬁrmitatis

1928 2137 2229 2208 reperiret,
2262 2152 2420 2208 spem
2451 2141 2507 2191 et
2536 2135 2765 2207 negotia
2790 2135 2993 2190 mundi
3022 2151 3141 2190 non
3172 2134 3425 2203 dimisit;
3460 2135 3622 2207 cujus
3726 2130 3730 2134 ’

1929 2243 2123 2283 amore
2152 2224 2337 2280 teneri
2364 2240 2482 2279 non
2509 2223 2744 2290 destitit,
2794 2224 3070 2294 quamdiu
3107 2240 3205 2278 eos
3252 2227 3496 2278 sectatus
3540 2227 3626 2277 est

1932 2317 2022 2385 (De
2054 2312 2297 2367 Utilitate
2332 2310 2603 2370 credendi.
2644 2327 2701 2365 n.
2746 2310 2821 2381 2).
2864 2309 3077 2365 Passim
3113 2314 3353 2365 testatur
3383 2325 3441 2364 se
3469 2313 3623 2365 totos

1931 2415 2135 2455 novem
2163 2415 2341 2453 annos
2383 2397 2819 2453 Manichzeorum
2872 2402 3038 2452 sectae
3088 2396 3263 2452 fuisse
3308 2397 3621 2454 addictum.

1932 2487 2261 2543 Videbimus
2290 2502 2420 2541 eum
2452 2485 2599 2541 infra
2635 2484 2939 2540 Mediolani
2969 2485 3366 2540 tantummodo
3407 2484 3477 2539 ab
3507 2484 3620 2539 illis

1931 2576 2221 2631 discessise
2264 2591 2413 2629 anno
2461 2572 2858 2629 trecentesimo
2903 2574 3252 2643 octogesimo
3282 2572 3503 2644 quinto.
3539 2574 3625 2627 Ita

1931 2664 2233 2719 dicendum
2259 2667 2422 2723 esset.
2456 2678 2588 2717 eum
2618 2661 2678 2715 in
2710 2662 2856 2716 hanc
2885 2662 3148 2716 hazresim
3176 2661 3444 2716 incidisse
3473 2677 3623 2716 anno

1932 2752 2331 2808 trecentesimo
2388 2749 2810 2822 septuagesimo
2856 2754 3035 2805 sexto.
3091 2750 3218 2820 Ipse
3267 2748 3623 2819 Augustinus

1892 2850 1897 2853 ‘
1932 2858 2139 2896 novem
2168 2841 2258 2895 his
2295 2839 2482 2908 annis,
2513 2839 2722 2910 quibus
2752 2838 3086 2893 Manichaaos
3111 2837 3312 2905 audiit,
3344 2854 3402 2891 se
3438 2837 3629 2891 Fausti

1888 2934 1891 2937 ’
1932 2931 2237 2984 adventum
2266 2932 2614 2998 exspectasse
2656 2926 2894 2979 tesiatur
2948 2926 3122 2995 (Conf.
3165 2925 3258 2979 lib.
3306 2929 3357 2992 5,
3412 2941 3534 2994 cap.
3572 2928 3624 2992 6,

1930 3034 1989 3072 n.
2021 3020 2133 3087 10):
2168 3017 2403 3071 Faustus
2424 3014 2529 3069 iste
2550 3015 2674 3085 jam
2704 3013 3028 3079 advenerat,
3060 3011 3380 3082 Augustino
3411 3028 3628 3066 annum

1936 3106 2116 3160 aetatis
2136 3102 2648 3173 undetrigesimum
2672 3105 2876 3171 agente
2892 3100 3079 3170 (Ibid,
3112 3116 3232 3169 cap.
3265 3103 3319 3163 3,
3345 3116 3400 3153 η.
3436 3100 3506 3167 3),
3530 3098 3631 3170 qui

1935 3192 2143 3250 Christi
2181 3196 2301 3247 erat
2349 3190 2781 3245 trecentesimus
2819 3188 3199 3259 octogesimus
3235 3187 3453 3242 tertius.
3516 3188 3625 3241 Hos

1934 3280 2127 3351 itaque
2151 3296 2355 3335 novem
2384 3296 2564 3339 annos
2594 3294 2897 3333 numerare
2927 3276 3198 3331 debemus
3223 3275 3293 3330 ab
3316 3291 3466 3330 anno
3490 3280 3627 3330 teta-

1933 3369 2007 3423 tis
2035 3369 2190 3424 illius
2216 3368 2516 3440 vigesimo,
2549 3366 2755 3422 Christi
2784 3365 3181 3421 trecentesimo
3211 3364 3630 3436 septuagesimo

1936 3462 2140 3529 quarto
2164 3475 2178 3526 ;
2210 3460 2267 3513 et
2294 3457 2363 3511 de
2393 3456 2596 3511 iisdem
2625 3454 2788 3510 annis
2818 3454 3139 3525 intelligere
3162 3453 3320 3525 quod
3348 3452 3471 3523 ipse
3500 3451 3633 3506 scri-

1936 3547 2039 3611 bit,
2073 3563 2132 3601 se
2174 3562 2279 3617 per
2316 3562 2522 3600 novem
2556 3561 2755 3612 annos,
2788 3543 3066 3598 nimirum
3104 3543 3174 3598 ab
3204 3541 3629 3613 undevigesimo

1936 3635 2117 3690 aetatis
2147 3652 2263 3690 sum
2293 3652 2444 3690 anno
2475 3635 2545 3690 ad
2575 3631 3122 3704 duodetrigesimum
3151 3646 3334 3702 usque
3363 3630 3629 3701 (comple-

1937 3724 2083 3796 tum)
2126 3725 2301 3779 fuisse
2335 3725 2631 3779 seductum
2663 3727 2720 3777 et
2746 3722 2889 3776 alios
2919 3721 3204 3777 seduxisse
3235 3721 3417 3790 (Ibid,
3448 3721 3523 3774 lib
3575 3721 3630 3789 4,

1936 3830 2055 3883 cap.
2085 3818 2133 3880 1,
2165 3829 2221 3867 n.
2261 3812 2333 3882 1).
2355 3813 2439 3866 118
2465 3812 2655 3865 videre
2677 3810 2828 3876 licet,
2861 3826 3015 3876 eum,
3045 3825 3174 3864 cum
3206 3808 3459 3879 primum
3486 3807 3633 3862 Cice-

1934 3902 2092 3958 ronis
2124 3900 2488 3955 Hortensium
2517 3899 2659 3970 legit
2687 3914 2837 3952 anno
2870 3898 3055 3952 intutis
3091 3897 3316 3951 decimo
3346 3912 3500 3950 nono
3531 3900 3633 3949 aut

1938 3990 2236 4062 vigesimo,
2261 3989 2319 4043 in
2333 3988 2773 4043 Maniehmorum
2799 3985 3059 4040 hmresim
3077 3984 3249 4038 fuisse
3274 3983 3627 4054 prolapsum.

1942 4080 2132 4151 Neque
2161 4094 2294 4133 vero
2320 4078 2510 4133 statim
2541 4077 2611 4131 ab
2642 4092 2792 4130 anno
2821 4073 3094 4143 vigesimo
3124 4076 3317 4127 octavo
3351 4076 3449 4126 aut
3475 4071 3630 4142 vige-

1941 4169 2086 4223 simo
2117 4184 2270 4222 nono
2303 4183 2360 4220 se
2387 4167 2457 4223 ab
2488 4165 2598 4220 illis
2624 4164 2860 4219 omnino
2880 4161 3175 4233 disjuuxit,
3205 4160 3302 4215 sed
3333 4177 3431 4215 eos
3459 4159 3633 4231 pluri-

1939 4273 2098 4312 mum
2131 4255 2367 4312 fastidiit
2395 4272 2409 4323 ;
2437 4269 2623 4327 neque
2649 4253 2727 4307 sic
2752 4256 2996 4306 sectatus
3022 4255 3122 4311 est,
3158 4248 3267 4303 nisi
3293 4248 3430 4303 dum
3465 4247 3632 4319 quid-

1939 4346 2095 4418 piam
2152 4345 2357 4400 melius
2402 4343 2513 4415 ipsi
2554 4345 2876 4397 occurreret
2923 4340 3103 4409 (Ibid.,
3158 4339 3294 4393 libro
3328 4341 3381 4408 5,
3424 4354 3543 4407 cap.
3578 4340 3632 4400 7,

1937 4452 2033 4490 nn.
2072 4437 2157 4501 12,
2192 4436 2296 4503 t3).
2495 4499 2503 4508 ι

2010 4528 2062 4580 5.
2116 4522 2435 4579 Monnicam
2481 4517 2787 4589 Augustini
2839 4518 3031 4588 lapsus
3077 4515 3137 4570 in
3183 4513 3452 4570 haeresim
3494 4513 3635 4568 adeo

1942 4609 2219 4667 nefariam
2264 4606 2595 4679 gravissimo
2648 4605 2836 4660 dolore
2886 4602 3145 4675 perculit.
3184 4602 3558 4656 Aberrantem
3604 4616 3638 4653 8

1945 4699 2055 4754 ﬁde
2069 4698 2254 4752 ﬁlium
2271 4701 2455 4751 mater
2476 4710 2590 4750 non
2612 4692 2805 4747 mitius
2822 4691 3086 4757 deflebat,
3111 4705 3284 4761 quam
3305 4689 3351 4742 si
3369 4704 3635 4761 supremo

1943 4788 2143 4842 funere
2173 4784 2508 4839 extulisset:
2560 4781 2675 4836 imo
2717 4783 2875 4835 tanto
2915 4777 3192 4844 acerbius,
3225 4781 3439 4848 quanto
3467 4776 3635 4831 intel-

1944 4874 2149 4946 ligeret
2176 4872 2309 4926 vitae
2350 4869 2580 4925 mortali
2613 4873 2885 4940 praestare
2914 4866 3321 4934 immortalem,
3350 4866 3511 4936 cujus
3541 4864 3637 4918 ille

1945 4979 2106 5034 spem
2150 4959 2347 5016 lethali
2376 4960 2657 5014 haereseos
2684 4957 2919 5011 vulnere
2958 4954 3017 5009 in
3050 4972 3106 5009 se
3141 4953 3450 5025 peremisse
3478 4952 3636 5007 vide-

1945 5053 2146 5108 batur:
2170 5052 2300 5108 Cum
2317 5064 2418 5119 pro
2444 5064 2527 5102 me
2554 5050 2700 5117 ﬂm'et
2725 5046 2798 5100 ad
2820 5051 2869 5099 te
2884 5050 3054 5100 mater
3073 5060 3211 5109 mea,
3233 5042 3441 5114 inquit,
3462 5042 3638 5110 ﬁdelis

1950 5147 2063 5207 tua,
2102 5140 2337 5211 amplius
2367 5154 2531 5208 quam
2558 5140 2685 5205 ﬂent
2716 5140 2915 5190 matres
2944 5149 3197 5203 corporea
3234 5135 3431 5200 funera
3451 5128 3635 5199 (Ibid.,

1949 5232 2045 5286 lib.
2077 5233 2128 5298 3,
2169 5244 2289 5299 cap.
2327 5231 2409 5290 11,
2456 5243 2512 5282 n.
2577 5226 2680 5294 t9).
2713 5224 2870 5279 Illius
2908 5220 3336 5277 conversionem
3377 5216 3638 5289 plurimis

1952 5337 1985 5375 a
2013 5320 2131 5374 Deo
2172 5315 2435 5388 lacrymis
2461 5313 2790 5386 postulavit.
2816 5310 3177 5376 Precabatur,
3200 5308 3491 5379 jquotquot
3514 5303 3637 5359 ido-

1953 5425 2095 5464 neos
2121 5405 2471 5471 inveniebat,
2493 5410 2559 5459 ut
2576 5418 2706 5458 cum
2723 5401 2841 5458 ﬁlio
2862 5414 3183 5455 sermonem
3224 5394 3547 5449 conferrent
3565 5391 3649 5448 ad‘

138 5481 323 5565 bravit
354 5481 549 5580 (Ibid)
575 5524 593 5573 ;
620 5521 726 5559 nec
766 5481 1003 5565 Electus.
1040 5481 1151 5559 hoc
1188 5506 1292 5571 est,
1332 5517 1530 5557 eorum
1560 5481 1846 5572 mysteriis
1957 5512 2179 5554 errores
2197 5494 2352 5550 illius
2370 5491 2735 5561 refellendos,
2762 5494 2940 5561 utque
2961 5503 3090 5580 eum
3110 5481 3359 5580 veriiatis
3382 5481 3642 5580 doctrina

137 5568 422 5655 imitiatus
461 5568 685 5667 (Contra
721 5595 1098 5659 Fortunatam,
1128 5607 1187 5647 η.
1221 5568 1293 5662 3).
1333 5568 1691 5663 Quapropter
1717 5603 1846 5644 cum
1955 5581 2278 5642 imbuentes
2306 5597 2340 5636 a
2367 5580 2609 5636 falsitate
2653 5580 3001 5633 revocarent.
3043 5570 3146 5626 Sed
3178 5568 3423 5625 nimium
3458 5569 3642 5625 adhuc
