4020 6360
406 333 475 382 79
1378 292 1381 293 ί
1609 327 1778 381 VITA
1833 326 1886 381 s.
1930 326 2317 384 AUGUSTINI
2379 328 2715 384 1591313091.
3850 334 3916 383 so

402 450 711 506 indocilem
731 450 895 505 illum
913 449 1155 505 faciebat
1177 449 1519 522 arrogantia,
1544 465 1657 521 qua
1676 450 1907 505 haeresis
1929 450 2103 521 hujus

401 541 620 597 novitas
646 557 779 596 eum
807 540 1061 596 inﬂabat.
1109 539 1247 594 Hinc
1277 543 1503 594 sanctus
1534 540 1767 611 quidam
1804 540 2102 611 episcopus

403 630 475 686 ab
517 646 583 685 ea
628 633 854 701 rogatus
881 634 946 684 ut
982 644 1114 683 cum
1164 626 1284 683 ﬁlio
1319 628 1758 700 collequeretur,
1800 629 2101 697 recusavit,

402 735 651 790 eumque
701 716 966 789 perlectis
1007 715 1453 772 Manichaeorum
1499 716 1660 772 libris
1700 733 1830 771 suos
1867 717 2100 772 tandem

402 824 623 863 errores
648 807 1140 879 deprehensurum
1160 805 1482 860 afﬁrmavit.
1513 806 1771 877 Cumque
1793 805 1888 859 illa
1917 806 2100 876 magis

403 912 466 952 ac
493 896 677 968 magis
714 896 970 962 instaret,
1008 895 1158 952 Vade
1186 894 1393 967 inquit,
1424 910 1459 949 a
1494 910 1611 961 me;
1643 897 1726 948 ita
1752 896 1939 949 vivas:
1980 896 2102 963 ﬁeri

401 986 543 1039 enim
569 1000 676 1039 non
711 988 906 1054 potest,
945 987 1006 1038 ut
1035 984 1191 1052 filius
1219 986 1452 1038 istarum
1486 984 1853 1054 lacrymarum
1878 987 2090 1054 pereat.

401 1073 562 1138 Quod
583 1072 681 1128 illa
692 1088 1031 1144 responsum
1052 1072 1230 1126 divini
1251 1072 1432 1126 instar
1446 1071 1661 1126 oraculi
1681 1071 1898 1143 accepit
1913 1072 2096 1139 (lbid.,

399 1178 522 1232 cap.
558 1165 643 1228 12,
692 1177 748 1216 η.
790 1160 902 1233 21).
946 1162 1081 1215 Eam
1131 1160 1317 1215 adhuc
1362 1176 1535 1231 super
1579 1158 1685 1222 ﬁlii
1721 1160 1900 1215 salute
1952 1161 2099 1215 Deus

399 1266 531 1305 cum
557 1249 684 1305 aliis
708 1249 968 1321 pluribus
997 1248 1204 1317 modis,
1228 1253 1352 1303 tum
1381 1248 1627 1304 maxime
1656 1248 1878 1304 somnio
1897 1264 2100 1303 conso-

399 1341 547 1395 latus
572 1343 675 1394 est.
710 1341 851 1396 Cum
882 1338 1037 1394 enim
1066 1343 1212 1393 esset
1249 1354 1488 1394 maerore
1519 1338 1795 1405 confecta,
1828 1339 2099 1409 juvenem

399 1428 790 1499 splendidum,
821 1428 1084 1491 hilarem,
1117 1430 1174 1482 et
1200 1426 1483 1482 renidenti
1508 1426 1667 1481 vultu
1688 1426 1762 1481 ad
1782 1442 1840 1481 se
1865 1426 2095 1481 venien-

398 1523 517 1573 tem
546 1517 707 1585 vidit,
737 1517 836 1589 qui
866 1533 997 1572 cum
1026 1517 1096 1572 ab
1127 1515 1501 1587 eafmoestitise
1535 1532 1730 1570 causas
1760 1515 2093 1587 quaesiisset.

391 1606 564 1676 jussit
598 1607 757 1662 illam
786 1622 985 1662 securo
1016 1622 1137 1660 esse
1172 1604 1384 1672 animo,
1417 1605 1703 1676 simulque
1734 1604 1979 1672 monuit,
2007 1604 2095 1658 vi-

399 1696 560 1751 deret
599 1700 657 1749 et
704 1695 1043 1762 attenderet,
1076 1710 1268 1749 serum
1308 1693 1492 1749 ﬁlium
1541 1694 1745 1750 eodem
1800 1693 1911 1748 loci
1967 1708 2098 1747 con-

396 1783 609 1839 sistere.
636 1783 798 1848 Quod
823 1799 953 1838 cum
980 1784 1077 1838 illa
1105 1782 1222 1838 ﬁlio
1254 1787 1557 1851 narrasset,
1582 1787 1639 1838 et
1658 1782 1781 1854 ipse
1804 1780 2096 1837 somnium

394 1872 464 1927 ad
504 1888 563 1926 se
604 1873 832 1927 trahere
861 1876 1184 1939 conaretur,
1219 1871 1547 1944 diceretque
1576 1873 1686 1927 hoc
1721 1871 1839 1926 viso
1877 1871 2098 1943 signiti-

358 1974 363 1983 '
394 1962 510 2016 cari
541 1965 780 2017 matrem
809 1961 870 2017 in
902 1976 1065 2016 suam
1113 1960 1422 2033 aliquando
1466 1964 1712 2015 tractum
1751 1960 1825 2015 iri
1871 1965 2097 2015 senten-

392 2053 562 2119 tiam;
604 2052 702 2106 illa
729 2050 1000 2105 continuo
1043 2050 1184 2105 citra
1210 2049 1665 2117 haesitationem,
1694 2051 1830 2110 Non,
1858 2048 2050 2120 inquit
2076 2065 2091 2116 ;

397 2154 505 2193 non
533 2139 675 2192 enim
701 2137 840 2192 mihi
875 2136 1084 2191 dictum
1108 2142 1206 2205 est,
1258 2136 1360 2191 Ubi
1387 2137 1497 2206 ille,
1536 2138 1616 2191 ibi
1645 2141 1696 2190 et
1726 2141 1817 2203 tu;
1848 2136 1962 2203 sed,
1994 2137 2096 2191 Ubi

397 2232 455 2282 tu
483 2227 563 2281 ibi
598 2232 648 2280 et
676 2227 765 2281 ille
795 2224 984 2296 (Ibid.,
1017 2240 1139 2295 cap.
1187 2228 1272 2294 11,
1310 2240 1368 2279 n.
1412 2227 1529 2294 20).
1563 2226 1678 2279 Hoc
1717 2223 2094 2296 extemporali

394 2314 594 2369 matris
640 2329 932 2385 responso,
975 2328 1104 2384 quae
1134 2313 1388 2384 speciosa
1415 2312 1594 2384 ipsius
1622 2312 2093 2384 interpretatione

396 2403 627 2459 turbata
663 2419 778 2457 non
813 2403 1021 2469 fuerat,
1060 2402 1455 2456 vehementius
1483 2417 1659 2473 quam
1689 2402 1947 2472 ejusdem
1976 2401 2093 2456 viso

395 2495 688 2564 permotus
710 2495 812 2547 est.
841 2490 1096 2561 Contigit
1112 2490 1263 2545 istud
1295 2507 1497 2545 novem
1516 2491 1938 2562 pr0pemodum
1964 2495 2094 2546 ante

396 2582 581 2649 annis,
612 2596 785 2652 quam
814 2579 1167 2651 Augustinus
1195 2596 1261 2634 ex
1290 2580 1425 2635 limo
1454 2580 1725 2652 profundi
1753 2596 1817 2635 ac
1842 2580 2094 2635 tenebris

395 2670 654 2726 falsitatis
690 2669 751 2724 in
794 2668 998 2741 quibus
1021 2669 1266 2740 jacebat,
1296 2673 1632 2740 emergeret.
1663 2668 1825 2741 Saepe
1851 2668 2094 2724 tentavit

394 2775 724 2830 exsurgere,
772 2758 869 2812 sed
919 2756 1088 2812 altius
1137 2773 1365 2829 semper
1405 2758 1873 2830 immergebatur.
1929 2758 2090 2812 Haud

394 2846 605 2901 scimus
660 2863 732 2901 an
781 2845 842 2900 hi
887 2861 1093 2900 novem
1141 2845 1296 2913 anni,
1341 2850 1407 2900 ut
1454 2845 1549 2899 alii
1607 2862 1799 2917 supra,
1845 2846 2090 2901 adventu

396 2936 583 2990 Fausti
628 2934 1032 3001 terminentur,
1073 2938 1204 2989 ante
1249 2934 1411 3005 cujus
1459 2950 1767 3000 accessum,
1818 2934 1974 2989 illius
2023 2935 2093 2990 ad

391 3025 802 3096 emergcndum
830 3027 1065 3078 conatus
1107 3038 1224 3078 non
1266 3024 1546 3093 legimus:
1579 3040 1655 3077 an
1682 3039 1815 3078 vero
1846 3041 1913 3078 eo
1943 3028 2092 3078 tem-

392 3130 552 3186 pore,
593 3129 707 3185 quo
748 3130 781 3167 a
836 3112 1156 3168 Manichaais
1202 3112 1457 3167 discessit
1494 3129 1646 3167 anno
1694 3111 2092 3167 trecentesimo

391 3202 739 3274 octogesimo
770 3203 970 3273 quinto
998 3222 1013 3269 ;
1054 3218 1128 3256 an
1165 3201 1412 3273 denique
1438 3201 1556 3269 illo,
1586 3218 1702 3273 quo
1741 3203 1989 3272 perfecte
2022 3206 2093 3260 ad

393 3292 574 3346 Deum
602 3306 907 3345 conversus
931 3294 1033 3357 est,
1056 3305 1207 3344 anno
1229 3289 1487 3344 videlicet
1518 3289 1917 3345 trecentesimo
1941 3296 2095 3348 octo-

394 3381 611 3453 gesimo
643 3385 821 3437 sexto.

1054 3496 1278 3550 CAPUT
1318 3495 1430 3550 VII.

401 3608 421 3659 1
462 3607 708 3672 Tagustz
725 3603 1137 3672 grammaticam
1165 3601 1314 3657 docet
1331 3603 1427 3656 ubi
1454 3602 1755 3658 auditorem
1784 3604 1942 3659 habet
1962 3606 2096 3677 Aly-

465 3695 636 3764 pium.
668 3694 703 3746 2
742 3693 925 3747 Amici
953 3695 1119 3745 morte
1147 3690 1344 3745 incidit
1371 3693 1430 3746 in
1466 3693 1767 3748 maximum
1792 3694 2013 3760 luctum,
2044 3700 2097 3749 et

472 3786 711 3851 Tugusta
738 3781 917 3836 dolore
937 3784 1210 3851 premente
1236 3779 1463 3835 excedit.
1498 3784 1529 3835 3
1553 3784 1844 3850 Regressus
1869 3784 2096 3840 Cartha-

467 3875 665 3941 ginem,
692 3870 773 3925 ibi
804 3870 1128 3925 rhetoricam
1145 3867 1458 3940 proﬁtetur.

472 4001 519 4051 1.
554 3981 695 4051 Tum
733 3994 1085 4066 Augustinus
1121 3995 1422 4065 Tagastam
1461 3994 1608 4050 forte
1645 3996 1915 4066 redierat,
1960 4015 2090 4055 cum

398 4085 687 4141 somnium
749 4100 923 4156 supra
958 4088 1341 4139 memoratum
1381 4088 1566 4139 mater
1603 4085 1807 4140 habuit
1845 4103 1858 4141 :
1918 4105 2093 4160 quam

397 4174 592 4228 scribit
616 4173 726 4228 hoc
751 4174 870 4227 viso
899 4172 1038 4226 adeo
1078 4171 1251 4225 fuisse
1292 4177 1624 4235 recreatam,
1666 4177 1731 4228 ut
1767 4174 1957 4246 ipsum
1986 4177 2093 4231 sub

399 4263 599 4318 eodem
624 4266 770 4316 tecto
801 4261 1027 4331 degere,
1052 4263 1108 4314 et
1137 4252 1322 4314 eidem
1347 4277 1560 4316 mensa:
1590 4263 1924 4318 accumbere
1955 4265 2095 4320 sive-

396 4352 510 4418 rit;
534 4350 689 4423 quod
711 4349 942 4422 quidem
972 4348 1229 4404 Monnica
1257 4350 1409 4403 nolle
1438 4349 1732 4421 aliquanto
1763 4356 1893 4405 ante
1923 4368 2096 4423 coepe.

398 4445 507 4506 rat,
526 4444 750 4495 tantum
764 4439 920 4493 illam
931 4437 1193 4492 haeresim
1216 4437 1645 4516 exhorrescebat
1660 4437 1894 4507 (Confes.
1912 4440 2007 4494 lib.
2038 4444 2092 4508 3,

398 4545 516 4600 cap.
556 4533 639 4595 11,
672 4545 726 4583 n.
760 4530 837 4599 9).
865 4527 949 4582 Ad
980 4527 1077 4581 illa
1105 4526 1298 4598 itaque
1326 4530 1585 4597 tempora
1608 4528 1985 4583 revocandum
2014 4529 2093 4583 vi-

400 4611 587 4684 detur;
627 4615 776 4688 quod
808 4617 926 4687 ipse
960 4616 1156 4685 refert,
1201 4631 1260 4670 se
1298 4615 1359 4670 in
1409 4615 1659 4686 patriam
1706 4602 2019 4684 reversum,
2061 4634 2095 4671 a

401 4705 754 4760 Romaniano
785 4710 1111 4777 susceptum
1142 4704 1318 4760 fuisse
1354 4704 1625 4775 hospitio,
1657 4709 1713 4759 et
1741 4720 1923 4777 usque
1954 4707 2094 4761 adeo

400 4796 523 4866 ejus
558 4794 806 4850 amicitia
835 4800 890 4849 et
933 4793 1204 4849 familiari
1241 4793 1654 4849 consuetudine
1696 4794 2091 4866 honestatum,

398 4888 463 4937 ut
505 4882 661 4938 illius
687 4883 917 4939 honoris
954 4889 1011 4939 et
1037 4883 1327 4956 dignitatis
1383 4884 1582 4939 eadem
1622 4884 1683 4939 in
1720 4885 1861 4940 urbe
1907 4886 2092 4956 Taga-

400 4972 576 5027 stensi
596 4972 781 5028 socius
801 4990 863 5028 ac
883 4973 1166 5044 particeps
1190 4989 1310 5027 esse
1337 4972 1627 5028 videretur
1646 4974 1869 5042 (Contra
1887 4975 2094 5029 Acade-

398 5065 582 5128 micos,
615 5060 709 5116 lib.
752 5065 803 5124 2,
833 5078 895 5116 n.
955 5061 1024 5132 3).
1070 5061 1317 5116 Suorum
1360 5061 1516 5116 haud
1553 5061 1724 5117 dubie
1771 5063 2095 5118 studiorum

400 5154 614 5206 metam
638 5150 919 5222 attigerat,
943 5149 1078 5204 dum
1098 5149 1437 5221 Carthagine
1453 5149 1725 5218 discessit,
1744 5151 2096 5222 spectabant-

399 5256 509 5313 que
539 5238 724 5294 studia
749 5238 846 5293 illa
875 5239 1059 5293 forum
1087 5237 1422 5310 litigiosum.
1458 5239 1599 5294 Eiun
1626 5242 1822 5294 tamen
1838 5244 1937 5295 aut
1959 5256 2092 5296 cau-

399 5345 487 5384 sas
512 5328 716 5401 egisse,
748 5332 849 5383 aut
877 5331 1057 5382 artem
1087 5342 1248 5383 suam
1278 5326 1339 5382 in
1368 5326 1479 5382 alia
1509 5342 1591 5393 re,
1623 5343 1797 5399 quam
1833 5328 1892 5383 in
1921 5328 2092 5384 disci-

398 5417 547 5491 pulis
621 5416 971 5481 erudiendis,
1025 5416 1328 5472 collocasse
1384 5432 1503 5471 non
1558 5415 1824 5488 legimus.
1911 5418 2095 5490 Coepit

397 5507 590 5579 itaque
613 5507 815 5563 docere
843 5507 904 5562 in
933 5506 1117 5579 patria
1157 5507 1385 5579 (Confes.
1428 5506 1517 5561 lib.
1561 5509 1615 5575 4,
1657 5524 1778 5578 cap.
1822 5509 1876 5577 4,
1908 5524 1965 5565 n.
1995 5510 2087 5580 7):

400 5595 596 5652 scribit
622 5596 912 5653 Possidius
937 5613 1070 5652 eum
1101 5594 1181 5651 ibi
1209 5595 1467 5653 docuisse
1488 5597 1917 5669 grammaticam
1948 5598 2092 5670 (Pos-

2207 450 2403 517 sidius,
2434 453 2493 505 in
2528 453 2655 507 Vita
2681 452 2916 519 August.
2950 466 2997 506 c.
3034 452 3099 521 1).
3129 454 3199 505 At
3218 450 3609 523 cumipsemet
3634 452 3916 525 Augusti-

2211 554 2318 592 nus
2350 554 2408 593 sc
2446 539 2508 593 in
2546 538 2658 594 illis
2695 539 2860 594 annis
2897 539 3242 596 rhetoricam
3269 541 3588 611 professum
3618 557 3739 596 esse
3782 558 3909 596 me-

2208 631 2396 681 morat
2441 627 2668 698 (Confes.
2703 629 2798 683 lib.
2840 629 2894 695 4,
2934 643 3056 699 cap.
3096 631 3149 695 2,
3180 645 3238 683 η.
3270 631 3350 701 2),
3384 629 3427 684 si
3467 630 3572 684 hoc
3595 631 3813 685 dictum
3847 647 3914 685 ex

2209 715 2354 769 serie
2379 716 2723 771 narrationis
2748 717 3160 788 interpreteris,
3186 717 3474 772 videbitur
3497 734 3623 773 eam
3651 719 3911 790 Tagastie

2208 802 2484 858 docuisse.
2520 804 2645 859 Non
2669 804 2874 859 desunt
2904 810 3096 859 tamen
3122 804 3587 875 gravissimarum
3617 806 3912 861 rationum

2208 897 2524 962 momenta,
2542 909 2671 965 qua:
2692 893 2747 948 id
2763 894 2832 947 de
2853 893 3192 966 Carthagine
3214 893 3657 965 intelligendum
3683 911 3915 967 persua-

2208 980 2401 1041 deant,
2449 984 2513 1035 ut
2573 980 2811 1036 inferius
2858 982 3241 1037 ostendemus.
3280 983 3530 1054 Tempus
3576 989 3749 1051 certe,
3792 999 3913 1054 quo

2208 1069 2638 1140 grammaticam
2663 1069 2919 1137 docebat,
2949 1086 3066 1125 non
3092 1071 3328 1125 obscure
3343 1070 3578 1139 indicat,
3602 1072 3738 1127 dum
3771 1072 3916 1126 scri—

2207 1158 2291 1213 bit
2330 1176 2408 1226 se,
2442 1159 2621 1214 instar
2658 1159 3028 1215 adolescentis
3066 1159 3316 1231 prodigi,
3348 1160 3640 1215 exclusum
3672 1160 3852 1216 fuisse
3883 1179 3918 1215 a

2208 1247 2431 1319 siliquis
2465 1263 2792 1319 porcorum,
2837 1264 2980 1320 quos
3028 1252 3098 1303 de
3135 1248 3359 1320 siliquis
3412 1249 3680 1321 pascebat
3736 1247 3911 1318 (Ibid.
4017 1271 4020 1295 ι

2208 1336 2303 1391 lib.
2330 1338 2382 1404 3,
2414 1352 2535 1406 cap.
2568 1339 2622 1400 6,
2652 1352 2710 1393 n.
2740 1339 2850 1408 11).
2887 1337 2993 1392 Ubi
3021 1353 3153 1392 mox
3190 1337 3262 1393 de
3304 1338 3811 1409 grammaticorum
3855 1342 3915 1392 et

2205 1428 2504 1495 poetarum
2540 1425 2744 1480 fabulis
2782 1426 3064 1496 loquitur:
3106 1442 3249 1498 quas
3293 1426 3464 1481 etiam
3518 1426 3906 1498 Hieronymus

2204 1529 2509 1585 porcorum
2539 1530 2641 1569 seu
2676 1515 3008 1570 daemonum
3036 1515 3227 1572 cibum
3264 1513 3563 1587 'nuncupat
3593 1516 3798 1586 (Epist.
3838 1516 3917 1570 ad

2206 1605 2361 1658 Dum.
2393 1603 2460 1657 de
2486 1605 2622 1658 Filio
2663 1604 2938 1674 prodigo).
2976 1604 3185 1659 Eodem
3221 1604 3491 1676 pertinet,
3521 1603 3632 1659 nisi
3671 1621 3774 1658 nos
3805 1604 3914 1659 fal-

2204 1691 2401 1758 limur,
2449 1692 2601 1763 quod
2640 1691 2762 1763 ipse
2807 1692 3161 1763 Augustinus
3202 1692 3383 1748 dicit:
3423 1693 3821 1750 Seducebamur
3860 1700 3912 1747 et

2204 1781 2605 1849 seducebumus,
2624 1783 2762 1849 falsi
2774 1786 2937 1852 atque
2954 1783 3204 1850 fallentes
3220 1785 3280 1837 in
3294 1784 3467 1837 variis
3479 1782 3878 1853 cupiditatibus
3892 1799 3907 1848 ;

2204 1874 2254 1924 et
2272 1870 2456 1939 palam
2467 1885 2569 1940 per
2589 1870 2886 1939 doctrinas,
2917 1886 3053 1940 quas
3074 1870 3321 1927 liberales
3346 1876 3557 1939 vocant,
3590 1873 3792 1926 occulte
3810 1888 3908 1926 au—
4016 1868 4020 1883 '

2205 1962 2309 2013 tem
2326 1960 2470 2026 falso
2489 1961 2700 2015 nomine
2718 1961 3126 2029 religionis.Hic
3145 1961 3386 2031 superbi,
3410 1961 3492 2015 ibi
3506 1962 3900 2031 superstitiosi,

2204 2048 2400 2116 ubique
2426 2051 2576 2103 vani.
2610 2051 2725 2104 Hac
2739 2050 3029 2119 popularis
3057 2050 3245 2117 gloria
3274 2054 3536 2105 sectantes
3563 2051 3914 2115 inanitatem,

2201 2150 2371 2203 usque
2397 2136 2472 2190 ad
2498 2138 2787 2193 theatricos
2820 2139 3069 2208 plausus,
3107 2142 3158 2193 et
3186 2141 3514 2194 contentiosa
3550 2140 3821 2204 carmina,
3855 2142 3910 2193 et

2202 2240 2425 2293 agonem
2469 2241 2787 2281 coronarum
2823 2229 3126 2297 fenearum,
3153 2232 3204 2282 et
3247 2229 3673 2298 spectaculorum
3703 2242 3909 2295 nugas,

2202 2316 2253 2366 et
2282 2315 2751 2384 intemperantiam
2780 2315 3109 2371 libidinum:
3151 2317 3280 2371 illac
3322 2322 3502 2371 autem
3545 2318 3782 2387 purgari
3806 2332 3906 2372 nos

2203 2401 2270 2455 ab
2302 2404 2421 2457 istis
2462 2403 2713 2458 sordibus
2755 2409 3057 2474 expetentes
3086 2421 3203 2460 cum
3245 2407 3321 2461 eis
3361 2408 3458 2476 qui
3494 2407 3910 2476 appellarentur

2202 2491 2373 2544 Electi
2399 2495 2449 2545 et
2473 2492 2678 2557 Sancti,
2711 2492 3027 2561 aﬂ'erremus
3055 2509 3220 2563 escas,
3253 2494 3319 2548 de
3339 2495 3534 2563 quibus
3557 2494 3712 2549 nobis
3732 2496 3792 2548 in
3823 2496 3907 2561 of-
4017 2482 4020 2489 ’

2200 2580 2363 2647 ﬁcina
2386 2581 2689 2649 aqualiculi
2706 2583 2795 2636 sui
2818 2582 3157 2648 fabricarent
3177 2584 3393 2651 angelos
3412 2588 3464 2638 et
3483 2584 3625 2651 deos,
3646 2599 3743 2653 per
3762 2598 3905 2653 quos

2203 2666 2589 2736 liberaremur;
2612 2674 2663 2723 et
2688 2670 2935 2724 sectabar
2952 2673 3061 2726 ista
3083 2676 3245 2741 atque
3263 2672 3533 2739 faciebam
3561 2687 3679 2726 cum
3706 2674 3903 2726 amicis

2200 2753 2355 2821 meis,
2380 2768 2581 2822 perme
2610 2769 2673 2808 ac
2696 2769 2899 2809 mecum
2919 2754 3151 2825 deceptis
3183 2755 3428 2826 (Con/es.
3466 2757 3559 2811 lib.
3592 2758 3648 2826 4,
3680 2771 3804 2826 cap.
3846 2760 3901 2822 1,

2200 2856 2256 2895 n.
2298 2842 2371 2911 l).
2406 2842 2551 2895 Dum
2580 2843 2832 2913 Tagasta:
2867 2842 3116 2911 doceret,
3167 2843 3485 2899 auditorem
3526 2843 3729 2899 habuit
3765 2845 3915 2915 Aly-

2200 2930 2385 3001 pium,
2414 2932 2705 3001 prasclaraa
2724 2930 2934 2986 indolis
2963 2936 3019 2986 et
3043 2931 3276 3003 optimae
3300 2932 3422 3004 spei
3445 2933 3905 3000 adolescentem,

2202 3034 2267 3073 ex
2311 3018 2653 3089 primatibus
2709 3021 2962 3091 Tagastae
3027 3020 3472 3092 municipalibus
3522 3020 3837 3076 oriundum
3888 3037 3904 3075 :

2202 3122 2376 3178 quem
2404 3111 2466 3163 ut
2494 3108 2615 3179 ipse
2641 3108 2853 3163 eximia
2879 3109 3154 3164 charitate
3190 3109 3696 3181 complectebatur,
3728 3110 3803 3165 ob
3835 3126 3907 3164 ea

2201 3196 2478 3251 virtutum
2497 3196 2831 3266 specimina,
2859 3214 2989 3269 quae
3004 3198 3129 3268 jam
3148 3198 3347 3266 tumin
3376 3214 3442 3252 eo
3459 3199 3791 3265 elucebant;
3817 3198 3899 3253 sic

2201 3284 2272 3338 ab
2301 3283 2398 3338 illo
2422 3284 2669 3339 vicissim
2693 3285 2943 3339 multum
2968 3285 3238 3340 dilectum
3263 3301 3321 3340 se
3350 3285 3508 3354 dicit,
3540 3302 3607 3341 eo
3628 3288 3782 3358 quod
3812 3283 3898 3342 illi

2202 3372 2390 3428 bonus
2426 3378 2484 3428 et
2512 3373 2709 3429 doctus
2735 3374 3041 3429 videretur.

2271 3466 2322 3519 2.
2353 3464 2573 3519 Mortuo
2602 3479 2706 3534 per
2745 3462 2807 3519 id
2835 3468 3063 3535 tempus
3092 3463 3295 3528 amico,
3328 3463 3490 3535 cujus
3522 3480 3733 3520 nomen
3763 3465 3905 3521 reti-

2202 3556 2309 3613 cet,
2353 3554 2522 3623 longe
2551 3552 2902 3619 charissimo,
2936 3554 3177 3624 Tagasta
3200 3552 3448 3624 migrare
3495 3553 3901 3625 Carthaginem

2204 3641 2401 3697 dolore
2430 3641 2791 3712 opprimente
2820 3642 3149 3712 compulsus
3165 3646 3268 3696 est.
3301 3643 3365 3696 In
3393 3642 3527 3712 illis,
3551 3642 3761 3713 inquit,
3805 3659 3912 3698 an-

2201 3733 2309 3799 nis,
2351 3746 2455 3801 quo
2478 3733 2718 3800 primum
2755 3735 2987 3800 tempore
3018 3733 3076 3784 in
3104 3732 3400 3800 municipio
3428 3746 3532 3801 quo
3563 3736 3725 3785 nutus
3752 3746 3904 3802 sum,

2199 3820 2385 3875 docere
2411 3835 2692 3890 caeperum,
2734 3835 3173 3889 compuruveram
3216 3821 3470 3887 amicum,
3496 3822 3748 3875 societate
3783 3826 3911 3876 stu-

2200 3908 2415 3963 diorum
2440 3909 2604 3962 nimis
2628 3908 2870 3976 charum,
2891 3923 3127 3963 coaavnm
3154 3909 3293 3962 mihi
3320 3912 3371 3963 et
3390 3912 3757 3977 con/terentem
3768 3910 3906 3976 ﬂore

2201 3997 2584 4053 adolescentia.
2619 3999 2823 4053 Mecum
2849 4013 2985 4067 puer
3022 4001 3283 4066 creverat,
3327 4002 3377 4052 et
3403 4001 3617 4068 pariter
3656 4000 3717 4052 in
3754 3998 3914 4053 scho-

2202 4088 2312 4143 lam
2338 4089 2592 4154 ieramus,
2633 4088 2952 4156 pariterque
2979 4087 3297 4142 luseramus.
3352 4086 3459 4142 Sed
3498 4085 3737 4141 nondum
3782 4094 3906 4143 erat

2201 4178 2279 4231 sic
2324 4178 2547 4243 amicus,
2587 4191 2901 4245 quanquam
2928 4191 2994 4230 ne
3040 4179 3166 4230 tunc
3197 4175 3434 4245 quidem,
3466 4177 3631 4231 sicuti
3667 4180 3747 4230 est
3772 4191 3906 4230 veru

2202 4265 2481 4330 amicitia;
2510 4266 2641 4331 quia
2667 4278 2774 4317 non
2797 4268 2875 4317 est
2901 4278 3051 4330 vera,
3080 4265 3193 4317 nisi
3217 4279 3337 4318 cum
3362 4280 3478 4318 eam
3507 4269 3564 4318 tu
3585 4265 3906 4332 agglutinus

2202 4355 2344 4406 inter
2362 4353 2677 4407 inhaerentes
2698 4352 2798 4406 tibi
2816 4353 3084 4407 charitute
3108 4352 3317 4421 diﬁ’usu
3337 4354 3396 4406 in
3421 4346 3673 4407 cerdibus
3698 4356 3905 4409 nostris
4016 4428 4020 4435 Ι

2196 4457 2299 4511 per
2330 4441 2599 4510 Spiritum
2625 4444 2892 4507 sanctum,
2925 4442 3022 4509 qui
3067 4440 3230 4495 datus
3258 4445 3337 4495 est
3373 4440 3545 4496 nobis.
3590 4440 3697 4498 Sed
3722 4446 3903 4497 tamen

2203 4529 2377 4583 dulcis
2406 4532 2523 4583 erat
2549 4529 2733 4595 nimis,
2784 4533 2967 4583 coacta
3009 4530 3224 4597 fervore
3267 4531 3532 4599 parilium
3570 4530 3907 4586 studiorum.

2205 4620 2343 4675 Num
2367 4622 2418 4672 et
2432 4633 2467 4672 a
2487 4617 2593 4687 ﬁde
2616 4632 2761 4684 veru,
2792 4632 2956 4686 quam
2977 4634 3084 4673 non
3103 4620 3436 4688 germanitas
3463 4622 3513 4671 et
3533 4621 3755 4687 penitus
3776 4620 3905 4675 ado-

2204 4708 2398 4761 lescens
2418 4707 2646 4771 tenebat,
2678 4706 3002 4775 deﬂeaceram
3030 4723 3125 4777 ego
3139 4722 3259 4762 eum
3288 4709 3348 4760 in
3375 4708 3786 4775 superstitiosus
3817 4712 3906 4777 fa-

2205 4796 2369 4850 bellas
2397 4802 2446 4851 et
2468 4798 2823 4865 perniciosas,
2847 4801 3073 4867 propter
3099 4812 3235 4865 quas
3263 4795 3557 4864 plangebat
3583 4812 3667 4850 me
3694 4803 3897 4855 mater.

2202 4886 2405 4939 Mecum
2426 4886 2544 4954 jam
2580 4885 2799 4940 errabat
2826 4888 2886 4940 in
2923 4887 3104 4940 animo
3135 4886 3285 4939 homo
3323 4885 3432 4951 ille,
3477 4889 3529 4940 et
3561 4900 3668 4940 non
3690 4890 3908 4955 poterat

2202 4976 2389 5029 anima
2416 4990 2534 5028 mea
2552 4976 2669 5029 sine
2694 4976 2807 5029 illo.
2833 4976 2905 5029 Et
2932 4972 3044 5028 ecce
3070 4978 3127 5027 tu
3147 4975 3429 5028 imminens
3460 4973 3617 5028 dorso
3637 4975 3907 5041 fugitivo-
4016 5028 4020 5048 l

2201 5080 2324 5119 rum
2354 5068 2586 5131 tuorum,
2618 5066 2757 5118 Deus
2784 5063 3051 5117 ultionum
3078 5066 3129 5116 et
3152 5064 3277 5129 fons
3305 5062 3809 5117 misericordiurum
3836 5066 3908 5119 si-

2203 5154 2334 5220 mul,
2363 5155 2460 5223 qui
2479 5154 2743 5207 convertis
2770 5166 2865 5206 nos
2895 5151 2970 5206 ad
2988 5156 3038 5206 te
3064 5153 3220 5206 miris
3236 5151 3459 5219 modis;
3494 5167 3607 5207 ecce
3629 5150 3911 5208 abstulisti

2204 5243 2468 5297 hominem
2496 5242 2562 5296 de
2582 5242 2681 5297 hac
2708 5243 2844 5308 vita,
2867 5256 2987 5296 cum
3012 5242 3109 5294 vis:
3129 5240 3450 5311 explevisset
3474 5255 3677 5294 annum
3692 5242 3750 5294 in
3771 5244 3910 5296 ami-

2202 5334 2335 5386 cilia
2360 5346 2497 5398 mea,
2521 5332 2681 5385 suavi
2708 5331 2849 5384 mihi
2877 5344 3040 5399 super
3065 5344 3243 5384 omnes
3273 5332 3571 5385 suavitates
3598 5330 3750 5384 illius
3779 5334 3908 5386 vitae

2201 5436 2346 5476 meae.
2380 5421 2513 5486 Quis
2534 5419 2721 5475 laudes
2742 5424 2866 5474 tuus
2890 5424 3166 5474 enumerat
3193 5435 3335 5475 unus
3363 5422 3423 5474 in
3440 5435 3495 5474 se
3516 5434 3623 5474 uno
3652 5434 3792 5488 quas
3815 5435 3907 5475 ea:-

2198 5514 2385 5581 pertus
2413 5512 2541 5565 est?
2569 5509 2712 5577 Quid
2739 5514 2864 5564 tunc
2893 5510 3094 5577 fecisti,
3128 5512 3264 5564 Deus
3294 5525 3460 5573 meus,
3494 5514 3545 5565 et
3568 5524 3733 5580 quam
3757 5511 3902 5564 inve.

2200 5599 2473 5667 stigabilis
2491 5599 2719 5669 abyssus
2728 5598 3067 5670 judiciorum
3083 5597 3337 5654 tuorum?
3356 5599 3487 5654 Cum
3517 5600 3655 5652 enim
3685 5598 3902 5654 laboru-
