4020 6362
121 337 178 387 8t
948 353 959 361 ‘
1600 345 1808 402 LIBER
1862 347 2145 403 PRIML'S.
3555 357 3624 409 82

122 463 204 513 ret
226 460 320 513 ille
332 458 597 528 febribus,
617 461 795 531 jacuit
816 461 913 516 diu
933 463 1049 516 sine
1063 477 1221 517 sensu
1242 466 1300 518 in
1318 465 1512 520 sudore
1531 467 1736 522 lethali.
1755 471 1826 524 Et

121 561 245 601 cum
263 547 662 618 desperaretur,
686 550 996 619 baptizatus
1015 554 1566 623 estnesciens,menon
1580 562 1823 626 curante,

122 640 173 688 et
192 642 549 705 praesumente
568 637 629 692 id
646 640 876 694 retinere
886 641 1070 708 potius
1089 643 1327 696 animam
1348 643 1485 711 ejus,
1508 645 1655 715 quod
1684 662 1718 698 a
1742 662 1824 700 me

122 730 427 795 acceperat,
456 740 561 780 non
599 726 749 796 quod
783 728 842 781 in
869 729 1152 783 nescientis
1187 744 1404 799 corpore
1430 729 1613 801 ﬁebat.
1646 734 1824 802 Longe

116 817 302 868 autem
314 815 476 869 aliter
483 819 753 876 eratmam
764 820 1032 871 recreatus
1044 821 1140 885 est,
1148 823 1198 872 et
1207 819 1321 872 salu
1328 834 1390 872 us
1398 820 1824 886 factus.Statim-

115 917 222 970 que
239 907 305 957 ut
312 904 556 973 primum
575 919 696 958 cum
714 919 772 959 eo
790 904 940 973 loqui
950 908 1112 975 potui
1122 908 1150 976 (
1150 909 1306 976 potui
1321 912 1499 962 autem
1513 924 1639 964 mos:
1659 916 1718 964 ut
1732 911 1823 964 ille

111 993 319 1060 potuit,
335 991 552 1061 quando
564 1008 670 1047 non
680 993 1038 1059 discedebam,
1052 999 1103 1049 et
1116 997 1280 1050 nimis
1284 996 1648 1066 pendebamus
1660 1014 1726 1052 em
1744 1002 1822 1051 in-

118 1080 330 1149 vicem),
346 1083 554 1135 tentavi
563 1081 715 1150 apud
726 1082 876 1136 illum
892 1083 1140 1149 irridere,
1155 1087 1416 1159 tanquam
1428 1090 1477 1139 et
1488 1086 1578 1140 illo
1589 1088 1820 1142 irrisuro

115 1183 324 1222 mecum
342 1171 704 1238 Baptismum,
727 1186 883 1240 quem
902 1177 1179 1241 acceperat
1193 1177 1365 1228 mente
1382 1179 1544 1244 atque
1556 1189 1712 1230 sensu
1734 1176 1821 1229 ab-

112 1260 471 1321 sentissimus,
494 1259 593 1313 sed
613 1264 790 1314 tamen
804 1261 927 1330 jam
946 1276 1001 1316 se
1020 1264 1285 1332 accepisse
1314 1263 1602 1319 didicerat.
1632 1265 1710 1320 At
1729 1266 1820 1319 ille

112 1346 197 1400 ita
227 1362 309 1401 me
336 1349 620 1402 exhorruit
653 1353 715 1403 ut
752 1350 1051 1418 inimicum,
1083 1351 1470 1421 admonuitque
1495 1353 1739 1408 mirabili
1766 1360 1820 1410 et

109 1437 400 1504 repentina
420 1436 690 1505 libertate,
716 1440 776 1491 ut
804 1439 856 1491 si
877 1439 1082 1492 amicus
1107 1453 1217 1493 esse
1236 1440 1441 1509 velltm,
1465 1442 1601 1495 talia
1616 1442 1722 1496 sibi
1741 1442 1819 1495 di-

112 1539 235 1577 cere
260 1524 575 1580 desinerem.
615 1527 729 1593 Ego
766 1530 953 1581 autem
978 1529 1315 1596 stupefactus
1348 1533 1511 1598 atque
1543 1530 1810 1597 turbatus,

110 1612 312 1666 distuli
332 1628 510 1667 omnes
530 1617 704 1668 motus
723 1628 883 1677 meos,
907 1619 967 1669 ut
987 1616 1368 1670 convalesceret
1378 1619 1559 1686 prius,
1579 1623 1816 1687 essetque

108 1700 337 1755 idoneus
367 1701 579 1755 viribus
605 1702 956 1768 valetudinis,
987 1718 1105 1757 cum
1135 1719 1238 1772 quo
1268 1720 1425 1773 agere
1438 1721 1650 1775 possem
1671 1707 1815 1776 quod

110 1790 317 1844 vellem.
355 1790 460 1845 Sed
488 1791 578 1844 ille
605 1790 860 1860 abreptus
891 1791 1169 1847 dementiae
1197 1808 1343 1858 meae,
1374 1797 1436 1847 ut
1465 1795 1616 1863 apud
1642 1799 1690 1848 te
1710 1812 1814 1849 scr-

108 1883 334 1933 varetur
369 1879 722 1934 consolationi
756 1895 901 1945 meae,
940 1884 1063 1949 post
1091 1896 1295 1950 paucos
1334 1882 1448 1937 dies
1481 1898 1562 1937 me
1599 1884 1814 1938 absente

103 1967 373 2036 repetitur
400 1966 663 2033 febribus,
695 1971 745 2021 et
770 1967 1109 2035 defungitur.
1143 1969 1255 2035 Quo
1275 1969 1455 2024 dolore
1475 1972 1813 2043 contenebra-

105 2060 226 2110 tum
252 2059 332 2110 est
370 2070 461 2109 cor
494 2070 689 2122 meum,
726 2060 777 2109 et
819 2056 1094 2125 quidquid
1120 2058 1468 2127 aspiciebam,
1500 2075 1642 2115 mors
1671 2066 1809 2116 erat.

105 2146 180 2198 Et
206 2148 326 2198 erat
354 2144 493 2197 mihi
514 2146 707 2214 patria
731 2146 1081 2215 supplicium,
1111 2150 1162 2199 et
1190 2151 1420 2215 paterna
1450 2146 1638 2202 domus
1666 2150 1811 2202 mira

102 2233 437 2299 infelicitas;
498 2238 550 2287 et
615 2233 890 2303 quidquid
943 2250 1062 2288 cum
1120 2235 1214 2289 illo
1269 2238 1807 2303 communicaveram,

100 2323 225 2375 sine
266 2321 359 2375 illo
408 2323 468 2375 in
516 2323 817 2376 cruciatum
858 2324 1143 2377 immanem
1196 2328 1448 2379 verterat.
1502 2324 1655 2380 Solus
1710 2328 1809 2393 ﬂe-

103 2414 196 2463 tus
224 2413 344 2463 erat
372 2409 547 2464 dulcis
579 2410 718 2463 mihi
744 2414 795 2464 et
823 2414 1149 2465 successerat
1176 2412 1347 2465 amico
1375 2426 1488 2466 meo
1514 2413 1573 2465 in
1601 2412 1809 2466 deliciis

100 2498 284 2551 animi
321 2498 428 2551 mei
473 2496 744 2566 (Con/ess.
791 2497 886 2551 lib.
936 2498 991 2566 4,
1036 2513 1092 2552 n.
1138 2498 1283 2564 7-9).
1329 2498 1595 2554 Pluribus
1624 2499 1809 2554 adhuc

98 2585 540 2642 acerbissimum
570 2586 846 2653 dolorem,
877 2603 990 2659 quo
1018 2592 1143 2642 tum
1169 2588 1464 2658 perculsus
1484 2593 1588 2658 est,
1609 2606 1805 2660 prose-

96 2676 321 2748 quitur.
354 2676 522 2730 Illum
553 2674 827 2731 divinitus
854 2676 1044 2731 curari
1071 2692 1237 2747 posse
1267 2692 1385 2731 non
1410 2682 1533 2731 erat
1553 2678 1805 2745 nescius;

97 2766 204 2821 sed
238 2780 424 2836 neque
452 2764 738 2831 voluntas,
771 2780 958 2835 neque
988 2764 1226 2820 facultas
1266 2765 1393 2837 opis
1428 2766 1806 2840 imploranda:

97 2854 321 2919 aderat,
354 2852 489 2924 quia
519 2854 665 2907 Deus
692 2852 886 2907 animo
915 2852 1116 2923 ipsius,
1145 2869 1277 2908 cum
1304 2854 1376 2909 de
1404 2870 1472 2908 eo
1501 2855 1803 2926 cogitabat,

96 2959 223 2997 non
253 2947 373 2997 erat
396 2940 613 3012 aliquid
641 2941 887 2996 solidum
914 2947 969 2996 et
997 2942 1253 3009 ﬁrmum,
1276 2942 1375 2997 sed
1402 2956 1609 2997 vanum
1632 2942 1807 3011 phan-

95 3030 484 3103 tasma(Ibid.,
507 3031 599 3085 lib.
619 3031 672 3098 4,
694 3046 814 3101 cap.
832 3035 959 3096 ‘7,n.
988 3032 1091 3099 t2).
1113 3029 1333 3085 Nimius
1349 3030 1581 3085 tandem
1596 3046 1806 3085 maeror

98 3136 243 3176 eum
271 3124 497 3175 mutare
527 3120 733 3184 solum,
768 3123 824 3174 et
853 3119 1254 3189 Carthaginem
1283 3119 1471 3184 redire
1500 3120 1799 3191 compulit.

93 3210 245 3277 Fugi
271 3208 337 3263 de
357 3210 566 3278 patria,
596 3206 801 3279 inquit.
836 3210 1017 3264 Minus
1037 3210 1178 3262 enim
1196 3224 1314 3263 eum
1336 3208 1644 3279 quaerebant
1666 3211 1807 3264 oculi

94 3299 231 3360 mei,
263 3297 359 3351 ubi
385 3296 568 3351 videre
594 3312 701 3351 non
727 3297 985 3365 solebant,
1014 3300 1176 3365 atque
1202 3312 1238 3350 a
1270 3299 1588 3366 Tagastensi
1605 3298 1804 3368 oppido

96 3388 230 3441 veni
264 3385 658 3454 Carthaginem
696 3383 889 3455 (Ibid.)
922 3401 935 3441 :
975 3384 1075 3439 ubi
1121 3388 1348 3456 tempus
1387 3389 1443 3439 et
1487 3384 1805 3441 amicorum

95 3472 454 3528 consuetudo
485 3472 742 3527 dolorem
772 3472 952 3544 ipsius
989 3471 1201 3527 sensim
1240 3472 1578 3543 mitigarunt
1615 3472 1799 3544 (Ibid.,

93 3576 225 3632 cap.
260 3563 316 3628 8,
340 3577 396 3615 η.
436 3560 539 3631 13).

174 3653 232 3706 3.
269 3651 381 3704 Nec
415 3666 549 3705 vero
578 3648 730 3704 solus
760 3649 830 3705 de
866 3649 1037 3705 amici
1065 3654 1249 3706 morte
1279 3649 1443 3705 dolor
1468 3666 1600 3705 eum
1624 3652 1801 3722 Taga-

96 3743 191 3794 sta
220 3737 409 3808 coegit
436 3737 706 3793 excedere
739 3754 753 3793 :
796 3738 993 3793 scribit
1022 3738 1176 3793 enim
1208 3738 1367 3803 alibi,
1396 3755 1454 3793 se
1481 3739 1805 3794 illustrioris

94 3826 475 3899 professionis
495 3825 682 3896 gratia
701 3826 1101 3898 Carthaginem
1124 3842 1404 3881 remeasse
1427 3828 1641 3897 (Contra
1660 3828 1803 3882 Aca-

93 3917 357 3979 demicos,
390 3915 484 3969 lib.
516 3918 571 3984 2,
601 3929 639 3968 n
692 3915 777 3983 3);
809 3914 922 3968 sive
950 3915 1104 3984 quod
1133 3915 1397 3969 oratoriae
1436 3914 1571 3968 artis
1599 3914 1683 3969 ibi
1710 3916 1807 3969 do-

95 4003 304 4058 cendae
336 4002 525 4057 studio
565 4001 834 4056 incitatus
869 4002 962 4069 sit,
998 4019 1129 4057 cum
1167 4006 1336 4058 antea
1372 4002 1806 4074 grammaticam

91 4094 362 4164 Tagastae
391 4089 669 4157 traderet;
702 4089 818 4143 sive
859 4091 1013 4162 quod
1055 4091 1310 4161 ejusdem
1358 4091 1495 4145 artis
1531 4091 1806 4169 professio

94 4178 454 4250 Carthagine
474 4178 617 4232 urbe
636 4178 931 4249 primaria,
954 4196 1129 4251 quam
1149 4181 1402 4251 Tagastae.
1424 4180 1664 4235 obscuro
1686 4197 1808 4235 mu-

94 4267 341 4339 nicipio,
375 4267 522 4322 foret
543 4267 898 4323 honoratior.
932 4267 1067 4323 Initi
1091 4284 1125 4322 a
1154 4285 1212 4323 se
1234 4268 1474 4336 consilii,
1497 4274 1808 4340 conceptae-

95 4372 220 4429 que
260 4355 381 4427 spei
415 4371 597 4410 unum
633 4371 697 4409 ac
737 4356 918 4411 solum
963 4357 1383 4412 Romanianum
1422 4357 1712 4413 conscium
1752 4363 1809 4412 et

96 4444 451 4516 participem
479 4444 641 4511 fecit;
674 4444 776 4517 qui
806 4445 1040 4517 quidem
1070 4447 1460 4509 Romanianus
1489 4465 1682 4504 amore
1707 4466 1806 4520 pa-

96 4533 233 4589 triae
280 4532 481 4588 ductus
526 4532 588 4587 in
633 4549 749 4605 qua
789 4538 926 4589 tunc
966 4535 1202 4590 docebat
1236 4536 1611 4608 Augustinus,
1642 4536 1808 4592 illum

96 4620 298 4689 primo
323 4619 393 4675 ab
419 4620 526 4675 hac
554 4620 838 4676 sententia
867 4620 1154 4678 dimovere
1178 4629 1416 4680 conatus
1443 4629 1556 4691 est;
1591 4626 1688 4680 sed
1713 4625 1808 4680 ubi

100 4708 372 4764 evincere
398 4708 774 4763 adolescentis
803 4709 1171 4781 cupiditatem
1197 4713 1268 4768 ad
1298 4729 1365 4767 ea
1397 4730 1524 4785 quae
1543 4713 1811 4768 videban-

101 4803 207 4852 tur
235 4795 479 4851 meliora
507 4796 819 4865 tendentis,
851 4798 1129 4870 nequivit,
1159 4816 1224 4855 ex
1250 4801 1610 4857 dehortatore
1627 4803 1686 4857 in
1708 4802 1807 4858 ad-

97 4886 364 4957 jutorem
408 4883 551 4937 mira
592 4884 1007 4941 benevolentia!
1056 4887 1451 4943 moderatione
1482 4906 1808 4954 conversus,

104 4975 500 5027 commeatum
532 4970 613 5026 illi
641 4973 1026 5029 necessarium
1056 4976 1464 5047 suppeditavit;
1497 4982 1553 5033 et
1573 4978 1672 5050 qui
1700 4978 1809 5034 ibi-

105 5064 243 5117 dem
273 5060 559 5115 cunabula
585 5065 642 5115 et
665 5062 828 5133 quasi
857 5062 1059 5118 nidum
1088 5064 1403 5120 studiorum
1427 5066 1550 5137 ejus
1572 5067 1806 5133 foverat,

6 5175 17 5186 -
99 5151 227 5222 jam
259 5148 451 5204 volare
481 5150 742 5204 audentis
771 5152 1108 5208 sustentavit
1129 5152 1453 5211 rudimenta
1482 5155 1677 5226 (Ibid).
1714 5156 1814 5211 Ve-

109 5238 203 5293 nit
236 5236 430 5308 itaque
471 5238 877 5309 Carthaginem
920 5240 1267 5297 rhetoricam
1304 5241 1421 5298 illic
1455 5243 1813 5314 professarus

108 5325 434 5398 (Possidius,
467 5328 527 5381 in
562 5328 689 5382 Vita
726 5328 986 5397 August,
1036 5346 1081 5384 c.
1136 5331 1210 5401 l);
1263 5335 1320 5386 et
1366 5335 1547 5388 artem
1592 5332 1811 5389 animo-

114 5431 245 5470 rum
276 5415 565 5470 victricem
594 5414 772 5470 victus
802 5415 924 5488 ipse
952 5420 1237 5475 commodi
1265 5423 1322 5474 et
1340 5421 1572 5475 honoris
1591 5421 1816 5493 cupidi-

113 5509 232 5559 tate
262 5504 549 5560 vendebat
580 5505 837 5573 (Confess.
872 5506 967 5560 lib.
988 5508 1041 5575 4,
1068 5523 1189 5578 cap.
1213 5511 1265 5575 2,
1284 5524 1339 5563 n.
1364 5509 1437 5580 2).
1464 5510 1621 5565 Haud
1642 5510 1719 5564 ita
1739 5514 1817 5565 ta-

122 5608 256 5647 men
287 5596 511 5664 quaestu
542 5596 599 5647 et
626 5594 787 5648 lucro
813 5593 1149 5664 ducebatur,
1179 5596 1317 5667 quin
1348 5612 1469 5669 prae.
1498 5597 1603 5651 hoc
1622 5598 1819 5653 mallet

1932 468 2115 526 bonos
2152 471 2363 527 habere
2401 472 2727 544 discipulos,
2763 478 2828 528 ut
2866 474 3035 544 vulgo
3071 474 3410 546 appelantur
3436 474 3574 531 boni
3607 493 3621 530 :

1931 574 2059 614 cum
2078 565 2410 615 consuetam
2429 562 2894 617 scholasticorum
2912 563 3441 635 Carthaginensium
3456 564 3626 618 licen-

1931 647 2069 702 tiam
2088 649 2238 704 ferre
2259 666 2375 705 non
2397 656 2587 721 posset
2615 651 2804 721 (Ibid,
2837 652 2932 707 lib.
2966 655 3018 718 5,
3051 668 3172 722 cap.
3204 655 3255 720 8,
3279 669 3333 707 n.
3362 652 3468 722 14).
3493 653 3624 707 Illos

1931 738 2066 793 artis
2095 739 2392 795 rhetoricae
2432 740 2589 796 dolos
2630 740 2752 794 sine
2793 742 2922 796 dolo
2967 741 3220 808 docebat,
3262 756 3379 796 non
3416 741 3625 812 quibus

1928 828 2291 884 innocentem
2313 829 2372 883 in
2393 829 2593 899 capitis
2609 829 2912 885 discrimen
2927 830 3289 897 adducerent,
3305 831 3403 885 sed
3416 831 3624 902 quibus

1930 916 2238 988 aliquando
2278 926 2578 972 nocentem
2610 934 2640 973 e
2672 918 3024 989 judiciorum
3058 917 3276 989 laqueis
3312 918 3623 974 eximerent

1930 1004 2111 1074 (Ibid.,
2145 1006 2241 1059 lib.
2269 1008 2323 1072 4,
2355 1022 2475 1076 cap.
2512 1010 2567 1073 2,
2602 1022 2658 1061 n.
2698 1006 2771 1075 2).
2815 1006 2905 1062 Sic
2942 1008 3080 1062 dum
3118 1006 3179 1061 in
3209 1006 3424 1062 lubrico
3452 1007 3620 1062 vacil-

1927 1094 2071 1148 laret
2098 1095 2473 1164 Augustinus,
2504 1094 2683 1166 ipsius
2709 1096 2871 1164 ﬁdes,
2892 1112 3064 1167 quam
3089 1096 3147 1150 in
3171 1096 3271 1150 illo
3292 1096 3620 1167 magisterio

1927 1182 2249 1251 exhibebat,
2276 1184 2433 1238 velut
2463 1183 2523 1237 in
2554 1183 2890 1239 densissimo
2921 1184 3079 1239 fumo
3118 1184 3461 1239 scintillabat
3510 1186 3620 1241 Na-

1927 1273 2050 1322 ctus
2093 1285 2265 1340 porro
2314 1274 2399 1324 est
2440 1270 2779 1341 Carthagine
2822 1270 3042 1325 nobiles
3088 1270 3374 1325 auditores
3422 1272 3623 1327 Roma-

1925 1357 2085 1412 niani
2116 1358 2436 1413 Maecenatis
2466 1358 2555 1412 sui
2584 1358 2733 1414 ﬁlios
2761 1359 2819 1413 in
2847 1359 3067 1430 primis,
3093 1358 3408 1415 Licentium
3433 1360 3622 1415 videli-

1924 1450 2032 1513 cet,
2064 1451 2237 1518 atque
2277 1448 2399 1519 ejus
2429 1449 2662 1502 fratrem
2702 1452 2861 1514 natu,
2898 1448 2983 1502 uti
3018 1447 3264 1518 videtur,
3305 1448 3619 1518 minorem;

1924 1534 2206 1605 siquidem
2234 1534 2282 1589 is
2310 1552 2453 1606 puer
2478 1540 2842 1607 nuncupatur
2857 1537 2928 1591 ab
2948 1537 3264 1608 Augustino
3285 1554 3411 1591 cum
3432 1538 3622 1592 Licen-

1923 1623 2025 1692 tio,
2047 1629 2247 1696 utpote
2267 1625 2441 1695 paulo
2463 1629 2629 1679 aetate
2655 1625 3032 1695 provectiore,
3057 1626 3380 1698 disputante
3404 1626 3623 1695 (Contra

1922 1713 2204 1781 Academ.,
2238 1714 2335 1768 lib.
2366 1715 2421 1780 2,
2448 1729 2541 1767 nn.
2582 1716 2668 1781 16,
2698 1712 2804 1784 19).
2839 1713 3106 1785 Eulogius
3128 1714 3621 1785 quoqueinsignis

1924 1801 2577 1873 rhetorCarthaginensis
2589 1801 2657 1856 ad
2671 1803 2817 1856 hanc
2829 1801 3231 1856 addiscendam
3243 1807 3618 1874 artem,quam

1922 1890 1982 1944 in
2014 1891 2113 1945 illa
2142 1890 2367 1945 civitate
2406 1890 2553 1945 circa
2587 1906 2804 1944 annum
2843 1890 3305 1944 trecentesimum
3340 1891 3621 1962 octogesi-

1922 1995 2084 2033 mum
2117 1984 2340 2033 sextum
2370 1978 2761 2050 proﬁtebatur,
2793 1977 3110 2048 Augustino
3139 1976 3413 2048 magistro
3455 1994 3618 2033 usum

1920 2069 2092 2124 fuisse
2118 2067 2437 2139 reperimus
2468 2069 2559 2136 (De
2587 2067 2729 2122 Cura
2750 2081 2851 2136 pro
2880 2067 3104 2120 mortuis
3133 2066 3385 2135 gerenda,
3420 2082 3473 2121 n.
3511 2070 3612 2132 l3).

1924 2157 2182 2228 Denique
2210 2155 2471 2227 Alypius,
2501 2155 2602 2227 qui
2633 2154 2819 2209 eidem
2847 2154 3073 2209 docenti
3100 2156 3354 2225 Tagastie
3382 2171 3616 2225 operam

1919 2245 2175 2310 dederat,
2195 2244 2532 2315 Carthagine
2551 2259 2782 2315 quoque
2801 2242 2964 2298 illum
2985 2242 3183 2298 audire
3198 2243 3581 2314 perseveravit
3601 2260 3615 2298 :

1919 2332 2149 2389 tametsi
2182 2332 2337 2387 enim
2366 2330 2705 2386 verecundia
2736 2330 2914 2402 patris
2938 2331 3050 2400 sui,
3077 2331 3168 2385 cui
3196 2348 3327 2386 cum
3347 2332 3614 2402 Augusti-

1920 2436 1996 2474 no
2022 2419 2169 2473 forte
2201 2423 2321 2473 erat
2350 2418 2612 2489 quadam
2642 2418 2916 2484 simultas,
2948 2419 3306 2490 aliquantum
3326 2418 3449 2489 ejus
3475 2419 3617 2472 exci-

1917 2508 2148 2578 piendis
2191 2508 2656 2578 praelectionibus
2698 2506 3062 2573 abstinuerit;
3112 2506 3292 2561 nihilo
3332 2506 3513 2561 secius
3556 2506 3615 2561 in

1918 2598 2040 2668 ejus
2064 2596 2411 2651 auditorium
2440 2595 2721 2663 veniebat,
2748 2600 2804 2651 et
2832 2612 2899 2650 eo
2922 2595 3199 2666 tantisper
3225 2594 3420 2650 audito
3440 2594 3615 2649 disce-

1918 2686 2088 2740 debat
2104 2687 2361 2755 (Confess.
2386 2686 2478 2740 lib.
2498 2688 2552 2752 6,
2575 2701 2695 2755 cap.
2717 2690 2771 2753 ‘7,
2793 2701 2887 2740 nn.
2918 2688 3004 2751 11,
3027 2686 3134 2754 12).
3154 2683 3402 2754 Contigit
3421 2689 3612 2738 autem

1918 2770 2242 2841 aliquando,
2270 2775 2335 2824 ut
2352 2769 2703 2840 Augustinus
2721 2770 2781 2825 in
2797 2771 3133 2842 exponenda
3155 2770 3396 2824 lectione
3417 2770 3617 2824 simili-

1916 2858 2177 2914 tudinem
2208 2876 2241 2912 a
2277 2858 2429 2914 ludis
2458 2858 2803 2914 circensibus
2832 2860 3059 2914 ductam
3096 2859 3412 2926 adhiberet,
3449 2875 3611 2913 arre-

1916 2950 2126 3018 ptaque
2158 2947 2474 3015 occasione,
2501 2963 2619 3001 non
2641 2947 2926 3014 consulto,
2948 2947 3082 3002 huic
3103 2946 3366 3002 amentiae
3388 2946 3611 3000 deditos

1916 3035 2168 3090 mordaci
2191 3041 2498 3091 scommate
2530 3036 2905 3090 subsannaret
2933 3052 2947 3090 :
2981 3034 3218 3107 Alypius
3246 3051 3312 3090 ea
3337 3038 3492 3106 peste
3518 3035 3608 3089 in-

1914 3124 2092 3179 fectus
2122 3124 2181 3179 id
2209 3124 2269 3179 in
2298 3140 2358 3179 se
2385 3124 2596 3196 rapuit,
2627 3130 2685 3180 et
2711 3123 2820 3179 sibi
2841 3122 2963 3190 uni,
2992 3123 3142 3195 quod
3164 3123 3518 3194 Augustinus
3539 3123 3611 3178 de
3714 3178 3719 3183 ,

1913 3213 2197 3268 industria
2223 3229 2340 3268 non
2371 3213 2608 3279 dixerat,
2642 3212 2859 3268 dictum
2896 3213 3156 3268 credidit.
3188 3214 3248 3268 Id
3282 3218 3475 3268 tamen
3502 3213 3610 3268 ho-

1914 3307 2108 3358 nestus
2153 3302 2481 3358 adolescens
2528 3319 2643 3358 non
2688 3302 2759 3358 ad
2802 3303 2854 3356 ei
2894 3304 3362 3369 succensendum,
3406 3303 3505 3357 sed
3536 3303 3608 3359 ad

1913 3408 2044 3447 eum
2085 3392 2380 3447 ardentius
2419 3391 2776 3464 diligendum
2815 3393 3051 3464 accepit,
3091 3398 3146 3447 et
3184 3409 3217 3446 a
3259 3392 3407 3447 circo
3447 3392 3606 3447 dein-

1912 3498 2042 3553 ceps
2067 3480 2369 3547 abstinuit;
2402 3496 2467 3535 ac
2490 3481 2721 3535 demum
2750 3496 2784 3535 a
2812 3486 2970 3552 patre
3001 3481 3314 3537 reluctante
3342 3481 3611 3552 impetra-

1913 3570 2012 3637 vit,
2044 3572 2110 3624 ut
2138 3568 2457 3640 Augustino
2485 3569 2760 3641 magistro
2801 3569 2887 3624 uti
2924 3568 3035 3625 sibi
3072 3569 3269 3624 liceret
3300 3587 3312 3624 :
3348 3570 3458 3625 hoc
3486 3571 3607 3625 solo

1912 3658 2127 3724 infelix,
2165 3658 2318 3730 quod
2354 3658 2499 3729 ejus,
2531 3674 2707 3729 quam
2736 3659 3100 3713 ostentabant
3128 3658 3443 3727 Manichaei,
3473 3676 3607 3714 con-

1912 3746 2167 3802 tinentiae
2205 3746 2390 3818 specie
2426 3747 2678 3810 delusus,
2725 3762 2926 3801 eorum
2972 3763 3032 3802 se
3073 3748 3471 3818 superstitione
3508 3763 3610 3819 per

1913 3836 1972 3891 id
1999 3840 2225 3906 tempus
2255 3834 2505 3890 involvit.

2558 3940 2782 3996 CAPUT
2818 3941 2962 3994 VIII.

1918 4052 1969 4102 1.
2001 4046 2343 4115 Augustinus
2372 4062 2537 4117 quam
2565 4047 2716 4113 longe
2740 4046 2992 4101 abhorret
3019 4062 3054 4100 a
3081 4048 3283 4114 magia.
3310 4050 3344 4101 2
3365 4049 3439 4101 De
3457 4047 3611 4101 Albi-

1987 4138 2127 4190 cerio
2156 4135 2328 4190 ariolo
2355 4135 2678 4205 stupendum
2707 4135 2993 4205 quidpiam
3011 4139 3286 4189 memorat.
3313 4138 3343 4190 3
3368 4136 3612 4191 Astrolo-

1985 4227 2090 4295 giz
2110 4224 2429 4295 judiciariae
2448 4225 2574 4295 plus
2602 4227 2768 4280 nimio
2804 4225 3060 4290 tribuens,
3092 4225 3160 4279 ab
3188 4241 3250 4278 ea
3275 4239 3375 4295 per
3409 4224 3610 4279 Vindi-

1986 4316 2205 4369 cianum
2233 4319 2283 4368 et
2310 4314 2631 4372 Nebridium
2661 4316 2881 4368 avocari
2908 4329 3011 4367 non
3041 4317 3235 4383 potest.
3269 4314 3302 4367 4
3333 4313 3610 4367 Firminus

1985 4420 2103 4459 eum
2133 4405 2228 4459 hoc
2252 4419 2431 4458 errore
2465 4405 2702 4458 nesciens
2740 4403 2984 4457 exsolvit.
3025 4405 3055 4456 5
3094 4402 3251 4457 Libri
3285 4401 3350 4456 de
3385 4402 3611 4457 Pulchro

1987 4500 2037 4549 et
2066 4495 2212 4564 Apto
2246 4493 2321 4549 ad
2348 4495 2589 4548 Hierium
2617 4494 2828 4563 scripti.

1994 4624 2038 4674 t.
2082 4617 2283 4675 Priscis
2316 4617 2697 4672 litteratorum
2738 4615 2997 4670 moribus
3034 4619 3328 4686 acceptum
3366 4619 3507 4683 erat,
3549 4618 3615 4670 ut

1918 4708 2211 4781 proposito
2252 4706 2480 4778 publice
2516 4704 2778 4778 prmmio,
2820 4720 3010 4759 coram
3053 4707 3224 4775 atque
3262 4703 3325 4758 in
3369 4703 3611 4771 theatro,

1918 4796 2169 4853 carmine
2206 4797 2584 4863 decertarent,
2615 4794 2916 4849 adiuventa
2944 4791 3338 4848 exercitatione
3367 4792 3439 4847 ad
3469 4792 3611 4847 libe-

1920 4886 2067 4939 rales
2092 4888 2243 4939 artes
2272 4883 2560 4946 fovendas,
2595 4882 2800 4938 alenda
2826 4882 3034 4950 studia,
3067 4898 3131 4949 ac
3158 4882 3428 4953 praeclara
3456 4897 3611 4953 quae-

1919 4992 2032 5048 que
2072 4973 2306 5047 ingenia
2340 4974 2582 5029 honesta
2618 4973 2983 5028 aemulatione
3023 4973 3277 5028 acuenda
3314 4973 3613 5027 stimulan-

1920 5064 2126 5134 daque.
2162 5062 2263 5117 Hic
2288 5062 2453 5117 ludus
2482 5061 2752 5116 solemnis
2779 5077 2908 5116 cum
2935 5065 3081 5116 esset
3110 5060 3472 5132 Carthagine,
3505 5062 3617 5115 Au-

1919 5152 2180 5224 gustinus
2211 5167 2312 5206 seu
2340 5151 2559 5206 ratione
2592 5151 2714 5222 ejus
2743 5150 2897 5222 quod
2927 5150 3305 5221 capessiverat
3338 5147 3614 5216 muneris,

1920 5257 2019 5295 seu
2055 5239 2379 5295 ostentandi
2407 5238 2627 5311 ingenii
2654 5243 2752 5295 aut
2779 5238 3122 5295 ventitandaa
3148 5239 3285 5293 artis
3312 5253 3502 5304 causa,
3532 5236 3617 5290 lu-

1923 5329 2144 5384 dierum
2190 5328 2333 5384 illud
2380 5332 2668 5382 certamen
2709 5328 2856 5382 inire
2904 5327 3215 5383 constituit.
3265 5327 3380 5381 Hoc
3422 5339 3615 5378 secum

1923 5416 2223 5474 meditanti
2242 5416 2475 5489 quidam
2496 5432 2736 5488 aruspex
2758 5416 3010 5483 mandat,
3036 5415 3171 5488 quid
3195 5413 3301 5469 sibi
3319 5413 3453 5468 dare
3472 5427 3618 5467 mer-

1924 5507 2079 5562 cedis
2107 5507 2293 5573 vellet,
2325 5510 2392 5560 ut
2419 5522 2477 5560 se
2507 5509 2847 5577 procurante
2876 5505 3147 5560 vinceret.
3180 5504 3389 5556 Verum
3418 5503 3615 5573 Augu-

1926 5595 2107 5651 stinus
2131 5595 2277 5650 foeda
2308 5593 2406 5649 illa
2435 5598 2788 5649 sacramenta
2819 5593 3126 5649 detestatus
3152 5594 3210 5644 et
3234 5589 3644 5675 abominatus“.
