4020 6344
392 337 457 386 83
1579 332 1743 386 Vl'l'A
1799 333 1851 385 ὃ.
1915 332 2295 388 AlIGUS'l‘lNl
2361 331 2698 385 Bl’lSCUl’l.
3841 331 3903 381 84-

389 455 702 526 respondit,
742 470 1038 526 nunquam
1079 470 1159 522 se,
1201 455 1331 508 licet
1371 471 1579 510 corona
1615 454 1713 509 illa
1743 455 1887 510 foret
1917 471 2089 509 aurea

391 547 447 598 et
475 542 836 609 immortalis,
869 543 954 596 vel
984 558 1237 597 muscam
1264 543 1514 597 victorias
1540 559 1657 598 suae
1687 543 1870 614 gratia
1900 543 2093 598 necari

389 631 806 704 permissurum
833 632 1003 701 (Conf.
1028 631 1123 685 lib.
1145 634 1198 697 4,
1218 648 1337 701 cap.
1362 636 1414 699 2,
1434 648 1484 685 η.
1505 631 1582 702 3).
1603 633 1761 696 Quod
1781 633 1910 686 ideo
1929 632 2088 699 dixit,

391 721 528 793 quia
573 721 632 774 in
683 720 1042 774 exsecrandis
1088 719 1200 772 illis
1239 720 1526 774 sacriﬁciis
1570 721 1783 775 ariolus
1825 720 2096 774 animalia

392 814 699 864 necaturus
746 813 887 875 erat,
933 813 996 862 ut
1039 808 1192 862 hisce
1232 808 1426 880 impiis
1455 809 1775 864 honoribus
1805 809 2097 864 daamones

389 899 711 969 Augustino
747 898 1157 968 sull‘ragaturos
1196 897 1481 952 invitaret.
1522 900 1790 952 Attamen
1827 899 1932 952 hac
1962 915 2098 951 con-

390 991 608 1058 tempta
637 986 1061 1057 superstitione,
1095 985 1312 1055 ingenii
1347 986 1562 1041 viribus
1595 1003 1866 1040 coronam
1895 987 2095 1057 agoni-

393 1077 590 1131 sticam
635 1075 962 1146 reportavit,
1011 1091 1187 1146 quam
1231 1091 1265 1129 a
1312 1074 1644 1128 Vindiciano
1686 1075 1929 1141 medico,
1973 1078 2095 1128 tum

391 1165 751 1236 proconsule,
799 1163 971 1235 capiti
1020 1179 1123 1216 suo
1178 1179 1293 1217 non
1355 1179 1492 1216 sano
1546 1163 1872 1233 impositam
1921 1162 2096 1216 fuisse

393 1253 606 1308 scribit.
644 1253 710 1306 Et
736 1253 857 1306 luec
889 1252 1120 1323 quidem
1153 1269 1219 1306 cx
1248 1252 1519 1306 narrandi
1552 1252 1773 1318 ordine,
1804 1267 1978 1324 quem
2013 1257 2096 1305 te-

393 1346 493 1397 net
520 1342 893 1412 Augustinus,
916 1341 974 1395 in
999 1341 1140 1396 illud
1163 1346 1387 1413 tempus
1408 1357 1521 1412 quo
1550 1342 1803 1412 Tagastae
1833 1341 2091 1406 docebat,

396 1431 694 1485 referenda
714 1435 1065 1502 putaremus,
1094 1429 1202 1484 nisi
1224 1429 1512 1484 Possidius
1532 1433 1726 1500 aperte
1751 1429 2094 1499 signiﬁcaret

395 1536 530 1575 eum
571 1520 749 1574 solam
789 1519 1221 1589 grammaticam
1257 1520 1511 1590 Tagastae
1560 1519 1731 1572 fuisse
1771 1518 2091 1589 professum

398 1610 712 1676 (Possidius,
744 1612 800 1662 in
845 1611 972 1664 Vita
1009 1610 1266 1678 August.,
1317 1626 1364 1663 c.
1419 1608 1496 1678 l);
1551 1612 1607 1662 et
1654 1608 1764 1662 nisi
1811 1612 2092 1662 constaret

397 1698 744 1763 Numidiam,
777 1698 836 1752 in
865 1715 977 1770 qua
1011 1699 1115 1752 sita
1140 1703 1224 1753 est
1254 1700 1512 1768 Tagasta,
1542 1715 1657 1752 non
1683 1715 1714 1751 a
1736 1699 2092 1769 proconsule,

394 1791 459 1840 ut
489 1787 911 1857 Carthaginem,
943 1787 1041 1840 sed
1065 1804 1094 1840 a
1119 1787 1403 1841 consulari
1425 1787 1596 1840 fuisse
1618 1786 2093 1842 administratam.

392 1875 624 1930 Accedit
650 1875 812 1942 illud,
855 1876 1007 1947 quod
1043 1876 1325 1946 ejusmodi
1356 1875 1665 1930 certamina
1694 1875 1985 1946 primariis
2015 1876 2094 1930 ci-

392 1963 659 2018 vitatibus
696 1964 880 2036 magis
929 1964 1288 2019 conveniant.
1337 1966 1418 2019 Ita
1462 1965 1687 2020 videtur
1741 1965 2096 2036 Augustinus

393 2052 682 2124 prioribus
727 2054 881 2108 hisce
925 2053 1111 2125 quarti
1154 2053 1286 2108 libri
1332 2054 1762 2109 Coufessionum
1814 2054 2095 2124 capitibus

393 2142 593 2197 ordine
625 2159 818 2197 rerum
848 2159 912 2197 ac
940 2147 1269 2213 temporum
1312 2135 1550 2197 minime
1598 2147 1842 2212 servato,
1882 2143 2095 2214 passim

393 2235 565 2303 atque
606 2231 1108 2287 indiscriminatim
1152 2248 1403 2298 narrare,
1446 2248 1574 2302 qua:
1618 2231 1727 2301 ipsi
1768 2231 2096 2285 acciderunt

394 2321 466 2375 ab
513 2337 663 2374 anno
707 2320 888 2374 aetatis
940 2319 1370 2391 undevigesimo
1416 2321 1485 2374 ad
1537 2319 2093 2389 duodetrigesimum

393 2423 598 2478 usque,
631 2412 697 2462 ut
724 2407 844 2478 ipse
878 2407 1068 2462 innuit
1103 2407 1266 2462 initio
1310 2408 1514 2478 capitis
1561 2407 1732 2478 primi
1779 2423 1792 2462 :
1847 2423 2095 2478 quorum

392 2496 666 2566 pleraque
695 2495 849 2549 haud
887 2495 1060 2550 dubie
1101 2496 1470 2567 contigerunt
1512 2501 1642 2566 post
1680 2497 1803 2566 ejus
1845 2495 2094 2550 reditum

395 2584 826 2656 Carthaginem;
865 2585 1026 2656 cujus
1056 2590 1249 2640 tamen
1283 2586 1440 2638 nulla
1476 2589 1652 2639 exstat
1687 2585 1902 2640 mentio
1931 2585 2096 2656 prius

394 2689 567 2745 quam
591 2674 774 2744 capite
803 2674 938 2728 libri
964 2675 1222 2745 ejusdem
1252 2674 1516 2744 septimo.

464 2767 518 2817 2.
552 2763 704 2817 Vidit
733 2764 791 2817 in
819 2763 934 2817 illis
963 2764 1128 2817 annis
1157 2763 1499 2832 Carthagine
1528 2761 1842 2825 hominem,
1875 2763 1965 2816 cui
1999 2763 2093 2817 A1-

391 2851 603 2906 biccrio
629 2868 864 2913 nomen,
905 2857 1066 2906 tanta
1107 2851 1400 2906 divinandi
1441 2852 1673 2904 solertia
1719 2852 2090 2919 celebratum,

391 2943 455 2994 ut
484 2956 608 2994 eam
630 2941 702 2994 ob
723 2957 952 2995 causam
974 2957 1090 2994 non
1111 2941 1293 2993 sohun
1318 2940 1388 2994 ab
1409 2938 1677 3009 imperita
1697 2940 2089 3006 multitudine,

391 3028 487 3082 sed
534 3027 706 3082 etiam
753 3028 823 3082 ab
868 3028 1103 3082 eruditis
1148 3027 1282 3081 viris
1323 3028 1738 3082 conveniretur.
1787 3028 2092 3098 Quidpiam

392 3115 544 3170 inter
570 3116 682 3170 alia
710 3117 778 3171 de
809 3118 917 3170 hoc
947 3117 1126 3170 ariolo
1166 3116 1463 3170 memoria:
1497 3117 1688 3187 prodit
1717 3118 2091 3187 Augustinus,

394 3205 546 3275 quod
585 3205 891 3258 insolentia
928 3222 1029 3258 sua
1072 3211 1126 3258 et
1166 3205 1562 3274 magnitudine
1607 3205 1777 3259 ﬁdem
1825 3222 2094 3277 superare

395 3291 672 3346 videatur.
708 3293 850 3347 Nam
882 3309 995 3346 uno
1026 3310 1091 3346 ex
1124 3293 1429 3364 Augustini
1459 3293 1751 3364 discipulis
1774 3310 1904 3348 eum
1928 3295 2095 3348 laces-

396 3385 551 3435 sente
597 3397 660 3434 ac
703 3383 1030 3452 petulanter
1077 3388 1316 3452 rogante
1364 3386 1423 3435 ut
1467 3382 1716 3436 ediceret
1757 3382 2090 3450 Albicerius,

393 3470 530 3541 quid
562 3469 682 3541 ipse
719 3470 817 3541 qui
851 3471 1086 3541 rogabat
1114 3487 1303 3524 secum
1339 3470 1532 3524 animo
1561 3471 1763 3525 tacitus
1796 3473 2041 3527 volveret
2075 3491 2118 3528 :.

393 3558 614 3629 Virgilii
643 3575 867 3614 versum
919 3576 1051 3614 eum
1097 3560 1348 3630 cogitare
1391 3559 1707 3631 respondit.
1753 3560 1914 3625 Quod
1960 3577 2091 3616 cum

391 3647 634 3702 inﬁciari
690 3663 802 3702 non
861 3653 1056 3719 posset
1107 3650 1458 3717 adolescens,
1516 3649 1766 3718 perrexit
1811 3666 2091 3721 quaerere,

394 3737 656 3808 quisnam
691 3736 736 3790 is
769 3754 962 3791 versus
989 3743 1138 3791 esset
1186 3755 1197 3790 :
1243 3736 1556 3793 Albicerius
1600 3738 1859 3808 quamvis
1901 3755 2091 3810 gram-

393 3827 613 3882 maticm
644 3825 892 3880 scholam
920 3826 1008 3880 vix
1041 3827 1318 3881 transiens
1344 3826 1575 3881 vidisset
1605 3826 1931 3898 aliquando,
1967 3845 2092 3882 ver-

392 3933 515 3972 sum
558 3917 746 3988 ipsum
791 3916 1061 3970 continuo
1102 3917 1345 3971 fidenter
1374 3922 1431 3971 et
1466 3917 1715 3987 jocunde
1746 3916 2086 3972 decantavit.

392 4004 715 4059 Flaccianus
744 4020 972 4076 quoque
1011 4005 1097 4058 vir
1143 4005 1508 4072 clarissimus,
1560 4005 1659 4076 qui
1696 4006 2091 4075 proconsulari

389 4108 626 4146 munere
657 4091 717 4145 in
752 4092 938 4146 Africa
967 4092 1198 4146 functus
1237 4097 1342 4159 est,
1375 4107 1503 4146 cum
1537 4093 1605 4146 de
1635 4091 1812 4146 fundo
1847 4094 2090 4146 emendo

388 4181 681 4251 cogitaret,
715 4180 977 4250 quaesivit
1016 4197 1082 4234 ex
1126 4180 1326 4234 eodem
1366 4179 1668 4246 Albiccrio,
1714 4187 1978 4252 possetne
2010 4183 2090 4236 in-

388 4270 534 4323 itum
561 4286 594 4323 a
626 4287 684 4324 se
708 4269 777 4323 de
806 4285 864 4322 re
895 4269 1146 4340 gerenda
1166 4269 1468 4324 consilium
1496 4269 1718 4339 aperire
1743 4285 1756 4322 :
1781 4269 1874 4323 ille
1899 4271 2089 4325 statim

389 4363 443 4412 et
472 4357 689 4428 negotii
717 4374 916 4429 genus,
945 4363 1002 4412 et
1027 4358 1217 4429 ipsum
1238 4356 1400 4412 fu'ndi
1429 4374 1636 4411 nomen
1660 4359 2087 4428 pronuntiavit;

389 4463 518 4503 cum
561 4447 640 4501 ita
681 4453 831 4501 esset
861 4447 1200 4514 absurdum,
1239 4451 1305 4501 ut
1332 4447 1422 4500 vix
1454 4447 1576 4517 ejus
1609 4445 1933 4501 Flaccianus
1966 4447 2086 4518 ipse

387 4535 756 4591 meminisset.
799 4535 1123 4590 Flaccianus
1161 4541 1376 4601 tamen,
1413 4535 1527 4589 alta
1564 4540 1755 4589 mente
1785 4537 2080 4606 praeditus,

385 4625 524 4680 illud
557 4623 921 4679 divinationis
949 4639 1130 4695 genus
1167 4623 1482 4686 deridebat,
1519 4624 1674 4696 quod
1705 4624 1953 4694 cuipiam
1985 4627 2083 4681 ab-

377 4713 691 4786 jcctissimo
736 4713 962 4784 spiritui
1005 4713 1319 4780 tribuebat;
1371 4729 1484 4784 quo
1529 4713 1624 4767 ille
1667 4713 1916 4782 afflatus,
1964 4715 2085 4769 haec

383 4803 728 4874 respondere
756 4803 952 4857 solitus
983 4807 1130 4856 esset
1163 4818 1176 4856 :
1206 4801 1420 4873 quippe
1445 4818 1576 4856 cum
1605 4808 1690 4857 sat
1719 4803 1998 4858 acuminis
2029 4810 2086 4860 et

383 4889 710 4944 subtilitatis
729 4890 865 4945 insit
879 4891 1259 4954 daemonibus,
1283 4891 1455 4945 etiam
1477 4891 1547 4945 ad
1565 4907 1632 4945 ea
1651 4908 1778 4964 qua:
1797 4893 1856 4946 in
1872 4909 2084 4947 memo-

383 4979 528 5034 riam
557 4983 810 5034 nostram
840 4979 1200 5043 incurrerint,
1244 4981 1657 5050 cognoscenda.
1699 4980 2080 5045 Quamobrem

380 5067 718 5122 hortabatur
745 5085 843 5122 eos
880 5067 979 5139 qui
1019 5068 1088 5122 de
1123 5069 1231 5122 hoc
1267 5067 1497 5122 fatidico
1530 5068 1924 5141 loquerentur,
1958 5071 2080 5125 ani-

380 5174 506 5212 mos
535 5164 598 5213 ut
627 5175 755 5213 suos
783 5159 867 5212 illi
895 5159 1233 5213 divinationi
1262 5159 1621 5230 praeferrent,
1652 5177 1860 5231 eosque
1892 5160 1972 5216 ita
1992 5177 2080 5216 ro-

377 5248 668 5315 borarent,
702 5253 764 5302 ut
790 5249 995 5303 horum
1025 5248 1397 5303 invisibilium
1422 5249 1570 5303 aeris
1590 5248 1897 5320 spirituum
1918 5254 2077 5304 natu-

378 5353 500 5392 ram
547 5342 780 5410 possent
825 5337 1246 5392 transcendere.
1296 5339 1484 5408 quue
1536 5337 1756 5392 facilius
1804 5337 1858 5391 id
1907 5354 2076 5392 omne

376 5425 528 5480 credi
583 5428 806 5497 poterat
852 5426 1128 5480 daemonis
1184 5441 1304 5479 esse
1356 5423 1694 5494 ludibrium,
1751 5426 1902 5498 quod
1958 5443 2074 5480 non

376 5514 635 5569 omnium
670 5515 843 5569 modo
881 5514 1250 5569 scientiarum
1294 5513 1756 5584 imperitissimus
1806 5519 1924 5568 erat
1969 5515 2073 5570 iste

374 5601 707 5669 Albicerius,
753 5601 849 5657 sed
896 5601 1067 5657 etiam
1115 5599 1350 5672 flagitiis
1387 5605 1559 5672 atque
1601 5600 1760 5656 omni
1797 5601 2071 5656 dedecore

2199 454 2456 520 infamis;
2486 457 2541 508 et
2565 451 2611 506 si
2639 452 2981 523 quandoque
3009 450 3233 505 veritati
3264 455 3645 520 congruenter
3662 465 3898 520 respon-

2201 543 2391 611 debat,
2423 558 2573 613 smpe
2604 546 2793 595 tamen
2823 540 3245 594 allucinabatur
3270 539 3495 610 (Contra
3526 539 3892 605 Academicos,

2202 633 2297 686 lib.
2331 637 2379 699 1,
2405 647 2498 685 nn.
2537 634 2620 696 t7,
2659 629 2766 699 18).

2269 724 2324 790 ,3.
2377 722 2498 774 Non
2546 719 2782 790 perinde
2828 718 2899 770 ab
2943 716 3270 787 astrologia,
3323 731 3495 787 quam
3537 714 3899 786 judiciariam

2207 813 2423 875 vocant,
2456 813 2626 880 atque
2657 824 2689 862 a
2717 805 2907 876 magia
2945 806 3290 860 abhorrebat
3324 805 3708 875 Augustinus;
3751 806 3902 876 quod

2204 899 2302 952 illa
2346 899 2532 952 nullas
2576 897 2642 950 ad
2695 895 3070 949 divinandum
3118 895 3417 949 adhiberet
3463 910 3676 965 preces,
3721 895 3903 947 nullas

2203 986 2530 1041 immolaret
2575 985 2807 1050 hostias,
2855 983 3013 1037 omni
3057 999 3187 1036 cum
3236 983 3498 1037 daemone
3541 981 3904 1044 commercio,

2206 1077 2478 1146 omnique
2510 1076 2739 1130 demum
2773 1072 3165 1143 superstitioso
3197 1071 3309 1125 ritu
3340 1088 3531 1125 carere
3554 1071 3661 1125 sibi
3687 1070 3904 1124 videre-

2203 1169 2317 1219 tur.
2347 1167 2420 1219 Ea
2448 1169 2682 1235 propter
2709 1163 2914 1233 planos
2941 1161 3089 1227 illos,
3125 1177 3266 1232 quos
3297 1159 3435 1214 olim
3466 1158 3904 1213 mathematicos

2203 1254 2586 1324 appellabant,
2619 1251 2914 1306 consulere
2946 1266 3062 1303 non
3102 1248 3407 1303 desistebat
3457 1265 3470 1301 :
3512 1248 3666 1319 quod
3715 1252 3904 1301 tamen

2205 1342 2512 1397 christiana
2539 1345 2595 1396 et
2616 1356 2748 1394 vera
2775 1339 2955 1409 pietas
2985 1337 3213 1409 repellit
3241 1341 3298 1391 et
3318 1337 3571 1391 damnat.
3595 1337 3768 1391 Grata
3789 1340 3906 1390 erat

2203 1431 2355 1485 haud
2383 1429 2554 1485 dubie
2585 1427 2931 1483 adolescenti
2952 1427 3086 1480 trita
3111 1426 3208 1480 illa
3231 1442 3427 1480 eorum
3455 1425 3757 1480 hominum
3782 1443 3902 1479 ora-

2204 1520 2305 1586 tio,
2329 1535 2441 1590 qua
2456 1517 2645 1588 pravis
2667 1515 3071 1587 cupiditatibus
3093 1514 3325 1585 egregie
3351 1515 3870 1569 adblandiebantur
3894 1532 3904 1569 :

2203 1613 2278 1664 De
2303 1609 2426 1662 cazlo
2459 1608 2558 1661 tibi
2586 1612 2661 1660 est
2691 1605 3021 1660 inevitabilis
3052 1619 3217 1658 causa
3254 1605 3552 1674 peccandi;
3601 1608 3677 1670 et,
3736 1606 3908 1659 Venus

2203 1700 2297 1752 hoc
2323 1698 2470 1763 fecit,
2503 1699 2600 1749 aut
2623 1697 2913 1759 Saturnus,
2943 1698 3041 1748 aut
3071 1695 3219 1748 Mars
3255 1713 3271 1747 :
3304 1695 3506 1747 scilicet
3535 1698 3595 1747 ut
3622 1696 3777 1748 homo
3799 1697 3908 1748 sine

2171 1852 2182 1862 ο
2203 1787 2363 1854 culpa
2391 1788 2484 1852 sit,
2515 1800 2640 1838 caro
2665 1789 2714 1837 et
2745 1786 2970 1850 sanguis
3011 1787 3059 1835 et
3099 1783 3334 1851 superba
3375 1782 3637 1850 putredo;
3682 1784 3904 1851 culpan-

2203 1875 2304 1927 dus
2334 1876 2407 1927 sit
2431 1878 2607 1927 autem
2636 1874 2754 1926 caeli
2782 1889 2842 1926 ac
2862 1872 3101 1926 siderum
3121 1877 3332 1925 creator
3351 1877 3402 1924 et
3421 1871 3704 1925 ordinator
3727 1874 3901 1937 (Conf.

2203 1963 2298 2017 lib.
2333 1964 2386 2029 4,
2417 1978 2536 2031 cap.
2573 1965 2627 2030 3,
2656 1977 2712 2015 n.
2741 1962 2812 2029 4).
2849 1963 3034 2031 Atque
3063 1966 3129 2014 ut
3158 1965 3281 2014 erat
3305 1959 3540 2030 ingenio
3571 1960 3642 2014 ad
3675 1977 3903 2014 omnem

2204 2051 2296 2106 cui
2325 2067 2446 2106 sese
2476 2050 2843 2122 applicuisset
2889 2049 3251 2120 disciplinam
3295 2054 3564 2120 prompto
3613 2049 3904 2120 expedito-

2204 2157 2339 2212 que,
2368 2145 2593 2194 tantum
2622 2140 2680 2194 in
2705 2139 3011 2209 nugatoria
3039 2138 3124 2192 illi
3148 2137 3438 2193 divinandi
3463 2143 3582 2192 arte
3604 2138 3904 2208 profecisse

2205 2229 2521 2296 videbatur,
2551 2232 2616 2283 ut
2643 2228 2818 2282 veluti
2849 2226 3232 2299 peritissimus
3262 2226 3418 2281 illius
3449 2227 3520 2282 ab
3549 2227 3792 2281 curiosis
3820 2227 3903 2281 fu-

2205 2323 2467 2374 turorum
2490 2322 2798 2372 eventuum
2816 2316 3253 2388 inquisitoribus
3275 2315 3565 2370 interdum
3589 2317 3905 2370 consulere-

2203 2413 2314 2462 tur.
2366 2407 2583 2478 Agebat
2628 2423 2732 2478 per
2773 2407 2830 2459 id
2878 2411 3105 2476 tempus
3147 2404 3487 2476 Carthagine
3519 2403 3905 2471 Vindicianus,

2206 2497 2306 2568 qui
2335 2513 2438 2567 pro
2463 2498 2695 2550 consule
2726 2500 2866 2560 erat,
2899 2511 3080 2566 eoque
3113 2494 3346 2548 nomine
3367 2493 3564 2548 victori
3587 2493 3904 2564 Augustino

2205 2602 2472 2640 coronam
2507 2602 2674 2657 supra
2716 2589 3092 2638 memoratam
3129 2583 3483 2654 imposuerat
3518 2583 3701 2653 (Ibid,
3735 2599 3798 2636 n.
3837 2584 3904 2648 5).

2205 2676 2290 2728 vir
2320 2691 2487 2744 sagax
2521 2675 2756 2728 medica:
2786 2673 2923 2742 artis
2953 2673 3347 2744 peritissimus,
3371 2678 3542 2744 atque
3574 2672 3634 2726 in
3656 2689 3725 2725 ea
3747 2671 3906 2725 nobi-

2204 2763 2475 2828 lissimus,
2509 2762 2578 2816 de
2607 2778 2720 2832 quo
2751 2761 2976 2822 disertis
3005 2761 3064 2815 id
3093 2761 3278 2815 verbis
3317 2761 3483 2814 affert
3514 2777 3527 2814 :
3561 2761 3847 2817 Consultus
3875 2775 3904 2812 a

2205 2851 2458 2921 quodam,
2493 2850 2698 2922 inquit,
2730 2850 2906 2904 dolori
2934 2850 3052 2919 ejus
3082 2849 3338 2903 adhiberi
3341 2849 3515 2918 jussit
3540 2849 3685 2917 quod
3706 2852 3764 2902 in
3788 2853 3906 2902 tem-

2198 2955 2329 3010 pore
2356 2955 2645 3008 congruere
2672 2939 2988 3003 videbatur;
3031 2938 3340 2991 adhibitum
3381 2939 3592 2991 sanitas
3628 2941 3906 2992 consecuta

2203 3035 2299 3083 est.
2319 3029 2523 3083 Deinde
2541 3033 2661 3097 post
2681 3043 2848 3081 annos
2865 3029 3073 3097 aliquot
3083 3027 3265 3080 eadem
3279 3041 3471 3080 rursus
3492 3028 3733 3096 corporis
3746 3041 3902 3080 causa

2204 3124 2480 3184 commota,
2514 3118 2606 3171 hoc
2637 3117 2778 3171 idem
2808 3117 2896 3170 ille
2921 3117 3141 3185 putavit
3171 3115 3570 3181 adhibendum;
3599 3114 3904 3169 adhibitum

2202 3209 2362 3261 vertit
2391 3208 2449 3260 in
2475 3206 2648 3276 pejus.
2690 3208 2927 3260 Miratus
2970 3207 3204 3259 recurrit
3247 3204 3321 3258 ad
3359 3205 3646 3270 medicum,
3700 3205 3903 3258 indicat

2201 3299 2427 3363 factum.
2471 3297 2547 3349 At
2578 3296 2688 3360 ille,
2733 3299 2793 3348 ut
2821 3300 2939 3349 erat
2970 3297 3286 3360 acerrimus,
3322 3297 3401 3348 ita
3432 3295 3712 3363 respondit
3737 3313 3753 3348 :
3786 3295 3903 3348 Ideo

2201 3387 2340 3439 male
2368 3388 2616 3454 acceptus
2647 3399 2718 3452 es,
2755 3386 2887 3452 quia
2919 3399 3012 3450 ego
3038 3399 3142 3437 non
3171 3385 3350 3452 jussi;
3388 3389 3448 3438 ut
3475 3399 3650 3438 omnes
3681 3385 3780 3452 qui
3804 3398 3897 3436 au-

2202 3474 2427 3538 dissent,
2457 3489 2760 3542 parumque
2798 3473 3063 3526 hominem
3093 3478 3327 3539 nossent,
3363 3488 3467 3526 non
3496 3488 3613 3526 eum
3643 3477 3762 3526 arte
3798 3487 3898 3524 me-

2201 3563 2431 3617 dicinali
2457 3561 2638 3630 fidere,
2668 3562 2764 3616 sed
2788 3565 2963 3616 nescio
2995 3578 3105 3630 qua
3135 3563 3330 3616 illicita
3356 3565 3598 3631 potentia
3623 3564 3896 3631 putarent.

2206 3651 2354 3705 Unde
2382 3666 2500 3704 cum
2525 3655 2659 3704 esset
2683 3667 2716 3703 a
2741 3651 3066 3719 quibusdam
3091 3655 3276 3719 postea
3304 3651 3641 3719 stupentibus
3671 3653 3896 3703 interro-

2200 3744 2380 3808 gatus,
2412 3741 2629 3808 aperuit
2655 3739 2800 3807 quod
2821 3755 2926 3794 non
2954 3740 3349 3807 intellexerant,
3381 3739 3625 3793 videlicet
3645 3739 3733 3794 illi
3751 3738 3896 3793 aetati

2193 3829 2315 3897 jam
2343 3843 2451 3882 non
2479 3829 2572 3882 hoc
2603 3843 2657 3881 se
2683 3830 2856 3893 fuisse
2877 3828 3165 3896 jussurum
3196 3829 3392 3896 (Epist.
3425 3830 3545 3892 l38,
3576 3843 3630 3881 n.
3667 3829 3740 3895 3).
3775 3828 3897 3881 Hac

2200 3917 2269 3969 de
2304 3915 2635 3969 Vindiciano
2665 3916 3018 3986 Augustinus
3051 3932 3064 3970 :
3101 3915 3200 3986 qui
3232 3931 3362 3969 cum
3392 3917 3449 3969 in
3481 3917 3649 3986 hujus
3681 3916 3788 3970 viri
3818 3915 3894 3968 fa-

2199 4005 2584 4058 miliaritatem
2635 4021 2754 4058 sese
2797 4004 3048 4076 penitius
3103 4004 3469 4072 insinuasset,
3519 4005 3685 4076 eique
3732 4017 3894 4058 suum

2200 4110 2335 4164 erga
2393 4094 2892 4148 Genethliacorum
2951 4094 3126 4148 libros
3187 4094 3439 4148 studium
3497 4093 3559 4147 in
3613 4092 3894 4164 colloquio

2199 4183 2551 4254 aperuisset,
2611 4183 2754 4238 nihil
2807 4183 2901 4238 ille
2957 4183 3246 4255 reliquum
3302 4183 3472 4245 fecit,
3533 4199 3647 4254 quo
3706 4182 3893 4237 adole-

2199 4278 2448 4325 scentem
2500 4272 2568 4326 ab
2618 4272 3001 4327 ludiﬁcatoria
3042 4277 3160 4326 artc
3209 4278 3499 4339 avocaret;
3550 4271 3798 4342 benigne
3838 4286 3895 4323 ac

2197 4365 2430 4431 paterne
2458 4361 2605 4432 (erat
2635 4361 2790 4415 enim
2833 4361 2920 4414 vir
2964 4360 3020 4415 id
3059 4361 3338 4431 temporis
3382 4360 3694 4414 admodum
3735 4362 3892 4412 aetate

2196 4452 2516 4521 provectus)
2582 4466 2715 4505 eum
2778 4450 3133 4516 adhortatus,
3201 4454 3266 4503 ut
3330 4466 3400 4504 ne
3466 4465 3660 4504 curam
3726 4455 3892 4518 atque

2194 4555 2429 4610 operam
2475 4539 2646 4593 rebus
2689 4537 2926 4593 utilibus
2964 4537 3360 4603 necessariam,
3399 4536 3636 4590 vanitati
3672 4535 3758 4588 illi
3785 4535 3892 4588 fru-

2193 4632 2308 4681 stra
2357 4627 2735 4698 impenderet.
2781 4627 2982 4682 Aiebat
3028 4642 3088 4680 se
3129 4641 3357 4697 quoque
3407 4623 3564 4678 inani
3605 4623 3740 4677 huic
3785 4627 3891 4676 stu-

2195 4717 2288 4770 dio
2321 4733 2501 4788 usque
2532 4717 2675 4770 adeo
2699 4715 2822 4786 jam
2859 4715 2992 4769 inde
3029 4731 3061 4768 a
3102 4713 3286 4784 prima
3317 4715 3480 4765 aetate
3521 4711 3803 4779 deditum,
3833 4715 3892 4764 ut

2191 4805 2363 4859 etiam
2387 4821 2452 4859 ex
2471 4821 2538 4858 eo
2559 4809 2842 4876 quaestum
2864 4804 3045 4858 facere
3066 4802 3440 4857 deliberaret:
3466 4817 3662 4855 verum
3685 4804 3890 4856 retecta

2193 4892 2316 4962 ejus
2347 4892 2482 4946 artis
2521 4893 2720 4946 fraude
2769 4891 3024 4946 animum
3070 4891 3137 4944 ad
3186 4889 3528 4945 medicinam
3574 4891 3885 4962 appulisse;

2192 4981 2345 5052 quod
2383 4980 2687 5052 indignum
2719 4980 3023 5052 judicaret,
3059 4979 3395 5033 deludendis
3430 4979 3887 5052 decipiendisque

2192 5069 2518 5124 hominibus
2545 5069 2756 5124 victum
2776 5068 2884 5123 sibi
2905 5084 3106 5139 parare
3137 5085 3149 5122 :
3174 5068 3404 5122 tametsi
3426 5069 3559 5123 huic
3577 5070 3887 5142 qualicum-

2190 5175 2300 5230 que
2329 5158 2644 5228 disciplina:
2677 5157 3058 5229 percipienda:
3095 5157 3250 5212 haud
3289 5157 3570 5229 imparem
3615 5175 3673 5212 se
3713 5157 3883 5213 fuisse

2188 5247 2555 5309 existimaret,
2587 5247 2688 5318 qui
2728 5246 2902 5300 libros
2935 5246 3291 5317 Hippocratis
3329 5253 3495 5319 captu
3538 5249 3708 5319 longe
3743 5244 3884 5301 difﬁ-

2185 5336 2480 5392 cillicimos
2501 5335 2621 5389 sine
2643 5351 2853 5406 magno
2873 5335 3106 5406 negotio
3125 5337 3375 5408 legisset,
3401 5342 3568 5409 atque
3584 5333 3880 5391 intellexis-

2183 5431 2270 5480 set
2302 5441 2314 5479 :
2348 5440 2462 5495 quo
2491 5424 2672 5494 magis
2698 5423 2781 5478 illi
2807 5423 3122 5492 videbatur,
3146 5426 3534 5498 Augustinum
3555 5443 3624 5481 ea
3641 5425 3878 5496 abjicere

2184 5514 2414 5580 debere,
2435 5512 2505 5566 ad
2529 5529 2656 5585 quae
2677 5513 2944 5568 sectanda
2966 5515 3124 5569 nulla
3139 5515 3221 5569 rei
3241 5515 3537 5570 familiaris
3553 5513 3875 5570 necessitate

2181 5601 2534 5674 adigeretur;
2556 5603 2771 5675 quippe
2791 5603 2884 5658 cui
2905 5609 3114 5676 praesto
3130 5608 3276 5658 esset
3290 5620 3380 5658 ars
3396 5603 3699 5670 rhetorica,
3715 5601 3873 5672 cujus
