4020 6348
82 353 137 397 5'5
1554 347 1762 403 LIBER
1806 349 2094 405 PRIMUS.
3509 354 3574 404 86

83 467 481 523 honestissima
510 467 865 538 professione
895 484 1008 522 non
1041 469 1213 522 modo
1237 469 1409 523 vitam
1441 475 1775 537 sustentare,

84 557 172 611 sed
204 561 259 610 et
293 556 632 628 dignitatem
664 571 875 627 augere
903 562 1110 627 posset.
1142 557 1315 627 Atqui
1343 563 1408 612 ut
1437 563 1556 612 erat
1583 559 1776 613 Vindi-
1821 554 1828 560 ’

83 645 222 700 ciani
257 660 468 711 sermo,
501 645 624 699 sine
663 645 971 699 verborum
1011 647 1186 711 cultu,
1222 645 1510 700 vivacitate
1549 652 1777 702 senten-

81 736 282 789 tiarum
320 735 609 804 jucundus
648 742 705 788 et
743 734 958 804 gravis;
1004 735 1266 788 assiduus
1305 735 1672 807 inlentusque
1711 753 1777 791 ex

84 825 197 894 ejus
227 838 326 876 ore
376 823 661 894 pendebat
704 823 1077 893 Augustinus,
1122 823 1321 894 requis,
1364 824 1448 878 uti
1489 841 1594 895 par
1635 831 1776 894 erat,

84 912 308 966 auribus
339 911 628 982 excipiens
650 926 1028 982 quaecumque
1049 913 1120 966 ab
1139 913 1462 966 venerando
1484 929 1637 979 sene,
1660 930 1777 968 nou

84 1001 261 1053 solum
292 999 600 1064 monitore,
634 1000 748 1064 sed,
775 999 829 1054 id
861 1001 1013 1071 quod
1046 1002 1231 1070 majus
1261 1006 1363 1064 est,
1388 1006 1621 1070 experto
1651 1003 1778 1056 doc-

87 1095 200 1142 tore
237 1088 583 1142 dicerentur.
634 1088 740 1142 Sed
780 1088 922 1141 illud
967 1089 1028 1141 in
1073 1088 1276 1160 primis
1313 1089 1569 1143 obstabat
1609 1107 1779 1160 argu-

85 1180 356 1241 mentum,
373 1176 684 1245 quominus
705 1177 776 1230 ab
799 1176 1076 1230 sententia
1095 1176 1333 1247 pristina
1354 1177 1650 1232 decederet
1669 1183 1778 1232 Au-

83 1264 338 1334 gustinus
362 1280 374 1317 :
402 1264 540 1328 Quae
574 1281 744 1318 causa
775 1280 912 1335 ergo
942 1265 1170 1331 faceret,
1199 1270 1261 1319 ut
1282 1266 1461 1320 multa
1486 1267 1620 1321 inde
1647 1283 1778 1320 vera

81 1351 614 1423 pronuntiarentur.
664 1353 926 1408 Diluebat
963 1354 1194 1426 quidem
1230 1354 1370 1408 illud
1409 1354 1778 1409 Vindicianus

86 1441 279 1512 quibus
306 1445 534 1510 poterat
559 1441 766 1510 modis,
799 1441 940 1496 illud
969 1442 1373 1514 quodcumque
1407 1448 1527 1497 erat
1556 1444 1777 1498 divina-

87 1529 249 1582 tionis
273 1528 333 1582 in
365 1544 635 1583 arcanam
666 1531 973 1602 quamdam
1005 1531 1120 1585 vim
1148 1531 1312 1585 sortis
1342 1537 1560 1587 natura:
1585 1549 1776 1587 rerum

87 1617 310 1672 inditam
349 1618 678 1673 refundens.
703 1620 765 1675 Si
781 1622 920 1674 enim
951 1620 1016 1674 de
1031 1623 1254 1689 paginis
1282 1626 1447 1690 poeta
1473 1623 1778 1692 cujuspiam

87 1709 233 1773 longe
271 1707 428 1760 aliud
472 1711 711 1762 canentis
751 1714 913 1778 atque
945 1709 1291 1775 intendentis,
1332 1726 1449 1764 cum
1487 1713 1628 1777 forte
1657 1714 1778 1780 quis

83 1796 326 1861 consulit,
343 1797 678 1850 mirabiliter
698 1813 956 1852 consonus
977 1801 1183 1864 negotio
1204 1814 1342 1868 sape
1363 1815 1548 1852 tersus
1569 1803 1772 1865 (coiret;

88 1884 386 1938 mirandum
413 1900 524 1939 non
552 1901 662 1940 esse
690 1886 923 1953 dicebat,
957 1889 1006 1940 si
1035 1901 1101 1939 ea:
1129 1888 1313 1940 anima
1343 1887 1579 1941 humana
1614 1904 1772 1958 supe-

87 1975 216 2026 riore
251 1973 433 2042 aliqua
473 1975 755 2041 instinctu,
798 1976 1060 2028 nesciente
1101 1975 1236 2043 quid
1274 1977 1333 2029 in
1374 1991 1428 2029 se
1465 1979 1630 2043 ﬁeret,
1669 1994 1775 2032 non

85 2067 212 2127 arte,
243 2061 334 2116 sed
362 2066 508 2115 sorte
531 2067 746 2116 sonaret
774 2063 1009 2130 aliquid,
1035 2065 1180 2132 quod
1203 2063 1587 2132 interrogantis
1616 2067 1774 2121 rebus

83 2153 341 2219 factisque
368 2154 669 2206 concineret
695 2152 880 2221 (Conf.
916 2154 1009 2207 lib.
1040 2156 1094 2218 4,
1129 2169 1250 2222 cap.
1280 2157 1333 2216 3,
1364 2171 1418 2207 η.
1454 2154 1525 2221 5).

146 2242 200 2292 4.
247 2238 665 2308 lngerebantur
709 2240 829 2292 haec
877 2240 1002 2310 ejus
1045 2240 1236 2294 animo
1275 2240 1425 2293 haud
1471 2241 1642 2295 dubie
1674 2235 1775 2297 Dei

87 2332 214 2382 nutu
241 2343 254 2380 :
284 2328 381 2382 sed
413 2344 604 2400 neque
633 2329 1000 2383 Vindicianus
1021 2333 1217 2383 acutus
1247 2329 1341 2383 ille
1371 2346 1561 2394 senex,
1587 2347 1773 2402 neque

91 2416 373 2470 Nebridius
403 2417 495 2471 illi
525 2418 582 2483 in
612 2418 813 2489 primis
850 2419 1074 2484 charus,
1108 2423 1298 2488 atque,
1337 2424 1402 2472 ut
1433 2419 1551 2489 ipse
1580 2420 1770 2486 habet,

88 2505 346 2560 mirabilis
375 2507 588 2561 animae
621 2508 965 2572 adolescens,
996 2507 1154 2562 valde
1178 2508 1362 2562 bonus
1382 2513 1438 2562 et
1456 2508 1618 2562 valde
1639 2525 1774 2563 cau-

90 2600 186 2661 tus,
214 2595 310 2668 qui
338 2600 525 2650 totum
556 2596 697 2650 illud
725 2595 1094 2650 divinationis
1122 2612 1303 2666 genus
1333 2596 1622 2664 irridebat,
1648 2613 1774 2668 per-

90 2685 306 2738 suadere
346 2685 430 2738 illi
467 2690 589 2739 tum
622 2688 948 2755 potuerunt,
979 2690 1044 2738 ut
1079 2684 1315 2755 hujusce
1349 2685 1485 2739 artis
1517 2686 1771 2740 studium

91 2772 342 2841 abjiceret
379 2773 828 2844 repudiaretque
869 2773 1057 2842 (lbid.,
1097 2774 1191 2827 lib.
1232 2778 1286 2840 7,
1328 2791 1449 2844 cap.
1492 2778 1545 2836 6,
1575 2792 1635 2829 n.
1685 2776 1761 2842 8).

89 2861 294 2916 Scilicet
320 2878 453 2916 eum
487 2864 670 2916 multo
703 2863 952 2933 amplius
987 2863 1251 2916 movebat
1291 2879 1492 2917 eorum
1525 2864 1770 2917 auctori-

87 2954 179 3018 tas,
207 2950 301 3022 qui
327 2950 516 3022 ipsam
541 2955 721 3005 artem
750 2957 1105 3018 tractassent,
1137 2967 1310 3022 quam
1341 2968 1540 3006 eorum
1571 2951 1768 3022 opinio

91 3040 174 3109 qui
203 3055 321 3093 eam
351 3039 798 3095 criminarentur
827 3041 1002 3095 nullis
1030 3041 1196 3095 certis
1234 3041 1362 3095 fulti
1391 3041 1765 3112 argumentis,

89 3128 274 3198 quibus
307 3129 547 3199 quidem
578 3128 797 3198 liquido
823 3129 930 3200 ipsi
960 3135 1281 3200 appareret,
1304 3129 1622 3184 temeritate
1652 3145 1769 3182 sor-

87 3215 149 3269 tis
177 3217 381 3287 potius,
405 3233 583 3290 quam
614 3219 731 3272 ulla
751 3223 903 3272 certa
927 3219 1170 3286 ratione,
1197 3234 1262 3272 ex
1295 3217 1546 3272 siderum
1574 3217 1768 3286 positu

88 3311 493 3378 conspectuque
508 3307 700 3361 futura
711 3307 1002 3361 interdum
1016 3306 1388 3378 praenuntiari
1405 3307 1560 3375 (Ibid.
1573 3349 1587 3375 ,
1602 3307 1693 3361 lib.
1711 3308 1764 3366 4,

86 3408 192 3462 cap.
227 3397 276 3459 3,
319 3410 376 3448 n.
409 3398 484 3464 6).
531 3395 834 3449 merebant
876 3399 1070 3449 tamen
1109 3395 1387 3466 pervicaci
1433 3395 1562 3449 licet
1597 3399 1766 3466 atque

90 3480 365 3536 obﬁrmato
410 3488 536 3537 tum
585 3483 803 3552 animo,
839 3499 1126 3538 sermones
1174 3484 1510 3552 Vindiciani,
1561 3483 1767 3554 quibus

92 3571 250 3624 veluti
286 3572 352 3627 ad
393 3571 715 3644 pleniorem
754 3572 1122 3627 imbuebatur
1169 3573 1618 3643 inquisitionem,
1653 3589 1766 3643 qua

90 3675 139 3711 se
164 3659 275 3730 ipse
302 3661 613 3732 aliquando
645 3677 842 3716 errore
872 3661 1138 3717 liberaret
1171 3677 1184 3716 :
1209 3662 1446 3734 jamque
1473 3663 1534 3716 in
1565 3662 1765 3716 Nebri-

87 3745 157 3801 dii
194 3749 531 3803 sententiam
581 3750 730 3804 ﬂecti
778 3755 1044 3821 coeperat,
1084 3750 1184 3822 qui
1219 3767 1334 3804 non
1378 3756 1766 3805 asseveranter

88 3836 316 3905 quidem,
349 3839 447 3893 sed
495 3839 693 3893 crebro
733 3839 1106 3894 nihilominus
1143 3844 1314 3910 atque
1342 3840 1653 3895 identidem
1684 3840 1766 3894 di-

91 3925 254 3994 cebat,
283 3943 396 3981 non
427 3944 552 3982 esse
583 3929 758 3983 ullam
789 3934 967 3983 artem
1001 3930 1192 3984 futura
1228 3929 1600 4000 praevidendi,
1629 3946 1762 3984 con-

85 4013 310 4081 jecturas
337 4020 531 4071 autem
561 4017 863 4072 h‘ominum
903 4018 1111 4072 habere
1137 4034 1289 4088 saepe
1318 4018 1434 4072 vim
1465 4017 1630 4072 sortis
1664 4035 1676 4072 :
1711 4022 1766 4072 et

91 4104 249 4158 multa
291 4104 552 4171 dicendo,
592 4105 702 4160 dici
751 4107 1024 4177 pleraque
1070 4111 1329 4169 ventura,
1382 4105 1764 4160 nescientibus

89 4191 160 4245 eis
185 4194 278 4263 qui
301 4193 580 4261 dicerent,
603 4195 700 4249 sed
732 4195 790 4248 in
820 4211 886 4249 ea
907 4211 1024 4248 non
1052 4195 1288 4249 tacendo
1315 4195 1757 4248 incurrentibus.

92 4282 159 4334 Ac
187 4282 413 4338 demum
453 4285 569 4338 Deo
608 4283 915 4354 aspirante,
959 4283 1119 4338 omni
1159 4299 1352 4337 errore
1401 4299 1530 4337 casu
1574 4282 1764 4354 potius

91 4384 242 4438 quam
272 4372 510 4426 consilio
537 4371 787 4426 solutum
815 4387 874 4426 se
904 4371 1260 4442 gratulatur:
1284 4371 1438 4442 quod
1467 4371 1573 4425 hac
1602 4387 1761 4425 occa-

90 4457 230 4512 sione
279 4459 535 4532 contigit.
584 4459 868 4515 Firminus
913 4459 999 4513 vir
1037 4459 1350 4514 liberaliter
1387 4459 1678 4514 institutus
1709 4464 1766 4513 et

92 4546 394 4618 eloquentia
423 4565 538 4604 non
577 4548 945 4603 mediocriter
978 4549 1255 4617 excultus,
1287 4547 1610 4619 astrologia:
1642 4548 1765 4618 qui-

90 4634 203 4689 dem
232 4653 431 4708 parum
461 4637 700 4708 peritus,
732 4637 1094 4708 percuriosus
1117 4641 1308 4691 tamen
1339 4637 1764 4692 mathematico-

90 4738 201 4777 rum
249 4727 558 4795 consultor,
614 4726 996 4796 Augustinum
1039 4730 1311 4796 tanquam
1364 4726 1763 4780 charissimum

88 4813 346 4878 convenit,
381 4819 442 4868 ut
471 4829 604 4868 eum
635 4813 803 4868 certis
830 4815 899 4868 de
937 4813 1124 4879 rebus,
1167 4813 1374 4885 quibus
1404 4813 1464 4867 in
1494 4829 1763 4884 magnam

91 4901 322 4956 ﬂorentis
346 4903 591 4958 fortunas
621 4919 781 4974 spem
820 4903 1226 4969 adducebatur,
1265 4903 1587 4956 consuleret
1623 4901 1761 4973 quid

91 4987 182 5057 ipsi
209 4991 520 5046 secundum
550 5008 679 5046 suas
701 4991 1159 5046 constellationes
1182 4992 1486 5046 videretur.
1513 4992 1632 5045 Non
1665 4992 1762 5045 ab-

93 5077 200 5132 nuit
227 5079 457 5149 quidem
499 5080 872 5152 Augustinus,
916 5080 1056 5151 quid
1098 5080 1423 5151 conjectura
1459 5095 1766 5149 augurare-

94 5169 190 5230 tur,
221 5168 471 5223 Firmino
503 5169 723 5240 aperire
759 5185 773 5222 :
807 5169 1043 5240 subjecit
1071 5173 1262 5222 tamen
1295 5183 1470 5238 prope
1495 5168 1614 5238 jam
1653 5167 1760 5222 sibi

92 5267 196 5309 esse
219 5272 572 5327 persuasum,
603 5262 786 5312 totum
827 5257 970 5311 illud
1013 5255 1401 5328 praedictionis
1441 5273 1622 5327 genus
1652 5273 1766 5310 me-

96 5357 206 5398 rum
231 5361 346 5401 esse
376 5363 442 5401 ac
469 5347 637 5401 inane
672 5346 1006 5401 ludibrium.
1042 5347 1182 5400 Tum
1226 5346 1320 5400 ille
1359 5345 1610 5400 narravit
1645 5348 1764 5399 Au-

94 5433 295 5497 gustino
325 5436 513 5507 reipsa
532 5441 752 5506 patrem
773 5451 941 5490 suum
964 5433 1294 5504 bujusmodi
1316 5434 1472 5488 libris
1492 5431 1758 5497 inhiasse,

95 5525 139 5571 et
182 5522 419 5577 amicum
467 5523 732 5578 habuisse
781 5539 980 5577 eorum
1031 5539 1147 5577 non
1189 5522 1381 5576 minus
1418 5521 1759 5587 studiosum,

94 5609 338 5681 tantoque
366 5613 496 5666 illos
535 5611 740 5668 harum
778 5611 1124 5682 ineptiarum
1155 5627 1351 5666 amore
1380 5611 1664 5681 ﬂagrasse,
1698 5615 1762 5665 ut

1887 473 2059 527 etiam
2092 473 2426 527 animalium
2447 488 2576 544 quae
2604 473 2755 542 apud
2784 473 2935 545 ipsos
2969 474 3362 541 nascebantur,
3387 478 3577 530 ortum

1887 562 2272 626 observarent,
2306 561 2546 633 cwlique
2586 561 2931 632 positionem
2961 561 3018 614 in
3051 563 3158 616 hoc
3189 567 3477 617 momento
3507 564 3579 618 ad

1885 649 2200 721 colligenda
2231 665 2347 702 sum
2376 649 2514 702 artis
2543 648 2935 719 experimenta
2964 649 3178 720 pariter
3201 651 3574 720 explorarent.

1887 737 2082 808 Itaque
2113 737 2354 804 dicebat,
2397 737 2617 792 audisse
2652 755 2710 792 se
2750 755 2783 792 a
2811 743 2972 808 patre
3004 755 3124 804 suo,
3159 740 3309 810 quod
3353 756 3481 793 cum
3511 740 3580 793 de

1886 844 1944 880 se
1994 826 2246 881 Firmino
2290 843 2594 898 praegnans
2633 832 2818 881 mater
2865 831 3028 893 esset,
3077 828 3300 896 paterni
3351 844 3581 900 quoque

1885 915 2054 970 amici
2094 916 2306 971 famula
2351 915 2616 987 qumdam
2661 920 2886 970 uterum
2928 916 3174 983 ferebat;
3211 918 3364 988 quod
3405 919 3580 971 latere

1886 1005 2183 1059 dominum
2215 1021 2327 1059 non
2367 1004 2576 1075 potuit,
2610 1004 2709 1075 qui
2748 1005 2834 1058 vel
2875 1021 3080 1060 canum
3122 1022 3354 1059 suarum
3383 1011 3582 1076 partus

1883 1099 2000 1148 tam
2029 1099 2285 1148 accurate
2314 1094 2668 1158 observaret;
2697 1099 2868 1164 atque
2895 1093 2973 1146 ita
3003 1094 3330 1166 contigisse,
3362 1099 3428 1149 ut
3453 1111 3580 1149 cum

1884 1182 1990 1236 iste
2019 1182 2300 1254 conjugis,
2333 1181 2427 1236 ille
2459 1186 2650 1235 autem
2681 1182 2900 1236 ancillas
2931 1181 3104 1248 diem,
3127 1182 3349 1249 horam,
3375 1185 3430 1236 et
3457 1199 3580 1237 mo-

1886 1276 2145 1326 mentum
2176 1272 2483 1340 diligenter
2507 1273 2888 1340 explorarent,
2919 1272 3117 1325 eodem
3149 1272 3330 1326 amba)
3360 1277 3579 1342 tempo-

1886 1359 1962 1413 ris
1992 1364 2202 1431 puncto
2234 1365 2536 1430 parerent:
2569 1359 2651 1414 ita
2683 1365 2744 1413 ut
2774 1361 2999 1414 easdem
3027 1361 3485 1414 constellationes
3511 1360 3580 1414 ad

1887 1448 2112 1501 easdem
2155 1463 2336 1518 usque
2386 1447 2657 1502 minutias
2698 1448 2925 1520 utrique
2974 1448 3226 1502 nascenti
3266 1448 3583 1504 describere

1885 1536 2061 1592 coacti
2101 1536 2337 1601 fuerint,
2382 1536 2487 1590 istc
2530 1536 2668 1603 lilio,
2720 1536 2815 1590 ille
2862 1538 3103 1592 servulo.
3140 1539 3280 1592 Nam
3325 1554 3454 1591 cum
3498 1554 3579 1591 eae

1889 1625 2155 1679 mulieres
2185 1625 2467 1696 parturire
2496 1625 2818 1696 coepissent,
2847 1625 3238 1680 indicaverunt
3277 1626 3381 1680 sibi
3412 1627 3579 1680 ambo

1887 1713 2026 1784 quid
2057 1713 2115 1767 in
2154 1730 2254 1767 sua
2293 1715 2569 1785 cujusque
2613 1714 2781 1768 domo
2823 1720 3106 1786 ageretur,
3150 1720 3206 1770 et
3240 1720 3582 1786 paraverunt

1884 1819 2025 1873 quos
2065 1803 2132 1856 ad
2165 1819 2222 1855 se
2261 1802 2504 1856 invicem
2543 1803 2855 1870 mitterent,
2899 1803 3067 1856 simul
3109 1819 3172 1856 ac
3211 1802 3322 1856 illa).
3349 1808 3578 1872 partum

1882 1891 2207 1945 edidissent.
2242 1891 2503 1945 Addebat
2531 1907 2644 1956 eos,
2670 1891 2767 1962 qui
2789 1892 2858 1945 ab
2883 1895 3124 1963 utroque
3144 1891 3304 1944 missi
3327 1891 3570 1956 fuerant,

1884 1980 2026 2033 adeo
2047 1995 2113 2033 ex
2131 1979 2362 2049 paribus
2392 1979 2692 2033 domorum
2724 1979 3034 2032 intervallis
3065 1978 3172 2033 sibi
3198 1979 3423 2032 obviam
3455 1995 3577 2034 esse

1882 2069 2078 2134 factos,
2099 2073 2160 2121 ut
2190 2067 2358 2120 aliam
2388 2065 2731 2136 positionem
2753 2067 3024 2133 siderum,
3049 2067 3302 2139 aliasque
3324 2084 3578 2121 momen-

1880 2160 2070 2210 torum
2100 2156 2406 2226 particulas
2436 2156 2497 2209 in
2525 2155 2732 2209 horum
2762 2155 3067 2210 infantium
3087 2161 3214 2210 ortu
3237 2162 3433 2210 notare
3462 2173 3578 2211 non

1882 2245 2193 2316 potuerint.
2229 2246 2294 2298 Et
2320 2249 2510 2297 tamen
2553 2243 2836 2298 Firminus
2880 2244 3059 2298 nobili
3088 2244 3212 2297 loco
3243 2249 3428 2308 natus,
3462 2261 3578 2298 ma-

1882 2334 1980 2405 gni
2001 2335 2150 2404 apud
2177 2350 2374 2388 omnes
2393 2333 2641 2387 nominis
2663 2336 2802 2398 erat,
2829 2332 3041 2387 divitiis
3063 2332 3122 2386 in
3143 2333 3264 2386 dies
3283 2333 3573 2397 alﬂuebat,

1880 2427 1936 2476 et
1965 2421 2281 2476 honoribus
2304 2421 2620 2492 augebatur
2643 2437 2656 2474 :
2682 2437 2875 2474 servus
2899 2426 3087 2474 autem
3119 2420 3215 2474 ille
3237 2421 3576 2475 conditionis

1876 2513 2014 2582 jugo
2057 2511 2381 2564 nullatenus
2428 2511 2677 2563 relaxato
2727 2508 2974 2563 dominis
3023 2509 3322 2563 serviebat.
3360 2509 3456 2563 llis
3503 2509 3573 2563 ab

1880 2599 2085 2653 idoneo
2124 2603 2266 2653 teste
2308 2597 2498 2653 relatis
2540 2598 2712 2652 tidem
2756 2613 2884 2651 cum
2926 2597 3046 2650 sine
3089 2597 3442 2651 cunctatione
3475 2597 3573 2650 ad-

1871 2687 2159 2757 junxisset
2185 2687 2556 2758 Augustinus,
2593 2686 2870 2757 quidquid
2895 2686 2945 2739 ei
2976 2686 3348 2740 dubitationis
3381 2702 3575 2756 super-

1879 2781 2018 2842 erat,
2051 2777 2298 2841 evanuit,
2342 2780 2398 2830 et
2426 2775 2613 2829 omnis
2642 2775 2795 2829 illius
2834 2776 3126 2829 reluctatio
3160 2775 3408 2829 resoluta
3438 2791 3572 2828 con-

1876 2864 2032 2918 cidit.
2067 2866 2131 2918 Et
2154 2864 2342 2934 primo
2373 2863 2606 2934 quidem
2639 2863 2950 2917 Firminum
2993 2863 3064 2916 ab
3095 2863 3193 2916 illa
3221 2862 3569 2927 curiositate,

1878 2969 2050 3024 quam
2081 2969 2169 3005 res
2194 2969 2297 3023 per
2324 2952 2512 3022 ipsum
2539 2955 2768 3005 narrata
2798 2951 3016 3004 futilem
3040 2955 3094 3004 et
3126 2950 3419 3004 ridiculam
3452 2967 3570 3003 esse

1876 3041 2246 3106 monstrabat,
2289 3039 2528 3093 tentavit
2575 3055 2826 3094 avocare.
2861 3039 3073 3092 Deinde
3114 3054 3244 3091 cum
3292 3039 3361 3092 ab
3399 3037 3571 3108 hujus

1876 3129 2128 3184 historias
2159 3129 2486 3183 narratione
2515 3144 2726 3198 magna
2754 3129 2852 3182 lux
2890 3129 3011 3198 ejus
3046 3127 3237 3181 animo
3265 3126 3571 3180 atl‘ulsisset

1878 3219 1948 3274 ad
1997 3219 2168 3290 hujus
2217 3219 2352 3272 artis
2400 3218 2652 3272 fallacias
2690 3216 2918 3288 penitus
2957 3217 3319 3286 detegendas,
3362 3215 3570 3269 mentis

1876 3309 2054 3363 aciem
2095 3307 2154 3362 in
2201 3324 2296 3362 eos
2341 3307 2711 3378 potissimum
2753 3305 3022 3372 intendit,
3055 3305 3154 3376 qui
3206 3303 3421 3375 gemini
3467 3320 3566 3358 na-

1876 3401 2111 3452 scuntur
2143 3413 2156 3450 :
2185 3412 2428 3468 quorum
2458 3395 2740 3466 plerique,
2774 3395 2928 3448 velut
2955 3394 3126 3449 Jacob
3158 3399 3214 3447 et
3245 3394 3408 3458 Esau,
3440 3395 3567 3462 post

1875 3485 2115 3540 invicem
2143 3489 2261 3538 tam
2291 3485 2400 3539 cito
2439 3484 2760 3538 funduntur
2791 3501 2858 3537 ex
2897 3488 3080 3548 utero,
3113 3486 3177 3536 ut
3205 3481 3567 3535 intervallum

1875 3577 2148 3649 temporis
2174 3577 2474 3631 observare
2505 3576 2939 3630 mathematicus
2966 3591 3082 3628 non
3112 3573 3308 3644 possit,
3341 3588 3446 3626 nec
3475 3571 3564 3625 di-

1873 3681 2061 3720 versas
2091 3681 2289 3720 eorum
2318 3665 2774 3719 constellationes
2804 3663 3005 3718 litteris
3033 3662 3285 3732 signare;
3322 3676 3564 3732 quorum

1873 3759 2064 3809 tamen
2095 3771 2216 3808 sors
2243 3755 2410 3825 longe
2442 3753 2734 3807 dissimilis
2764 3752 2954 3806 futura
2978 3751 3076 3805 sit.
3114 3751 3324 3804 Verum
3355 3747 3564 3820 sequis-

1874 3843 2050 3897 simvs
2106 3847 2162 3896 et
2217 3841 2669 3912 sapientissimus
2718 3840 2969 3894 universi
3022 3838 3350 3892 moderator
3394 3838 3561 3901 Deus,

1871 3929 2319 3994 consulentibus,
2356 3927 2743 3998 consultisque
2789 3925 3192 3990 nescientibus,
3224 3924 3444 3978 occulto
3475 3923 3562 3978 iu-

1873 4019 2081 4074 stinctu
2121 4019 2259 4090 agit,
2308 4024 2373 4073 ut
2417 4017 2553 4072 dum
2606 4017 2850 4088 quisque
2899 4014 3166 4079 consulit,
3213 4013 3323 4067 hoc
3370 4011 3565 4067 audiat

1871 4108 2024 4179 quod
2054 4124 2185 4162 eum
2210 4109 2434 4178 oportet
2465 4105 2658 4159 audire
2700 4103 2931 4158 occultis
2969 4101 3186 4156 meritis
3219 4100 3561 4167 animarum,

1872 4209 1940 4246 ex
1961 4193 2161 4262 abysso
2179 4189 2533 4262 justijudicii
2556 4189 2655 4244 Dei
2685 4189 2869 4260 (Ibid,
2893 4189 2987 4242 lib.
3007 4192 3063 4252 ‘7,
3085 4202 3204 4255 cap.
3230 4188 3284 4254 6,
3304 4201 3359 4239 η.
3388 4185 3557 4252 8-10).

1870 4285 1956 4335 An
1983 4280 2137 4336 istud
2164 4279 2402 4335 Firmini
2432 4294 2561 4332 cum
2593 4276 2912 4348 Augustino
2944 4274 3297 4346 colloquium
3327 4274 3562 4328 Cartha-

1872 4370 2005 4440 gine
2030 4368 2354 4438 contigerit,
2386 4383 2458 4420 an
2487 4383 2620 4420 vero
2645 4371 2950 4437 postquam
2984 4365 3039 4418 in
3073 4364 3290 4418 Italiam
3323 4362 3562 4432 trajecit,

1872 4474 1986 4512 non
2028 4457 2207 4528 liquet
2257 4474 2269 4511 :
2307 4461 2464 4510 extra
2506 4454 2952 4509 controversiam
2990 4452 3240 4525 positum
3277 4456 3382 4515 est,
3421 4451 3563 4505 illud

1873 4553 2002 4600 ante
2036 4545 2462 4600 conversionem
2506 4544 2627 4614 ejus
2676 4543 2969 4607 accidisse;
3002 4541 3246 4595 necdum
3291 4539 3446 4594 enim
3485 4540 3565 4594 ita

1871 4653 1928 4690 se
1957 4635 2115 4689 omni
2145 4650 2334 4689 errore
2364 4634 2694 4695 exsolverat,
2729 4630 2868 4702 quin
2909 4631 3083 4685 etiam
3124 4635 3246 4684 tum
3277 4628 3413 4684 mali
3443 4628 3562 4684 ori-

1871 4723 2065 4794 ginem
2093 4722 2458 4792 investigaret
2488 4723 2658 4790 (Conf.
2692 4721 2786 4773 lib.
2819 4723 2871 4782 7,
2900 4734 3018 4788 cap.
3046 4723 3100 4784 ’7,
3133 4735 3187 4772 n.
3223 4716 3326 4788 tl).

1941 4816 1991 4866 5.
2025 4815 2187 4864 Anno
2218 4809 2399 4864 aetatis
2423 4809 2696 4880 vigesimo
2722 4813 2876 4862 sexto
2907 4811 3004 4861 aut
3031 4806 3274 4877 septimo
3306 4804 3563 4859 animum

1871 4899 2091 4971 appulit
2127 4899 2198 4953 ad
2238 4898 2616 4952 lucubrandos
2655 4897 2830 4950 libros
2864 4895 3002 4950 duos
3042 4899 3140 4948 aut
3176 4899 3290 4949 tres
3329 4894 3399 4948 de
3438 4894 3565 4946 Pul-

1869 4989 2004 5042 chro
2035 4993 2091 5042 et
2119 4990 2263 5059 Apto
2295 4986 2476 5057 (lbid.,
2519 4987 2612 5040 lib.
2646 4987 2701 5054 4,
2735 5001 2852 5054 cap.
2891 4987 2976 5050 15,
3015 5001 3076 5040 n.
3115 4984 3226 5054 27).
3256 4985 3320 5038 In
3348 4983 3436 5037 his
3463 4983 3560 5036 de-

1869 5077 2101 5131 finiebat
2129 5076 2438 5130 Pulchrum
2467 5075 2526 5129 id
2558 5090 2677 5128 esse
2708 5073 2861 5145 quod
2892 5088 2996 5144 per
3024 5089 3081 5127 se
3111 5072 3319 5143 ipsum,
3351 5073 3561 5142 Aptum

1869 5171 2061 5220 autem
2113 5165 2171 5218 id
2214 5164 2367 5236 quod
2420 5163 2490 5217 ad
2537 5162 2752 5235 aliquid
2800 5163 3292 5217 accommodatum
3339 5160 3562 5214 deceret

1871 5255 2054 5324 (lbid.,
2095 5273 2150 5308 n.
2193 5256 2300 5322 24).
2345 5254 2486 5308 Nam
2531 5269 2660 5307 cum
2707 5269 2824 5307 non
2870 5268 3126 5306 amemus
3167 5248 3400 5321 aliquid,
3448 5246 3558 5301 nisi

1867 5344 2169 5413 pulchrum
2203 5359 2300 5397 seu
2341 5343 2640 5408 decorum;
2675 5341 2886 5413 quippe
2937 5357 3065 5395 cum
3107 5354 3195 5392 res
3234 5353 3373 5407 quas
3403 5351 3558 5389 ama-

1869 5448 2013 5497 mus,
2049 5432 2156 5486 nisi
2187 5435 2335 5486 esset
2365 5431 2423 5484 in
2475 5431 2556 5486 eis
2603 5430 2774 5485 decus
2821 5434 2875 5483 et
2918 5428 3151 5499 species,
3181 5425 3339 5479 nullo
3388 5423 3559 5478 modo

1869 5538 1970 5576 nos
2000 5521 2069 5574 ad
2107 5537 2165 5574 se
2195 5525 2494 5574 moverent
2523 5537 2536 5574 :
2575 5519 2998 5574 demonstrabat
3034 5517 3093 5569 in
3132 5512 3270 5583 ipsis
3309 5511 3559 5584 corpori-

1869 5610 1975 5665 bus
2003 5609 2157 5664 aliud
2200 5625 2318 5662 esse
2349 5609 2510 5681 quasi
2542 5613 2742 5673 totum,
2776 5611 2831 5660 et
2870 5605 2996 5659 ideo
3029 5601 3370 5669 Pulchrum;
3403 5601 3558 5658 aliud
