4020 6348
369 323 433 371 87
1574 315 1732 368 VITA
1788 316 1850 368 S.
1906 315 2283 370 AlIGUSTlNl
2344 315 2674 370 EPISCOPI.
3824 314 3893 364 88

368 443 563 495 autem
592 438 744 511 quod
775 438 903 494 ideo
933 438 1180 504 deceret,
1211 437 1484 509 quoniam
1514 440 1648 508 apte
1680 436 2071 491 accommoda-

369 532 528 582 retur
551 527 743 597 alicui,
774 526 919 581 sicut
944 540 1079 598 pars
1113 525 1369 597 corporis
1399 525 1471 579 ad
1515 524 1849 580 universum
1898 540 2066 579 suum

371 616 559 688 (Ibid.,
587 632 712 686 cap.
766 619 850 682 13,
878 631 933 669 n.
980 616 1087 683 20).
1121 612 1259 668 Inde
1306 613 1376 668 ad
1415 612 1597 668 animi
1641 630 1870 686 quoque
1911 618 2075 669 natu-

373 721 495 759 ram
539 721 658 758 sese
706 702 1071 758 convertebat
1120 718 1133 755 :
1183 701 1278 756 sed
1324 701 1468 755 falsa
1507 702 1726 773 opinio,
1777 718 1952 773 quam
2004 701 2074 755 de

372 792 767 865 spiritualibus
794 792 1040 846 habebat
1076 790 1347 844 traditam
1388 790 1497 844 sibi
1527 807 1559 844 a
1597 789 1945 850 Manichaais,
1981 805 2069 842 ve-

374 898 504 937 rum
534 897 763 936 cernere
795 896 910 934 non
940 879 1161 933 sinebat
1193 879 1359 949 (Ibid.
1379 919 1393 946 ,
1423 895 1550 948 cap.
1592 883 1679 943 15,
1708 895 1772 935 n.
1806 879 1919 949 24).
1950 880 2073 934 lam

373 974 500 1023 tum
524 968 929 1024 interciderent
956 967 1015 1022 hi
1045 966 1199 1036 libri,
1221 982 1353 1021 cum
1373 967 1762 1022 confessiones
1791 983 1923 1022 suas
1942 967 2077 1021 scri-

373 1059 564 1123 beret;
622 1073 722 1110 nec
769 1061 911 1127 quot
951 1055 1286 1126 scripsisset,
1329 1055 1450 1126 ipse
1500 1056 1842 1111 meminerat
1889 1056 2071 1127 (Ibid,

371 1162 498 1215 cap.
543 1148 630 1215 l3,
659 1162 696 1199 n
760 1146 871 1214 20).
905 1145 1038 1199 Illos
1066 1144 1136 1198 ad
1172 1144 1426 1199 Hierium
1458 1146 1727 1201 Romanae
1759 1146 1918 1200 urbis
1949 1161 2075 1199 ora-

373 1237 557 1287 torem
590 1231 913 1302 scripserat,
945 1232 1043 1304 qui
1069 1248 1199 1287 cum
1222 1248 1434 1304 graecas
1456 1233 1716 1306 apprime
1740 1233 1958 1289 litteras
1983 1250 2079 1287 ex-

374 1320 661 1387 coluisset,
694 1321 885 1376 latinae
924 1320 1209 1377 facundia:
1247 1322 1446 1377 doctor
1483 1321 1783 1389 mirabilis,
1815 1327 1871 1376 et
1910 1320 2078 1376 simul

374 1410 725 1465 clarissimus
755 1410 937 1465 (etatis
965 1425 1084 1464 suae
1113 1409 1491 1481 philosophus
1536 1416 1810 1466 evaserat.
1843 1413 1982 1466 Eum
2012 1410 2081 1464 de

375 1498 519 1553 facie
548 1514 666 1552 non
695 1502 929 1553 noverat
958 1498 1335 1570 Augustinus,
1373 1500 1474 1555 sed
1518 1499 1746 1555 amabat
1774 1516 1839 1554 ex
1869 1499 2080 1554 doctri-

379 1603 468 1641 na:
499 1587 651 1641 fama
676 1590 729 1641 et
759 1586 1015 1641 claritate
1044 1587 1326 1655 nominis;
1350 1604 1414 1642 ac
1436 1589 1700 1660 quadam
1730 1588 1885 1643 illius
1912 1587 2084 1641 verba

379 1676 658 1742 audierat,
702 1692 832 1747 qua:
872 1676 984 1748 ipsi
1022 1677 1352 1732 arriserant.
1394 1678 1533 1731 Cum
1588 1670 1791 1748 itaque
1826 1675 2083 1730 llierium

379 1764 614 1836 plurimi
640 1765 871 1831 faceret,
894 1782 1085 1820 secum
1116 1766 1387 1837 prmclare
1416 1765 1511 1837 agi
1543 1766 1786 1837 putavit,
1820 1765 1976 1836 quod
2000 1764 2086 1818 lu-

380 1853 742 1909 cubrationes
771 1870 890 1909 suae
924 1855 997 1910 ad
1020 1854 1165 1909 tanti
1194 1855 1302 1910 viri
1333 1854 1596 1911 notitiam
1628 1859 1863 1928 possent
1890 1868 2087 1925 perve-

381 1943 507 1999 nire
540 1943 734 2012 (Ibid.,
767 1959 888 2015 cap.
928 1945 1015 2015 14,
1042 1960 1104 2001 n.
1143 1945 1251 2013 2i).

1059 2069 1287 2124 CAPUT
1328 2069 1411 2123 IX.

389 2176 409 2227 1
459 2172 703 2228 Perditos
746 2173 1169 2228 Manichxorum
1204 2188 1376 2228 mores
1425 2172 1779 2243 deprehendit
1818 2173 2085 2240 Augusti-

454 2276 576 2316 nus.
627 2264 662 2315 2
715 2263 924 2317 Horum
974 2260 1215 2316 Auditor
1267 2262 1615 2317 Constantius
1667 2276 1751 2315 eos
1807 2261 2091 2315 emendare

453 2350 671 2415 frustra
699 2352 941 2415 conatus,
974 2363 1029 2402 se
1068 2350 1125 2401 in
1156 2349 1402 2402 Ecclesiae
1445 2348 1718 2402 catholica:
1746 2349 1927 2402 sinum
1954 2350 2089 2402 reci-

452 2438 562 2507 pit.
610 2439 640 2491 3
679 2439 904 2492 Errores
950 2451 1159 2506 quoque
1206 2437 1422 2491 illorum
1474 2438 1542 2491 ab
1591 2437 1899 2503 Augustino
1949 2452 2089 2491 com-

455 2528 619 2596 perti.
669 2527 703 2581 4
752 2527 883 2592 Quis
928 2530 1228 2594 quantusve
1270 2528 1502 2581 Faustus
1552 2526 1643 2579 ille
1692 2541 1729 2578 a
1785 2526 2090 2581 Manichxis

463 2618 739 2683 tantopere
766 2613 1123 2684 praedicatus.
1173 2617 1203 2667 5
1234 2615 1372 2683 Ejus
1415 2616 1636 2669 inscitia
1674 2614 1742 2668 ab
1780 2616 2091 2684 Augustino

460 2703 809 2773 deprehensa.
866 2706 898 2757 6
952 2704 1370 2783 Manichaeorum
1425 2704 1848 2759 imbecillitatem
1901 2704 2091 2760 audito

456 2794 655 2847 Fausto
683 2792 964 2861 intelligit.

462 2921 511 2973 l.
560 2917 675 2972 Etsi
721 2933 931 2989 magna
977 2915 1157 2971 animi
1202 2917 1594 2988 propensione
1644 2917 2087 2975 Manichaeorum

385 3012 553 3062 sectas
581 3023 642 3062 se
670 3006 998 3079 adjunxisse
1024 3007 1317 3063 videretur
1345 3007 1723 3079 Augustinus,
1758 3025 1945 3082 neque
1974 3009 2089 3065 mi-

384 3095 515 3152 nori
559 3096 746 3151 studio
782 3112 911 3151 eam
957 3095 1108 3151 tueri
1153 3100 1324 3167 atque
1374 3112 1697 3168 propagare
1746 3103 2090 3167 conaretur;

384 3186 540 3241 haud
568 3185 646 3239 ita
674 3189 869 3239 tamen
895 3184 949 3239 ei
980 3201 1102 3239 sese
1144 3184 1455 3251 dediderat,
1488 3186 1628 3256 quin
1666 3185 1891 3241 traditae
1926 3186 1989 3241 in
2028 3203 2095 3242 ea

384 3272 658 3329 doctrina:
691 3272 981 3327 interdum
1020 3271 1325 3326 diffideret.
1372 3272 1554 3336 Quam
1586 3272 1967 3345 suspicionem
2006 3291 2095 3329 so-

386 3362 517 3417 lerti
565 3361 799 3433 ingenio
848 3376 981 3416 mox
1035 3361 1298 3415 obortam
1330 3376 1450 3415 esse
1478 3361 1568 3415 vel
1614 3377 1684 3415 ex
1725 3378 1791 3416 eo
1820 3358 2092 3434 apparet,

386 3450 562 3524 quod,
609 3455 673 3505 ut
714 3449 976 3521 superius
1025 3465 1057 3504 a
1106 3448 1274 3503 nobis
1326 3449 1693 3504 observatum
1736 3456 1822 3505 est
1861 3452 2092 3522 (Supra,

385 3555 506 3610 cap.
541 3542 593 3606 6,
619 3555 681 3593 n.
712 3539 789 3609 3),
818 3537 1163 3594 Auditorum
1184 3537 1449 3593 ordinem
1477 3539 1848 3610 prmtergredi
1879 3541 2090 3611 noluit,

388 3645 453 3684 ac
480 3632 605 3683 tum
627 3627 860 3683 demum
890 3642 1240 3699 magnopere
1264 3631 1489 3681 auctam
1515 3626 1938 3700 ﬁrmatamque,
1963 3645 2094 3685 cum

386 3718 558 3789 paulo
586 3716 769 3773 serius
810 3716 958 3784 licet,
993 3716 1273 3771 intellexit
1302 3715 1639 3772 Manichaaos
1677 3716 1739 3772 in
1768 3717 2093 3774 refellendis

388 3807 610 3873 alienis,
641 3822 815 3879 quam
837 3807 899 3862 in
926 3805 1043 3862 suis
1065 3805 1387 3861 asserendis
1418 3805 1807 3878 dogmatibus,
1830 3824 1951 3862 esse
1981 3809 2097 3863 elo-

388 3895 736 3968 quentiores.
772 3897 969 3969 Neque
997 3895 1153 3950 enim
1181 3897 1355 3950 latere
1385 3912 1518 3951 eum
1549 3901 1763 3967 posset,
1795 3913 1969 3969 quam
2001 3914 2093 3952 ex-

386 3985 642 4058 peditum
672 3985 823 4040 foret
848 3985 1026 4040 cuivis
1060 3984 1423 4041 mediocriter
1457 3985 1702 4053 erudito,
1744 3985 1804 4040 in
1847 3986 2093 4041 aliorum

388 4091 611 4130 errores
641 4075 821 4129 multo
852 4074 1158 4129 verborum
1189 4073 1430 4144 strepitu
1458 4072 1680 4141 invehi;
1705 4089 1819 4144 quo
1842 4090 1955 4129 uno
1983 4074 2096 4129 hee-

388 4163 696 4219 reticorum
726 4163 1062 4218 earumdem
1092 4163 1270 4217 robur
1298 4178 1469 4216 omne
1499 4160 1918 4217 continebatur.
1953 4163 2096 4217 Cum

387 4252 539 4308 enim
572 4252 679 4307 hoc
705 4257 870 4323 pacto
911 4251 1220 4317 efﬁcerent,
1253 4255 1315 4305 ut
1356 4250 1501 4305 nulli
1540 4250 1804 4321 opinioni
1840 4250 2095 4306 adhaere-

389 4356 543 4396 scere
582 4340 798 4409 liceret,
829 4340 890 4394 in
934 4340 1192 4412 ipsorum
1233 4339 1574 4394 sententiam
1616 4342 1738 4393 erat
1775 4341 2093 4395 necessario

389 4429 826 4484 transeundum.
856 4431 1046 4498 Itaque
1073 4428 1223 4483 nobis
1259 4428 1559 4495 faciebant,
1597 4427 1792 4500 inquit
1818 4429 2086 4500 Augusti-

390 4534 519 4586 nus,
559 4518 703 4587 quod
730 4516 983 4571 insidiosi
1010 4532 1241 4587 aucupes
1279 4518 1467 4583 solent,
1500 4519 1598 4585 qui
1634 4518 1865 4573 viscatos
1895 4534 2096 4573 surcu-

390 4611 467 4664 los
490 4612 716 4678 propter
747 4623 948 4678 aquam
974 4607 1234 4677 defigunt,
1267 4611 1327 4661 ut
1357 4609 1599 4662 sitientes
1630 4622 1755 4663 aves
1792 4609 2090 4678 decipiant.

393 4698 638 4753 Obruunt
682 4698 844 4762 enim,
889 4700 939 4749 et
984 4710 1195 4765 quoquo
1235 4694 1391 4750 modo
1434 4697 1746 4766 cooperiunt
1783 4697 1925 4752 alias
1978 4714 2096 4767 quae

393 4788 539 4840 circa
565 4789 692 4840 sunt
719 4800 913 4854 aquas,
944 4785 1027 4839 vel
1055 4784 1182 4839 inde
1210 4787 1373 4839 etiam
1400 4784 1770 4852 formidolosis
1798 4787 2095 4841 molitioni-

395 4874 492 4930 bus
512 4875 800 4937 deterrent,
817 4879 879 4928 ut
901 4876 960 4928 in
984 4889 1166 4929 eorum
1188 4874 1357 4941 dolos,
1381 4890 1486 4929 non
1511 4876 1777 4942 electione,
1797 4876 1891 4930 sed
1910 4878 2096 4946 inopia

394 4963 646 5018 decidant
687 4963 786 5033 (De
833 4963 1007 5017 Utilit.
1064 4962 1337 5025 credendi,
1370 4978 1428 5016 n.
1470 4961 1544 5033 2).
1587 4963 1776 5017 Multa:
1814 4969 2095 5035 praeterea

395 5051 858 5125 gravissimisque
879 5052 1295 5107 concurrebant
1313 5067 1520 5115 causae,
1543 5067 1673 5123 quae
1694 5057 1966 5125 susceptas
1986 5054 2093 5108 hes-

395 5156 585 5197 reseos
611 5140 904 5195 fastidium
932 5140 1016 5194 illi
1043 5141 1375 5211 ingererent
1398 5157 1411 5195 :
1435 5140 1534 5195 sed
1564 5141 1739 5196 nulla:
1768 5158 1901 5197 eum
1925 5144 2098 5199 vehe-

396 5231 647 5287 mentius
683 5230 1139 5297 commovebant,
1172 5247 1347 5303 quam
1386 5231 1539 5303 quod
1579 5231 1852 5286 obscenos
1892 5232 2094 5304 depre-

395 5320 675 5376 henderat
709 5318 1148 5375 Manichaeorum
1192 5336 1400 5390 mores,
1449 5325 1505 5376 et
1542 5338 1575 5375 a
1613 5320 1822 5376 Christi
1849 5322 2094 5393 legibus,

400 5412 456 5463 et
505 5425 539 5463 a
578 5408 696 5463 suis
739 5408 999 5481 ipsorum
1039 5408 1317 5465 institutis
1365 5410 1696 5482 longissime
1746 5412 2092 5466 aberrantes.

398 5500 617 5566 Novem,
654 5498 863 5571 inquit,
909 5514 1078 5555 annos
1117 5503 1271 5568 totos,
1312 5516 1513 5570 magna
1546 5516 1680 5556 cura
1719 5505 1770 5555 et
1806 5501 2097 5568 diligentia

400 5601 484 5642 eos
522 5588 735 5657 audivi,
775 5591 958 5645 nullus
1005 5590 1144 5645 mihi
1189 5591 1491 5646 Electorum
1532 5593 1858 5647 innotescere
1888 5592 2121 5660 potuit,,

2180 440 2278 507 qui
2306 436 2595 492 secundum
2624 436 2732 490 haec
2760 438 3031 505 prxcepta
3054 449 3158 488 non
3176 438 3272 488 aut
3294 434 3651 503 deprehensus
3683 435 3741 487 in
3761 446 3898 503 pec-

2180 530 2319 587 cato,
2347 530 2444 580 aut
2472 529 2610 579 certe
2639 525 2935 594 suspicioni
2966 522 3218 578 subditus
3239 525 3431 590 fuerit.
3472 522 3631 578 Multi
3657 524 3719 577 in
3752 523 3894 577 vino

2182 620 2233 669 et
2258 615 2533 681 carnibus,
2565 614 2724 668 multi
2752 614 2993 668 lavantes
3019 614 3075 666 in
3114 612 3318 667 balneis
3347 613 3556 666 inventi
3590 616 3738 668 sunt.
3779 611 3897 667 Sed

2184 706 2293 758 haec
2337 703 2711 758 audiebamus.
2750 701 3010 758 Nonnulli
3061 702 3269 755 alimus
3316 702 3550 767 feminas
3600 700 3896 755 seduxisse

2184 794 2475 863 approbati
2500 796 2646 855 sunt,
2676 793 2758 846 ita
2784 795 2845 845 ut
2878 792 3003 844 hinc
3040 790 3201 858 plane
3230 789 3483 844 dubitare
3510 804 3617 844 non
3643 790 3888 859 possim.

2185 882 2291 937 Sed
2341 884 2414 937 sit
2459 885 2510 935 et
2558 881 2666 935 hxc
2707 881 2881 947 magis
2921 880 3079 946 fama
3125 893 3290 948 quam
3334 894 3541 933 verum.
3594 877 3727 933 Vidi
3772 880 3900 947 ipse

2187 987 2289 1026 non
2332 972 2497 1037 solus,
2541 970 2636 1024 sed
2673 983 2792 1023 cum
2834 970 2906 1024 iis
2948 970 3044 1037 qui
3080 969 3287 1037 partim
3314 967 3437 1036 jam
3475 968 3577 1022 illa
3612 969 3899 1037 supersti-

2187 1062 2327 1114 tione
2355 1060 2574 1113 liberati
2595 1062 2741 1124 sunt,
2771 1059 2980 1127 partim
3008 1055 3186 1110 adhuc
3215 1061 3338 1125 opto
3366 1060 3427 1110 ut
3458 1056 3783 1120 liberentur;
3813 1055 3899 1106 vi—

2187 1148 2367 1203 dimus
2395 1162 2520 1215 ergo
2547 1149 2606 1201 in
2636 1146 2925 1217 quadrivio
2955 1145 3323 1211 Carthaginis,
3356 1147 3417 1198 in
3440 1145 3627 1214 platea
3656 1143 3900 1197 celeber-

2186 1239 2351 1299 rima,
2380 1250 2487 1290 non
2524 1251 2713 1303 unum,
2756 1234 2851 1289 sed
2891 1234 3078 1304 plures
3107 1248 3273 1302 quam
3314 1237 3420 1288 tres
3460 1233 3666 1288 Eiectos
3702 1232 3898 1295 simul,

2183 1329 2310 1395 post
2338 1329 2674 1379 transeuntes
2699 1324 2871 1378 nescio
2893 1337 3031 1393 quas
3053 1323 3289 1389 feminas
3310 1326 3422 1376 tam
3436 1321 3712 1390 petulanti
3738 1322 3904 1389 gestu

2190 1414 2503 1480 adhinnire,
2546 1418 2608 1468 ut
2655 1414 2894 1467 omnium
2938 1412 3221 1466 trivalium
3266 1409 3669 1480 impudicitiam
3710 1410 3900 1478 impu-

2191 1503 2536 1572 dentiamque
2563 1504 2898 1571 superarent.
2937 1499 3090 1566 Quod
3127 1498 3193 1553 de
3220 1513 3421 1566 magna
3458 1498 3639 1552 venire
3672 1511 3901 1551 consue-

2195 1589 2405 1656 tudine,
2441 1590 2766 1659 atque'illos
2805 1590 2946 1643 inter
2983 1603 3038 1642 se
3079 1590 3161 1642 ita
3196 1589 3394 1653 vivere,
3424 1587 3561 1642 satis
3604 1585 3902 1649 eminebat,

2193 1679 2631 1749 quandoquidem
2665 1678 2846 1733 nullus
2886 1679 3020 1732 socii
3053 1678 3404 1747 praesentiam
3442 1678 3668 1742 veritus,
3712 1690 3903 1729 omnes

2194 1772 2292 1822 aut
2318 1772 2455 1822 certe
2481 1783 2615 1837 pene
2644 1782 2820 1821 omnes
2859 1766 3043 1820 eadem
3072 1767 3241 1820 teneri
3264 1769 3413 1835 peste
3443 1764 3741 1819 indicabat.
3776 1764 3903 1819 Non

2194 1859 2337 1910 enim
2369 1860 2523 1910 erant
2552 1856 2612 1910 hi
2651 1871 2718 1908 ex
2749 1870 2857 1909 una
2887 1854 3071 1921 domo;
3103 1853 3198 1908 sed
3240 1853 3448 1908 diverse
3471 1867 3698 1923 prorsus
3727 1852 3906 1906 habi-

2197 1948 2391 2011 tantes,
2438 1960 2505 1998 ex
2542 1959 2599 1999 eo
2640 1944 2749 1999 loco
2787 1943 2883 1997 ubi
2923 1948 3209 1998 conventus
3254 1944 3492 1997 omnium
3526 1944 3709 2010 factus
3754 1945 3907 2006 erat,

2194 2035 2408 2105 pariter
2447 2035 2591 2101 forte
2635 2031 3040 2087 descenderant.
3083 2033 3191 2088 Nos
3238 2035 3416 2085 autem
3461 2032 3705 2100 graviter
3747 2046 3909 2085 com-

2196 2123 2349 2189 moti,
2379 2123 2622 2191 graviter
2647 2123 2811 2176 etiam
2839 2121 3016 2191 questi
3038 2134 3243 2175 sumus.
3272 2120 3402 2186 Quis
3426 2119 3645 2174 tandem
3666 2120 3760 2174 hoc
3782 2121 3912 2173 vin-

2198 2211 2512 2278 dicandum,
2542 2225 2648 2265 non
2686 2210 2865 2264 dicam
2899 2212 3239 2279 separatione
3276 2208 3345 2262 ab
3381 2209 3619 2275 ecclesia,
3662 2206 3756 2263 sed
3798 2222 3912 2277 pro

2198 2301 2574 2370 magnitudine
2597 2300 2818 2368 flagitii,
2842 2299 3137 2353 vehementi
3163 2298 3354 2353 saltem
3376 2297 3769 2366 objurgatione,
3805 2314 3910 2351 ur-

2201 2392 2434 2447 bitratus
2462 2393 2586 2445 est?
2604 2392 2674 2445 Et
2698 2391 2806 2444 haec
2835 2394 2952 2444 erat
2979 2390 3149 2444 omnis
3169 2390 3445 2442 excusatio
3464 2388 3811 2458 impunitatis
3838 2388 3912 2441 il-

2201 2481 2395 2548 lorum,
2427 2478 2571 2548 quod
2594 2494 2651 2533 eo
2682 2483 2936 2548 tempore,
2957 2493 3061 2547 quo
3082 2477 3447 2531 conventicula
3467 2492 3648 2531 eorum
3667 2477 3777 2543 lege
3792 2491 3913 2544 pu-

2202 2569 2341 2623 blica
2368 2568 2804 2638 prohiberentur,
2835 2583 2899 2621 ne
2928 2566 3064 2635 quid
3090 2566 3205 2620 laesi
3226 2565 3518 2635 proderent
3543 2564 3913 2620 metuebatur.

2200 2656 2265 2712 Id
2287 2659 2451 2711 etiam
2479 2656 2632 2711 nobis
2656 2670 2969 2724 responsum
2987 2660 3085 2719 est,
3110 2670 3231 2709 cum
3251 2654 3326 2709 ad
3350 2658 3496 2724 ipsos
3520 2656 3783 2724 primates
3818 2654 3917 2706 de-

2203 2748 2505 2801 tulissemus
2533 2749 2875 2814 conquestam
2902 2744 3056 2799 nobis
3084 2758 3196 2798 esse
3218 2744 3516 2809 mulierem,
3539 2742 3685 2812 quod
3701 2744 3762 2796 in
3780 2758 3919 2797 con-

2201 2837 2363 2902 clavi,
2393 2833 2489 2889 ubi
2515 2849 2637 2889 cum
2659 2834 2788 2889 aliis
2815 2835 3035 2901 feminis
3054 2837 3193 2899 erat,
3218 2832 3284 2887 de
3312 2833 3529 2887 illorum
3550 2833 3751 2887 scilicet
3772 2846 3918 2886 san-

2201 2928 2389 2981 ctitate
2439 2940 2648 2990 secura,
2694 2924 2955 2992 ingressis
3007 2922 3201 2978 Electis
3246 2920 3523 2991 pluribus,
3572 2924 3624 2975 et
3673 2920 3743 2975 ab
3798 2937 3916 2976 uno

2203 3016 2419 3070 lucerna
2447 3015 2735 3079 exstincta,
2760 3014 3022 3067 incertum
3049 3012 3206 3081 cuius
3234 3026 3436 3077 eorum,
3457 3014 3517 3064 in
3547 3010 3779 3064 tenebris
3809 3026 3918 3079 ap-

2200 3106 2373 3175 petita
2399 3108 2533 3158 esset
2560 3103 2832 3171 amplexu,
2867 3106 2918 3155 et
2948 3105 3134 3155 coacta
3158 3102 3218 3153 in
3243 3101 3538 3167 flagitium,
3571 3100 3684 3154 nisi
3710 3098 3912 3154 subsi-

2204 3194 2296 3248 dio
2340 3192 2590 3246 clamoris
2632 3191 2905 3244 evasisset.
2954 3190 3065 3243 Hoc
3109 3187 3262 3241 nobis
3309 3202 3519 3256 quoque
3562 3190 3917 3243 notissimum

2203 3284 2381 3348 nefas,
2412 3280 2478 3333 de
2507 3282 2715 3348 quanta
2736 3276 3117 3332 consuetudine
3138 3276 3345 3329 venisse
3370 3274 3756 3329 arbitrandum
3787 3282 3873 3332 est
3889 3281 3917 3332 ?

2206 3372 2275 3425 Et
2298 3371 2394 3424 hoc
2431 3370 2643 3436 factum
2670 3370 2749 3420 est
2773 3382 2836 3419 ea
2871 3368 3041 3431 nocte,
3074 3380 3184 3433 qua
3212 3365 3366 3430 festx
3405 3362 3556 3432 apud
3583 3378 3673 3418 vos
3702 3366 3916 3431 vigilax

2203 3459 2542 3514 celebrantur
2568 3458 2668 3527 (De
2694 3454 2934 3510 Moribus
2970 3453 3233 3513 Manich.,
3261 3469 3315 3506 η.
3360 3454 3572 3518 68-70).
3622 3453 3787 3518 Quod
3820 3460 3918 3509 at-

2204 3547 2349 3602 tinet
2376 3546 2447 3601 ad
2474 3542 2956 3610 interdictionem,
2980 3557 3095 3614 qua
3120 3540 3411 3597 Manichaai
3431 3540 3591 3595 vetiti
3616 3544 3751 3595 sunt
3769 3557 3916 3595 con-

2205 3640 2407 3691 ventus
2438 3649 2632 3706 agere,
2662 3636 2845 3687 exstat
2871 3648 2939 3685 ea
2967 3631 3038 3685 de
3073 3647 3133 3684 re
3165 3631 3253 3684 lex
3290 3646 3324 3684 a
3367 3629 3765 3684 Valentiniano
3797 3630 3915 3684 im-

2204 3729 2466 3798 peratore
2478 3724 2591 3779 lata
2602 3737 2753 3777 anno
2772 3719 3171 3775 trecentesimo
3184 3718 3605 3791 septuagesimo
3618 3720 3874 3775 secundo
3898 3737 3913 3774 :

2206 3813 2468 3885 quamvis
2496 3812 2587 3868 hic
2614 3810 2880 3883 princeps
2907 3809 2984 3865 ita
3003 3808 3237 3881 ingenio
3267 3812 3630 3879 comparatus
3652 3812 3820 3875 esset,
3849 3815 3917 3863 ut

2205 3903 2411 3975 cuique
2443 3901 2682 3957 liberam
2716 3898 3009 3970 religionis
3036 3898 3329 3969 optionem
3361 3898 3599 3969 ejusque
3632 3913 3795 3952 usum
3831 3898 3915 3953 fa-

2204 3992 2312 4048 cile
2342 3991 2707 4063 relinqueret.
2739 3989 3147 4059 Suspicionibus
3175 4002 3298 4041 vero
3324 3986 3509 4057 janux
3533 3990 3748 4055 quanta
3775 4002 3912 4056 ape-

2204 4082 2504 4147 riebantur,
2532 4079 2722 4151 pergit
2752 4076 3125 4148 Augustinus,
3159 4092 3278 4131 cum
3306 4090 3391 4131 eos
3419 4076 3632 4130 invidos
3660 4077 3911 4129 invenie-

2206 4171 2413 4236 bamus,
2436 4185 2557 4223 cum
2583 4181 2798 4233 avaros,
2820 4181 2941 4220 cum
2963 4166 3247 4235 epularum
3265 4166 3667 4235 exquisiturum
3693 4164 3912 4217 avidis-

2204 4261 2387 4327 simos,
2438 4273 2557 4311 cum
2601 4258 2659 4309 in
2678 4256 2888 4323 jurgiis
2934 4253 3421 4323 frequentissimos,
3470 4268 3589 4308 cum
3633 4252 3699 4306 de
3745 4252 3911 4307 rebus

2205 4349 2417 4414 exiguis
2438 4345 2814 4401 mobilissimcs
2828 4343 2855 4399 ?
2884 4344 3000 4400 Non
3029 4345 3217 4412 utique
3244 4341 3656 4397 arbitrabamur
3676 4356 3760 4396 eos
3781 4345 3913 4396 tem-

2201 4451 2396 4507 perare
2452 4448 2623 4504 posse,
2676 4448 2712 4486 a
2734 4465 2743 4474 -
2764 4431 2960 4501 quibus
3013 4446 3069 4485 se
3133 4435 3429 4500 temperare
3490 4429 3906 4499 proﬁtebantur,

2205 4524 2423 4595 quando
2471 4523 2703 4578 latibula
2742 4525 2793 4575 et
2839 4520 3083 4575 tenebras
3126 4521 3455 4573 invenirent.
3510 4521 3626 4572 Duo
3681 4518 3911 4587 quidam

2205 4618 2359 4669 erant
2387 4612 2807 4667 existimationis
2835 4612 2973 4665 satis
3001 4609 3166 4677 bona,
3199 4609 3360 4676 facili
3393 4607 3624 4674 ingenio,
3655 4610 3821 4675 atque
3850 4610 3908 4661 in

2203 4704 2316 4758 illis
2344 4704 2458 4757 suis
2488 4699 2948 4770 disputationibus
2970 4700 3248 4767 principes
3284 4696 3438 4750 nobis
3475 4695 3709 4763 amplius
3742 4712 3909 4766 quam

2205 4792 2382 4847 exteri
2408 4790 2851 4858 familiariusque
2878 4785 3170 4854 conjuncti.
3202 4783 3440 4850 Quorum
3463 4797 3625 4850 unus,
3655 4785 3753 4851 qui
3775 4799 3908 4853 pro-

2199 4885 2324 4952 pter
2351 4879 2540 4935 studia
2566 4880 2730 4933 etiam
2755 4875 3008 4931 liberalia
3033 4874 3187 4928 nobis
3215 4874 3421 4927 arctius
3456 4872 3794 4942 adhzrebat,
3820 4874 3909 4928 hic

2202 4984 2344 5024 nunc
2373 4968 2451 5023 ibi
2477 4982 2588 5023 esse
2609 4965 2894 5037 presbyter
2916 4963 3123 5018 dicitur
3154 4978 3167 5016 :
3199 4963 3261 5016 hi
3286 4962 3396 5016 sibi
3422 4964 3671 5030 graviter
3699 4963 3908 5017 invide-

2207 5058 2356 5125 bant,
2386 5061 2436 5112 et
2464 5055 2753 5125 objiciebat
2786 5053 2926 5107 alter
2952 5052 3132 5118 alteri,
3163 5065 3271 5105 non
3298 5052 3639 5118 accusatione
3667 5053 3905 5119 manife-

2204 5152 2313 5216 sta,
2341 5146 2436 5202 sed
2462 5159 2700 5200 sermone
2723 5140 2875 5213 apud
2922 5155 3054 5210 quos
3081 5144 3314 5211 poterat,
3359 5145 3413 5196 et
3441 5142 3707 5206 susurris,
3750 5140 3820 5194 ab
3849 5156 3908 5196 eo

2203 5237 2463 5291 violenter
2508 5236 2831 5287 attentatam
2871 5229 3156 5299 cujusdam
3196 5230 3487 5286 Auditoris
3528 5244 3768 5284 uxorem.
3812 5230 3907 5284 Ille

2204 5329 2382 5380 autem
2408 5337 2464 5378 se
2490 5335 2755 5391 purgans,
2785 5320 3009 5375 interim
3032 5318 3183 5389 apud
3209 5334 3305 5375 nos
3334 5320 3505 5374 alium
3531 5318 3767 5388 ejusdem
3792 5332 3907 5373 sce-

2205 5414 2333 5467 leris
2360 5411 2600 5467 Electum
2635 5408 3050 5475 criminabatur,
3084 5410 3183 5480 qui
3210 5408 3363 5478 apud
3397 5407 3640 5463 eumdem
3665 5406 3903 5462 Audito-

2203 5516 2334 5568 rem,
2362 5500 2524 5568 quasi
2551 5500 2755 5553 amicus
2771 5497 3078 5569 ﬁdissimus
3105 5496 3391 5552 habitabat
3419 5512 3432 5550 :
3465 5510 3621 5566 quem
3646 5496 3904 5564 quoniam

2205 5590 2380 5645 subito
2425 5588 2732 5656 ingrediens
2786 5602 2905 5643 cum
2946 5588 3169 5642 muliere
3210 5584 3653 5656 deprehenderat,
3694 5584 3905 5640 dicebat
