4020 6362
96 340 167 389 S'J
1582 337 1795 393 LIBER
1836 338 2121 394 PRIMUS.
3534 341 3607 396 90

89 458 312 512 mulieri
338 463 387 512 et
401 457 648 514 adultero
666 459 735 513 ab
766 459 858 513 illo
880 460 1096 513 inimico
1120 463 1282 529 atque
1304 458 1487 514 invido
1505 450 1788 516 consilium

84 545 304 611 datum,
334 550 394 598 ut
420 545 519 599 illa
540 545 648 600 sibi
672 547 995 614 conﬂaretur
1019 546 1314 612 calumnia,
1335 561 1401 600 ne
1428 548 1479 600 si
1505 546 1644 616 quid
1663 562 1790 616 pro-

85 633 258 701 deret,
290 633 617 690 crederetur.
656 634 1004 700 Angebamur
1034 648 1148 701 nos,
1178 638 1230 688 et
1257 635 1626 689 molestissime
1651 638 1790 701 fere-

86 723 305 784 bamus,
344 722 488 791 quod
506 724 720 777 etiamsi
748 723 813 776 de
840 724 1087 792 appetita
1108 723 1329 777 muliere
1356 724 1620 778 incertum
1647 727 1783 791 erat,

85 811 232 865 livor
259 816 440 866 tamen
463 814 522 865 in
546 812 657 866 illis
675 811 902 878 duobus,
930 811 1126 881 quibus
1144 813 1386 867 meliores
1410 812 1487 866 ibi
1513 828 1621 867 non
1643 814 1791 867 inve-

85 900 391 967 niebamus,
421 900 724 970 apparebat
765 902 1081 963 acerrimus,
1121 906 1172 955 et
1199 902 1315 955 alia
1344 902 1605 971 conjicere
1630 917 1787 970 coge-

87 990 210 1043 bat.
252 989 527 1044 Postremo
563 990 622 1043 in
661 990 885 1044 theatris
926 990 1131 1044 Eiectos
1163 993 1213 1043 et
1249 994 1424 1057 atate,
1457 995 1526 1057 et,
1549 995 1611 1045 ut
1637 990 1789 1045 vide-

89 1075 317 1145 bantur,
355 1077 592 1131 moribus
619 1092 834 1144 graves,
864 1092 984 1132 cum
1019 1093 1139 1132 sene
1163 1078 1473 1147 presbytero
1492 1081 1789 1149 sapissime

88 1165 421 1220 invenimus.
461 1165 658 1222 Omitto
673 1167 917 1234 juvenes,
946 1181 1077 1236 quos
1102 1169 1265 1221 etiam
1288 1167 1535 1223 rimantes
1552 1184 1654 1237 pro
1670 1183 1783 1223 sce-

90 1254 233 1306 nivis
278 1257 330 1306 et
358 1254 569 1320 aurigis
614 1253 1005 1323 deprehendere
1042 1255 1374 1322 solebamus;
1424 1272 1543 1325 quae
1570 1271 1654 1310 res
1686 1271 1791 1309 non

90 1340 356 1395 mediocri
391 1346 705 1410 argumento
742 1346 842 1409 est,
891 1342 1150 1411 quomodo
1192 1358 1248 1397 se
1280 1346 1494 1413 possint
1524 1346 1792 1399 continere

92 1428 161 1481 ab
195 1430 440 1499 occultis,
466 1445 585 1484 cum
613 1445 731 1484 eam
757 1430 1112 1499 cupiditatem
1139 1446 1399 1501 superare
1428 1448 1529 1488 non
1554 1434 1789 1501 possint,

93 1533 214 1584 qua:
257 1515 381 1573 illos
422 1517 748 1574 Auditorum
787 1532 1007 1572 suorum
1050 1519 1217 1574 oculis
1254 1524 1485 1575 ostentat
1531 1525 1581 1575 et
1605 1521 1792 1591 prodit

90 1607 454 1662 erubescentes
479 1610 642 1676 atque
652 1608 973 1674 fugitantes.
991 1607 1082 1662 An
1102 1623 1225 1662 vero
1245 1609 1393 1663 illius
1411 1612 1574 1664 etiam
1593 1612 1791 1678 sancti,

90 1696 167 1750 ad
197 1696 357 1765 cujus
403 1696 797 1765 disputationes
840 1698 900 1749 in
925 1698 1235 1764 ﬁcariorum
1264 1700 1443 1752 vicum
1482 1699 1792 1753 ventitaba-

91 1797 233 1849 mus,
254 1787 467 1837 tantum
494 1783 634 1838 illud
656 1785 925 1852 ﬂagitium
940 1784 1279 1853 proderetur,
1300 1790 1349 1841 si
1370 1785 1636 1856 virginem
1662 1803 1791 1842 san-

90 1872 459 1925 ctimonialem
484 1872 758 1926 mulierem
798 1876 1028 1939 tantum,
1072 1889 1179 1928 non
1210 1879 1260 1928 et
1290 1881 1664 1944 praegnantem
1699 1878 1792 1942 fa-

90 1976 205 2015 cere
240 1960 551 2030 potuisset?
576 1959 683 2016 Sed
719 1961 979 2015 occultum
1008 1965 1059 2014 et
1098 1962 1413 2017 incredibile
1454 1963 1657 2017 malum
1680 1979 1792 2017 cre-

91 2064 243 2105 scens
290 2053 475 2105 uterus
518 2049 685 2103 latere
729 2064 834 2103 non
874 2064 1073 2119 passus
1118 2055 1216 2106 est.
1263 2051 1421 2117 Quod
1462 2066 1582 2106 cum
1623 2056 1794 2106 mater

91 2140 268 2206 fratri
287 2138 483 2208 juveni
504 2138 856 2208 prodidisset,
888 2141 1148 2194 acerrime
1175 2140 1376 2203 dolens,
1408 2142 1684 2208 religionis
1708 2146 1792 2194 ta-

97 2244 215 2282 men
241 2230 457 2283 nomine
483 2228 552 2282 ab
571 2230 906 2283 accusatione
932 2228 1149 2298 publica
1176 2235 1449 2285 revocatus
1479 2234 1592 2296 est;
1612 2231 1794 2299 perfe-

96 2320 273 2387 citque
313 2321 373 2370 ut
415 2316 507 2371 ille
548 2315 675 2386 (non
704 2318 846 2370 enim
879 2317 973 2370 hoc
1009 2318 1125 2384 fere
1161 2320 1453 2387 quisquam
1474 2317 1698 2392 posset),
1729 2318 1796 2371 de

96 2407 194 2460 illa
221 2406 445 2461 ecclesia
459 2406 753 2475 pelleretur
776 2421 789 2459 :
819 2410 869 2458 et
888 2421 953 2459 ne
981 2408 1251 2477 impunita
1278 2422 1361 2460 res
1391 2408 1605 2460 omnino
1633 2409 1790 2472 esset,

99 2497 239 2565 cepit
266 2495 571 2555 consilium,
608 2498 669 2548 ut
700 2493 977 2559 adjunctis
1016 2494 1124 2549 sibi
1150 2496 1363 2561 amicis,
1394 2495 1656 2549 hominem
1681 2509 1795 2563 pu-

97 2585 219 2651 gnis
244 2583 587 2653 calcibusque
615 2582 909 2637 concideret
936 2582 1124 2650 (lbid.,
1162 2597 1255 2636 nn.
1286 2586 1316 2635 ‘7
1333 2586 1378 2651 l,
1398 2581 1510 2651 72).

168 2676 222 2727 2.
255 2672 327 2726 In
353 2671 501 2726 hanc
526 2686 649 2726 rem
680 2670 863 2725 adhuc
901 2669 1144 2724 maxime
1180 2669 1468 2740 insignem
1508 2670 1683 2726 refert
1708 2670 1797 2724 hi-

85 2760 349 2828 storiam,
380 2776 510 2832 quas
535 2759 769 2831 quidem
792 2774 974 2830 usque
1002 2759 1145 2814 adeo
1174 2759 1595 2830 percrebuerat,
1627 2764 1692 2814 ut
1717 2760 1788 2814 ad

84 2850 352 2905 absentes
370 2848 547 2905 etiam
562 2848 851 2919 longeque
868 2847 1088 2919 positos
1114 2848 1269 2903 fama
1293 2848 1560 2919 vulgante
1588 2864 1790 2918 perve-

86 2938 250 2993 niret.
296 2937 549 3008 Contigit
595 2937 696 2992 illa
743 2937 937 2991 Romae
981 2952 1113 2990 cum
1161 2936 1232 2990 ab
1280 2952 1347 2990 ea
1391 2936 1534 2990 urbe
1565 2936 1788 2991 abesset

86 3027 460 3099 Augustinus,
492 3026 593 3098 qui
632 3041 756 3081 rem
786 3041 1019 3080 omnem
1044 3028 1286 3096 gestam,
1317 3042 1351 3080 a
1380 3024 1650 3079 familiari
1677 3042 1781 3080 suo

85 3116 280 3187 probae
331 3115 467 3170 ﬁdei
505 3114 649 3181 viro,
700 3114 922 3169 oculato
951 3114 1072 3185 ejus
1101 3116 1261 3181 teste,
1293 3113 1562 3185 cognovit
1590 3130 1604 3168 :
1637 3130 1786 3179 non,-

88 3204 376 3277 nullisque
392 3203 625 3275 insuper
649 3202 801 3258 idem
827 3202 1028 3258 eadem
1049 3202 1195 3257 serie
1223 3201 1622 3269 referentibus,
1652 3219 1786 3258 cum

88 3293 331 3348 Romam
352 3297 552 3363 postea
581 3290 846 3358 venisset,
875 3294 1230 3362 compertam
1258 3289 1493 3345 omnino
1523 3291 1786 3362 explora-

86 3387 320 3453 tamqne
349 3379 458 3436 sibi
486 3380 662 3435 fuisse
691 3383 950 3435 testatur.
993 3380 1156 3434 Illam
1178 3377 1299 3451 ipse
1327 3383 1525 3433 narrat
1548 3379 1702 3434 hunc
1727 3379 1788 3434 in

89 3486 145 3525 ω
158 3471 327 3526 idum
348 3485 364 3524 :
385 3468 618 3537 Quidam
634 3474 805 3524 vester
823 3468 1058 3524 Auditor
1073 3467 1431 3538 (Manichazos
1446 3467 1780 3539 alloquitur)

92 3562 147 3614 in
172 3560 273 3615 illa
302 3558 637 3613 memorabili
664 3557 994 3612 abstinentia
1019 3558 1192 3611 nihilo
1222 3557 1420 3612 Electis
1448 3556 1661 3625 cedens,
1695 3557 1793 3625 qui

90 3654 137 3703 et
161 3650 462 3703 liberaliter
492 3648 774 3703 institutus
803 3650 954 3714 esset,
997 3649 1047 3700 et
1074 3650 1309 3700 vestram
1344 3649 1543 3701 sectam
1581 3647 1787 3715 copiose

93 3739 244 3793 vellet
281 3743 334 3792 et
359 3738 549 3792 soleret
576 3735 879 3803 defendere,
907 3736 1273 3790 molestissime
1308 3734 1539 3802 ferebat,
1568 3734 1716 3805 quod
1740 3736 1790 3789 ei

90 3838 222 3890 vage
242 3826 579 3894 pessimeque
607 3823 974 3879 habitantium
995 3825 1315 3893 passimque
1344 3826 1637 3877 viventium
1670 3824 1788 3878 Ele-

91 3917 298 3967 ctorum
317 3927 486 3967 mores
503 3911 867 3981 perditissimi
883 3926 1021 3981 sepe
1039 3911 1349 3981 disputanti
1371 3911 1434 3966 ob
1430 3911 1790 3980 jiciebantur,

89 4000 351 4071 Cupiebat
380 4002 584 4069 itaque,
612 4003 665 4055 si
686 4001 807 4069 ﬁeri
824 4004 1020 4069 posset,
1051 4015 1228 4054 omnes
1245 4001 1343 4068 qui
1367 3998 1662 4054 secundum
1690 4000 1789 4052 illa

84 4094 364 4159 pracepta
400 4090 570 4143 vitam
601 4089 790 4155 degere
812 4089 1004 4157 parati
1031 4092 1223 4154 essent,
1255 4102 1578 4154 congregare
1600 4088 1659 4141 in
1688 4087 1785 4141 do-

92 4193 236 4232 mum
262 4191 440 4245 suam,
465 4182 516 4231 et
538 4178 652 4231 suis
671 4175 972 4245 sumptibus
990 4176 1272 4230 sustinere.
1295 4178 1433 4229 Erat
1449 4176 1591 4229 enim
1619 4180 1669 4229 et
1688 4191 1793 4231 non

91 4267 642 4336 mediocrispecuniae
670 4268 1017 4334 contemptor,
1042 4268 1093 4318 et
1120 4278 1225 4317 non
1254 4264 1593 4319 mediocriter
1620 4279 1791 4334 pecu-

94 4357 297 4410 niosus.
341 4354 671 4421 Querebatur
708 4357 886 4407 autem
914 4353 1173 4421 impediri
1213 4356 1389 4407 tantos
1418 4356 1640 4407 conatus
1669 4367 1792 4408 suos

95 4447 461 4515 episcoporum
502 4442 869 4507 dissolutione,
914 4442 1109 4510 quibus
1148 4440 1541 4510 adjuvantibus
1571 4443 1793 4510 implere

98 4533 338 4589 debebat.
383 4534 592 4588 Interea
618 4535 789 4587 vester
829 4532 1106 4600 episcopus
1150 4530 1397 4599 quidam,
1436 4531 1587 4584 homo
1607 4530 1788 4599 plane,

98 4626 157 4676 ut
180 4625 298 4693 ipse
339 4624 593 4691 expertus
638 4635 778 4685 sum,
825 4621 1134 4674 rusticanus
1175 4623 1338 4689 atque
1366 4619 1664 4688 impolitus,
1697 4618 1791 4672 scd

98 4712 272 4765 nescio
300 4710 582 4780 quomodo,
612 4724 676 4764 ea
699 4711 824 4778 ipsa
849 4708 1061 4762 duritia
1088 4709 1322 4762 severior
1340 4709 1398 4761 in
1426 4707 1791 4762 custodiendis

101 4796 247 4853 bonis
287 4798 525 4854 moribus
553 4797 855 4852 videbatur.
888 4798 1043 4850 Hunc
1072 4795 1378 4850 diutissime
1403 4795 1789 4862 desideratum,

100 4890 146 4939 et
174 4887 473 4956 aliquando
494 4890 813 4957 praesentem
841 4887 1044 4954 arripit
1073 4886 1189 4946 iste,
1212 4886 1436 4953 exponit
1466 4886 1671 4938 homini
1694 4900 1790 4939 vo-

101 4973 356 5030 luntatem
374 4991 529 5030 suam
561 4991 574 5029 :
607 4974 797 5029 laudat
825 4974 919 5029 ille
941 4978 1103 5042 atque
1131 4975 1409 5041 consentit,
1438 4974 1618 5042 placet
1648 4978 1707 5028 ut
1734 4975 1794 5028 in

100 5062 249 5119 domo
272 5066 389 5134 ejus
414 5065 569 5133 prior
590 5066 707 5134 ipse
734 5065 963 5132 incipiat
987 5062 1255 5116 habitare.
1290 5061 1446 5128 Quod
1466 5060 1562 5115 ubi
1584 5063 1794 5128 factum

103 5157 194 5218 est,
225 5168 282 5208 eo
310 5154 622 5222 congregati
645 5156 771 5207 sunt
807 5152 978 5207 Electi
999 5165 1197 5214 omnes,
1239 5153 1337 5219 qui
1358 5152 1536 5206 Roma
1563 5165 1675 5205 esse
1693 5166 1791 5219 po-

105 5243 333 5297 tuerunt.
346 5244 630 5312 Proposita
639 5246 718 5296 est
730 5240 949 5296 vivendi
958 5239 1148 5308 regula
1160 5240 1227 5294 de
1237 5240 1525 5295 Manichzi
1543 5241 1791 5308 epistola.

107 5329 283 5387 Multis
308 5331 649 5388 intolerabile
670 5333 847 5385 visum
869 5335 976 5396 est;
997 5331 1365 5385 abscesserunt
1388 5345 1401 5383 :
1424 5331 1796 5382 remanserunt

108 5420 276 5474 tamen
298 5420 508 5490 pudore
532 5434 639 5474 non
664 5420 853 5488 pauci.
889 5419 1059 5488 Capit
1084 5420 1165 5472 ita
1194 5419 1310 5471 vivi
1336 5420 1396 5470 ut
1422 5418 1722 5486 placuerat,
1745 5421 1796 5470 et

109 5510 166 5559 ut
192 5512 342 5564 tanta
362 5508 749 5581 praescribebat
776 5509 1072 5562 auctoritas
1106 5524 1119 5561 :
1166 5522 1287 5562 cum
1313 5507 1527 5561 interim
1557 5504 1794 5560 Auditor

111 5594 199 5649 ille
222 5599 552 5655 vehementer
579 5612 756 5653 omnes
779 5596 855 5651 ad
880 5597 1063 5652 omnia
1085 5599 1310 5664 cogeret,
1339 5595 1602 5649 neminem
1618 5597 1795 5649 tamen

115 5681 182 5734 ad
208 5685 267 5738 id
294 5686 438 5755 quod
464 5701 570 5741 non
592 5686 751 5755 prior
779 5687 894 5755 ipse
920 5686 1229 5753 susciperet.
1255 5686 1466 5739 Interea
1491 5684 1633 5738 ripae
1656 5685 1798 5739 inter

1896 462 2101 516 Eiectos
2121 462 2432 517 oriebantur
2454 460 2805 525 creberrimae,
2838 458 3237 528 objiciebantur
3268 460 3337 513 ab
3368 462 3601 516 invicem

1895 549 2152 610 crimina.
2185 566 2303 619 quae
2322 551 2413 604 ille
2440 550 2620 604 omnia
2641 563 2851 617 gemens
2881 547 3161 613 audiebat,
3184 547 3457 616 dabatque
3478 564 3604 617 ope-

1898 652 2038 703 ram,
2067 653 2133 692 ne
2172 652 2227 693 se
2262 640 2407 707 ipsos
2454 639 2511 691 in
2528 635 2810 706 jurgando
2841 636 3209 689 incautissime
3250 635 3543 704 proderent
3573 652 3588 690 :

1893 725 2195 795 prodebant
2234 725 2477 793 nefanda
2506 729 2556 779 et
2584 726 2863 779 immania.
2893 723 2979 779 Ibi
3005 725 3277 790 cognitum
3303 729 3383 778 est
3409 725 3595 797 quales

1899 818 2088 880 essent,
2115 816 2213 883 qui
2233 818 2409 869 tamen
2431 815 2572 867 inter
2600 818 2811 868 exteros
2831 814 2943 866 vim
2958 816 3347 881 praceptorum
3374 813 3592 867 illorum

1898 903 2230 958 subeundam
2265 903 2374 959 sibi
2408 917 2522 958 esse
2554 906 2902 971 putaverunt.
2949 902 3072 955 lam
3120 901 3186 954 de
3215 902 3417 956 ceteris
3457 900 3592 970 quid

1898 991 2284 1061 suspicandum
2313 995 2450 1057 erat,
2482 995 2578 1045 aut
2612 990 2749 1060 quid
2784 991 2969 1059 potius
3007 989 3371 1058 iudicandum
3392 988 3419 1043 ?
3451 988 3598 1055 Quid

1898 1078 2101 1149 plura?
2129 1082 2311 1136 Coacti
2336 1078 2633 1148 aliquando
2675 1084 3168 1144 murmuraverunt,
3208 1079 3467 1132 sustineri
3495 1078 3594 1131 illa

1898 1168 2162 1223 mandata
2189 1183 2293 1222 non
2308 1183 2465 1237 posse
2487 1184 2499 1222 :
2524 1167 2649 1221 inde
2674 1169 2732 1221 in
2751 1167 3084 1222 seditionem.
3118 1166 3328 1233 Agebat
3356 1166 3598 1221 Auditor

1900 1271 2120 1311 causam
2161 1271 2318 1310 suam
2345 1258 2707 1326 complexione
2746 1256 3065 1310 brevissima
3096 1271 3110 1309 :
3143 1256 3253 1309 Aut
3281 1256 3379 1309 illa
3408 1258 3617 1310 omnia.

1901 1359 2013 1400 esse
2054 1344 2343 1412 servanda,
2383 1348 2480 1399 aut
2524 1345 2681 1399 illum
2728 1347 2826 1415 qui
2865 1345 3002 1399 talia
3028 1345 3128 1399 sub
3159 1344 3263 1399 tali
3291 1344 3596 1399 conditione

1896 1437 2259 1504 praecepisset,
2284 1449 2404 1503 quae
2421 1434 2602 1489 nullus
2623 1438 2803 1504 posset
2821 1435 3062 1504 implere,
3091 1435 3469 1489 stultissimum
3486 1434 3599 1486 eri-

1900 1523 2252 1577 stimandum.
2290 1525 2430 1579 Vicit
2455 1527 2653 1593 tamen,
2680 1538 2785 1577 non
2813 1524 2953 1577 enim
2981 1524 3141 1577 aliter
3164 1526 3399 1592 poterat,
3433 1523 3599 1575 unius

1900 1614 2216 1667 sententiam
2274 1612 2726 1681 eﬂ’renatissimus
2775 1612 3021 1682 plurium
3071 1614 3350 1681 strepitus.
3407 1612 3598 1665 Postea

1899 1700 2064 1752 etiam
2100 1700 2216 1767 ipse
2261 1701 2417 1753 cessit
2445 1701 2743 1768 episcopus,
2776 1704 2826 1753 et
2855 1716 2972 1754 cum
3003 1715 3196 1768 magno
3222 1700 3474 1754 dedecore
3496 1714 3597 1753 au—

1898 1789 2048 1855 fugit
2093 1802 2107 1840 :
2135 1787 2291 1855 cujus
2321 1802 2450 1843 sane
2473 1788 2583 1843 cibi
2601 1792 2802 1858 praeter
2824 1789 3068 1856 regulam
3096 1789 3336 1843 clanculo
3366 1790 3591 1856 accepti,

1901 1880 1953 1931 et
1979 1891 2117 1946 sepe
2140 1878 2348 1931 inventi
2369 1877 2705 1943 ferebantur,
2733 1892 2850 1932 cum
2876 1880 2926 1931 ei
2953 1877 3019 1931 de
3038 1879 3262 1947 proprio
3281 1878 3490 1930 sacculo
3514 1876 3600 1929 di-

1903 1965 2130 2032 ligenter
2178 1966 2439 2019 occultato
2476 1968 2711 2034 pecunia
2752 1967 2968 2035 copiosa
3013 1970 3336 2035 suppeteret.
3394 1966 3515 2019 Hac
3548 1966 3600 2019 si

1902 2055 2051 2122 falsa
2073 2069 2183 2109 esse
2209 2055 2414 2123 dicitis,
2445 2055 2609 2109 nimis
2638 2056 2842 2124 apertis
2871 2060 2922 2108 et
2946 2056 3282 2124 pervulgatis
3307 2054 3465 2109 rebus
3503 2054 3597 2109 ob-

1902 2145 2119 2198 sistitis.
2152 2142 2258 2199 Sed
2310 2144 2522 2197 utinam
2549 2143 2644 2198 hoc
2675 2142 2891 2197 dicatis.
2915 2144 3046 2199 Cum
3065 2145 3207 2197 enim
3227 2142 3340 2202 sint
3358 2144 3465 2195 ista
3487 2157 3601 2196 ma-

1902 2234 2127 2299 nifesta,
2165 2236 2216 2287 et
2244 2233 2316 2286 iis
2345 2234 2441 2301 qui
2466 2233 2602 2286 scire
2636 2232 2903 2286 voluerint
2931 2234 3146 2299 cognitu
3172 2231 3477 2299 facillima;
3509 2232 3590 2285 in-

1906 2321 2169 2387 telligitur
2213 2336 2378 2389 quam
2412 2335 2541 2374 vera
2568 2320 2743 2375 dicere
2778 2322 3002 2386 soleant,
3044 2321 3142 2390 qui
3183 2320 3293 2375 haec
3333 2335 3462 2374 vera
3490 2335 3601 2374 esse

1904 2411 2217 2478 negaverint
2260 2410 2352 2480 (De
2385 2409 2578 2464 Morib.
2629 2409 2895 2477 Manich.,
2942 2424 3037 2462 nn.
3081 2409 3172 2475 74,
3203 2408 3314 2479 ⁸75).
3360 2410 3487 2463 Non
3516 2412 3599 2462 est

1905 2497 2143 2553 dubium
2174 2497 2317 2568 quin
2344 2497 2587 2553 Auditor
2612 2496 2709 2552 ille
2739 2496 3083 2552 Manichacus
3111 2496 3186 2551 sit
3214 2496 3598 2565 Constantius,

1905 2601 2077 2658 quem
2123 2587 2476 2657 Augustinus
2521 2585 2661 2640 alibi
2707 2585 2920 2653 scribit,
2956 2584 3402 2641 Manichaeorum
3422 2601 3597 2657 quam

1904 2675 2184 2745 plurimos
2212 2674 2272 2729 in
2301 2674 2538 2730 domum
2564 2690 2725 2729 suam
2756 2690 3159 2746 congregasse,
3190 2679 3256 2729 ut
3278 2690 3374 2729 eos
3403 2674 3470 2728 ad
3496 2674 3601 2728 im-

1901 2764 2113 2835 plenda
2142 2763 2437 2819 Manichaai
2462 2766 2749 2834 praecepta
2779 2768 3011 2835 cogeret
3037 2783 3055 2818 :
3089 2763 3297 2835 quibus
3325 2762 3426 2817 illa
3455 2779 3592 2832 gra-

1902 2852 2061 2907 viora
2083 2852 2432 2919 viderentur,
2465 2851 2608 2906 alios
2633 2851 2747 2905 alio
2775 2850 2950 2905 fuisse
2978 2851 3298 2922 dispersos;
3328 2849 3428 2920 qui
3465 2865 3598 2904 vero

1902 2941 1964 2995 in
2007 2939 2096 2994 his
2133 2939 2425 2994 servandis
2452 2942 2911 3010 perseverarunt,
2953 2955 2985 2991 a
3023 2937 3242 2993 caeteris
3282 2935 3602 2991 Manichueis

1899 3025 2238 3093 discessisse,
2285 3026 2432 3080 facto
2481 3025 2808 3092 schismate,
2858 3025 3015 3097 quod
3057 3026 3195 3097 quia
3242 3024 3432 3079 mattis
3461 3025 3601 3079 dor-

1898 3112 2176 3183 miebant,
2221 3113 2610 3168 Mattariorum
2658 3113 3014 3184 appellatum
3061 3117 3147 3167 est
3189 3112 3409 3183 (Contra
3454 3113 3598 3165 Fau-

1898 3207 2061 3269 stum,
2102 3202 2194 3256 lib.
2246 3205 2300 3271 5,
2331 3217 2452 3272 cap.
2487 3203 2556 3272 5).
2588 3202 2842 3257 Tandem
2870 3200 3237 3257 Constantius
3265 3200 3374 3255 iste
3403 3199 3599 3254 catho-

1897 3291 2068 3347 licam
2112 3290 2288 3346 ﬁdem
2332 3292 2628 3363 amplexus
2667 3295 2770 3356 est,
2805 3295 2864 3346 et
2903 3290 3091 3345 adhuc
3136 3294 3425 3360 superstes
3454 3293 3598 3356 erat,

1898 3396 2029 3435 cum
2068 3380 2422 3452 Augustinus
2472 3384 2668 3435 contra
2713 3381 2986 3434 Faustum
3016 3378 3288 3434 scriberet
3317 3376 3466 3432 circa
3497 3392 3598 3431 an-

1898 3485 2040 3525 num
2067 3468 2697 3540 quadringentesimum
2724 3473 3016 3540 quartum.

1971 3561 2021 3614 3.
2058 3559 2183 3613 Non
2212 3558 2481 3629 flagitiosi
2500 3563 2724 3613 tantum
2744 3557 3184 3613 Manichaeorum
3204 3573 3395 3612 mores
3424 3556 3605 3610 oll‘en-

1899 3646 2048 3702 sioni
2066 3651 2229 3702 erant
2256 3646 2578 3717 Augustino
2608 3663 2621 3702 :
2654 3647 2752 3701 sed
2780 3646 2904 3719 ipsa
2931 3660 3163 3718 quoque
3186 3644 3447 3701 doctrina
3476 3661 3597 3697 sns-

1899 3735 2186 3807 picionem
2216 3734 2270 3789 ei
2298 3735 2554 3806 praebere
2583 3738 2855 3806 coeperat,
2888 3734 3138 3789 maxime
3169 3738 3473 3805 postquam
3505 3749 3603 3786 au-

1898 3822 2128 3880 divisset
2175 3823 2500 3894 Helpidium
2531 3823 2835 3878 adversum
2880 3838 2980 3878 eos
3029 3823 3222 3893 palam
3275 3838 3340 3876 ac
3369 3820 3599 3892 publice

1902 3911 2241 3983 Carthagine
2269 3911 2680 3981 disputantem,
2726 3910 3228 3981 proferentemque
3273 3909 3492 3980 aliquot
3535 3925 3603 3962 ex

1900 3999 2206 4071 Scripturis
2257 4004 2616 4070 argumenta,
2658 4015 2691 4054 a
2720 3998 2931 4071 quibus
2965 3997 3259 4053 Manichaai
3288 4013 3412 4052 sese
3450 3998 3602 4051 male

1900 4088 2253 4160 expedirent.
2295 4087 2740 4159 Respondebant
2768 4092 2964 4142 tamen
2994 4086 3067 4142 ad
3097 4103 3184 4153 ea,
3219 4091 3281 4141 ut
3307 4090 3598 4157 poterant,

1900 4193 1974 4231 ne
2005 4192 2233 4231 causam
2263 4176 2580 4231 deseruisse
2609 4176 2789 4231 videri
2809 4181 3042 4247 possent
3074 4192 3087 4230 :
3120 4175 3219 4230 sed
3247 4175 3372 4247 ipsa
3400 4189 3598 4229 eorum

1900 4264 2196 4337 responsio
2221 4264 2604 4336 suspicionem
2632 4265 2903 4335 augebat,
2929 4265 3143 4321 nedum
3198 4262 3598 4319 amoliebatur.

1903 4354 2293 4411 Causabantur
2321 4352 2554 4421 scilicet,
2593 4352 2918 4424 Scripturas
2951 4353 3094 4408 Novi
3120 4352 3466 4408 Testamenti
3504 4352 3606 4407 fal-

1902 4447 2051 4499 satas
2076 4442 2249 4497 fuisse
2293 4458 2327 4496 a
2366 4442 2558 4496 nescio
2606 4441 2821 4513 quibus
2859 4441 3118 4497 codicum
3146 4441 3601 4513 corruptoribus,

1902 4532 2065 4606 queis
2112 4532 2446 4587 Iudaeorum
2489 4532 2643 4603 leges
2670 4530 3004 4587 Christianis
3040 4530 3319 4586 institutis
3348 4530 3600 4586 inserere

1902 4621 2087 4676 visum
2108 4624 2276 4676 esset.
2307 4620 2414 4676 Sed
2438 4625 2826 4692 praeterquam
2847 4619 2999 4692 quod
3020 4635 3149 4675 eam
3176 4635 3601 4692 quamcumque

1903 4709 2332 4780 responsionem
2356 4710 2575 4764 occulte
2601 4709 2786 4781 magis
2813 4709 3158 4765 Auditorum
3186 4724 3425 4763 suorum
3455 4707 3606 4763 auri-

1901 4797 2009 4852 bus
2035 4796 2487 4864 insusurrabant,
2512 4813 2688 4870 quam
2717 4797 2944 4869 publice
2973 4802 3345 4868 promerent;
3377 4798 3601 4852 nullum

1901 4901 2074 4956 porro
2104 4887 2397 4956 exemplar
2434 4886 2839 4957 incorruptum
2877 4886 2948 4942 ab
2997 4885 3068 4940 iis
3112 4885 3514 4955 proferebatur
3544 4885 3604 4940 in

1903 4990 2017 5045 quo
2047 4974 2282 5046 quidem
2332 4990 2448 5029 non
2475 4978 2768 5029 exstarent
2796 4991 2925 5046 quas
2953 4974 3081 5029 falsi
3110 4974 3604 5047 redarguebantur

1905 5061 2164 5133 (Confess.
2221 5062 2317 5118 lib.
2349 5066 2402 5117 5.
2434 5078 2557 5133 cap.
2608 5066 2696 5133 ll,
2743 5079 2801 5120 n.
2842 5062 2954 5134 2t).
3000 5063 3385 5128 Quamobrem
3412 5062 3595 5117 imbe-

1902 5151 2036 5205 cilla
2062 5155 2119 5206 et
2146 5151 2326 5206 futilis
2348 5151 2648 5207 videbatur
2674 5152 2773 5207 illa
2795 5152 3109 5222 responsio,
3142 5167 3258 5206 non
3284 5152 3471 5206 solum
3495 5153 3605 5204 Au-

1905 5240 2133 5311 gustino
2152 5245 2252 5295 aut
2271 5241 2580 5306 Honorato,
2612 5240 2709 5296 sed
2738 5245 2797 5295 et
2825 5240 3090 5295 omnibus
3107 5239 3207 5312 qui
3221 5240 3393 5311 paulo
3423 5238 3603 5307 majo-

1905 5345 2029 5384 rem
2058 5328 2119 5384 in
2142 5329 2456 5401 judicando
2477 5328 2837 5401 diligentiam
2862 5329 3213 5396 adhiberent,
3238 5342 3412 5399 quam
3437 5326 3604 5380 turba

1902 5418 2381 5491 credentiumlDe
2413 5420 2659 5474 Utilitate
2687 5418 2960 5487 credendi,
2995 5434 3053 5473 n.
3083 5418 3163 5487 7).
3210 5415 3441 5471 Minime
3472 5430 3603 5469 vero

1904 5507 2163 5562 omnium
2192 5506 2513 5579 intelligere
2539 5510 2786 5579 poterat,
2802 5510 2986 5562 stante
3010 5503 3301 5560 Manichaei
3323 5500 3602 5565 doctrina,

1904 5610 2005 5648 cur
2031 5595 2263 5651 tandem
2288 5597 2439 5651 Deus
2474 5595 2696 5651 animas
2724 5595 2783 5649 in
2812 5592 3141 5650 mortalium
3171 5606 3414 5662 corpora
3440 5591 3606 5646 innu-

1903 5684 2076 5739 meris
2103 5685 2520 5741 calamitatibus
2542 5684 2791 5741 obnoxia
2822 5680 3174 5740 detrusisset.
3209 5682 3330 5747 Qua
3358 5681 3605 5737 difﬁcul-
