4020 6360
353 326 407 376 SH
1580 320 1750 373 VITA
1793 321 1842 372 S.
1908 321 1940 373 Α

2282 320 2295 373 l
2351 317 2685 373 EPISCUI’I.
3807 315 3869 360 tt'.’

353 451 470 502 tate
499 462 631 502 cum
661 461 786 499 sese
829 445 1093 516 expedire
1137 447 1443 498 sectatores
1471 443 1626 497 illius
1655 459 1773 498 non
1802 447 2057 514 possent,

354 535 488 591 inde
515 551 572 588 se
593 533 868 589 divinitus
898 532 1259 587 admonitum
1287 532 1504 598 scribit,
1526 536 1589 586 ut
1609 533 1827 602 ejurato
1844 548 2058 596 errore,

355 625 425 680 ad
458 623 718 678 Ecclesiae
767 623 941 676 fidem
982 637 1040 674 se
1087 625 1444 675 converteret
1483 623 1700 689 (Contra
1753 623 2058 686 Fortunat,

355 713 563 784 disput.
597 716 650 774 2,
679 729 735 766 η.
769 713 884 780 37).
911 713 1040 765 Erat
1074 710 1223 764 istud
1258 714 1600 781 perpetuum
1629 710 2062 764 validissimum-

355 818 468 873 que
514 800 768 856 Nebridii
809 805 1242 870 argumentum,
1279 799 1428 869 quod
1461 815 1640 852 unum
1669 799 1844 852 errori
1880 800 2056 869 repcl'

354 891 527 946 lendo
550 891 683 944 satis
706 893 847 958 erat,
871 890 917 942 si
943 889 1078 942 satis
1097 887 1358 942 animum
1382 887 1734 942 advertisset.
1762 888 2064 952 Quaarebat

358 979 570 1034 scilicet
601 984 800 1033 acutus
830 979 1160 1032 adolescens
1191 994 1220 1030 a
1254 977 1594 1038 Manichazis,
1628 976 1767 1048 quid
1798 981 1919 1030 erat
1948 977 2062 1030 Deo

359 1069 578 1124 factura
605 1084 745 1138 gens
784 1067 884 1121 illa
929 1067 1320 1131 tenebrarum,
1352 1082 1524 1136 quam
1554 1083 1622 1119 ex
1651 1066 1885 1119 adversa
1913 1067 2062 1119 mole

363 1158 610 1212 solerent
637 1173 950 1228 opponere,
985 1156 1069 1210 uti
1114 1155 1460 1226 principium
1491 1155 1646 1220 mali,
1680 1155 1727 1208 si
1756 1156 1904 1209 Deus
1932 1171 2061 1209 cum

363 1259 428 1296 ea
457 1257 715 1313 pugnare
744 1240 1040 1294 noluisset.
1075 1239 1130 1294 Si
1159 1238 1312 1292 enim
1344 1239 1806 1309 responderetur,
1845 1239 2059 1309 aliquid

361 1331 538 1386 fuisse
589 1330 943 1395 nocituram;
973 1328 1260 1383 violabilis
1293 1329 1441 1382 Deus
1486 1332 1540 1382 et
1569 1327 1954 1398 corruptibilis
1987 1328 2066 1381 fo-

360 1425 450 1474 ret
495 1436 508 1474 :
573 1419 620 1473 si
651 1423 842 1474 autem
891 1417 1036 1472 nihil
1076 1433 1204 1471 eam
1248 1433 1450 1471 nocere
1481 1417 1732 1487 potuisse
1761 1417 2058 1480 diceretur,

359 1509 519 1563 nulla
565 1508 866 1563 efferretur
907 1523 1076 1561 causa
1120 1506 1436 1578 pugnandi,
1469 1511 1524 1560 et
1552 1505 1628 1560 ita
1657 1506 1974 1577 pugnandi,
2003 1511 2067 1559 ut

365 1597 633 1669 quaedam
665 1597 850 1668 portio
889 1600 945 1651 et
973 1597 1297 1650 membrum
1328 1596 1414 1650 vel
1460 1596 1648 1666 proles
1675 1596 1744 1650 de
1783 1597 1905 1666 ipsa
1933 1596 2065 1649 sub-

367 1686 573 1740 stantia
603 1687 724 1752 Dei,
758 1685 950 1739 anima
991 1685 1224 1750 scilicet,
1264 1685 1598 1738 misceretur
1626 1685 1875 1739 adversis
1902 1689 2065 1755 pote-

369 1776 630 1842 statibus,
673 1780 730 1828 et
758 1790 874 1828 non
921 1790 952 1827 a
997 1776 1111 1827 Deo
1140 1774 1342 1827 creatis
1370 1773 1621 1838 naturis;
1653 1777 1824 1844 atque
1853 1774 1914 1827 in
1943 1778 2066 1827 tan-

366 1869 486 1917 tum
507 1864 576 1918 ab
598 1863 678 1916 eis
695 1866 1163 1933 corrumperetur
1181 1867 1235 1916 et
1251 1866 1698 1916 commutaretur
1712 1863 1771 1916 in
1792 1861 2064 1928 deterius,

366 1958 430 2008 ut
459 1970 492 2006 a
521 1951 876 2008 beatitudine
909 1951 968 2006 in
1008 1951 1301 2005 miseriam
1332 1954 1666 2018 verteretur,
1699 1955 1756 2004 et
1783 1950 2070 2019 indigeret

360 2041 578 2096 auxilio
628 2057 741 2112 quo
787 2040 912 2094 erui
943 2041 1296 2111 purgarique
1345 2043 1535 2110 posset
1578 2039 1837 2109 (Con/ess.
1873 2041 1966 2093 lib.
2007 2043 2063 2104 '7,

364 2146 486 2200 cap.
528 2132 583 2198 2,
614 2145 670 2183 n.
719 2130 790 2194 3).
847 2128 1110 2183 Movebat
1151 2144 1285 2181 eum
1335 2133 1636 2198 prmterea,
1669 2128 1816 2198 quod
1848 2129 2065 2182 nullam

362 2219 740 2274 substantiam
778 2217 997 2271 malum
1031 2233 1153 2270 esse
1186 2233 1217 2270 a
1246 2216 1521 2287 quopiam
1553 2217 1836 2272 audierat.
1873 2218 2067 2287 Neque

363 2321 498 2359 vero
529 2306 682 2360 hunc
712 2305 1047 2375 scrupulum
1075 2305 1200 2374 ejus
1229 2305 1421 2359 animo
1469 2304 1847 2359 amoliebatur
1887 2303 2067 2358 Mani-

362 2396 656 2449 chaeorum
698 2393 794 2447 ille
825 2395 1260 2464 antesignanus,
1293 2395 1390 2464 qui
1434 2393 1664 2464 egregie
1693 2393 2067 2464 quaestionem

364 2482 573 2554 puerili
618 2499 682 2535 ea
713 2481 1071 2536 cavillatione
1102 2481 1407 2536 dissolvere
1437 2499 1495 2535 se
1531 2482 1769 2552 putabat
1796 2499 1809 2536 :
1847 2482 2064 2547 Vellem,

362 2571 662 2643 inquiebat
690 2572 806 2637 ille,
850 2573 1182 2640 scorpionem
1224 2573 1281 2624 in
1313 2587 1476 2625 manu
1503 2572 1734 2624 hominis
1759 2585 1974 2640 ponere,
2005 2585 2068 2623 ac

361 2662 566 2730 videre,
598 2665 784 2714 utrum
807 2675 913 2714 non
934 2660 1273 2714 subtraheret
1300 2676 1518 2714 manum
1550 2676 1564 2713 :
1593 2660 1738 2730 quod
1765 2661 1816 2714 si
1843 2661 2064 2726 faceret,

362 2765 470 2804 non
498 2750 698 2809 verbis,
727 2750 823 2803 sed
851 2765 908 2803 re
945 2752 1070 2819 ipsa
1095 2751 1514 2816 convinceretur,
1542 2750 1783 2817 aliquam
1813 2749 2068 2803 substan-

373 2841 504 2892 tiam
535 2840 738 2893 malum
767 2854 911 2901 esse;
933 2839 1150 2907 quando
1181 2838 1396 2906 quidem
1417 2839 1555 2892 illud
1585 2839 1791 2892 animal
1809 2853 1916 2891 esse
1944 2837 2069 2891 sub-

363 2930 626 2982 stantiam
645 2944 750 2982 non
771 2933 1010 2997 negaret.
1033 2928 1406 2997 Respondebat
1425 2943 1568 2995 ergo,
1589 2927 1669 2981 ait
1691 2927 2063 2997 Augustinus,

353 3018 650 3084 pueriliter
671 3019 879 3086 pueris.
905 3017 1040 3082 Quis
1061 3018 1202 3070 enim
1229 3019 1536 3070 meliuscule
1556 3017 1790 3071 imbutus
1818 3021 1868 3070 et
1887 3017 2068 3070 erudi-

359 3111 468 3171 tus,
499 3121 603 3160 non
629 3107 814 3160 videat
839 3121 942 3174 per
969 3107 1457 3159 inconvenientiam
1486 3107 1782 3175 corporalis
1809 3109 2068 3173 tempera-

364 3197 527 3249 tionis
560 3195 669 3248 haec
714 3195 924 3261 laedere,
955 3209 1018 3246 ac
1045 3209 1240 3247 rursus
1261 3210 1363 3263 per
1389 3196 1812 3247 convenientiam
1839 3208 1945 3246 non
1975 3193 2064 3246 lae-

364 3283 508 3344 dere,
562 3298 702 3351 saepe
729 3285 894 3335 etiam
920 3282 1195 3335 commoda
1223 3298 1328 3336 non
1353 3298 1531 3351 parva
1557 3285 1819 3348 conferre.
1850 3283 1986 3336 Nam
2017 3283 2068 3334 si

364 3370 509 3426 illud
536 3387 794 3424 venenum
819 3386 920 3440 per
947 3385 1002 3423 se
1031 3373 1208 3439 ipsum
1238 3372 1440 3424 malum
1468 3375 1621 3432 esset,
1654 3370 1894 3424 eumdem
1919 3385 2064 3424 scor-

371 3461 579 3528 pionem
608 3461 784 3526 magis
809 3461 1076 3528 priusque
1100 3461 1386 3528 perimeret
1417 3459 1509 3528 (De
1537 3459 1776 3514 Moribus
1805 3461 2064 3524 Manich.,

369 3566 427 3602 η.
465 3548 570 3619 tl).
603 3549 842 3620 Jamque
873 3564 938 3602 eo
959 3552 1194 3602 ventum
1216 3552 1356 3614 erat,
1386 3554 1450 3602 ut
1469 3548 1675 3618 placita
1701 3548 2067 3619 philosopho-

362 3653 513 3704 rum,
546 3637 708 3710 queis
728 3637 986 3692 animum
1009 3636 1317 3708 diligenter
1338 3638 1680 3704 excoluerat,
1715 3636 2065 3708 longissimis

361 3727 806 3783 Manichaeorum
857 3725 1068 3780 fabulis
1099 3743 1216 3780 non
1247 3732 1605 3798 compararet
1634 3727 1842 3793 solum,
1875 3727 1970 3780 sed
2010 3731 2068 3780 et

357 3815 676 3872 anteferret
715 3815 980 3886 (Confess.
1031 3815 1127 3870 lib.
1161 3819 1215 3884 5,
1243 3832 1366 3885 cap.
1417 3819 1468 3878 3,
1501 3832 1556 3870 n.
1593 3816 1665 3886 3).
1698 3815 1934 3870 Videbat
1959 3816 2065 3870 sci-

363 3907 494 3961 licet
539 3907 714 3960 homo
779 3905 1078 3976 perspicax
1131 3910 1392 3960 motuum
1452 3905 1766 3960 caelestium
1825 3922 2062 3972 causas,

359 3994 858 4066 zequinoctiorum,
885 3994 1286 4062 solstitiorum,
1310 3994 1636 4048 defectuum
1659 3994 1908 4066 denique
1932 3995 2066 4049 solis

363 4100 428 4138 ac
456 4085 628 4149 lunae,
669 4084 852 4138 multo
883 4083 1091 4138 melius
1120 4099 1154 4136 a
1181 4083 1542 4154 philosophis
1571 4083 1861 4154 explicari,
1893 4099 2066 4154 quam

369 4190 403 4227 a
423 4172 729 4228 Manichaee
754 4189 768 4238 ;
811 4171 1040 4226 tametsi
1071 4171 1120 4226 is
1153 4172 1212 4225 in
1245 4189 1370 4226 eam
1401 4189 1520 4226 rem
1553 4171 1940 4243 copiosissime
1969 4173 2068 4226 de-

361 4262 588 4316 lirasset
618 4261 806 4332 (Ibid.,
839 4278 896 4316 n.
933 4261 1007 4329 6).
1039 4261 1308 4325 Quamvis
1331 4261 1483 4314 enim
1513 4277 1580 4315 ea
1608 4277 1801 4315 rerum
1831 4265 2068 4314 natura-

358 4351 504 4405 lium
555 4351 813 4421 cognitio
843 4366 957 4404 non
988 4350 1277 4420 pertineat
1313 4352 1382 4404 ad
1412 4366 1559 4403 verm
1588 4349 1814 4421 pietatis
1842 4350 2068 4404 institu-

363 4440 583 4494 tionem
608 4456 621 4494 :
645 4439 801 4510 quod
822 4443 1014 4493 tamen
1033 4438 1374 4494 Manichaeus
1399 4439 1505 4493 hac
1520 4439 1577 4492 in
1596 4444 1755 4509 parte
1767 4439 2072 4493 fallebatur

365 4529 480 4584 sive
533 4528 781 4593 fallebat,
824 4527 999 4582 fidem
1048 4527 1564 4598 auctoritatemque
1593 4543 1824 4582 omnem
1855 4527 1912 4581 in
1937 4527 2070 4581 reli-

367 4617 496 4688 quis
527 4617 580 4671 ei
626 4617 956 4688 abrogabat.
994 4618 1119 4671 Non
1146 4616 1320 4672 dubia
1348 4617 1562 4688 quippe
1595 4615 1795 4670 exinde
1825 4616 2069 4687 suspicio

368 4705 758 4772 oboriebatur,
803 4721 935 4760 eum
982 4707 1165 4760 multo
1213 4706 1395 4776 magis
1425 4705 1484 4759 in
1515 4704 1687 4758 rebus
1717 4721 1750 4758 a
1777 4721 1944 4759 sensu
1975 4722 2066 4760 re-

367 4793 712 4850 motioribus
749 4795 1165 4866 pertractandis
1195 4794 1489 4861 aberrare;
1519 4809 1708 4865 neque
1739 4810 1910 4866 porro
1938 4810 2070 4855 eum

367 4899 501 4937 vera
531 4882 862 4955 sinceraque
892 4883 1172 4954 sapientia
1191 4883 1535 4937 instrurtum
1557 4899 1698 4952 esse,
1725 4883 1824 4954 qui
1853 4898 1919 4937 ea
1941 4900 2069 4955 quin

366 4987 482 5027 non
516 4972 906 5038 intellexisset,
934 4979 1149 5026 temere
1181 4973 1431 5026 doceret.
1463 4972 1687 5036 Quanto
1719 4987 1852 5026 vero
1881 4972 2069 5026 minus

363 5060 523 5116 credi
553 5066 796 5132 poterat,
817 5077 950 5115 eum
969 5061 1186 5132 Spiritu
1210 5061 1402 5116 divino
1429 5061 1633 5124 afﬂari,
1657 5066 1756 5115 aut
1779 5061 1931 5132 quod
1948 5061 2069 5133 ipse

373 5150 638 5205 omnium
669 5150 922 5205 maxime
971 5151 1285 5205 existimari
1315 5151 1601 5221 cupiebat,
1635 5151 1909 5221 Spiritum
1939 5167 2072 5204 san—

367 5244 526 5294 ctum
570 5239 908 5293 auctoritate
948 5239 1206 5308 plenaria
1236 5239 1614 5310 personaliter
1640 5239 1701 5293 in
1731 5255 1798 5293 eo
1823 5239 2072 5293 residere

369 5328 565 5398 (lbid.,
605 5343 728 5398 cap.
765 5331 816 5393 5,
847 5343 905 5381 η.
956 5328 1028 5396 8),
1061 5327 1161 5398 qui
1187 5327 1246 5381 in
1277 5328 1446 5382 rebus
1477 5328 1681 5400 cuique
1711 5328 2074 5382 mediocriter

368 5417 597 5472 erudito
647 5416 860 5488 perviis
889 5417 1032 5471 adeo
1060 5417 1307 5487 turpiter
1333 5417 1768 5487 allucinabatur,
1799 5421 1862 5471 ut
1889 5433 2072 5471 caecu-

375 5507 482 5560 tire
526 5507 722 5578 potius
767 5523 942 5579 quam
987 5507 1232 5577 caligare
1261 5507 1587 5561 videretur?
1617 5507 1850 5562 Interim
1878 5507 1932 5561 ei
1955 5523 2072 5560 cre-

364 5595 502 5650 dere
537 5596 853 5667 jubebatur
894 5595 1269 5668 Augustinus,
1313 5595 1419 5651 etsi
1450 5596 1532 5651 eis
1561 5596 1904 5667 rationibus,
1933 5612 2076 5667 quas

2176 445 2230 496 et
2257 441 2518 496 numeris
2561 444 2618 494 et
2661 438 2840 493 oculis
2880 436 2996 492 suis
3034 436 3356 507 exploratas
3386 433 3645 498 habebat,
3682 431 3874 486 neuti-

2175 547 2350 602 quam
2399 530 2760 584 cohzererent
2805 526 3100 582 Manichaai
3139 524 3365 590 fabulae,
3400 524 3514 577 imo
3543 537 3776 594 prorsus
3806 521 3877 573 ab

2173 619 2255 673 eis
2307 619 2721 688 discreparent.
2776 616 3041 671 Nondum
3088 619 3282 668 tamen
3331 613 3464 667 satis
3501 614 3876 681 compererat,

2175 713 2372 762 utrum
2405 708 2578 762 etiam
2595 705 2906 760 secundum
2932 704 3223 759 Manichazi
3252 703 3442 766 verba,
3466 699 3881 755 vicissitudines

2174 797 2498 868 longiorum
2551 801 2608 850 et
2647 795 2971 849 breviorum
3013 793 3236 847 dierum
3283 797 3452 861 atque
3499 790 3776 856 noctium,
3825 791 3886 839 et

2175 887 2356 957 ipsius
2403 887 2584 940 noctis
2633 890 2688 938 et
2712 884 2848 950 diei,
2888 889 2944 936 et
2971 882 3220 953 deliquia
3253 881 3555 939 luminum,
3589 885 3647 932 et
3674 878 3721 931 si
3743 875 3886 947 quid

2176 975 2457 1047 ejusmodi
2509 975 2570 1029 in
2603 973 2728 1028 aliis
2759 972 2916 1026 libris
2945 971 3181 1041 legerat,
3213 973 3402 1040 posset
3432 967 3633 1038 exponi
3691 965 3884 1036 (Ibid.,

2174 1084 2229 1120 η.
2281 1066 2356 1134 9).
2392 1066 2752 1134 Quapropter
2781 1061 3091 1114 adventum
3126 1059 3332 1126 Fausti,
3366 1057 3464 1129 qui
3509 1057 3886 1110 honestarum

2174 1154 2438 1208 omnium
2467 1151 2902 1222 disciplinarum
2935 1147 3317 1220 peritissimus
3345 1152 3401 1200 et
3429 1145 3690 1216 apprime
3721 1141 3891 1198 disci-

2173 1243 2350 1313 plinis
2381 1241 2714 1296 liberalibus
2762 1238 3022 1293 eruditus
3063 1236 3403 1300 habebatur,
3443 1233 3666 1288 ardenti
3694 1230 3890 1284 studio

2175 1331 2549 1402 exspectabat
2597 1329 2784 1398 (Ibid.,
2814 1343 2934 1397 cap.
2967 1329 3021 1394 6,
3054 1341 3111 1380 n.
3152 1325 3256 1392 t0).
3292 1322 3494 1379 Ceteri
3524 1321 3676 1375 enim
3705 1319 3888 1374 Mani-

2176 1421 2322 1475 chmi
2369 1418 2655 1474 solvendis
2685 1418 2810 1488 ejus
2839 1413 3254 1486 quaestionibus
3284 1412 3552 1482 impares,
3595 1410 3747 1464 hunc
3777 1408 3891 1479 ipsi

2180 1510 2408 1565 assidue
2437 1507 2870 1579 promittebant,
2903 1505 3066 1574 cujus
3096 1503 3341 1556 adventu
3371 1501 3689 1570 collatoque
3718 1499 3894 1552 collo-

2185 1598 2342 1670 quio,
2374 1613 2491 1651 non
2516 1596 2700 1650 solum
2733 1610 2928 1648 omnes
2961 1608 3154 1647 rerum
3185 1589 3698 1645 astronomicarum
3723 1586 3892 1653 nodi,

2185 1689 2281 1742 sed
2333 1687 2506 1741 etiam
2556 1686 2925 1756 quicumque,
2973 1683 3058 1735 vel
3107 1681 3230 1735 istis
3268 1681 3436 1750 longe
3483 1677 3889 1738 intricatiores,

2177 1777 2363 1850 ipsius
2409 1775 2598 1829 animo
2637 1778 2870 1846 possent
2912 1785 3234 1840 occurrere,
3278 1767 3613 1840 planissime
3651 1765 3890 1836 expedi-

2177 1870 2393 1922 rentur.

2243 1957 2298 2010 4.
2357 1955 2596 2008 Faustus
2644 1951 2747 2005 iste
2811 1953 2980 2020 gente
3027 1949 3204 2014 Afer,
3254 1946 3479 2000 civitate
3533 1943 3894 2000 Milevitanus

2177 2045 2403 2114 (Contra
2443 2045 2724 2108 Faustum,
2775 2040 2870 2093 lib.
2919 2041 2968 2107 ι,
3019 2053 3141 2107 cap.
3196 2037 3265 2104 1),
3318 2035 3558 2088 obscuro
3600 2038 3656 2086 et
3700 2047 3889 2101 egeno

2175 2138 2338 2205 patre
2359 2137 2528 2185 natus
2554 2129 2742 2200 (lbid.,
2769 2129 2862 2182 lib.
2885 2132 2938 2191 5,
2961 2143 3082 2196 cap.
3107 2127 3180 2195 5),
3205 2124 3647 2179 Manichaeorum
3673 2125 3890 2174 sectam

2175 2221 2493 2291 amplexus,
2540 2219 2691 2272 inter
2733 2234 2828 2270 eos
2858 2215 3112 2286 episcopi
3154 2229 3366 2268 nomen
3407 2211 3658 2266 obtinuit
3707 2211 3884 2278 (Con/1

2179 2311 2273 2364 lib.
2321 2314 2374 2378 5,
2411 2325 2532 2378 cap.
2577 2311 2628 2374 3,
2674 2324 2728 2362 π.
2773 2306 2841 2375 3).
2891 2305 3150 2360 Jactabat
3198 2320 3256 2357 se
3302 2301 3583 2357 dimisisse
3637 2304 3889 2370 patrem,

2179 2403 2446 2462 matrem,
2479 2413 2740 2461 uxorem,
2784 2395 3013 2460 liberos,
3065 2399 3122 2448 et
3149 2399 3354 2446 cmtera
3385 2389 3600 2455 omnia,
3633 2405 3760 2460 quas
3792 2389 3885 2441 lex

2177 2485 2502 2557 evangelica
2543 2485 2710 2555 jubet
2739 2484 3093 2553 relinquere;
3144 2497 3352 2534 aurum
3382 2486 3437 2533 et
3467 2483 3767 2549 argentum
3799 2493 3880 2530 m-

2169 2575 2394 2646 jecisse,
2441 2591 2518 2628 res
2557 2573 2616 2626 in
2670 2571 2827 2626 zonis
2859 2588 2971 2624 non
2999 2571 3245 2634 habere;
3279 2586 3336 2622 se
3368 2568 3705 2640 quotidiano
3735 2583 3876 2620 con-

2176 2669 2399 2718 tentum
2447 2662 2594 2728 cibo,
2641 2662 2709 2715 de
2761 2660 3004 2715 crastino
3039 2675 3152 2713 non
3179 2675 3402 2724 curare,
3435 2673 3539 2711 nec
3569 2673 3689 2710 esse
3719 2655 3881 2708 solli-

2176 2753 2355 2808 citum
2408 2753 2560 2806 unde
2598 2755 2856 2804 ventrem
2890 2749 3180 2820 impleret,
3210 2752 3310 2802 aut
3336 2763 3542 2818 corpus
3573 2745 3825 2815 operiret
3868 2761 3880 2798 :

2177 2842 2426 2913 denique
2465 2857 2525 2895 se
2573 2855 2886 2911 pauperem
2926 2854 3070 2904 esse,
3122 2837 3344 2901 mitem,
3375 2835 3698 2906 pacificum,
3733 2849 3882 2904 puro

2176 2931 2367 2997 corde,
2402 2932 2718 3001 lugentem,
2734 2927 3102 2989 esurientem,
3130 2926 3442 2988 sitientem,
3458 2923 3885 2994 persecutiones

2176 3027 2232 3076 et
2261 3021 2392 3075 odia
2420 3019 2794 3073 sustinentem
2825 3021 3061 3088 propter
3076 3015 3383 3086 justitiam,
3415 3013 3776 3085 praedicabat.
3810 3014 3885 3065 At

2175 3110 2365 3165 notior
2409 3113 2532 3162 erat
2576 3107 2764 3162 Fausti
2817 3106 3108 3174 mollities,
3157 3104 3226 3158 iis
3268 3103 3517 3158 maxime
3545 3102 3646 3173 qui
3679 3104 3881 3156 Romzr.

2176 3198 2533 3254 familiariter
2561 3213 2628 3249 eo
2658 3195 2746 3248 usi
2767 3199 2976 3259 essent,
3007 3209 3177 3264 quam
3208 3198 3274 3246 ut
3301 3193 3472 3262 longa
3492 3190 3882 3245 confutatione

2176 3291 2394 3358 egeret.
2426 3285 2873 3354 Redarguebant
2887 3283 3101 3337 scilicet
3126 3282 3374 3336 hominis
3396 3279 3883 3335 inverecumdiam

2177 3375 2437 3431 delicatas
2466 3374 2578 3427 illa:
2597 3374 2811 3444 plumae
2839 3373 3049 3444 quibus
3091 3370 3496 3435 indormiebat,
3529 3368 3778 3440 caprina
3808 3369 3889 3422 lo-

2179 3465 2331 3520 dices
2345 3463 2553 3535 quibus
2569 3461 2958 3533 operiebatur,
2973 3461 3308 3516 deliciarum
3327 3460 3573 3530 denique
3591 3457 3891 3513 afﬂuentia

2176 3553 2384 3619 omnis,
2418 3569 2532 3624 qua
2562 3568 2679 3606 non
2709 3551 2880 3606 modo
2912 3551 3301 3605 Mattariorum
3332 3549 3678 3602 severiorem
3710 3545 3888 3600 disci-

2175 3643 2414 3714 plinam,
2447 3641 2546 3695 sed
2577 3640 2746 3694 etiam
2771 3639 3007 3694 domum
3033 3639 3210 3709 patris
3230 3638 3316 3692 sui
3338 3637 3592 3692 hominis
3612 3635 3891 3706 pauperis

2177 3729 2485 3786 Milevitani
2531 3729 2784 3784 fastidire
2831 3729 3154 3783 videbatur.
3207 3727 3365 3780 Nunc
3394 3726 3549 3798 quod
3580 3725 3788 3780 attinet
3818 3723 3892 3778 ad

2175 3837 2301 3876 eam
2332 3824 2557 3890 partem
2580 3835 2742 3872 vanae
2763 3815 3304 3882 commendationis,
3333 3830 3448 3884 qua
3479 3829 3536 3867 se
3563 3812 3634 3866 ob
3663 3812 3892 3882 praesti-

2175 3914 2299 3964 tum
2329 3907 2554 3963 veritati
2585 3906 2988 3978 patrocinium,
3019 3904 3447 3976 persecutiones
3479 3907 3535 3957 et
3563 3901 3693 3956 odia
3722 3901 3892 3955 susti-

2177 3998 2366 4052 nuisse
2418 3994 3183 4070 gloriabatur;dissimulari
3231 3993 3465 4065 quidem
3509 4007 3627 4046 non
3672 3994 3888 4060 potest,

2176 4088 2302 4158 pios
2351 4087 2571 4158 aliquot
2602 4086 2755 4139 viros
2786 4085 3066 4139 haereseos
3096 4081 3378 4137 actionem
3420 4080 3503 4135 illi
3550 4078 3890 4144 intendisse,

2179 4192 2362 4247 eoque
2394 4175 2627 4229 nomine
2658 4174 2717 4228 in
2742 4174 2836 4245 jus
2855 4177 3138 4239 vocatum,
3169 4171 3607 4241 convictumque
3632 4172 3731 4221 aut
3758 4183 3894 4221 cnn-

2183 4267 2419 4329 fessum,
2455 4263 2758 4316 mitissima
2785 4279 2893 4332 pro
2927 4261 3145 4315 meritis
3174 4277 3364 4331 pcena,
3393 4260 3474 4313 eis
3505 4258 3643 4328 ipsis
3665 4257 3764 4328 qui
3796 4273 3892 4309 vo-

2184 4355 2458 4405 caverant
2498 4349 2803 4404 Catholicis
2834 4348 3339 4413 intercedentibus,
3373 4346 3432 4400 in
3461 4344 3768 4416 quamdam
3801 4343 3891 4396 in-

2185 4441 2368 4495 sulam
2424 4438 2708 4494 sententia
2753 4437 3111 4509 proconsulis
3155 4435 3406 4490 Africani
3431 4450 3561 4488 cum
3595 4431 3891 4487 nonnullis

2185 4531 2302 4585 suis
2363 4527 2692 4601 gregalibus
2739 4527 3105 4597 deportatum
3144 4541 3284 4588 esse,
3339 4524 3493 4578 unde
3540 4539 3655 4576 non
3701 4522 3890 4576 multo

2181 4623 2330 4690 post,
2347 4623 2412 4673 ut
2433 4622 2554 4672 erat
2571 4616 2732 4670 solita
2749 4631 2854 4686 per
2879 4615 2936 4669 id
2958 4619 3187 4684 tempus
3209 4627 3342 4684 erga
3376 4613 3673 4666 damnatos
3702 4609 3891 4664 indul-

2183 4708 2378 4780 gentia
2427 4705 2781 4776 principum,
2823 4707 3120 4757 revocatus
3168 4702 3275 4755 fuit
3329 4701 3551 4770 {Contra
3605 4701 3886 4764 Faustum,

2183 4799 2275 4853 lib.
2313 4801 2366 4861 5,
2400 4811 2559 4866 capp.
2600 4799 2650 4862 l,
2703 4798 2754 4860 5,
2791 4793 2846 4859 ’7,
2894 4793 2967 4862 8).
3021 4793 3088 4846 Et
3132 4791 3252 4845 haec
3297 4789 3532 4861 quidem
3579 4787 3888 4858 contigisse

2183 4886 2451 4939 videntur
2481 4884 2552 4939 ad
2585 4899 2800 4937 annum
2832 4879 3296 4935 trecentesimum
3331 4876 3740 4946 octogesimum
3762 4892 3890 4929 sex-

2183 4981 2328 5041 tum,
2354 4990 2486 5028 cum
2519 4973 2724 5043 ingens
2754 4970 3195 5026 Manichasorum
3220 4966 3526 5021 multitudo
3542 4981 3732 5018 coram
3749 4965 3890 5018 Mes-

2187 5065 2348 5118 siano
2392 5063 2737 5134 proconsule
2765 5075 2993 5115 causam
3031 5059 3218 5112 dicere
3257 5057 3411 5128 jussa
3443 5059 3545 5120 est,
3578 5059 3768 5125 atque,
3800 5055 3888 5107 uti

2187 5151 2368 5206 videri
2391 5155 2602 5221 potest,
2637 5149 2707 5202 ab
2736 5164 2803 5202 eo
2834 5147 3118 5201 damnata.

2256 5245 2307 5296 5.
2354 5242 2424 5295 Ut
2454 5241 2696 5294 Faustus
2735 5237 2806 5291 ob
2833 5252 3019 5290 mores
3048 5251 3181 5289 suos
3213 5250 3329 5304 prae
3361 5232 3579 5287 caeteris
3609 5247 3721 5285 non
3742 5231 3887 5284 emi-

2180 5329 2380 5396 nebat;
2434 5328 2513 5382 sic
2555 5327 2681 5381 aliis
2711 5325 3034 5382 Manichmis
3065 5323 3324 5379 doctrina
3360 5327 3416 5376 et
3441 5319 3763 5375 eruditione
3790 5336 3888 5374 su-

2185 5417 2382 5488 perior
2410 5433 2526 5470 non
2556 5419 2697 5469 erat.
2747 5416 2887 5468 Nam
2921 5411 3179 5467 omnium
3207 5409 3531 5465 liberalium
3557 5406 3889 5477 disciplina-

2185 5522 2338 5568 rum.
2390 5509 2776 5577 praeterquam
2823 5501 3233 5574 grammaticae,
3281 5499 3438 5554 rudis
3485 5503 3658 5569 atque
3687 5513 3890 5568 expers

2184 5600 2336 5662 erat;
2372 5610 2615 5666 eamque
2646 5593 2852 5665 ipsam,
2884 5592 2945 5646 in
2976 5608 3088 5664 qua
3117 5590 3389 5646 excellere
3417 5587 3736 5654 videbatur,
3770 5604 3889 5643 non
