4020 6384
109 351 160 397 :lJ
1571 343 1783 398 LIBER
1818 343 1981 399 PIth
1994 344 2092 398 L'S.
3518 342 3583 394 94

103 461 376 537 quasitam
409 478 475 516 ex
507 464 726 517 occulto
757 462 946 535 aliquo
975 479 1182 534 genere
1211 464 1545 531 litterarum,
1578 464 1671 519 sed
1703 465 1772 520 de

102 552 268 610 medio
297 556 585 622 sumptam
616 551 865 606 tenebat.
900 554 1108 607 Verum
1129 553 1264 624 quia
1288 553 1456 608 Tullii
1486 553 1772 608 orationes

103 643 318 712 aliquot,
352 657 581 712 unaque
612 640 983 711 paucissimos
1004 642 1230 695 Seneca
1251 642 1448 710 libros,
1472 647 1770 712 poetarum

101 732 251 786 etiam
280 730 581 795 nonnulla,
615 747 677 784 ac
705 729 750 782 si
781 747 909 800 qua
941 736 1131 784 essent
1160 747 1192 783 a
1221 747 1338 784 sua
1371 736 1537 784 secta
1567 735 1771 786 tracta-

100 819 291 874 toribus
327 819 618 889 eleganter
657 824 712 872 et
745 824 940 872 ornate
977 819 1205 890 scripta,
1254 820 1620 888 lectitaverat,
1668 836 1772 873 usu

99 915 250 978 atque
279 907 681 962 exercitatione
701 907 968 961 continua
998 924 1112 962 non
1137 908 1484 963 mediocrem
1507 909 1772 980 indeptus

97 1001 202 1049 erat
230 995 454 1050 dicendi
489 996 833 1061 facultatem,
867 1013 933 1049 eo
974 997 1042 1050 ad
1083 996 1483 1067 decipiendum
1515 997 1772 1051 incautos

95 1086 374 1156 aptiorem,
408 1100 520 1154 quo
551 1100 761 1154 magna
800 1084 978 1138 animi
1015 1085 1402 1140 moderatione
1441 1091 1498 1140 et
1527 1087 1773 1140 naturali

93 1174 316 1244 quodam
365 1174 554 1244 lepore
615 1173 989 1228 condiebatur
1051 1176 1224 1240 (Conf.
1276 1175 1368 1229 lib.
1433 1179 1482 1240 5,
1535 1191 1654 1244 cap.
1715 1179 1768 1242 6,

93 1281 136 1316 η.
169 1266 264 1328 tl).
297 1261 545 1315 Tametsi
585 1262 736 1316 enim
777 1263 956 1316 serius
1000 1263 1068 1317 ad
1106 1263 1327 1318 dicendi
1365 1269 1546 1318 artem
1585 1280 1770 1318 acces-

92 1353 262 1416 sisset;
293 1355 357 1404 ut
386 1356 509 1405 erat
533 1356 725 1405 tamen
763 1351 996 1420 ingenio
1027 1369 1156 1406 acer
1189 1358 1244 1406 et
1279 1353 1516 1407 callidus
1555 1355 1771 1423 (Contra

90 1441 352 1503 Faustum,
387 1439 480 1492 lib.
514 1442 606 1506 2t,
637 1455 756 1508 cap.
802 1443 905 1508 10),
941 1440 1096 1494 vultu
1133 1441 1201 1494 ad
1243 1441 1577 1495 modestiam
1612 1458 1769 1496 com-

89 1527 278 1598 posito,
311 1527 538 1598 eloquio
579 1528 730 1582 dulci
771 1544 834 1582 ac
868 1529 1078 1582 blando
1119 1531 1290 1598 (Conf.
1325 1531 1417 1585 lib.
1467 1535 1518 1596 5,
1560 1547 1678 1600 cap.
1713 1534 1765 1596 6,

89 1633 136 1668 η.
173 1617 267 1683 t0),
301 1615 560 1686 vulgaria
590 1632 834 1687 quaque
863 1633 928 1670 ac
956 1617 1089 1672 trita
1112 1619 1292 1672 multo
1314 1619 1539 1672 suavius
1559 1619 1768 1672 multo-

86 1720 183 1774 que
201 1704 506 1774 jucundius
533 1705 841 1774 garriebat.
865 1705 948 1760 Ob
969 1721 1096 1760 eam
1117 1705 1628 1776 suaviloquentiam
1653 1722 1769 1759 non

86 1793 264 1862 paucis
279 1809 523 1864 magnus
543 1793 756 1848 diaboli
774 1796 1007 1864 laqueus
1030 1794 1243 1848 exstitit
1262 1793 1767 1865 Catholicis(lbid.,

83 1897 191 1949 cap.
227 1884 276 1947 3,
323 1897 379 1934 η.
424 1881 502 1950 3);
536 1881 766 1952 suisque
811 1882 990 1934 multo
1039 1881 1316 1934 maximus
1365 1881 1636 1951 magister
1685 1884 1770 1934 est

82 1969 312 2035 habitus,
347 1970 555 2041 quibus
593 1987 661 2024 eo
701 1971 925 2040 sapiens
953 1987 1018 2023 ac
1056 1971 1326 2041 prudens,
1369 1987 1482 2041 quo
1522 1971 1767 2025 disertus

81 2064 238 2130 atque
286 2059 564 2130 eloquens
618 2059 933 2114 videbatur.
995 2059 1090 2114 His
1136 2060 1593 2131 quibuscumque
1649 2060 1766 2113 elo-

81 2148 316 2219 quentia
363 2147 644 2219 prasidiis
683 2147 1014 2214 instructus,
1058 2149 1264 2203 librum
1314 2149 1559 2203 scribere
1596 2166 1767 2203 ausus

81 2243 174 2303 est,
225 2253 340 2308 quo
391 2237 693 2292 adversum
744 2239 948 2308 Legem
1006 2243 1062 2292 et
1111 2238 1418 2307 Prophetas
1465 2243 1515 2292 et
1566 2255 1764 2292 eorum

83 2328 270 2392 Deum,
322 2330 380 2380 et
445 2326 898 2380 Incarnationem
966 2325 1174 2380 Christi
1245 2327 1436 2397 lingua
1495 2327 1766 2396 sacrilega

78 2414 241 2484 impie
286 2415 620 2469 invehitur:
657 2432 720 2468 ac
770 2431 841 2469 ne
886 2414 1190 2486 Scripturis
1238 2415 1374 2470 Novi
1419 2414 1766 2470 Testamenti

77 2504 409 2570 revincatur,
443 2520 536 2558 eas
575 2521 803 2576 quoque
833 2504 1060 2558 falsatas
1091 2520 1214 2558 esse
1245 2505 1333 2558 his
1363 2505 1520 2571 locis,
1556 2505 1764 2576 quibus

75 2592 374 2663 praepediri
445 2609 503 2647 se
569 2609 730 2664 posse
791 2591 981 2658 sentit,
1041 2592 1408 2662 pratidenter
1461 2598 1758 2648 asseverat.

75 2683 208 2735 Cum
255 2686 450 2736 autem
496 2682 639 2735 liber
681 2681 740 2734 in
794 2681 1096 2752 Augustini
1143 2697 1346 2735 manus
1395 2676 1763 2752 pervenisset,

73 2786 197 2824 eum
236 2770 508 2824 continuo
555 2770 626 2824 de
664 2770 836 2824 verbo
875 2771 942 2824 ad
987 2770 1222 2824 verbum
1263 2771 1614 2825 confutavit:
1649 2789 1762 2842 quo

70 2859 275 2912 factum
297 2864 387 2913 est
408 2863 474 2913 ut
493 2859 760 2913 eumdem
792 2859 1002 2912 librum
1033 2859 1204 2912 etiam
1227 2875 1374 2913 nunc
1400 2859 1760 2915 haberemus.

73 2948 143 2999 En
161 2947 347 3018 qualis
367 2951 684 3018 quantusve
698 2947 868 3000 fuerit
888 2946 1376 3000 nominatissimus
1398 2947 1488 3000 ille
1505 2949 1762 3014 Faustus,

68 3051 232 3106 quem
273 3035 628 3107 Augustinus
666 3040 788 3090 toto
828 3035 1006 3088 ferme
1050 3035 1333 3089 novennio
1375 3035 1516 3090 adeo
1561 3037 1764 3108 cupide

67 3124 422 3193 exspectavit,
455 3125 712 3178 futurum
745 3140 999 3195 sperans,
1033 3128 1096 3177 ut
1131 3124 1178 3177 is
1216 3140 1389 3195 quem
1418 3125 1594 3179 veluti
1623 3127 1762 3180 coelo

63 3213 362 3284 delapsum
384 3213 678 3267 hominem
704 3213 1064 3267 celebrabant
1088 3213 1403 3283 Manichai,
1431 3215 1762 3285 scrupulum

61 3319 312 3371 omnem,
361 3318 474 3374 quo
521 3302 741 3357 dudum
789 3302 1172 3372 pungebatur,
1223 3302 1417 3356 animo
1471 3301 1758 3356 evelleret.

60 3390 212 3454 Quod
241 3390 480 3462 quidem
506 3391 688 3444 multo
719 3390 936 3445 felicius
961 3391 1222 3462 contigit,
1251 3407 1425 3462 quam
1455 3391 1525 3445 ab
1557 3407 1623 3445 eo
1656 3408 1763 3462 pu-

60 3479 330 3544 tabatur:
376 3479 471 3534 ille
511 3480 666 3534 enim
713 3480 833 3550 ipse
878 3481 1133 3546 Faustus,
1180 3483 1276 3548 qui
1313 3482 1497 3535 multis
1539 3482 1761 3550 laqueus

59 3570 247 3623 mortis
278 3571 512 3635 exstitit,
533 3567 742 3640 inquit,
765 3585 957 3634 meum,
981 3585 1084 3637 quo
1110 3574 1300 3637 captus
1321 3585 1487 3634 eram,
1512 3571 1762 3624 relaxare

51 3658 168 3724 jam
198 3662 449 3726 coeperat,
479 3673 570 3710 nec
591 3659 791 3724 colens,
820 3675 914 3713 nec
933 3661 1102 3712 sciens
1130 3659 1312 3728 (lbid.,
1342 3674 1462 3727 cap.
1486 3663 1541 3719 7.
1563 3674 1620 3712 n.
1653 3662 1756 3727 l3).

123 3748 176 3801 6.
217 3747 350 3800 Jam
389 3746 622 3800 Faustus
661 3746 1063 3818 Carthaginem
1094 3751 1346 3812 venerat,
1375 3763 1502 3801 cum
1534 3750 1759 3817 Augus-

56 3833 208 3888 tinus
260 3849 480 3888 annum
531 3834 713 3888 atatis
760 3839 953 3904 ageret
993 3834 1538 3903 undetrigesimum,
1588 3850 1760 3905 quem

52 3922 241 3977 idibus
288 3922 612 3976 novembris
652 3939 802 3977 anno
857 3923 1064 3978 Christi
1104 3923 1496 3977 trecentesimo
1527 3929 1758 3993 octoge-

53 4011 195 4066 simo
227 4011 484 4065 secundo
514 4010 737 4063 inierat.
775 4013 840 4065 Et
870 4011 917 4064 si
948 4027 1080 4064 vero
1112 4028 1284 4082 quam
1314 4011 1408 4064 ille
1439 4012 1507 4066 de
1538 4027 1594 4064 se
1623 4027 1758 4064 con-

51 4099 252 4154 citarat
283 4098 784 4169 exspectationem.
817 4099 970 4152 haud
1009 4099 1168 4152 omni
1198 4115 1262 4152 ex
1287 4103 1447 4164 parte
1477 4099 1757 4154 sustinere

49 4189 322 4259 tuerique
359 4191 574 4258 posset;
609 4193 728 4240 erat
769 4187 819 4240 ei
849 4192 1042 4242 tamen
1087 4188 1415 4257 eloquentia
1447 4187 1612 4242 fama
1642 4205 1758 4242 non

47 4276 261 4346 impar,
295 4290 412 4346 qua
440 4290 499 4328 se
539 4290 768 4346 quoque
815 4275 1004 4345 primo
1034 4275 1234 4329 auditu
1279 4291 1627 4348 magnopere
1658 4277 1756 4331 de-

46 4364 326 4420 lectatum
360 4363 530 4418 fuisse
571 4379 686 4417 non
720 4364 998 4418 difﬁtetur
1033 4363 1405 4434 Augustinus.
1439 4365 1757 4420 Delectabar

44 4458 246 4520 autem,
282 4451 384 4519 ait,
410 4457 460 4505 et
488 4467 606 4506 cum
645 4453 852 4521 multis,
884 4453 969 4506 vel
997 4454 1162 4506 etiam
1196 4468 1314 4522 pra
1350 4454 1536 4507 multis
1565 4454 1758 4508 lauda-

45 4542 168 4596 bam
193 4557 262 4596 ac
291 4541 574 4609 efferebam
609 4541 792 4610 (lbid.,
824 4557 945 4610 cap.
984 4544 1037 4607 6,
1068 4557 1125 4595 n.
1163 4541 1268 4611 ll).
1299 4541 1660 4614 Quanquam,
1697 4547 1758 4596 ut

43 4635 166 4684 erat
205 4645 411 4701 aquus
439 4645 631 4684 rerum
681 4630 1010 4694 astimator,
1044 4629 1280 4684 uberem
1319 4629 1477 4684 illam
1527 4630 1756 4685 dicendi

41 4719 403 4784 facultatem,
427 4735 600 4790 quam
619 4718 838 4772 meritis
855 4719 1116 4772 laudibus
1138 4719 1612 4789 prosequebatur,
1637 4720 1752 4774 acri

35 4809 262 4880 judicio
295 4809 365 4864 ab
393 4825 588 4864 rerum
613 4809 850 4864 veritate
880 4809 1246 4864 discerneret.
1280 4809 1506 4864 Moleste
1537 4809 1754 4864 interea

43 4901 290 4966 ferebat,
314 4899 531 4953 nullam
563 4898 670 4955 sibi
701 4915 820 4953 esse
851 4899 1096 4970 copiam,
1127 4899 1418 4952 hominem
1441 4899 1666 4970 publica
1691 4900 1751 4953 in

42 4986 325 5041 concione
351 4985 635 5041 dicentem
675 4987 1100 5058 interpellandi,
1135 4992 1307 5059 atque
1347 4987 1580 5042 alternis
1620 5004 1751 5043 cum

41 5092 106 5129 eo
136 5075 508 5130 familiariter
547 5075 880 5143 disserendi,
908 5093 1020 5148 quo
1054 5077 1380 5132 oborientes
1419 5077 1612 5132 animo
1649 5078 1751 5133 dif-

39 5166 329 5220 ﬁcultates
350 5162 592 5218 invicem
613 5170 957 5220 excuterent.
985 5167 1125 5220 Cum
1149 5165 1399 5237 primum
1425 5182 1557 5220 vero
1580 5167 1749 5236 hujus

39 5272 159 5310 sese
198 5253 366 5310 dedit
403 5255 822 5325 opportunitas,
856 5255 1019 5309 illum
1059 5271 1190 5309 cum
1229 5255 1603 5310 familiaribus
1635 5257 1748 5310 suis

37 5345 319 5416 frequens
347 5342 632 5408 convenit,
666 5359 874 5414 eosque
906 5344 1204 5414 scrupulos
1233 5343 1331 5415 qui
1362 5360 1419 5398 se
1450 5350 1744 5415 angerent,

37 5450 169 5488 cum
213 5449 286 5487 eo
331 5431 794 5486 communicavit.
834 5434 1062 5501 Protuli,
1102 5432 1310 5504 inquit,
1343 5434 1590 5502 quadam
1629 5451 1747 5502 qua:

36 5540 117 5577 me
157 5521 448 5578 movebant
477 5539 494 5575 :
533 5526 786 5592 expertus
824 5536 941 5575 sum
977 5524 1132 5590 prius
1170 5523 1434 5578 hominem
1473 5529 1745 5593 expertem

1885 465 2191 520 liberalium
2237 465 2676 534 disciplinarum,
2711 465 2823 518 nisi
2861 463 3244 530 grammatica,
3276 465 3440 531 atque
3467 463 3583 531 ejus

1883 557 2057 624 ipsius
2085 556 2285 609 usitato
2333 553 2485 608 modo
2531 552 2706 623 (Conf.
2739 552 2834 606 lib.
2882 555 2936 617 5,
2977 567 3097 620 cap.
3133 553 3188 617 6,
3229 565 3282 602 η.
3331 549 3437 618 tl).
3474 551 3581 602 De-

1883 643 2128 714 speratio
2160 642 2363 696 exinde
2401 641 2621 712 ingens,
2654 641 2772 695 fore
2811 654 3068 709 unquam
3106 643 3172 692 ut
3212 639 3446 691 Faustus
3485 653 3582 690 eos

1884 732 2061 787 animi
2096 737 2285 797 astus,
2329 731 2537 802 quibus
2581 729 2879 784 laborabat
2921 727 3296 798 Augustinus,
3341 725 3579 790 sedaret,

1883 826 1980 876 aut
2010 822 2191 876 nodos
2229 820 2610 891 quastionum
2641 819 2848 889 quibus
2890 815 3356 887 prapediebatur
3396 814 3580 867 exsol-

1882 915 2054 964 veret.
2096 909 2472 963 Vehementer
2511 907 2720 961 scilicet
2749 906 3030 977 cupiebat,
3065 903 3313 957 rationes
3356 903 3579 956 mathe-

1882 999 2135 1067 maticas,
2152 1014 2291 1069 quas
2313 997 2541 1069 quidem
2566 997 2625 1050 in
2647 995 3120 1068 philosophorum
3151 989 3582 1046 commentariis

1883 1087 2128 1157 legisset,
2160 1103 2289 1142 cum
2329 1086 2398 1140 iis
2431 1103 2558 1156 qua
2601 1084 2891 1140 Manichai
2931 1082 3090 1136 libris
3120 1079 3578 1144 continebantur,

1881 1177 2160 1242 conferre,
2206 1175 2610 1246 explanarique
2654 1173 2764 1227 sibi
2806 1188 2879 1226 an
2922 1177 3111 1226 motus
3151 1170 3401 1223 ccelestes
3441 1183 3577 1220 con-

1882 1264 2281 1336 versionesque
2337 1265 2608 1328 siderum,
2661 1278 2823 1332 aque
2879 1265 3032 1313 certo
3091 1275 3155 1313 ex
3208 1257 3359 1311 illius
3412 1260 3576 1308 secta:

1880 1352 2148 1423 opinione
2187 1359 2356 1424 atque
2397 1369 2461 1406 ex
2502 1352 2920 1419 astrologorum
2965 1347 3266 1418 disciplina
3305 1342 3575 1416 explicari

1878 1447 2125 1512 possent.
2159 1443 2266 1498 Sed
2295 1443 2365 1496 ad
2395 1458 2461 1495 ea
2491 1457 2622 1495 cum
2653 1443 2882 1493 ventum
2913 1442 3080 1502 esset,
3115 1438 3350 1491 Faustus
3382 1432 3574 1488 tenui-

1879 1531 2010 1585 tatis
2051 1547 2168 1585 sua
2199 1530 2473 1584 conscius.
2516 1546 2598 1595 ac,
2637 1527 2792 1600 quod
2830 1526 2999 1580 habet
3033 1522 3408 1594 Augustinus,
3455 1535 3570 1573 non

1879 1635 2292 1692 usquequaque
2332 1618 2652 1689 imperitus,
2700 1615 3003 1687 imperitia:
3050 1629 3168 1667 sua
3215 1610 3464 1665 modeste
3517 1625 3574 1661 se

1878 1708 2184 1774 excusavit,
2209 1724 2396 1778 neque
2427 1705 2828 1777 disputationis
2856 1704 3040 1757 aleam
3062 1700 3252 1755 subire
3275 1715 3444 1752 ausus
3468 1700 3571 1750 est.

1879 1796 2102 1850 Gratior
2144 1796 2252 1850 fuit
2289 1800 2459 1866 atque
2497 1793 2781 1862 acceptior
2816 1790 3135 1861 Augustino
3176 1787 3430 1841 modesta
3453 1785 3576 1854 |_illa

1878 1885 2172 1950 confessio,
2207 1900 2379 1955 quam
2416 1883 2657 1937 aliorum
2698 1880 2952 1950 ejusdem
2989 1883 3153 1932 secta
3193 1873 3572 1928 inverecunda

1877 1974 2188 2042 temeritas,
2217 1972 2546 2027 conantium
2587 1988 2652 2025 ea
2694 1970 2894 2024 docere
2939 1982 3068 2037 qua
3111 1963 3421 2018 nescissent
3469 1976 3576 2014 un-

1877 2078 2068 2133 quam.
2098 2061 2274 2125 Quam
2305 2059 2484 2114 animi
2524 2057 2975 2113 moderationem
3004 2054 3064 2108 in
3094 2051 3314 2107 caeteris
3343 2065 3571 2121 quoque

1877 2150 2267 2204 subtilioribus
2305 2166 2368 2204 ac
2413 2147 2830 2203 difﬁcilioribus
2877 2142 3291 2216 quastionibus
3343 2155 3462 2210 pra
3511 2153 3570 2191 se

1875 2239 2028 2306 tulit,
2059 2243 2498 2310 constanterque
2533 2236 2775 2292 retinuit
2813 2237 3078 2299 Faustus;
3112 2231 3359 2300 indeque
3388 2227 3570 2282 multo

1875 2328 2003 2399 plus
2032 2327 2226 2398 gratia
2247 2327 2374 2381 iniit
2394 2327 2465 2381 ab
2492 2327 2691 2380 eodem
2713 2323 3050 2396 Augustino,
3077 2337 3250 2393 quam
3272 2320 3318 2373 si
3340 2319 3424 2372 vel
3447 2332 3574 2388 gar-

1872 2419 1999 2472 rula
2028 2418 2368 2488 loquacitate
2398 2414 2690 2472 Manichai
2719 2411 3025 2468 mendaciis
3056 2411 3170 2464 veri
3209 2408 3456 2481 speciem
3482 2408 3571 2460 in-

1876 2507 2110 2572 duisset,
2168 2511 2266 2561 aut
2321 2506 2492 2559 etiam
2549 2501 2905 2575 inquisitioni
2961 2501 3130 2571 plane
3185 2497 3563 2552 satisfecisset.

1875 2596 2170 2650 Pulchrior
2216 2595 2370 2650 enim
2417 2600 2565 2648 recte
2606 2591 2882 2663 judicanti
2928 2589 3230 2644 videbatur
3275 2603 3340 2641 ea
3391 2584 3568 2638 animi

1874 2685 2274 2755 temperantia,
2308 2700 2480 2755 quam
2509 2682 2644 2753 ipsa
2680 2697 2874 2735 rerum
2909 2680 2977 2734 de
3017 2677 3224 2750 quibus
3254 2674 3564 2746 quaerebat,

1876 2778 2072 2843 aperta
2099 2773 2346 2843 cognitio
2379 2773 2558 2843 (lbid.,
2592 2787 2711 2840 cap.
2739 2775 2792 2834 ‘7,
2825 2785 2883 2823 η.
2928 2771 3030 2831 12).
3064 2767 3326 2822 Ofﬁciose
3360 2763 3566 2818 nihilo-

1875 2861 2066 2916 minus
2095 2867 2264 2933 atque
2291 2861 2619 2916 humaniter
2651 2861 2852 2913 Fausto
2884 2873 3101 2911 morem
3132 2871 3334 2925 gerens
3363 2856 3563 2922 Augu-

1875 2950 2075 3016 stinus,
2105 2955 2204 3004 aut
2233 2965 2362 3002 cum
2401 2966 2468 3002 eo
2508 2947 2863 3002 familiariter
2892 2946 2961 2999 de
2993 2949 3111 2998 arte
3144 2941 3422 2996 rhetorica
3453 2940 3570 2993 dis—

1873 3044 2100 3109 ceptare
2129 3038 2316 3109 coepit,
2349 3043 2444 3092 aut
2485 3036 2717 3090 insimul
2749 3036 2937 3104 legere
2971 3048 3100 3102 qua
3141 3032 3236 3084 ille
3277 3029 3333 3084 in
3372 3028 3571 3099 primis

1875 3129 2070 3182 audire
2101 3132 2343 3199 optaret,
2376 3131 2474 3180 aut
2509 3142 2638 3196 qua
2675 3125 2799 3194 ejus
2833 3120 3054 3192 ingenii
3101 3118 3353 3174 facultati
3383 3116 3567 3186 magis

1873 3232 2188 3287 congruere
2216 3216 2322 3270 sibi
2350 3215 2700 3270 viderentur.
2735 3210 3022 3268 Deferbuit
3049 3208 3289 3263 subinde
3314 3205 3565 3260 studium

1874 3306 2015 3360 illud
2044 3306 2268 3378 ingens,
2299 3321 2411 3376 quo
2441 3306 2780 3376 flagraverat
2807 3301 2868 3355 in
2907 3297 3201 3355 Manichai
3231 3295 3567 3362 doctrinam,

1874 3395 2175 3466 omnisque
2222 3394 2374 3448 illico
2422 3409 2551 3463 spes
2598 3390 2843 3446 concidit
2886 3387 3354 3460 reperiendorum
3397 3384 3457 3438 in
3501 3400 3566 3436 ea

1873 3492 2021 3538 secta
2043 3483 2366 3548 hominum,
2389 3482 2488 3553 qui
2513 3498 2608 3536 eas
2630 3479 2973 3552 quaestiones
2999 3477 3334 3543 enodarent,
3360 3474 3566 3545 quibus

1872 3572 2153 3626 solvendis
2189 3569 2664 3626 celebratissimus
2703 3569 2798 3623 ille
2837 3569 3069 3621 Faustus
3107 3565 3294 3635 impar
3331 3563 3555 3617 fuisset.

1871 3661 2252 3725 Quamobrem
2283 3675 2350 3714 eo
2389 3659 2637 3729 cognito,
2669 3672 2901 3711 omnem
2938 3656 2999 3710 in
3041 3671 3109 3709 ea
3148 3653 3352 3708 haresi
3392 3651 3562 3722 proti-

1872 3749 2056 3804 ciendi
2076 3764 2268 3803 curam
2295 3747 2519 3818 abjecit.
2549 3746 2882 3801 Fluctuabat
2907 3743 3099 3798 animo
3130 3740 3563 3796 cunctabundus

1871 3839 1931 3892 in
1957 3838 2158 3891 eodem
2184 3837 2303 3890 luto
2335 3835 2620 3900 haesitans,
2648 3850 2827 3904 eaque
2849 3832 3132 3887 cunctatio
3163 3832 3347 3900 major
3364 3829 3425 3882 in
3447 3827 3566 3882 dies

1871 3925 2254 3992 oboriebatur,
2277 3939 2344 3976 ex
2374 3939 2488 3993 quo
2510 3923 2744 3977 Faustus
2774 3920 3000 3990 copiam
3030 3919 3114 3973 illi
3138 3919 3346 3972 fecerat
3371 3932 3563 3970 secum

1870 4012 2250 4085 colloquendi,
2300 4028 2485 4083 neque
2528 4027 2697 4081 porro
2745 4007 3157 4080 exspectationi
3193 4005 3568 4076 responderat

1873 4106 1961 4175 (De
1994 4105 2234 4158 Utilitate
2252 4101 2591 4166 crededendi,
2617 4117 2672 4154 η.
2697 4101 2804 4169 20).
2827 4101 3012 4168 Atque
3034 4096 3154 4150 hac
3179 4094 3356 4149 videri
3379 4099 3561 4164 potest

1869 4197 2022 4247 meta
2051 4207 2256 4246 novem
2294 4191 2522 4244 illorum
2561 4203 2847 4242 annorum
2876 4186 3082 4258 quibus
3114 4183 3434 4240 Manichais
3463 4183 3562 4237 ad-

1867 4277 2096 4332 hasisse
2121 4294 2178 4332 se
2207 4278 2420 4340 scribit,
2445 4277 2528 4332 uti
2555 4294 2590 4332 a
2619 4277 2783 4331 nobis
2809 4275 3067 4347 superius
3097 4274 3450 4329 observatum
3480 4277 3567 4327 est

1868 4367 2087 4440 (Supra,
2119 4383 2238 4438 cap.
2273 4371 2326 4427 6,
2365 4383 2458 4422 nn.
2490 4369 2543 4433 4,
2591 4367 2667 4436 5).
2700 4368 3040 4436 Quanquam
3077 4364 3135 4418 id
3177 4363 3358 4417 atatis
3407 4362 3559 4416 haud

1867 4457 2101 4511 omnino
2130 4473 2189 4511 se
2219 4457 2290 4511 ab
2329 4473 2529 4511 eorum
2567 4456 2834 4510 societate
2872 4453 3184 4525 sejunxerit
3216 4469 3228 4506 :
3271 4453 3377 4508 Sed
3405 4453 3567 4521 quasi

1865 4547 2052 4600 melius
2082 4547 2383 4615 quidquam
2411 4561 2516 4600 non
2535 4546 2828 4609 inveniens,
2861 4541 3067 4613 inquit,
3091 4557 3147 4596 eo
3168 4557 3272 4610 quo
3291 4541 3411 4608 jam
3437 4556 3563 4610 quo-

1865 4651 1968 4704 quo
1998 4636 2150 4690 modo
2180 4638 2474 4700 irrueram,
2513 4639 2786 4688 contentus
2823 4633 3040 4686 interim
3067 4646 3176 4684 esse
3204 4629 3559 4694 decreveram,

1861 4727 1974 4779 nisi
2003 4725 2220 4793 aliquid
2255 4727 2397 4791 forte
2427 4723 2571 4794 quod
2604 4725 2777 4789 magis
2811 4720 3116 4788 eligendum
3155 4724 3288 4774 esset
3316 4720 3559 4773 eluceret.

1865 4812 2122 4882 (Con/ess.
2157 4813 2252 4866 lib.
2285 4814 2337 4877 5,
2369 4827 2488 4880 cap.
2520 4815 2577 4879 7,
2608 4826 2661 4864 η.
2699 4811 2797 4878 t3).
2825 4809 2913 4863 Sic
2942 4807 3133 4862 animo
3157 4807 3389 4860 atl‘ectus
3419 4811 3562 4870 erat,

1863 4917 1992 4956 cum
2014 4900 2207 4954 relicta
2227 4899 2414 4953 Africa
2436 4901 2673 4953 Romam
2692 4898 2973 4969 petiturus
2991 4896 3212 4963 trajecit
3226 4895 3285 4948 in
3309 4894 3526 4948 Italiam
3546 4910 3558 4948 :

1861 4991 2016 5062 quod
2041 4989 2151 5045 iter
2179 5005 2307 5042 cum
2340 4988 2532 5042 statim
2566 4988 2636 5043 ab
2674 4987 2866 5041 habito
2901 5002 3031 5040 cum
3067 4986 3268 5039 Fausto
3298 4999 3561 5038 sermone

1860 5083 2267 5134 commemorat
2287 5078 2466 5143 (lbid.,
2494 5093 2614 5146 cap.
2649 5079 2702 5142 8,
2729 5093 2786 5130 η.
2819 5076 2926 5144 14),
2950 5074 3200 5129 indicare
3230 5073 3476 5139 videtur,
3503 5070 3558 5126 id

1859 5183 1917 5221 se
1934 5184 2083 5222 anno
2102 5167 2284 5221 atatis
2305 5182 2421 5220 sua
2442 5166 2719 5236 vigesimo
2743 5179 2896 5218 nono
2913 5167 3200 5234 vergente,
3223 5178 3328 5234 per
3351 5162 3559 5216 littera-

1858 5256 1973 5310 rias
2018 5256 2254 5310 forsitan
2299 5254 2554 5309 inducias
2597 5253 2734 5308 anni
2785 5251 3175 5307 trecentesimi
3223 5246 3556 5319 octogesimi

1857 5345 2028 5411 tertii,
2063 5346 2372 5415 suscepisse
2406 5360 2418 5398 :
2453 5359 2763 5414 quanquan
2795 5358 2990 5396 revera
3019 5340 3164 5395 nihil
3195 5339 3380 5392 obstet
3407 5351 3550 5404 quo-

1859 5435 2045 5488 minus
2067 5439 2388 5504 susceptum
2413 5433 2480 5486 ab
2511 5432 2634 5503 ipso
2663 5431 2767 5485 sub
2789 5430 3088 5484 ineuntem
3118 5428 3269 5481 hunc
3286 5422 3553 5478 eumdem

1856 5539 2072 5577 annum
2103 5522 2307 5578 Christi
2334 5521 2710 5576 existimetur.
