4020 6348
388 297 450 347 ut;
753 307 764 320 '
1600 291 1764 345 VITA
1811 293 1860 343 8.
1911 292 2293 347 AL'GL'STINI
2345 291 2682 346 EPISUH’L
3835 295 3905 343 {Hi

1385 521 1899 643 LIBER
2015 432 2923 645 SWUE

620 706 692 755 De
726 705 1031 770 Augustini,
1063 706 1388 770 profectione
1417 705 1469 754 in
1498 705 1720 767 Italiam,
1753 712 1805 754 et
1837 705 1900 754 de
1937 705 2089 754 rebus
2115 703 2183 752 ibi
2215 704 2279 753 ab
2311 720 2373 754 eo
2403 707 2564 769 gestis
2590 720 2751 770 usque
2781 706 2845 755 ad
2877 720 3022 754 suum
3053 705 3105 754 in
3134 704 3370 754 Africam
3399 704 3642 754 reditum.

959 968 1184 1022 CAPUT
1225 967 1516 1022 PRIMUM.

394 1096 406 1146 t
461 1094 807 1162 Augustinus
837 1095 1058 1148 Romam
1097 1094 1474 1161 proﬁciscitur.
1518 1095 1550 1146 2
1582 1093 1794 1147 Occulte
1825 1106 1885 1143 ac
1918 1092 2088 1143 invita

457 1185 644 1236 matre.
681 1184 711 1236 3
753 1181 838 1236 Ibi
867 1183 923 1234 in
953 1181 1195 1234 morbum
1238 1181 1430 1234 indicit
1469 1181 1845 1249 periculosum.
1883 1181 1916 1232 4
1944 1180 2090 1233 Inter

457 1271 782 1324 Manichaios
822 1274 1091 1337 versatur,
1127 1285 1373 1339 quamam
1407 1285 1524 1322 eum
1554 1271 1611 1322 in
1653 1269 1870 1322 illorum
1912 1268 2089 1321 adhuc

455 1363 599 1412 secta
626 1358 977 1412 distinebant.
1017 1361 1046 1412 5
1079 1359 1415 1413 Rhetoricam
1439 1360 1496 1411 in
1525 1357 1661 1412 Urbe
1688 1357 1852 1411 docet.

461 1506 509 1558 l.
555 1504 696 1560 Cum
715 1502 777 1556 in
806 1501 1027 1556 Italiam
1049 1501 1434 1556 transmittere
1450 1500 1803 1572 Augustinus
1833 1499 2089 1554 animum

382 1591 627 1656 induxit,
665 1607 796 1646 eum
827 1591 1102 1662 profecto,
1137 1607 1311 1662 quem
1350 1607 1414 1644 ex
1454 1591 1551 1644 illa
1581 1589 1939 1661 navigatione
1970 1589 2091 1644 fru-

383 1685 559 1746 ctum,
610 1683 724 1735 Deo
784 1680 1090 1751 aspirante,
1134 1684 1404 1750 capturus
1451 1685 1592 1745 erat,
1642 1679 2088 1750 haudquaquam

383 1768 505 1839 ipse
535 1768 645 1823 sibi
683 1769 1081 1839 pollicebatur.
1125 1769 1378 1824 Romam
1407 1768 1810 1833 contendebat,
1842 1765 2086 1821 rhetori-

384 1873 508 1911 cam
549 1857 626 1911 ibi
662 1857 1042 1927 professurus,
1074 1873 1191 1910 non
1229 1873 1328 1928 spe
1367 1857 1568 1912 ductus
1605 1856 1901 1927 amplioris
1935 1873 2088 1911 emo-

383 1945 629 2000 lumenti
659 1950 714 2000 et
753 1945 988 2016 majoris
1025 1945 1284 2012 honoris,
1317 1946 1546 2000 tametsi
1584 1949 1641 2001 et
1668 1945 1864 2000 isthaec
1892 1946 2085 2000 incen-

382 2035 518 2102 tiva,
555 2051 685 2106 qua:
724 2034 894 2089 amici
933 2035 1305 2101 adhibebant,
1337 2033 1602 2090 nonnihil
1639 2041 1937 2090 moverent
1965 2036 2084 2090 ani-

381 2139 542 2178 mum
579 2139 592 2177 :
624 2123 723 2177 sed
752 2123 874 2177 haec
901 2123 1193 2193 prmcipua
1214 2139 1383 2178 causa
1404 2128 1461 2178 et
1476 2140 1621 2195 pene
1639 2125 1755 2178 sola
1784 2125 2082 2195 impulsus,

378 2213 532 2285 quod
548 2213 810 2268 audierat
831 2213 1079 2284 quietius
1103 2215 1298 2267 Romae
1310 2229 1480 2283 quam
1499 2213 1840 2284 Carthagine
1858 2214 2085 2269 studere

379 2303 789 2368 adolescentes,
818 2307 876 2355 et
905 2301 1250 2355 ordinatiore
1280 2301 1597 2372 disciplinas
1628 2302 1971 2356 coercitione
1997 2320 2083 2357 se-

381 2390 524 2445 dari.
569 2391 778 2444 Verum
821 2390 869 2444 si
915 2406 1038 2444 rem
1080 2390 1249 2444 altius
1291 2395 1638 2462 repetamus,
1670 2391 1943 2461 peculiari
1985 2392 2086 2446 Dei

381 2485 527 2534 nutu
556 2479 930 2549 dirigebatur,
964 2478 1064 2550 qui
1107 2479 1327 2533 occulto
1357 2479 1597 2533 consilio
1641 2484 1696 2533 et
1733 2480 1991 2534 stimulos
2033 2481 2085 2535 ei

382 2567 718 2622 admovebat
764 2567 975 2638 quibus
1020 2568 1361 2637 Carthagine
1411 2568 1771 2636 avelleretur,
1800 2573 1856 2622 et
1892 2569 2084 2623 illece-

381 2655 512 2710 bras
542 2655 752 2727 quibus
802 2657 1043 2710 Romam
1087 2656 1469 2710 attraheretur
1515 2656 1830 2727 adjiciebat,
1877 2661 1938 2710 ut
1982 2674 2086 2728 per

380 2744 566 2800 varios
591 2745 826 2800 demum
864 2745 1172 2812 anfractus,
1205 2745 1275 2799 ad
1314 2745 1509 2800 salutis
1538 2751 1766 2816 portum
1797 2751 2081 2801 errantem

380 2834 704 2889 deduceret.
755 2834 916 2898 Quod
947 2834 1068 2905 ipse
1115 2850 1424 2904 agnoscens
1470 2835 1868 2904 Augustinus:
1918 2839 1988 2890 Et
2026 2839 2084 2888 in

379 2925 486 2992 his,
515 2923 610 2990 ait,
645 2925 903 2978 altissimi
920 2925 1003 2978 tui
1022 2938 1257 2978 recessus
1284 2928 1334 2978 et
1349 2926 1773 2993 presentissima
1798 2927 1854 2978 in
1875 2940 1969 2978 nos
1986 2926 2085 2978 mi-

377 3013 672 3067 sericordia
703 3017 806 3067 tua
828 3012 1122 3081 cogitanda
1149 3017 1200 3066 et
1223 3012 1579 3081 praedicanda
1607 3018 1684 3066 est
1715 3014 1946 3081 (Con/es.
1984 3014 2077 3068 lib.

379 3105 431 3167 5,
465 3117 586 3171 cap.
621 3104 673 3168 8,
705 3117 761 3155 η.
799 3103 908 3170 14).
944 3102 1086 3154 Eum
1129 3100 1390 3156 Messiani
1430 3101 1787 3172 proconsulis
1818 3101 1875 3156 in
1909 3102 2082 3156 Mani-

376 3191 564 3244 chaaos
595 3190 710 3244 lata
749 3189 1032 3244 sententia
1060 3205 1391 3260 percussum
1433 3206 1497 3244 ex
1525 3190 1711 3244 Africa
1740 3191 2082 3262 profugisse,

377 3277 739 3346 postmodum
781 3277 1134 3347 objectarunt
1173 3278 1479 3332 adversarii
1515 3278 1741 3349 (Contra
1770 3281 1904 3334 Litt.
1937 3282 2082 3334 Peti-

379 3367 537 3430 tiani,
568 3366 664 3420 lib.
694 3370 748 3435 3,
777 3382 833 3420 η.
871 3365 962 3437 30)
992 3383 1004 3420 :
1032 3382 1147 3438 quo
1173 3372 1494 3422 commento
1518 3368 1738 3422 nullum
1760 3368 2081 3422 absurdius.

377 3454 638 3509 Messiani
686 3455 900 3526 quippe
953 3455 1235 3510 sententia
1294 3456 1442 3511 dicta
1496 3457 1606 3511 fuit
1661 3473 1810 3511 anno
1878 3457 2085 3512 Christi

379 3543 780 3597 trecentesimo
829 3543 1176 3616 octogesimo
1230 3549 1436 3599 sexto:
1479 3545 1835 3616 Augustinus
1891 3551 2084 3600 autem

384 3631 688 3687 Mediolani
717 3633 915 3703 procul
956 3633 1131 3688 dubio
1171 3637 1294 3688 erat
1323 3639 1452 3688 ante
1491 3651 1708 3689 annum
1749 3635 2083 3691 trecentesi-

377 3737 536 3776 mum
567 3722 982 3793 octogesimum
1024 3722 1323 3794 quintum;
1365 3723 1525 3796 cujus
1559 3723 1645 3779 rei
1674 3724 2083 3779 documentum

376 3809 438 3863 in
485 3816 758 3882 promptu
799 3811 1045 3866 habebat
1101 3811 1244 3883 ipse,
1298 3813 1368 3868 ad
1417 3829 1566 3880 eam,
1623 3814 1724 3868 ubi
1779 3813 2086 3868 necessitas

378 3903 652 3970 posceret,
698 3902 1014 3954 multorum
1076 3901 1389 3957 illustrium
1445 3903 1700 3958 virorum
1758 3903 2086 3958 testimonio

376 3992 866 4061 comprobandam
897 3991 1395 4050 instructissimus.

442 4082 492 4133 2.
540 4081 652 4134 Hoc
699 4097 833 4134 sane
865 4067 988 4135 iter
1042 4082 1368 4136 clanculum
1424 4083 1702 4152 suscepit;
1758 4099 1886 4137 cum
1934 4083 2087 4137 navi-

373 4167 524 4238 garit
565 4167 744 4222 inscio
796 4168 920 4238 ipso
973 4169 1356 4235 Romaniano,
1406 4169 1638 4240 quicum
1694 4187 1794 4224 sua
1849 4171 2087 4226 consilia

375 4256 804 4310 communicare
843 4256 1044 4310 solitus
1081 4261 1221 4323 erat,
1259 4258 1422 4328 cujus
1448 4258 1622 4312 etiam
1654 4259 1863 4313 liberos
1893 4259 2089 4314 relicta

376 4345 721 4416 Carthagine
761 4346 1088 4400 deserebat.
1123 4348 1261 4401 Eum
1306 4351 1497 4402 tamen
1541 4348 1633 4401 cui
1673 4352 1754 4402 tot
1804 4349 2089 4418 tantisque

379 4434 674 4489 beneficiis
709 4433 1012 4488 obstrictus
1042 4440 1185 4504 erat,
1211 4434 1322 4489 nisi
1367 4441 1488 4489 tum
1533 4436 1823 4502 abfuisset,
1855 4437 1912 4491 id
1943 4438 2091 4491 cela-

378 4525 544 4572 turus
573 4518 744 4574 fuisse
773 4535 890 4574 non
920 4519 1142 4574 videtur
1174 4536 1186 4574 :
1219 4520 1603 4591 quamobrem
1634 4537 1736 4575 nec
1766 4521 1814 4576 ei
1847 4522 1931 4576 vel
1961 4523 2092 4577 levi-

378 4613 466 4661 ter
501 4608 827 4662 succensuit
870 4608 1283 4678 Romanianus,
1329 4625 1431 4662 nec
1475 4610 1543 4664 de
1579 4609 1816 4680 pristina
1855 4611 2093 4666 benevo-

381 4695 557 4750 lentia
605 4697 824 4752 remisit
877 4697 1238 4769 aliquantum
1293 4699 1516 4767 (Contra
1560 4700 1843 4764 Academ.,
1894 4701 1989 4757 lib.
2035 4704 2087 4766 2,

373 4799 428 4838 η.
467 4784 518 4855 3)
556 4801 568 4839 :
608 4782 838 4857 quippe
863 4786 954 4841 cui
983 4787 1338 4858 perspectior
1357 4793 1479 4843 erat
1506 4789 1812 4859 Augustini
1841 4789 2089 4858 animus,

377 4889 550 4945 quam
602 4879 669 4928 ut
713 4875 1013 4930 adversum
1045 4893 1103 4930 se
1135 4876 1427 4947 ingratum
1479 4882 1648 4948 atque
1690 4878 2090 4934 immemorem

382 4962 661 5034 suspicari
690 4969 898 5036 posset.
937 4966 1062 5020 Non
1096 4965 1262 5020 latuit
1291 4967 1610 5022 Monnicam
1640 4969 1790 5039 quod
1819 4971 2090 5041 Augusti-

377 5068 485 5106 nus
515 5051 709 5107 animo
736 5054 996 5108 volvebat
1029 5054 1418 5125 proﬁciscendi
1447 5056 1777 5122 consilium;
1802 5074 1931 5129 qua:
1961 5077 2091 5115 cum

383 5157 546 5196 more
567 5147 842 5206 matrum,
872 5158 936 5196 ac
959 5143 1156 5197 multis
1186 5145 1368 5198 multo
1400 5145 1644 5216 amplius
1671 5145 1774 5199 ﬁlii
1799 5151 2092 5201 consuetu-

383 5231 516 5284 dine
549 5231 950 5297 delectaretur,
979 5247 1166 5302 neque
1197 5233 1268 5286 ab
1299 5249 1365 5287 eo
1395 5233 1585 5288 divelli
1617 5251 1674 5287 se
1704 5251 1869 5306 aequo
1899 5236 2094 5289 animo

381 5318 502 5389 pati
537 5325 728 5390 posset
771 5318 1034 5390 (Tagasta
1076 5336 1149 5374 an
1190 5321 1528 5393 Carthagine
1571 5323 1957 5391 decedentem,
1989 5325 2092 5380 du-

383 5407 548 5462 bium
579 5412 703 5476 est),
738 5407 902 5463 illum
937 5408 1161 5480 insequi
1187 5410 1502 5478 constituit,
1534 5413 1620 5466 vel
1651 5417 1716 5466 ut
1751 5429 1866 5468 una
1903 5430 2096 5468 secum

394 5495 628 5550 domum
675 5497 838 5552 illum
881 5498 1201 5565 reduceret,
1233 5504 1332 5554 aut
1377 5499 1422 5553 si
1451 5517 1622 5571 porro
1660 5501 1708 5555 is
1735 5502 1992 5556 animum
2035 5502 2093 5556 in

387 5585 682 5654 proposito
713 5587 1072 5658 oblirmaret,
1099 5604 1286 5642 comes
1325 5589 1543 5644 itineris
1583 5591 1636 5645 ei
1665 5591 2094 5663 adjungeretur.

389 5671 572 5725 Finxit
620 5677 744 5728 tum
785 5676 1017 5746 quidem
1058 5677 1410 5748 Augustinus
1449 5679 1592 5732 velle
1631 5695 1689 5732 se
1733 5679 2095 5733 solummodo

2201 965 2384 1020 amico
2421 981 2556 1020 mox
2593 965 2930 1036 navigaturo
2968 965 3280 1031 adhaerere,
3323 981 3502 1036 usque
3549 965 3689 1020 dum
3733 971 3908 1036 portu

2201 1054 2458 1109 solvisset
2487 1071 2499 1108 :
2529 1054 2625 1108 sed
2655 1071 2722 1109 eo
2757 1059 2879 1108 astu
2907 1055 3104 1108 delusa
3136 1070 3250 1108 non
3278 1059 3363 1107 est
3390 1054 3485 1123 pia
3513 1053 3713 1107 matris
3743 1052 3872 1106 solli
3891 1082 3905 1090 -

2198 1142 2414 1210 citudo,
2450 1159 2633 1214 neque
2665 1160 2732 1197 eo
2759 1143 2966 1198 adduci
2995 1143 3202 1214 potuit,
3232 1147 3295 1196 ut
3321 1143 3438 1197 sola
3465 1142 3700 1197 domum
3734 1141 3906 1195 remi-

2197 1238 2390 1303 graret
2417 1251 2428 1286 :
2464 1233 2606 1305 quin
2635 1233 3002 1286 vehementer
3031 1233 3212 1287 redire
3241 1231 3524 1286 recusanti
3551 1231 3638 1285 vix
3671 1247 3906 1302 persua-

2199 1338 2327 1376 sum
2356 1327 2462 1391 est,
2489 1323 2626 1377 utin
2650 1323 2770 1376 loco
2797 1321 2929 1376 navi
2957 1321 3220 1393 proximo
3251 1338 3313 1375 ac
3335 1319 3604 1392 Cypriani
3630 1319 3907 1390 martyris

2199 1412 2496 1466 memoria:
2533 1429 2690 1466 sacro
2725 1428 2850 1466 eam
2889 1416 3112 1466 noctem
3151 1411 3512 1481 transigeret.
3547 1411 3622 1465 Ea
3651 1409 3792 1464 dum
3825 1409 3906 1463 ibi

2200 1501 2552 1556 orationibus
2598 1502 2816 1555 intenta
2867 1502 3044 1555 Deum
3093 1500 3312 1554 enixius
3363 1500 3790 1571 deprecaretur,
3842 1503 3909 1552 ut

2201 1589 2382 1643 tilium
2416 1590 2777 1659 navigatione
2814 1590 3118 1653 inhiberet,
3150 1591 3196 1643 is
3235 1605 3292 1644 se
3325 1589 3581 1643 clanculo
3611 1587 3905 1652 subduxit,

2199 1683 2369 1750 atque
2387 1679 2908 1734 obsecundantibus
2933 1679 3112 1733 ventis
3140 1680 3380 1733 Romam
3405 1677 3706 1749 navigavit.
3736 1677 3904 1741 Quod

2198 1768 2294 1822 illa
2327 1784 2494 1822 mane
2523 1784 2652 1822 cum
2685 1767 3390 1838 deprehendisset,totain
3422 1765 3776 1820 miserabiles
3808 1769 3907 1819 tle-

2201 1862 2289 1911 tus
2321 1857 2518 1923 effusa,
2541 1857 2757 1911 mosstis
2784 1857 3014 1912 vocibus
3044 1857 3204 1910 littus
3237 1872 3406 1910 omne
3435 1855 3715 1926 implevit,
3748 1871 3910 1910 nunc

2197 1961 2360 1999 suam
2391 1945 2570 2016 ipsius
2601 1947 2903 2000 orbitatem
2939 1947 3260 2018 deplorans,
3293 1961 3444 1999 nunc
3482 1944 3586 1998 filii
3616 1944 3906 2005 fraudem,

2197 2049 2350 2088 nunc
2373 2035 2771 2090 crudelitatem
2798 2035 2991 2090 animo
3019 2036 3324 2091 obversans
3346 2050 3469 2089 suo.
3503 2037 3767 2088 Attamen
3801 2032 3910 2086 mi-

2195 2123 2373 2192 tigato
2403 2124 2828 2195 aliquantulum
2857 2123 3036 2178 animi
3065 2125 3280 2191 dolore,
3308 2122 3552 2178 sedatior
3577 2123 3739 2186 facta,
3773 2120 3905 2175 ina-

2196 2212 2364 2265 nibus
2403 2213 2615 2284 quibus
2656 2231 2714 2268 se
2751 2213 3102 2284 defatigabat
3138 2210 3363 2266 omissis
3401 2210 3665 2282 querelis,
3700 2225 3908 2263 rursus

2196 2300 2267 2354 ad
2311 2300 2416 2355 filii
2457 2304 2696 2357 salutem
2743 2304 2855 2356 Deo
2905 2302 3169 2373 precibus
3213 2298 3722 2354 commendandam
3769 2314 3905 2352 con~

2195 2405 2354 2443 versa
2385 2391 2620 2445 domum
2651 2407 2709 2444 se
2737 2391 2949 2461 recepit.
2969 2391 3232 2462 (Confess.
3265 2390 3358 2444 lib.
3396 2393 3448 2455 5,
3471 2405 3591 2458 cap.
3621 2391 3672 2454 8,
3695 2403 3750 2441 η.
3785 2390 3898 2454 15).

2267 2483 2317 2533 3.
2363 2480 2462 2533 Vix
2507 2481 2747 2534 Romam
2792 2480 3126 2534 adventarat
3172 2477 3544 2549 Augustinus,
3590 2493 3721 2530 cum
3766 2491 3903 2529 ecce

2195 2567 2596 2637 gravissimum
2629 2569 2688 2622 in
2726 2569 2994 2622 morbum
3032 2567 3258 2622 incidit:
3293 2567 3531 2638 jamque
3570 2565 3628 2620 in
3657 2565 3775 2619 dies
3806 2564 3901 2618 in-

2195 2661 2562 2726 gravescente
2601 2658 2802 2711 mortis
2840 2656 3094 2727 periculo
3133 2662 3428 2727 proximus
3467 2660 3605 2710 erat.
3654 2654 3906 2725 Nequid-

2195 2761 2369 2816 quam
2402 2749 2595 2800 tamen
2625 2747 2693 2800 de
2724 2746 3068 2800 salutaribus
3096 2745 3262 2800 undis
3301 2745 3511 2815 quibus
3540 2741 3745 2797 anima:
3776 2756 3905 2795 sor-

2194 2833 2293 2888 des
2332 2835 2665 2901 abluuntur,
2697 2835 2767 2889 ab
2807 2852 2874 2889 eo
2915 2834 3270 2906 cogitabatur
3303 2849 3316 2888 :
3358 2849 3425 2886 eo
3461 2831 3616 2887 enim
3653 2829 3906 2884 vesania:

2193 2929 2567 2993 processerat,
2598 2929 2663 2979 ut
2683 2924 2944 2980 divinum
2973 2925 3080 2979 hoc
3109 2923 3588 2978 medicamentum
3615 2919 3899 2974 irrideret.

2195 3012 2398 3081 Ignara
2436 3012 2565 3066 licet
2605 3011 2703 3084 pia
2736 3017 2920 3066 mater
2957 3013 3102 3083 ejus,
3133 3011 3192 3065 in
3239 3010 3394 3082 quod
3434 3008 3710 3062 inciderat
3747 3006 3906 3060 ﬁlius

2198 3099 2325 3153 vitm
2369 3100 2698 3166 discrimen,
2729 3101 2908 3155 nihilo
2951 3101 3184 3172 segnius
3213 3115 3318 3170 pro
3360 3099 3458 3152 illo
3491 3099 3670 3152 Deum
3698 3111 3902 3166 preca-

2195 3187 2394 3255 batur;
2424 3189 2586 3260 cujus
2615 3187 2959 3259 precationis
2987 3187 3306 3240 interventu
3340 3183 3693 3238 convaluisse
3724 3199 3805 3248 se,
3840 3198 3904 3236 ac

2195 3276 2353 3330 vitali
2396 3277 2618 3331 lavacro
2663 3280 3032 3337 reservatum,
3077 3290 3191 3328 non
3236 3273 3361 3327 sine
3405 3272 3678 3326 memoris
3721 3270 3902 3326 animi

2195 3364 2618 3429 testiﬁcatione,
2646 3367 2946 3417 memorat.
2979 3365 3095 3418 Non
3121 3363 3258 3416 satis
3289 3363 3524 3430 eloquor,
3557 3359 3636 3414 ait
3663 3359 3812 3414 hanc
3842 3359 3902 3413 in

2195 3470 2338 3520 rem,
2371 3454 2508 3523 quid
2535 3468 2664 3521 erga
2684 3469 2765 3506 me
2790 3452 3017 3506 habebat
3038 3453 3229 3518 animi,
3259 3457 3307 3505 et
3337 3455 3537 3520 quanto
3557 3450 3764 3519 majore
3794 3451 3903 3504 sol—

2195 3543 2479 3598 licitudine
2506 3557 2588 3596 me
2606 3541 2953 3611 parturiebat
2987 3542 3210 3611 spiritu,
3241 3556 3405 3609 quam
3431 3555 3590 3594 carne
3615 3544 3902 3609 pepererat

2197 3631 2384 3701 (Ibid.,
2417 3646 2536 3700 cap.
2579 3633 2632 3696 9,
2664 3646 2716 3684 η.
2755 3631 2862 3700 16).

2266 3721 2320 3775 4.
2364 3719 2766 3773 Diversabatur
2783 3735 2905 3793 ,per
2957 3719 3014 3773 id
3061 3722 3288 3790 tempus
3351 3718 3701 3789 Augustinus
3746 3720 3905 3789 apud

2200 3824 2381 3864 unum
2415 3823 2480 3862 ex
2516 3807 2956 3863 Manichaeorum
2999 3812 3149 3862 secta
3186 3807 3543 3873 Auditorem,
3576 3823 3763 3878 neque
3811 3824 3906 3862 so-

2196 3897 2316 3952 lum
2367 3896 2489 3966 ejus
2518 3896 2697 3967 ipsius
2743 3900 2842 3950 aut
2891 3896 3132 3950 aliorum
3179 3896 3542 3964 Auditorum,
3585 3897 3683 3951 sed
3727 3896 3904 3951 etiam

2199 3987 2522 4042 Electorum
2551 3984 2961 4039 consuetudine
2993 3984 3328 4039 familiarius
3353 3989 3536 4049 utens,
3571 4001 3744 4054 quam
3775 3985 3910 4040 reli-

2197 4091 2445 4147 quorum
2484 4074 2809 4136 hominum,
2849 4073 2949 4145 qui
2990 4074 3074 4128 illi
3121 4074 3323 4129 haeresi
3363 4090 3477 4128 non
3519 4073 3906 4129 adhaererent.

2201 4164 2316 4220 Etsi
2370 4180 2504 4218 vero
2553 4163 2992 4219 Manichaeorum
3045 4162 3421 4217 deliramenta
3467 4163 3676 4229 minus,
3727 4179 3909 4233 quam

2201 4258 2334 4308 ante
2365 4253 2564 4307 solitus
2595 4256 2736 4318 erat,
2779 4251 3034 4306 animose
3075 4252 3432 4318 defenderet;
3474 4269 3669 4307 eorum
3712 4257 3910 4308 tamen

2198 4341 2608 4406 familiaritate,
2643 4357 2788 4411 quos
2826 4357 3038 4411 magno
3075 4357 3314 4396 numero
3356 4343 3537 4396 Roma
3565 4342 3906 4405 occultabat,

2200 4431 2271 4484 ab
2304 4427 2675 4500 inquisitione
2703 4429 2820 4484 veri
2842 4447 2956 4484 non
2982 4447 3183 4502 parum
3210 4431 3625 4486 retardabatur.
3655 4431 3910 4485 Necdum

2199 4535 2332 4573 vero
2375 4535 2507 4572 eum
2557 4535 2809 4574 errorem
2851 4525 3104 4586 exuerat,
3139 4537 3251 4592 quo
3281 4519 3386 4573 sibi
3430 4535 3495 4574 ex
3545 4535 3743 4574 eorum
3775 4536 3908 4574 sen-

2201 4610 2378 4664 tentia
2411 4609 2728 4677 videbatur,
2763 4627 2876 4666 non
2910 4628 2967 4666 se
2999 4628 3118 4666 esse
3149 4610 3248 4682 qui
3271 4614 3550 4681 peccaret,
3583 4610 3678 4664 sed
3711 4627 3911 4682 quam-

2200 4700 2332 4754 dam
2358 4699 2530 4754 aliam
2571 4700 2630 4754 in
2670 4701 2796 4770 ipso
2839 4706 3124 4755 naturam.
3161 4700 3282 4763 Quo
3319 4700 3593 4769 figmento
3629 4701 3908 4771 sacrilego

2201 4789 2488 4860 superbia:
2525 4789 2704 4861 ipsius
2743 4790 3091 4857 blandiente,
3123 4805 3181 4842 se
3221 4793 3380 4841 extra
3416 4803 3645 4842 omnem
3677 4789 3910 4860 culpam

2200 4893 2341 4944 esse,
2379 4877 2640 4932 lubenter
2672 4878 2991 4949 reputabat.
3023 4876 3218 4931 Adhuc
3254 4878 3394 4929 enim
3432 4877 3571 4929 mihi
3597 4877 3906 4947 videbatur,

2203 4967 2409 5038 inquit,
2435 4984 2540 5022 non
2562 4983 2672 5022 esse
2690 4983 2785 5022 nos
2807 4969 2904 5036 qui
2918 4980 3220 5036 peccamus,
3242 4965 3336 5019 sed
3354 4967 3528 5020 nescio
3549 4982 3711 5036 quam
3739 4969 3911 5022 aliam

2203 5060 2260 5111 in
2289 5057 2442 5111 nobis
2459 5071 2682 5126 peccare
2701 5059 2992 5118 naturam;
3021 5059 3070 5108 et
3091 5053 3395 5108 delectabar
3409 5056 3714 5124 superbiam
3735 5072 3910 5111 meam

2203 5151 2361 5200 «τινα
2399 5147 2613 5214 culpam
2651 5161 2788 5207 esse;
2834 5149 2884 5197 et
2923 5159 3038 5197 cum
3079 5144 3292 5211 aliquid
3329 5146 3461 5199 mali
3497 5147 3758 5212 fecissem,
3803 5161 3910 5200 non

2205 5235 2454 5305 conﬁteri
2481 5249 2562 5288 me
2594 5236 2803 5300 fecisse,
2841 5237 2902 5286 ut
2938 5248 3159 5287 sanares
3201 5236 3458 5302 animum,
3493 5237 3746 5302 quoniam
3785 5251 3912 5304 pec-

2205 5324 2523 5390 cabatgtibi;
2556 5324 2651 5377 sed
2679 5337 2934 5376 accusare
2953 5337 3068 5376 eam
3093 5323 3363 5387 amabam,
3386 5329 3435 5378 ct
3463 5339 3715 5378 accusare
3737 5328 3914 5380 nescio

2207 5413 2343 5481 quid
2370 5411 2547 5476 aliud,
2582 5411 2726 5481 quod
2754 5427 2952 5465 mecum
2992 5417 3144 5478 esset,
3175 5417 3224 5466 et
3258 5429 3352 5481 ego
3387 5429 3492 5467 non
3521 5428 3682 5467 essem
3712 5413 3910 5482 (Ibid,

2213 5517 2332 5570 cap.
2357 5503 2441 5567 t0,
2457 5517 2511 5554 η.
2539 5500 2644 5571 t8).
2673 5501 2803 5554 Erat
2818 5515 2952 5553 vero
2970 5500 3121 5556 istud
3139 5502 3306 5572 longe
3319 5501 3633 5556 maximum
3653 5517 3718 5554 ac
3732 5518 3912 5574 prope

2214 5589 2398 5643 solum
2441 5588 2940 5660 impedimentum,
2971 5590 3278 5660 quominus
3307 5606 3374 5643 ex
3413 5589 3700 5660 profundo
3729 5606 3912 5646 emer-

2208 5682 2391 5751 geret,
2425 5679 2578 5750 quod
2610 5680 2790 5734 Deum
2821 5679 3070 5751 cogitare
3100 5695 3218 5733 non
3247 5683 3438 5750 posset
3474 5679 3544 5733 ab
3575 5679 3731 5733 omni
3761 5682 3912 5735 mole
