4020 6356
81 325 148 371 υτ
1524 321 1716 376 LIBEP

1966 323 2162 379 .N'DUS.
3534 342 3600 391 98

76 457 329 512 corpora
393 447 704 508 secretum;
770 457 957 513 neque
1018 442 1332 514 quidquam
1381 443 1612 497 omnino
1663 460 1788 497 esse

76 531 454 599 existimaret,
483 531 634 604 quod
672 546 876 602 corpus
903 547 1016 585 non
1041 535 1188 586 esset
1219 548 1232 585 :
1263 547 1329 586 ex
1358 547 1472 602 quo
1501 531 1785 602 principio

75 636 308 674 errores
333 619 604 690 permulti
621 619 793 673 veluti
812 636 877 674 ex
899 624 1166 691 corrupto
1195 619 1351 674 fonte
1381 620 1592 691 impuri
1615 620 1781 674 rivuli

73 709 485 762 scaturiebaut.
541 708 680 762 Hinc
709 725 842 762 suos
873 709 1138 763 adversus
1183 709 1451 763 Faustum
1484 709 1656 762 libros
1681 709 1785 764 hac

75 797 299 851 salubri
320 797 711 851 admonitione
732 797 1009 852 conclusit
1039 815 1052 852 :
1087 801 1182 852 Dei
1208 804 1464 852 naturam
1485 803 1645 867 atque
1664 799 1785 852 sub-

73 890 344 941 stantiam
375 887 856 941 incommutabilem
889 889 1122 954 omnino,
1155 890 1366 942 omnino
1396 887 1782 956 incorruptibi-

73 977 181 1028 [em
213 977 466 1044 cogitate,
491 977 572 1030 vel
608 975 826 1040 credite,
859 979 908 1028 et
937 978 1223 1030 Manichaei
1252 978 1500 1030 continuo
1538 991 1643 1029 non
1676 977 1783 1028 eri-

75 1067 168 1125 tis,
196 1070 260 1118 ut
274 1064 570 1132 aliquando
589 1069 639 1118 et
664 1064 928 1119 Catholici
954 1079 1064 1119 esse
1084 1068 1303 1134 possitis
1335 1066 1547 1135 (Contra
1571 1067 1781 1130 Faust.,

74 1154 175 1207 lib.
200 1156 291 1218 33,
311 1169 430 1222 cap.
459 1154 526 1221 9).
551 1152 850 1207 Retinebat
869 1169 1001 1207 eum
1029 1153 1263 1225 insuper
1286 1153 1606 1224 desperatio
1628 1153 1783 1206 inve-

74 1241 310 1296 niendte
358 1242 416 1296 in
464 1242 708 1296 Ecclesia
753 1242 1029 1296 catholica
1058 1241 1330 1308 veritatis,
1379 1258 1551 1314 quam
1597 1241 1785 1295 Eccle-

73 1332 248 1397 siam,
297 1330 554 1385 conﬁctis
600 1331 669 1385 ad
711 1330 980 1386 invidiam
1023 1331 1354 1396 mendaciis,
1388 1347 1454 1385 eo
1483 1347 1663 1402 usque
1691 1347 1783 1384 su-

75 1425 336 1490 spectam
381 1419 434 1473 ei
476 1418 846 1474 reddiderant
873 1419 1184 1486 Manicheei,
1217 1424 1278 1473 ut
1309 1435 1643 1490 persuasum
1677 1418 1782 1472 sibi

76 1511 152 1563 ab
182 1509 256 1562 iis
275 1508 446 1562 fuisse
477 1508 696 1574 innuat,
719 1507 1039 1563 Catholicos
1058 1507 1320 1562 homines
1344 1508 1571 1562 credere
1603 1509 1782 1561 Deum

76 1599 272 1651 forma
314 1612 588 1668 corporea
623 1601 832 1650 nostrae
861 1595 1149 1650 consimili
1189 1600 1466 1663 constare,
1509 1597 1784 1650 membris

74 1686 353 1740 humanis
373 1684 782 1756 coagmentari,
807 1701 870 1740 ac
894 1686 1080 1739 carnis
1096 1685 1458 1739 lineamentis
1482 1685 1636 1739 ﬁniri
1657 1701 1784 1739 con-

75 1776 482 1846 decorarique;
507 1774 660 1846 quod
681 1774 734 1828 ei
755 1778 918 1844 turpe
940 1773 1158 1828 creditu
1179 1773 1544 1844 cogitatuque
1561 1773 1785 1828 videba-

78 1869 176 1917 tur
199 1863 375 1933 (Conf.
419 1863 513 1917 lib.
560 1867 613 1932 5,
653 1877 772 1932 cap.
823 1866 905 1928 10,
947 1878 1000 1916 n.
1033 1865 1132 1926 20;
1166 1863 1258 1916 lib.
1291 1865 1343 1928 6,
1377 1879 1494 1932 cap.
1538 1866 1594 1932 2,
1622 1879 1678 1917 n.
1702 1865 1779 1932 4).

74 1952 219 2015 Quae
253 1951 422 2006 etiam
456 1950 620 2004 illum
648 1965 778 2004 cum
820 1949 1141 2004 Manichaais
1171 1951 1555 2021 conjungebat
1582 1950 1780 2004 amici-

73 2041 179 2105 tia,
215 2039 535 2110 segniorem
565 2039 632 2093 ad
664 2039 816 2093 aliud
849 2039 1056 2092 certius
1086 2039 1540 2110 investigandum
1573 2040 1782 2094 efﬁcie-

75 2131 180 2184 bat
213 2146 227 2183 :
257 2145 387 2182 cum
419 2144 619 2182 eorum
669 2127 926 2182 doctrina
955 2130 1255 2182 contentus
1277 2145 1396 2182 esse
1425 2129 1782 2197 decrevisset,
1843 2138 1861 2151 ‘

73 2219 218 2272 dum
249 2216 467 2288 aliquid
507 2216 709 2271 melius
757 2220 814 2270 et
851 2215 1196 2286 exploratius
1237 2221 1558 2271 occurreret
1599 2217 1782 2286 (Ibid,

76 2308 178 2364 lib.
205 2311 259 2373 5,
283 2322 399 2376 cap.
433 2307 517 2372 10,
536 2321 590 2360 n.
623 2308 727 2374 l9).
757 2305 968 2359 Deinde
987 2320 1110 2374 qua:
1136 2304 1424 2359 Manichaei
1445 2305 1503 2358 in
1527 2306 1782 2376 Scriptu-

74 2398 158 2450 ris
183 2395 389 2450 divinis
415 2393 929 2465 reprehendebant,
952 2396 1024 2450 ab
1050 2394 1350 2450 Catholicis
1373 2394 1598 2448 defendi
1619 2411 1783 2465 posse

75 2503 198 2541 non
217 2483 606 2538 arbitrabatur
628 2499 640 2537 :
657 2483 881 2537 tametsi
899 2483 1394 2538 vehementissime
1407 2489 1640 2554 cuperet
1655 2500 1783 2538 cum

75 2575 278 2646 aliquo
299 2573 529 2627 illorum
559 2572 835 2626 librorum
866 2572 1216 2642 peritissimo
1245 2572 1472 2643 singula
1504 2573 1781 2639 conferre,

78 2681 214 2736 qua:
247 2662 481 2734 quidem
504 2661 564 2715 in
585 2661 965 2715 controversia
986 2668 1373 2728 versarentur;
1406 2667 1612 2732 utquee
1641 2668 1786 2716 esset

79 2754 237 2807 illius
257 2768 323 2805 ea
344 2751 414 2806 de
444 2766 504 2804 re
526 2750 806 2804 sententia
824 2749 1099 2820 dispicere
1129 2754 1319 2820 posset
1341 2750 1523 2818 (Ibid.,
1547 2767 1666 2820 cap.
1698 2754 1782 2817 ll,

76 2861 132 2897 η.
173 2842 293 2912 21).
333 2842 519 2912 Atque
551 2844 615 2894 ut
644 2856 802 2910 spem
829 2856 1060 2894 omnem
1090 2840 1150 2894 in
1179 2857 1245 2894 ea
1271 2845 1420 2894 secta
1449 2840 1786 2910 proﬁciendi

77 2929 306 2985 dudum
329 2928 644 2998 abjecerat;
681 2943 746 2982 ea
768 2927 891 2996 ipsa
913 2927 1143 2998 quibus,
1168 2927 1213 2980 si
1235 2927 1378 2981 nihil
1399 2927 1602 2981 melius
1623 2943 1784 2997 aper-

81 3020 314 3090 tiusque
344 3017 639 3088 reperiret,
673 3022 821 3071 stare
851 3017 1192 3082 decreverat,
1217 3015 1338 3086 jam
1369 3015 1661 3069 remissius
1693 3031 1787 3069 ne-

81 3107 514 3180 gligentinsque
546 3105 830 3160 retinebat
871 3121 884 3159 :
917 3121 1100 3176 usque
1130 3105 1272 3158 adeo
1310 3107 1373 3158 ut
1412 3119 1578 3158 suum
1610 3104 1787 3174 ipsius

81 3197 373 3267 hospitem
402 3194 628 3262 fabulis,
659 3210 798 3265 quas
827 3193 1168 3248 Manichaaus
1209 3193 1268 3246 in
1299 3193 1456 3246 libris
1486 3193 1601 3246 suis
1629 3209 1785 3264 spar-

80 3287 174 3350 sit,
208 3283 390 3338 nimio
421 3283 549 3354 plus
579 3282 921 3337 tribuentem
953 3281 1357 3353 ﬁdentemque,
1398 3283 1468 3335 ab
1499 3299 1564 3336 ea
1593 3283 1789 3337 credu-

82 3375 246 3428 litate
265 3371 577 3442 reprimere
599 3387 710 3425 non
723 3371 998 3426 dubitarit
1021 3371 1204 3440 (Ibid,
1221 3387 1341 3441 cap.
1368 3374 1450 3437 10,
1465 3387 1518 3425 n.
1542 3371 1644 3441 l9).
1667 3371 1790 3424 Vix-

82 3464 228 3518 dum
254 3467 446 3516 tamen
479 3461 624 3515 bene
654 3461 904 3514 discussa
934 3461 1104 3525 nube,
1137 3477 1312 3531 quam
1345 3459 1784 3514 Manichaeorum

81 3568 313 3607 errores
341 3550 462 3621 ejus
485 3549 675 3604 animo
706 3549 1207 3617 circumfuderant,
1240 3549 1445 3603 saevior
1474 3566 1668 3604 rursus
1699 3549 1786 3603 in-

81 3640 288 3696 cubuit
330 3643 658 3710 tempestas,
699 3638 984 3692 conversis
1015 3638 1194 3708 ipsius
1222 3638 1289 3692 ad
1321 3638 1788 3692 Academicorum
1835 3650 1848 3658 ·

82 3728 565 3799 philosophorum
597 3732 805 3782 sectam
836 3727 1372 3798 hmsitationemque
1397 3727 1616 3795 studiis,
1646 3743 1788 3798 quos

81 3816 353 3870 omnium
395 3817 563 3886 longe
606 3815 1054 3885 sapientissimos
1087 3814 1352 3880 habebat,
1401 3830 1499 3868 seu
1531 3816 1678 3884 quod
1719 3813 1789 3867 ab

78 3904 244 3960 omni
276 3920 507 3958 assensu
538 3919 657 3958 sese
703 3904 1054 3967 cohiberent,
1087 3919 1184 3956 seu
1216 3903 1368 3973 quod
1400 3902 1545 3956 nihil
1571 3901 1688 3954 veri
1718 3901 1788 3955 ab

80 3991 323 4047 homine
383 3989 794 4060 comprehendi
839 4006 1000 4060 posse
1049 3990 1427 4044 decrevissent
1482 3992 1574 4059 (De
1625 3992 1791 4044 Beata

81 4085 222 4147 vita,
257 4096 313 4133 n.
341 4080 416 4149 4).
443 4081 529 4132 Ita
559 4081 720 4142 enim,
755 4077 960 4148 inquit,
993 4083 1042 4131 et
1069 4079 1206 4130 mihi
1236 4079 1444 4146 liquido
1460 4080 1686 4132 sensisse
1701 4079 1788 4131 vi-

79 4170 378 4232 debantur,
424 4170 485 4220 ut
507 4166 666 4232 vulgo
696 4165 980 4230 habentur,
1008 4167 1170 4218 etiam
1199 4165 1416 4218 illorum
1444 4167 1791 4220 intentionem

80 4257 328 4313 nondum
356 4255 682 4322 intelligenti
702 4255 938 4324 (Con/es.
972 4254 1067 4308 lib.
1099 4257 1150 4319 5,
1177 4269 1295 4323 cap.
1335 4257 1418 4320 10,
1451 4270 1505 4308 n.
1543 4255 1643 4322 l9).

157 4351 213 4401 5.
244 4346 525 4401 Caeterum
556 4342 639 4396 uti
670 4341 918 4398 oratoria
944 4342 1220 4412 professio
1258 4358 1374 4396 una
1413 4347 1512 4397 aut
1544 4343 1790 4398 maxima

83 4436 169 4490 illi
198 4449 368 4488 causa
395 4433 579 4487 fuerat
608 4430 847 4485 Romam
873 4430 1118 4486 adeundi
1141 4448 1154 4497 ;
1179 4430 1277 4484 ubi
1297 4447 1328 4484 e
1351 4431 1551 4486 morbo
1569 4447 1789 4486 recrea-

85 4531 182 4580 tus
229 4527 334 4589 est,
382 4521 443 4576 in
487 4521 624 4576 illud
685 4520 936 4574 studium
984 4521 1178 4574 sedulo
1226 4519 1555 4576 incumbere
1599 4523 1788 4593 ccepit,

85 4610 452 4682 congregatis
480 4609 731 4680 primum
778 4607 932 4663 domi
981 4607 1290 4677 discipulis,
1344 4609 1552 4679 quibus
1599 4613 1654 4664 et
1689 4627 1792 4680 per

85 4717 233 4773 quos
257 4699 378 4770 jam
407 4698 752 4752 innotuerat.
798 4696 958 4750 Brevi
999 4695 1214 4762 didicit,
1241 4697 1516 4766 juvenum
1555 4697 1788 4752 Cartha-

86 4788 418 4861 ginensium
459 4787 749 4841 licentiam
794 4785 992 4839 Romae
1017 4801 1133 4838 non
1172 4785 1392 4854 vigere;
1424 4785 1519 4840 sed
1552 4787 1791 4842 alteram

87 4894 208 4933 non
239 4876 506 4931 leviorem
538 4875 616 4929 ibi
648 4873 913 4945 grassari.
961 4873 1180 4928 Certior
1207 4872 1359 4926 enim
1390 4872 1458 4926 de
1498 4874 1788 4928 scholasti-

85 4981 290 5022 corum
321 4964 518 5020 fraude
550 4963 726 5018 factus
756 4967 861 5031 est,
889 4962 989 5033 qui
1013 4978 1080 5015 ne
1105 4961 1424 5015 mercedem
1454 4961 1788 5033 penderent,

87 5074 119 5111 a
144 5073 251 5110 suo
282 5057 632 5126 praeceptore
662 5053 1004 5122 plerumque
1035 5051 1363 5120 transfugae,
1393 5049 1538 5105 facta
1567 5053 1790 5123 conspi-

87 5145 313 5200 ratione
344 5143 411 5197 ad
441 5141 618 5196 alium
649 5157 707 5195 se
756 5140 1192 5194 transferebant.
1227 5139 1428 5210 Turpis
1455 5139 1608 5195 illius
1638 5140 1791 5196 frau-

89 5235 198 5299 dis,
231 5230 460 5287 aliunde
486 5230 594 5284 sibi
615 5229 870 5292 exitialis,
905 5227 1241 5298 indignitate
1265 5227 1463 5300 procul
1491 5227 1664 5282 dubio
1691 5227 1793 5281 im-

93 5323 292 5394 pulsus
341 5325 448 5389 est,
489 5323 551 5372 ut
579 5318 649 5373 de
681 5317 1059 5386 suscipienda,
1091 5332 1218 5388 quae
1249 5332 1308 5370 se
1338 5316 1472 5371 alibi
1497 5316 1789 5387 offerebat,

93 5410 381 5484 provincia
410 5408 684 5479 cogitaret
711 5406 892 5476 (Ibid,
919 5421 1038 5474 cap.
1071 5409 1154 5472 12,
1176 5422 1231 5460 n.
1255 5408 1363 5474 22).

2592 450 2821 505 CAPUT
2860 453 2926 508 il.

1897 590 1919 641 1
1955 588 2042 642 Ab
2076 589 2231 642 Urbis
2255 594 2509 658 praefecto
2548 594 2786 648 mittitur
2809 597 3172 654 Mediolanum
3201 604 3276 657 ad
3301 605 3593 665 docendam

1964 681 2134 732 artem
2160 681 2473 734 oratoriam.
2518 683 2550 733 2
2584 683 2817 750 Benigne
2856 688 3156 755 suscipitur
3183 691 3250 743 ab
3280 693 3592 764 Ambrosio,

1963 766 2184 834 ejusque
2211 767 2415 822 auditis
2433 770 2770 824 concionibus
2793 788 2827 825 a
2851 774 3160 831 Manichaeis
3182 779 3473 850 discedere,
3503 793 3589 841 at-

1965 870 2066 922 que
2103 856 2160 908 in
2199 857 2431 910 Ecclesia
2476 859 2740 913 catholica
2783 864 3186 920 catechumenus
3233 885 3448 927 manere
3475 890 3595 930 con-

1963 944 2160 1010 stituit,
2194 944 2356 1000 donec
2387 947 2602 1016 aliquid
2624 949 2729 1002 sibi
2755 952 2890 1004 certi
2917 953 3137 1008 eluceat.

1970 1069 2016 1120 l.
2043 1066 2183 1157 Cum
2203 1066 2394 1157 itaque
2415 1069 2611 1124 civitas
2634 1072 3070 1130 Mediolanensis
3093 1079 3438 1151 eloquentiae
3464 1103 3601 1157 pro-

1893 1151 2104 1209 fessore
2152 1155 2420 1211 destituta
2467 1164 2633 1225 esset,
2685 1161 2921 1216 missum
2959 1169 3044 1219 est
3074 1184 3102 1220 a
3135 1151 3600 1232 Mediolano-Ro-

1895 1259 2048 1298 mam
2079 1245 2149 1299 ad
2177 1246 2580 1318 Symmachum
2609 1251 2765 1304 urbis
2785 1255 3140 1327 praefectum,
3175 1266 3235 1315 ut
3265 1263 3350 1317 illi
3380 1266 3596 1324 civitati

1894 1333 2270 1402 professorem
2301 1337 2644 1406 provideret,
2675 1339 2964 1411 impertita
2981 1345 3152 1400 etiam
3176 1350 3466 1407 evectione
3491 1371 3596 1425 pu-

1889 1420 2059 1475 blica.
2085 1424 2236 1477 Hanc
2251 1426 2598 1495 Augustinus
2617 1429 2970 1498 provinciam
3000 1450 3104 1503 per
3129 1451 3225 1490 eos
3250 1438 3401 1508 ipsos
3423 1420 3598 1497 Mani-

1893 1510 2077 1565 chmos
2097 1513 2314 1582 quibus,
2336 1514 2497 1580 ait,ul
2512 1532 2744 1572 carerem
2769 1519 2932 1582 ibam,
2958 1523 3192 1578 ambivit
3214 1527 3383 1595 (Conf.
3411 1531 3502 1586 lib.
3537 1536 3588 1600 5,

1892 1614 2012 1668 cap.
2041 1603 2124 1666 13,
2151 1617 2207 1655 n.
2228 1603 2316 1673 23)
2347 1619 2482 1658 :nec
2503 1605 2740 1673 frustra;
2764 1613 3068 1680 postquam
3089 1613 3243 1668 enim
3274 1617 3594 1686 periculum

1895 1687 1983 1740 sui
2023 1687 2261 1755 fecisset,
2313 1707 2374 1745 ac
2418 1693 2653 1748 recitata
2695 1697 2917 1766 publice
2957 1701 3214 1757 oratione
3254 1705 3594 1775 Symmacho

1895 1791 2014 1829 sese
2061 1779 2446 1848 approbasset,
2498 1783 2644 1836 votis
2687 1785 2920 1854 potitus,
2958 1789 3341 1847 Mediolanum
3389 1797 3594 1854 missus

1895 1869 2004 1930 est;
2039 1865 2136 1919 ubi
2165 1871 2287 1920 tum
2309 1870 2581 1939 temporis
2603 1873 3030 1929 Valentinianus
3048 1878 3250 1947 junior
3277 1883 3466 1938 aulam
3497 1887 3597 1942 ha-

1895 1952 2064 2006 bebat
2093 1953 2345 2023 (Possid.,
2378 1959 2436 2010 in
2464 1961 2589 2013 Vita
2618 1961 2875 2028 August,
2900 1979 2943 2016 c.
2968 1964 3038 2032 1).
3077 1967 3150 2019 Eo
3177 1971 3438 2036 pervenit
3462 1980 3593 2030 ante

1897 2041 2162 2095 Bautonis
2205 2045 2584 2112 consulatum,
2643 2048 2748 2102 hoc
2788 2055 2889 2115 est,
2933 2057 3062 2106 ante
3111 2071 3324 2112 annum
3382 2060 3594 2118 Christi

1893 2131 2359 2187 trecentesimum
2391 2135 2804 2204 octogesimum
2835 2139 3131 2210 quintum;
3158 2161 3220 2197 ac
3241 2146 3288 2199 si
3315 2147 3458 2204 forte
3483 2153 3592 2206 Ro-

1894 2233 2050 2272 mam
2099 2235 2213 2273 non
2245 2221 2576 2278 adventaret
2608 2225 2717 2279 nisi
2745 2233 2983 2283 exeunte
3015 2247 3163 2285 anno
3195 2238 3592 2296 trecentesimo

1896 2308 2243 2378 octogesimo
2264 2311 2451 2378 tertio,
2475 2314 2857 2371 Mediolanum
2877 2320 3254 2391 commigrare
3280 2341 3395 2380 non
3409 2331 3596 2397 potuit

1895 2400 2025 2450 ante
2065 2413 2281 2453 annum
2325 2402 2788 2458 trecentesimum
2836 2409 3250 2478 octogesimum
3289 2420 3589 2487 quartum;

1895 2500 2009 2555 quo
2030 2501 2178 2540 anno
2203 2487 2602 2558 Symmachum
2626 2493 3023 2562 praefecturam
3053 2497 3214 2552 Urbis
3245 2502 3481 2570 gessisse
3514 2523 3596 2560 re-

1895 2572 2164 2643 perimus.
2215 2575 2495 2631 Caeterum
2535 2579 2790 2650 Alypius,
2823 2582 2922 2653 qui
2968 2600 3086 2653 pra:
3131 2588 3450 2658 Augustino
3482 2594 3592 2648 Ro-

1895 2676 2048 2714 mam
2078 2661 2414 2732 ierat(Conf.
2440 2667 2533 2720 lib.
2565 2670 2616 2733 6,
2650 2685 2767 2738 cap.
2799 2673 2850 2732 8,
2884 2687 2938 2725 n.
2979 2673 3086 2744 13),
3122 2675 3314 2748 ibique
3345 2685 3592 2738 veterem

1895 2765 2024 2803 cum
2058 2766 2125 2805 eo
2156 2751 2466 2807 amicitiam
2494 2762 2790 2812 renovarat
2823 2759 3190 2833 tirmaratque
3212 2767 3452 2823 arctiore
3471 2771 3593 2826 vin-

1894 2839 2040 2904 culo,
2081 2840 2456 2897 Mediolanum
2485 2860 2714 2916 quoque
2735 2863 2866 2902 eum
2892 2849 3116 2921 insequi
3146 2855 3438 2912 constituit
3472 2875 3484 2912 :
3523 2863 3589 2916 Ut

1895 2942 1994 3017 nec
2025 2943 2106 2981 me
2149 2929 2433 2996 desereret,
2466 2931 2655 3003 inquit
2697 2937 3070 3007 Augustinus,
3113 2946 3163 2993 et
3192 2943 3258 2995 de
3277 2945 3407 3012 jure
3449 2951 3594 3017 quod

1896 3013 2162 3070 didicerat
2189 3017 2405 3085 aliquid
2433 3026 2629 3087 ageret,
2663 3024 2951 3078 secundum
2983 3031 3155 3082 votum
3195 3035 3371 3098 magis
3390 3013 3590 3104 pel—ren-

1897 3107 2029 3169 tum,
2057 3120 2220 3172 quam
2240 3120 2394 3160 suum
2429 3108 2587 3178 (Ibid.
2620 3126 2740 3179 cap.
2781 3114 2863 3179 10,
2897 3130 2952 3167 n.
2991 3115 3095 3186 16).

1970 3196 2022 3248 2.
2072 3194 2546 3251 Mediolanensem
2596 3200 2901 3256 Ecclesiam
2931 3205 3263 3261 Ambrosius
3294 3210 3592 3284 episcopus

1897 3297 2106 3353 magna
2153 3299 2283 3338 cum
2327 3285 2624 3356 sapientim
2651 3292 2774 3344 tum
2801 3293 3100 3362 probitatis
3129 3295 3282 3351 fama
3313 3315 3586 3369 procura-

1895 3372 1994 3426 bat
2023 3375 2273 3442 (Possid,
2301 3378 2360 3429 in
2401 3379 2526 3432 Vita
2555 3379 2815 3448 August.,
2846 3398 2890 3436 c.
2931 3383 2978 3454 l)
3025 3400 3037 3438 :
3075 3386 3172 3456 qui
3203 3388 3589 3459 Augustinum

1898 3461 1968 3515 ad
1993 3461 2262 3516 ofﬁciosee
2300 3465 2652 3520 salutationis
2700 3484 2907 3524 munus
2936 3471 3126 3541 ipsum
3156 3475 3459 3534 adeuntem
3492 3497 3592 3550 pa-

1898 3553 2062 3604 terno
2087 3553 2306 3623 excepit
2329 3553 2540 3621 animo,
2562 3561 2619 3610 et
2638 3557 2947 3630 episcopali
2971 3562 3242 3618 charitate
3265 3569 3594 3638 complexus

1899 3641 2000 3692 est.
2034 3638 2126 3692 Ad
2153 3655 2271 3694 eum
2313 3646 2512 3710 autem,
2543 3643 2747 3714 inquit,
2781 3646 3016 3702 ducebar
3045 3650 3141 3704 abs
3171 3656 3218 3705 te
3247 3659 3500 3722 nesciens,
3536 3666 3594 3713 ut

1895 3741 1996 3794 per
2035 3741 2153 3779 eum
2181 3727 2256 3780 ad
2296 3732 2345 3781 te
2373 3731 2542 3783 sciens
2573 3730 2810 3786 ducerer.
2847 3737 3090 3805 Suscepit
3132 3755 3213 3792 me
3238 3748 3463 3810 paterae
3507 3748 3598 3801 ille

1900 3814 2051 3902 homo
2081 3814 2204 3883 Dei,
2251 3821 2302 3868 et
2325 3821 2809 3884 peregrinationem
2849 3839 3020 3878 meam
3057 3830 3190 3881 satis
3220 3834 3600 3902 episcopaliter

1900 3900 2112 3990 dilexit.
2144 3905 2216 3957 Et
2239 3919 2356 3957 eum
2376 3921 2561 3960 amare
2585 3911 2736 3976 cwpi,
2763 3912 2938 3977 primo
2967 3914 3182 3981 quidem
3207 3933 3309 3971 non
3335 3900 3595 3990 tanquam

1901 3989 2164 4044 doctorem
2189 3993 2320 4058 veri,
2346 3994 2490 4061 quod
2511 3997 2567 4047 in
2588 3997 2825 4050 Ecclesia
2851 4003 2944 4052 tua
2969 4017 3194 4068 prorsus
3221 3989 3591 4075 dcsperabam,

1900 4077 1995 4131 sed
2015 4082 2272 4148 tanquam
2313 4080 2573 4136 hominem
2605 4083 2890 4153 benignum
2919 4091 2975 4141 in
3006 4105 3101 4144 me.
3149 4093 3428 4152 Audiebat
3462 4115 3594 4154 eum

1900 4165 2104 4221 exinde
2124 4167 2390 4238 frequens
2407 4173 2576 4241 atque
2594 4172 2854 4228 assiduus
2883 4192 3205 4234 sermonem
3227 4183 3297 4238 ad
3319 4188 3592 4256 populum

1901 4254 2226 4322 habentem,
2261 4273 2374 4311 non
2407 4274 2474 4312 eo
2505 4259 2698 4315 animo
2726 4278 2838 4333 quo
2867 4281 2972 4334 par
2999 4273 3136 4334 erat,
3161 4271 3256 4324 sed
3289 4279 3352 4326 ut
3375 4254 3596 4345 experi-

1901 4348 2061 4397 retur
2088 4359 2160 4397 an
2183 4345 2305 4414 ejus
2334 4346 2663 4418 eloquentia
2699 4350 2847 4404 infra
2869 4353 2956 4407 vel
2984 4372 3155 4426 supra
3174 4358 3386 4416 famam
3411 4372 3559 4421 esset
3583 4384 3596 4422 :

1900 4448 2094 4487 rerum
2134 4433 2386 4525 ipsarum
2417 4435 2753 4525 incuriosus,
2788 4443 3090 4500 verborum
3123 4447 3424 4520 lenocinia,
3457 4472 3595 4525 quo-

1901 4537 2030 4574 rum
2068 4521 2341 4576 suavitate
2380 4523 2619 4580 miriﬁce
2665 4527 3069 4597 delectabatur,
3116 4521 3597 4598 solummodo—ca-

1900 4609 2114 4679 ptabat.
2150 4611 2262 4664 Etsi
2293 4628 2423 4666 vero
2457 4614 2643 4668 Fausti
2671 4618 2852 4673 oratio
2872 4620 3164 4692 aliquanto
3185 4628 3498 4698 elegantior
3517 4639 3596 4688 at-

1901 4715 2011 4769 que
2044 4699 2113 4753 ad
2144 4701 2473 4756 mulcendas
2512 4720 2676 4760 aures
2706 4707 2924 4762 dulcior
2950 4710 3034 4764 illi
3065 4722 3400 4784 appareret;
3441 4724 3598 4776 nulla

1899 4791 2114 4847 tamen,
2144 4805 2201 4842 se
2226 4789 2440 4859 judice,
2491 4791 2559 4847 de
2589 4795 2865 4864 gravitate
2896 4803 3066 4870 atque
3098 4805 3418 4862 eruditione
3448 4809 3599 4865 inter

1900 4877 2210 4969 utrumque
2237 4879 2589 4969 comparatio
2611 4889 2731 4937 erat
2753 4883 2926 4952 (Conf.
2951 4887 3044 4943 lib.
3071 4892 3122 4952 5,
3147 4906 3266 4961 cap.
3294 4898 3377 4958 13,
3404 4914 3456 4952 n.
3484 4901 3570 4969 23)

1903 4963 2101 5034 Itaque
2145 4965 2356 5019 sensim
2384 4967 2504 5021 sine
2529 4985 2696 5025 sensu
2727 4973 2931 5028 veritas
2957 4976 3078 5046 ejus
3111 4980 3302 5035 animo
3328 4963 3595 5041 illabebao

1901 5055 2013 5105 tur.
2047 5052 2422 5145 Attenti‘orem
2450 5071 2582 5112 eum
2605 5059 2876 5115 reddebat
2896 5063 2992 5117 illa
3013 5065 3134 5136 ipsa
3162 5068 3413 5141 haeresis,
3437 5075 3598 5145 cujus

1901 5140 2202 5232 praeceptis
2254 5141 2504 5198 imbutus
2547 5151 2670 5202 erat
2710 5165 2723 5202 :
2769 5155 2825 5204 et
2853 5151 2978 5206 ideo
3024 5158 3242 5211 cmteris
3271 5140 3598 5232 suspensior

1903 5226 2118 5318 aderat,
2152 5244 2225 5282 ne
2255 5231 2394 5301 quid
2423 5233 2509 5288 vel
2540 5250 2645 5305 pro
2685 5237 2807 5308 ipsa
2834 5241 2922 5294 vel
2948 5248 3146 5299 contra
3174 5226 3596 5318 ipsam-dicere-

1902 5318 2014 5370 tur.
2050 5317 2114 5370 Et
2157 5321 2434 5388 praevenit
2465 5323 2563 5377 Dei
2597 5325 2916 5383 liberatoris
2941 5317 3262 5401 clementia,
3295 5338 3381 5390 sui
3412 5354 3596 5392 sacer-

1902 5403 2047 5457 dotis
2074 5407 2357 5462 Ambrosii
2388 5425 2486 5464 cor
2514 5417 2929 5486 pertractantis,
2961 5425 3026 5472 ut
3053 5426 3249 5476 contra
3269 5423 3428 5479 illum
3451 5443 3600 5480 erro-

1902 5507 2023 5546 rem
2061 5491 2376 5551 incidentes
2420 5499 2583 5570 Legis
2624 5503 2963 5574 quaestiones
2993 5507 3320 5564 dissolveret
3342 5513 3596 5583 (Possid.,

1901 5583 1960 5676 in
1997 5585 2125 5676 Vita
2152 5585 2413 5654 August,
2465 5605 2587 5658 cap.
2637 5592 2705 5662 1).
2741 5594 2940 5648 Narrat
2968 5595 3089 5648 haec
3116 5595 3237 5667 ipse
3278 5598 3400 5656 fuse
3426 5607 3598 5676 atque

1905 5669 2198 5742 eleganter
2224 5675 2574 5746 Augustinus
2602 5678 2662 5733 in
2683 5679 2833 5736 hunc
2862 5681 3098 5738 modum
3125 5700 3137 5738 :
3172 5685 3304 5744 Cum
3331 5669 3597 5750 enimnon
