4020 6356
462 293 530 345 99
1724 285 1898 341 VITA
1937 284 1991 339 S.
2035 283 2421 341 AUGUSTINI
2461 283 2798 341 EPIStZOPl.

461 417 761 480 satagerem
805 410 1007 465 discere
1045 425 1164 480 quae
1192 409 1423 474 dicebat,
1454 408 1548 462 sed
1576 412 1786 464 tantum
1815 409 2163 478 quemadmo-

464 500 595 555 dum
620 499 833 553 dicebat
858 498 1052 553 audire
1083 500 1161 568 (ea
1189 498 1327 552 mihi
1344 501 1545 568 quippe
1552 499 1674 567 jam
1693 499 2005 568 desperanti
2022 498 2097 552 ad
2120 502 2168 551 te

459 592 607 643 viam
635 592 821 658 patere
850 588 1075 653 homini,
1112 589 1294 641 inanis
1324 602 1454 641 cura
1484 589 1857 653 remanserat),
1888 587 2168 641 veniebant

460 681 520 733 in
554 679 797 732 animum
840 692 1014 731 meum
1043 678 1205 732 simul
1243 692 1361 732 cum
1390 676 1565 731 verbis
1596 691 1716 747 qux
1744 676 2055 743 diligebam,
2086 690 2169 730 res

462 770 625 822 etiam
648 781 784 837 quas
801 766 1157 835 negligebam.
1188 768 1371 835 Neque
1399 768 1539 820 enim
1559 781 1621 820 ea
1640 765 1895 820 dirimere
1907 770 2168 835 poteram.

458 860 528 912 Et
561 855 691 910 dum
724 871 814 910 cor
842 856 1108 925 aperirem
1155 854 1231 908 ad
1257 854 1631 924 excipiendum
1661 869 1824 923 quam
1853 853 2050 908 diserte
2077 852 2170 906 di-

457 949 623 1011 ceret,
667 946 886 1013 pariter
928 942 1176 997 intrabat
1226 948 1277 997 et
1306 942 1485 1012 quant
1498 958 1620 998 vere
1649 943 1867 1009 diceret,
1892 943 2171 1010 gradatim

461 1033 697 1104 quidem.
743 1034 886 1089 Nam
910 1034 1090 1103 primo
1115 1034 1279 1087 etiam
1310 1034 1435 1102 ipsa
1469 1032 1692 1100 defendi
1707 1047 1864 1102 posse
1887 1032 2027 1086 mihi
2048 1032 2169 1101 jam

455 1126 726 1192 crepet-ant
750 1121 955 1185 videri;
984 1126 1034 1176 et
1053 1121 1213 1191 ﬁdem
1244 1122 1589 1187 catholicam,
1607 1137 1710 1190 pro
1731 1137 1841 1190 qua
1858 1121 2001 1175 nihil
2015 1135 2171 1190 posse

461 1213 575 1267 dici
603 1212 865 1266 adversus
906 1216 1280 1281 oppugnantes
1320 1212 1645 1266 Manichaeos
1678 1215 2023 1281 putaveram,
2048 1210 2171 1278 jam

456 1317 564 1357 non
596 1300 940 1371 impudenter
964 1301 1135 1354 asseri
1159 1298 1572 1366 existimabam;
1595 1300 1833 1353 maxime
1851 1297 2040 1353 audito
2063 1311 2169 1351 uno
2214 1318 2227 1323 -

455 1393 620 1456 atque
646 1388 835 1454 altero,
867 1392 919 1442 et
945 1390 1143 1456 sapius
1173 1388 1458 1455 xnigmate
1482 1388 1653 1442 soluto
1678 1387 1745 1441 de
1772 1387 2005 1455 Scriptis
2032 1389 2167 1439 vete-

462 1477 618 1531 ribus
642 1493 655 1531 :
680 1476 793 1543 ubi,
816 1492 936 1530 cum
962 1476 1036 1530 ad
1051 1477 1287 1530 litteram
1314 1478 1631 1545 acciperem,
1656 1474 1954 1530 occidebar.
1982 1475 2166 1545 Spiri-

462 1567 685 1622 tualiter
700 1568 885 1635 itaque
906 1566 1183 1635 plerisque
1213 1565 1430 1619 illorum
1452 1565 1710 1619 librorum
1730 1565 1990 1633 expositis
2017 1565 2164 1618 locis.

455 1657 577 1726 jam
597 1654 1051 1725 reprehendebam
1072 1655 1496 1724 desperationem
1515 1670 1706 1720 meam,
1725 1654 1877 1708 illam
1895 1653 2168 1708 duntaxat

456 1760 564 1813 qua
599 1744 931 1799 credideram
960 1744 1154 1813 Legem
1182 1748 1233 1799 et
1259 1744 1555 1814 Prophetas
1588 1744 1977 1798 detestantibus
2008 1748 2170 1814 atque

454 1833 810 1888 irridentibus
853 1834 1038 1888 resisti
1078 1836 1293 1887 omnino
1344 1848 1451 1887 non
1493 1847 1669 1902 posse.
1701 1833 1808 1888 Nec
1846 1837 2025 1886 tamen
2046 1834 2168 1902 jam

454 1921 572 1976 ideo
599 1922 737 1976 mihi
756 1922 1074 1976 catholicam
1092 1923 1241 1975 viam
1277 1920 1561 1977 tenendam
1583 1935 1693 1975 esse
1713 1920 2169 1991 sentiebam,quia

453 2017 503 2065 et
530 2013 653 2081 ipsa
671 2015 884 2081 poterat
912 2009 1108 2065 habere
1138 2011 1320 2066 doctos
1342 2015 1634 2065 assertores
1662 2026 1807 2077 suos,
1841 2012 1938 2080 qui
1956 2013 2170 2080 capiose

451 2105 501 2156 et
529 2116 636 2155 non
665 2100 901 2155 absurde
931 2100 1141 2169 objecta
1161 2102 1494 2168 refellerent;
1518 2116 1611 2154 nec
1638 2099 1758 2154 ideo
1766 2101 1888 2169 jam
1904 2099 2172 2154 damnan-

453 2188 589 2244 dum
618 2189 759 2244 illud
783 2188 929 2259 quod
961 2189 1223 2258 tenebam,
1254 2191 1386 2258 quia
1417 2188 1749 2256 defensionis
1767 2193 1953 2258 partes
1981 2205 2163 2258 xqua-

454 2277 673 2332 bantur.
707 2279 791 2332 Ita
817 2280 958 2332 enim
985 2278 1266 2335 Catholica
1293 2293 1399 2332 non
1427 2280 1566 2332 mihi
1594 2280 1739 2332 victa
1766 2277 2071 2341 videbatur,
2106 2284 2166 2334 ut

449 2364 692 2420 nondum
737 2368 891 2420 etiam
928 2368 1133 2420 victria:
1173 2372 1484 2435 appareret.
1522 2368 1668 2421 Tunc
1695 2382 1819 2420 vero
1846 2368 2065 2433 fortiter
2090 2370 2167 2422 in-

451 2454 608 2509 tendi
649 2456 913 2523 animum,
941 2456 993 2510 si
1016 2470 1120 2524 quo
1146 2454 1302 2509 modo
1328 2470 1538 2525 possem
1569 2458 1727 2510 certis
1757 2455 2033 2525 aliquibus
2062 2456 2161 2510 do-

454 2546 716 2599 cumentis
756 2545 1078 2599 Manichaeos
1125 2546 1436 2599 convincere
1457 2546 1747 2611 falsitatis.
1782 2544 1939 2611 Quod
1958 2546 2009 2599 si
2032 2560 2162 2614 pos-

454 2648 566 2687 sem
594 2633 938 2702 spiritualem
980 2632 1342 2688 substantiam
1381 2636 1636 2703 cogitare,
1659 2635 1848 2688 statim
1875 2634 2163 2689 machina-

456 2725 638 2776 menta
677 2722 777 2776 illa
819 2723 1002 2776 omnia
1047 2722 1381 2777 solverentur
1409 2727 1460 2777 et
1497 2723 1864 2792 abjicerentur
1886 2738 1954 2777 ex
1982 2725 2162 2778 animo

450 2825 590 2876 meo;
626 2809 723 2865 sed
750 2826 857 2865 non
891 2816 1154 2880 poteram.
1193 2814 1578 2867 Verumtamen
1607 2812 1673 2867 de
1699 2815 1818 2882 ipso
1841 2812 2033 2867 mundi
2061 2814 2160 2867 hu-

442 2900 539 2968 jus
559 2914 801 2969 corpore,
824 2902 1074 2969 omnique
1095 2904 1300 2955 natura
1332 2916 1496 2969 quam
1520 2916 1705 2956 sensus
1725 2903 1907 2956 carnis
1932 2904 2162 2970 attinge-

452 2994 554 3056 ret,
607 2989 781 3043 multa
821 2988 1196 3058 probabiliora
1220 2991 1504 3060 plerosque
1538 2992 1765 3045 sensisse
1792 2991 2158 3060 philosophos,

460 3080 637 3147 magis
677 3080 961 3147 magisque
1010 3079 1354 3134 considerans
1386 3084 1549 3150 atque
1576 3094 1914 3149 comparans,
1939 3080 2159 3148 judica-

451 3166 594 3220 bam.
654 3168 843 3235 Itaque
882 3166 1327 3221 Academicorum
1371 3183 1536 3233 more,
1568 3169 1708 3221 sicut
1755 3170 2158 3233 existimantur,

454 3255 717 3309 dubitans
747 3255 813 3309 de
840 3256 1087 3310 omnibus
1116 3260 1279 3324 atque
1304 3257 1448 3310 inter
1474 3257 1655 3310 omnia
1669 3258 1957 3323 ﬂuctuans,
1985 3258 2161 3310 Mani-

448 3344 618 3399 chazos
652 3344 872 3414 quidem
904 3343 1287 3413 relinquendos
1318 3359 1431 3398 esse
1459 3344 1672 3398 decrevi
1702 3359 1716 3397 :
1747 3359 1853 3399 non
1881 3344 2160 3399 arbitrans

449 3447 507 3487 eo
535 3435 655 3503 ipso
689 3437 921 3502 tempore
948 3432 1309 3488 dubitationis
1336 3449 1463 3487 mex
1492 3435 1552 3487 in
1578 3434 1677 3488 illa
1705 3438 1849 3488 secta
1873 3435 2009 3488 mihi
2032 3450 2158 3504 per-

449 3521 778 3577 manendum
817 3536 947 3589 esse,
984 3523 1074 3576 cui
1113 3523 1235 3591 jam
1267 3522 1549 3577 nonnullos
1572 3522 1919 3592 philosophos
1948 3539 2158 3593 praepo-

443 3611 635 3666 nebam
664 3630 681 3665 :
718 3611 915 3681 quibus
940 3616 1118 3667 tamen
1142 3612 1501 3682 philosophis,
1533 3611 1677 3680 quod
1700 3614 1816 3666 sine
1842 3614 2052 3667 nomine
2079 3627 2165 3667 sa-

445 3701 617 3755 lutari
650 3700 863 3755 Christi
890 3706 1084 3767 essent,
1120 3703 1450 3763 curationem
1500 3702 1778 3769 languoris
1816 3703 2010 3756 animx
2037 3717 2159 3757 mox

446 3792 773 3845 committere
802 3792 1016 3846 omnino
1047 3791 1384 3846 recusabam.
1428 3792 1612 3847 Statui
1656 3805 1779 3857 ergo
1810 3790 2020 3845 tamdiu
2047 3806 2157 3845 esse

445 3880 853 3935 catechumenus
883 3882 942 3934 in
989 3881 1255 3935 catholica
1298 3882 1558 3945 Ecclesia,
1606 3880 1744 3934 mihi
1778 3896 1814 3934 a
1835 3880 2156 3950 parentibus

444 3969 836 4036 commendata,
866 3969 1030 4024 donec
1062 3969 1281 4039 aliquid
1321 3972 1456 4024 certi
1496 3969 1740 4036 eluceret,
1794 3984 1899 4040 quo
1939 3985 2155 4025 cursum

442 4056 733 4124 dirigerem
782 4058 963 4125 (Conf.
999 4059 1096 4114 lib.
1129 4062 1183 4126 5,
1213 4074 1337 4128 cap.
1391 4060 1474 4125 14,
1513 4074 1607 4113 nn.
1638 4059 1730 4124 24,
1761 4058 1867 4128 25).
1899 4058 2154 4128 ldipsum

442 4162 641 4200 rursus
670 4146 869 4201 scribit
899 4147 970 4201 ad
1002 4148 1359 4201 Honoratum
1388 4146 1451 4201 in
1478 4146 1603 4201 haec
1630 4147 1801 4201 verba
1831 4163 1846 4201 :
1875 4148 2156 4203 Rationem

439 4236 559 4302 ipse
585 4250 790 4290 mecum
835 4234 1026 4304 habui,
1057 4250 1418 4304 magnamque
1459 4235 1915 4302 deliberationem,
1941 4236 2062 4304 jam
2096 4238 2155 4290 in

441 4323 609 4376 Italia
654 4326 1001 4392 constitutus,
1036 4339 1144 4379 non
1172 4330 1354 4380 utrum
1385 4340 1654 4379 manerem
1683 4327 1742 4378 in
1770 4326 1869 4379 illa
1899 4329 2062 4391 secta,
2093 4328 2152 4379 in

442 4425 606 4479 quam
642 4426 725 4465 me
751 4411 1012 4466 incidisse
1036 4412 1362 4481 paenitebat;
1393 4413 1489 4467 sed
1517 4428 1748 4481 quonam
1784 4412 1940 4468 modo
1968 4429 2153 4468 verum

440 4499 823 4554 inveniendum
851 4504 1007 4567 esset,
1038 4502 1097 4554 in
1126 4500 1283 4569 cujus
1304 4516 1537 4556 amorem
1572 4500 1816 4570 suspiria
1847 4515 1964 4554 mea
2010 4499 2155 4555 nulli

440 4587 632 4642 melius
660 4604 826 4657 quam
867 4589 970 4643 tibi
1000 4593 1128 4643 nota
1163 4593 1309 4643 sunt.
1356 4590 1506 4659 Saepe
1533 4590 1670 4644 mihi
1710 4588 2019 4654 videbatur,
2047 4604 2152 4643 non

436 4691 592 4745 posse
638 4678 897 4744 inveniri,
934 4679 1227 4748 magnique
1268 4680 1463 4747 [luctus
1500 4681 1883 4745 cogitationum
1910 4693 2150 4732 mearum

438 4767 500 4819 in
539 4765 990 4822 Academicorum
1030 4768 1361 4836 suffragium
1403 4766 1735 4835 ferebantur.
1782 4768 1932 4836 Saepe
1958 4782 2150 4821 rursus

440 4855 672 4919 intuens,
702 4860 967 4925 quantum
991 4861 1256 4925 poteram,
1278 4860 1503 4911 mentem
1532 4856 1823 4911 humanam
1854 4861 1966 4911 tam
1992 4859 2151 4910 viva-

438 4957 572 5012 cem,
596 4948 706 4998 tam
731 4955 999 5013 sagacem,
1030 4949 1142 4999 tam
1158 4947 1544 5015 perspicacem,
1571 4960 1677 5000 non
1691 4944 1957 5015 putabam
1986 4946 2151 5000 latere

438 5034 743 5098 veritatem,
777 5036 888 5088 nisi
916 5034 1061 5102 quod
1086 5036 1143 5089 in
1170 5050 1234 5088 ea
1263 5034 1542 5103 quaerendi
1576 5034 1765 5089 modus
1794 5034 2150 5100 lateret,eum-

442 5119 672 5190 demque
697 5124 879 5191 ipsum
909 5122 1126 5176 modum
1156 5123 1225 5177 ab
1250 5125 1438 5193 aliqua
1475 5122 1668 5177 divina
1694 5126 2016 5177 auctoritate
2039 5140 2151 5177 esse

440 5210 778 5266 sumendum.
832 5210 1093 5266 Restabat
1131 5226 1369 5279 querere
1405 5227 1653 5280 quaenam
1681 5212 1780 5266 illa
1807 5217 1942 5266 esset
1964 5219 2145 5266 aucto-

439 5300 600 5365 ritas,
626 5314 745 5353 cum
769 5300 829 5352 in
849 5301 1019 5353 tantis
1055 5298 1480 5353 dissensionibus
1504 5313 1560 5352 se
1583 5300 1811 5368 quisque
1840 5300 1992 5353 illam
2029 5305 2144 5354 tra-

440 5385 685 5441 diturum
728 5387 1093 5457 polliceretur.
1153 5386 1477 5442 Occurrebat
1520 5389 1694 5455 igitur
1746 5389 2145 5458 inexplicabilis

432 5475 598 5543 silva,
619 5478 709 5531 cui
726 5476 939 5532 demum
969 5479 1140 5532 inseri
1158 5478 1389 5532 multum
1402 5477 1648 5547 pigebat,
1677 5482 1841 5548 atque
1864 5481 2007 5533 inter
2035 5481 2144 5534 haec

431 5567 547 5619 sine
574 5566 687 5621 ulla
710 5568 915 5636 requie,
948 5566 1251 5637 cupiditate
1271 5566 1577 5637 reperiendi
1594 5569 1711 5623 veri
1729 5569 1945 5625 animus
1963 5570 2143 5637 agita-

3889 291 3906 342 1
3920 290 3983 341 00

2278 407 2457 463 batur.
2507 409 2822 464 Dissuebam
2859 426 2940 465 me
2974 414 3153 465 tamen
3201 414 3378 480 magis
3430 414 3711 482 magisque
3740 412 3812 467 ab
3843 415 3985 479 istis,

2275 511 2408 564 quos
2446 498 2569 566 jam
2616 498 2855 552 de’serere
2880 514 3289 569 proposueram.
3321 501 3577 556 Restabat
3616 506 3799 557 autem
3831 502 3988 557 aliud

2274 584 2417 639 nihil
2443 587 2502 639 in
2530 588 2697 641 tantis
2720 587 3001 656 periculis,
3032 604 3195 656 quam
3223 593 3283 643 ut
3312 588 3556 644 divinam
3581 590 3985 660 providentiam

2276 674 2591 743 lacrymosis
2608 680 2659 729 et
2680 676 3078 731 miserabilibus
3100 678 3339 741 vocibus,
3369 684 3431 732 ut
3449 694 3599 747 opem
3625 679 3765 733 mihi
3792 682 3983 746 ferret,

2275 763 2609 832 deprecarer.
2646 765 2827 833 Atque
2863 764 2925 817 id
2952 765 3135 820 sedulo
3162 767 3450 833 faciebam.
3491 770 3562 823 Et
3599 766 3721 837 jam
3749 770 3874 835 fere
3911 785 3986 822 me

2276 857 2664 907 commoverant
2691 854 2960 909 nonnullae
2997 854 3391 924 disputationes
3418 857 3837 913 Mediolanensis
3869 861 3984 927 epi-

2275 943 2444 1011 scopi,
2476 948 2538 996 ut
2565 957 2671 997 non
2695 944 2811 998 sine
2836 958 2931 1012 spe
2959 944 3151 1012 aliqua
3178 943 3243 999 de
3270 946 3389 1013 ipso
3424 945 3610 999 Vetere
3645 947 3985 999 Testamento

2275 1032 2449 1086 multa
2486 1047 2723 1101 quaerere
2752 1048 3026 1102 cuperem;
3061 1048 3200 1101 quae,
3232 1037 3292 1087 ut
3317 1034 3441 1099 scis,
3474 1034 3614 1088 male
3639 1034 3798 1088 nobis
3845 1049 3984 1087 com-

2274 1120 2530 1175 mendata
2557 1122 2995 1177 exsecrabamur.
3027 1124 3480 1191 Decreveramque
3512 1122 3721 1176 tamdiu
3750 1138 3869 1177 esse
3898 1140 3985 1177 ca-

2277 1209 2617 1264 techumenus
2638 1211 2698 1263 in
2725 1211 2989 1279 Ecclesia,
3015 1213 3107 1265 cui
3133 1210 3371 1265 traditus
3397 1227 3432 1265 a
3456 1211 3776 1281 parentibus
3814 1228 3981 1275 eram,

2276 1296 2439 1352 donec
2466 1302 2563 1353 aut
2594 1301 2890 1354 inveni-rem
2916 1299 3062 1369 quod
3088 1300 3290 1365 vellem,
3324 1305 3421 1355 aut
3440 1302 3578 1355 mihi
3597 1300 3985 1370 persuaderent

2273 1402 2381 1440 non
2404 1402 2515 1442 esse
2541 1387 2905 1457 quaerendum.
2936 1390 3462 1459 Opportunissimum
3488 1405 3612 1457 ergo
3631 1405 3714 1444 me
3732 1406 3799 1444 ac
3828 1390 3986 1444 valde

2276 1475 2499 1531 docilem
2546 1482 2671 1532 tunc
2717 1480 2958 1532 invenire
2996 1483 3196 1548 posset,
3230 1481 3281 1533 si
3319 1480 3517 1547 fuisset
3542 1480 3639 1549 qui
3658 1484 3845 1549 posset
3894 1480 3985 1532 do-

2275 1579 2391 1618 cere
2418 1564 2516 1634 (De
2542 1566 2789 1621 Utilitate
2815 1565 3087 1633 credendi,
3121 1582 3176 1620 n.
3209 1568 3322 1637 20).

2948 1655 3176 1710 CAPUT
3207 1656 3301 1711 IlI.

2279 1745 2300 1796 1
2336 1744 2585 1798 Monnica
2625 1743 2989 1799 Mediolanum
3032 1746 3196 1799 venit.
3239 1748 3270 1796 2
3298 1744 3608 1812 Augustino
3643 1746 3799 1800 nulla
3829 1749 3983 1815 copia

2351 1832 2518 1887 datur
2555 1833 2877 1888 sciscitandi
2904 1848 3023 1902 quae
3061 1836 3230 1903 cupit,
3266 1833 3334 1887 ab
3388 1834 3674 1889 Ambrosio
3711 1838 3984 1904 episcopo.

2349 1924 2379 1976 3
2410 1923 2695 1978 Conciones
2742 1922 2857 1991 ejus
2899 1922 2973 1976 ad
3017 1923 3277 1993 populum
3322 1923 3516 1977 audire
3550 1929 3888 1993 perseverat,
3921 1941 3985 1977 ex

2346 2013 2523 2079 iisque
2550 2013 2725 2080 magis
2754 2013 2814 2066 in
2834 2011 2947 2066 dies
2974 2027 3159 2066 veram
3186 2013 3436 2066 Ecclesiae
3465 2013 3741 2067 catholicx
3768 2012 3985 2067 doctri-

2345 2116 2473 2154 nam
2504 2102 2783 2168 intelligit.
2824 2102 2857 2155 4
2884 2101 3042 2156 Fidei
3067 2103 3434 2156 necessitatem
3454 2106 3503 2155 et
3524 2101 3798 2156 salubrem
3827 2102 3985 2158 Scri-

2339 2194 2631 2259 pturarum
2675 2192 3052 2245 auctoritatem
3099 2192 3361 2259 agnoscit.
3393 2193 3424 2244 5
3454 2190 3653 2246 Adhuc
3682 2191 3900 2245 laborat
3931 2193 3980 2243 in

2345 2281 2633 2348 quastione
2674 2279 2741 2333 de
2775 2280 2910 2334 mali
2950 2281 3175 2345 origine.
3227 2282 3258 2334 6
3310 2280 3708 2334 Platonicorum
3759 2280 3982 2335 lectione

2336 2370 2554 2437 proﬁcit
2590 2370 2650 2423 in
2677 2370 2977 2434 cognitione
3004 2370 3119 2435 Dei,
3145 2384 3252 2422 non
3281 2373 3460 2423 autem
3491 2368 3654 2425 Verbi
3679 2370 3975 2423 incarnati.

2342 2460 2372 2509 7
2431 2458 2921 2513 Commiscrationis
2946 2473 3103 2511 sensu
3139 2458 3387 2526 afficitur
3422 2460 3478 2512 in
3524 2473 3607 2512 eos
3656 2460 3755 2527 qui
3790 2460 3975 2513 Mani-

2343 2545 2608 2600 chxorum
2628 2561 2807 2601 errore
2833 2550 2959 2600 sunt
2982 2547 3267 2615 implicati.

2347 2638 2395 2688 1.
2414 2634 2656 2689 Periculi
2678 2634 2850 2705 plena
2870 2638 2993 2689 erat
3019 2634 3119 2689 illa
3140 2634 3471 2690 inveniendi
3490 2634 3609 2689 veri
3628 2635 3972 2708 desperatio,

2272 2722 2331 2777 in
2363 2739 2478 2794 qua
2522 2724 2855 2779 versabatur
2879 2724 3254 2796 Augustinus,
3297 2724 3449 2796 quod
3482 2740 3548 2779 ex
3577 2741 3644 2779 ea
3680 2729 3888 2795 torpor
3915 2741 3977 2778 ac

2269 2811 2625 2883 negligentia
2642 2813 2767 2883 ejus
2786 2812 3119 2884 inquirendi
3130 2817 3479 2868 nasceretur.
3499 2813 3709 2868 Verum
3721 2812 3850 2867 haec
3862 2814 3977 2866 ani-

2272 2901 2349 2956 mi
2394 2900 2745 2969 constitutio,
2778 2906 2878 2956 aut
2914 2902 3102 2973 potius
3130 2901 3473 2956 iustabilitas
3516 2905 3573 2956 et
3618 2918 3832 2972 anceps
3863 2901 3975 2955 ﬂu-

2269 2988 2502 3057 ctuatio,
2534 2989 2602 3044 ad
2627 3005 2803 3061 quam
2832 2990 3030 3044 audito
3050 2989 3349 3044 Ambrosio
3376 2989 3683 3059 perductus
3707 2992 3854 3054 erat,
3876 2987 3977 3042 fuit

2268 3079 2449 3134 instar
2474 3078 2809 3133 accessionis
2837 3079 3067 3146 criticae,
3099 3095 3204 3150 per
3225 3094 3400 3149 quam
3429 3078 3501 3133 ab
3530 3077 3883 3149 (egritudine
3911 3077 3975 3131 ad

2268 3167 2592 3235 sanitatem,
2624 3168 3040 3222 intercurrente
3070 3166 3288 3222 acriore
3316 3167 3596 3237 periculo,
3628 3170 3753 3221 erat
3781 3171 3967 3221 trans-

2267 3258 2454 3312 iturus
2485 3257 2712 3327 (Confes.
2747 3257 2839 3310 lib.
2874 3260 2927 3321 6,
2962 3272 3082 3326 cap.
3123 3259 3173 3325 1,
3202 3272 3257 3310 n.
3295 3256 3371 3325 1).
3409 3257 3475 3310 Et
3500 3272 3568 3309 eo
3590 3254 3833 3327 quidem
3856 3258 3971 3312 loco

2266 3346 2487 3417 positus
2500 3349 2775 3412 erat,cum
2788 3344 3045 3400 Monnica
3058 3348 3209 3398 terra
3221 3343 3482 3415 marique
3495 3343 3679 3398 tilium
3695 3343 3975 3412 insecuta,

2268 3434 2652 3490 Mediolanum
2682 3432 2961 3505 pervenit.
2991 3434 3127 3497 Quae
3154 3431 3255 3487 ubi
3275 3431 3449 3486 totius
3477 3431 3561 3486 rei
3580 3432 3796 3487 certior
3814 3434 3892 3489 ab
3913 3451 3972 3488 eo

2266 3524 2414 3579 facta
2441 3527 2546 3590 est,
2577 3522 2803 3577 tametsi
2833 3522 3140 3593 voluptatis
3159 3522 3363 3577 exinde
3393 3521 3608 3593 aliquid
3638 3522 3976 3593 cepit,quod

2266 3611 2498 3666 falsitati
2517 3616 2777 3682 ereptum
2809 3615 3067 3666 cerneret
3098 3628 3111 3666 :
3143 3626 3261 3667 non
3283 3615 3496 3679 tamen,
3528 3610 3693 3682 quasi
3713 3611 3981 3683 inopina-

2266 3705 2392 3756 tum
2404 3699 2617 3770 aliquid
2635 3699 3370 3767 audierit,inturbulentam
3383 3715 3441 3753 se
3455 3698 3715 3754 laetitiam
3730 3700 3974 3763 extulit;

2266 3788 2361 3843 sed
2420 3794 2613 3844 mente
2654 3788 2877 3859 placida
2933 3793 2990 3844 ct
3034 3788 3259 3843 fiducia:
3286 3790 3457 3859 plena
3489 3787 3648 3849 dixit,
3682 3787 3976 3843 confidere

2266 3892 2325 3930 se
2355 3875 2416 3930 in
2447 3875 2689 3942 Christo,
2718 3875 2839 3930 fore
2862 3879 2923 3929 ut
2943 3875 3281 3947 priusquam
3303 3892 3369 3929 ex
3399 3874 3504 3930 hac
3528 3874 3643 3928 vita
3672 3873 3974 3946 migraret,

2264 3982 2395 4020 eum
2425 3964 2616 4020 visura
2654 3968 2803 4019 esset
2829 3964 3059 4019 ﬁdelem
3088 3964 3432 4020 catholicum
3465 3964 3680 4035 (lbid.).

2332 4058 2385 4109 2.
2437 4055 2659 4110 Interea
2685 4070 2818 4109 vero
2846 4053 3122 4125 temporis
3150 4070 3281 4108 cum
3320 4052 3672 4124 Augustinus
3700 4052 3771 4107 ad
3807 4053 3969 4125 inge-

2260 4143 2612 4199 miscendum
2630 4160 2693 4198 ac
2712 4144 2824 4197 Deo
2846 4142 3286 4214 supplicandum
3302 4143 3563 4197 assiduus
3589 4157 3709 4195 esse
3740 4140 3971 4196 debuis-

2261 4236 2360 4295 set,
2386 4248 2501 4304 quo
2518 4232 2572 4286 ei
2593 4232 2951 4299 subveniret;
2970 4236 3091 4287 erat
3108 4232 3335 4287 animus
3358 4232 3480 4302 ejus
3495 4231 3564 4286 ad
3584 4230 3967 4302 querendum

2260 4320 2537 4389 intentus,
2565 4325 2625 4375 et
2651 4321 2725 4376 ad
2751 4320 3150 4376 disserendum
3180 4320 3491 4392 inquietus.
3537 4321 3651 4374 Nec
3680 4336 3817 4374 vero
3848 4321 3964 4374 ulla

2260 4413 2384 4465 erat
2445 4408 2500 4464 ei
2553 4408 2719 4480 copia
2767 4408 3229 4463 communicandi
3284 4425 3413 4462 cum
3460 4408 3761 4463 Ambrosio
3794 4408 3968 4464 dubia

2259 4502 2546 4568 mstusque
2566 4514 2717 4566 suos,
2748 4496 3172 4551 secludentibus
3194 4495 3360 4550 illum
3380 4496 3452 4550 ab
3478 4497 3602 4566 ejus
3629 4512 3769 4551 aure
3794 4502 3965 4568 atque

2259 4605 2357 4644 ore
2386 4588 2623 4643 catervis
2654 4588 3080 4660 negotiosorum
3101 4586 3428 4653 hominum,
3451 4602 3701 4658 quorum
3731 4587 3968 4643 inﬁrmi-

2258 4677 2470 4733 tatibus
2513 4678 2809 4733 serviebat.
2859 4679 2939 4732 Ac
2966 4692 3137 4731 nemo
3163 4676 3398 4748 quidem
3444 4692 3701 4746 unquam
3735 4677 3810 4743 ad
3834 4680 3966 4731 Am-

2256 4766 2511 4822 brosium
2531 4767 2799 4823 accedere
2825 4765 3257 4838 prohibebatur,
3283 4781 3470 4837 neque
3493 4764 3546 4819 ei
3567 4765 3824 4821 nuntiari
3838 4783 3959 4821 mos

2258 4860 2397 4925 erat,
2429 4857 2477 4911 si
2506 4855 2635 4928 quis
2663 4855 2734 4911 ad
2776 4872 2837 4910 se
2864 4854 3113 4923 veniret;
3146 4871 3279 4910 cum
3304 4853 3572 4909 omnibus
3599 4853 3850 4909 liberam
3877 4855 3962 4909 sui

2256 4945 2478 5016 copiam
2508 4946 2682 4999 homo
2704 4944 2860 4999 bono
2888 4943 3115 5015 publico
3139 4947 3306 4998 natus
3328 4942 3679 5013 devotusque
3713 4943 3866 4998 ultro
3886 4944 3959 4997 fa-

2255 5038 2408 5089 ceret
2440 5051 2453 5088 :
2489 5034 2587 5089 sed
2615 5049 2747 5088 cum
2775 5033 2849 5088 ad
2885 5048 3019 5088 eum
3044 5030 3399 5103 Augustinus
3427 5030 3697 5102 frequens
3726 5031 3966 5086 ventita-

2256 5128 2362 5190 ret,
2384 5123 2654 5178 feriatum
2673 5122 2807 5178 licet
2831 5122 2903 5177 ab
2930 5121 3173 5191 strepitu
3201 5136 3503 5176 causarum
3526 5120 3855 5175 alienarum
3883 5122 3961 5175 in-

2252 5212 2480 5267 terdum
2526 5211 2851 5283 reperisset,
2905 5209 3174 5280 religioni
3220 5213 3412 5264 tamen
3459 5209 3705 5264 habebat
3734 5209 3961 5265 lectioni

2251 5302 2537 5356 intentum
2556 5300 2667 5355 alio
2692 5315 2927 5355 avocare
2946 5298 3131 5370 (lbid.,
3157 5315 3279 5369 cap.
3302 5302 3355 5366 3,
3386 5316 3444 5354 n.
3477 5301 3547 5369 3).
3578 5297 3958 5363 Quamobrem

2251 5390 2412 5445 nulla
2440 5389 2683 5444 dabatur
2708 5387 2933 5443 occasio
2962 5388 3372 5459 percunctandi
3400 5404 3530 5460 quae
3560 5388 3748 5455 vellet,
3783 5387 3895 5442 nisi
3913 5387 3956 5441 si

2251 5495 2381 5551 quae
2402 5478 2643 5533 forsitan
2674 5477 2868 5549 paucis
2886 5477 3156 5548 explicari
3175 5480 3408 5548 possent
3430 5492 3445 5530 :
3469 5475 3954 5549 quemadmodum

2249 5567 2392 5623 illud
2423 5567 2493 5624 de
2511 5554 2847 5623 'relaxando
2876 5566 3092 5623 sabbati
3120 5566 3211 5623 die
3228 5564 3450 5639 jejunio
3482 5567 3612 5637 (qua
3642 5563 3713 5619 de
3741 5581 3805 5619 re
3837 5580 3951 5620 am-
