4020 6354
92 296 188 352 lOl

81 420 327 491 bigebat
359 419 661 492 Monnica),
687 420 1016 493 quaesivisse
1041 436 1099 475 se
1126 420 1310 475 adhuc
1327 420 1807 475 catechumenum

1548 296 1759 353 LIBER
1803 296 2192 354 SECUNDUS.

3518 310 3617 361 102

1916 422 2098 487 etiam,
2130 421 2275 490 quod
2290 425 2472 476 vetera
2489 423 2698 491 scripta
2715 424 2872 489 Legis
2892 428 2943 478 et
2960 426 3352 493 Prophetarum
3363 426 3485 496 jam
3508 443 3615 483 non

81 508 293 563 isthasc
319 525 532 580 parum
562 514 854 565 curantem
895 508 1086 564 scribit
1112 509 1312 580 (Epist.
1355 512 1445 579 36,
1484 525 1540 564 n.
1593 512 1702 574 32).
1736 512 1811 564 At
1914 511 2009 564 illo
2046 512 2195 565 oculo
2223 512 2362 565 mihi
2399 511 2623 579 legenda
2662 518 3115 582 proponerentur,
3147 530 3251 584 quo
3281 520 3442 570 antea
3468 516 3618 570 vide-

81 597 190 662 illi,
223 598 447 670 quibus
474 598 594 653 dies
622 602 930 669 noctesque
968 598 1304 668 angebatur,
1336 598 1591 668 scrupuli
1631 597 1807 652 altius

82 683 289 739 animo
324 686 630 751 haeserant,
663 701 836 757 quam
865 690 928 740 ut
954 686 1119 740 facile
1142 702 1207 739 ac
1227 685 1338 740 cito
1359 684 1524 739 evelli
1546 690 1801 758 possent.

84 772 243 828 Varii
271 773 367 829 illi
395 774 805 845 cogitationum
834 776 1057 841 ﬂuctus,
1092 774 1300 845 quibus
1328 775 1630 839 aestuabat,
1663 774 1809 829 otio-

82 876 216 914 sum
245 865 432 931 atque
461 860 727 915 omnibus
756 861 907 916 curis
935 861 1297 932 expeditum,
1318 861 1413 915 cui
1436 861 1810 916 refunderen-

82 952 200 1014 tur,
233 949 538 1004 doctorem
579 949 888 1021 exigebant
919 966 932 1004 :
968 966 1155 1021 neque
1198 966 1372 1020 porro
1400 950 1481 1004 ita
1518 966 1809 1021 compara~

81 1044 212 1093 tum
259 1038 637 1094 Ambrosium
683 1054 939 1110 unquam
979 1039 1434 1093 nanciscebatur.
1474 1039 1808 1109 Erumpebat

80 1142 221 1197 saepe
250 1143 482 1183 numero
509 1143 659 1183 sacer
687 1131 915 1182 antistes
945 1130 1003 1182 in
1023 1130 1287 1183 Monnica:
1306 1128 1495 1182 laudes
1519 1129 1805 1196 gratulans

82 1217 241 1277 mihi.
274 1216 477 1288 inquit
504 1216 873 1287 Augustinus,
909 1217 1056 1285 quod
1084 1217 1245 1271 talem
1271 1222 1497 1271 matrem
1524 1218 1802 1280 haberem;

82 1308 328 1360 nesciens
361 1306 576 1374 qualem
605 1306 702 1360 illa
737 1321 820 1360 me
860 1307 1053 1374 ﬁlium,
1107 1307 1205 1374 qui
1248 1305 1568 1360 dubitabam
1596 1306 1663 1360 de
1694 1308 1805 1360 illis

83 1394 360 1461 omnibus,
410 1398 461 1447 et
490 1395 728 1448 inveniri
748 1408 904 1463 posse
946 1396 1090 1448 viam
1118 1395 1244 1447 vitae
1272 1393 1497 1449 minime
1541 1394 1804 1463 putabam

86 1483 321 1553 (Con/“es.
356 1481 454 1536 lib.
484 1484 538 1548 6,
577 1496 700 1551 cap.
728 1484 782 1548 2,
812 1498 870 1536 n.
893 1482 973 1553 2).
1004 1482 1130 1537 Non
1158 1483 1501 1553 suppetebat
1532 1499 1665 1537 vero
1696 1482 1804 1553 ipsi

83 1570 336 1642 pecunia
386 1570 720 1625 coemendis
759 1570 942 1638 libris,
982 1586 1230 1643 quorum
1276 1587 1335 1625 se
1375 1587 1482 1642 ope
1526 1570 1802 1640 erudiret,

87 1676 204 1715 non
250 1659 501 1714 facultas
544 1659 905 1714 commodata
955 1660 1026 1714 ab
1069 1659 1267 1714 amicis
1296 1659 1626 1731 accipiendi,
1665 1675 1800 1724 non,

86 1748 315 1804 etiamsi
353 1754 571 1819 praesto
609 1749 874 1815 fuissent,
920 1748 1145 1821 legendi
1179 1753 1407 1820 tempus
1441 1766 1455 1803 :
1498 1748 1807 1803 antemeri-

86 1838 287 1893 dianas
318 1837 482 1892 enim
512 1838 687 1892 horas
713 1838 1124 1909 occupantibus
1151 1837 1464 1908 discipulis,
1486 1837 1641 1908 quod
1669 1837 1803 1891 reli-

89 1942 271 1999 quum
303 1925 426 1981 diei
457 1930 775 1997 supererat,
818 1930 916 1981 aut
952 1924 1414 1997 praelectionibus
1438 1926 1801 1993 adornandis,

87 2020 187 2069 aut
214 2014 486 2069 curando
512 2014 875 2086 corpusculo,
908 2019 1007 2069 aut
1042 2014 1347 2069 reﬁciendo
1387 2014 1579 2069 animo
1618 2014 1690 2068 ab
1730 2014 1807 2068 in-

90 2104 353 2158 tentione
400 2118 692 2171 curarum,
741 2108 840 2158 aut
891 2103 1139 2174 denique
1194 2102 1443 2157 ofﬁciose
1494 2102 1805 2157 salutandis

90 2192 289 2247 amicis
317 2192 828 2263 magnatibusque,
863 2207 1112 2264 quorum
1139 2191 1330 2246 favore
1360 2192 1429 2246 ad
1458 2207 1653 2246 rerum
1682 2208 1807 2245 sua-

91 2299 219 2337 rum
259 2282 641 2336 commodum
679 2280 996 2353 indigebat,
1027 2281 1435 2335 absumebatur
1464 2280 1651 2351 (Ibid.,
1680 2296 1800 2349 cap.

96 2375 180 2437 ll,
210 2386 278 2428 η.
320 2371 435 2441 18).
474 2370 590 2425 Etsi
618 2386 751 2424 vero
775 2369 1144 2425 Philastrium
1165 2369 1517 2424 Brixiensem
1548 2369 1807 2423 doctrina

96 2463 216 2513 tum
254 2458 449 2514 atatis
490 2459 793 2526 celebrem,
837 2458 1022 2513 visum
1070 2475 1104 2513 a
1143 2475 1201 2512 se
1250 2458 1551 2513 Mediolani
1599 2458 1808 2512 scribat

96 2550 294 2619 (Epist.
329 2551 463 2615 222,
496 2564 554 2603 n.
585 2548 667 2618 2);
699 2564 816 2602 non
845 2552 1083 2619 apparet
1111 2550 1305 2602 tamen
1331 2547 1507 2601 ullam
1537 2546 1649 2618 ipsi
1674 2562 1805 2601 cum

97 2653 163 2691 eo
192 2636 468 2709 episcopo
497 2636 982 2691 necessitudinem
1011 2635 1415 2700 intercessisse,
1448 2641 1550 2689 aut
1577 2651 1708 2690 cum
1739 2651 1805 2689 co

96 2726 163 2780 de
188 2725 479 2797 religione
507 2740 769 2795 unquam
798 2725 999 2796 egisse.

163 2818 223 2870 3.
260 2814 433 2879 Quod
461 2812 640 2884 igitur
669 2829 847 2868 unum
881 2817 1178 2884 supererat
1204 2813 1429 2867 vulneri
1460 2812 1804 2879 remedium,

96 2902 292 2957 audire
320 2901 693 2956 Ambrosium
720 2918 823 2973 per
845 2902 999 2957 diem
1026 2918 1316 2973 quamque
1343 2901 1693 2956 dominicam
1719 2918 1807 2955 co-

95 3006 216 3045 ram
243 3008 309 3046 ac
336 2990 571 3063 publice
603 2992 674 3046 ad
706 2992 984 3062 populum
1025 2992 1402 3045 disserentem
1440 2990 1637 3045 sedulo
1674 3006 1803 3061 per-

98 3081 430 3135 severabat:
467 3096 584 3151 quo
615 3080 798 3151 magis
830 3097 893 3134 ac
922 3079 1106 3149 magis
1134 3079 1278 3133 tanti
1309 3078 1415 3133 viri
1445 3079 1806 3133 sermonibus

97 3184 436 3238 persuasum
467 3168 576 3223 sibi
609 3169 784 3224 fuisse
812 3172 1071 3235 testatur,
1101 3184 1301 3223 omnes
1324 3172 1680 3223 versutarum
1708 3184 1805 3223 ca-

99 3257 454 3313 lumniarum
509 3257 712 3324 nodos,
764 3274 910 3329 quos
954 3257 1188 3329 quidem
1236 3258 1537 3312 adversum
1584 3256 1806 3311 divinos

101 3347 295 3401 Libros
326 3346 628 3402 Manichaei
666 3346 1046 3413 innectereut,
1078 3362 1197 3401 non
1227 3362 1437 3418 magno
1468 3346 1698 3416 negotio
1736 3346 1805 3400 ab

104 3436 406 3491 Catholicis
433 3451 601 3507 posse
629 3435 883 3490 dissolvi.
908 3435 1012 3490 Ubi
1042 3451 1175 3490 vero
1205 3435 1486 3505 comperit
1511 3434 1807 3490 hominem

105 3524 174 3579 ad
199 3524 520 3595 imaginem
552 3524 651 3578 Dei
680 3524 892 3578 factum
921 3540 1038 3578 non
1061 3524 1141 3578 sic
1159 3540 1192 3578 a
1212 3523 1515 3579 Catholicis
1543 3523 1806 3594 intelligi,

105 3617 167 3667 ut
200 3614 449 3669 humani
483 3613 741 3684 corporis
775 3613 1048 3668 membris
1092 3614 1240 3667 Deus
1286 3612 1584 3668 terminari
1622 3613 1812 3666 crede-

106 3708 280 3769 retur,
314 3703 804 3777 quemadmodum
845 3702 1145 3758 Maniclnei
1182 3703 1684 3757 calumniabantur
1716 3705 1811 3769 (Dc

109 3792 435 3855 Haeresibus,
475 3793 606 3847 liter.
639 3794 748 3862 46),
782 3807 1113 3863 quanquam
1153 3791 1511 3863 spiritualem
1551 3791 1810 3845 substan-

108 3878 244 3934 tiam
274 3881 535 3936 uondum
565 3884 755 3935 mente
786 3885 1044 3935 assecuto
1071 3897 1159 3934 res
1184 3897 1251 3934 ea
1278 3880 1432 3935 haud
1450 3879 1587 3933 satis
1616 3883 1812 3949 aperta

111 3973 282 4036 esset;
312 3970 594 4041 gaudium
622 3974 814 4023 tamen
846 3968 1064 4039 pudore
1100 3968 1344 4023 mixtum
1383 3967 1585 4022 exinde
1612 3966 1808 4034 sensit,

109 4058 254 4128 quod
284 4059 524 4113 tandem
563 4056 872 4128 aliquando
908 4060 1186 4123 cerneret,
1224 4073 1284 4110 se
1320 4056 1622 4110 adversum
1661 4055 1812 4125 cogi-

108 4146 391 4201 tationum
433 4160 669 4199 suarum
716 4145 997 4209 ﬁgmenta
1034 4143 1238 4215 magis,
1287 4159 1464 4215 quam
1514 4143 1811 4198 adversum

113 4234 370 4290 Ecclesiae
402 4234 698 4289 catholicas
729 4232 902 4287 ﬁdem
931 4233 1244 4287 oblatrasse
1272 4237 1520 4300 temere;
1546 4248 1678 4287 cum
1702 4232 1809 4287 hu-

112 4323 322 4378 militer
347 4340 417 4378 ac
443 4322 707 4394 religiose
738 4320 1078 4392 investigare
1108 4321 1415 4391 debuisset,
1445 4322 1812 4393 quemadmo-

114 4410 245 4466 dum
276 4429 369 4468 res
396 4429 455 4467 se
480 4412 714 4467 haberet
743 4411 975 4482 (Confes.
1009 4411 1106 4466 lib.
1140 4413 1194 4480 6,
1229 4427 1348 4481 cap.
1384 4413 1438 4477 3,
1471 4426 1527 4465 η.
1560 4412 1634 4481 4).
1672 4410 1813 4464 Hinc

114 4515 178 4554 eo
196 4500 511 4555 ardentiori
530 4500 933 4572 dignoscenda:
947 4499 1200 4553 veritatis
1215 4498 1494 4554 desiderio
1512 4498 1812 4571 ﬂagrabat,

119 4600 228 4656 quo
240 4604 300 4643 se
312 4588 473 4643 vanis
485 4590 925 4644 Manichaeorum
942 4588 1452 4660 pollicitationibus
1463 4588 1709 4659 turpiter
1722 4588 1815 4643 de-

118 4674 304 4732 lusum
323 4694 449 4734 esse
469 4679 979 4734 verecundabatur.
998 4678 1263 4733 Nondum
1282 4677 1503 4749 liquido
1525 4692 1814 4748 comperc-

120 4768 224 4831 rat,
238 4782 312 4820 an
325 4783 454 4838 quae
467 4768 539 4823 ab
554 4767 797 4823 Ecclesia
812 4768 911 4822 Dei
928 4767 1309 4833 traderentur,
1328 4782 1460 4820 vera
1480 4771 1671 4821 essent
1684 4786 1697 4821 :
1716 4765 1813 4819 sed

120 4852 237 4908 sine
265 4856 384 4911 ulla
403 4846 761 4912 dubitatione
791 4857 1039 4923 tenebat,
1061 4855 1178 4910 illic
1198 4871 1314 4909 non
1335 4854 1523 4910 doceri
1543 4871 1672 4926 quae
1692 4854 1812 4925 ipso

122 4940 256 4997 falsa
283 4945 703 5001 existimatione
732 4951 850 5001 tam
882 4945 1080 5000 acerbe
1108 4944 1248 4999 olim
1277 4942 1613 4998 criminatus
1644 4947 1808 4998 esset.

122 5031 307 5101 Itaque
341 5036 734 5103 confundebar,
765 5035 972 5107 inquit,
1020 5040 1068 5089 ct
1110 5034 1453 5089 convertebar
1482 5050 1496 5088 :
1528 5038 1578 5088 et
1602 5032 1813 5102 gaude-

127 5118 260 5188 bam,
284 5125 422 5179 Deus
449 5140 612 5190 meus,
642 5125 787 5195 quod
814 5126 1057 5179 Ecclesia
1083 5125 1267 5192 unica,
1298 5138 1491 5192 corpus
1524 5124 1679 5178 Unici
1707 5124 1808 5189 tui,

124 5210 179 5262 in
206 5227 313 5281 qua
330 5214 471 5267 mihi
495 5230 685 5269 nomen
708 5216 914 5271 Christi
934 5216 1143 5280 infanti
1162 5217 1240 5268 est
1258 5212 1517 5281 inditum,
1537 5228 1644 5267 non
1663 5227 1813 5282 sape-

126 5303 202 5351 ret
227 5303 506 5368 infantiles
535 5318 739 5371 nugas;
768 5318 938 5371 neque
965 5303 1062 5357 hoc
1099 5302 1318 5357 haberet
1347 5304 1407 5355 in
1434 5302 1686 5356 doctrina
1712 5316 1811 5356 sua

129 5397 278 5458 sana,
297 5392 441 5459 quod
471 5396 520 5446 te
545 5396 837 5447 creatorem
856 5393 1120 5459 omnium,
1148 5394 1207 5446 in
1235 5393 1475 5460 spatium
1498 5391 1601 5444 loci
1622 5405 1812 5459 quam-

129 5478 207 5530 vis
246 5492 506 5535 summum
544 5483 595 5534 et
633 5480 897 5549 amplum,
946 5484 1123 5534 tamen
1162 5479 1406 5549 undique
1444 5479 1811 5540 terminatum,

134 5568 474 5626 meinbrorum
503 5570 859 5626 humanorum
896 5571 1076 5638 ﬁgura
1113 5568 1468 5625 contraderet.
1500 5567 1810 5624 Gaudebam

1916 597 2116 652 bantur
2145 599 2407 665 absurda,
2445 614 2565 653 cum
2601 601 2893 668 arguebam
2924 606 3185 670 tanquam
3223 604 3304 656 ita
3329 607 3614 659 sentientes

1913 691 2124 741 sanctos
2155 691 2270 742 tuos
2295 704 2309 754 ;
2354 703 2540 743 verum
2566 694 2745 744 autem
2772 704 2880 745 non
2920 692 3004 744 ita
3029 690 3331 746 sentiebant
3360 708 3373 745 :
3414 697 3466 747 et
3490 698 3616 747 tan-

1914 791 2079 846 quam
2106 776 2349 844 regulam
2376 777 2787 844 diligentissime
2822 779 3236 842 commendaret,
3261 796 3400 851 saepe
3429 784 3486 835 in
3512 797 3619 851 po-

1907 864 2196 933 pularibus
2236 865 2567 920 sermonibus
2613 868 2729 921 suis
2766 866 3031 921 dicentem
3070 868 3420 924 Ambrosium
3463 872 3616 926 laetus

1913 952 2217 1020 audiebam,
2251 971 2280 1004 α
2310 954 2519 1008 Littera
2559 954 2777 1019 occidit,
2821 956 3064 1025 Spiritus
3094 961 3273 1011 autem
3309 960 3553 1027 viviﬁcat
3585 979 3613 1011 ιθ

1915 1041 1988 1110 (ll
2020 1042 2136 1097 Cor.
2190 1058 2271 1107 ιιι,
2303 1043 2352 1110 6)
2382 1058 2395 1095 :
2429 1058 2548 1097 cum
2592 1059 2655 1097 ea
2684 1060 2804 1113 qua:
2830 1044 2906 1097 ad
2936 1045 3172 1099 litteram
3206 1050 3615 1115 perversitatem

1912 1129 2097 1184 docere
2123 1131 2468 1199 videbantur,
2506 1137 2705 1186 remoto
2731 1134 2957 1200 mystico
2985 1134 3280 1188 velamento
3309 1136 3617 1204 spirituali-

1913 1223 1993 1272 ter
2019 1220 2255 1288 aperiret
2282 1234 2388 1274 non
2416 1219 2597 1274 dicens
2628 1221 2773 1288 quod
2804 1236 2885 1275 me
2929 1222 3237 1291 o/fenderet,
3266 1227 3515 1292 quamvis
3544 1240 3608 1278 ea

1911 1307 2131 1376 diceret,
2162 1324 2281 1378 quae
2316 1313 2500 1363 utrum
2539 1325 2669 1363 vera
2709 1316 2899 1377 essent,
2931 1311 3109 1365 adhuc
3138 1314 3467 1379 ignorarem.
3511 1315 3603 1368 Te-

1908 1396 2100 1450 nebam
2127 1400 2269 1451 enim
2297 1413 2386 1451 cor
2410 1414 2584 1452 meum
2612 1399 2681 1452 ab
2715 1402 2861 1454 omni
2890 1402 3212 1461 assensione.
3243 1403 3435 1456 timens
3462 1418 3613 1472 prae-

1909 1487 2194 1555 cipitium;
2244 1491 2294 1540 et
2333 1487 2621 1555 suspendio
2648 1490 2826 1555 magis
2869 1489 3122 1544 necabar.
3171 1491 3425 1545 Volebam
3464 1493 3607 1546 enim

1910 1590 2093 1629 eorum
2120 1590 2239 1644 quae
2264 1591 2371 1629 non
2406 1575 2663 1641 viderem,
2704 1579 2787 1632 ita
2824 1593 2906 1631 me
2942 1583 3143 1632 certum
3171 1577 3313 1648 ﬁeri,
3344 1583 3405 1633 ut
3432 1584 3611 1634 certus

1909 1678 2074 1717 essem
2110 1663 2255 1733 quod
2294 1668 2492 1733 septem
2536 1670 2587 1720 et
2611 1667 2719 1719 tria
2750 1665 2926 1720 decem
2956 1668 3084 1721 sint.
3112 1668 3297 1735 Neque
3324 1670 3467 1722 enim
3496 1673 3611 1724 tum

1909 1753 2135 1806 insanus
2159 1767 2329 1820 eram,
2358 1756 2420 1805 ut
2455 1767 2520 1805 ne
2549 1752 2643 1806 hoc
2672 1754 2890 1821 quidem
2910 1759 3160 1822 putarem
3186 1770 3344 1822 posse
3373 1771 3608 1825 compre-

1912 1839 2111 1907 luendi;
2138 1839 2233 1894 sed
2258 1841 2399 1893 sicut
2422 1841 2539 1907 hoc,
2567 1842 2648 1895 ita
2676 1846 2866 1895 caetera
2889 1842 3187 1910 cupiebam,
3216 1845 3330 1897 sive
3352 1858 3608 1913 corpora-

1909 1928 1987 1982 lia
2017 1943 2135 1996 que:
2162 1943 2340 1982 coram
2369 1928 2611 1982 sensibus
2654 1931 2786 1982 meis
2814 1944 2919 1983 non
2946 1930 3194 1984 adessent
3223 1946 3236 1997 ;
3268 1933 3382 1985 sive
3418 1934 3599 2001 spiri-

1912 2017 2105 2081 tualia,
2136 2015 2202 2069 de
2216 2016 2411 2083 quibus
2436 2018 2673 2083 cogitare
2690 2020 2801 2071 nisi
2819 2021 3171 2087 corporaliter
3190 2020 3507 2076 nesciebam.
3532 2022 3609 2077 Et

1909 2106 2102 2159 sanari
2126 2104 2385 2158 credendo
2404 2110 2670 2174 poteram,
2698 2111 2758 2159 ut
2774 2109 3065 2174 purgatior
3090 2109 3229 2162 acies
3257 2111 3450 2163 mentis
3480 2124 3607 2163 mea:

1912 2194 2241 2262 dirigeretur
2267 2195 2452 2262 aliquo
2490 2194 2645 2249 modo
2666 2197 2726 2249 in
2750 2197 3029 2249 veritatem
3062 2201 3211 2251 tuam
3238 2212 3448 2267 semper
3482 2214 3613 2253 ma-

1910 2288 2139 2350 nentem,
2168 2286 2217 2335 et
2241 2298 2307 2336 ea:
2327 2283 2473 2336 nullo
2491 2282 2835 2351 deﬁcientem.
2866 2284 2973 2339 Sed
2990 2286 3131 2339 sicut
3150 2288 3359 2340 evenire
3387 2288 3609 2351 assolet,

1912 2376 1974 2427 ut
2006 2374 2209 2428 malum
2236 2370 2501 2425 medicum
2527 2377 2803 2441 expertus,
2827 2374 2992 2427 etiam
3021 2373 3153 2428 bono
3182 2376 3370 2430 timeat
3397 2391 3453 2429 se
3477 2391 3613 2431 com-

1912 2461 2156 2523 mittere;
2189 2461 2268 2514 ita
2310 2465 2427 2514 erat
2454 2460 2703 2514 valetudo
2731 2463 2927 2516 animae
2954 2478 3101 2529 mem,
3137 2479 3257 2533 quae
3285 2466 3474 2534 utique
3500 2468 3612 2520 nisi

1912 2549 2172 2604 credendo
2199 2551 2389 2603 sanari
2414 2564 2517 2604 non
2543 2554 2779 2619 poterat,
2799 2556 2849 2605 et
2870 2567 2937 2605 ne
2961 2552 3111 2617 falsa
3134 2553 3392 2622 crederet,
3423 2556 3615 2608 curari

1912 2638 2221 2693 recusabat:
2268 2641 2519 2693 resistens
2546 2640 2794 2693 manibus
2823 2642 2950 2706 tuis,
2983 2643 3082 2710 qui
3113 2642 3501 2697 medicamenta
3538 2646 3612 2712 ft—

1913 2728 2002 2782 dei
2027 2729 2324 2795 confecisti,
2354 2732 2403 2780 et
2431 2729 2691 2796 sparsisti
2717 2743 2880 2797 super
2918 2729 3127 2783 morbos
3157 2730 3303 2785 orbis
3336 2736 3605 2787 terrarum

1916 2816 2145 2884 (Con/es.
2180 2816 2272 2870 lib.
2306 2819 2356 2869 6.
2390 2831 2511 2884 cap.
2551 2819 2606 2880 Ii,
2636 2831 2730 2870 nn.
2772 2820 2824 2881 5,
2854 2818 2929 2884 6).

1981 2906 2036 2959 4.
2067 2904 2210 2958 Tum
2238 2920 2411 2974 porro
2440 2902 2759 2973 intelligere
2787 2904 2978 2973 coepit,
3010 2904 3288 2959 sincerius
3317 2923 3382 2960 ac
3413 2909 3607 2963 mode-

1915 2990 2057 3044 stius
2091 2990 2396 3045 Ecclesiam
2439 3006 2629 3061 agere,
2660 2990 2799 3046 dum
2832 3007 3032 3046 earum
3062 3008 3255 3047 rerum
3298 2995 3471 3048 ﬁdem
3508 3012 3612 3065 po-

1913 3081 2104 3147 stulat,
2144 3096 2274 3151 quas
2303 3095 2490 3152 neque
2518 3096 2687 3134 sensu
2718 3079 2956 3151 percipi,
2994 3097 3182 3153 neque
3213 3086 3366 3137 certa
3394 3084 3613 3139 ratione

1915 3169 2347 3224 commonstrari
2380 3173 2633 3240 possent,
2662 3185 2835 3241 quam
2867 3170 3183 3241 Manichaei,
3217 3172 3317 3242 qui
3346 3188 3470 3227 eam
3498 3189 3616 3227 cre-

1916 3258 2215 3313 dulitatem
2247 3257 2570 3326 irridentes,
2595 3257 2895 3328 magniﬁce
2918 3258 3154 3329 quidem
3185 3260 3614 3331 pollicerentur,
3722 3248 3725 3251 ’

1915 3347 2055 3403 nihil
2081 3363 2138 3401 se
2158 3347 2269 3401 nisi
2292 3351 2556 3418 apertum
2578 3363 2641 3401 ac
2664 3346 3032 3418 perspicuum
3060 3348 3404 3416 tradituros;
3433 3349 3530 3404 sed
3557 3348 3615 3403 id

1916 3442 2117 3508 postea
2145 3452 2275 3491 cum
2301 3442 2575 3507 prestera
2610 3452 2726 3490 non
2752 3436 3027 3503 valerent,
3060 3453 3127 3491 eo
3156 3438 3391 3491 demum
3422 3438 3615 3502 devol-

1916 3531 2146 3591 vuutur,
2180 3529 2245 3580 ut
2292 3541 2394 3580 sua
2441 3525 2701 3596 ipsorum
2746 3524 2881 3591 ﬁde,
2929 3524 3200 3580 conﬁctas
3237 3543 3271 3580 a
3307 3542 3366 3581 se
3395 3526 3617 3582 fabulas

1917 3621 2066 3669 stare
2110 3618 2282 3686 atque
2318 3613 2498 3685 accipi
2534 3612 2712 3668 velint
2752 3613 2936 3682 (Ibid,
2978 3629 3098 3683 cap.
3133 3618 3188 3684 ὅ,
3216 3631 3274 3669 n.
3306 3617 3383 3686 7).
3418 3616 3618 3670 Postea

1916 3718 2048 3757 cum
2077 3701 2381 3757 mitissima
2410 3701 2511 3756 Dei
2537 3717 2742 3755 manus
2766 3718 2860 3756 cor
2879 3702 3004 3773 ejus
3032 3707 3441 3773 pertractatum
3473 3719 3617 3774 pau-

1918 3791 2078 3846 latim
2098 3789 2445 3855 emolliisset,
2476 3788 2852 3843 consideravit
2870 3806 3044 3861 quam
3058 3790 3359 3846 innumera
3376 3808 3445 3846 ex
3473 3791 3617 3845 alio-

1918 3895 2047 3934 rum
2074 3875 2402 3932 testimonio
2431 3876 2826 3930 indubitanter
2854 3877 3129 3943 crederet,
3163 3879 3372 3948 quibus
3401 3880 3512 3934 nisi
3549 3882 3616 3934 ti-

1917 3970 2016 4023 des
2034 3967 2361 4032 haberetur,
2386 3965 2641 4019 tollenda
2659 3964 2801 4019 foret
2836 3982 2867 4019 e
2904 3965 3018 4019 vita
3045 3966 3176 4020 vitae
3197 3967 3456 4022 societas.
3478 3968 3618 4023 Hinc

1917 4056 2200 4111 intellexit
2234 4054 2399 4126 argui
2428 4071 2543 4109 non
2562 4071 2749 4125 posse,
2781 4054 2881 4126 qui
2911 4053 3084 4109 sacris
3114 4055 3411 4111 Codicibus
3444 4056 3617 4111 ﬁdem

1917 4146 2257 4210 tribuerent,
2288 4159 2537 4214 quorum
2567 4159 2773 4213 nempe
2799 4143 3195 4198 auctoritatem
3229 4145 3378 4199 Deus
3408 4143 3530 4215 ipse
3560 4145 3616 4199 in

1918 4234 2185 4290 omnibus
2222 4232 2643 4305 propemodum
2690 4231 2845 4287 orbis
2886 4237 3171 4287 terrarum
3212 4233 3472 4303 partibus
3499 4238 3617 4289 tam

1918 4326 2181 4394 potenter
2210 4319 2497 4376 stabilivit.
2524 4320 2666 4375 Cum
2694 4319 2852 4374 enim
2882 4320 2953 4375 ad
2982 4320 3275 4376 veritatem
3293 4321 3513 4393 liquido
3536 4322 3620 4376 iu-

1918 4410 2308 4481 vestigandam
2344 4414 2550 4463 natura
2588 4408 2767 4464 simus
2794 4409 3159 4477 inﬁrmiores,
3204 4415 3262 4465 et
3287 4410 3361 4465 ad
3389 4411 3496 4466 hoc
3525 4411 3617 4469 di-

1918 4500 2051 4554 vina
2077 4499 2411 4555 auctoritate
2431 4498 2792 4569 indigeamus
2813 4518 2826 4568 ;
2853 4503 3070 4553 tantam
3089 4500 3241 4555 Deus
3258 4500 3344 4554 illi
3372 4500 3620 4572 Scriptu-

1918 4605 2018 4653 raa,
2051 4604 2223 4660 quam
2261 4588 2505 4642 Ecclesia
2542 4592 2854 4649 reveretur,
2882 4604 3003 4642 non
3030 4588 3385 4656 contulisset,
3418 4590 3529 4644 nisi
3562 4595 3620 4645 et

1918 4693 2023 4749 per
2049 4677 2234 4747 ipsam
2262 4676 2371 4731 sibi
2400 4675 2575 4743 credi,
2602 4681 2660 4730 et
2686 4692 2790 4747 per
2817 4676 3002 4747 ipsam
3030 4693 3089 4731 se
3113 4677 3296 4749 quaeri
3324 4679 3616 4747 voluisset,

1918 4765 2244 4820 humillimo
2274 4781 2481 4836 genere
2524 4764 2800 4836 loquendi
2840 4782 2998 4835 usus,
3044 4770 3111 4821 ut
3139 4783 3340 4822 omnes
3369 4769 3617 4839 populos

1920 4853 2188 4909 alliceret.
2230 4852 2289 4908 Si
2330 4869 2445 4925 qua
2482 4869 2612 4907 vero
2648 4853 2952 4925 Scripturaa
2982 4854 3105 4910 loca
3133 4857 3393 4912 nondum
3421 4858 3615 4912 animo

1918 4943 2260 5016 perciperet,
2284 4941 2431 4996 hanc
2451 4943 2864 4998 sententiarum
2882 4944 3185 5017 caliginem
3206 4947 3276 5002 ad
3301 4963 3617 5002 sacramen-

1918 5037 2111 5087 torum
2137 5030 2496 5087 altitudinem
2515 5032 2873 5088 referendam
2897 5048 3020 5089 esse
3048 5034 3212 5089 facile
3231 5035 3613 5106 intelligebat:

1919 5138 2031 5193 qua
2050 5120 2341 5175 occasione
2373 5121 2453 5175 sic
2478 5122 2658 5176 Deum
2688 5122 3039 5194 alloquitur:
3073 5124 3386 5192 Cogitabam
3413 5126 3541 5191 hac,
3565 5129 3615 5177 et

1918 5210 2113 5265 aderas
2132 5211 2305 5275 mihi;
2338 5210 2707 5279 suspirabam,
2739 5216 2790 5266 et
2826 5212 3092 5267 audiebas
3112 5228 3232 5276 me;
3265 5212 3612 5281 fluctuabam,

1919 5304 1970 5354 et
1995 5299 2333 5368 gubernabas
2356 5316 2438 5356 me
2461 5319 2476 5367 ;
2504 5300 2651 5354 ibam
2676 5315 2777 5369 per
2803 5304 2950 5355 viam
2978 5303 3159 5356 saeculi
3191 5303 3378 5368 latam,
3408 5316 3499 5355 nec
3520 5300 3613 5353 de-

1916 5388 2148 5459 serebas(
2174 5388 2341 5449 Ibid..
2370 5404 2430 5443 n.
2471 5390 2548 5460 8).
2578 5390 2654 5444 Eo
2680 5406 2814 5444 vero
2842 5391 3168 5462 promptius
3192 5389 3497 5459 Scripturis
3524 5405 3614 5443 sa-

1919 5477 2029 5532 cris
2039 5477 2254 5548 primas
2284 5478 2637 5533 auctoritatis
2665 5479 3004 5535 deferendas
3029 5495 3149 5533 esse
3166 5477 3478 5549 judicabat,
3501 5494 3617 5550 quo

1919 5565 2092 5622 variae
2133 5566 2248 5623 illm
2298 5571 2740 5640 pugnantesque
2775 5567 3016 5623 invicem
3043 5565 3330 5622 variorum
3361 5566 3614 5639 philoso-
