4020 6344
423 286 516 336 103
1009 276 1020 288 ’
1625 278 1797 334 VlTA
1851 279 1908 333 S.
1957 277 2343 334 AUGUSTINI
2387 280 2722 336 EPISCOPI.
3837 286 3932 337 t0}

417 404 663 475 phorum
680 402 1000 469 sententiae,
1018 401 1226 473 quibus
1247 400 1546 472 ingenium
1568 400 1871 468 imbuerat,
1887 401 2118 456 insitam

415 491 773 562 opinionem,
805 506 924 562 qua
958 494 1015 544 et
1043 491 1223 544 Deum
1256 504 1396 556 esse,
1431 492 1486 542 et
1514 504 1705 544 rerum
1737 489 2118 543 humanarum

413 580 976 636 administrationem
1027 579 1100 633 ad
1159 594 1291 633 eum
1337 578 1624 648 pertinere
1671 579 1952 644 credebat,
1999 580 2121 648 ejus

422 671 616 726 animo
670 684 968 740 nunquam
1023 668 1385 738 depulerunt.
1434 667 1495 721 Id
1537 667 1834 729 credebam,
1867 666 1966 730 ait,
2011 669 2117 720 ali-

419 760 637 829 quando
661 760 954 822 robustius,
988 757 1286 827 aliquando
1311 757 1508 811 ea-ilius
1531 772 1544 821 ;
1573 771 1777 826 semper
1803 761 1978 810 tamen
2007 772 2118 810 cre-

421 850 564 916 didi,
597 852 646 902 et
676 863 788 902 esse
826 851 892 914 te,
927 851 977 900 et
1005 862 1190 900 curam
1216 847 1388 899 nostri
1405 861 1585 913 gerere
1616 864 1630 910 ;
1665 847 1881 899 etiamsi
1905 846 2121 912 ignora-

421 939 542 992 bam
569 939 652 992 vel
685 936 822 1006 quid
840 935 1176 991 sentiendum
1197 940 1330 989 esset
1359 935 1423 988 de
1441 935 1747 988 substantia
1764 939 1877 1001 tua,
1903 936 1986 988 vel
2011 950 2120 1002 qua

412 1031 504 1082 via
534 1027 748 1081 duceret
767 1031 864 1080 aut
884 1025 1158 1079 reduceret
1174 1024 1248 1077 ad
1274 1029 1322 1078 te
1346 1024 1549 1092 (Ibid.).
1569 1023 1869 1077 Haerebant
1888 1022 2121 1093 insuper

417 1115 610 1172 animo
654 1115 830 1169 timor
879 1113 1100 1175 mortis,
1145 1113 1324 1167 futuri
1377 1111 1554 1166 divini
1600 1111 1801 1181 judicii
1854 1111 2116 1177 formido,

421 1221 550 1276 spes
576 1202 1048 1271 immortalitatis,
1073 1206 1242 1273 atque
1266 1205 1401 1255 actas
1420 1200 1551 1254 vitae
1571 1201 1908 1254 meritorum
1931 1201 2121 1254 futura

416 1292 742 1364 dispunctio
770 1308 832 1345 ac
863 1307 1084 1345 merces
1106 1292 1264 1345 nulla
1283 1290 1625 1361 opinionum
1643 1289 1968 1344 diversitate
1999 1290 2121 1360 ejus

420 1386 650 1452 pectore
696 1379 1008 1434 submotus:
1058 1379 1264 1451 quibus
1295 1378 1467 1434 veluti
1496 1379 1670 1434 frenis
1698 1377 2006 1433 coercitum
2038 1395 2117 1447 se,

421 1477 594 1542 atque
641 1487 672 1524 a
703 1469 1070 1541 profundiore
1101 1469 1476 1524 obscenarum
1510 1470 1868 1539 voluptatum
1896 1468 2120 1539 gurgite

419 1563 747 1614 revocatum
779 1558 973 1612 scribit
1005 1558 1191 1628 (Ibid.,
1229 1575 1350 1628 cap.
1387 1561 1471 1624 16,
1502 1574 1558 1612 n.
1590 1559 1702 1628 26).

489 1653 540 1704 5.
573 1649 688 1703 Etsi
716 1664 850 1702 vero
891 1649 1071 1702 Deum
1105 1646 1451 1717 cogitatione
1483 1663 1598 1700 non
1630 1645 1930 1717 complecti
1959 1646 2123 1700 aliter

418 1742 624 1810 posset,
658 1753 829 1809 quam
881 1753 986 1791 ceu
1041 1736 1462 1790 nobilissimum
1493 1735 1719 1806 aliquod
1769 1751 1976 1806 corpus
2019 1735 2123 1789 im-

419 1843 614 1883 mensa
657 1827 806 1880 mole
847 1841 1309 1896 quaquaversum
1337 1825 1625 1887 diffusum,
1670 1827 2119 1894 extensumque;

419 1915 987 1970 incontaminabilem
1011 1918 1224 1980 tamen,
1252 1913 1765 1984 incorruptibilem,
1788 1929 1853 1966 ac
1883 1913 2038 1967 nulla
2058 1929 2121 1966 ex

415 2009 580 2076 parte
621 2003 960 2059 mutabilem
993 2003 1134 2073 ejus,
1167 2018 1545 2074 quaecumque
1575 2003 1798 2057 tandem
1826 2002 1922 2057 illa
1953 2005 2120 2067 esset,

415 2097 679 2147 naturam
712 2092 1046 2146 inconcusse
1066 2092 1298 2146 tenebat
1321 2092 1503 2160 (lbid.,
1528 2092 1694 2154 lib.7,
1728 2107 1850 2161 cap.
1887 2095 1935 2158 1,
1960 2108 2014 2152 n,
2046 2093 2119 2159 ‘2‘).

415 2180 537 2244 Quo
581 2177 839 2234 insanius
889 2180 1132 2233 delirare
1185 2180 1572 2234 arbitrabatur
1613 2180 1971 2244 Manichaaos,
2023 2179 2120 2250 qui

417 2267 669 2322 divinam
699 2267 1079 2322 substantiam
1111 2267 1265 2321 malo
1294 2268 1566 2338 patiendo
1592 2269 1918 2337 obnoxiam,
1951 2285 2123 2340 quam

415 2371 580 2410 suam
631 2356 886 2426 ipsorum
942 2357 1093 2411 malo
1151 2359 1536 2428 perpetrando
1577 2375 1732 2412 ream
1783 2359 1983 2426 teneri,
2035 2376 2122 2412 sa-

415 2444 595 2499 satius
636 2444 1031 2500 existimarent
1086 2446 1269 2516 (Ibid.,
1315 2463 1436 2516 cap.
1498 2449 1550 2514 3,
1607 2463 1756 2501 num.
1814 2449 1886 2511 4).
1945 2447 2123 2502 Nihil-

419 2533 653 2588 ominus
733 2538 927 2588 tamen
1003 2551 1269 2606 quaenam
1333 2541 1478 2590 esset
1533 2536 1671 2590 mali
1736 2523 1919 2608 arigo,
1981 2553 2123 2591 non-

419 2623 559 2678 dum
601 2622 847 2677 dilucide
879 2623 1202 2694 perspicere
1243 2629 1484 2695 poterat.
1537 2626 1880 2680 Occurrebat
1907 2625 2126 2680 interea

418 2711 650 2783 quidem
674 2711 869 2765 solerti
898 2712 1116 2780 animo,
1140 2713 1294 2784 quod
1317 2713 1629 2768 identidem
1660 2714 1856 2770 auditu
1890 2714 2127 2786 accipie-

416 2801 535 2868 bat,
569 2800 813 2854 liberum
863 2801 1170 2855 voluntatis
1199 2801 1523 2870 arbitrium,
1560 2804 1681 2874 ejus
1717 2805 1869 2875 quod
1915 2805 2124 2858 facere-

426 2906 574 2957 mus,
598 2893 816 2943 rectum
838 2894 978 2944 ‘vero
1007 2889 1107 2944 Dei
1130 2890 1435 2961 judicium,
1457 2892 1578 2962 ejus
1607 2893 1758 2963 quod
1773 2898 2122 2963 pateremur,

417 2979 553 3034 mali
592 2995 790 3033 causas
821 2995 976 3045 esse;
1009 2979 1105 3034 sed
1139 2996 1245 3034 nec
1274 2981 1494 3052 liquido
1542 2981 1860 3052 intelligere
1903 2987 2128 3054 poterat

413 3085 514 3123 cur
535 3068 614 3122 ita
641 3083 732 3122 res
755 3084 813 3121 se
835 3067 1073 3122 haberet
1098 3085 1110 3122 :
1131 3069 1235 3122 etsi
1257 3070 1412 3124 enim
1436 3070 1706 3124 sentienti
1733 3087 1789 3124 se
1809 3071 1988 3125 libero
2007 3073 2128 3142 pol-

418 3155 537 3208 lere
561 3154 870 3208 voluntatis
887 3154 1148 3220 arbilrio,
1174 3155 1436 3208 nonnihil
1467 3157 1607 3209 lucis
1635 3156 1979 3224 oboriretur,
2011 3173 2126 3227 quo

424 3242 567 3296 illud
599 3259 718 3296 esse
763 3241 982 3295 fontem
1033 3258 1234 3296 eorum
1268 3248 1651 3312 peccatorum,
1683 3260 1812 3314 qua:
1851 3245 2033 3298 libens
2063 3261 2127 3298 ac

417 3335 619 3388 volens
646 3332 991 3397 admisisset,
1018 3348 1136 3386 non
1156 3332 1461 3385 difﬁculter
1475 3336 1807 3403 agnosceret
1831 3349 1844 3399 ;
1873 3337 2127 3387 attamen

423 3438 621 3476 rursus
641 3421 1053 3476 inextricabilis
1079 3425 1199 3475 erat
1221 3421 1482 3492 quaestio,
1512 3421 1666 3476 unde
1694 3422 1870 3476 libero
1891 3423 2126 3477 arbitrio

417 3527 449 3564 a
491 3511 606 3565 Deo
629 3510 849 3580 optimo
875 3509 1110 3564 condito
1138 3509 1310 3562 insita
1339 3509 1409 3564 ad
1441 3510 1656 3564 malum
1688 3511 2010 3580 proclivitas
2039 3527 2125 3565 es-

413 3603 501 3652 set
530 3615 544 3664 ;
595 3597 747 3652 unde
777 3596 862 3652 illi
893 3599 1042 3651 male
1072 3596 1236 3664 velle,
1271 3601 1328 3651 et
1357 3597 1502 3651 bene
1547 3597 1701 3652 nolle
1741 3598 1928 3668 (1bid.,
1953 3615 2009 3653 n.
2053 3599 2122 3668 5).

419 3687 514 3741 His
557 3702 620 3740 ac
653 3686 1054 3740 consimilibus
1085 3685 1499 3756 cogitationum
1531 3685 1762 3742 aestibus
1792 3687 2123 3758 exagitatus,

417 3774 569 3829 curis
612 3774 1020 3829 conﬁciebatur
1068 3775 1616 3846 excruciabaturque
1659 3793 1726 3830 eo
1773 3777 1977 3848 magis,
2011 3794 2126 3848 quo

416 3880 511 3918 eas
543 3863 933 3918 familiaribus
959 3864 1070 3918 suis
1092 3864 1284 3918 minus
1301 3864 1579 3935 explicare
1607 3868 1776 3937 atque
1796 3866 2127 3936 explicando

416 3953 621 4024 partiri
673 3957 927 4024 poterat.
972 3953 1079 4009 Sed
1110 3953 1282 4007 tacita
1308 3953 1405 4007 illa
1443 3953 1627 4008 cordis
1653 3958 1939 4009 tormenta
1967 3958 2129 4009 erant

413 4043 574 4097 velut
604 4041 948 4097 clarissime
978 4058 1165 4106 voces,
1199 4059 1328 4112 quae
1361 4043 1566 4097 divinas
1600 4043 2005 4098 misericordias
2037 4060 2126 4098 so-

411 4131 560 4198 lium
601 4131 928 4200 pulsabant.
963 4131 1088 4185 Sua
1135 4136 1329 4184 tamen
1367 4147 1498 4184 eum
1523 4132 1851 4202 arrogantia
1878 4133 2010 4187 inde
2041 4149 2129 4187 re-

419 4218 684 4272 movebat
709 4232 723 4284 ;
759 4221 815 4272 et
846 4218 942 4290 qui
966 4218 1171 4272 faciem
1197 4219 1320 4289 ejus
1348 4219 1646 4273 inﬁaverat
1673 4225 1883 4287 tumor,
1907 4221 1984 4275 sic
2003 4238 2132 4275 ocu-

417 4308 501 4360 los
531 4306 851 4370 claudebat,
883 4311 951 4360 ut
981 4306 1236 4360 veritatis
1265 4308 1449 4360 lucem
1475 4308 1775 4362 admittere
1806 4325 1916 4362 non
1940 4313 2132 4379 posset

413 4395 607 4478 (Ibid,
640 4411 759 4465 cap.
793 4401 848 4462 7,
882 4411 938 4449 n.
981 4396 1084 4462 11).
1121 4398 1200 4449 Tu
1229 4398 1474 4465 Domine,
1513 4396 1722 4467 inquit,
1761 4399 1996 4452 stimulis
2039 4403 2128 4452 in-

421 4487 588 4539 ternis
619 4484 870 4552 agitabas
899 4500 1001 4551 me,
1032 4490 1094 4538 ut
1136 4486 1431 4554 impatiens
1463 4501 1650 4553 essem,
1684 4486 1847 4540 donec
1871 4489 2010 4540 mihi
2036 4503 2132 4556 per

415 4575 734 4628 interiorem
786 4579 1062 4643 aspectum
1109 4579 1287 4628 certus
1335 4590 1494 4628 esses.
1526 4577 1597 4630 Et
1640 4575 1906 4630 residebat
1956 4580 2132 4629 tumor

417 4676 566 4716 meus
611 4678 678 4716 ea-
720 4663 929 4716 occulta
981 4677 1153 4716 manu
1192 4661 1472 4717 medicinae
1503 4667 1624 4730 tuae,
1653 4665 1896 4731 aciesque
1921 4669 2132 4718 contur-

421 4751 550 4804 bata
596 4757 648 4805 et
691 4751 1069 4806 contenebrata
1124 4754 1319 4805 mentis
1361 4767 1506 4818 meae,
1557 4754 1676 4806 acri
1715 4752 1936 4820 collyrio
1981 4754 2130 4807 salu-

420 4838 596 4894 brium
627 4840 873 4894 dolorum
913 4840 978 4894 de
1010 4840 1103 4895 die
1132 4843 1191 4895 in
1223 4841 1361 4896 diem
1391 4839 1895 4911 sanabatur(1bid.,
1926 4857 2047 4910 cap.
2076 4844 2128 4904 8,

423 4945 482 4982 n.
523 4930 630 4998 12).

492 5020 547 5072 6.
604 5016 691 5072 Ad
746 5017 803 5072 id
860 5019 1175 5089 plurimum
1223 5018 1334 5089 ipsi
1383 5019 1622 5074 subsidii
1679 5020 1919 5074 contulit
1966 5019 2132 5075 lectio

415 5106 802 5176 quorumdam
854 5107 1141 5161 librorum
1204 5107 1453 5161 Platonis
1501 5112 1558 5162 et
1603 5109 1725 5178 ejus
1766 5113 2128 5174 sectatorum,

413 5195 514 5266 qui
547 5213 580 5249 a
609 5195 902 5250 Victorino
931 5196 1091 5250 urbis
1133 5197 1328 5251 Romae
1359 5197 1588 5250 rhetore
1618 5197 1930 5252 clarissimo
1960 5199 2133 5252 latine

420 5285 659 5348 redditi,
682 5300 786 5354 per
815 5286 1124 5356 quemdam
1155 5285 1447 5340 hominem
1471 5290 1678 5357 praster
1710 5287 1946 5342 modum
1984 5305 2134 5342 arro-

417 5380 649 5445 gantem
663 5376 966 5437 etelatum,
991 5374 1052 5428 in
1072 5376 1196 5444 ejus
1217 5391 1424 5429 manus
1440 5380 1716 5430 venerunt
1730 5376 1896 5446 (Ibid.
1909 5420 1922 5446 ,
1938 5393 2058 5446 cap.
2074 5381 2128 5446 9,

422 5480 478 5518 n.
527 5467 629 5530 13).
669 5465 814 5519 Nam
862 5480 996 5518 cum
1051 5464 1249 5518 caeteri
1290 5463 1641 5536 philosophi,
1673 5465 1772 5536 qui
1803 5466 1934 5519 solis
1963 5467 2132 5521 rebus

428 5553 718 5623 corporeis
774 5554 1123 5608 inliterentes
1199 5569 1313 5607 non
1372 5553 1542 5608 altius
1592 5558 1914 5625 assurgunt,
1978 5555 2134 5610 falla-

2227 401 2444 456 ciarum
2477 407 2533 455 et
2560 402 2964 473 deceptionum
3010 402 3168 473 pleni
3213 403 3355 469 sint;
3401 403 3677 458 Platonici
3713 405 3934 458 cunctis

2229 490 2346 544 suis
2374 491 2904 546 ratiocinationibus
2935 497 3190 546 mentem
3229 493 3298 547 ad
3315 490 3712 563 cognitionem
3746 493 3850 548 Dei
3879 500 3934 548 et

2229 579 2396 634 Verbi
2426 580 2548 650 ejus
2576 579 2776 634 aeterni
2803 585 3084 634 conantur
3111 579 3372 636 evehere.
3408 581 3613 651 Reipsa
3641 582 3700 636 in
3732 599 3933 637 eorum

2225 667 2388 722 libris
2430 668 2666 739 reperit,
2701 684 2821 723 non
2863 669 3065 722 iisdem
3114 669 3348 740 quidem
3398 670 3606 735 verbis,
3648 671 3932 743 quidquid

2225 757 2473 810 Joannes
2503 757 2623 827 ipse
2651 757 2938 827 Evangelii
2967 757 3055 810 sui
3084 757 3321 811 exordio
3351 758 3420 812 de
3444 758 3614 813 Verbi
3644 759 3852 830 gloria,
3879 765 3936 813 et

2227 844 2378 914 quod
2423 845 2630 898 Paulus
2669 844 2738 899 de
2776 845 3032 915 ejusdem
3073 845 3397 915 mqualitate
3439 862 3568 900 cum
3609 848 3792 912 Patre,
3827 847 3935 901 do-

2226 937 2373 987 cent.
2424 932 2643 987 Ibidem
2686 933 2901 1004 reperit
2949 933 3154 988 Filium
3203 935 3355 988 Patri
3403 951 3506 989 suo
3551 951 3672 989 esse
3702 941 3938 989 coaeter-

2226 1037 2387 1088 num,
2420 1027 2551 1076 ante
2584 1023 2779 1076 omnia
2807 1026 2864 1076 et
2893 1039 3064 1093 supra
3095 1022 3291 1077 omnia
3319 1028 3580 1093 tempora
3609 1025 3933 1078 incommu-

2226 1109 2480 1164 tabiliter
2509 1126 2885 1181 permanere:
2911 1110 3132 1165 animas
3153 1111 3222 1166 de
3251 1112 3612 1182 plenitudine
3643 1113 3768 1183 ejus
3794 1113 3937 1167 acci-

2226 1213 2382 1266 pere,
2420 1202 2483 1251 ut
2510 1199 2690 1252 beatas
2730 1198 2862 1265 sint,
2904 1202 2960 1252 et
2992 1198 3432 1269 participatione
3475 1202 3757 1255 manentis
3785 1201 3846 1254 in
3878 1217 3935 1254 se

2227 1286 2531 1356 Sapientiae
2562 1287 2846 1354 renovari,
2869 1293 2935 1341 ut
2964 1288 3080 1342 sint
3108 1289 3413 1360 sapientes.
3440 1291 3570 1344 Inde
3597 1291 3934 1356 admonitus,

2229 1374 2438 1445 inquit,
2469 1375 2651 1430 redire
2679 1377 2754 1429 ad
2792 1379 3184 1446 memetipsum,
3222 1379 3433 1432 intravi
3473 1381 3532 1433 in
3570 1381 3766 1433 intima
3797 1395 3934 1446 mea,

2223 1465 2360 1518 duce
2390 1470 2470 1532 te;
2513 1470 2561 1518 et
2595 1467 2769 1534 potui,
2808 1468 3064 1534 quoniam
3091 1468 3274 1533 factus
3302 1482 3354 1520 es
3381 1467 3601 1537 adjutor
3627 1482 3804 1522 meus.
3843 1469 3934 1521 In-

2229 1555 2395 1619 trari,
2446 1564 2494 1606 et
2538 1553 2656 1606 ridi
2697 1555 3078 1623 qualicumque
3129 1556 3276 1608 oculo
3321 1558 3516 1609 animae
3570 1569 3716 1617 meae,
3763 1571 3936 1625 supra

2228 1643 2468 1696 eumdem
2497 1643 2708 1696 oculum
2737 1645 2930 1697 anima
2958 1659 3104 1706 meae,
3145 1659 3312 1712 supra
3350 1649 3576 1698 mentem
3613 1660 3810 1710 meam,
3850 1645 3934 1698 lu-

2229 1747 2335 1785 cem
2393 1733 2909 1798 incommutabilem;
2956 1748 3061 1786 non
3104 1733 3241 1786 hanc
3292 1735 3568 1802 vulgarem
3623 1739 3674 1787 et
3717 1738 3935 1804 conspi-

2228 1835 2384 1874 cuam
2414 1823 2560 1874 omni
2586 1823 2758 1887 carni,
2785 1836 2878 1875 nec
2918 1824 3081 1890 quasi
3114 1838 3182 1876 ea:
3211 1823 3390 1876 eodem
3419 1838 3624 1890 genere.
3659 1823 3940 1878 Grandior

2229 1914 2366 1974 erat,
2395 1914 2654 1980 tanquam
2676 1912 2727 1965 si
2743 1911 2851 1964 ista
2874 1912 3041 1966 multo
3061 1913 3340 1980 multoque
3367 1913 3570 1966 clarius
3599 1912 3934 1972 claresceret.

2231 2004 2504 2068 totumque
2532 2005 2810 2069 occuparet
2845 2000 3242 2066 magnitudine.
3276 2003 3395 2057 Non
3423 2002 3518 2054 hoc
3548 2001 3647 2054 illa
3675 2005 3814 2069 erat,
3843 2001 3939 2054 sed

2231 2087 2403 2148 aliud,
2431 2088 2586 2142 aliud
2613 2089 2770 2142 valde
2799 2089 2867 2141 ab
2905 2092 3026 2144 istis
3065 2089 3330 2143 omnibus.
3364 2091 3470 2145 Nec
3506 2091 3585 2143 ita
3619 2095 3734 2144 erat
3761 2105 3940 2158 supra

2228 2183 2454 2232 mentem
2483 2193 2674 2243 meam,
2705 2179 2844 2232 sicut
2885 2179 3054 2232 oleum
3083 2193 3244 2247 super
3273 2194 3495 2247 aquam,
3525 2194 3619 2232 nec
3649 2179 3792 2233 sicut
3829 2194 3939 2232 cce.-

2233 2267 2342 2321 lum
2369 2281 2533 2335 super
2564 2270 2792 2333 terram;
2824 2267 2918 2321 sed
2946 2269 3212 2337 superior,
3253 2270 3384 2337 quia
3426 2270 3549 2337 ipsa
3583 2269 3714 2334 fecit
3742 2284 3856 2333 me;
3889 2274 3938 2321 et

2231 2370 2324 2422 ego
2349 2357 2598 2422 inferior,
2635 2358 2768 2424 quia
2792 2358 2972 2423 factus
2994 2372 3112 2411 sum
3137 2356 3205 2410 ab
3235 2372 3316 2410 ea.
3350 2356 3454 2422 Qui
3477 2358 3626 2411 novit
3654 2358 3937 2410 veritatem

2231 2448 2378 2496 novit
2404 2459 2556 2497 eam:
2585 2449 2635 2497 et
2661 2446 2757 2512 qui
2776 2447 2926 2498 novit
2954 2461 3091 2508 eam,
3117 2447 3266 2499 novit
3284 2447 3655 2500 aeternitatem.
3679 2446 3939 2501 Charitas

2232 2534 2382 2586 novit
2409 2548 2525 2586 eam
2555 2532 2736 2600 (Ibid.,
2773 2549 2892 2603 cap.
2936 2537 3020 2603 10,
3053 2550 3108 2588 η.
3155 2537 3257 2600 16).
3293 2536 3492 2588 Postea
3535 2535 3657 2588 fuse
3685 2550 3749 2587 ac
3776 2533 3940 2586 miri-

2234 2620 2338 2675 ﬁce
2377 2620 2663 2687 describit,
2707 2637 2820 2692 quo
2861 2627 3023 2692 pacto
3071 2623 3142 2677 ad
3183 2623 3624 2693 cognoscendam
3657 2627 3939 2676 aeternam

2232 2707 2550 2775 veritatem,
2581 2713 2971 2764 creaturarum
2988 2711 3372 2766 conditionem
3396 2728 3460 2765 ac
3486 2715 3718 2780 statum,
3739 2727 3938 2764 veram

2234 2813 2463 2868 quoque
2495 2797 2629 2851 mali
2657 2798 2961 2869 originem,
2983 2799 3253 2854 divinitus
3273 2800 3444 2855 fuerit
3464 2800 3796 2854 illustratus.
3827 2801 3941 2852 Nec

2231 2903 2364 2942 vero
2394 2887 2454 2941 in
2485 2888 2617 2942 solis
2645 2889 3068 2944 Platonicorum
3100 2890 3259 2945 libris
3288 2890 3525 2961 reperit,
3558 2906 3687 2944 cum
3719 2889 3788 2943 de
3822 2889 3941 2942 Deo

2235 2981 2291 3030 et
2323 2977 2393 3031 de
2434 2977 2626 3031 anima
2659 2978 3025 3049 cogitaretur,
3064 2979 3212 3045 nihil
3246 2979 3482 3033 omnino
3521 2977 3776 3048 corporis
3815 2993 3940 3032 esse

2234 3065 2602 3136 cogitandum
2636 3083 2648 3120 :
2691 3067 2750 3121 id
2788 3067 2978 3138 ipsum
3014 3068 3211 3122 didicit
3248 3083 3314 3122 ex
3355 3067 3715 3122 sermonibus
3751 3083 3940 3120 sacer-

2235 3154 2383 3208 dotis
2420 3155 2729 3224 Ambrosii,
2771 3160 2829 3210 et
2866 3156 3040 3210 Mallii
3079 3157 3379 3220 Theodori,
3421 3156 3527 3209 viri
3566 3172 3685 3210 non
3723 3154 3941 3210 eruditi

2235 3242 2428 3311 modo,
2480 3243 2575 3297 sed
2625 3244 2801 3297 etiam
2850 3244 3125 3313 religione
3173 3243 3490 3298 christiani.
3539 3244 3639 3297 llic
3682 3243 3807 3313 ipse
3857 3247 3943 3297 est.

2235 3330 2390 3385 haud
2419 3330 2613 3397 dubie,
2646 3332 2745 3403 qui
2776 3333 3135 3387 consulatum
3163 3332 3337 3403 gessit
3356 3348 3506 3386 anno
3538 3333 3941 3387 trecentesimo

2236 3419 2611 3491 nonagesimo
2652 3437 2825 3475 nono.
2869 3421 2974 3476 Ubi
3012 3421 3136 3476 fuse
3176 3420 3374 3475 retulit
3410 3420 3784 3490 Augustinus,
3825 3438 3940 3492 qua

2233 3507 2456 3562 ratione
2480 3525 2584 3578 per
2614 3509 3036 3564 Platonicorum
3067 3511 3242 3565 libros
3273 3527 3306 3564 a
3338 3511 3451 3564 Deo
3482 3509 3651 3563 fuerit
3681 3509 3937 3575 edoctus,

2234 3597 2360 3651 haec
2389 3597 2687 3668 subjungit
2711 3615 2723 3652 :
2747 3599 2998 3654 Mirabar
3025 3601 3170 3669 quod
3190 3602 3309 3669 jam
3342 3605 3389 3654 te
3409 3600 3681 3664 amabam,
3702 3614 3811 3652 non
3835 3615 3941 3668 pro

2236 3691 2285 3739 te
2315 3685 2662 3754 phantasma.
2687 3690 2758 3742 Et
2777 3703 2881 3741 non
2910 3688 3123 3742 stabam
3145 3691 3266 3755 frui
3295 3691 3399 3742 Deo
3419 3703 3552 3752 meo,
3571 3686 3664 3740 sed
3679 3686 3942 3754 rapiebar

2235 3773 2310 3828 ad
2339 3779 2387 3827 te
2416 3774 2600 3830 decore
2629 3781 2741 3844 tuo,
2767 3792 2997 3844 mowque
3025 3776 3332 3846 deripiebar
3354 3777 3448 3830 abs
3482 3782 3530 3830 te
3546 3775 3779 3845 pondere
3802 3790 3937 3837 meo,

2235 3869 2283 3918 et
2311 3863 2531 3918 rucbam
2560 3867 2619 3918 in
2647 3867 2757 3919 ista
2777 3880 2896 3918 cum
2921 3867 3155 3932 gemitu:
3181 3870 3230 3919 et
3249 3865 3458 3935 pondus
3481 3865 3593 3925 hoc,
3618 3864 3941 3918 consuetudo

2236 3956 2493 4011 carnalis.
2527 3954 2634 4009 Sed
2663 3970 2864 4009 mecum
2893 3959 3008 4008 erat
3034 3957 3287 4008 memoria
3318 3957 3420 4022 tui,
3445 3969 3615 4021 neque
3643 3955 3750 4008 ullo
3785 3955 3940 4010 modo

2236 4045 2558 4099 dubitabam
2587 4059 2698 4098 esse
2725 4045 2812 4098 cui
2837 4045 3179 4110 cohwrerem;
3212 4043 3305 4097 sed
3333 4043 3570 4097 nondum
3595 4058 3704 4097 esse
3735 4060 3817 4098 me
3846 4046 3942 4112 qui

2235 4134 2552 4188 cohaererem
2593 4133 2780 4201 (Ibid,
2831 4148 2957 4202 cap.
3020 4136 3104 4198 l7,
3148 4148 3206 4187 π.
3245 4132 3358 4202 23).
3407 4131 3708 4196 Quaerebat
3744 4133 3940 4204 itaque

2237 4221 2412 4288 viam,
2437 4237 2552 4292 qua
2580 4221 2856 4275 idoneum
2878 4221 2944 4275 ad
2974 4221 3280 4275 fruendum
3302 4221 3416 4274 Deo
3446 4219 3623 4274 robur
3651 4219 3757 4272 sibi
3787 4235 3942 4274 com-

2237 4314 2485 4381 pararet,
2527 4325 2632 4363 nec
2673 4309 2999 4364 inveniebat
3039 4309 3149 4364 nisi
3190 4310 3250 4364 in
3290 4309 3615 4380 cognitione
3657 4313 3711 4364 et
3741 4325 3939 4364 amore

2239 4398 2567 4453 Mediatoris
2609 4399 2710 4452 Dei
2751 4403 2807 4453 et
2847 4399 3148 4454 hominum
3186 4401 3319 4454 Jesu
3362 4398 3570 4453 Christi
3611 4397 3710 4452 Dei
3749 4401 3806 4452 et
3843 4398 3940 4452 ho~

2239 4487 2432 4542 minis.
2471 4489 2673 4542 Verum
2707 4504 2890 4559 neque
2925 4489 3118 4543 Jesum
3155 4489 3440 4544 Christum
3481 4487 3709 4542 tenebat
3743 4487 3937 4541 humi-

2238 4578 2375 4642 lem,
2409 4577 2509 4648 qui
2546 4576 2782 4631 humilis
2811 4593 2928 4631 non
2953 4583 3100 4644 erat;
3141 4594 3326 4648 neque
3360 4579 3520 4646 cujus
3551 4575 3638 4630 rei
3669 4577 3940 4647 magistra

2239 4670 2388 4737 esset
2417 4665 2540 4736 ejus
2569 4665 2893 4733 inﬁrmitas,
2929 4671 3182 4721 noverat.
3222 4668 3606 4734 Praeterquam
3642 4664 3792 4734 quod
3823 4681 3937 4719 non

2241 4754 2396 4809 aliud
2427 4755 2495 4810 de
2527 4755 2771 4810 Domino
2805 4757 3025 4812 Christo
3051 4754 3349 4820 sentiebat,
3381 4752 3491 4806 nisi
3521 4769 3651 4806 eum
3684 4769 3805 4807 esse
3834 4754 3936 4808 ho-

2241 4843 2458 4898 minem
2498 4844 2718 4898 caateris
2749 4844 3015 4912 similem,
3047 4860 3110 4898 ex
3150 4857 3411 4912 corpore,
3443 4841 3632 4896 anima
3662 4846 3719 4896 et
3750 4848 3939 4897 mente

2239 4932 2509 4987 rationali
2537 4938 2913 4996 constantem,
2937 4932 3245 4986 excellente
3277 4931 3636 4984 solummodo
3663 4931 3940 5001 sapientia

2241 5022 2577 5093 praeditum,
2609 5022 2701 5076 cui
2732 5022 2920 5075 nullus
2950 5019 3127 5092 possit
3156 5019 3403 5091 aequari;
3436 5036 3608 5090 quem
3641 5020 3788 5073 Deus
3818 5020 3938 5073 sin-

2239 5111 2428 5180 gulari
2474 5127 2610 5180 erga
2661 5126 2764 5163 nos
2803 5108 3161 5180 providentia
3207 5125 3273 5162 ex
3328 5108 3557 5180 Virgine
3603 5107 3943 5162 mirabiliter

2239 5201 2415 5266 nasci,
2449 5216 2848 5271 summamque
2887 5200 2947 5254 in
2986 5199 3277 5255 universos
3307 5200 3698 5255 auctoritatem
3729 5205 3787 5253 et
3813 5215 3938 5254 ma-

2241 5289 2541 5360 gisterium
2576 5289 2836 5343 obtinere
2863 5289 3144 5360 voluerat,
3174 5295 3238 5344 ut
3269 5291 3392 5360 ejus
3416 5289 3695 5360 exemplo,
3727 5289 3798 5343 ad
3827 5289 3938 5344 im-

2240 5377 2652 5432 mortalitatem
2698 5376 3146 5449 adipiscendam,
3198 5379 3536 5450 temporalia
3574 5381 3938 5432 contemnere

2240 5466 2606 5521 disceremus.
2643 5467 2790 5531 Quid
2824 5472 3016 5523 autem
3046 5469 3384 5523 sacramenti
3420 5468 3622 5522 lateret
3649 5466 3754 5521 sub
3788 5466 3937 5520 hisce

2242 5555 2452 5621 verbis,
2501 5556 2731 5612 Verbum
2773 5573 2896 5612 caro
2935 5560 3144 5625 factum
3182 5563 3258 5612 est
3296 5561 3466 5623 (Joan.
3518 5575 3556 5627 ι,
3604 5557 3708 5626 14).
3750 5571 3821 5634 ne
3864 5555 3937 5615 le-
