4020 6384
120 357 205 410 105
1522 347 1735 405 LIBER
1775 346 2161 407 SECUNDUS.

115 477 241 531 viter
281 469 510 543 quidem
552 467 826 540 suspicari
872 472 1097 540 poterat
1146 485 1159 523 :
1209 485 1313 523 nec
1351 468 1460 524 nisi
1489 468 1782 541 aliquanto

112 559 369 637 posterius
395 558 614 628 didicit,
656 574 771 630 qua
797 557 1021 614 ratione
1051 575 1223 629 super
1256 559 1359 613 hoc
1390 558 1660 630 mysterio
1690 576 1782 614 ca-

114 652 299 708 tholica
337 647 543 703 veritas
588 647 661 702 ab
702 663 894 704 errore
940 647 1171 703 Photini
1211 648 1569 720 discreparet.
1602 649 1667 703 In
1713 648 1783 703 li-

112 740 212 797 bris
237 737 461 811 quidem
491 737 916 792 Platonicorum
955 737 1311 809 majestatem
1343 742 1402 792 et
1430 735 1784 792 divinitatem

112 826 259 884 Verbi
286 829 572 897 repererat
602 842 618 880 :
648 826 745 880 sed
776 825 922 880 nihil
951 826 1021 881 de
1052 826 1207 881 illius
1237 826 1619 898 depressione,
1641 826 1785 881 nihil

114 917 175 973 de
214 914 617 982 incarnatione,
659 913 805 970 nihil
834 914 904 971 de
936 915 1191 987 ejusdem
1220 919 1405 971 morte
1431 920 1488 971 et
1515 931 1677 971 cruce
1708 915 1786 970 1e-

115 1007 275 1076 gerat.

174 1097 223 1148 7.
268 1092 386 1157 Quo
414 1090 543 1163 plus
571 1092 765 1146 autem
796 1106 987 1162 operas
1020 1107 1084 1146 ac
1113 1090 1324 1147 laboris
1360 1096 1786 1164 consumpserat

113 1180 438 1252 Augustinus
472 1178 535 1233 in
579 1179 973 1251 investiganda
1018 1180 1272 1245 veritate,
1317 1196 1384 1235 eo
1413 1180 1784 1252 postmodum

113 1268 359 1327 teneriori
387 1268 902 1324 commiserationis
931 1285 1100 1324 sensu
1130 1269 1483 1325 afﬁciebatur
1503 1287 1636 1342 erga
1665 1287 1778 1335 eos,

114 1359 300 1432 quibus
320 1356 378 1413 id
405 1357 669 1413 beneﬁcii
693 1359 838 1412 Deus
865 1358 1120 1414 nondum
1152 1360 1488 1429 contulerat.
1514 1360 1602 1415 Sic
1631 1359 1784 1414 enim

112 1446 427 1504 Manichteos
456 1447 760 1519 compellat
791 1462 804 1501 :
838 1448 929 1502 Illi
951 1449 1010 1502 in
1029 1463 1121 1503 vos
1149 1451 1395 1516 saeviant,
1424 1450 1522 1517 qui
1542 1451 1786 1503 nesciunt

110 1554 213 1592 cum
246 1552 345 1608 quo
374 1536 555 1591 labore
583 1552 769 1591 verum
795 1538 1129 1607 inveniatur,
1157 1541 1208 1593 et
1235 1553 1400 1607 quam
1437 1537 1665 1608 difﬁcile
1693 1545 1784 1593 ca:

108 1629 313 1681 veantur
347 1641 571 1682 errores.
616 1627 707 1681 Illi
733 1628 793 1681 in
818 1641 907 1682 vos
935 1628 1180 1694 saeviant,
1222 1629 1319 1697 qui
1349 1628 1593 1682 nesciunt
1622 1643 1785 1697 quam

107 1731 276 1770 rarum
304 1719 353 1769 et
396 1715 632 1770 arduum
669 1717 742 1770 sit
768 1716 1016 1770 carnalia
1038 1715 1431 1786 phantasmata
1454 1718 1565 1785 pice
1591 1718 1783 1771 mentis

108 1807 366 1859 serenitate
383 1819 659 1875 superare.
683 1806 775 1860 Illi
800 1806 859 1859 in
886 1820 978 1860 vos
1006 1806 1251 1871 smiant,
1285 1807 1382 1874 qui
1406 1807 1649 1860 nesciunt
1666 1820 1786 1860 cum

110 1899 296 1963 quanta
330 1893 657 1963 difﬁcultate
680 1898 902 1949 sanetur
937 1894 1118 1949 oculus
1147 1895 1422 1948 interioris
1451 1894 1701 1960 hominis,
1724 1898 1786 1948 ut

104 1985 260 2052 possit
294 1984 497 2037 intueri
529 1984 690 2037 solem
725 1997 901 2038 suum.
941 1983 1032 2037 Illi
1068 1985 1127 2037 in
1162 1998 1253 2037 vos
1280 1985 1527 2048 saeviant,
1570 1985 1667 2053 qui
1690 1998 1783 2036 ne-

107 2075 265 2127 sciunt
288 2071 482 2141 quibus
510 2074 762 2141 suspiriis
784 2076 834 2126 et
851 2072 1136 2139 gemitibus
1163 2074 1283 2142 ﬁat,
1312 2076 1373 2126 ut
1400 2088 1467 2126 ea:
1497 2073 1790 2141 quantula-

109 2176 310 2230 cumque
334 2165 493 2230 parte
513 2159 691 2231 possit
728 2162 961 2228 intelligi
986 2164 1144 2215 Deus.
1177 2163 1467 2223 Postremo,
1497 2162 1582 2215 illi
1606 2163 1665 2215 in
1692 2175 1784 2215 vos

108 2252 332 2317 saeviant,
362 2251 464 2319 qui
487 2265 765 2319 nunquam
793 2250 895 2304 tali
922 2265 1101 2305 errore
1119 2249 1326 2318 decepti
1339 2252 1484 2317 sunt,
1516 2250 1671 2318 quali
1692 2264 1784 2303 vos

108 2340 328 2405 deceptos
362 2340 565 2395 vident.
599 2343 711 2408 Ego
736 2344 913 2394 autem
942 2342 1040 2410 qui
1066 2340 1164 2394 diu
1188 2341 1520 2408 multumque
1540 2340 1785 2409 jactatus

109 2428 305 2483 tandem
330 2431 593 2498 respicere
606 2432 785 2498 potui,
814 2429 950 2497 quid
976 2433 1047 2484 sit
1066 2430 1165 2483 illa
1192 2431 1492 2497 sinceritas,
1525 2444 1644 2498 quae
1671 2431 1786 2485 sine

109 2520 271 2571 inanis
287 2518 492 2584 fabula:
509 2520 825 2573 narratione
839 2520 1169 2587 percipitur;
1199 2519 1296 2587 qui
1320 2532 1492 2572 vanas
1520 2519 1786 2587 imagina-

109 2609 257 2662 tiones
271 2607 449 2663 animi
466 2609 572 2661 mei
587 2609 760 2661 variis
781 2606 1125 2676 opinionibus
1144 2622 1289 2661 error
1298 2606 1524 2677 ibusque
1542 2607 1785 2661 collectas

106 2697 190 2749 vim
224 2698 381 2750 miser
407 2697 585 2750 merui
615 2697 838 2750 Domino
880 2696 1180 2765 opitulante
1216 2697 1548 2761 convincere;
1581 2697 1679 2765 qui
1704 2710 1787 2748 me

106 2783 173 2836 ad
197 2783 570 2852 detergendum
597 2784 884 2853 caliginem
912 2785 1104 2838 mentis
1132 2788 1243 2838 tam
1273 2783 1427 2837 tarde
1446 2782 1787 2838 clementissi-

103 2888 178 2927 mo
204 2873 400 2928 medico
430 2876 648 2928 vocanti
667 2872 1073 2943 blandientique
1089 2874 1185 2927 sub
1184 2870 1321 2942 jeci;
1344 2874 1441 2941 qui
1464 2871 1560 2926 diu
1576 2874 1700 2941 ﬂevi
1725 2876 1786 2925 ut

104 2962 538 3018 incommutabilis
568 2967 619 3017 et
655 2962 1072 3016 immaculabilis
1101 2961 1426 3023 substantia,
1460 2962 1784 3015 concinenti-

106 3050 191 3105 bus
230 3051 430 3106 divinis
469 3050 650 3106 Libris
678 3065 793 3105 sese
826 3049 970 3105 mihi
992 3035 1322 3119 persuadere
1347 3051 1669 3104 intrinsecus
1698 3049 1787 3103 di-

104 3144 374 3208 gnaretur;
402 3141 504 3210 qui
527 3138 755 3208 denique
783 3140 964 3193 omnia
983 3138 1081 3193 illa
1098 3141 1372 3208 ﬁgmenta,
1395 3154 1513 3208 qua:
1540 3153 1631 3194 vos
1660 3138 1784 3193 diu-

106 3232 253 3283 turna
282 3228 665 3284 consuetudine
704 3229 1008 3297 implicatos
1058 3231 1109 3282 et
1149 3230 1459 3282 constrictos
1500 3231 1697 3293 tenent,
1737 3232 1789 3282 et

106 3320 315 3385 quaesivi
359 3319 587 3383 curiose,
619 3321 669 3371 et
698 3320 897 3371 attente
921 3316 1130 3383 audivi,
1180 3321 1229 3371 et
1260 3321 1450 3371 temere
1478 3317 1707 3383 credidi,
1738 3321 1788 3370 et

105 3390 353 3461 instanter
378 3408 577 3476 quibus
594 3408 751 3474 potui
770 3407 1043 3475 persuasi,
1073 3410 1123 3459 et
1152 3405 1411 3461 adversus
1448 3406 1584 3460 alios
1610 3407 1789 3475 perti-

103 3498 297 3549 naciter
332 3498 678 3564 animoseque
714 3494 953 3562 defendi,
996 3496 1182 3550 saevire
1219 3497 1278 3549 in
1312 3510 1406 3550 vos
1443 3496 1655 3549 omnino
1683 3510 1787 3547 non

100 3598 323 3652 possum,
355 3599 490 3654 quos
531 3585 670 3637 sicut
697 3597 779 3636 me
806 3584 983 3651 ipsum
1013 3583 1106 3637 illo
1137 3586 1385 3653 tempore,
1416 3585 1496 3637 ita
1525 3598 1664 3637 nunc
1695 3583 1786 3637 de-

105 3673 184 3727 beo
207 3675 491 3740 sustinere,
522 3677 573 3726 et
602 3676 755 3727 tanta
773 3674 1046 3742 patientia
1072 3672 1344 3727 vobiscum
1373 3688 1551 3741 agere,
1582 3677 1789 3741 quanta

102 3777 287 3817 mecum
334 3766 559 3831 egerunt
599 3763 842 3831 prem-imi
886 3763 1010 3827 mei,
1053 3777 1173 3816 cum
1218 3764 1277 3817 in
1316 3766 1492 3817 vestro
1543 3762 1789 3828 dogmate

100 3852 333 3907 rabiosus
381 3857 434 3907 et
478 3865 643 3907 caecus
684 3866 921 3906 errarem
977 3851 1194 3923 (Contra
1240 3854 1420 3922 Epist.
1478 3850 1785 3917 Manichzi,

100 3956 183 3995 nn.
213 3944 265 4008 2,
293 3944 367 4007 3).

766 4064 988 4119 CAPUT
1027 4063 1117 4119 IV.

106 4174 122 4225 1
162 4172 245 4229 Sic
270 4174 560 4229 veritatem
588 4173 922 4225 consectatur
954 4170 1312 4236 Augustinus,
1352 4172 1413 4221 ut
1440 4168 1790 4225 nihilominus

165 4265 388 4317 terrenis
428 4261 609 4315 adhuc
638 4260 826 4314 inhiet.
859 4261 891 4312 2
920 4260 1005 4312 Ea:
1030 4257 1272 4312 mendico
1294 4258 1510 4326 jocante
1534 4262 1584 4312 et
1609 4259 1791 4313 la’tan-

165 4356 229 4418 te,
271 4354 553 4407 miseriam
594 4349 999 4402 ambitiosorum
1042 4347 1317 4414 intelligit.
1371 4349 1401 4401 3
1439 4348 1503 4401 In
1549 4347 1790 4415 eligendo

163 4442 283 4494 vita
328 4454 524 4508 genere
563 4439 810 4505 ﬂuctuat.
860 4437 893 4489 4
940 4435 1244 4491 Concubina
1274 4434 1343 4489 ab
1375 4450 1449 4501 se,
1480 4439 1541 4489 ut
1568 4451 1790 4491 umorem

163 4528 345 4596 ducat,
392 4528 642 4592 dimissa,
691 4526 859 4579 aliam
896 4526 1144 4579 assumit.
1184 4527 1214 4577 5
1246 4526 1319 4578 De
1341 4526 1466 4578 vitae
1492 4527 1791 4579 communi-

164 4622 270 4673 tate
300 4616 546 4672 ineunda
574 4615 857 4670 consilium
886 4615 1101 4681 frustra
1143 4628 1261 4667 cum
1300 4615 1492 4668 amicis
1523 4614 1787 4669 habitum.

162 4709 193 4761 6
238 4706 376 4775 Ejus
435 4720 668 4759 amorem
717 4718 847 4770 erga
891 4704 1213 4773 sapientiam
1258 4707 1455 4769 augent
1503 4703 1788 4758 Platonici.

161 4797 191 4846 7
222 4794 530 4849 Plurimum
553 4792 767 4862 proﬁcit
794 4806 862 4846 ea:
888 4790 1141 4860 Apostoli
1169 4790 1407 4846 lectione.

166 4921 211 4973 1.
249 4917 375 4973 Non
397 4915 521 4971 sola
539 4913 820 4986 ignoratio
839 4912 957 4968 veri
986 4912 1244 4968 obstabat
1256 4911 1562 4984 quominus
1583 4912 1642 4967 in
1662 4912 1793 4985 phi-

103 5006 373 5078 losophice
428 5004 619 5059 sinum
653 5002 913 5058 celeriter
949 5001 1200 5057 evolaret
1224 5001 1579 5074 Augustinus
1610 5017 1623 5057 :
1656 5018 1791 5058 cun-

95 5095 233 5168 jugii
265 5096 458 5153 adhuc
495 5097 552 5149 et
593 5092 826 5148 honoris
854 5091 1118 5147 illecebra
1153 5089 1530 5146 detinebatur.
1569 5091 1793 5146 Utrum-

100 5201 202 5255 que
237 5201 374 5240 vero
402 5182 658 5256 primum
687 5180 958 5253 consequi
989 5195 1053 5234 ac
1081 5182 1203 5234 tum
1231 5178 1466 5233 demum
1493 5178 1627 5233 totis
1656 5180 1792 5235 velis

101 5273 479 5346 omnibusque
506 5271 679 5327 remis
700 5270 771 5325 ad
791 5270 944 5325 hunc
972 5283 1236 5323 securum
1265 5272 1497 5338 portum
1526 5283 1792 5340 propera-

101 5378 174 5425 re,
201 5363 397 5437 ibique
436 5359 839 5432 conquiescere
869 5351 1315 5430 peroptabat.'ln
1339 5356 1454 5411 haec
1484 5356 1792 5428 aliquando

100 5451 260 5507 verba
306 5449 668 5520 erumpebat,
713 5444 1021 5501 familiares
1062 5460 1193 5499 suos
1230 5445 1576 5516 compellans
1608 5461 1621 5498 :
1652 5445 1795 5511 Quid

104 5545 430 5608 cunctamur,
497 5539 689 5592 relicta
728 5549 822 5605 spe
861 5534 1060 5601 saeculi,
1108 5535 1348 5601 conferre
1391 5548 1488 5588 nos
1533 5538 1666 5589 totos
1720 5536 1795 5590 ad

104 5630 446 5698 querendum
474 5628 640 5683 Deum
668 5630 719 5681 et
740 5625 913 5679 vitam
942 5624 1199 5681 beatam?
1224 5621 1330 5679 Sed
1352 5625 1603 5691 exspecta
1634 5638 1648 5677 :
1691 5622 1792 5693 ju-

452 5725 727 5791 ΡΑτιιοι..
778 5720 1030 5789 XXXII.

3486 352 3589 407 l06

1893 489 2070 544 cunda
2112 490 2239 544 sunt
2262 488 2425 543 etiam
2454 488 2584 557 ista,
2623 486 2820 541 habent
2854 500 2960 541 non
2985 501 3219 557 parvam
3255 486 3595 545 dulcedinem

1892 592 2092 633 suam:
2120 593 2226 633 non
2250 578 2415 645 facile
2442 577 2510 631 ab
2548 577 2623 631 eis
2660 575 3011 647 praeidenda
3058 581 3138 632 est
3165 578 3420 645 intentio;
3460 580 3596 649 quia

1895 672 2050 737 turpe
2072 672 2151 723 est
2181 666 2255 721 ad
2272 683 2335 722 ea
2359 681 2578 722 rursum
2604 665 2801 721 redire.
2834 668 2967 721 Ecce
2982 665 3107 735 jam
3133 670 3397 735 quantum
3422 671 3519 734 est,
3534 670 3598 722 ut

1893 757 2209 826 impetretur
2222 757 2423 826 aliquis
2445 756 2653 811 honor?
2680 759 2731 810 et
2758 754 2895 825 quid
2921 755 3157 824 amplius
3186 756 3244 809 in
3276 754 3361 809 his
3390 754 3598 810 deside-

1891 846 2166 901 randum?
2212 846 2463 916 Suppetit
2499 846 2794 899 amicorum
2835 843 3104 913 majorum
3138 844 3292 913 copia
3320 861 3337 897 :
3368 846 3430 897 ut
3455 843 3599 899 nihil

1892 934 2067 1001 aliud,
2098 938 2150 989 et
2176 934 2404 989 multum
2439 934 2776 1002 festinemus,
2800 934 2884 987 vel
2906 932 3239 1003 praesidatus
3269 931 3398 986 dari
3419 936 3599 1002 potest

1892 1027 1943 1079 et
1969 1023 2214 1079 ducenda
2254 1038 2395 1078 umor
2431 1038 2551 1078 cum
2591 1023 2783 1093 aliqua
2816 1022 3067 1091 pecunia,
3098 1036 3164 1075 ne
3191 1024 3466 1091 sumptum
3491 1036 3595 1077 no-

1891 1117 2065 1168 strum
2093 1117 2310 1183 gravet;
2343 1116 2392 1167 et
2420 1113 2510 1167 ille
2528 1113 2633 1166 erit
2652 1110 2841 1166 modus
2863 1109 3209 1180 cupiditatis.
3237 1110 3399 1164 Multi
3412 1112 3601 1178 magni

1891 1203 2003 1256 viri
2026 1206 2075 1256 et
2104 1203 2402 1256 imitatione
2428 1201 2741 1269 dignissimi
2757 1200 3039 1269 sapientiae
3067 1198 3247 1254 studio
3274 1213 3395 1253 cum
3414 1200 3598 1269 conju-

1892 1291 2049 1358 gibus
2094 1290 2269 1345 dediti
2310 1292 2533 1358 fuerunt
2576 1289 2832 1360 (Confess.
2883 1288 2977 1343 lib.
3011 1290 3063 1353 6,
3113 1302 3233 1357 cap.
3272 1290 3356 1355 11,
3387 1303 3444 1343 n.
3481 1289 3593 1360 19).

1894 1378 2071 1434 Nimis
2101 1378 2255 1434 enim
2278 1395 2337 1433 se
2366 1378 2638 1433 miserum
2668 1378 2791 1432 fore
2819 1375 3225 1446 arbitrabatur,
3256 1375 3304 1430 si
3331 1375 3596 1432 ccelibem

1890 1469 2063 1523 vitam
2091 1468 2346 1523 duceret.
2395 1467 2537 1522 Hinc
2565 1466 2901 1539 episcopum
2944 1464 3331 1533 Ambrosium,
3376 1465 3476 1537 qui
3521 1465 3594 1521 ab

1889 1560 2029 1633 ipsis
2057 1560 2209 1616 orbis
2237 1559 2591 1633 principibus
2634 1559 2892 1630 impense
2922 1558 3221 1625 coleretur,
3253 1557 3476 1614 felicem
3505 1574 3594 1615 se-

1892 1650 2144 1706 cundum
2171 1650 2443 1705 saeculum
2470 1648 2772 1719 reputabat
2804 1664 2819 1704 :
2850 1663 3001 1702 unus
3029 1646 3184 1702 illius
3215 1647 3511 1703 caelibatus
3540 1645 3595 1702 ei

1892 1738 2212 1795 laboriosus
2254 1742 2309 1793 et
2342 1738 2614 1793 molestus
2642 1736 2966 1804 videbatur;
2999 1751 3131 1791 cum
3161 1735 3313 1807 quod
3345 1735 3442 1791 ille
3471 1736 3593 1807 spei

1894 1832 2136 1899 gereret,
2168 1828 2304 1899 quid
2352 1827 2621 1882 adversus
2648 1825 2831 1896 ipsius
2867 1824 3210 1880 excellentiae
3241 1827 3594 1880 tentamenta

1892 1916 2238 1983 luctaminis,
2289 1915 2496 1988 quidve
2543 1912 2835 1969 solaminis
2880 1912 2943 1967 in
2980 1911 3228 1968 adversis
3256 1912 3509 1980 haberet,
3538 1916 3596 1969 et

1894 2021 2069 2078 quam
2110 2003 2306 2076 sapida
2343 2006 2530 2058 essent
2572 2002 2695 2073 ejus
2741 2000 2972 2072 gaudia,
3022 2016 3096 2056 ne
3142 2000 3422 2072 conjicere
3470 2000 3600 2072 qui-

1894 2095 2026 2149 dem
2071 2096 2266 2164 posset
2290 2091 2490 2163 {(Ibid.,
2540 2105 2660 2160 cap.
2707 2092 2762 2158 3,
2801 2106 2858 2145 η.
2911 2089 2984 2161 3).
3029 2089 3354 2145 Honoribus
3396 2089 3593 2160 igitur,

1892 2181 2117 2254 opibus,
2147 2180 2414 2252 conjugio
2445 2179 2704 2235 inhiabat
2727 2178 2913 2251 (Ibid.,
2943 2194 3067 2249 cap.
3097 2181 3150 2246 6,
3179 2194 3233 2234 η.
3271 2182 3345 2247 9).
3385 2179 3597 2234 Verum

1896 2271 2043 2326 Deus
2072 2268 2224 2323 illius
2265 2272 2396 2323 vota
2433 2268 2729 2335 deludens,
2780 2266 2843 2321 in
2872 2267 2998 2338 ipso
3023 2266 3401 2338 cupiditatum
3431 2271 3594 2335 testu,

1893 2355 2261 2412 amarissimis
2298 2372 2433 2412 eum
2470 2353 2900 2411 difﬁcultatibus
2947 2355 3254 2423 cruciabat,
3285 2359 3445 2411 tanto
3473 2372 3595 2411 ma-

1894 2445 1981 2517 gis
2025 2445 2330 2517 propitius,
2379 2448 2593 2517 quanto
2632 2444 2824 2499 minus
2863 2443 2917 2499 ei
2946 2443 3163 2516 aliquid
3193 2448 3351 2501 extra
3380 2461 3439 2500 se
3468 2445 3599 2501 dul-

1894 2550 2114 2590 cescere
2136 2533 2378 2602 sinebat,
2399 2537 2464 2589 ut
2492 2533 2758 2590 omnibus
2782 2532 3124 2605 posthabitis
3152 2532 3226 2590 ad
3244 2532 3435 2606 ipsum
3459 2549 3595 2589 con-

1894 2626 2230 2678 verteretur.
2640 2696 2641 2699 η

1964 2714 2017 2767 2.
2050 2712 2221 2791 Notat
2250 2710 2391 2783 ipse,
2423 2727 2536 2783 qua
2572 2711 2704 2767 data
2730 2710 3023 2767 occasione
3055 2710 3344 2767 miseriam
3372 2712 3595 2784 perspi-

1894 2816 1997 2856 cue
2042 2817 2204 2855 suam
2241 2800 2605 2868 intellexerit,
2638 2816 2769 2856 cum
2798 2801 2868 2856 ad
2897 2800 3308 2873 panegyricum
3337 2816 3397 2857 se
3433 2817 3592 2856 com-

1892 2892 2138 2960 pararet,
2166 2889 2562 2944 Valentiniano
2589 2889 2809 2960 juniori
2836 2892 3093 2960 Augusto
3125 2889 3449 2944 dicendum.
3491 2890 3595 2945 Lo-

1895 2975 2091 3046 quitur
2107 2974 2241 3030 alibi
2264 2975 2333 3031 de
2352 2977 2646 3047 panegyri,
2680 2993 2853 3049 quam
2868 2994 2974 3048 pro
3004 2993 3107 3032 sua
3136 2977 3434 3032 rhetoricae
3457 2977 3596 3032 artis

1894 3062 2241 3133 professione
2285 3063 2346 3119 in
2392 3063 2858 3135 frequentissimo
2907 3080 3173 3119 consessu
3210 3064 3471 3121 kalendis
3505 3065 3593 3136 ja-

1895 3150 2113 3206 nuariis
2141 3151 2422 3206 habuerat
2450 3153 2617 3219 (Cont.
2645 3152 2781 3208 Litt.
2813 3153 2995 3220 Petil.,
3029 3152 3124 3209 lib.
3154 3156 3208 3221 3,
3238 3168 3294 3209 n.
3328 3153 3415 3225 30)
3449 3172 3465 3207 :
3498 3153 3596 3209 sed

1896 3255 1963 3294 ea
2017 3239 2199 3294 oratio
2233 3240 2577 3311 panegyrica
2605 3240 2845 3295 Bautoni
2875 3244 3000 3296 tum
3035 3241 3256 3296 consuli
3281 3257 3433 3297 anno
3478 3247 3595 3298 tre-

1895 3326 2206 3382 centesimo
2236 3328 2583 3399 octogesimo
2606 3327 2827 3400 quinto,
2855 3328 3004 3383 dicta
3024 3328 3148 3383 fuit.
3172 3330 3251 3384 De
3276 3328 3382 3385 hoc
3404 3334 3595 3386 autem

1894 3416 2260 3487 Imperatoris
2302 3417 2644 3488 panegyrico
2688 3417 2767 3473 sic
2812 3416 3068 3488 loquitur
3109 3434 3123 3473 :
3170 3419 3302 3475 Cum
3339 3433 3597 3487 pararem

1894 3508 2121 3560 recitare
2162 3508 2481 3574 Imperatori
2520 3506 2727 3573 laudes,
2768 3508 2963 3575 quibus
2998 3507 3163 3576 plura
3208 3510 3484 3575 mentirer,
3543 3511 3595 3563 et

1895 3596 2174 3649 mentienti
2200 3595 2480 3661 faveretur
2506 3595 2574 3649 ab
2594 3595 2903 3663 scientibus,
2926 3610 3122 3666 easque
3136 3610 3298 3651 curas
3319 3597 3597 3652 anhelaret

1896 3698 1986 3736 cor
2004 3698 2198 3744 meum,
2220 3688 2268 3737 et
2286 3685 2669 3752 cogitationum
2690 3682 3034 3754 tabiﬁcarum
3048 3685 3293 3752 febribus
3313 3689 3597 3753 aestuaret;

1897 3774 2167 3825 transiens
2193 3786 2294 3840 per
2323 3772 2607 3840 quemdam
2637 3774 2815 3827 vicum
2842 3774 3310 3841 Mediolanensem,
3343 3773 3597 3829 animad-

1895 3862 2035 3913 verti
2088 3875 2383 3928 pauperem
2420 3860 2741 3927 mendicum,
2780 3861 2902 3929 jam
2929 3862 3084 3915 credo
3116 3866 3383 3925 saturum,
3408 3863 3600 3931 jocan-

1897 3950 2001 4001 tem
2046 3950 2208 4017 atque
2245 3947 2510 4002 laetantem
2556 3966 2573 4001 :
2613 3952 2665 4003 et
2696 3949 2952 4015 ingemui,
2993 3953 3043 4004 et
3078 3950 3286 4004 locutus
3329 3964 3450 4005 sum
3478 3967 3599 4006 cum

1898 4037 2107 4103 amicis,
2134 4036 2229 4103 qui
2258 4050 2461 4089 mecum
2489 4039 2662 4104 erant,
2694 4036 2887 4091 multos
2915 4035 3120 4092 dolores
3142 4040 3483 4093 insaniarum
3499 4053 3597 4093 no-

1897 4128 2168 4188 strarum;
2208 4125 2337 4191 quia
2364 4123 2610 4179 omnibus
2641 4124 2842 4178 talibus
2872 4125 3149 4180 conatibus
3171 4128 3391 4193 nostris,
3423 4128 3599 4196 quali-

1900 4212 1996 4267 bus
2041 4217 2164 4266 tunc
2199 4212 2533 4281 laborabam,
2579 4213 2678 4267 sub
2711 4213 2946 4268 stimulis
2988 4213 3351 4283 cupiditatum
3381 4216 3599 4271 trahens

1897 4300 2249 4368 infelicitatis
2282 4316 2408 4355 meae
2428 4304 2724 4366 sarcinam,
2750 4306 2800 4356 et
2825 4301 3084 4357 trahendo
3099 4304 3601 4371 exaggeransmihil

1897 4391 2148 4446 vellemus
2177 4390 2333 4445 aliud
2360 4392 2469 4445 nisi
2498 4390 2574 4444 ad
2601 4406 2843 4446 securam
2873 4392 3121 4446 laetitiam
3143 4395 3446 4462 pervenire,
3495 4409 3599 4463 quo

1897 4494 1992 4534 nos
2016 4479 2289 4534 mendicus
2332 4480 2424 4533 ille
2456 4480 2579 4549 jam
2619 4481 3000 4549 praecessisset,
3045 4495 3324 4549 nunquam
3368 4482 3600 4549 fortasse

1898 4568 2029 4623 illuc
2075 4569 2357 4621 venturos!
2403 4567 2556 4633 Quod
2592 4570 2732 4622 enim
2750 4568 2871 4637 jam
2896 4569 2986 4623 ille
3011 4570 3258 4639 pauculis
3284 4573 3335 4625 et
3363 4571 3598 4626 emendi-

1899 4652 2035 4704 catis
2064 4651 2354 4705 nummulis
2383 4650 2612 4719 adeptus
2633 4655 2770 4717 erat,
2803 4650 2878 4705 ad
2906 4651 3001 4705 hoc
3029 4666 3123 4718 ego
3149 4655 3260 4707 tam
3287 4656 3601 4711 aerumnosis

1900 4739 2243 4805 anfractibus
2272 4743 2322 4793 et
2350 4740 2668 4795 circuitibus
2688 4738 3009 4803 ambiebam,
3036 4739 3111 4794 ad
3134 4740 3378 4797 laetitiam
3399 4742 3602 4798 scilicet

1901 4828 2211 4897 temporalis
2256 4828 2558 4893 felicitatis.
2590 4830 2711 4885 Non
2747 4830 2889 4882 enim
2924 4843 3108 4883 verum
3134 4829 3400 4897 gaudium
3443 4830 3603 4887 habe-

1902 4916 2012 4982 bat,
2036 4916 2131 4970 sed
2157 4920 2207 4970 et
2228 4930 2322 4983 ego
2343 4916 2455 4971 illis
2484 4916 2872 4972 ambitionibus
2893 4918 3061 4974 multo
3078 4919 3279 4987 falsius
3299 4920 3602 4989 quaerebam

1902 5003 2077 5075 (Conf.
2105 5003 2200 5058 lib.
2233 5006 2282 5069 6,
2312 5018 2433 5073 cap.
2458 5006 2511 5071 6,
2533 5020 2589 5059 n.
2608 5006 2689 5075 9).
2716 5006 2845 5061 Haec
2872 5010 2995 5062 erat
3022 5007 3428 5079 gemituum,in
3458 5024 3600 5076 quos

1900 5091 2023 5162 ipse
2050 5107 2180 5145 cum
2208 5090 2405 5147 amicis
2434 5094 2789 5166 erumpebat,
2821 5096 3049 5152 assidua
3068 5096 3362 5165 materies;
3394 5096 3465 5153 de
3487 5111 3602 5168 qua

1901 5184 1956 5235 et
1984 5179 2339 5252 frequentius
2384 5186 2557 5255 atque
2607 5184 2989 5241 conﬁdentius
3018 5202 3149 5241 cum
3178 5186 3380 5258 Alypio
3409 5188 3462 5240 et
3492 5185 3599 5238 Ne-

1899 5266 2085 5322 bridio
2121 5268 2571 5339 colloquebatur.
2626 5270 2926 5326 Nebridius
2975 5271 3128 5327 enim
3158 5277 3362 5341 matre,
3391 5269 3595 5342 patria,

1900 5356 2132 5428 praediis
2160 5356 2388 5427 relictis,
2420 5359 2761 5432 Carthagine
2791 5360 3173 5417 Mediolanum
3192 5376 3309 5416 non
3329 5360 3500 5415 aliam
3525 5359 3600 5415 ob

1902 5461 2134 5501 causam
2160 5462 2220 5501 se
2248 5448 2585 5515 contulerat,
2608 5465 2783 5520 quam
2810 5454 2876 5505 ut
2902 5450 3218 5521 Augustino
3254 5447 3597 5516 conviveret,

1905 5537 1962 5589 et
1983 5533 2198 5605 pariter
2225 5550 2355 5591 cum
2386 5552 2452 5591 eo
2475 5536 2548 5592 ad
2576 5537 2829 5593 veritatis
2858 5554 2924 5593 ac
2954 5537 3251 5609 sapientia
3279 5536 3599 5610 indagatio-

1904 5638 2036 5679 nem
2069 5624 2227 5680 omni
2257 5624 2448 5681 studio
2474 5624 2853 5695 incumberet,
2902 5626 3085 5681 beata:
3125 5624 3255 5681 vitas
3296 5624 3603 5702 inquisitor

2998 5723 3336 5810 (Quatre.)
