4020 6360
393 328 489 382 107

389 448 616 518 ardens,
649 452 706 503 et
732 447 1114 520 questionum
1134 447 1602 504 difﬁcillimarum
1625 451 1909 503 scrutator
1936 462 2087 500 acer-

388 537 591 595 rimus.
620 540 814 602 Erant,
862 536 941 591 ait
975 537 1351 609 Augustinus,
1393 554 1490 593 ora
1520 540 1685 593 trium
1714 538 2000 606 egentium,
2036 540 2087 590 et

389 629 632 697 inopiam
656 641 812 681 suam
839 625 1052 681 sibimet
1094 626 1323 682 invicem
1350 627 1744 695 anhelantium,
1773 630 1822 680 et
1848 642 1882 679 a
1912 628 1959 679 te
1988 640 2088 678 ex-

383 716 744 786 spectantium
771 719 833 770 ut
857 714 1017 769 dares
1045 714 1121 770 eis
1141 729 1315 770 escam
1334 718 1393 771 in
1422 721 1654 787 tempore
1680 718 1996 784 opportuno.
2014 715 2085 766 Et

384 810 446 860 in
486 807 632 860 omni
673 803 1059 870 amaritudine,
1103 819 1221 873 qua
1255 808 1467 859 nostros
1513 804 1794 858 saeculares
1833 805 1985 856 actus
2020 799 2085 853 de

382 892 754 950 misericordia
783 898 878 948 tua
905 892 1248 962 sequebatur,
1272 892 1610 948 intuentibus
1628 892 1782 946 nobis
1801 893 1960 959 ﬁnem
1989 905 2086 944 cur

384 998 449 1039 ea
474 987 802 1053 pateremur,
833 981 1180 1037 occurrebant
1212 980 1464 1048 tenebrae;
1497 985 1547 1035 et
1572 979 1958 1035 aversabamur
1984 994 2083 1046 ge-

381 1077 600 1139 mentes,
643 1076 694 1126 et
744 1070 1097 1126 dicebamus:
1132 1070 1406 1137 Quamdiu
1459 1070 1610 1124 haec?
1651 1072 1721 1123 Et
1764 1069 1858 1122 hoc
1901 1067 2083 1121 crebro

382 1161 721 1229 dicebamus;
753 1165 804 1216 et
827 1160 1060 1215 dicentes
1087 1175 1194 1214 non
1223 1159 1656 1227 relinquebamus
1686 1173 1749 1211 ea
1774 1175 1790 1211 :
1823 1158 1954 1225 quia
1978 1171 2084 1210 non

381 1250 619 1306 elucebat
647 1253 850 1305 certum
877 1248 1093 1319 aliquid
1122 1248 1267 1317 quod
1288 1248 1399 1302 illis
1426 1248 1630 1302 relictis
1656 1244 2081 1316 apprehendere-

379 1354 499 1394 mus
530 1337 727 1410 (lbid.,
766 1354 889 1408 cap.
927 1340 1012 1405 10,
1043 1353 1102 1392 n.
1146 1338 1250 1407 17).

453 1430 505 1483 3.
553 1430 626 1483 Et
666 1443 782 1498 ego,
837 1426 1069 1498 subjicit
1112 1424 1485 1497 Augustinus,
1534 1425 1771 1479 maxime
1817 1422 2080 1488 mirabar,

380 1521 632 1585 satagens
662 1520 713 1572 et
747 1517 978 1572 recolens
1007 1531 1171 1587 quam
1200 1516 1416 1584 longum
1436 1519 1641 1583 tempus
1667 1517 1799 1569 esset
1823 1513 1891 1567 ab
1920 1511 2084 1566 unde-

380 1608 634 1676 vigesimo
662 1620 803 1661 anno
837 1606 1017 1660 aetatis
1059 1619 1206 1673 meae,
1247 1619 1351 1673 quo
1379 1605 1587 1671 fervere
1614 1616 1876 1671 coeperam
1902 1598 2083 1655 studio

379 1697 680 1766 sapientia,
720 1694 1009 1764 disponens
1036 1709 1099 1748 ea
1126 1694 1347 1747 inventa
1372 1692 1674 1761 relinquere
1702 1704 1878 1744 omnes
1908 1704 2081 1743 vana-

378 1801 502 1841 rum
546 1783 910 1855 cupiditatum
952 1798 1071 1852 spes
1110 1784 1299 1837 inanes
1327 1785 1378 1836 et
1406 1782 1654 1834 insanias
1682 1779 2001 1833 mendaces:
2032 1782 2083 1832 et

378 1885 493 1927 ecce
520 1871 642 1941 jam
689 1871 1036 1926 tricenariam
1088 1874 1301 1924 etatem
1341 1869 1609 1936 gerebam,
1658 1869 1717 1921 in
1763 1866 1942 1921 eodem
1971 1866 2082 1921 luto

378 1961 653 2027 haesitans,
697 1959 964 2014 aviditate
996 1957 1223 2026 fruendi
1257 1957 1635 2028 prasentibus,
1666 1955 2003 2024 fugientibus
2032 1958 2083 2009 et

378 2048 774 2118 dissipantibus
801 2063 903 2114 me,
928 2046 1058 2102 dum
1080 2047 1199 2102 dico
1228 2064 1241 2101 :
1274 2048 1407 2104 Cras
1426 2048 1730 2111 inveniam;
1757 2059 1869 2099 ecce
1896 2046 2082 2099 mani-

375 2139 577 2205 festum
619 2136 927 2207 apparebit,
975 2140 1025 2189 et
1080 2135 1259 2190 tenebo
1307 2134 1493 2205 (Ibid,
1546 2150 1667 2203 cap.
1720 2136 1806 2202 11,
1857 2149 1915 2187 n.
1974 2132 2077 2200 18).

378 2225 573 2296 Pergit
600 2224 703 2280 sub
733 2226 857 2280 haec
893 2223 1100 2278 eximie
1130 2223 1469 2292 describere,
1500 2224 1710 2294 quibus
1739 2222 1860 2293 ipse
1891 2221 2080 2277 dubiis

379 2312 794 2369 distraheretur
821 2312 970 2367 circa
997 2312 1126 2368 vitae
1156 2328 1357 2384 genus,
1394 2312 1546 2383 quod
1573 2311 1681 2366 sibi
1719 2311 1864 2365 foret
1892 2310 1965 2366 ad
1990 2310 2077 2365 in-

377 2404 720 2476 quirendam
743 2403 1039 2459 veritatem
1060 2407 1446 2474 opportunum
1474 2401 1940 2472 eligendumque.
1965 2400 2079 2470 Ipsi

378 2492 594 2565 quippe
613 2493 811 2548 lumen
832 2491 1085 2547 veritatis
1110 2491 1198 2546 vix
1214 2490 1467 2562 primum
1496 2490 1786 2544 affulserat
1812 2488 1920 2543 hoc
1940 2492 2079 2542 tem-

376 2598 540 2654 pore,
569 2598 683 2654 quo
711 2580 971 2636 videlicet
989 2580 1250 2635 nondum
1271 2578 1694 2634 Platonicorum
1724 2577 1902 2632 libros
1925 2578 2075 2649 lege-

382 2673 495 2727 rat.
532 2671 598 2725 In
633 2670 742 2725 hoc
770 2668 1075 2740 multiplici
1098 2674 1239 2724 aestu
1271 2673 1531 2723 motuum
1557 2670 1613 2722 et
1639 2665 2074 2738 cogitationum,

377 2757 588 2831 quibus
639 2756 810 2812 simul
841 2757 1189 2828 jactabatur,
1239 2760 1297 2811 et
1341 2755 1499 2810 navis
1543 2754 1722 2810 instar
1779 2753 2077 2809 contrariis

374 2846 558 2901 ventis
604 2846 874 2916 abreptae,
908 2845 1020 2900 huc
1058 2848 1228 2917 atque
1256 2844 1395 2900 illuc
1422 2842 1844 2916 impellebatur,
1879 2842 2074 2897 efﬂue-

374 2933 513 2989 bant
536 2937 817 3005 tempora,
849 2936 905 2988 et
930 2932 1053 3005 ipse
1074 2948 1300 3004 semper
1314 2931 1492 2987 animi
1512 2931 1719 2988 dubius
1737 2947 1898 2987 suam
1928 2948 2074 3002 quo-

372 3022 512 3078 tidie
541 3021 970 3077 conversionem
1001 3021 1469 3093 procrastinabat.
1497 3023 1681 3076 Beata;
1705 3021 1834 3075 vitae
1853 3036 2072 3088 amans,

373 3127 500 3167 eam
531 3110 593 3165 in
621 3111 744 3182 ejus
770 3110 948 3181 ipsius
975 3110 1129 3180 sede,
1159 3126 1287 3181 qua:
1319 3114 1402 3164 est
1434 3126 1626 3164 rerum
1650 3110 1910 3164 omnium
1939 3125 2075 3164 con-

376 3196 618 3268 temptio
645 3197 717 3251 ad
736 3196 1138 3252 inhaerendum
1160 3198 1262 3252 uni
1287 3199 1424 3264 Deo,
1454 3197 1533 3251 sic
1559 3197 1816 3264 timebat,
1836 3201 1899 3251 ut
1928 3214 2078 3252 eam-

378 3283 512 3339 dem
540 3300 671 3339 cum
701 3289 1006 3356 quaereret,
1038 3285 1260 3358 fugeret
1289 3286 1472 3357 (lbid.,
1498 3302 1556 3340 η.
1586 3287 1695 3354 20).
1726 3285 2076 3340 lnﬁrmitatis

373 3387 491 3426 sua:
519 3372 796 3440 conscius,
838 3376 895 3427 et
921 3372 1122 3443 gratiae
1147 3373 1261 3426 vim
1293 3372 1550 3427 nondum
1582 3377 1869 3443 expertus,
1902 3371 2072 3427 indu-

373 3475 499 3514 cere
526 3461 786 3515 animum
818 3477 933 3515 non
976 3466 1220 3533 poterat,
1258 3466 1321 3515 ut
1348 3461 1611 3517 caelibem
1638 3460 1814 3515 vitam
1842 3460 2070 3516 coleret.

372 3549 613 3621 Alypius
627 3549 978 3605 castissimus
1001 3550 1326 3605 adolescens
1347 3549 1507 3605 omni
1528 3551 1715 3605 studio
1730 3549 2071 3617 enitebatur,

373 3655 487 3711 quo
516 3655 650 3694 eum
678 3643 960 3694 averteret
999 3643 1033 3693 ὸ.
1072 3639 1371 3711 conjugio;
1418 3655 1549 3693 cum
1593 3642 1921 3694 causaretur
1948 3638 2074 3693 ﬁeri

371 3728 700 3782 nullatenus
728 3743 913 3798 posse,
966 3726 1015 3781 si
1056 3743 1291 3781 uxorem
1326 3726 1577 3795 duceret,
1610 3732 1676 3781 ut
1702 3726 2071 3798 tranquillam

372 3815 547 3871 vitam
584 3816 755 3871 simul
785 3817 845 3871 in
875 3832 1070 3871 amore
1109 3817 1404 3887 sapientiae
1448 3816 1742 3888 degerent,
1784 3816 1929 3870 sicut
1949 3817 2072 3887 jam

369 3905 591 3977 pridem
621 3907 985 3978 expetebant.
1018 3908 1096 3962 At
1138 3907 1410 3976 deligatus
1437 3908 1619 3962 morbo
1645 3908 1847 3974 carnis,
1874 3909 2069 3961 morti-

365 3998 490 4064 fera
533 3999 821 4059 suavitate,
870 3996 1077 4067 inquit,
1132 3997 1411 4050 trahebam
1439 4002 1684 4053 catenam
1713 4012 1905 4063 meam,
1936 3996 2073 4050 solvi

370 4087 580 4153 timens,
621 4089 673 4140 et
720 4087 881 4153 quasi
921 4100 1170 4139 concusso
1212 4086 1430 4139 vulnere
1468 4086 1725 4152 repellens
1750 4085 1915 4139 verba
1944 4084 2071 4139 bene

367 4173 669 4239 suadentis,
692 4178 955 4242 tanquam
982 4189 1202 4227 manum
1228 4175 1499 4228 solventis.
1529 4173 1665 4227 llinc
1694 4173 2068 4244 Alypius,qui

369 4261 440 4316 de
485 4260 792 4332 Augustini
841 4260 1075 4333 ingenio
1116 4262 1258 4316 bene
1303 4260 1681 4327 existimabat,
1735 4258 2067 4315 curiositate

369 4349 693 4405 stimulatus
724 4340 779 4404 et
811 4349 955 4421 ipse,
982 4349 1318 4422 conjugium
1338 4355 1631 4420 expetere;
1663 4351 1719 4403 et
1744 4347 1929 4403 aliena
1957 4364 2068 4402 ser-

365 4437 546 4492 vitute
594 4438 1036 4509 obstupefactus,
1085 4438 1146 4492 in
1193 4437 1455 4492 eamdem
1504 4437 1654 4492 ultro
1706 4435 2067 4508 propendere

368 4528 554 4600 (Ibid.,
576 4544 699 4598 cap.
734 4531 822 4595 12,
857 4544 950 4585 nn.
982 4531 1070 4595 21,
1101 4528 1210 4599 22).

433 4616 488 4670 4.
539 4616 683 4672 Cum
729 4616 925 4684 itaque
963 4617 1042 4672 sic
1088 4617 1281 4672 animo
1328 4616 1667 4672 constitutus
1711 4614 2065 4687 Augustinus

364 4708 529 4772 esset,
561 4704 704 4760 nihil
732 4706 944 4762 mirum
987 4706 1035 4760 si
1076 4706 1337 4762 Monnica
1363 4706 1534 4761 dabat
1563 4722 1816 4777 operam,
1841 4709 1905 4760 ut
1933 4709 2064 4760 ante

362 4798 692 4865 susceptum
734 4794 1043 4866 Baptisma,
1093 4796 1163 4850 ad
1204 4795 1357 4866 quod
1383 4795 1546 4850 illum
1575 4812 1635 4849 se
1666 4795 1726 4849 in
1755 4794 1876 4850 dies
1906 4811 2066 4849 com-

358 4898 561 4954 parare
600 4884 908 4953 gaudebat,
944 4884 1311 4940 matrimonio
1345 4885 1689 4957 jungeretur
1720 4884 1906 4956 (-Ibid.,
1938 4900 2058 4947 cap.

363 4975 449 5034 l3,
496 4987 553 5027 n.
585 4975 695 5041 23),
738 4989 812 5027 ne
861 4973 1078 5028 scilicet
1119 4978 1251 5045 post
1300 4990 1522 5029 sacram
1567 4973 2061 5043 regenerationem

357 5061 790 5117 incontinentiae
835 5062 1091 5134 periculo
1134 5064 1282 5117 foret
1328 5063 1515 5118 adhuc
1545 5061 1846 5117 obnoxius.
1879 5063 2057 5117 Deum

355 5150 456 5205 illa
483 5150 819 5223 frequenter
845 5150 1046 5219 oravit,
1080 5151 1254 5206 etiam
1284 5168 1319 5206 a
1346 5151 1466 5206 ﬁlio
1496 5150 1816 5220 sollicitata,
1861 5154 1923 5205 ut
1950 5149 2058 5204 sibi

357 5240 429 5296 de
457 5239 565 5295 hoc
605 5238 981 5295 matrimonio
1024 5240 1241 5311 aliquid
1276 5256 1380 5311 per
1407 5239 1593 5296 visum
1621 5238 1924 5306 indicaret;
1959 5239 2056 5294 sed

355 5344 656 5402 nunquam
700 5328 977 5386 exoravit.
1023 5328 1270 5393 Quaesita
1298 5335 1491 5386 tamen
1523 5334 1608 5385 est
1636 5331 1849 5402 puella,
1877 5334 2053 5385 trans-

357 5425 661 5492 actumque
706 5419 1004 5491 negotium
1053 5436 1066 5475 :
1118 5435 1315 5474 verum
1354 5436 1484 5475 cum
1525 5420 1625 5474 illa
1657 5418 1884 5474 nonnisi
1925 5423 2053 5491 post

357 5507 660 5564 biennium
688 5508 903 5579 nubilis
930 5509 1124 5564 futura
1163 5513 1329 5577 esset,
1359 5508 1575 5580 placuit
1601 5508 1876 5565 idoneum
1906 5504 2065 5564 tem-'

358 5611 468 5667 pus
508 5598 839 5673 exspectari,
881 5599 1033 5672 quod
1063 5598 1162 5654 illa
1190 5597 1442 5655 conditio
1469 5614 1584 5654 non
1616 5599 1939 5670 spernenda
1964 5598 2051 5655 vi-

1567 323 1738 380 VITA
1791 323 1846 377 S.
1905 320 2290 380 AUGUSTINI
2350 323 2689 380 EPISCOPI.

3796 324 3897 379 108

2198 446 2449 502 daretur.
2489 446 2722 501 Interim
2778 460 2907 500 cum
2956 443 3110 501 illius
3152 444 3471 500 concubina
3512 445 3899 518 impedimen-

2195 539 2318 591 tum
2357 536 2585 590 atl‘erret
2625 534 2911 606 conjugio,
2944 534 3014 589 ab
3044 533 3226 605 ipsius
3265 533 3438 588 latere
3481 534 3674 589 avulsa
3701 540 3807 589 est.
3838 536 3900 589 In

2193 624 2442 679 Africam
2473 625 2571 678 illa
2599 623 2788 690 rediit,
2811 637 3022 677 vovens
3058 622 3171 675 Deo
3199 621 3375 675 alium
3408 638 3467 675 se
3496 621 3682 676 virum
3718 622 3901 676 nesci-

2196 717 2403 768 turam.
2455 714 2523 767 At
2568 712 2663 767 ille
2707 727 2778 766 ne
2818 710 3216 765 mulierculam
3245 710 3481 781 quidem
3506 710 3669 775 virili.
3704 710 3902 765 animo

2192 799 2409 856 imitari
2437 799 2616 855 valuit
2650 817 2662 855 :
2696 805 2754 854 et
2779 815 2907 854 cum
2938 799 3239 854 biennium
3267 798 3591 869 praestolari
3620 815 3740 854 non
3766 815 3904 871 pos-

2193 893 2296 954 set,
2348 889 2410 944 in
2455 890 2646 945 locum
2691 887 2848 943 illius
2894 904 3024 960 quae
3082 888 3429 949 discesserat,
3474 887 3646 943 aliam
3702 887 3905 942 ascivit

2189 978 2381 1045 (Ibid,
2415 995 2538 1049 cap.
2566 982 2651 1046 15,
2683 994 2738 1033 n.
2775 978 2893 1048 25);
2927 976 3091 1049 quasi
3116 977 3325 1031 anima:
3358 992 3475 1031 suae
3506 977 3771 1032 morbum
3804 982 3908 1031 aut

2193 1081 2422 1136 semper
2470 1066 2804 1137 producere,
2856 1072 2954 1121 aut
2981 1064 3266 1135 proritare
3298 1068 3589 1121 statueret.
3641 1067 3752 1120 Nec
3780 1066 3905 1137 ipse

2194 1154 2494 1224 difﬁtetur,
2542 1171 2601 1209 se
2650 1157 2682 1208 ὲ
2731 1153 3103 1225 profundiore
3153 1153 3458 1209 libidinum
3504 1154 3755 1225 gurgite,
3784 1155 3905 1209 solo

2191 1242 2397 1297 mortis
2444 1248 2500 1298 et
2546 1243 2725 1298 divini
2764 1242 2966 1313 judicii
2997 1246 3154 1298 metu
3182 1242 3358 1298 fuisse
3388 1248 3714 1298 revocatum
3748 1260 3763 1297 :
3793 1244 3903 1311 Qui

2190 1335 2382 1401 metus,
2426 1330 2527 1398 ait,
2554 1348 2654 1402 per
2697 1334 2883 1387 varias
2914 1332 3133 1402 quidem
3176 1334 3473 1402 opiniones,
3503 1348 3786 1403 nunquam
3814 1337 3901 1387 ta-

2190 1437 2310 1475 men
2339 1424 2555 1475 recessit
2582 1422 2648 1475 de
2671 1425 2884 1491 pectore
2902 1437 3014 1475 meo
3041 1421 3227 1491 (lbid.,
3253 1437 3375 1491 cap.
3410 1424 3495 1489 16,
3525 1437 3588 1479 n.
3617 1424 3725 1484 26).
3758 1422 3902 1477 Cum

2193 1509 2263 1564 de
2291 1508 2501 1563 ﬁnibus
2528 1509 2816 1564 bonorum
2846 1513 2905 1565 et
2930 1510 3215 1564 malorum
3238 1526 3368 1565 cum
3394 1510 3599 1582 Alypio
3628 1514 3685 1565 et
3712 1511 3905 1566 Nebri-

2191 1596 2286 1653 dio
2342 1598 2632 1653 interdum
2669 1598 3004 1670 disputaret,
3040 1599 3262 1653 dicebat
3308 1615 3365 1653 se
3406 1600 3675 1654 daturum
3724 1600 3901 1654 fuisse

2190 1687 2440 1758 palmam
2495 1687 2756 1759 Epicuro,
2806 1686 2917 1741 nisi
2964 1686 3294 1741 credidisset
3336 1687 3476 1759 ipse,
3511 1688 3665 1759 quod
3697 1689 3903 1759 Epicu-

2191 1791 2289 1830 rus
2318 1776 2549 1831 credere
2580 1776 2786 1844 noluit,
2818 1781 2951 1847 post
2980 1782 3223 1831 mortem
3253 1782 3466 1832 restare
3497 1778 3703 1832 animm
3719 1778 3900 1833 vitam

2192 1869 2250 1920 et
2266 1869 2477 1920 tractus
2507 1865 2863 1920 meritorum.
2896 1865 3018 1930 Qua
3046 1854 3240 1919 mente
3262 1882 3423 1919 suam
3449 1865 3571 1936 ipse
3605 1867 3901 1922 miseriam

2191 1953 2325 2008 satis
2363 1957 2557 2025 aperte
2588 1955 2961 2019 monstrabat,
2994 1969 3168 2025 seque
3197 1953 3439 2008 ccelestis
3464 1954 3617 2009 illius
3644 1956 3903 2025 pulchri-

2189 2042 2423 2110 tudinis,
2456 2059 2585 2115 quae
2603 2046 2835 2114 propter
2862 2059 2921 2097 se
2946 2042 3264 2097 adamanda
3282 2046 3385 2111 est,
3405 2043 3781 2115 purissimum
3809 2046 3899 2100 lu-

2189 2148 2324 2187 men
2343 2148 2460 2187 non
2489 2149 2654 2203 posse
2686 2131 3028 2203 perspicere.

2261 2222 2312 2274 5.
2363 2221 2521 2275 Multi
2565 2222 2750 2282 amici,
2802 2220 2902 2286 ait,
2950 2221 3355 2287 agitaveramus
3401 2223 3603 2291 animo,
3641 2226 3693 2276 et
3735 2223 3901 2277 collo-

2189 2313 2425 2377 quentes,
2480 2324 2543 2363 ac
2591 2309 2914 2364 detestantes
2945 2308 3281 2364 turbulentas
3311 2310 3558 2365 humana
3593 2311 3720 2365 vitae
3773 2326 3901 2365 mo-

2189 2397 2392 2464 lestias,
2430 2413 2567 2466 pene
2605 2398 2728 2467 jam
2766 2399 3175 2467 ﬁrmaveramus
3220 2401 3411 2453 remoti
3452 2415 3486 2453 a
3519 2399 3693 2454 turbis
3730 2402 3902 2454 otiose

2184 2487 2364 2540 vivere
2395 2502 2407 2540 :
2440 2487 2500 2540 id
2527 2489 2695 2541 otium
2719 2488 2796 2541 sic
2824 2487 3018 2555 moliti,
3048 2490 3109 2540 ut
3142 2488 3191 2541 si
3215 2488 3351 2555 quid
3379 2488 3571 2543 habere
3592 2504 3901 2558 possemus,

2186 2577 2548 2641 conferremus
2576 2577 2636 2629 in
2664 2575 2921 2642 medium,
2962 2591 3232 2644 unamque
3260 2591 3372 2630 rem
3400 2578 3732 2644 familiarem
3765 2594 3900 2633 con-

2184 2665 2435 2732 ﬂaremus
2469 2679 2535 2718 ea:
2559 2664 2803 2719 omnibus
2837 2680 2849 2718 :
2886 2669 2947 2718 ut
2986 2680 3085 2734 per
3120 2667 3372 2720 amicitiae
3399 2669 3759 2721 sinceritatem
3788 2683 3902 2721 non

2187 2757 2323 2808 esset
2349 2752 2505 2807 aliud
2533 2754 2718 2822 hujus,
2758 2758 2809 2808 et
2837 2754 2991 2807 aliud
3030 2754 3211 2822 illius;
3256 2755 3353 2810 sed
3397 2756 3541 2825 quod
3566 2771 3633 2809 ea:
3661 2758 3897 2821 cunctis,

2184 2844 2333 2912 ﬁeret
2385 2858 2571 2909 unum,
2618 2846 2669 2896 et
2707 2845 3017 2898 universum
3063 2845 3400 2913 singulorum
3428 2849 3581 2912 esset,
3633 2848 3682 2899 et
3710 2846 3901 2898 omnia

2186 2934 2513 2986 omnium...
2542 2932 2833 2987 Placuerat
2851 2933 3028 3000 nobis,
3051 2938 3112 2987 ut
3138 2934 3252 2987 bini
3275 2936 3468 3001 annui,
3505 2938 3767 3002 tanquam
3781 2949 3901 2987 ma-

2184 3023 2466 3089 gistratus,
2520 3023 2701 3076 omnia
2747 3011 3050 3076 neceisaria
3092 3027 3364 3089 curarent,
3406 3025 3609 3077 caeteris
3660 3023 3886 3092 quietis.

2185 3111 2292 3165 Sed
2335 3114 2689 3180 posteaquam
2736 3114 2891 3181 C(Bpit
2938 3113 3187 3179 cogitari,
3219 3115 3401 3166 utrum
3443 3113 3537 3166 hoc
3566 3112 3899 3165 muliercula:

2185 3200 2438 3264 sinerent,
2471 3214 2608 3267 quas
2639 3203 2688 3252 et
2734 3200 2837 3253 alii
2871 3204 3115 3253 nostrum
3129 3200 3249 3268 jam
3280 3199 3568 3265 habebant,
3599 3204 3650 3254 et
3677 3213 3775 3254 nos
3800 3200 3897 3253 ha-

2187 3285 2305 3339 bere
2331 3286 2652 3349 volebamus,
2689 3290 2857 3340 totum
2885 3287 3026 3340 illud
3067 3288 3335 3355 placitum
3365 3287 3506 3354 quod
3532 3288 3657 3341 bene
3679 3290 3889 3354 forma-

2186 3373 2393 3444 bamus,
2444 3374 2690 3429 dissiluit
2718 3377 2777 3429 in
2803 3376 3054 3431 manibus
3084 3379 3247 3445 atque
3295 3378 3630 3444 confractum
3658 3382 3711 3431 et
3738 3378 3892 3446 abje—

2184 3469 2328 3520 ctum
2367 3470 2464 3521 est.
2495 3465 2628 3520 Inde
2673 3465 2748 3519 ad
2793 3466 3033 3534 suspiria
3066 3469 3117 3519 et
3173 3466 3421 3531 gemitus,
3473 3468 3523 3517 et
3558 3478 3776 3532 gressus
3816 3464 3892 3517 ad

2183 3554 2481 3622 sequendas
2534 3554 2675 3608 latas
2732 3561 2782 3608 et
2828 3555 2990 3608 tritas
3018 3556 3138 3609 vias
3166 3554 3368 3621 saeculi,
3401 3555 3657 3622 quoniam
3702 3554 3891 3608 multa:

2182 3645 2534 3712 cogitationes
2589 3647 2745 3697 erant
2794 3644 2853 3697 in
2909 3643 3066 3698 corde
3110 3647 3325 3709 nostro;
3374 3643 3659 3697 consilium
3709 3647 3895 3696 autem

2183 3737 2334 3787 tuum
2354 3738 2534 3788 manet
2569 3733 2627 3786 in
2664 3736 2941 3787 aeternum.
2972 3735 3061 3787 Ea:
3091 3748 3194 3802 quo
3224 3730 3444 3787 consilio
3475 3731 3763 3786 deridebas
3790 3747 3895 3786 no-

2182 3827 2318 3889 stra,
2342 3827 2393 3877 et
2419 3827 2512 3878 tua
2538 3822 2917 3893 praeparabas,
2949 3822 3101 3877 nobis
3132 3822 3362 3877 daturus
3401 3837 3574 3876 escam
3602 3823 3661 3875 in
3690 3836 3896 3890 oppor-

2183 3914 2433 3979 tunitate,
2483 3916 2537 3967 et
2580 3917 2869 3981 apertqu
2915 3927 3135 3966 manum
3177 3916 3345 3978 tuam,
3378 3916 3540 3979 atque
3568 3911 3895 3980 impleturus

2180 4003 2394 4056 animas
2415 4006 2629 4056 nostras
2652 4001 3013 4056 benedictione
3043 4000 3224 4071 (Ibid.,
3257 4016 3377 4071 cap.
3415 3999 3496 4066 14,
3530 4015 3587 4054 n.
3613 3998 3724 4069 24).
3755 3998 3898 4054 Con-

2179 4089 2459 4162 gregandi
2501 4089 2840 4145 videbantur
2866 4089 3091 4144 circiter
3122 4089 3336 4153 decem,
3369 4089 3576 4160 quibus
3605 4088 3729 4142 haec
3759 4088 3895 4142 vitae

2180 4176 2417 4231 societas
2450 4175 2735 4231 arridebat
2766 4193 2779 4231 :
2812 4176 2963 4231 inter
2992 4192 3135 4249 quos
3165 4180 3329 4231 erant
3358 4176 3593 4247 quidam
3620 4174 3895 4245 praedivi-

2180 4268 2282 4330 tes,
2317 4264 2705 4320 Romanianus
2732 4265 2801 4319 in
2822 4265 3025 4337 primis
3056 4264 3378 4336 Augustino
3408 4281 3441 4318 a
3469 4262 3681 4318 teneris
3713 4262 3891 4318 fami-

2177 4351 2546 4420 liarissimus;
2589 4369 2694 4408 nec
2740 4358 2864 4408 erat
2911 4353 3010 4425 qui
3054 4354 3201 4408 hanc
3242 4354 3374 4409 vitm
3412 4351 3889 4408 communitatem

2177 4443 2276 4495 aut
2324 4457 2391 4495 eo
2439 4441 2732 4495 ardentius
2774 4444 3087 4512 expeteret,
3133 4446 3231 4497 aut
3274 4441 3345 4496 ad
3375 4457 3503 4496 eam
3531 4440 3887 4496 suadendam

2176 4529 2383 4601 majori
2411 4530 2745 4585 auctoritate
2770 4531 3030 4601 polleret,
3065 4547 3194 4586 cum
3225 4546 3316 4586 res
3347 4530 3398 4585 ei
3428 4528 3727 4585 familiaris
3757 4544 3885 4584 am-

2173 4619 2325 4691 plior
2357 4636 2531 4692 quam
2571 4620 2790 4675 caeteris
2825 4623 2998 4677 esset.
3051 4620 3114 4675 Id
3145 4621 3420 4691 temporis
3450 4617 3755 4675 Mediolani
3786 4618 3885 4674 de-

2173 4707 2363 4778 gebat,
2410 4711 2473 4762 ut
2518 4707 2766 4763 intentas
2809 4707 2917 4763 sibi
2947 4725 2979 4763 a
3008 4712 3363 4780 prmpotente
3394 4706 3717 4762 adversario
3745 4706 3881 4762 lites

2171 4801 2631 4868 persequeretur,
2672 4796 2881 4868 quibus
2927 4798 3162 4869 quidem
3192 4814 3322 4853 cum
3349 4796 3543 4852 divina
3571 4794 3883 4868 providen-

2174 4885 2253 4941 tia
2283 4885 2539 4958 quodam
2560 4902 2764 4941 somno
2789 4886 2965 4958 hujus
2989 4886 3119 4942 vita:
3146 4893 3493 4954 veternoque
3522 4883 3771 4956 sopitum
3805 4900 3889 4938 ex.

2171 4974 2402 5031 citabat.
2443 4976 2522 5030 De
2551 4976 2658 5030 hoc
2686 4976 2921 5031 fortasse
2951 4974 3084 5030 vitm
3111 4975 3431 5031 communis
3461 4972 3886 5045 consilio,quod

2170 5062 2439 5131 inierant,
2483 5080 2613 5119 cum
2662 5080 2729 5118 eo
2769 5062 2889 5134 agit
2915 5063 3290 5134 Augustinus,
3324 5064 3462 5120 dum
3489 5062 3569 5118 sic
3599 5061 3765 5117 illum
3798 5062 3885 5116 al-

2168 5150 2427 5222 loquitur
2471 5168 2484 5208 :
2536 5153 2823 5222 Quidquid
2856 5152 2922 5207 de
2946 5154 3053 5207 otio
3086 5168 3198 5208 meo
3227 5153 3383 5209 modo
3410 5153 3642 5222 gaudeo,
3675 5151 3824 5222 quod
3853 5167 3886 5206 a

2168 5244 2567 5310 super/tuarum
2585 5241 2949 5311 cupiditatum
2962 5243 3191 5297 vinculis
3209 5244 3435 5311 evolavi,
3455 5242 3601 5312 quod
3623 5241 3885 5318 depositis

2169 5331 2421 5386 oneribus
2447 5335 2785 5386 mortuarum
2813 5347 3086 5397 curarum,
3136 5335 3366 5403 respiro,
3411 5334 3694 5402 resipisco,
3725 5335 3884 5386 redeo

2170 5418 2245 5473 ad
2271 5434 2372 5486 me,
2406 5421 2553 5489 quod
2581 5436 2762 5491 quaero
2790 5423 3187 5479 intentissimas
3217 5426 3521 5485 veritatem,
3553 5422 3701 5492 quod
3732 5424 3883 5477 inve-

2168 5509 2286 5564 nire
2306 5509 2429 5579 jam
2449 5510 2746 5577 ingredior,
2781 5511 2926 5581 quod
2954 5527 3036 5566 me
3064 5512 3139 5567 ad
3166 5527 3433 5567 summum
3460 5513 3640 5581 ipsum
3658 5510 3880 5566 modum

2165 5603 2554 5672 perventurum
2594 5615 2706 5657 esse
2730 5601 2966 5672 conﬁdo;
3002 5605 3059 5658 tu
3085 5602 3365 5669 animasti,
3398 5604 3455 5657 tu
3495 5601 3790 5670 impulisti,
3825 5604 3882 5655 tu
