4020 6360
140 374 236 427 109
1559 374 1775 433 LIBER

1958 377 2201 437 UNDUS.
3527 396 3548 448 1
3566 397 3629 449 10

132 494 306 561 fecisti
374 492 537 563 Cujus
585 497 765 547 autem
811 496 1060 549 minister
1108 496 1304 563 fueris,
1354 497 1477 565 plus
1515 497 1695 554 adhuc
1721 500 1829 569 [lie

132 584 357 652 concepi,
406 598 569 653 quam
615 584 826 637 ratione
869 585 1262 653 comprehendi.
1318 587 1457 643 Nam
1511 603 1630 642 cum
1678 604 1826 659 prae-
1872 590 1877 595 ’

131 686 244 727 sens
287 673 544 742 presenti
589 672 693 726 tibi
724 674 1091 741 exposuissem
1130 676 1405 730 interiores
1436 681 1611 731 motus
1655 680 1828 732 animi

132 762 246 827 mei,
279 762 714 829 vehementerque
758 776 821 815 ac
863 763 1061 831 saepius
1092 777 1401 831 assererem,
1441 765 1644 819 nullam
1688 768 1826 821 mihi

131 849 302 904 videri
334 863 652 919 prosperam
697 851 995 918 fortunam,
1047 853 1157 907 nisi
1198 868 1317 923 quae
1371 855 1539 909 otium
1587 855 1823 924 philoso-

129 937 334 1008 phandi
361 937 552 1005 daret;
588 939 794 993 nullam
824 939 1033 994 beatam
1064 943 1252 1008 vitam,
1285 943 1395 996 nisi
1421 957 1529 1010 qua
1557 944 1615 997 in
1636 944 1824 1012 philo-

132 1027 317 1095 sophia
342 1028 643 1092 viveretur;
675 1027 769 1081 scd
796 1044 879 1081 me
916 1032 1067 1083 tanto
1108 1044 1344 1084 meorum
1380 1046 1553 1098 onere,
1595 1046 1822 1100 quorum

132 1130 195 1168 ea:
238 1113 419 1185 ofﬁcio
454 1129 568 1168 meo
612 1116 729 1169 vita
754 1115 1028 1185 penderet,
1070 1118 1362 1186 multisque
1391 1120 1817 1189 necessitatibus,

131 1204 208 1257 vel
234 1205 364 1257 vani
398 1205 503 1257 mei
526 1203 779 1273 pudoris,
807 1206 891 1259 vel
934 1207 1129 1274 ineptae
1169 1222 1404 1262 meorum
1451 1210 1701 1274 miseriae,
1734 1224 1818 1262 re-

130 1292 336 1358 frenari
358 1307 371 1346 :
406 1296 517 1349 tam
544 1308 739 1360 magno
767 1308 820 1347 es
854 1294 1026 1349 elatus
1054 1295 1277 1364 gaudio,
1305 1299 1416 1350 tam
1444 1301 1628 1350 sancto
1659 1297 1820 1365 hujus

129 1383 247 1435 vita
271 1381 621 1449 inflamnatus
651 1381 865 1448 ardore,
898 1386 960 1437 ut
997 1386 1046 1437 te
1082 1383 1303 1451 diceres,
1335 1386 1386 1439 si
1415 1389 1472 1439 tu
1500 1385 1569 1439 ab
1599 1386 1819 1440 illarum

132 1472 554 1539 importunamm
584 1471 762 1524 litium
802 1472 1034 1526 vinculis
1062 1472 1254 1541 'aliquo
1292 1473 1445 1528 modo
1484 1472 1815 1550 eximereris,

132 1560 299 1613 omnia
327 1574 444 1613 mea
471 1560 690 1613 vincula
712 1562 874 1614 etiam
895 1562 1219 1629 patrimonii
1247 1563 1328 1616 tui
1352 1577 1554 1617 mecum
1581 1565 1819 1633 partici-

130 1650 335 1717 patione
356 1651 665 1717 rupturum.
699 1649 888 1717 Itaque
914 1664 1033 1703 cum
1061 1649 1275 1704 admoto
1305 1651 1458 1705 nobis
1484 1652 1672 1717 fomite
1709 1652 1819 1706 dis-

134 1738 386 1802 cessisses,
412 1752 693 1805 nunquam
708 1740 1029 1792 cessavimus
1042 1739 1312 1793 inhiantes
1326 1741 1382 1793 in
1392 1740 1811 1811 philosophiam,

130 1828 280 1892 atque
298 1825 451 1878 illam
474 1826 664 1892 vitam,
698 1840 817 1894 qua:
843 1828 982 1880 inter
1007 1841 1101 1881 nos
1116 1828 1328 1896 placuit
1356 1833 1518 1899 atque
1545 1832 1807 1898 convenit,

126 1928 337 1982 prorsus
364 1915 508 1968 nihil
543 1914 700 1968 aliud
729 1917 980 1983 cogitare.
1013 1916 1194 1986 Atque
1240 1917 1301 1972 id
1341 1922 1650 1973 constanter
1697 1922 1815 1988 qui-

128 2002 256 2070 dem,
287 2002 380 2057 sed
429 2004 614 2057 minus
661 2005 866 2059 acriter
909 2004 1235 2072 agebamus;
1275 2007 1606 2075 putabamus
1636 2011 1813 2062 tamen

129 2091 255 2143 satis
280 2104 373 2144 nos
396 2106 574 2159 agere.
603 2092 674 2146 Et
704 2092 959 2160 quoniam
986 2092 1223 2147 nondum
1253 2093 1447 2148 aderat
1474 2110 1537 2147 ea
1565 2097 1807 2163 ﬂamma,

127 2193 236 2247 qua
256 2194 466 2233 summa
495 2194 591 2233 nos
620 2183 911 2249 arreptura
935 2184 1052 2234 erat
1076 2197 1089 2248 ;
1121 2182 1278 2235 illam
1304 2198 1413 2251 qua
1442 2183 1585 2236 lenta
1613 2188 1810 2238 aestua-

128 2266 323 2336 bamus,
348 2267 758 2322 arbitrabamur
782 2268 867 2321 vel
892 2282 1003 2322 esse
1030 2271 1330 2323 maximum
1359 2268 1579 2340 (Contra
1610 2272 1808 2339 Acad.,

127 2356 213 2410 lib.
243 2358 297 2422 2,
321 2372 422 2412 nn.
463 2359 515 2422 4,
551 2356 622 2425 5).

189 2446 237 2499 6.
279 2446 411 2500 Post
456 2444 579 2499 haec
621 2444 761 2515 legit
815 2444 1237 2499 Platonicorum
1292 2444 1489 2513 libros,
1536 2450 1601 2502 ut
1655 2447 1809 2503 hisce

126 2532 297 2587 verbis
315 2538 557 2589 testatur
581 2551 594 2589 :
624 2535 754 2591 Cum
779 2550 891 2588 ecce
918 2533 1019 2588 tibi
1045 2535 1177 2589 libri
1200 2534 1425 2603 quidam
1450 2536 1617 2605 pleni,
1649 2542 1711 2592 ut
1729 2540 1811 2592 ait

131 2624 378 2691 Celsinus,
411 2624 579 2678 bonas
605 2638 690 2677 res
718 2623 970 2677 arabicas
1011 2622 1107 2676 ubi
1131 2623 1460 2677 exhalarunt
1487 2625 1545 2677 in
1571 2638 1687 2692 nos,
1714 2623 1811 2677 ubi

126 2713 204 2765 illi
219 2712 510 2774 ﬂammulas
537 2713 876 2767 instillarunt
905 2713 1288 2782 pretiosissimi
1323 2714 1587 2780 unguenti
1623 2716 1809 2779 guttas

121 2802 489 2870 paucissimas,
516 2801 850 2865 incredibile,
871 2803 1220 2867 Romaniane,
1242 2801 1561 2855 incredibile
1587 2805 1638 2855 et
1661 2802 1806 2857 ultra

126 2901 276 2955 quam
302 2888 367 2943 de
393 2904 478 2943 me
504 2891 738 2957 fortasse
766 2893 816 2944 et
835 2893 894 2944 tu
916 2889 1127 2956 credis;
1160 2889 1297 2958 quid
1319 2890 1555 2959 amplius
1579 2889 1755 2944 dicam
1777 2890 1806 2945 ‘i

122 2978 272 3030 etiam
299 2979 410 3032 nisi
438 2979 553 3047 ipsi
578 2977 644 3033 de
672 2993 755 3033 me
784 2979 902 3048 ipso
931 2977 1248 3032 incredibile
1276 2976 1583 3032 incendium
1625 2980 1803 3032 conci-

124 3067 322 3119 tarunt.
384 3065 523 3132 Quis
576 3080 659 3120 me
705 3069 829 3120 tunc
873 3065 1058 3132 honor,
1101 3081 1221 3136 qua
1267 3067 1539 3121 hominum
1580 3081 1799 3136 pompa,

122 3168 229 3221 quae
247 3153 433 3210 inanis
446 3158 612 3223 famae
634 3155 928 3225 cupiditas,
953 3155 1099 3228 quod
1118 3155 1347 3225 denique
1376 3156 1537 3225 hujus
1558 3157 1802 3211 mortalis

119 3244 236 3296 vita:
281 3245 578 3310 fomentum
628 3249 791 3313 atque
826 3246 1184 3300 retinaculum
1213 3244 1570 3299 commovebat
1616 3245 1799 3315 (Ibid,

123 3345 172 3383 n-
217 3330 304 3402 5)?
362 3332 644 3387 Caeterum
698 3337 815 3387 tam
871 3332 1206 3390 incredibile
1233 3332 1387 3388 istud
1441 3332 1797 3399 incendium,

120 3425 636 3493 quantumcumque
667 3425 807 3489 erat,
837 3438 1129 3493 nunquam
1162 3422 1546 3494 Augustinum
1575 3422 1653 3476 sic
1682 3422 1802 3477 afli-

118 3513 276 3574 ceret,
305 3514 372 3564 ut
399 3510 447 3565 is
474 3510 542 3564 ad
575 3510 869 3581 sapientia:
890 3513 1106 3566 cultum
1133 3528 1166 3565 a
1186 3512 1317 3567 vitae
1345 3512 1622 3584 pravitate
1663 3528 1800 3566 con-

118 3602 438 3666 verteretur,
467 3598 575 3653 nisi
603 3599 728 3653 alia:
753 3615 983 3670 quoque
1006 3604 1433 3655 commoverent
1455 3615 1588 3654 eum
1616 3616 1799 3653 causa)

116 3690 313 3754 praeter
339 3687 812 3759 philosophorum
852 3703 1161 3751 sermones,
1207 3687 1307 3758 qui
1345 3687 1416 3741 ad
1463 3687 1799 3757 erigendum

116 3790 205 3828 cor
232 3775 479 3830 hominis
518 3775 578 3829 in
633 3776 807 3830 Deum
856 3775 1009 3830 haud
1049 3775 1167 3829 vim
1204 3776 1381 3830 ullam
1418 3774 1639 3842 habeat,
1682 3792 1797 3828 non

116 3862 400 3933 adjuvante
432 3863 653 3920 Christo
678 3862 1013 3918 mediatore.
1048 3862 1188 3917 Hinc
1227 3863 1337 3917 alio
1370 3863 1514 3928 loco,
1547 3862 1646 3917 ubi
1675 3864 1798 3916 Pla-

117 3951 424 4008 tonicorum
470 3952 776 4006 lectionem
807 3952 878 4006 ad
927 3952 1263 4021 frangenda,
1295 3952 1539 4018 vincula,
1592 3952 1799 4022 quibus

117 4041 307 4095 saeculo
336 4040 687 4111 illigabatur,
720 4039 1039 4110 plurimum
1078 4039 1187 4094 sibi
1218 4039 1501 4110 profuisse
1532 4039 1687 4106 dicit,
1722 4040 1798 4094 si-

118 4128 223 4182 mul
251 4133 511 4196 testatur,
544 4128 695 4183 hunc
724 4145 781 4182 se
811 4129 1057 4183 fructum
1088 4129 1408 4199 percepisse
1436 4128 1638 4183 collata
1668 4144 1796 4184 cum

115 4213 300 4272 iisdem
337 4216 676 4272 auctoritate
707 4216 941 4271 illorum
982 4215 1081 4287 qui
1111 4216 1301 4270 divina
1334 4215 1602 4287 mysteria
1623 4216 1797 4271 trudi-

115 4302 328 4373 derunt,
358 4311 521 4378 puta,
549 4306 965 4377 Prophetarum
996 4309 1051 4360 et
1074 4305 1476 4376 Apostolorum
1510 4304 1605 4375 (De
1632 4308 1799 4360 Beata

122 4392 255 4460 Vita,
286 4410 339 4450 η.
372 4397 447 4460 4).
495 4394 707 4450 Deinde
752 4393 1013 4466 quamvis
1043 4393 1104 4448 in
1132 4392 1607 4465 philosophorum
1636 4393 1798 4449 libris

114 4482 367 4539 sublimia
413 4483 675 4554 quaedam
714 4482 1203 4554 deprehendisset,
1252 4498 1317 4536 ex
1356 4481 1445 4537 his
1472 4486 1665 4537 tamen
1699 4500 1794 4538 so-

118 4569 401 4629 lummodo
434 4572 653 4643 garrire
691 4572 985 4639 didicerat,
1018 4572 1179 4643 quasi
1200 4573 1321 4643 jam
1350 4572 1569 4644 peritus
1598 4572 1798 4627 evasis-

113 4664 227 4728 set;
251 4662 349 4732 qui
377 4662 753 4716 nihilominus
781 4661 892 4715 nisi
932 4661 995 4715 in
1028 4660 1250 4716 Christo
1280 4660 1566 4716 Salvatore
1592 4659 1797 4732 Inostro

114 4747 249 4802 viam
283 4750 379 4805 Dei
409 4755 711 4822 quaereret,
751 4766 868 4805 non
896 4748 1135 4821 peritus,
1168 4754 1232 4804 ut
1268 4749 1541 4819 loquitur,
1572 4749 1664 4803 sed
1698 4766 1794 4819 pc—

113 4833 315 4892 riturus
342 4843 490 4893 esset
527 4840 700 4909 (Conf.
735 4839 829 4894 lib.
876 4842 933 4905 7,
984 4854 1105 4908 cap.
1138 4840 1227 4902 20,
1258 4853 1313 4891 η.
1337 4838 1451 4905 26).
1507 4838 1630 4891 lam
1663 4837 1796 4891 inde

111 4924 255 4979 enim
306 4931 576 4998 cmperat,
618 4927 750 4982 licet
796 4929 1161 4998 peccatorum
1200 4924 1384 4995 pcenis
1412 4940 1476 4979 ac
1518 4926 1666 4979 mole
1698 4941 1797 4995 op-

112 5027 348 5082 pressus,
377 5014 716 5070 eruditionis
735 5015 948 5070 famam
964 5013 1255 5085 aucupari,
1285 5017 1341 5067 et
1367 5012 1640 5068 doctrinae
1672 5012 1796 5084 opi-

111 5099 270 5157 nione
300 5103 535 5159 inﬂatus
564 5103 748 5175 magis
777 5104 988 5171 efferri,
1010 5102 1079 5158 de
1110 5101 1398 5157 diluendis
1426 5101 1642 5157 interea
1671 5118 1797 5173 pec-

112 5189 241 5244 catis
268 5191 504 5247 minime
534 5193 808 5263 cogitans.
856 5193 987 5247 Erat
1025 5207 1162 5262 ergo
1199 5191 1254 5246 id
1286 5189 1559 5263 temporis
1596 5206 1663 5245 ex
1703 5206 1796 5245 eoo

112 5290 230 5333 rum
256 5296 517 5348 numero,
539 5281 1062 5353 quicognosccntes
1091 5281 1289 5348 Deum,
1316 5296 1429 5334 non
1451 5278 1594 5334 sicut
1617 5280 1796 5334 Deum

115 5366 565 5433 gloriﬁcaverunt
599 5371 770 5440 (Rom.
822 5386 863 5437 ι,
920 5368 1033 5440 2|).
1080 5370 1153 5436 Is,
1198 5373 1263 5424 ut
1310 5368 1552 5434 videtur,
1620 5372 1796 5423 status

116 5460 194 5509 est
219 5458 287 5512 ab
311 5475 377 5513 eo
409 5474 707 5529 expressus
736 5457 797 5511 in
829 5457 972 5511 libro
999 5457 1069 5512 de
1110 5458 1281 5512 Beata
1309 5458 1456 5523 Vita,
1484 5472 1653 5527 quem
1684 5462 1797 5511 sta-

118 5541 209 5599 tim
240 5562 271 5602 a
300 5563 402 5603 sua
431 5547 801 5603 conversione
839 5545 1175 5616 composuit,
1223 5545 1284 5600 in
1313 5561 1425 5617 quo
1458 5544 1557 5599 ubi
1586 5549 1799 5599 morta-

118 5629 190 5686 les
229 5652 445 5691 ommes
474 5636 633 5692 velut
672 5635 733 5693 in
760 5634 1076 5708 procelloso
1114 5633 1280 5702 mari,
1312 5650 1375 5689 ex
1405 5649 1520 5705 quo
1562 5634 1630 5690 ad
1668 5632 1800 5704 phi-

1935 500 2212 574 losophiae
2241 508 2473 575 portum
2500 506 2786 578 appellere
2814 507 3075 579 debeant,
3109 512 3447 571 fluctuantes
3475 517 3629 573 exhi-

1932 589 2077 658 buit,
2109 594 2382 662 praeclare
2431 594 2718 663 admonet,
2750 596 3092 669 quibusdam
3131 601 3232 673 qui
3264 619 3628 678 quocumque

1933 680 2107 734 modo
2137 681 2209 735 ad
2239 682 2419 737 beatae
2465 683 2593 737 vitae
2623 684 2918 756 regionem
2960 686 3244 758 feruntur,
3300 708 3481 748 unum
3524 694 3629 749 im-

1934 768 2329 825 manissimum
2356 776 2633 842 montem,
2667 772 2767 844 qui
2794 778 2926 829 ante
2955 774 3145 846 ipsum
3170 783 3398 850 portum
3424 782 3627 836 consti-

1931 858 2087 911 tutus
2115 856 2207 925 sit,
2238 857 2451 930 quique
2477 859 2648 914 etiam
2680 876 2917 931 magnas
2933 861 3401 935 ingredientibus
3430 866 3628 939 gignat

1932 945 2245 1016 angustias,
2276 947 2772 1004 vehementissime
2797 950 3243 1020 formidandum,
3274 955 3628 1011 cautissime-

1931 1049 2041 1105 que
2071 1035 2364 1091 vitandum
2394 1052 2536 1092 esse.
2571 1038 2764 1109 Neque
2784 1038 2936 1094 hunc
2964 1046 3193 1098 montem
3220 1045 3389 1099 alium
3412 1046 3530 1101 vult
3549 1048 3629 1102 in-

1931 1124 2107 1191 telligi
2149 1126 2312 1192 ratio,
2342 1127 2839 1195 propinquantibus
2877 1128 2952 1183 ad
2977 1130 3379 1201 philosophiam
3407 1135 3626 1203 ingres-

1927 1213 2067 1266 sisve
2107 1214 2467 1284 metuendum,
2498 1218 2609 1270 nisi
2645 1216 2933 1286 superbum
2969 1219 3212 1274 studium
3258 1220 3452 1290 (verba
3495 1226 3629 1279 sunt

1928 1299 2248 1370 Augustini)
2280 1302 2614 1357 inanissima:
2635 1304 2852 1371 gloria:
2886 1306 3030 1374 quod
3058 1308 3139 1361 ita
3167 1308 3307 1362 nihil
3330 1310 3478 1364 intus
3501 1311 3626 1379 ple-

1925 1402 2054 1442 num
2081 1393 2243 1459 atque
2284 1390 2516 1444 solidum
2546 1391 2722 1454 habet,
2770 1396 2832 1446 ut
2870 1395 3086 1461 inflatos
3114 1395 3223 1449 sibi
3251 1396 3625 1466 :superambu-

1927 1476 2096 1531 lantes
2124 1483 2469 1548 succrepante
2494 1482 2693 1548 fragili
2730 1482 2839 1536 solo
2868 1482 3143 1551 demerget
3165 1499 3227 1538 ac
3247 1485 3477 1554 sorbeat,
3514 1488 3625 1542 eis-

1925 1579 2027 1634 que
2052 1567 2111 1619 in
2153 1567 2395 1621 tenebras
2440 1569 2717 1635 revolutis,
2762 1572 2962 1639 eripiat
3006 1572 3492 1629 luculentissimam
3520 1575 3625 1630 do-

1924 1668 2090 1719 mum,
2120 1670 2284 1724 quam
2306 1671 2441 1725 pene
2457 1656 2579 1726 jam
2607 1658 2860 1713 viderant
2881 1659 2978 1728 (De
3006 1661 3171 1714 Beata
3207 1662 3354 1728 Vita,
3376 1678 3432 1717 η.
3466 1664 3543 1732 3).

1992 1746 2046 1796 7.
2080 1743 2143 1796 In
2175 1744 2325 1797 hunc
2353 1760 2411 1798 se
2443 1748 2696 1799 montem
2723 1745 3073 1817 Augustinus
3102 1748 3522 1805 Platonicorum
3551 1752 3620 1806 li-

1921 1827 2039 1883 bris
2079 1830 2242 1885 evehi
2269 1831 2516 1898 videbat,
2557 1833 2657 1904 qui
2690 1850 2986 1905 nunquam
3016 1851 3148 1890 eum
3179 1836 3514 1893 charitatem
3545 1839 3614 1894 il-

1921 1916 2036 1972 lam
2067 1918 2269 1973 docere
2299 1919 2635 1990 potuissent,
2667 1936 2796 1992 qua:
2828 1926 3035 1977 nostra
3076 1923 3272 1978 salutis
3309 1924 3618 1982 aediﬁcium

1921 2004 1992 2059 ab
2022 2004 2361 2060 humilitatis
2401 2005 2792 2075 fundamento,
2836 2007 2989 2079 quod
3023 2013 3107 2064 est
3145 2009 3399 2066 Christus
3434 2013 3615 2080 lesus,

1919 2093 2216 2148 constituit
2244 2093 2589 2166 stabilitque.
2624 2096 2763 2151 Cum
2794 2094 2973 2167 igitur
2996 2097 3065 2153 ad
3096 2113 3154 2152 se
3183 2099 3613 2171 quamprimum

1918 2181 2108 2237 redire
2160 2182 2456 2253 cogitaret,
2491 2184 2700 2239 mentis
2739 2186 2934 2240 oculos
2976 2187 3223 2258 conjecit
3276 2188 3338 2243 in
3376 2190 3615 2245 catholi-

1920 2286 2043 2324 cam
2075 2270 2436 2342 religionem,
2478 2288 2608 2343 qua:
2638 2289 2816 2344 puero
2863 2273 2970 2328 sibi
3012 2274 3181 2330 insita
3211 2281 3352 2344 erat,
3398 2280 3453 2332 et
3494 2294 3618 2334 me-

1920 2357 2180 2426 dullitus,
2221 2363 2288 2413 ut
2326 2359 2481 2427 dicit,
2522 2360 2835 2431 implicata,
2868 2377 3064 2433 quaeve
3107 2363 3299 2434 ipsum
3326 2364 3397 2420 ad
3427 2382 3486 2421 se
3526 2368 3615 2422 vel

1919 2446 2264 2502 nescientem
2307 2449 2605 2503 revocabat
2634 2450 2803 2520 (Cant.
2837 2451 3037 2518 Acad.,
3080 2452 3173 2507 lib.
3206 2454 3258 2520 2,
3291 2469 3347 2508 n.
3393 2455 3467 2524 ὅ).
3506 2456 3615 2511 Vc-

1917 2551 2039 2590 rum
2067 2538 2126 2590 in
2156 2537 2249 2591 hos
2276 2537 2460 2602 libros,
2491 2537 2570 2592 ait
2597 2538 2972 2608 Augustinus,
2994 2555 3077 2593 me
3095 2546 3403 2611 propterea,
3431 2546 3615 2613 prius-

1917 2641 2082 2694 quam
2118 2626 2437 2696 Scripturas
2470 2630 2591 2681 tuas
2620 2627 3035 2696 considerarem,
3075 2630 3232 2684 credo
3275 2632 3497 2687 voluisti
3524 2635 3610 2687 in-

1915 2728 2149 2781 currere,
2179 2718 2240 2769 ut
2269 2716 2667 2785 imprimeretur
2694 2718 2959 2771 memoriae
2983 2733 3127 2785 meae,
3159 2724 3419 2788 quomodo
3441 2736 3508 2774 ea:
3536 2723 3612 2776 eis

1916 2802 2139 2871 affectus
2165 2817 2365 2869 essem;
2395 2807 2446 2856 et
2465 2819 2583 2857 cum
2602 2808 2786 2872 postea
2812 2806 2866 2857 in
2889 2804 3043 2859 libris
3074 2808 3181 2860 tuis
3208 2809 3611 2875 mansuefactus

1915 2905 2094 2957 essem,
2130 2896 2181 2944 et
2208 2892 2523 2946 curantibus
2551 2892 2741 2960 digitis
2772 2894 2880 2947 tuis
2909 2898 3367 2950 contrectarentur
3384 2897 3609 2951 vulnera

1911 2993 2049 3047 mea,
2099 2978 2454 3033 discernerem
2500 2984 2662 3049 atque
2714 2980 3096 3047 distinguerem
3155 2982 3292 3050 quid
3331 2984 3609 3038 interesset

1911 3068 2053 3121 inter
2087 3070 2577 3137 praesumptionem,
2626 3072 2677 3122 et
2722 3070 3137 3136 confessionem;
3184 3072 3327 3127 inter
3361 3071 3604 3127 videntes

1914 3170 2017 3224 quo
2055 3155 2287 3209 eundum
2312 3158 2409 3217 sit;
2438 3172 2529 3210 nec
2558 3156 2797 3211 videntes
2825 3172 2951 3225 qua,
2980 3161 3031 3211 et
3058 3160 3204 3212 viam
3229 3158 3504 3214 ducentem
3533 3159 3609 3215 ad

1913 3245 2214 3313 beati/icam
2242 3247 2503 3313 patriam,
2535 3260 2642 3299 non
2680 3250 2890 3300 tantum
2926 3247 3266 3309 cernendum,
3297 3247 3391 3302 sed
3418 3253 3468 3303 et
3499 3250 3606 3303 ha-

1912 3333 2209 3387 bitandam.
2244 3335 2382 3389 Nam
2412 3335 2461 3388 si
2488 3336 2667 3403 primo
2695 3337 2896 3388 sanctis
2925 3336 3032 3390 tuis
3059 3336 3253 3390 litteris
3282 3338 3608 3404 informatus

1911 3436 2097 3487 essem,
2147 3425 2198 3474 et
2229 3423 2284 3474 in
2323 3436 2509 3475 earum
2553 3424 2937 3489 familiaritate
2978 3423 3340 3479 obdulcuisses
3370 3425 3526 3491 mihi,
3557 3429 3607 3479 et

1906 3514 2091 3578 postea
2122 3510 2182 3563 in
2226 3510 2323 3562 illa
2350 3510 2623 3564 volumina
2656 3512 3001 3578 incidissem;
3052 3513 3287 3579 fortasse
3324 3518 3420 3568 aut
3448 3514 3605 3568 abri—

1907 3600 2151 3667 puissent
2197 3613 2277 3651 me
2321 3614 2356 3651 a
2396 3598 2749 3653 solidamento
2790 3602 3036 3669 pietatis,
3069 3606 3167 3657 aut
3204 3603 3257 3656 si
3301 3604 3359 3656 in
3386 3602 3605 3671 affectu,

1908 3701 2063 3754 quem
2100 3686 2369 3740 salubrem
2398 3687 2733 3753 imbiberam,
2761 3691 3139 3757 perstitissem,
3169 3695 3419 3759 putarem
3444 3693 3608 3745 etiam

1906 3789 1973 3827 ea:
2004 3776 2115 3828 illis
2151 3774 2307 3828 libris
2350 3790 2467 3827 eum
2503 3791 2656 3844 posse
2685 3776 2913 3847 concipi,
2945 3780 2995 3830 si
3034 3793 3118 3831 eos
3148 3780 3284 3832 solos
3316 3780 3608 3848 quisquam

1907 3862 2184 3917 didicisset
2220 3862 2421 3932 (Conf..
2459 3864 2551 3917 lib.
2581 3868 2635 3930 7,
2668 3879 2787 3931 cap.
2819 3867 2907 3931 20,
2940 3881 2995 3920 n.
3032 3866 3141 3935 26).
3185 3866 3381 3936 Itaque
3422 3882 3608 3922 sacros

1906 3950 2129 4005 codices
2175 3950 2497 4004 avidissime
2536 3950 2811 4022 arripere,
2854 3956 2909 4006 et
2959 3952 3152 4007 divina
3207 3953 3305 4007 illa
3355 3954 3605 4024 Spiritus
3682 3957 3691 3964 ’

1907 4039 2086 4094 sancti
2115 4040 2341 4093 oracula
2386 4039 2667 4094 revereri:
2701 4056 2896 4094 verum
2930 4057 3048 4095 non
3083 4041 3192 4095 alia
3221 4041 3403 4113 magis
3432 4058 3607 4113 quam

1908 4127 2289 4199 Epistolarum
2333 4128 2492 4183 Pauli
2528 4129 2770 4200 apostoli
2815 4129 3059 4184 lectione
3104 4129 3496 4186 afﬁciebatur:
3550 4135 3608 4186 et

1906 4216 2097 4271 statim
2143 4221 2498 4272 evanuerunt
2535 4234 2617 4272 ea:
2675 4217 3058 4286 difficultates,
3108 4219 3316 4290 quibus
3356 4217 3415 4273 in
3460 4220 3607 4275 hanc

1905 4305 2236 4376 opinionem
2267 4311 2397 4360 ante
2446 4306 2634 4361 fuerat
2684 4306 2981 4374 adductus,
3014 4310 3078 4362 ut
3106 4323 3233 4361 cum
3266 4307 3607 4378 quibusdam

1904 4394 1965 4450 in
1994 4394 2130 4449 locis
2160 4394 2476 4466 pugnantia
2506 4395 2684 4466 loqui,
2718 4399 2775 4450 et
2802 4395 2954 4450 illius
2983 4396 3154 4450 verba
3185 4395 3349 4466 Legis
3381 4412 3443 4450 ac
3471 4397 3604 4451 Pro-

1903 4483 2206 4555 phetarum
2230 4483 2571 4538 testimoniis
2602 4500 2717 4538 non
2734 4499 3049 4555 congruere
3073 4488 3327 4555 putaret.
3359 4483 3608 4553 Agnovit

1906 4577 2058 4627 casta
2086 4572 2182 4626 illa
2212 4571 2565 4643 minimeque
2595 4572 2784 4627 fucata
2812 4572 3044 4643 eloquia
3075 4588 3191 4627 uno
3232 4572 3450 4643 Spiritu
3480 4572 3605 4628 ani-

1905 4660 2069 4725 mari,
2105 4660 2304 4714 eadem
2336 4676 2543 4714 arcana
2570 4660 2908 4731 complecti;
2953 4663 3007 4715 et
3037 4659 3098 4714 in
3125 4660 3195 4715 iis
3224 4659 3604 4731 suspiciendis

1904 4750 2186 4802 exsultare
2212 4765 2343 4803 cum
2380 4754 2628 4803 tremore
2667 4749 2886 4805 didicit.
2940 4748 3132 4803 Primo
3164 4748 3340 4804 etiam
3370 4752 3599 4820 aspectu

1903 4835 2187 4907 Cognovit,
2208 4836 2489 4908 quidquid
2510 4836 2571 4891 in
2596 4836 2851 4908 profanis
2873 4836 3035 4891 libris
3056 4852 3256 4891 verum
3277 4836 3515 4908 legerat,
3537 4836 3598 4892 in

1902 4925 1990 4979 his
2017 4923 2265 4979 inveniri
2294 4940 2309 4993 ;
2336 4924 2434 4978 sed
2462 4924 2566 4978 hos
2610 4925 2691 4979 ita
2717 4941 2918 4980 verum
2947 4925 3190 4992 tradere,
3223 4930 3289 4980 ut
3316 4930 3373 4980 et
3401 4925 3603 4996 gratiae
3702 4930 3705 4933 ’

1902 5013 2017 5067 vim
2062 5012 2487 5081 commendent,
2519 5017 2577 5068 et
2615 5013 2786 5068 variis
2824 5030 2929 5069 nos
2958 5013 3244 5085 mysteriis
3282 5013 3545 5069 imbuant
3577 5027 3591 5066 :

1902 5100 2058 5171 quod
2085 5100 2199 5154 illa:
2228 5099 2454 5171 paginae
2481 5116 2599 5155 non
2624 5100 2857 5169 habent,
2885 5105 2950 5156 ut
2974 5117 3077 5155 nec
3103 5101 3211 5173 pia:
3231 5100 3386 5155 illius
3415 5098 3602 5155 humi-

1902 5187 2100 5256 litatis,
2128 5204 2257 5260 quce
2287 5187 2344 5243 in
2374 5189 2493 5244 sola
2522 5188 2830 5244 christiana
2859 5188 3138 5260 religione
3166 5186 3465 5260 reperitur,
3499 5201 3601 5240 no-

1902 5276 2089 5332 titiam
2117 5277 2483 5349 ingenerant.
2542 5277 2841 5333 Enimvero
2872 5278 3025 5334 aliud
3064 5281 3150 5333 est
3188 5292 3218 5331 e
3258 5290 3483 5331 summo
3513 5272 3604 5328 sil-

1903 5365 2075 5420 vestri
2104 5370 2162 5421 et
2188 5366 2388 5421 inculti
2420 5366 2633 5422 montis
2663 5366 2959 5422 cacumine
2984 5365 3231 5437 patriam
3267 5362 3421 5435 pacis
3449 5361 3599 5434 aspi-

1904 5470 2054 5522 cere,
2087 5454 2196 5510 iter
2222 5455 2293 5510 ad
2337 5471 2465 5511 eam
2496 5471 2615 5510 non
2640 5456 2913 5527 reperire,
2948 5471 3011 5510 ac
3040 5454 3247 5508 frustra
3278 5450 3473 5506 conari
3502 5466 3606 5523 per

1906 5543 2084 5610 invia,
2134 5543 2763 5601 circumobsisteutibus
2808 5541 3192 5598 desertoribus
3243 5539 3508 5611 angelis:
3549 5545 3606 5596 et

1909 5631 2065 5689 aliud
2092 5648 2241 5696 eam,
2282 5648 2410 5706 quae
2436 5632 2507 5689 ad
2536 5633 2759 5689 beatam
2788 5630 2944 5686 illam
2971 5627 3219 5702 patriam
3243 5628 3422 5698 ducit,
3452 5626 3603 5685 viam

3794 1224 3823 1242 4
