4020 6422
366 399 461 453 Hi

362 519 651 575 bonorum
680 517 1029 590 Angelorum
1058 513 1328 587 praesidio
1368 513 1651 569 munitam
1680 517 1894 568 tenere.
1930 513 2058 567 llaec

362 607 526 662 miris
551 612 608 661 et
626 605 847 661 arcanis
873 603 1054 660 modis
1074 603 1134 658 in
1153 603 1309 658 illius
1344 603 1623 667 animum,
1653 618 1785 656 cum
1819 605 2058 673 Aposto-

363 697 485 751 lum
528 696 763 767 legeret,
814 694 924 750 alte
969 693 1419 758 descendebant;
1478 695 1534 745 et
1575 690 1911 745 admiranda
1958 689 2059 744 Dei

365 800 538 858 Opera
555 783 920 855 considerans
939 787 1169 854 stupore
1190 781 1602 853 percellebatur
1622 780 1804 851 (Ibid,
1823 796 1943 849 cap.
1966 783 2056 840 21,

364 892 421 932 n.
449 873 560 946 27).
604 876 746 931 Cum
774 873 911 928 alibi
942 871 1361 928 Romanianum
1393 869 1738 942 alloquitur:
1776 868 2057 935 Titubans,

365 965 465 1031 ait,
507 979 830 1035 properans,
881 963 1160 1032 haesitans,
1214 962 1426 1031 arripio
1477 960 1778 1029 apostolum
1806 958 2056 1013 Paulum.

364 1054 574 1121 Perlegi
615 1057 782 1107 totum
823 1053 1180 1106 intentissime
1207 1054 1370 1119 atque
1404 1050 1728 1103 cautissime.
1766 1048 1910 1101 Tunc
1938 1040 2061 1100 vero

365 1142 853 1214 quantulocumque
872 1141 996 1210 jam
1026 1141 1226 1195 lumine
1249 1153 1488 1209 asperso,
1522 1143 1676 1193 tanta
1704 1152 1759 1192 se
1784 1137 1920 1190 mihi
1941 1136 2063 1205 phi-

366 1231 620 1301 losophiae
650 1232 820 1298 facies
854 1231 1092 1299 aperuit,
1121 1232 1204 1298 ut,
1235 1243 1337 1283 non
1360 1227 1539 1281 dicam
1564 1226 1684 1293 tibi,
1717 1227 1813 1294 qui
1836 1224 1953 1294 ejus
1981 1225 2062 1277 in-

363 1323 590 1389 cognita:
615 1321 762 1387 fame
790 1334 997 1388 semper
1024 1319 1234 1384 arsisti,
1268 1316 1363 1372 sed
1389 1318 1440 1371 si
1468 1318 1580 1385 ipsi
1625 1314 1939 1370 adversario
1966 1316 2058 1367 tuo

364 1425 400 1464 a
425 1424 528 1481 quo
567 1410 742 1463 nescio
788 1412 974 1463 utrum
1012 1408 1140 1478 plus
1186 1408 1487 1462 exercearis
1526 1421 1691 1475 quam
1741 1402 2061 1474 impediaris

361 1512 480 1553 eam
509 1496 875 1552 demonstrare
900 1497 1227 1566 potuissem;
1254 1511 1337 1551 nae
1364 1496 1455 1550 ille
1482 1499 1534 1549 et
1560 1496 1744 1560 Baias,
1776 1498 1826 1547 et
1854 1506 2062 1546 amwna

356 1587 641 1657 pomceria,
672 1590 723 1641 et
759 1585 991 1640 delicata
1034 1585 1322 1654 nitidaque
1360 1585 1625 1651 convivia,
1661 1587 1711 1638 et
1751 1583 2061 1637 domesticos

361 1676 674 1745 histriones,
700 1678 969 1745 postremo
1007 1674 1281 1744 quidquid
1308 1689 1425 1729 eum
1464 1675 1664 1728 acriter
1692 1675 1975 1727 commovet
2002 1672 2061 1725 in

361 1778 727 1834 quascumque
774 1762 1020 1830 delicias,
1067 1763 1331 1833 abjiciens
1360 1767 1411 1817 et
1438 1763 1768 1831 relinquens,
1795 1760 1870 1814 ad
1897 1759 2061 1829 hujus

353 1852 824 1923 pulchritudinem
860 1850 1091 1906 blandus
1130 1854 1342 1905 amator
1366 1854 1416 1905 et
1444 1854 1661 1906 sanctus
1690 1851 1919 1911 mirans,
1955 1864 2061 1903 an-

348 1943 566 2008 helans,
594 1944 851 2006 aestuans,
881 1939 1161 1994 advolaret
1191 1939 1367 2011 (Cont.
1396 1939 1576 1995 Acad.
1595 1979 1609 2007 ,
1656 1939 1755 1994 lib.
1796 1940 1850 2006 2,
1880 1954 1975 1993 nn.
2005 1941 2058 2004 ὅ,

361 2031 436 2102 6).
466 2033 598 2086 Haec
625 2028 870 2100 insignis
898 2045 1129 2083 morum
1157 2027 1418 2096 mutatio,
1447 2043 1620 2099 quam
1646 2041 1935 2082 sacrorum
1968 2042 2059 2079 co-

359 2119 553 2175 dicum
581 2117 747 2173 lectio
778 2117 839 2172 in
868 2115 1173 2187 Augustini
1201 2115 1391 2171 animo
1420 2117 1660 2187 peperit,
1691 2131 1806 2170 non
1839 2113 2062 2169 videtur

359 2206 668 2278 contigisse
714 2211 846 2262 ante
884 2204 1211 2277 paschalem
1251 2204 1618 2259 festivitatem
1654 2203 1790 2258 anni
1828 2219 2061 2257 conver-

360 2297 539 2352 sionis
562 2297 705 2367 ejus,
732 2310 907 2367 quam
932 2310 1081 2349 anno
1110 2293 1508 2349 trecentesimo
1534 2292 1883 2364 octogesimo
1901 2296 2058 2345 sexto

358 2384 723 2457 reponimus;
773 2382 891 2438 imo
932 2400 1037 2439 nec
1074 2387 1208 2437 ante
1245 2380 1398 2454 junii
1444 2381 1680 2436 exitum.
1722 2369 1862 2436 Cum
1904 2381 2057 2435 enim

357 2472 724 2530 Ambrosium
754 2472 978 2529 Iustina
1003 2472 1151 2527 circa
1185 2471 1394 2526 festum
1428 2471 1656 2526 Paschae
1684 2485 2053 2541 persequere-

358 2567 474 2632 tur,
502 2563 760 2618 nondum
790 2563 940 2617 Deus
980 2561 1220 2633 glaciem
1258 2560 1444 2616 cordis
1474 2561 1596 2631 ejus
1631 2559 1789 2614 vitali
1817 2559 2058 2630 Spiritus

358 2651 450 2707 sui
479 2652 667 2706 calore
706 2650 1070 2717 dissolveret;
1101 2649 1233 2705 licet
1272 2648 1396 2720 ipse
1426 2649 1666 2704 turbatas
1699 2647 1943 2703 civitatis
1969 2653 2056 2701 tu-

356 2741 552 2796 multu
587 2740 958 2795 vehementer
995 2738 1338 2794 excitaretur
1377 2739 1557 2808 (Conf.
1607 2738 1703 2793 lib.
1745 2740 1798 2807 9,
1838 2752 1960 2806 cap.
1999 2741 2054 2805 7,

355 2844 413 2884 η.
450 2829 530 2900 15)
566 2844 581 2883 :
613 2845 720 2884 nec
757 2828 944 2884 adhuc
971 2831 1098 2899 post
1126 2828 1307 2882 Deum
1342 2826 1620 2893 currebat,
1655 2841 1786 2880 cum
1814 2825 2057 2881 Ambro-

356 2915 474 2970 sius
514 2919 835 2987 martyrum
881 2913 1122 2969 Protasii
1170 2917 1227 2968 et
1265 2913 1514 2969 Gervasii
1556 2914 1770 2969 detexit
1818 2929 2058 2985 corpora

357 3004 543 3076 (Ibid,
573 3020 630 3060 n.
666 3004 779 3075 16),
812 3002 904 3059 die
926 3001 1100 3076 junii,
1122 3005 1185 3058 ut
1213 3002 1454 3071 videtur,
1479 3003 1698 3059 decimo
1729 3007 1947 3059 octavo.

1042 3135 1267 3191 CAPUT
1306 3137 1369 3190 V.

360 3246 382 3299 1
423 3243 598 3300 Rebus
627 3241 873 3297 omnibus
918 3242 1018 3296 Dei
1045 3255 1212 3295 causa
1252 3242 1567 3296 renuntiare
1593 3242 1730 3309 vult,
1760 3256 1854 3295 nec
1880 3243 2047 3298 valet.

426 3334 462 3385 2
491 3331 908 3401 Simplicianum
953 3330 1204 3384 consulit.
1250 3331 1281 3384 3
1329 3329 1559 3383 Antonii
1592 3332 1763 3383 vitam
1799 3336 2059 3385 narrante

428 3422 738 3476 Pontitiano
765 3418 948 3484 discit,
975 3418 1243 3487 simulque
1264 3417 1561 3471 aulicorum
1591 3417 1821 3473 duorum
1849 3434 2059 3474 conver-

424 3511 645 3565 sionem.
677 3509 711 3563 4
752 3508 1040 3575 Con/licius
1082 3508 1140 3560 in
1170 3506 1472 3572 Augustini
1496 3511 1668 3561 mente
1693 3522 1756 3561 ac
1784 3507 2059 3563 voluntate

429 3598 621 3653 audito
650 3598 979 3652 Pontitiano.
1008 3598 1038 3650 5
1068 3596 1235 3651 Pauli
1263 3594 1494 3649 codicem
1520 3596 1752 3650 insolita
1777 3599 1921 3652 vocis
1944 3614 2055 3653 mo-

431 3687 536 3743 litu
559 3688 760 3758 aperit,
794 3686 1027 3754 lectoque
1065 3685 1175 3739 loco
1201 3688 1416 3754 repente
1443 3687 1789 3741 convertitur.

430 3807 476 3858 1.
522 3802 666 3858 Cum
705 3817 862 3856 sacra
902 3799 1003 3855 Dei
1045 3800 1290 3871 eloquia,
1336 3803 1400 3854 ut
1436 3798 1707 3864 diximus,
1748 3801 2056 3872 Augustini

352 3892 544 3948 animo
571 3890 801 3963 penitus
831 3888 1164 3957 insiderent,
1192 3905 1309 3944 non
1328 3888 1452 3961 jam
1480 3889 1550 3945 de
1570 3888 1670 3944 illo
1702 3889 1924 3955 certior,
1956 3891 2053 3945 sed

350 3982 413 4037 in
439 3981 539 4037 illo
568 3980 826 4036 stabilior
854 3995 975 4034 esse
991 3977 1275 4050 cupiebat.
1306 3977 1499 4033 Animi
1527 3982 1719 4033 tamen
1745 3979 2050 4049 pendebat,

351 4072 408 4123 et
443 4066 583 4139 quid
624 4067 694 4121 de
739 4065 872 4121 vitae
912 4081 1029 4120 suae
1074 4065 1337 4121 instituto
1383 4070 1674 4134 statueret,
1727 4067 2048 4138 ignorabat.

351 4156 461 4212 Cor
489 4157 613 4227 ejus
638 4172 673 4210 a
697 4154 876 4209 veteri
898 4154 1199 4219 fermento,
1227 4170 1340 4224 quo
1363 4154 1639 4209 infectum
1664 4155 1866 4223 fuerat,
1890 4173 2053 4211 mun-

350 4244 605 4300 dandum
627 4246 765 4298 erat.
787 4244 855 4297 Et
877 4242 1009 4297 licet
1023 4242 1299 4313 gauderet
1313 4241 1501 4313 ipsum
1526 4242 1874 4298 Salvatorem
1903 4244 2051 4298 viam

348 4348 491 4400 esse,
524 4349 653 4404 qua:
681 4348 786 4386 nos
811 4331 881 4386 ad
908 4332 1149 4385 salutem
1181 4330 1430 4399 duceret,
1459 4331 1835 4386 nihilominus
1860 4338 2052 4388 tamen

344 4437 451 4493 per
464 4420 635 4492 hujus
654 4418 760 4474 viae
781 4418 1079 4490 angustias
1102 4419 1185 4474 ire
1211 4420 1395 4475 adhuc
1415 4419 1666 4491 pigebat.
1687 4421 2051 4477 Turbulentis

346 4508 829 4579 saeculinegotiis
868 4508 1053 4563 adhuc
1090 4524 1148 4563 se
1187 4513 1312 4564 tum
1341 4508 1624 4580 implicari
1659 4525 1812 4581 aegre
1848 4527 2048 4582 grava-

342 4604 515 4670 teque
545 4597 779 4653 ferebat.
820 4597 1017 4668 Neque
1047 4596 1224 4666 enim,
1259 4600 1321 4652 ut
1360 4602 1508 4663 ante,
1543 4614 1672 4669 spes
1713 4603 1964 4669 quaestus
1994 4605 2051 4655 ct

341 4686 581 4743 honoris
611 4684 981 4757 comparandi
1006 4685 1302 4756 erigebant
1331 4686 1591 4741 animum
1613 4687 1680 4742 ad
1703 4687 1848 4742 hanc
1876 4689 2049 4744 mole-

342 4775 658 4831 stissimam
697 4774 1029 4830 servitutem
1074 4775 1388 4830 ferendam.
1439 4776 1564 4831 Jam
1602 4793 1736 4832 eum
1781 4776 1880 4832 illa
1931 4794 2046 4834 non

339 4863 701 4920 oblectabant
731 4880 850 4936 prae
889 4864 1211 4933 dulcedine,
1253 4880 1428 4936 quam
1464 4881 1529 4920 ex
1558 4865 1750 4921 divino
1779 4866 1934 4922 fonte
1971 4867 2046 4921 si-

340 4951 550 5008 tienter
582 4952 903 5008 hauriebat.
937 4951 1044 5007 Sed
1083 4952 1134 5007 ei
1178 4968 1401 5008 moram
1441 4953 1712 5010 afferebat
1750 4971 1886 5010 cura
1927 4960 2044 5010 stu-

340 5042 617 5113 diumque
638 5039 856 5096 vitandi
877 5039 1253 5096 offensionem
1283 5043 1696 5097 nonnullorum
1716 5043 2041 5114 hominum,

339 5146 540 5186 eorum
568 5128 736 5193 forte,
773 5122 1021 5201 quorum
1048 5128 1258 5185 liberos
1290 5129 1586 5186 imbuebat
1612 5130 1879 5202 ingenuis
1903 5133 2042 5187 arti-

334 5220 461 5277 bus.
502 5218 770 5292 Conjugii
798 5223 1081 5290 prmterea
1110 5217 1393 5274 desiderio
1418 5218 1789 5274 vehementer
1817 5222 2043 5277 teneba-

334 5312 467 5377 tur;
499 5312 554 5365 et
593 5308 666 5365 ob
694 5307 755 5364 id
790 5324 975 5363 unum
1016 5308 1077 5363 in
1118 5307 1338 5364 caeteris
1369 5308 1696 5380 languidus,
1728 5309 1879 5366 curis
1918 5310 2041 5366 ani-

333 5414 498 5454 mum
538 5395 976 5454 corrodentibus
1022 5397 1375 5465 tabescebat;
1421 5397 1579 5470 quod
1615 5397 1892 5454 nimirum
1925 5400 2042 5456 vita

332 5486 671 5560 coniugalis,
723 5485 795 5542 ad
848 5502 1023 5559 quam
1076 5490 1239 5542 tanta
1291 5488 1674 5559 propensione
1730 5488 2036 5559 ferebatur,

330 5575 489 5631 varia
526 5591 719 5637 secum
756 5577 1011 5632 traheret
1050 5576 1435 5650 incommoda,
1478 5594 1607 5650 quae
1644 5578 1765 5651 pati
1805 5579 2039 5635 nolebat

350 5666 506 5734 Conf.
538 5665 630 5723 lib.
662 5668 695 5722 8
727 5681 847 5737 cap.
884 5670 932 5733 1,
964 5683 1058 5723 nn.
1095 5670 1147 5736 1,
1173 5670 1251 5740 2).

1571 390 1742 450 VlTA
1795 388 1850 444 S.
1893 389 2275 448 AUGUSTINI
2335 391 2674 449 EPISCOPI.

3775 391 3869 441 112

2236 516 2288 569 2.
2318 514 2406 569 Sic
2428 514 2630 569 affecto
2652 516 2909 569 mentem
2934 512 3082 567 Deus
3102 509 3319 583 injecit,
3349 513 3411 565 ut
3431 508 3871 581 Simplicianum

2167 602 2367 673 adiret,
2392 609 2528 659 tunc
2549 603 2905 674 spiritualem
2934 599 3223 657 Ambrosii
3244 604 3490 671 patrem,
3514 600 3636 670 ejus
3663 599 3869 654 deinde

2166 708 2566 748 successorem.
2606 692 2875 747 Eluccbat
2900 690 2960 746 in
2992 707 3059 745 eo
3099 689 3281 762 gratia
3314 688 3433 756 Dei,
3467 689 3633 761 cujus
3666 704 3724 743 se
3755 688 3871 741 cul-

2166 780 2252 835 tui
2280 799 2313 835 a
2342 781 2641 853 juventute
2681 780 2996 836 dediderat.
3034 780 3094 833 ln
3134 793 3359 833 summa
3396 792 3624 847 semper
3665 776 3874 847 pietate

2164 869 2339 925 vitam
2366 871 2624 939 duxerat,
2680 875 2802 925 tum
2834 872 2998 925 (etate
3039 868 3351 923 confectus.
3395 866 3561 932 Quod
3601 864 3875 936 Augusti-

2167 976 2307 1014 num
2337 959 2589 1027 adduxit,
2620 963 2685 1014 ut
2708 959 2965 1014 crederet
2996 959 3072 1027 (et
3108 957 3187 1011 ita
3224 972 3282 1010 se
3316 972 3407 1010 res
3441 954 3710 1025 habebat)
3742 970 3873 1009 eum

2168 1054 2295 1119 post
2340 1052 2425 1103 tot
2465 1065 2645 1103 annos
2688 1047 2750 1103 in
2797 1046 3021 1101 virtutis
3072 1044 3479 1101 exercitatione
3536 1048 3872 1109 transactos,

2168 1137 2480 1207 spiritualis
2520 1136 2652 1192 vitae
2693 1136 2990 1192 scientiam
3030 1135 3302 1190 diuturno
3345 1150 3455 1189 usu
3497 1133 3604 1188 sibi
3644 1148 3873 1203 compa-

2166 1241 2337 1280 rasse.
2394 1225 2535 1281 Huic
2583 1225 2761 1297 igitur
2802 1225 3054 1281 decrevit
3099 1239 3297 1279 omnes
3343 1223 3432 1277 sui
3476 1221 3656 1277 animi
3703 1225 3875 1276 aestus

2166 1314 2486 1386 ﬂuctusque
2508 1315 2772 1386 detegere
2802 1331 2815 1370 ε
2850 1319 2912 1369 ut
2939 1314 3045 1369 sibi
3074 1314 3155 1368 sic
3180 1316 3373 1368 mente
3402 1312 3710 1367 constituto
3730 1310 3873 1365 Sim-

2166 1402 2447 1474 plicianus
2486 1404 2747 1471 modum,
2791 1420 2963 1476 quem
3007 1403 3290 1475 aptiorem
3322 1402 3574 1468 duceret,
3608 1400 3679 1455 ad
3721 1398 3876 1454 viam

2169 1492 2269 1547 Dei
2299 1493 2607 1548 tenendam
2631 1493 3070 1548 demonstraret.
3103 1494 3245 1547 Eum
3274 1491 3468 1562 itaque
3498 1489 3658 1556 adiit,
3692 1493 3750 1543 et
3789 1505 3877 1543 er-

2166 1596 2364 1635 rorum
2410 1598 2644 1637 suorum
2680 1581 2965 1637 anfractus
3008 1580 3196 1636 eidem
3234 1579 3476 1652 aperuit.
3524 1578 3628 1634 Ubi
3662 1576 3878 1632 audivit

2167 1668 2589 1740 Simplicianus,
2624 1686 2756 1725 eum
2778 1670 3206 1725 Platonicorum
3237 1668 3411 1723 libros
3441 1684 3473 1722 a
3498 1666 3787 1721 Victorino
3819 1665 3877 1719 iu

2166 1758 2410 1814 latinum
2456 1775 2755 1814 conversos
2811 1759 3036 1830 legisse,
3086 1758 3410 1830 gratulatus
3463 1760 3578 1823 est;
3635 1760 3694 1809 et
3741 1754 3875 1808 inde

2167 1853 2396 1919 arrepta
2444 1848 2760 1916 occasione,
2810 1849 3070 1920 ejusdem
3122 1846 3433 1913 Victorini;
3460 1861 3636 1918 quem
3674 1845 3874 1899 Romae

2166 1936 2610 1992 familiarissime
2640 1942 2898 2004 noverat,
2928 1937 3356 1992 conversionem
3386 1934 3471 1989 illi
3496 1933 3710 1988 retulit.
3743 1934 3878 1988 Haec

2166 2026 2251 2081 illi
2282 2026 2570 2095 narrabat,
2603 2030 2666 2081 ut
2695 2043 2828 2081 eum
2853 2026 2926 2081 ad
2951 2025 3294 2081 humilitatis
3321 2025 3348 2080 J
3356 2040 3455 2079 esu
3476 2022 3707 2089 Christi,
3739 2038 3874 2094 quae

2167 2115 2533 2171 absconditur
2555 2115 2904 2187 sapientibus
2929 2119 2985 2170 et
3007 2116 3290 2169 revelatur
3320 2112 3587 2185 parvulis,
3616 2112 3876 2167 studium

2165 2203 2510 2272 hortaretur,
2554 2208 2611 2259 et
2647 2205 2745 2258 ille
2785 2220 2843 2259 se
2894 2203 2966 2259 ad
3013 2203 3154 2258 tanti
3200 2202 3330 2267 viri,
3380 2202 3580 2257 eadem
3624 2200 3688 2256 in
3728 2205 3873 2266 arte,

2118 2310 2125 2315 '
2166 2310 2341 2365 quam
2388 2293 2510 2365 ipse
2551 2293 2942 2364 profitebatur,
2993 2292 3136 2347 adeo
3184 2292 3441 2360 illustris,
3491 2289 3879 2345 imitationem

2168 2381 2531 2437 accenderet:
2574 2398 2639 2436 ac
2687 2398 2748 2436 re
2790 2381 3024 2453 quidem
3072 2383 3197 2453 ipsa
3236 2381 3305 2436 ad
3346 2397 3478 2435 eum
3522 2378 3875 2435 imitandum

2167 2469 2375 2525 exarsit
2394 2470 2769 2541 Augustinus.
2805 2471 3061 2542 Cumque
3083 2469 3417 2540 subjecisset
3445 2467 3875 2540 Simplicianus,

2166 2559 2349 2615 edicto
2382 2559 2594 2614 Iuliani
2630 2558 2947 2631 prohibitos
2984 2558 3158 2614 fuisse
3206 2558 3555 2615 Christianos
3593 2557 3882 2612 litteratu-

2166 2664 2289 2703 ram
2318 2651 2374 2703 et
2404 2648 2710 2703 oratoriam
2752 2652 2933 2702 artem
2972 2647 3192 2710 docere,
3231 2647 3698 2719 Victorinumque
3736 2645 3879 2700 huic

2164 2735 2279 2808 legi
2308 2736 2713 2808 obsequentem
2736 2737 2944 2791 schola
2972 2752 3087 2790 suae
3107 2736 3378 2792 nuntium
3404 2735 3686 2790 remisisse
3710 2750 3723 2789 :
3749 2737 3881 2791 Non

2164 2827 2321 2893 mihi,
2355 2825 2434 2880 ait
2476 2825 2850 2897 Augustinus,
2889 2827 3090 2893 fortior
3137 2842 3305 2895 quam
3348 2826 3561 2892 felicior
3590 2827 3737 2879 visus
3768 2828 3877 2887 est,

2166 2917 2299 2984 quia
2317 2917 2524 2970 invenit
2543 2916 2868 2970 occasionem
2894 2915 3132 2970 vacandi
3161 2916 3288 2971 tibi.
3326 2915 3453 2970 Mox
3476 2913 3540 2969 in
3558 2913 3680 2968 haec
3699 2913 3881 2967 verba

2165 3004 2357 3074 erupit
2382 3021 2394 3058 :
2419 3005 2520 3062 Cui
2544 3006 2626 3059 rei
2646 3020 2739 3072 ego
2761 3004 3111 3075 suspirabam
3134 3005 3358 3073 ligatus,
3381 3019 3487 3058 non
3505 3004 3653 3071 ferro
3668 3002 3875 3070 alieno,

2162 3093 2258 3147 sed
2284 3109 2401 3147 mea
2430 3094 2611 3161 ferrea
2640 3095 2935 3149 voluntate.
2975 3095 3118 3150 Velle
3149 3109 3321 3148 meum
3355 3093 3563 3147 tenebat
3591 3092 3874 3159 inimicus,

2165 3186 2215 3235 et
2234 3182 2360 3235 inde
2376 3182 2513 3235 mihi
2531 3186 2773 3236 catenam
2791 3184 3013 3250 fecerat,
3036 3187 3087 3237 et
3110 3184 3510 3237 constrinxerat
3527 3197 3628 3236 me.
3655 3180 3879 3250 Quippe

2164 3284 2232 3323 ex
2258 3270 2532 3324 voluntate
2567 3283 2823 3339 perversa
2856 3273 3009 3338 facta
3046 3274 3126 3325 est
3156 3271 3357 3325 libido:
3388 3274 3438 3323 et
3469 3270 3599 3324 dum
3637 3272 3881 3324 servitur

2165 3358 2409 3425 libidini,
2441 3360 2594 3425 facta
2632 3363 2711 3413 est
2735 3359 3089 3426 consuetudo;
3121 3363 3171 3413 et
3199 3359 3330 3413 dum
3357 3358 3739 3413 consuetudini
3763 3374 3877 3415 non

2163 3449 2454 3513 resistitur,
2474 3448 2628 3514 facta
2646 3452 2725 3503 est
2740 3449 3048 3504 necessitas.
3082 3448 3290 3514 Quibus
3319 3450 3482 3517 quaSi
3506 3449 3716 3503 ansulis
3734 3448 3876 3503 sibi-

2164 3542 2268 3592 met
2304 3539 2540 3607 inneccis,
2591 3538 2733 3592 unde
2780 3543 3022 3592 catenam
3072 3539 3364 3607 appellavi,
3398 3536 3607 3591 tenebat
3652 3552 3736 3591 me
3774 3538 3875 3591 ob-

2161 3629 2410 3681 strictum
2441 3626 2582 3681 dura
2612 3628 2863 3681 servitus.
2902 3628 3164 3683 Voluntas
3193 3631 3370 3681 autem
3400 3642 3560 3693 nova,
3588 3641 3706 3695 quae
3730 3628 3879 3681 mihi

2162 3731 2273 3771 esse
2296 3720 2527 3786 coeperat
2547 3720 2607 3769 ut
2637 3720 2685 3770 te
2703 3717 2877 3782 gratis
2903 3717 3144 3786 colerem,
3169 3718 3393 3786 fruique
3419 3719 3468 3770 te
3494 3716 3700 3782 vellem,
3724 3717 3876 3772 Deus

2161 3806 2276 3860 sola
2304 3810 2447 3859 certa
2478 3804 2824 3874 jucunditas,
2857 3804 3094 3859 nondum
3125 3809 3243 3859 erat
3273 3804 3464 3859 idonea
3493 3804 3567 3859 ad
3595 3819 3872 3876 superan-

2162 3893 2290 3948 dam
2323 3896 2555 3963 priorem
2596 3898 2861 3949 vetustate
2904 3894 3237 3949 roboratam.
3276 3896 3363 3949 Ita
3402 3893 3523 3948 dum
3566 3893 3875 3949 voluntates

2160 3999 2304 4051 meae,
2340 3998 2452 4036 una
2482 3988 2653 4050 vetus,
2687 3983 2802 4037 alia
2830 3999 2990 4049 nova,
3015 3985 3112 4038 illa
3133 3983 3394 4051 comatis,
3420 3983 3521 4037 illa
3538 3983 3873 4051 spiritualis,

2159 4072 2515 4141 confligebant
2563 4073 2704 4126 inter
2754 4087 2828 4139 se,
2884 4076 3047 4142 atque
3102 4070 3466 4126 discordando
3520 4068 3873 4138 dissipabunt

2159 4163 2398 4215 animam
2414 4176 2613 4216 meam.
2638 4161 2729 4217 Sic
2744 4161 3137 4229 intelligebam,
3171 4162 3229 4215 in
3248 4162 3449 4230 meipso
3477 4159 3866 4228 experimento,

2158 4250 2219 4303 id
2259 4249 2404 4318 quod
2443 4251 2696 4318 legeram,
2730 4250 2994 4319 quomodo
3025 4266 3149 4305 caro
3180 4251 3571 4320 concupisceret
3602 4246 3869 4302 adversus

2156 4341 2430 4408 spiritum,
2457 4344 2509 4392 et
2534 4341 2761 4408 spiritus
2782 4339 3043 4395 adversus
3069 4354 3373 4394 carnem...
3409 4337 3612 4408 (Galat.
3653 4353 3707 4404 ν,
3746 4338 3859 4408 17).

2157 4429 2227 4482 Et
2254 4442 2358 4481 non
2387 4431 2504 4481 erat
2527 4427 2641 4496 iam
2665 4428 2766 4481 illa
2784 4431 3082 4496 excusatio,
3111 4444 3221 4497 qua
3244 4427 3423 4482 videri
3450 4427 3590 4480 mihi
3605 4425 3863 4490 solebam,

2154 4518 2439 4584 propterea
2484 4515 2722 4570 nondum
2768 4531 2850 4570 me
2905 4521 3200 4586 contempto
3254 4516 3445 4570 seculo
3497 4516 3699 4570 servire
3737 4514 3862 4581 tibi,

2156 4605 2288 4671 quia
2313 4605 2518 4658 incerta
2546 4606 2684 4659 mihi
2712 4609 2846 4660 esset
2870 4608 3144 4675 perceptio
3172 4606 3425 4661 veritatis
3448 4604 3598 4673 :jam
3632 4605 3777 4658 enim
3814 4608 3865 4658 et

2151 4693 2274 4762 ipsa
2303 4697 2448 4746 certa
2485 4698 2623 4760 erat,
2671 4709 2764 4761 ego
2803 4698 2985 4749 autem
3015 4695 3194 4749 adhuc
3238 4699 3385 4748 terra
3413 4692 3706 4760 obligatus,
3751 4693 3858 4746 mi-

2154 4782 2314 4836 litare
2342 4782 2444 4836 tibi
2460 4783 2791 4849 recusabam,
2826 4787 2877 4838 et
2901 4784 3299 4853 impedimentis
3322 4781 3567 4838 omnibus
3596 4782 3675 4835 sic
3712 4783 3864 4835 time-

2154 4871 2276 4925 bam
2316 4872 2586 4940 cmpediri,
2644 4871 3096 4941 quemadmodum
3146 4872 3404 4942 impediri
3451 4868 3745 4925 timendum
3784 4873 3864 4924 est

2154 4959 2576 5029 (Confessionum
2623 4960 2722 5016 lib.
2782 4962 2836 5027 8,
2887 4974 3010 5030 cap.
3068 4963 3121 5026 5,
3175 4974 3276 5015 nn.
3346 4962 3432 5027 10,
3497 4956 3609 5029 11).
3665 4956 3864 5028 Pergit

2151 5047 2336 5102 adhuc
2365 5047 2479 5102 vim
2508 5046 2848 5119 tyrannidis,
2878 5063 3054 5119 quam
3083 5046 3400 5101 inveterata
3422 5044 3693 5118 peccandi
3721 5061 3857 5099 con-

2150 5136 2390 5192 suetudo
2420 5136 2482 5191 in
2508 5136 2699 5208 ipsum
2729 5136 3043 5204 exercebat,
3073 5135 3343 5207 graphice
3369 5135 3710 5191 describere.

2221 5228 2271 5281 3.
2303 5225 2414 5281 Sed
2449 5226 2682 5280 tandem
2711 5224 2906 5279 omnia
2934 5225 3058 5295 ejus
3110 5223 3338 5280 vincula
3383 5223 3631 5295 disrupit
3683 5223 3858 5290 Deus,

2148 5312 2356 5368 visibili
2386 5312 2558 5368 simul
2587 5317 2642 5367 et
2669 5311 2944 5368 invisibili
2969 5312 3265 5369 miraculo.
3297 5313 3490 5369 Solita:
3519 5311 3674 5367 illius
3702 5327 3857 5366 curm

2148 5406 2206 5456 et
2238 5401 2648 5457 sollicitudines
2686 5401 2869 5473 magis
2915 5418 2981 5456 ac
3017 5402 3200 5474 magis
3227 5401 3288 5457 in
3323 5401 3445 5457 dies
3486 5400 3856 5456 recrudesce-

2145 5490 2319 5547 bant:
2357 5492 2472 5546 Deo
2501 5491 2857 5547 continenter
2885 5492 3244 5564 suspirabat:
3276 5492 3571 5547 ecclesiam
3591 5490 3859 5563 frequen-

2143 5581 2320 5648 tabat,
2353 5584 2634 5652 quantum
2670 5580 2781 5652 ipsi
2809 5582 3017 5638 licebat
3055 5599 3160 5654 per
3189 5581 3437 5653 negotia,
3471 5580 3576 5636 sub
3606 5596 3854 5653 quorum

2144 5669 2394 5742 pendere
2423 5671 2709 5742 gemebat.
2742 5672 2983 5741 Quodam
3014 5672 3122 5741 die,
3158 5671 3370 5744 inquit,
3408 5673 3555 5728 venit
3589 5670 3665 5726 ad
3690 5685 3778 5727 me
3806 5673 3857 5724 et
