4020 6356
156 294 265 345 H3

146 418 415 488 Alypium
474 416 817 472 Pontitianus
855 416 1081 485 quidam
1119 417 1251 471 civis
1288 418 1466 470 noster
1508 416 1565 470 in
1592 421 1853 484 quantum

144 508 318 574 Afer,
357 507 619 577 prxclare
636 506 695 559 in
713 506 927 575 palatio
963 505 1210 559 militans
1242 520 1257 559 :
1282 506 1457 559 nescio
1486 504 1621 574 quid
1647 520 1680 559 a
1699 504 1852 559 nobis

143 597 379 651 volebat.
423 599 492 652 Et
516 595 851 651 consedimus
888 598 948 648 ut
971 595 1406 663 colloqueremur,
1438 598 1489 649 et
1513 596 1655 661 forte
1681 609 1852 664 supra

142 701 388 741 mensam
416 686 675 740 lusoriam
698 699 817 753 quae
840 688 965 737 ante
978 698 1072 738 nos
1091 687 1227 743 erat,
1246 682 1480 737 attendit
1498 683 1746 748 codicem,
1770 686 1852 736 tu-

144 775 234 833 lit.
267 776 504 844 aperuit,
536 776 744 827 invenit
772 772 1072 842 apostolum
1094 772 1344 838 Paulum,
1375 772 1652 841 inopinate
1678 786 1806 825 sane
1833 787 1845 825 :

141 866 445 932 putaverat
471 863 615 917 enim
653 860 870 931 aliquid
907 860 973 914 de
1002 860 1180 928 libris,
1220 876 1452 931 quorum
1474 862 1740 930 professio
1768 876 1850 914 me

141 952 481 1006 conterebat:
507 951 641 1004 Tum
678 964 801 1004 vero
831 949 1083 1004 arridens
1120 964 1306 1018 meque
1336 950 1570 1016 intuens,
1599 950 1846 1016 gratula-

145 1041 287 1094 torie
310 1041 540 1094 miratus
560 1042 638 1093 est
658 1038 803 1107 quod
839 1053 930 1092 eas
958 1041 1009 1091 et
1044 1038 1185 1092 solas
1210 1052 1328 1107 prae
1364 1038 1527 1091 oculis
1555 1039 1687 1091 meis
1716 1038 1850 1091 litte-

145 1144 244 1183 ras
264 1132 479 1198 repente
498 1129 856 1197 comperisset.
876 1127 1219 1184 Christianus
1240 1127 1440 1195 quippe
1455 1130 1507 1181 et
1514 1125 1690 1194 ﬁdelis
1710 1130 1845 1191 erat,

142 1221 197 1271 et
226 1232 367 1286 saepe
395 1216 499 1271 tibi
524 1218 626 1271 Deo
654 1219 835 1270 nostro
852 1214 1293 1285 prosternebatur
1318 1215 1377 1268 in
1405 1216 1623 1269 ecclesia
1650 1214 1849 1269 crebris

145 1311 197 1361 et
222 1306 504 1361 diuturnis
520 1304 881 1359 orationibus.
908 1304 1008 1361 Cui
1028 1319 1121 1373 ego
1151 1319 1269 1359 cum
1298 1303 1619 1359 iudicassem
1641 1305 1750 1358 illis
1772 1319 1853 1357 me

146 1396 456 1465 Scripturis
484 1409 672 1449 curam
698 1394 997 1448 maximam
1033 1392 1358 1463 impendere,
1399 1396 1547 1447 ortus
1576 1396 1654 1447 est
1681 1407 1851 1447 sermo

145 1486 270 1554 ipso
306 1488 570 1538 narrante
597 1483 663 1538 de
690 1483 928 1538 Antonio
969 1485 1227 1552 Egyptio
1256 1483 1539 1549 monacho,
1570 1482 1728 1551 cujus
1756 1497 1849 1535 no-

144 1588 272 1627 men
317 1573 635 1627 excellenter
672 1571 911 1627 clarebat
960 1571 1110 1641 apud
1138 1586 1315 1627 servos
1354 1575 1506 1636 tuos;
1550 1586 1644 1625 nos
1673 1574 1852 1624 autem

144 1675 320 1730 usque
347 1662 407 1715 in
439 1661 595 1716 illam
636 1660 825 1715 horam
864 1659 1084 1715 latebat.
1133 1659 1289 1726 Quod
1334 1660 1426 1714 ille
1453 1659 1548 1713 ubi
1570 1661 1848 1730 comperit,

144 1751 466 1805 immoratus
520 1753 600 1804 est
634 1752 694 1804 in
722 1765 779 1804 eo
817 1763 1073 1816 sermone,
1117 1749 1403 1803 insinuans
1434 1752 1645 1803 tantum
1672 1750 1850 1802 virum

146 1838 552 1906 ignorantibus,
602 1842 653 1893 et
699 1838 983 1893 admirans
1034 1839 1272 1892 eamdem
1308 1842 1549 1892 nostram
1585 1840 1848 1906 ignoran-

146 1928 304 1980 tiam.
341 1926 698 1996 Stupebamus
717 1931 895 1981 autem
925 1926 1202 1981 audientes
1220 1930 1330 1980 tam
1358 1928 1556 1981 recenti
1572 1930 1848 1991 memoria,

143 2019 197 2068 et
217 2030 391 2084 prope
409 2016 611 2070 nostris
643 2014 969 2083 temporibus
999 2016 1353 2069 testatissima
1372 2015 1648 2069 mirabilia
1669 2020 1763 2069 tua
1792 2018 1849 2070 in

142 2101 260 2175 fide
288 2108 433 2158 recta
472 2106 523 2157 et
569 2103 835 2157 catholica
878 2104 1138 2158 Ecclesia.
1170 2103 1358 2159 Omnes
1385 2103 1724 2189 mirabampr
1755 2120 1767 2158 :
1801 2108 1851 2157 et

142 2207 265 2261 nos,
297 2194 431 2261 quia
463 2195 573 2246 tam
599 2206 801 2261 magna
837 2196 1022 2257 erant;
1053 2196 1102 2245 et
1123 2192 1231 2256 ille,
1256 2194 1388 2260 quia
1418 2191 1670 2245 inaudita
1696 2192 1849 2246 nobis

143 2284 323 2335 erant.
364 2280 496 2335 Inde
524 2296 693 2334 sermo
724 2280 839 2349 ejus
877 2280 1155 2334 devolutus
1197 2284 1277 2333 est
1304 2279 1378 2333 ad
1404 2282 1850 2335 monasteriorum

144 2384 356 2436 greges,
378 2372 428 2423 et
447 2383 617 2423 mores
645 2369 1018 2423 suaveolentix
1044 2374 1165 2435 tuae,
1188 2372 1239 2422 et
1256 2369 1423 2422 ubera
1437 2368 1646 2422 deserta
1666 2372 1848 2439 eremi,

145 2473 379 2529 quorum
409 2472 503 2512 nos
550 2458 699 2512 nihil
730 2457 1047 2512 sciebamus.
1087 2458 1159 2511 Et
1187 2461 1301 2511 erat
1330 2458 1712 2512 monasterium
1740 2460 1850 2512 Me-

145 2548 362 2603 diolani
384 2547 604 2617 plenum
634 2546 783 2601 bonis
819 2545 1111 2614 fratribus,
1145 2550 1305 2599 extra
1347 2546 1500 2600 urbis
1528 2548 1724 2600 mania
1751 2547 1849 2601 sub

146 2635 437 2690 Ambrosio
475 2636 774 2701 nutritore;
803 2639 854 2688 et
890 2649 995 2688 non
1023 2649 1356 2689 noveramus.
1389 2634 1738 2689 Pertendebat
1760 2635 1851 2689 ille

153 2729 206 2779 et
254 2724 572 2794 loquebatur
624 2723 823 2783 adhuc,
871 2727 921 2777 et
950 2738 1044 2778 nos
1096 2725 1291 2778 intenti
1327 2723 1649 2778 tacebamus.
1703 2724 1852 2778 Unde

142 2812 346 2866 incidit
396 2816 458 2866 ut
499 2812 723 2878 diceret,
754 2813 929 2865 nescio
959 2811 1176 2879 quando
1204 2826 1259 2866 se
1285 2815 1336 2865 et
1366 2816 1471 2865 tres
1501 2812 1636 2866 alios
1666 2816 1848 2866 contu-

142 2901 389 2955 bernales
430 2915 575 2967 suos,
619 2900 879 2953 nimirum
909 2899 1059 2969 apud
1100 2900 1372 2968 Treveros,
1404 2914 1523 2953 cum
1553 2903 1851 2969 Imperator

139 2989 524 3059 pomeridiano
573 2989 902 3045 Circensium
956 2988 1255 3057 spectaculo
1312 2991 1578 3042 teneretur
1604 3027 1619 3055 ,
1677 2990 1850 3043 exisse

141 3078 551 3133 deambulatum
588 3080 647 3132 in
682 3078 859 3131 hortos
888 3079 1060 3131 muris
1094 3078 1407 3145 contiguos;
1441 3081 1602 3146 atque
1630 3078 1743 3132 illic
1780 3082 1844 3132 ut

145 3169 294 3235 forte
322 3168 617 3222 combinati
649 3166 1058 3236 spatiabantur,
1094 3181 1260 3220 unum
1290 3181 1467 3220 secum
1504 3181 1762 3234 seorsum,
1798 3172 1847 3221 et

142 3257 285 3312 alios
311 3257 444 3311 duos
474 3256 662 3311 itidem
683 3271 918 3310 seorsum
932 3257 1250 3325 pariterque
1276 3255 1544 3323 digressos
1567 3270 1582 3308 :
1605 3255 1700 3309 sed
1725 3256 1846 3309 illos

138 3345 502 3415 vagabundos
531 3346 756 3399 irruisse
782 3346 841 3398 in
867 3344 1160 3412 quamdam
1180 3358 1381 3409 casam,
1404 3343 1498 3397 ubi
1526 3342 1847 3398 habitabant

142 3434 373 3504 quidam
402 3436 549 3489 servi
575 3435 675 3501 tui,
706 3434 910 3503 spiritu
926 3447 1218 3502 pauperes,
1250 3433 1495 3503 qualium
1524 3437 1602 3487 est
1623 3447 1846 3500 regnum

138 3524 395 3578 ctelorum
444 3522 655 3592 (Matth.
688 3538 740 3588 ν,
791 3519 863 3591 3),
907 3524 958 3575 et
984 3522 1250 3575 invenisse
1288 3520 1368 3574 ibi
1398 3520 1627 3574 codicem
1654 3522 1712 3574 in
1743 3536 1845 3589 quo

140 3613 354 3681 scripta
373 3614 489 3665 erat
506 3612 622 3665 vita
644 3610 887 3665 Antonii.
913 3609 1084 3675 Quam
1105 3609 1273 3675 legere
1291 3610 1456 3678 ccepit
1478 3623 1617 3662 unus
1643 3623 1840 3672 eorum,

140 3705 199 3755 et
226 3701 444 3760 mirari,
478 3702 530 3753 et
555 3698 793 3765 accendi,
838 3702 889 3752 et
926 3699 1069 3752 inter
1104 3697 1382 3764 legendum
1414 3696 1671 3750 meditari
1698 3698 1845 3750 arri-

136 3805 274 3861 pere
294 3790 453 3843 talem
469 3790 657 3847 vitam,
686 3790 738 3841 et
767 3787 956 3840 relicta
980 3787 1179 3840 militia
1203 3786 1455 3840 saeculari
1480 3787 1682 3839 servire
1706 3785 1804 3839 tibi
1828 3800 1841 3838 :

140 3882 302 3933 erant
350 3881 527 3931 autem
556 3891 623 3929 ex
652 3878 725 3930 eis
756 3890 886 3944 quos
915 3875 1103 3929 dicunt
1128 3875 1362 3942 Agentes
1400 3876 1459 3927 in
1488 3872 1665 3929 rebus.
1702 3875 1845 3928 Tunc

138 3967 325 4024 subito
373 3965 607 4033 repletus
659 3979 838 4018 amore
882 3967 1065 4017 sancto
1110 3966 1159 4016 et
1196 3962 1371 4016 sobrio
1395 3961 1623 4031 pudore,
1664 3963 1845 4017 iratus

139 4055 255 4111 sibi
305 4053 529 4121 conjecit
564 4051 739 4106 oculos
780 4052 837 4103 in
867 4052 1116 4110 amicum,
1150 4053 1201 4103 et
1231 4050 1310 4103 ait
1340 4048 1424 4102 illi
1454 4064 1467 4101 :
1511 4050 1624 4106 Dic.
1669 4062 1846 4118 quxso

143 4150 217 4210 te,
246 4141 491 4197 omnibus
528 4142 650 4195 istis
680 4138 952 4193 laboribus
988 4139 1187 4192 nostris
1218 4152 1321 4205 quo
1362 4136 1630 4191 ambimus
1652 4152 1845 4205 perve-

139 4235 305 4287 nire?
335 4230 473 4301 quid
501 4231 792 4299 quxrimus
815 4232 843 4283 ?
871 4228 1026 4298 cujus
1063 4230 1144 4281 rei
1171 4242 1341 4282 causa
1366 4226 1708 4281 militamus?
1734 4228 1847 4281 Ma-

134 4323 301 4393 jorne
338 4335 448 4374 esse
474 4321 672 4389 poterit
701 4333 820 4388 spes
848 4322 1035 4373 nostra
1066 4320 1123 4372 in
1145 4318 1377 4387 palatio.
1405 4332 1567 4385 quam
1594 4321 1653 4370 ut
1683 4318 1847 4370 amici

142 4410 496 4480 Imperatoris
531 4407 742 4463 simus?
773 4410 843 4462 Et
870 4407 950 4461 ibi
979 4406 1115 4476 quid
1143 4422 1248 4461 non
1274 4406 1497 4473 fragile,
1524 4406 1847 4475 plenumque

136 4500 401 4571 periculis
425 4500 453 4551 ?
492 4500 560 4553 Et
584 4512 684 4567 per
713 4500 842 4566 quot
866 4496 1112 4565 pericula
1136 4496 1453 4565 pervenitur
1481 4494 1556 4548 ad
1581 4494 1845 4560 grandius

140 4586 489 4660 periculum?
520 4588 588 4640 Et
621 4584 838 4654 quando
866 4586 1006 4639 istuc
1034 4585 1180 4638 erit?
1206 4583 1432 4637 Amicus
1461 4586 1635 4636 autem
1656 4585 1770 4648 Dei,
1798 4584 1848 4636 si

141 4678 385 4746 voluero,
414 4690 524 4729 ecce
551 4690 692 4728 nunc
723 4675 811 4743 ﬁo.
856 4674 1012 4728 Dixit
1059 4673 1176 4741 hoc,
1220 4675 1271 4726 et
1316 4670 1567 4725 turbidus
1594 4669 1845 4740 parturi-

145 4768 292 4821 tione
318 4779 468 4819 novx
501 4766 646 4830 vita,
676 4762 920 4817 reddidit
947 4762 1123 4816 oculos
1164 4762 1412 4831 paginis,
1450 4764 1500 4814 et
1542 4760 1766 4826 legebat,
1797 4764 1848 4815 et

138 4853 466 4910 mutabatur
504 4857 649 4906 intus
689 4851 784 4906 ubi
826 4856 883 4906 tu
922 4851 1163 4917 videbas,
1218 4854 1269 4904 et
1314 4847 1611 4913 exuebatur
1647 4847 1847 4903 mundo

142 4955 294 4995 mens
325 4940 463 5009 ejus,
493 4943 553 4994 ut
574 4955 698 4993 mox
728 4940 1010 5009 apparuit.
1035 4940 1282 5007 Namque
1310 4937 1439 4992 dum
1459 4938 1590 5005 legit
1616 4940 1667 4990 et
1682 4937 1848 4991 volvit

142 5033 343 5099 ﬂuctus
390 5028 566 5083 cordis
616 5030 722 5095 sui,
772 5029 1055 5095 infremuit
1111 5025 1428 5096 aliquando,
1473 5029 1523 5080 et
1570 5025 1845 5091 discrevit,

147 5118 492 5186 decrevitque
536 5118 789 5184 meliora;
812 5117 1037 5187 jamque
1069 5120 1212 5184 tuus,
1255 5116 1337 5169 ait
1364 5115 1535 5169 amico
1562 5128 1657 5168 suo
1689 5129 1702 5168 :
1734 5116 1849 5182 Ego

139 5209 265 5279 jam
287 5206 489 5275 abrupi
515 5220 597 5259 me
625 5205 693 5258 ab
724 5206 821 5259 illa
848 5220 942 5275 spe
969 5208 1176 5271 nostra,
1207 5208 1259 5258 et
1286 5206 1389 5258 Deo
1423 5204 1623 5258 servire
1648 5204 1849 5266 statui;

145 5301 200 5350 et
226 5297 321 5349 hoc
347 5309 417 5349 ex
441 5294 575 5347 hora
600 5293 720 5359 hac,
739 5294 797 5347 in
817 5294 910 5347 hoc
931 5293 1039 5347 loco
1061 5292 1369 5361 aggredior.
1402 5293 1471 5345 Te
1495 5292 1545 5346 si
1562 5292 1711 5361 piget
1728 5292 1850 5343 imi-

149 5386 283 5453 tari,
314 5383 429 5438 noli
459 5381 760 5436 adversari.
811 5381 1105 5451 Respondit
1134 5382 1243 5448 ille,
1274 5380 1549 5434 adhxrere
1575 5394 1629 5433 se
1649 5382 1851 5433 socium

150 5477 318 5529 tantae
346 5471 606 5526 mercedis
637 5473 903 5539 tantxque
931 5472 1161 5525 militiae.
1194 5472 1263 5524 Et
1291 5470 1445 5524 ambo
1466 5469 1587 5539 jam
1617 5469 1699 5522 tui
1724 5468 1849 5521 xdi-

152 5562 395 5634 ﬁcabant
432 5561 635 5615 turrim
662 5563 881 5631 sumptu
920 5558 1104 5613 idoneo
1152 5557 1494 5628 relinquendi
1520 5558 1701 5613 omnia
1728 5572 1849 5619 sua,

1578 291 1794 349 LIBER
1837 289 2228 348 SECUNDUS.

3564 295 3665 350 114

1961 418 2012 469 et
2064 413 2323 483 sequendi
2368 418 2415 468 te
2465 414 2612 485 (Luc.
2661 431 2772 483 xw,
2821 415 3021 485 26-35).
3075 418 3208 471 Tum
3264 418 3654 484 Pontitianus,

1960 507 2010 557 et
2039 506 2136 572 qui
2158 519 2276 558 cum
2305 518 2362 557 eo
2378 519 2477 573 per
2506 505 2646 557 alias
2666 505 2811 559 horti
2834 508 3019 574 partes
3050 504 3488 573 deambulabant,
3512 521 3659 575 qua-

1959 596 2133 645 rentes
2180 606 2264 645 eos
2310 591 2637 648 devenerunt
2664 594 2723 646 in
2768 591 3008 646 eumdem
3038 594 3235 654 locum,
3253 596 3303 646 et
3326 595 3653 648 invenientes

1959 680 2353 735 admonuerunt
2390 685 2451 735 ut
2485 680 2744 747 redirent,
2778 680 2922 750 quod
2950 681 3271 736 declinasset
3299 681 3427 736 dies.
3471 680 3547 735 At
3573 680 3664 734 illi

1957 774 2182 823 narrato
2227 770 2428 837 placito
2479 773 2528 823 et
2550 771 2825 839 proposito
2863 784 2978 838 suo,
3019 785 3228 839 quoque
3265 769 3420 824 modo
3467 770 3526 823 in
3571 769 3646 822 eis

1957 859 2091 912 talis
2121 858 2367 911 voluntas
2387 862 2507 912 orta
2538 862 2670 912 esset
2697 862 2859 926 atque
2871 858 3123 928 firmata,
3146 860 3451 928 petiverunt
3468 872 3534 911 ne
3548 856 3656 911 sibi

1959 948 2168 1002 molesti
2205 952 2396 1014 essent,
2447 949 2498 1003 si
2537 948 2770 1017 adjungi
2798 952 3123 1003 recusarent.
3153 949 3257 1002 Isti
3279 951 3457 1001 autem
3484 944 3659 999 nihilo

1960 1038 2157 1090 mutati
2184 1052 2218 1090 a
2244 1039 2521 1106 pristinis,
2547 1039 2805 1107 ﬂeverunt
2832 1052 2885 1092 se
2917 1040 3120 1102 tamen,
3152 1040 3213 1091 ut
3238 1034 3467 1100 dicebat,
3499 1036 3662 1102 atque

1962 1126 2073 1179 illis
2111 1127 2195 1194 pic
2233 1127 2599 1194 congratulati
2638 1129 2784 1193 sunt,
2836 1130 2886 1180 et
2915 1125 3417 1180 commendaverunt
3445 1139 3501 1179 se
3524 1138 3651 1177 ora-

1963 1214 2194 1268 tionibus
2220 1230 2399 1269 eorum
2415 1234 2435 1281 ;
2466 1219 2516 1269 et
2542 1214 2810 1269 trahentes
2831 1230 2920 1268 cor
2940 1216 2996 1268 in
3022 1217 3169 1267 terra
3188 1213 3438 1267 abierunt
3464 1214 3523 1266 in
3545 1228 3657 1282 pa-

1962 1303 2186 1366 latium;
2234 1304 2321 1357 illi
2368 1306 2545 1357 autem
2591 1305 2872 1372 afﬁgentes
2918 1318 3010 1357 cor
3050 1303 3193 1368 cxlo,
3236 1305 3548 1356 manserunt
3587 1303 3648 1356 in

1960 1406 2104 1445 casa.
2137 1394 2207 1447 Et
2235 1392 2389 1447 ambo
2419 1393 2687 1447 habebant
2722 1407 2946 1461 sponsas
2980 1407 2993 1446 :
3029 1406 3152 1461 qua
3176 1395 3532 1460 posteaquam
3561 1390 3656 1445 hoc

1960 1480 2270 1547 audierunt,
2298 1481 2616 1536 dicaverunt
2630 1483 2793 1536 etiam
2810 1484 2942 1552 ipsa:
2959 1482 3329 1551 virginitatem
3351 1480 3453 1535 tibi
3471 1478 3653 1549 (Conf.

1961 1568 2057 1622 lib.
2089 1570 2144 1630 8,
2176 1584 2298 1638 cap.
2326 1571 2379 1636 6,
2408 1584 2502 1623 nn.
2540 1570 2625 1636 14,
2661 1568 2769 1639 15).

2032 1658 2085 1710 4.
2120 1657 2392 1711 Narrante
2438 1657 2558 1711 haec
2608 1655 2959 1724 Pontitiano,
2990 1655 3355 1728 prosequitur
3384 1653 3657 1727 Augusti-

1962 1760 2088 1799 nus.
2127 1746 2205 1799 I‘u
2231 1749 2428 1812 autem,
2454 1747 2691 1812 Domine,
2713 1747 2856 1799 inter
2881 1745 3045 1799 verba
3063 1744 3179 1814 ejus
3209 1744 3555 1813 retorquebas
3573 1759 3657 1798 me

1961 1832 2035 1885 ad
2054 1848 2134 1887 me
2152 1835 2359 1902 ipsum;
2391 1835 2643 1900 auferens
2669 1849 2751 1888 me
2768 1849 2803 1887 a
2834 1833 2993 1887 dorso
3010 1847 3122 1886 meo
3136 1832 3231 1886 ubi
3248 1848 3330 1886 me
3345 1847 3653 1902 posueram,

1960 1921 2089 1976 dum
2132 1923 2325 1976 nollem
2368 1937 2450 1976 me
2478 1923 2778 1989 attendere;
2818 1926 2869 1977 et
2905 1921 3264 1976 eonstituebas
3302 1936 3385 1974 me
3411 1925 3536 1975 ante
3562 1922 3654 1988 fa-

1960 2014 2092 2066 riem
2111 2027 2301 2077 meam,
2330 2016 2388 2066 ut
2405 2011 2640 2066 viderem
2659 2027 2823 2080 quam
2855 2013 3032 2080 turpis
3052 2025 3236 2077 essem,
3258 2025 3423 2081 quam
3451 2009 3651 2064 distor-

1961 2106 2046 2156 tus
2075 2106 2125 2155 et
2152 2100 2423 2164 sordidus,
2466 2101 2765 2154 maculosus
2792 2104 2843 2154 et
2870 2101 3160 2155 ulcerosus.
3188 2101 3260 2154 Et
3297 2098 3570 2163 videbam,
3603 2102 3656 2153 et

1962 2190 2275 2258 horrebam;
2304 2194 2354 2244 et
2381 2204 2484 2258 quo
2516 2205 2550 2243 a
2572 2204 2655 2243 me
2679 2191 2922 2257 fugerem
2949 2204 3055 2243 non
3082 2192 3218 2243 erat.
3253 2190 3322 2242 Et
3346 2189 3397 2242 si
3418 2187 3654 2241 conabar

1960 2294 1993 2332 a
2021 2294 2102 2333 me
2130 2282 2369 2333 avertere
2395 2283 2686 2349 aspectum,
2711 2278 2979 2332 narrabat
3001 2278 3091 2331 ille
3115 2276 3259 2346 quod
3286 2275 3571 2341 narrabat,
3603 2279 3656 2330 et

1961 2373 2019 2421 tu
2040 2383 2121 2422 me
2139 2382 2329 2422 rursus
2358 2368 2658 2438 opponebas
2682 2368 2838 2432 mihi,
2865 2371 2913 2420 et
2934 2366 3269 2436 impingebas
3288 2380 3369 2419 me
3392 2366 3450 2419 in
3477 2364 3653 2418 oculos

1959 2472 2117 2524 meos,
2153 2461 2214 2512 ut
2240 2458 2524 2526 invenirem
2560 2457 2905 2525 iniquitatem
2923 2470 3095 2509 meam
3124 2459 3174 2508 et
3201 2454 3449 2508 odissem.
3478 2454 3652 2507 Nove-

1959 2561 2078 2599 ram
2107 2561 2253 2614 eam,
2293 2545 2388 2600 sed
2415 2544 2827 2600 dissimulabam
2852 2561 2865 2612 ;
2913 2548 2965 2598 et
2996 2542 3342 2598 connivebam
3368 2545 3419 2596 et
3455 2540 3652 2595 oblivi-

1959 2635 2162 2688 scebar.
2214 2637 2357 2690 Tunc
2404 2650 2528 2689 vero
2581 2639 2783 2703 quanto
2819 2632 3098 2687 ardentius
3128 2630 3378 2685 amabam
3416 2630 3558 2695 illos,
3587 2628 3654 2683 de

1961 2723 2156 2791 quibus
2180 2722 2467 2778 audiebam
2490 2722 2735 2778 salubres
2763 2721 3009 2791 affectus,
3030 2719 3175 2790 quod
3192 2734 3248 2773 se
3276 2722 3410 2773 totos
3437 2717 3539 2771 tibi
3565 2731 3652 2771 sa-

1958 2810 2166 2864 nandos
2212 2810 2493 2876 dederant,
2541 2814 2690 2864 tanto
2731 2808 3117 2863 exsecrabilius
3161 2821 3244 2860 me
3280 2807 3652 2874 comparatum
3721 2816 3727 2820 '

1959 2898 2035 2950 eis
2055 2896 2289 2950 oderam.
2314 2896 2576 2961 Quoniam
2604 2896 2762 2949 multi
2789 2893 2895 2949 mei
2921 2896 3055 2948 anni
3074 2908 3275 2947 mecum
3296 2894 3647 2960 efﬂuxerant,

1956 2985 2098 3050 forte
2117 2983 2397 3037 duodecim
2424 2985 2576 3045 anni,
2600 2998 2666 3036 ex
2683 2997 2787 3052 quo
2802 2982 2870 3035 ab
2890 2981 3284 3035 undevicesimo
3305 2994 3446 3033 anno
3473 2966 3663 3045 aetatis

1956 3089 2103 3141 meae,
2148 3074 2276 3127 lecto
2314 3073 2578 3129 Ciceronis
2618 3072 2919 3136 Hortensio,
2968 3072 3235 3125 excitatus
3278 3084 3427 3123 eram
3469 3068 3651 3124 studio

1957 3163 2270 3232 sapientiae;
2303 3165 2352 3216 et
2371 3159 2687 3229 differebam
2719 3162 3018 3229 contempta
3046 3158 3306 3225 felicitate
3336 3162 3547 3211 terrena
3575 3157 3650 3211 ad

1956 3267 2072 3305 eam
2088 3249 2522 3317 investigandum
2548 3264 2800 3303 vacare...
2828 3250 2915 3303 Ita
2934 3247 3163 3302 rodebar
3177 3248 3346 3313 intus,
3359 3250 3409 3301 et
3420 3247 3647 3313 confun-

1957 3340 2123 3394 debar
2174 3339 2382 3409 pudore
2428 3339 2681 3393 horribili
2719 3338 3080 3404 vehementer,
3141 3352 3261 3391 cum
3306 3337 3648 3390 Pontitianus

1956 3431 2094 3485 talia
2122 3430 2444 3500 loqueretur.
2481 3430 2782 3483 Terminato
2808 3431 2986 3481 autem
3005 3440 3243 3481 sermone
3268 3430 3319 3480 et
3345 3439 3511 3479 causa
3538 3438 3650 3493 qua

1953 3522 2191 3585 venerat,
2222 3518 2361 3572 abiit
2388 3519 2500 3573 ille.
2533 3520 2603 3571 Et
2629 3532 2722 3585 ego
2751 3515 2825 3570 ad
2856 3530 2960 3585 me,
2999 3530 3117 3585 qux
3153 3529 3260 3568 non
3288 3514 3348 3567 in
3373 3527 3456 3567 me
3484 3511 3648 3567 diri?

1958 3609 2162 3675 Quibus
2208 3608 2596 3661 sententiarum
2624 3605 2932 3660 verberibus
2964 3619 3071 3658 non
3098 3603 3371 3671 ﬂagellavi
3407 3603 3648 3655 animam

1955 3713 2147 3766 meam,
2172 3701 2231 3750 ut
2259 3700 2567 3764 sequeretur
2592 3710 2672 3748 me
2701 3698 2975 3748 conantem
2998 3697 3121 3762 post
3153 3696 3201 3745 te
3227 3689 3345 3745 ire?
3362 3692 3434 3745 Et
3456 3691 3648 3743 renite-

1956 3785 2118 3839 batur
2140 3803 2154 3850 ;
2175 3784 2478 3849 recusabat,
2506 3786 2557 3837 et
2582 3798 2689 3837 non
2718 3797 2772 3835 se
2797 3781 3108 3835 excusabat.
3138 3780 3464 3848 Consumpta
3491 3782 3646 3831 erant

1955 3879 2004 3928 et
2035 3876 2275 3928 convicta
2307 3876 2623 3938 argumenta
2647 3873 2848 3936 omnia,
2878 3873 3210 3924 remanserat
3234 3871 3386 3921 muta
3405 3866 3647 3935 trepida-

1957 3965 2068 4029 tio;
2095 3967 2146 4017 et
2170 3963 2332 4032 quasi
2348 3964 2567 4015 mortem
2592 3959 2987 4027 reformidabat
3013 3958 3274 4023 restringi
3292 3970 3327 4009 a
3344 3957 3499 4023 fluxu
3526 3968 3650 4008 con-

1956 4051 2261 4107 suetudinis
2282 4065 2385 4119 quo
2419 4048 2716 4104 tabescebat
2745 4049 2803 4102 in
2827 4050 3064 4102 mortem.
3091 4048 3225 4100 Tum
3247 4046 3305 4099 in
3325 4044 3421 4097 illa
3445 4040 3649 4109 grandi

1956 4142 2087 4196 rixa
2124 4141 2397 4194 interioris
2438 4138 2625 4193 domus
2665 4152 2811 4201 meae,
2844 4151 3007 4207 quam
3042 4135 3263 4201 fortiter
3288 4133 3647 4186 excitaveram

1955 4245 2074 4284 cum
2101 4230 2285 4283 anima
2304 4242 2421 4282 mea
2447 4242 2504 4281 in
2531 4226 2772 4282 cubiculo
2800 4228 2983 4279 nostro
3012 4222 3168 4278 corde
3193 4236 3326 4280 meo.
3357 4224 3468 4275 tam
3493 4219 3648 4273 vultu

1956 4334 2118 4389 quam
2147 4320 2318 4370 mente
2339 4314 2822 4384 turbatus,invado
2843 4314 3106 4383 Alypium
3133 4315 3183 4366 et
3199 4311 3437 4365 exclamo
3466 4324 3481 4363 :
3504 4307 3650 4379 Quid

1950 4405 2242 4477 patimur?
2272 4405 2408 4475 quid
2437 4405 2634 4460 esthoc
2655 4403 2683 4459 7
2712 4402 2845 4473 quid
2868 4401 3124 4456 audisti?
3155 4400 3396 4469 Surgunt
3426 4397 3647 4465 indocti,

1955 4498 2006 4547 et
2035 4494 2221 4548 coelum
2264 4495 2531 4563 rapiunt;
2585 4496 2635 4547 et
2691 4507 2784 4547 nos
2822 4506 2941 4545 cum
2978 4490 3237 4544 doctrinis
3284 4488 3485 4541 nostris
3532 4488 3649 4540 sine

1955 4582 2131 4648 corde,
2162 4597 2275 4636 ecce
2292 4582 2387 4636 ubi
2412 4582 2721 4636 volutamur
2745 4582 2804 4635 in
2818 4594 2978 4634 carne
3005 4583 3055 4633 et
3081 4578 3344 4643 sanguine
3358 4575 3387 4632 ?
3407 4576 3495 4630 An
3516 4576 3650 4643 quia

1950 4674 2357 4740 praecesserunt,
2393 4669 2562 4739 pudet
2600 4670 2771 4737 sequi,
2802 4672 2852 4722 et
2881 4682 2987 4721 non
3027 4664 3197 4735 pudet
3233 4679 3326 4719 nec
3362 4664 3551 4718 saltem
3572 4677 3652 4717 se-

1956 4760 2089 4827 qui?
2108 4760 2242 4813 Dixi
2266 4760 2443 4815 nescio
2471 4773 2589 4826 quae
2618 4758 2772 4823 talia,
2812 4760 2863 4810 et
2891 4754 3135 4824 abripuit
3162 4768 3245 4807 me
3271 4752 3340 4807 ab
3367 4752 3460 4807 illo
3487 4755 3649 4807 aestus

1956 4862 2122 4913 meus,
2164 4861 2282 4901 cum
2330 4850 2524 4901 taceret
2571 4846 2833 4899 attonitus
2878 4844 3090 4897 intuens
3131 4856 3231 4896 me.
3280 4842 3459 4910 Neque
3510 4841 3652 4894 enim

1956 4938 2117 4992 solita
2157 4935 2440 4998 sonabam,
2488 4935 2720 5003 plusque
2766 4932 3122 5002 loquebantur
3186 4932 3429 4984 animum
3474 4944 3651 4983 meum

1956 5028 2134 5095 frons,
2162 5039 2329 5092 genx,
2359 5024 2518 5090 oculi,
2551 5023 2709 5087 color,
2743 5021 2931 5076 modus
2960 5022 3126 5086 vocis,
3156 5034 3320 5089 quam
3340 5017 3506 5072 verba
3532 5032 3651 5087 quae

1954 5113 2283 5186 promebam.
2333 5111 2589 5167 Hortalus
2644 5109 2870 5179 quidam
2911 5112 3028 5163 erat
3069 5108 3295 5177 hospitii
3327 5105 3520 5170 nostri,
3545 5115 3650 5169 quo

1957 5216 2053 5256 nos
2099 5200 2400 5264 utebamur,
2460 5200 2601 5254 sicut
2650 5201 2762 5252 tota
2814 5196 2989 5251 domo.
3029 5196 3167 5252 Nam
3218 5193 3404 5262 hospes
3432 5190 3511 5243 ibi
3544 5203 3650 5241 non

1960 5289 2241 5344 habitabat
2275 5288 2523 5342 dominus
2553 5287 2761 5342 domus.
2795 5286 2924 5341 Illuc
2953 5300 3035 5339 me
3063 5284 3359 5338 abstulerat
3392 5277 3650 5333 tumultus

1956 5380 2208 5451 pectoris,
2248 5377 2343 5432 ubi
2371 5392 2518 5431 nemo
2542 5376 2829 5446 impediret
2855 5374 3130 5428 ardentem
3158 5372 3325 5437 litem,
3357 5380 3519 5436 quam
3547 5379 3652 5417 me-

1960 5482 2079 5521 cum
2108 5481 2393 5536 aggressus
2430 5481 2597 5531 eram,
2630 5465 2791 5519 donec
2832 5466 3006 5517 exiret
3050 5475 3159 5531 qua
3187 5463 3246 5513 tu
3286 5456 3526 5519 sciebas;
3558 5468 3652 5519 ego

1961 5559 2137 5611 autem
2175 5560 2325 5610 non:
2374 5554 2469 5609 sed
2493 5558 2702 5609 tantum
2738 5551 3074 5607 insaniebam
3110 5544 3422 5611 salubriter,
3453 5545 3503 5597 et
3546 5555 3655 5594 mc-
