4020 6396
323 307 424 360 “5

320 426 501 481 riebar
525 425 789 490 vitaliter,
817 436 1024 491 gnarus
1048 422 1184 491 quid
1203 424 1338 478 mali
1353 436 1538 485 essem,
1569 426 1619 478 et
1644 424 1871 490 ignarus
1890 419 2025 491 quid

322 516 448 572 boni
464 519 590 587 post
617 514 899 585 paululum
928 515 1153 580 futurus
1183 528 1365 568 essem.
1407 513 1660 569 Abscessi
1681 528 1804 579 ergo
1824 514 1883 567 in
1899 512 2024 566 hor-

327 611 459 671 tum,
492 609 543 660 et
569 603 807 673 Alypius
830 601 969 672 pede
991 606 1117 672 post
1138 602 1348 672 pedem.
1388 604 1571 672 Neque
1600 605 1741 657 enim
1770 605 2027 658 secretum

323 709 497 749 meum
541 708 646 748 non
694 695 832 760 erat,
880 691 975 745 ubi
1019 692 1112 746 ille
1156 690 1348 746 aderat
1391 707 1403 746 :
1447 696 1544 745 aut
1584 690 1801 761 quando
1840 706 1923 743 me
1952 693 2027 743 sic

326 781 579 849 affectum
616 778 927 835 desereret?
955 779 1201 835 Sedimus
1232 784 1499 850 quantum
1536 782 1810 849 potuimus
1841 779 2030 832 remoti

332 869 400 924 ab
427 868 655 923 aedibus.
688 871 800 936 Ego
836 868 1131 935 fremebam
1165 870 1386 937 spiritu,
1420 868 1714 937 indignans
1745 867 2029 922 turbulen-

332 960 548 1013 tissima
579 957 977 1027 indignatione,
1008 957 1152 1027 quod
1180 973 1286 1011 non
1315 960 1448 1012 irem
1478 961 1535 1011 in
1558 959 1824 1027 placitum
1850 961 1899 1010 et
1922 971 2027 1025 pa-

326 1050 469 1101 ctum
513 1050 702 1113 tecum,
747 1048 886 1101 Deus
930 1061 1097 1113 meus,
1147 1048 1207 1099 in
1249 1046 1394 1114 quod
1439 1046 1673 1100 eundum
1710 1060 1821 1099 esse
1850 1046 2031 1099 omnia

326 1149 447 1191 ossa
474 1150 593 1189 mea
612 1134 940 1201 clamabant,
967 1139 1018 1188 et
1038 1135 1092 1188 in
1122 1136 1309 1189 caelum
1333 1136 1587 1190 tollebant
1617 1134 1937 1188 laudibus...
1970 1134 2032 1188 Si

326 1225 473 1279 vulsi
517 1224 799 1294 capillum,
830 1226 881 1278 si
906 1225 1155 1293 percussi
1181 1225 1434 1291 frontem,
1468 1225 1517 1277 si
1554 1224 1810 1277 consertis
1841 1222 2029 1288 digitis

330 1314 673 1383 amplexatus
716 1327 833 1367 sum
876 1328 1050 1379 genu;
1099 1314 1232 1382 quia
1278 1314 1426 1366 solui
1465 1313 1593 1378 feci.
1642 1312 1804 1365 Potui
1853 1315 2031 1365 autem

327 1402 459 1457 velle
504 1405 555 1456 et
582 1416 688 1456 non
717 1401 916 1467 facere,
957 1402 1006 1454 si
1035 1401 1308 1455 mobilitas
1336 1400 1691 1454 membrorum
1736 1415 1843 1452 non
1890 1399 2031 1453 obse-

330 1493 603 1559 queretur.
639 1491 771 1544 Tam
810 1490 981 1543 multa
1017 1504 1141 1555 ergo
1168 1490 1295 1558 feci,
1334 1489 1429 1542 ubi
1469 1504 1574 1543 non
1626 1489 1718 1542 hoc
1761 1491 1877 1542 erat
1902 1488 2033 1541 velle

334 1576 486 1646 quod
520 1592 675 1647 posse
720 1596 737 1631 :
768 1582 818 1631 et
861 1593 971 1631 non
999 1578 1270 1644 faciebam
1327 1577 1472 1647 quod
1518 1581 1568 1631 et
1617 1576 2035 1646 incomparabili

335 1666 537 1735 affectu
565 1666 800 1737 amplius
828 1667 966 1720 mihi
982 1666 1251 1735 placebat,
1275 1671 1325 1721 et
1351 1682 1476 1720 moa:
1506 1670 1566 1720 ut
1585 1667 1768 1720 vellem
1792 1680 2029 1734 possem;

331 1756 464 1825 quia
487 1770 616 1809 mea:
653 1759 714 1810 ut
742 1755 946 1822 vellem,
977 1757 1165 1823 utique
1188 1756 1401 1812 vellem.
1433 1756 1517 1810 Ibi
1544 1756 1685 1808 enim
1713 1755 1953 1821 facultas
1972 1767 2035 1805 ea

328 1858 448 1913 quas
480 1844 747 1909 voluntas,
795 1846 846 1900 et
892 1844 1073 1912 ipsum
1120 1844 1254 1897 velle
1292 1845 1417 1913 jam
1453 1845 1633 1911 facere
1679 1848 1795 1897 erat
1850 1842 2033 1913 (Ibid,

332 1946 453 2000 cap.
508 1935 563 1997 7,
611 1945 667 1986 n.
726 1932 827 1998 18;
880 1945 999 2000 cap.
1039 1933 1095 1994 8,
1141 1946 1237 1985 nn.
1302 1934 1389 1998 19,
1436 1931 1546 2003 '20).
1581 1931 1769 1986 Multis
1824 1930 2031 1984 deinde

331 2020 498 2075 docet
523 2034 781 2091 pugnam
834 2018 896 2073 in
924 2018 1175 2074 hominis
1223 2019 1294 2075 ad
1326 2021 1506 2075 Deum
1532 2020 1742 2087 redire,
1793 2018 2033 2090 cupien-

330 2108 403 2162 tis
433 2108 723 2163 voluntate
752 2106 887 2162 inde
914 2104 1072 2175 oriri,
1114 2108 1269 2179 quod
1299 2110 1558 2163 voluntas
1588 2125 1621 2163 a
1649 2125 1707 2162 se
1751 2108 1877 2179 ipsa
1919 2107 2035 2163 dis-

331 2196 546 2265 sidens,
587 2197 761 2268 plena
810 2212 927 2251 non
975 2196 1048 2251 sit
1074 2196 1134 2250 in
1177 2213 1243 2251 eo
1289 2197 1442 2269 quod
1472 2197 1751 2269 imperat;
1796 2212 1912 2252 non
1941 2213 2038 2252 au-

331 2288 449 2340 tem
477 2285 631 2357 quod
661 2286 907 2340 duarum
953 2285 1236 2341 mentium
1270 2286 1408 2341 duae
1457 2286 1572 2341 sint
1618 2290 1839 2341 natura:
1886 2285 2034 2340 invi-

331 2389 455 2430 cem
486 2374 806 2441 contrarise,
846 2378 911 2428 ut
929 2373 1069 2429 falso
1113 2375 1440 2429 asserebant
1490 2374 1801 2431 Manichaai.
1846 2376 2041 2430 Refert

341 2467 544 2536 postea
568 2462 858 2534 quomodo
887 2462 1023 2517 hinc
1045 2463 1365 2533 voluptates
1386 2463 1629 2534 turpiter
1648 2462 2038 2519 lenocinantes

344 2557 709 2609 cunctantem
738 2553 1136 2621 retardabant;
1189 2553 1345 2608 illinc
1374 2558 1567 2608 autem
1606 2558 1759 2609 casta
1786 2554 2035 2626 dignitas

333 2640 705 2697 continentiae
742 2642 980 2697 honeste
1020 2642 1324 2698 blandiens
1354 2643 1701 2709 attraheret;
1740 2659 1869 2697 cum
1898 2643 2040 2697 inte-

336 2729 450 2785 rim
495 2730 733 2802 Alypius
774 2730 897 2802 ejus
946 2731 1107 2786 lateri
1157 2731 1376 2799 afﬁxus,
1423 2735 1543 2786 tam
1588 2730 1801 2787 insoliti
1850 2736 2040 2787 motus

336 2817 552 2874 exitum
582 2818 785 2874 tacitus
809 2819 1193 2891 opperiretur.

409 2911 462 2964 5.
520 2908 631 2964 Sed
675 2908 910 2964 tandem
954 2908 1336 2969 conversionis
1388 2925 1504 2964 suae
1560 2909 1899 2965 miraculum
1948 2910 2040 2965 his

333 2996 520 3054 verbis
549 2998 784 3069 exponit
816 3014 831 3053 :
884 2999 987 3054 Ubi
1009 3015 1132 3054 vero
1161 3015 1196 3053 a
1224 2999 1398 3066 fundo
1428 3016 1628 3055 arcano
1664 3001 1780 3055 alta
1805 3001 2042 3055 conside-

334 3090 476 3144 ratio
522 3091 821 3156 contraacit,
862 3093 913 3144 et
950 3092 1214 3158 congessit
1260 3093 1426 3145 totum
1467 3092 1744 3146 miseriam
1782 3106 1954 3145 meam
1983 3092 2041 3145 in

336 3183 673 3247 conspectum
710 3177 888 3232 cordis
924 3179 1046 3245 mei,
1089 3178 1277 3233 oborta
1319 3184 1397 3233 est
1443 3180 1681 3248 procella
1708 3181 1919 3247 ingens,
1949 3181 2041 3245 fe-

342 3278 465 3319 rens
495 3266 762 3331 ingentem
788 3264 1013 3319 imbrem
1046 3265 1430 3333 lacrymarum.
1471 3268 1542 3320 Et
1568 3270 1630 3319 ut
1660 3269 1828 3319 totum
1853 3266 2041 3335 effun-

341 3353 522 3408 derem
562 3368 684 3407 cum
724 3354 942 3408 vocibus
983 3352 1117 3420 suis,
1177 3355 1396 3408 surrexi
1433 3354 1500 3407 ab
1538 3354 1760 3423 Alypio.
1794 3354 2040 3409 Solitudo

340 3442 479 3497 mihi
516 3440 591 3495 ad
619 3443 893 3510 negotium
920 3441 1088 3510 ﬂendi
1116 3443 1296 3511 aptior
1323 3443 1740 3510 suggerebatur;
1773 3446 1824 3496 et
1851 3443 2043 3497 secessi

334 3532 612 3598 remotius,
657 3545 822 3599 quam
856 3533 920 3585 ut
941 3536 1124 3600 posset
1165 3530 1306 3585 mihi
1332 3546 1555 3585 onerosa
1595 3545 1705 3585 esse
1732 3533 1895 3585 etiam
1923 3532 2040 3601 ejus

336 3620 647 3689 presentia.
677 3619 765 3674 Sic
785 3621 909 3674 tunc
931 3634 1098 3686 eram,
1130 3622 1180 3673 et
1200 3619 1291 3673 ille
1313 3620 1479 3674 sensit
1503 3635 1516 3673 :
1547 3620 1723 3674 nescio
1745 3620 1881 3688 quid
1898 3622 2041 3675 enim

332 3711 468 3777 puto
508 3706 780 3773 disseram,
810 3709 870 3762 in
909 3723 1013 3778 quo
1052 3706 1356 3777 apparebat
1390 3722 1553 3763 sonus
1596 3710 1739 3764 vocis
1763 3724 1889 3764 mete
1918 3710 2040 3779 jam

335 3796 469 3858 ﬂetu
492 3795 777 3864 gravidus,
819 3800 870 3851 et
907 3798 987 3851 sic
1022 3811 1390 3853 surremeram.
1441 3799 1645 3853 Mansit
1676 3813 1800 3871 ergo
1830 3799 1920 3853 ille
1947 3799 2045 3853 ubi

336 3884 671 3952 sedebamus,
716 3885 883 3939 nimie
910 3889 1151 3955 stupens.
1182 3888 1297 3955 Ego
1329 3886 1427 3941 sub
1467 3885 1707 3956 quadam
1735 3888 1828 3956 ﬁci
1850 3887 2042 3942 arbore

335 3976 516 4029 stravi
541 3989 644 4043 me,
674 3976 851 4030 nescio
882 3975 1164 4044 quomodo,
1197 3980 1247 4030 et
1275 3975 1463 4031 dimisi
1490 3976 1727 4031 habenas
1757 3976 2037 4047 lacrymis,

335 4066 388 4118 et
418 4066 789 4134 proruperunt
830 4066 1059 4131 ﬂumina
1095 4064 1369 4119 oculorum
1414 4080 1666 4127 meorum,
1714 4066 2041 4135 acceptabile

337 4153 667 4221 sacriﬁcium
692 4155 865 4205 tuum.
896 4154 967 4207 Et
996 4167 1103 4207 non
1133 4153 1352 4221 quidem
1382 4152 1468 4207 his
1495 4153 1692 4220 verbis,
1718 4154 1812 4208 sed
1843 4156 1902 4208 in
1939 4155 2039 4209 hac

335 4242 622 4308 smtentia,
652 4238 831 4294 multa
874 4239 1000 4307 duci
1039 4240 1142 4294 tibi
1188 4256 1202 4294 :
1234 4243 1303 4296 Et
1343 4245 1421 4308 tu,
1450 4244 1688 4307 Domine,
1714 4258 1989 4312 usquequo
2011 4246 2039 4297 ?

336 4343 633 4398 usquequo,
662 4330 904 4395 Domine,
934 4329 1191 4384 irasceris
1221 4331 1282 4383 in
1309 4328 1473 4401 ﬁnem
1493 4329 1521 4385 7
1553 4346 1619 4384 ne
1640 4346 1839 4385 memor
1865 4333 2039 4398 fueris

338 4418 697 4488 iniquitatum
721 4420 1035 4471 nostrarum
1063 4419 1435 4488 antiquarum.
1463 4420 1766 4475 Sentiebam
1795 4422 1935 4475 enim
1963 4423 2039 4475 eis

338 4520 421 4561 me
448 4507 638 4573 teneri,
664 4504 947 4574 jactabam
965 4520 1113 4560 voces
1139 4507 1468 4562 miserabiles
1493 4523 1507 4562 :
1532 4508 1823 4575 Quamdiu,
1855 4525 2043 4578 quam-

338 4594 438 4651 diu
474 4609 595 4649 cras
637 4598 689 4649 et
717 4596 881 4649 cras?
908 4594 1086 4660 Quare
1112 4610 1217 4649 non
1250 4596 1426 4657 modo,
1458 4612 1627 4667 quare
1650 4612 1757 4652 non
1779 4599 1878 4653 hac
1908 4600 2040 4654 hora

336 4685 463 4754 ﬁnis
489 4683 850 4754 turpitudinis
877 4700 1004 4739 mea
1020 4684 1049 4740 ?
1078 4684 1329 4740 Dicebam
1359 4684 1487 4753 haec,
1516 4689 1568 4740 et
1594 4686 1786 4755 flebam
1813 4686 2041 4743 amaris-

337 4774 479 4828 sima
503 4774 823 4828 contritione
836 4774 1013 4829 cordis
1038 4776 1160 4829 mei.
1186 4776 1257 4829 Et
1274 4790 1386 4829 ecce
1409 4774 1575 4829 audio
1593 4775 1845 4831 vocemde
1863 4779 2041 4831 vicina

337 4860 493 4917 domo
534 4877 654 4917 cum
704 4866 868 4918 cantu
903 4862 1151 4931 dicentis,
1200 4867 1251 4917 et
1297 4863 1481 4919 crebro
1519 4867 1830 4935 repetentis,
1879 4867 2040 4935 quasi

335 4952 496 5021 pueri
522 4966 596 5005 an
637 4952 852 5020 puella,
893 4953 1071 5007 nescio
1103 4953 1316 5023 :,Tolle,
1349 4954 1497 5021 lege;
1536 4954 1677 5021 tolle,
1729 4955 1862 5021 lege.
1912 4956 2038 5010 Sta-

343 5040 550 5108 timque
564 5043 771 5095 mutato
790 5040 964 5107 vultu,
981 5043 1375 5096 intentissimus
1405 5044 1644 5110 cogitare
1665 5044 1816 5112 ccepi,
1840 5047 2042 5097 utrum-

339 5143 471 5183 nam
514 5129 744 5183 solerent
782 5130 944 5199 pueri
980 5131 1038 5184 in
1078 5131 1263 5198 aliquo
1306 5146 1494 5199 genere
1523 5131 1747 5186 ludendi
1773 5134 2042 5187 cantitare

345 5218 453 5272 tale
471 5217 717 5287 aliquid;
738 5233 835 5273 nec
847 5218 1157 5274 occurrebat
1174 5221 1388 5274 omnino
1409 5219 1686 5275 audivisse
1706 5236 1785 5275 me
1800 5224 2034 5291 uspiam.

335 5307 702 5376 Repressoque
719 5309 923 5376 impetu
943 5308 1328 5377 lacrymarum,
1347 5310 1585 5376 surrexi,
1610 5310 1751 5364 nihil
1774 5310 1934 5365 atiud
1957 5313 2039 5365 in-

338 5398 663 5464 terpretans,
695 5397 807 5450 nisi
829 5395 1094 5451 divinitus
1122 5398 1260 5451 mihi
1279 5397 1485 5467 juberi,
1517 5403 1579 5453 ut
1600 5401 1865 5469 aperirem
1896 5400 2040 5454 codi-

337 5495 467 5549 cem,
515 5487 566 5537 et
614 5485 838 5551 legerem
875 5484 1022 5554 quod
1065 5488 1308 5554 primum
1333 5492 1498 5557 caput
1524 5490 1874 5545 invenissem.
1912 5489 2039 5543 Au—

339 5570 549 5627 dieram
594 5574 737 5629 enim
763 5574 829 5628 de
868 5574 1127 5643 Antonio,
1160 5576 1308 5646 quod
1350 5593 1420 5631 ea:
1450 5579 1762 5647 evangelica.
1796 5579 2035 5646 lectione,

1525 300 1689 355 VlTA
1741 300 1806 355 S.
1854 295 2229 354 AUGUSTINI
2287 292 2618 350 EPISCOPI.

3728 284 3833 338 116

2134 420 2224 472 cui
2265 419 2408 485 forte
2450 417 2847 486 supervenerat,
2880 411 3186 465 admonitus
3213 409 3382 475 fuerit
3427 409 3688 475 tanquam
3731 403 3846 459 sibi

2134 506 2402 561 diceretur
2420 504 2564 575 quod
2579 503 2872 571 legebatur,
2893 519 2922 551 (ι
2948 499 3114 566 Vade,
3133 496 3300 552 vende
3318 498 3499 551 omnia
3516 510 3634 563 quae
3653 494 3841 562 habes,

2134 596 2269 650 etda
2290 593 2653 665 pauperibus;
2675 600 2726 645 et
2755 590 2974 645 habebis
3006 590 3319 643 thesaurum
3355 588 3414 639 in
3434 585 3576 639 cistis
3597 589 3677 639 :et
3692 584 3840 650 veni,

2134 700 2351 755 sequere
2390 699 2473 737 me
2506 704 2527 731 ι
2579 682 2790 752 (Matth.
2835 695 2948 745 ιιι,
2992 678 3111 748 2t);
3169 680 3219 730 et
3249 676 3349 730 tali
3385 674 3601 730 oraculo
3650 673 3846 739 confe-

2134 776 2262 829 stim
2291 773 2365 827 ad
2394 777 2442 828 te
2470 787 2580 827 esse
2607 783 2936 825 conversum.
2968 768 3159 836 Itaque
3183 766 3420 820 concitus
3450 762 3594 817 redii
3618 761 3693 817 ad
3720 776 3847 816 eum

2136 863 2325 930 locum,
2350 862 2446 915 ubi
2470 860 2687 916 sedebat
2713 858 2952 928 Alypius
2982 872 2996 911 :
3027 856 3108 911 ibi
3132 857 3272 910 enim
3295 868 3583 924 posueram
3610 850 3848 906 codicem

2135 953 2405 1022 Apostoli,
2438 966 2557 1006 cum
2584 949 2708 1004 inde
2733 961 3096 1003 surrexeram.
3130 945 3390 1014 Arripui,
3421 943 3633 1013 aperui,
3656 945 3706 995 et
3737 941 3849 1006 legi

2138 1043 2195 1095 in
2223 1042 2437 1095 silentio
2478 1039 2799 1110 capitulum,
2856 1051 2960 1107 quo
2994 1036 3236 1106 primum
3273 1033 3501 1102 conjecti
3539 1034 3665 1085 sunt
3702 1030 3851 1084 oculi

2137 1132 2242 1184 mei
2274 1146 2286 1184 :
2340 1151 2362 1179 ι
2411 1131 2529 1186 Νοη
2557 1130 2617 1182 in
2662 1125 3133 1182 comessationibus
3172 1130 3222 1178 et
3249 1120 3617 1187 ebrietatibus,
3647 1134 3758 1174 non
3789 1120 3849 1172 in

2139 1219 2401 1274 cubilibus
2448 1224 2498 1273 et
2542 1217 2921 1287 impudicitiis,
2966 1230 3073 1269 non
3110 1216 3168 1267 in
3200 1211 3530 1266 contentione
3570 1213 3619 1263 et
3669 1222 3848 1262 emu-

2139 1309 2364 1375 latione;
2418 1308 2513 1362 sed
2566 1308 2776 1361 induite
2831 1306 3117 1361 Dominum
3172 1305 3353 1357 Jesum
3408 1298 3689 1353 Christum
3720 1336 3737 1364 ,
3798 1299 3848 1350 et

2138 1401 2321 1453 carnis
2365 1397 2768 1466 providentiam
2817 1410 2883 1449 ne
2934 1393 3173 1461 feceritis
3210 1392 3269 1444 in
3322 1387 3775 1458 concupiscentiis
3817 1402 3847 1435 ι)

2143 1489 2309 1559 (Rom.
2358 1503 2477 1551 xm,
2545 1489 2629 1551 13,
2675 1485 2782 1553 14).
2834 1485 2936 1540 Nec
2981 1482 3131 1536 ultra
3160 1480 3308 1534 volui
3350 1479 3538 1546 legere,
3587 1491 3680 1529 nec
3709 1488 3848 1544 opus

2141 1581 2276 1631 erat.
2313 1574 2513 1631 Statim
2559 1574 2759 1643 quippe
2802 1587 2921 1626 cum
2948 1573 3052 1641 ﬁne
3097 1568 3318 1638 hujusce
3358 1566 3650 1632 sententiae,
3683 1565 3851 1632 quasi

2141 1666 2255 1720 luce
2307 1666 2616 1718 securitatis
2662 1664 2854 1730 infusa
2902 1659 3055 1715 cordi
3098 1673 3230 1725 meo,
3262 1671 3440 1712 omnes
3486 1653 3849 1710 dubitationis

2143 1752 2366 1807 tenebrae
2395 1752 2751 1821 diffugerunt.
2783 1752 2915 1804 Tum
2939 1748 3216 1817 interjecto
3229 1750 3325 1801 aut
3345 1745 3648 1812 digito,aut
3670 1742 3852 1796 nescio

2144 1858 2247 1910 quo
2277 1842 2385 1895 alio
2414 1844 2589 1910 signo,
2636 1840 2867 1895 codicem
2895 1839 3086 1904 clausi,
3129 1842 3179 1891 et
3227 1835 3524 1905 tranquillo
3540 1834 3665 1904 jam
3691 1831 3854 1886 vultu

2143 1930 2384 1985 mdicavi
2427 1930 2650 2000 Alypio.
2692 1931 2769 1984 At
2820 1929 2912 1983 ille
2936 1928 3071 1998 quid
3099 1929 3157 1980 in
3201 1941 3256 1981 se
3279 1928 3548 1993 ageretur,
3581 1921 3726 1991 quod
3756 1934 3853 1988 ego

2143 2018 2459 2085 nesciebam,
2513 2021 2590 2074 sic
2633 2018 2902 2073 indicavit
2952 2031 2965 2071 :
2998 2017 3138 2072 Petit
3179 2013 3362 2068 videre
3390 2011 3526 2081 quid
3555 2011 3848 2078 legissem:

2144 2107 2382 2174 ostendi;
2414 2112 2464 2163 et
2505 2107 2742 2161 attendit
2786 2108 2949 2161 etiam
2991 2105 3141 2159 ultra
3173 2118 3341 2172 quam
3387 2116 3480 2168 ego
3510 2101 3769 2170 legeram,
3802 2102 3854 2153 et

2144 2196 2463 2265 ignorabam
2485 2196 2620 2266 quid
2641 2200 2967 2264 sequeretur.
2996 2192 3331 2261 Sequebatur
3341 2206 3464 2245 vero
3488 2206 3502 2244 :
3525 2210 3545 2238 α
3560 2191 3849 2259 Inﬁrmum

2145 2291 2323 2340 autem
2351 2287 2409 2340 in
2435 2287 2543 2356 ﬁde
2583 2288 2806 2355 recipite
2842 2303 2868 2335 »
2917 2286 3083 2354 (Rom.
3116 2298 3229 2348 xxv,
3280 2281 3350 2351 1).
3381 2279 3537 2345 Quod
3564 2280 3653 2335 ille
3682 2277 3761 2331 ad
3797 2292 3854 2331 se

2144 2377 2350 2443 retulit,
2384 2377 2624 2445 mihique
2671 2376 2904 2445 aperuit.
2950 2372 3056 2429 Sed
3086 2372 3186 2426 tali
3214 2370 3574 2424 admonitione
3596 2370 3853 2436 ﬁrmatus

2146 2471 2245 2534 est,
2288 2466 2599 2534 placitoque
2654 2480 2718 2518 ac
2765 2464 3042 2533 proposito
3093 2460 3224 2514 bono
3277 2462 3327 2512 et
3365 2458 3850 2527 congruentissima

2147 2557 2261 2611 suis
2291 2554 2547 2621 moribus,
2578 2554 2771 2623 quibus
2796 2568 2831 2606 a
2856 2567 2938 2605 me
2961 2554 3027 2607 in
3055 2548 3248 2604 melius
3262 2547 3383 2618 jam
3405 2548 3533 2602 olim
3556 2545 3717 2600 valde
3747 2546 3855 2599 lon-

2147 2659 2315 2715 geque
2357 2643 2619 2708 distabat,
2669 2644 2783 2696 sine
2811 2642 2926 2696 ulla
2973 2639 3283 2695 turbulenta
3335 2637 3670 2692 cunctatione
3716 2650 3853 2689 con—

2141 2734 2365 2803 junetus
2404 2736 2507 2787 est.
2547 2732 2679 2787 Inde
2707 2730 2781 2784 ad
2817 2734 3043 2784 matrem
3086 2726 3427 2796 ingredimur
3469 2741 3482 2780 :
3517 2723 3850 2790 indicamus,

2148 2822 2367 2891 gaudet.
2412 2823 2712 2878 Narramus
2760 2817 3208 2891 quemadmodum
3244 2820 3450 2883 gestum
3475 2816 3569 2882 sit,
3610 2814 3854 2868 exsultat

2148 2917 2199 2966 et
2246 2912 2581 2981 triumphat;
2631 2915 2681 2965 et
2722 2908 3061 2964 benedicebat
3103 2906 3222 2974 tibi,
3271 2907 3368 2975 qui
3408 2909 3596 2975 potens
3622 2916 3673 2957 es
3700 2903 3855 2957 ultra

2149 3017 2313 3071 quam
2352 3003 2588 3071 petimus
2617 3004 2714 3054 aut
2742 2999 3095 3066 intelligimus
3134 2998 3334 3064 facere,
3372 2995 3503 3063 quia
3550 2996 3701 3047 tanto
3732 3007 3854 3046 am-

2144 3092 2295 3160 plius
2337 3091 2444 3145 sibi
2489 3094 2602 3144 ate
2645 3103 2947 3143 concessum
2994 3087 3059 3140 de
3087 3101 3168 3139 me
3212 3083 3643 3160 videbat,_quam
3666 3085 3855 3151 petere

2147 3158 2348 3233 solebat
2385 3177 2783 3233 miserabilibus
2812 3175 3179 3245 ﬂebilibusque
3198 3158 3503 3239 gemitibus.
3527 3171 3856 3227 Convertisti

2148 3268 2290 3322 enim
2331 3281 2414 3320 me
2437 3267 2511 3321 ad
2540 3270 2610 3333 te,
2654 3269 2716 3319 ut
2752 3280 2845 3319 nec
2881 3277 3103 3317 umorem
3145 3274 3453 3329 quaererem,
3485 3274 3579 3313 nec
3606 3260 3853 3330 aliquam

2148 3371 2294 3425 spem
2315 3355 2498 3409 saeculi
2527 3353 2757 3422 hujus...
2783 3350 3042 3420 (Confess.
3076 3349 3171 3403 lib.
3204 3350 3257 3414 8,
3288 3362 3409 3416 cap.
3446 3350 3530 3414 l2,
3558 3362 3615 3400 η.
3647 3348 3849 3415 28-30).

2149 3440 2321 3507 Quam
2349 3453 2512 3492 suave
2538 3437 2675 3490 mihi
2699 3435 2876 3491 subito
2906 3436 3115 3501 factum
3160 3436 3237 3486 est
3266 3446 3447 3485 carere
3482 3431 3851 3485 suavitatibus

2147 3528 2449 3597 nugarum!
2479 3530 2530 3581 et
2553 3540 2689 3596 quas
2718 3526 2964 3579 amittere
3000 3526 3170 3576 metus
3200 3521 3403 3588 fuerat,
3427 3519 3549 3589 jam
3577 3519 3855 3574 dimittere

2148 3617 2409 3687 gaudium
2428 3620 2564 3670 erat.
2587 3614 2862 3684 Ejiciebas
2880 3614 3017 3667 enim
3042 3627 3130 3666 eas
3156 3626 3190 3664 a
3205 3626 3306 3677 me,
3338 3625 3467 3663 vera
3487 3614 3546 3664 tu
3565 3612 3613 3664 et
3638 3624 3854 3663 summa

2147 3708 2432 3773 suavitas;
2474 3704 2746 3775 ejiciebas,
2793 3707 2844 3757 et
2880 3701 3127 3756 intrabas
3158 3716 3256 3770 pro
3299 3700 3373 3755 eis
3402 3700 3549 3754 omni
3575 3699 3853 3769 voluptate

2148 3796 2358 3851 dulcior
2390 3794 2573 3865 (lbid.,
2605 3793 2699 3849 lib.
2729 3795 2782 3860 9,
2807 3808 2925 3862 cap.
2963 3794 3013 3862 l,
3043 3807 3104 3847 n.
3150 3788 3217 3859 1).

2821 3916 3047 3972 CAPUT
3088 3915 3178 3970 VI.

2152 4033 2170 4086 1
2212 4029 2388 4097 Quare
2417 4028 2724 4097 magisterii
2750 4029 2838 4097 sui
2859 4040 2991 4081 onus
3017 4040 3123 4080 non
3151 4026 3275 4078 ante
3307 4021 3653 4077 vindemiales
3675 4023 3850 4088 ferias

2212 4134 2382 4190 prope
2427 4120 2688 4173 instantes
2718 4115 2963 4187 abjiciat.
2995 4119 3030 4171 2
3075 4116 3138 4170 In
3185 4112 3485 4171 Verecundi
3509 4112 3695 4166 villam
3730 4127 3851 4166 cum

2217 4210 2406 4263 amicis
2425 4207 2645 4264 secedit.

2222 4336 2271 4387 1.
2308 4330 2416 4387 Uni
2455 4332 2575 4403 jam
2609 4332 2722 4386 Deo
2763 4329 2951 4386 vivere
2981 4329 3230 4402 gestiens
3257 4327 3609 4400 Augustinus
3633 4326 3848 4381 facien-

2149 4422 2286 4477 dum
2317 4420 2426 4476 sibi
2452 4420 2672 4493 putavit
2693 4437 2867 4492 quam
2886 4419 3161 4492 primum,
3193 4422 3259 4474 ut
3284 4417 3528 4490 publica:
3547 4415 3848 4487 professio-

2147 4511 2238 4566 nis
2280 4526 2424 4565 onus
2475 4514 2740 4582 poneret.
2779 4511 2988 4564 Verum
3033 4508 3105 4564 ad
3133 4507 3192 4564 id
3234 4505 3608 4561 vindemiales
3650 4504 3845 4569 ferias,

2148 4616 2275 4672 quae
2305 4603 2628 4671 opportune
2652 4597 3055 4665 imminebant,
3083 4595 3336 4668 opperiri
3355 4594 3540 4650 visum
3559 4598 3662 4659 est,
3695 4591 3848 4665 quod

2147 4705 2265 4744 non
2292 4689 2488 4761 plures
2511 4704 2687 4760 quam
2714 4686 2922 4759 viginti
2949 4685 3176 4742 circiter
3194 4685 3314 4740 dies
3335 4683 3406 4739 ad
3427 4699 3521 4739 eas
3538 4697 3722 4754 usque
3752 4697 3846 4736 su-

2146 4782 2458 4850 peressent,
2491 4777 2700 4850 quibus
2721 4776 2927 4848 elapsis
2937 4777 3060 4848 jam
3082 4772 3321 4830 solemni
3349 4789 3508 4828 more
3537 4771 3848 4827 abscedens

2149 4867 2417 4922 nuntium
2434 4865 2735 4921 rhetoricas
2755 4864 3083 4937 magisterio
3106 4863 3229 4919 sine
3250 4863 3491 4934 strepitu
3506 4860 3844 4917 remitteret.

2151 4955 2295 5021 Quin
2340 4956 2523 5023 etiam,
2571 4954 2762 5025 iuquit
2810 4952 2952 5024 ipse,
3005 4952 3150 5022 quod
3192 4955 3318 5022 ipsa
3358 4954 3544 5006 aestate
3582 4950 3846 5005 litterario

2148 5043 2322 5099 labori
2359 5046 2527 5099 nimio
2569 5044 2753 5114 pulmo
2791 5057 2938 5097 meus
2969 5041 3144 5096 cedere
3182 5045 3432 5110 coeperat,
3464 5044 3515 5095 et
3553 5039 3847 5109 difficulter

2149 5135 2361 5189 trahere
2378 5135 2643 5204 suspiria,
2663 5132 3042 5200 doloribusque
3051 5131 3284 5201 pectoris
3299 5131 3495 5186 testari
3510 5144 3565 5185 se
3578 5130 3839 5194 saucium,

2145 5238 2425 5292 vocemque
2445 5223 2725 5277 clariorem
2746 5220 3215 5291 productioremve
3243 5234 3509 5287 recusare,
3528 5220 3709 5289 primo
3728 5232 3845 5287 per—

2147 5311 2464 5365 turbaverat
2486 5324 2588 5377 me,
2617 5310 2749 5378 quia
2773 5309 3076 5377 magisterii
3102 5308 3251 5363 illius
3280 5309 3553 5362 sarcinam
3572 5321 3708 5376 pene
3724 5307 3842 5376 jam

2144 5402 2459 5454 necessitate
2504 5398 2763 5468 deponere
2807 5397 3061 5466 cogebat;
3096 5401 3192 5451 aut
3219 5398 3270 5451 si
3305 5398 3492 5452 curari
3518 5400 3569 5451 et
3595 5396 3841 5451 convale—

2145 5502 2287 5541 scere
2302 5488 2616 5556 potuissem,
2644 5490 2783 5540 certe
2818 5486 3189 5541 intermittere.
3225 5484 3330 5541 Sed
3352 5483 3449 5538 ubi
3474 5484 3635 5553 plena
3662 5484 3842 5538 volun-

2146 5582 2230 5631 tas
2258 5575 2492 5631 vacandi
2519 5579 2567 5629 et
2597 5575 2819 5630 videndi
2859 5577 3112 5645 quoniam
3150 5579 3209 5629 tu
3235 5589 3288 5629 es
3326 5576 3603 5641 Dominus,
3660 5573 3841 5628 oborta
