4020 6356
102 316 200 369 117

94 438 238 493 mihi
266 439 353 494 est
376 441 541 509 atque
566 439 785 507 ﬁrmata
801 453 815 504 ;
832 438 995 506 nosti,
1022 440 1162 492 Deus
1187 452 1354 506 meus,
1384 439 1547 493 etiam
1567 439 1804 506 gaudere

93 528 246 596 carpi,
284 528 440 596 quod
485 528 593 583 hac
622 542 831 597 quoque
858 527 1076 581 suberat
1099 543 1204 582 non
1239 527 1476 582 mendam
1502 532 1797 598 excusatio,

94 631 210 685 qua
230 616 584 685 offensionem
604 616 877 670 hominum
900 620 1235 686 temperaret,
1256 620 1354 685 qui
1365 621 1589 687 propter
1611 620 1801 674 liberos

91 720 213 759 suos
246 720 332 759 me
364 706 594 760 liberum
622 719 733 759 esse
760 720 1040 774 nunquam
1058 706 1304 760 volebant
1334 706 1593 776 (Confess.
1626 708 1720 762 lib.
1746 710 1802 778 9,

89 809 206 863 cap.
236 796 294 860 2,
324 810 386 850 n.
424 794 570 865 2-4).
598 795 663 849 In
684 794 837 849 hunc
864 794 1110 864 pectoris
1139 795 1402 850 morbum
1435 795 1524 849 sui
1554 812 1802 851 secessus

88 898 317 938 causam
331 882 669 953 refunditin
695 882 977 954 prioribus
1005 883 1168 938 libris
1195 886 1317 938 tum
1342 900 1376 938 a
1405 900 1463 938 se
1480 884 1719 956 scriptis,
1736 901 1801 941 ea

87 988 216 1042 quae
255 971 369 1026 sibi
410 972 471 1026 in
516 972 684 1027 horto
736 976 1062 1039 evenerant,
1096 971 1323 1027 silentio
1359 973 1803 1043 praetermittens

87 1062 314 1129 (Contra
360 1060 732 1127 Academicos,
766 1061 862 1115 lib.
903 1064 951 1128 1,
982 1076 1039 1115 n.
1073 1063 1139 1129 3;
1166 1061 1232 1116 de
1266 1063 1437 1116 Beata
1471 1064 1621 1130 Vita,
1646 1078 1703 1117 n.
1735 1064 1797 1130 Ii;

50 1150 55 1155 ’
90 1150 153 1203 de
181 1148 412 1216 Ordine,
459 1149 553 1204 lib.
606 1152 654 1217 1,
688 1165 750 1205 n.
790 1149 863 1217 5),
895 1164 965 1203 ex
994 1149 1192 1204 eadem
1232 1150 1386 1205 haud
1416 1150 1586 1205 dubie
1623 1150 1800 1206 animi

91 1237 388 1305 modestia,
423 1253 540 1309 qua
584 1252 752 1292 suum
781 1237 1136 1308 propositum
1166 1238 1397 1294 nonnisi
1426 1238 1800 1295 familiarissi-

93 1327 196 1383 mis
221 1325 675 1396 communicare,
704 1329 878 1398 atque
906 1326 1125 1381 caeteris
1152 1326 1409 1381 clausum
1438 1330 1632 1381 tenere
1662 1343 1799 1382 con-

94 1416 276 1471 stituit
294 1418 475 1486 (Conf.
491 1416 587 1471 lib.
614 1420 666 1477 9,
691 1432 813 1486 cap.
830 1418 952 1484 2,n.
973 1418 1051 1486 2).
1076 1417 1183 1472 Cor
1208 1417 1330 1487 ejus
1352 1420 1437 1471 sat
1456 1416 1567 1472 alte
1589 1417 1801 1472 amoris

93 1505 266 1560 divini
297 1504 523 1576 sagittis
553 1504 845 1560 confixum
875 1509 1016 1572 erat,
1039 1509 1096 1560 et
1124 1504 1319 1576 ignitis
1348 1505 1686 1561 carbonibus
1716 1510 1800 1561 sat

91 1594 271 1650 valide
303 1593 753 1660 communitum,
785 1596 850 1649 ut
882 1593 1149 1648 subdolas
1186 1610 1385 1649 eorum
1428 1594 1650 1665 linguas
1680 1610 1796 1649 non

92 1683 334 1749 timeret,
361 1682 465 1753 qui
484 1682 673 1754 pravis
701 1698 832 1737 eum
858 1682 1218 1738 sermonibus
1240 1700 1274 1737 a
1291 1683 1585 1754 proposito
1612 1684 1796 1738 deter-

92 1787 212 1826 rere
267 1771 611 1826 voluissent.
675 1771 842 1839 Quid,
897 1772 1052 1843 quod
1107 1776 1432 1827 sanctorum
1492 1772 1797 1828 hominum

94 1860 371 1931 exempla,
405 1860 615 1931 quibus
662 1860 731 1915 ad
777 1859 1141 1916 serviendum
1191 1862 1305 1915 Deo
1350 1861 1623 1916 excitatus
1654 1866 1793 1928 erat,

91 1954 200 2005 tam
240 1950 510 2005 ardentes
539 1948 591 2004 ei
620 1949 771 2004 faces
814 1949 1213 2021 subjiciebant,
1240 1956 1306 2005 ut
1341 1951 1664 2006 contrarius
1693 1951 1797 2006 ob-

95 2038 447 2093 trectationis
501 2038 673 2093 ﬂatus
729 2054 1025 2093 accensum
1076 2038 1139 2093 in
1188 2040 1310 2111 ejus
1366 2040 1559 2095 animo
1603 2040 1796 2111 ignem

97 2127 275 2182 acrius
304 2127 669 2182 inflammare
715 2132 924 2198 posset,
957 2144 1071 2183 non
1101 2128 1469 2200 extinguere?
1498 2130 1707 2184 Verum
1735 2133 1800 2183 ut

98 2214 341 2270 defuturi
365 2230 483 2270 non
507 2218 671 2270 erant
697 2215 853 2280 boni,
877 2216 978 2287 qui
996 2216 1120 2287 ejus
1141 2216 1446 2271 consilium
1466 2217 1793 2273 laudarent:

98 2304 170 2357 sic
193 2304 487 2374 jactantiaz
508 2303 691 2357 simile
713 2304 797 2358 illi
819 2304 1133 2371 videbatur,
1157 2304 1206 2359 si
1230 2310 1361 2360 ante
1391 2305 1695 2360 litterarias
1719 2306 1798 2359 fc-

99 2390 221 2455 rias,
254 2408 386 2463 quas
432 2392 799 2462 appetebant,
829 2392 1241 2464 professionem
1269 2394 1610 2449 rhetoricam
1654 2394 1798 2465 abji-

100 2482 269 2547 ceret;
304 2480 504 2535 omnia
532 2480 595 2535 in
623 2497 682 2536 se
731 2496 832 2535 ora
857 2497 1249 2547 conversurus,
1282 2482 1382 2554 qui
1419 2484 1565 2538 hanc
1593 2483 1797 2538 imma-

100 2573 277 2623 turam
306 2568 630 2640 magisterii
657 2569 1074 2625 abdicationem
1094 2571 1463 2626 ostentationi
1484 2573 1673 2642 palam
1691 2570 1796 2625 tri-

100 2657 264 2712 buere
294 2657 638 2729 potuissent.
668 2659 774 2713 Tot
797 2674 930 2713 vero
961 2659 1280 2714 temerariis
1301 2660 1531 2731 judiciis
1558 2665 1615 2716 et
1640 2660 1797 2716 falsis

102 2746 454 2802 sermonibus
485 2762 683 2801 ansam
714 2745 869 2814 dare,
900 2763 1200 2803 causamve
1241 2752 1359 2803 tam
1388 2749 1567 2803 sancti
1607 2749 1798 2820 operis

101 2835 372 2905 arguendi
415 2836 700 2907 praebere,
735 2839 792 2889 et
827 2835 1156 2908 inquirendi
1201 2838 1474 2908 quoniam
1517 2838 1574 2893 id
1604 2838 1797 2894 animo

99 2924 318 2991 faceret,
349 2942 383 2979 a
425 2923 737 2996 prudentia
771 2923 1071 2979 videbatur
1110 2924 1363 2980 alienum
1394 2926 1583 2998 (Ibid.,
1615 2942 1678 2982 n.
1718 2927 1792 2998 3).

102 3012 371 3068 Toleravit
398 3012 579 3084 igitur
602 3012 741 3067 illud
768 3012 1045 3084 temporis
1074 3012 1459 3080 intervallum,
1491 3014 1671 3069 donec
1696 3014 1795 3069 de-

104 3105 372 3168 curreret;
406 3100 565 3173 quod
597 3100 865 3172 exiguum
895 3100 1047 3168 licet,
1083 3117 1236 3172 aegre
1272 3105 1464 3156 tamen
1494 3102 1781 3158 toleravit.

100 3184 215 3240 lam
258 3187 413 3243 enim
462 3193 774 3243 recesserat
820 3188 921 3243 illa
965 3190 1165 3261 glorias
1211 3190 1513 3262 cupiditas,
1558 3207 1688 3264 qua:
1734 3191 1795 3245 in

102 3279 311 3344 partem
359 3276 556 3331 oneris
604 3293 734 3332 cum
777 3294 845 3332 eo
884 3278 1077 3333 venire
1107 3284 1513 3335 consueverat:
1542 3286 1599 3336 ct
1641 3281 1796 3335 solus

106 3363 239 3419 illud
267 3366 551 3421 sustinere
589 3370 839 3433 coactus,
872 3367 1263 3423 succubuisset
1291 3368 1553 3440 ponderi,
1585 3368 1694 3423 nisi
1735 3368 1795 3422 in

104 3451 348 3520 pristinas
376 3453 709 3510 ambitionis
737 3456 925 3510 locum
946 3456 1224 3527 patientia
1246 3458 1497 3512 subsidio
1527 3458 1793 3514 venisset.

102 3539 463 3604 Quantumvis
508 3543 822 3625 prudenter
865 3545 930 3599 in
974 3546 1081 3600 hoc
1138 3563 1197 3601 se
1255 3546 1485 3617 negotio
1536 3546 1795 3619 gesserit,

106 3643 215 3683 non
244 3632 412 3687 audet
440 3637 637 3688 tamen
666 3634 738 3689 ab
767 3633 926 3689 omni
964 3650 1022 3689 se
1052 3636 1221 3706 culpa
1258 3651 1498 3691 vacuum
1527 3651 1795 3702 asserere,

107 3720 249 3787 quod
298 3720 534 3777 firmum
586 3723 704 3777 Deo
747 3722 1028 3779 serviendi
1077 3724 1432 3795 propositum
1481 3726 1797 3795 amplexus,

105 3807 277 3864 adhuc
303 3810 361 3865 in
408 3810 679 3866 cathedra
713 3812 996 3868 mendacii
1027 3812 1115 3868 vel
1152 3812 1322 3868 breve
1350 3816 1576 3885 tempus
1605 3812 1799 3868 sedere

110 3911 163 3950 se
191 3913 384 3968 passus
412 3900 589 3955 fuerit
618 3900 783 3972 (Ibid.
801 3944 816 3970 ,
845 3917 901 3957 n.
935 3901 1014 3973 4).

170 3988 221 4041 2.
247 3988 324 4043 De
351 3989 660 4061 Augustini
688 3989 984 4061 proposito
1010 3990 1160 4046 bono
1190 3990 1583 4046 macerabatur
1608 3989 1801 4045 anxie-

109 4074 296 4131 tudine
326 4078 691 4139 Verecundus
724 4078 904 4148 (Ibid,
939 4094 1061 4149 cap.
1084 4082 1134 4147 3,
1156 4095 1212 4134 η.
1245 4080 1317 4147 5),
1341 4078 1638 4134 familiaris
1657 4079 1799 4149 ejus,

109 4160 234 4217 civis
252 4168 306 4219 et
324 4166 732 4236 grammaticus
754 4165 1190 4221 Mediolanensis
1212 4166 1395 4237 (Ibid,
1418 4166 1512 4221 lib.
1529 4169 1580 4234 8,
1600 4182 1722 4237 cap.
1746 4170 1799 4234 6,

106 4265 156 4305 η.
191 4252 267 4321 13)
295 4270 309 4321 ;
341 4256 505 4325 cujus
535 4271 665 4310 cum
690 4254 750 4309 in
780 4270 999 4318 omnes,
1022 4260 1143 4310 tum
1174 4271 1306 4310 vero
1336 4255 1395 4310 in
1416 4255 1801 4327 Augustinum

108 4343 218 4394 erat
244 4342 641 4398 benevolentia
679 4342 987 4415 singularis
1017 4343 1111 4413 (De
1142 4345 1359 4412 Ordine,
1396 4344 1489 4399 lib.
1529 4347 1579 4411 1,
1610 4330 1672 4399 n.
1711 4345 1758 4414 5)

111 4428 310 4485 scilicet
353 4449 507 4504 aegre
553 4433 867 4488 admodum
913 4432 1151 4496 ferebat,
1184 4434 1340 4505 quod
1378 4432 1575 4488 multis
1613 4432 1805 4487 saeculi

113 4515 315 4589 laqueis
342 4520 617 4589 irretitus,
644 4538 702 4576 se
722 4526 840 4576 tam
863 4522 1121 4592 jucunda
1150 4522 1416 4577 societate
1445 4538 1625 4594 prope
1648 4522 1804 4577 diem

117 4606 420 4666 orbandum
450 4611 684 4666 videret.
716 4611 984 4666 Nondum
1013 4610 1355 4665 christianus
1392 4615 1554 4665 erat:
1590 4614 1647 4664 et
1674 4609 1809 4664 licet

112 4707 335 4752 uxorem
354 4698 584 4754 ﬁdelem
607 4699 878 4770 duxisset,
892 4714 957 4755 ea
979 4703 1172 4754 tamen
1194 4697 1507 4753 arctissima
1530 4698 1804 4769 compede

114 4782 180 4837 ab
206 4782 426 4848 itinere.
458 4788 615 4860 quod
644 4787 869 4844 inibant
896 4788 1085 4856 amici,
1118 4788 1531 4843 retardabatur.
1562 4788 1704 4843 Illud
1736 4788 1807 4842 si-

117 4871 333 4939 quidem
365 4876 476 4931 alia
498 4877 624 4948 lege
650 4877 882 4932 nolebat
909 4877 1166 4949 aggredi,
1190 4893 1364 4949 quam
1389 4894 1477 4945 ea,
1505 4893 1619 4948 qua
1639 4876 1807 4931 mini-

117 4971 200 5012 me
228 4966 477 5031 poterat;
509 4980 717 5036 nempe
764 4969 828 5020 ut
876 4956 936 5021 se
983 4966 1053 5021 ab
1083 4981 1257 5020 uxore
1287 4981 1389 5019 sua
1427 4964 1806 5036 disjungeret,

122 5061 226 5116 quo
261 5052 502 5108 terrenis
532 5053 801 5109 omnibus
838 5053 1086 5109 dimissis
1121 5058 1308 5109 totum
1349 5070 1407 5108 se
1443 5055 1557 5108 Deo
1587 5053 1807 5108 manci-

120 5142 292 5202 parat.
330 5140 688 5214 Quapropter
716 5158 850 5198 eum
896 5143 1250 5213 Augustinus
1280 5146 1336 5197 et
1383 5141 1620 5215 Alypius
1661 5143 1805 5197 sola-

120 5220 335 5300 bantur,
366 5236 423 5285 et
466 5235 533 5287 ut
578 5231 639 5286 in
667 5232 782 5285 vita
810 5232 1116 5303 conjugali,
1152 5247 1268 5304 qua
1296 5231 1624 5303 implicatus
1662 5234 1807 5300 erat,

126 5310 227 5368 Deo
276 5318 531 5389 serviret,
574 5320 971 5377 hortabantur.
1014 5321 1165 5376 Nihil
1208 5321 1277 5376 de
1322 5320 1637 5376 Verecundi
1676 5336 1809 5390 erga

126 5413 213 5453 eos
240 5402 633 5464 benevolentia
662 5424 878 5463 mceror
903 5410 1082 5465 animi
1111 5410 1380 5465 detraxit.
1421 5408 1621 5464 Villam
1648 5424 1811 5462 suam

129 5488 480 5554 Cassiciacum
509 5498 591 5554 eis
628 5498 879 5570 benigne
914 5500 1144 5566 obtulit,
1177 5504 1239 5554 ut
1266 5499 1539 5571 quamdiu
1577 5498 1657 5553 ibi
1689 5514 1811 5553 mo-

130 5586 393 5653 rarentur,
428 5586 484 5642 in
527 5606 593 5644 ea
633 5588 923 5658 degerent.
976 5588 1232 5644 Oblatam
1281 5587 1364 5643 illi
1411 5587 1604 5644 sedem
1652 5590 1813 5657 grato

1531 317 1745 374 LIBER
1786 317 2174 376 SECUNDUS.

3510 322 3611 376 118

1912 439 2103 494 animo
2132 442 2520 512 susceperunt.
2556 439 2695 495 Hinc
2736 439 3089 511 Augustinus
3119 439 3180 495 in
3208 456 3275 496 ea
3304 440 3439 495 villa
3467 441 3609 497 resi-

1913 528 2073 596 dens,
2101 546 2203 601 per
2217 530 2412 601 jocum
2442 529 2600 596 dixit,
2623 546 2681 583 se
2700 528 2986 584 incuriose
3015 532 3079 584 ut
3103 530 3610 599 grammaticorum

1911 618 2117 674 verbis.
2165 618 2265 689 qui
2308 634 2398 672 res
2442 634 2573 672 suas
2618 617 2728 688 ipsi
2766 617 2838 671 ad
2880 617 3158 672 utendum
3198 617 3484 672 dedissent
3512 622 3612 687 (De

1910 709 2079 763 Beata
2114 709 2264 776 Vita,
2291 724 2347 761 n.
2383 707 2494 777 31).
2523 707 2801 763 Retribues
2831 708 2935 773 illi,
2968 709 3207 774 Domine,
3242 706 3323 761 ait
3347 705 3613 778 Augusti-

1912 812 2038 862 nus,
2069 797 2125 851 in
2150 799 2534 851 resurrectione
2563 796 2856 865 justorum,
2891 798 3022 865 quia
3049 796 3175 865 jam
3212 797 3386 865 ipsam
3413 800 3609 851 sortem

1910 887 2210 940 retribuisti
2235 888 2303 939 ei.
2337 887 2591 952 Quamvis
2623 887 2763 939 enim
2797 885 3107 939 absentibus
3143 885 3317 953 nobis,
3348 900 3467 939 cum
3495 887 3608 940 Ro-

1910 990 2009 1029 mae
2035 976 2159 1045 jam
2198 989 2448 1035 essemus,
2480 974 2749 1043 corporali
2784 973 3107 1040 aegritudine
3132 977 3428 1042 correptus,
3462 976 3513 1027 et
3549 974 3610 1027 in

1910 1078 1972 1117 ea
1991 1064 2321 1118 christianus
2340 1068 2389 1117 et
2408 1062 2589 1133 ﬁdelis
2617 1064 2820 1129 factus,
2846 1077 2912 1116 ea:
2932 1062 3032 1116 hac
3051 1063 3167 1115 vita
3183 1064 3468 1129 emigravit
3492 1078 3505 1115 :
3527 1064 3612 1116 ita

1909 1154 2160 1207 misertus
2198 1167 2251 1207 es
2294 1168 2400 1207 non
2426 1152 2596 1206 solum
2626 1152 2763 1221 ejus,
2795 1150 2889 1205 sed
2927 1152 3092 1204 etiam
3119 1148 3312 1216 nostri,
3363 1166 3428 1203 ne
3455 1152 3609 1218 cogi-

1910 1245 2083 1295 tantes
2115 1242 2385 1308 egregiam
2432 1255 2562 1307 erga
2606 1255 2699 1294 nos
2732 1241 2897 1294 amici
2926 1239 3336 1304 humanitatem,
3368 1254 3461 1293 nec
3489 1254 3610 1293 eum

1909 1332 1969 1384 in
1985 1345 2143 1397 grege
2167 1335 2257 1385 tuo
2274 1333 2639 1397 numerantes,
2662 1328 2844 1383 dolore
2872 1327 3204 1382 intolerabili
3222 1329 3607 1382 cruciaremur.

1910 1419 2131 1474 Gratias
2160 1417 2279 1486 tibi,
2314 1420 2453 1472 Deus
2484 1421 2681 1483 noster,
2712 1418 2794 1471 tui
2819 1431 3033 1482 sumus;
3068 1416 3319 1471 indicant
3357 1416 3610 1471 hortatio-

1908 1522 1998 1562 nes
2028 1512 2077 1561 et
2096 1508 2477 1562 consolationes
2508 1511 2612 1560 tuae
2634 1521 2649 1558 :
2671 1505 2849 1576 fidelis
2867 1507 3183 1574 promissor,
3214 1504 3405 1558 reddes
3441 1505 3609 1559 Vere-

1903 1595 2095 1662 cundo,
2124 1611 2224 1665 pro
2248 1612 2374 1650 rure
2394 1597 2485 1650 illo
2514 1596 2630 1664 ejus
2661 1596 2979 1662 Cassiciaco,
3010 1594 3106 1648 ubi
3142 1594 3211 1648 ab
3244 1597 3379 1648 astu
3416 1594 3601 1649 saeculi

1904 1686 2263 1754 requievimus
2283 1685 2341 1738 in
2357 1688 2423 1752 te,
2448 1686 2846 1738 amaznitantem
2872 1685 3192 1752 sempiterna
3205 1684 3426 1737 virentis
3437 1698 3597 1752 para-

1907 1775 2017 1829 disi
2048 1776 2161 1842 tui;
2186 1776 2443 1843 quoniam
2480 1774 2742 1827 dimisisti
2774 1774 2826 1826 ei
2846 1776 3071 1841 peccata
3099 1787 3262 1841 super
3291 1776 3508 1840 terram,
3539 1773 3600 1826 in

1906 1868 2080 1919 monte
2090 1866 2565 1931 incaseato,monte
2586 1866 2691 1929 tuo,
2715 1866 2888 1915 monte
2908 1861 3061 1914 uberi
3075 1860 3251 1930 (Conf.
3274 1860 3367 1914 lib.
3388 1863 3439 1929 9,
3463 1876 3509 1915 c.
3543 1862 3598 1933 3,

1905 1969 1962 2008 n.
2009 1953 2084 2022 5).
2119 1953 2247 2007 Haec
2291 1954 2485 2022 itaque
2533 1948 2844 2003 Verecundi
2891 1948 3027 2003 villa
3055 1948 3203 2003 inter
3238 1951 3462 2003 montes
3498 1947 3608 2003 sita

1906 2039 2079 2094 fuisse
2124 2037 2370 2093 videtur.
2403 2037 2755 2092 Efﬂuxerunt
2800 2036 3032 2091 tandem
3083 2035 3204 2090 dies
3244 2034 3348 2103 illi,
3389 2034 3488 2107 qui
3535 2035 3608 2090 ad

1905 2127 2206 2183 litterarias
2247 2125 2415 2181 ferias
2463 2127 2830 2197 supererant;
2876 2124 2961 2179 illi
3006 2123 3281 2179 nimirum
3325 2123 3465 2191 dies,
3506 2123 3608 2195 qui

1906 2231 2027 2287 prae
2069 2230 2262 2269 amore
2292 2212 2570 2269 libertatis
2610 2212 2807 2267 otiosze
2837 2212 2908 2267 ad
2946 2211 3357 2283 requirendum
3385 2211 3608 2266 vultum

1910 2304 2030 2373 Dei,
2062 2307 2120 2359 et
2165 2302 2325 2374 longi
2365 2305 2422 2357 et
2464 2301 2630 2356 multi
2675 2300 2995 2373 Augustino
3023 2300 3381 2355 videbantur.
3414 2299 3609 2354 Illuxit

1906 2395 2085 2467 igitur
2114 2394 2254 2464 dies,
2285 2409 2401 2465 quo
2438 2392 2741 2448 rhetoricae
2771 2391 3182 2465 professionem
3223 2390 3408 2463 reipsa
3444 2390 3605 2445 dese-

1907 2484 2044 2551 ruit,
2073 2488 2130 2539 et
2164 2499 2277 2555 quo
2319 2483 2578 2553 linguam
2607 2482 2730 2553 ejus
2759 2481 2910 2536 eruit
2948 2482 3114 2545 Deus,
3150 2480 3300 2535 unde
3325 2494 3424 2534 cor
3455 2478 3609 2533 illius

1907 2573 2068 2643 prius
2115 2574 2343 2626 eruerat
2387 2571 2567 2643 (Ibid,
2600 2586 2719 2640 cap.
2752 2572 2805 2638 4,
2849 2586 2907 2624 n.
2937 2571 3018 2639 7).
3064 2569 3152 2625 Sic
3180 2569 3344 2624 laetus
3386 2572 3444 2623 et
3490 2568 3605 2623 Deo

1907 2660 2118 2731 gratias
2139 2660 2357 2715 habens
2379 2659 2576 2714 statim
2595 2674 2726 2714 cum
2748 2658 3013 2713 omnibus
3034 2658 3171 2724 suis,
3194 2657 3300 2712 hoc
3321 2661 3425 2720 est,
3452 2657 3608 2711 Mon-

1906 2749 2033 2804 nica
2057 2753 2260 2815 matre,
2296 2747 2530 2818 Navigio
2562 2747 2759 2813 fratre,
2785 2746 3048 2818 Trygetio
3081 2749 3137 2800 et
3164 2745 3411 2800 Licentia
3439 2743 3608 2800 disci-

1906 2838 2076 2909 pulis,
2125 2836 2443 2893 Lastidiano
2500 2840 2557 2891 et
2604 2834 2831 2890 Rustico
2888 2832 3263 2900 consobrinis,
3313 2831 3603 2887 Adeodato

1906 2925 2026 2980 tilio
2072 2928 2128 2980 et
2165 2923 2393 2995 Alypio,
2440 2939 2498 2977 se
2528 2923 2600 2978 ad
2637 2923 2830 2977 villam
2873 2920 3192 2977 Verecundi
3235 2919 3476 2976 contulit
3512 2919 3606 2991 (De

1905 3016 2073 3070 Beata
2104 3015 2252 3081 Vita,
2283 3028 2344 3068 n.
2384 3012 2452 3081 6).

2566 3098 2792 3154 CAPUT
2833 3098 2950 3154 VII.

1910 3196 1930 3247 1
1970 3195 2044 3247 De
2074 3204 2213 3246 anno
2242 3192 2301 3245 in
2330 3204 2434 3260 quo
2472 3190 2743 3243 conversio
2781 3186 3080 3256 Augustini
3114 3186 3357 3254 contigit,
3392 3188 3603 3239 contro-

1975 3281 2155 3334 versia
2183 3277 2324 3333 unde
2346 3279 2689 3347 potissimum
2717 3280 2926 3331 exorta.
2957 3278 2991 3329 ‘2
3015 3274 3172 3329 Anno
3202 3275 3301 3328 387
3330 3272 3481 3327 illam
3509 3271 3607 3327 ad-

1975 3370 2217 3425 scribunt
2245 3368 2518 3437 opiniones
2548 3366 2687 3433 duse,
2723 3366 2919 3434 quibus
2949 3365 3056 3419 alio
3085 3368 3251 3433 atque
3276 3362 3386 3417 alio
3419 3361 3605 3416 detor-

1977 3461 2210 3528 quentur
2259 3456 2495 3512 Possidii
2538 3456 2942 3524 Augustinique
2983 3454 3121 3508 hanc
3168 3454 3229 3507 in
3273 3466 3385 3506 rem
3433 3450 3601 3505 dicta.

1979 3551 2009 3603 3
2042 3548 2194 3604 Nihil
2218 3546 2428 3601 obstare
2448 3546 2729 3614 quominus
2750 3545 2892 3599 hisce
2922 3543 3082 3597 dictis
3104 3544 3163 3596 in
3181 3554 3433 3610 germana
3447 3553 3606 3595 sensu

1978 3638 2208 3706 acceptis
2249 3635 2404 3689 illum
2432 3648 2573 3688 anno
2601 3636 2703 3688 386
2735 3647 3063 3697 conversum,
3090 3629 3434 3699 eamdemque
3462 3644 3604 3683 anno

1982 3728 2080 3781 387
2116 3725 2453 3793 baptizatum
2481 3735 2803 3776 asseramus.
2828 3724 2857 3774 4
2877 3721 3019 3775 Huic
3036 3720 3308 3774 sententiae
3321 3717 3486 3772 robur
3512 3732 3603 3771 ac-

1979 3812 2120 3868 cedit
2149 3828 2217 3866 ea:
2244 3811 2479 3881 quodam
2505 3810 2805 3878 Augustini
2832 3810 2961 3875 loco,
2989 3811 3296 3877 comparato
3326 3822 3445 3861 cum
3466 3810 3603 3860 tem-

1976 3919 2107 3975 pore
2136 3917 2239 3972 quo
2280 3901 2598 3956 Ambrosius
2628 3898 3014 3965 emagitabatur
3045 3896 3113 3951 ab
3148 3898 3391 3950 Justina.
3430 3898 3461 3948 5
3499 3898 3602 3949 Di-

1982 3994 2154 4047 luitur
2191 3992 2467 4045 contraria
2507 3988 2901 4054 argumentatio
2933 3987 3106 4055 petita
3142 3984 3210 4038 ab
3239 3983 3603 4039 observatione

1983 4082 2253 4150 temporis,
2288 4094 2391 4149 quo
2421 4078 2745 4147 Imperatori
2782 4074 2967 4130 laudes
3017 4074 3284 4128 recitavit.
3330 4074 3361 4127 6
3409 4072 3600 4141 Opinio

1984 4164 2232 4239 quadam
2276 4169 2665 4223 conversionem
2706 4165 3007 4235 Augustini
3050 4177 3249 4234 ponens
3303 4176 3445 4217 anno
3499 4162 3602 4218 385

1983 4260 2203 4313 minime
2226 4257 2545 4328 probabilis.

1991 4350 2037 4402 1.
2070 4348 2283 4401 Paucos
2325 4345 2509 4400 adhuc
2536 4343 2597 4399 in
2629 4359 2696 4398 ea
2738 4342 2873 4397 villa
2912 4341 3031 4397 dies
3066 4343 3437 4411 transegerat,
3476 4354 3607 4395 cum

1916 4434 2090 4490 libros
2112 4451 2244 4489 suos
2269 4434 2340 4489 de
2362 4432 2712 4489 Academicis
2738 4447 2970 4487 exorsus
2996 4431 3217 4497 (Contra
3239 4428 3607 4495 Academicos,

1918 4523 2013 4577 lib.
2047 4525 2095 4591 1,
2152 4538 2208 4576 n.
2243 4524 2313 4587 4),
2345 4537 2445 4576 eos
2469 4518 2795 4586 intermisit,
2826 4522 2891 4574 ut
2932 4518 3143 4572 librum
3189 4516 3260 4571 de
3290 4518 3459 4571 Beata
3486 4514 3609 4569 Vita

1916 4610 2189 4666 scriberet
2220 4609 2700 4681 (Retractationum
2730 4608 2825 4662 lib.
2878 4610 2926 4675 1,
2958 4621 3078 4675 cap.
3110 4606 3183 4675 2),
3223 4604 3397 4660 tridui
3443 4619 3608 4674 opus,

1916 4699 2037 4771 ipso
2058 4698 2315 4754 natalitio
2345 4697 2499 4752 illius
2513 4697 2603 4751 die
2632 4695 2943 4766 inemptum
2968 4695 3066 4765 (De
3091 4694 3246 4749 beata
3276 4695 3423 4762 Vita,
3450 4707 3507 4747 η.
3531 4693 3607 4762 6).

1917 4788 2018 4859 qui
2046 4787 2106 4841 in
2134 4787 2260 4841 idus
2289 4785 2615 4841 novembris
2643 4783 2948 4839 incidebat.
2983 4784 3179 4854 Itaque
3207 4797 3460 4837 secessus
3488 4780 3612 4852 ejus

1916 4877 1977 4932 in
2002 4876 2194 4930 villam
2226 4874 2602 4932 Cassiciacum
2652 4871 2880 4927 nonnisi
2908 4886 3103 4926 mense
3134 4870 3350 4925 octobri
3375 4870 3612 4941 ejusque

1918 4964 2209 5021 conversio
2241 4962 2567 5034 septembri,
2614 4965 2710 5016 aut
2739 4962 2939 5015 saltem
2969 4963 3211 5015 exeunte
3240 4961 3483 5029 augusto
3528 4955 3612 5010 vi-

1918 5056 2085 5112 detur
2107 5052 2412 5124 contigisse
2440 5068 2453 5107 :
2478 5049 2781 5108 Mediolani
2809 5049 2985 5120 enim,
3016 5047 3469 5122 prtelectionibus
3496 5045 3610 5100 suis

1919 5142 2213 5209 absolutis,
2238 5140 2459 5212 aliquot
2486 5138 2668 5194 adhuc
2696 5138 2815 5194 dies
2844 5138 3030 5210 potuit
3064 5134 3427 5191 commorari.
3457 5134 3613 5188 Tunc

1918 5247 2052 5285 vero
2092 5230 2368 5301 temporis
2413 5228 2770 5301 trigesimum
2808 5232 2864 5282 et
2892 5226 3126 5282 tertium
3173 5224 3355 5279 astatis
3397 5236 3612 5276 annum

1921 5319 2146 5390 agebat,
2177 5324 2241 5374 ut
2268 5319 2510 5390 ipsemet
2539 5322 2779 5372 testatur
2805 5317 2909 5371 sub
2938 5316 3112 5370 finem
3142 5313 3443 5377 librorum,
3471 5324 3614 5380 quos

1922 5408 1993 5463 de
2036 5406 2383 5462 Academicis
2425 5405 2647 5477 scripsit
2698 5405 2922 5474 (Contra
2960 5402 3160 5469 Acad,
3201 5400 3295 5455 lib.
3328 5401 3381 5465 3,
3412 5412 3466 5451 n.
3501 5396 3610 5467 43),

1923 5500 1979 5550 et
2006 5500 2133 5567 post
2160 5496 2289 5551 idus
2320 5495 2653 5550 novembres
2678 5492 2937 5548 absolvit.
2981 5491 3043 5546 Id
3081 5490 3269 5560 ipsum
3313 5483 3514 5540 asserit
3555 5488 3618 5541 in

1923 5584 2371 5657 Soliloquiorum
2400 5583 2559 5639 libris
2591 5583 3020 5651 (Sotiloquiorum
3047 5578 3146 5630 lib.
3184 5579 3232 5642 l,
3253 5590 3309 5632 n.
3341 5575 3445 5643 t7),
3474 5589 3616 5647 quos
