4020 6370
379 326 481 380 119

374 444 478 500 sub
507 442 662 499 idem
692 444 920 512 tempus
941 437 1137 494 edidit.
1161 439 1226 492 Et
1253 452 1384 492 cum
1415 435 1674 491 Monnica
1700 439 1883 491 mater
1911 437 2080 508 paulo

374 538 503 606 post
532 533 656 604 ejus
685 530 1042 604 Baptismum
1089 545 1154 582 ex
1185 528 1292 583 hac
1331 527 1446 580 vita
1491 526 1779 597 migravit,
1824 526 2081 580 nondum

374 621 738 694 trigesimum
782 623 838 674 et
875 617 1109 674 tertium
1142 615 1322 672 aetatis
1363 631 1579 670 annum
1612 621 1875 687 exegerat
1898 616 2076 686 (Conf.

378 713 474 766 lib.
505 714 556 779 9,
590 726 712 780 cap.
757 713 840 776 tl,
882 723 943 763 η.
981 709 1092 774 28).
1129 706 1223 760 His
1265 705 1344 758 ita
1390 704 1710 759 constitutis
1758 705 2077 769 conﬁcitur,

377 817 508 856 cum
533 799 826 871 trigesimo
857 796 1103 852 secundo
1126 794 1309 849 aetatis
1326 811 1440 848 sua:
1464 811 1614 848 anno
1644 798 1884 848 exeunte
1905 794 2081 848 fuisse

378 904 748 954 conversum;
782 903 934 941 anno
964 889 1155 940 autem
1194 883 1486 954 trigesimo
1520 882 1680 937 tertio
1707 882 2078 953 baptizatum,

382 983 509 1034 octo
553 981 651 1032 aut
699 991 898 1031 novem
947 977 1078 1045 post
1119 972 1545 1028 conversionem
1594 972 1906 1033 mensibus.
1951 987 2078 1025 cum

383 1064 670 1136 Baptisma
698 1063 759 1117 in
790 1061 1045 1118 Paschali
1073 1060 1428 1115 solemnitate
1462 1059 1794 1130 susceperit.
1825 1060 1949 1113 Jam
1979 1074 2079 1111 au-

377 1157 494 1208 tem
543 1150 829 1208 Possidius
858 1166 1036 1204 annos
1083 1165 1214 1203 eum
1259 1165 1351 1202 sex
1382 1153 1439 1202 et
1480 1148 1841 1218 septuaginta
1880 1152 2079 1200 natum

380 1241 586 1298 obiisse
637 1240 813 1296 tradit
861 1239 1183 1309 (Possidius,
1229 1241 1287 1292 in
1344 1241 1472 1294 Vita
1503 1239 1823 1305 Augustini,
1858 1253 1902 1290 c.
1955 1236 2076 1307 3t):

380 1333 684 1402 nullusque
713 1329 773 1384 in
801 1328 1040 1384 dubium
1072 1331 1296 1382 revocat
1325 1327 1447 1397 ejus
1478 1326 1696 1379 obitum
1726 1325 1783 1378 in
1814 1325 2080 1396 quintum

380 1419 655 1474 kalendas
680 1417 1018 1490 septembris
1049 1416 1184 1471 anni
1209 1414 1758 1487 quadringentesimi
1776 1414 1844 1468 tri
1854 1414 2076 1484 gesimi,

375 1508 536 1579 juxta
556 1507 817 1578 Prosperi
847 1506 1153 1561 chronicon
1182 1503 1468 1559 incidisse.
1494 1504 1660 1558 Illum
1687 1502 1864 1573 igitur
1883 1507 2080 1556 natum

378 1597 553 1652 fuisse
575 1600 802 1667 oportet
819 1595 1006 1650 idibus
1022 1594 1348 1649 novembris
1373 1593 1506 1647 anni
1523 1591 1906 1647 trecentesimi
1920 1593 2083 1664 quin—

381 1685 700 1758 quagesimi
721 1685 941 1757 quarti;
969 1700 1304 1739 conversum
1330 1699 1524 1737 mense
1557 1687 1798 1752 augusto
1821 1681 1955 1735 anni
1976 1686 2083 1735 tre-

379 1775 672 1831 centesimi
699 1773 1029 1845 octogesimi
1057 1773 1229 1840 sexti;
1262 1772 1614 1842 baptizatum
1651 1787 1782 1824 vero
1815 1771 2082 1824 Paschate

380 1865 515 1920 anni
540 1862 925 1919 trecentesimi
951 1861 1282 1932 octogesimi
1305 1860 1556 1932 septimi,
1588 1864 1782 1914 octavo
1811 1859 2084 1913 kalendas

379 1953 536 2009 maii.
555 1955 630 2008 Eo
651 1953 806 2008 enim
825 1969 975 2007 anno
1002 1952 1215 2006 Pascha
1236 1950 1477 2021 septimo
1496 1949 1765 2003 kalendas
1787 1948 1925 2002 maii
1947 1949 2084 2002 cele-

380 2044 659 2098 brandum
680 2059 800 2096 esse
821 2042 1094 2096 docuerat
1110 2039 1442 2094 Ambrosius
1472 2039 1747 2108 (Ambros.
1764 2079 1779 2106 ,
1809 2041 1986 2107 Epist.
2011 2037 2085 2092 ad

381 2131 703 2201 Emilium).
744 2131 973 2186 Nullam
1003 2129 1187 2183 haecce
1228 2127 1599 2197 chronologia
1635 2127 2084 2181 controversiam

383 2220 728 2286 admitteret,
751 2218 862 2272 nisi
890 2217 1244 2289 Augustinus
1273 2221 1516 2271 matrem
1548 2232 1711 2270 suam
1739 2220 1861 2270 tum
1885 2232 1950 2270 ex
1978 2216 2086 2270 hac

381 2307 496 2362 vita
523 2307 794 2379 migrasse
825 2306 1056 2374 diceret,
1093 2321 1225 2360 cum
1255 2305 1376 2376 ipse
1403 2304 1651 2358 Africam
1693 2308 1981 2375 repetens,
2027 2320 2085 2358 se

383 2397 456 2451 ad
487 2396 640 2452 Ostia
663 2395 928 2450 Tiberina
957 2394 1304 2464 navigationi
1334 2395 1676 2448 instauraret
1703 2393 1881 2461 {Conf.
1908 2393 2000 2447 lib.
2031 2396 2082 2459 9,

384 2501 514 2555 cap.
565 2487 619 2552 8,
667 2501 723 2539 η.
775 2487 864 2551 17;
897 2498 1018 2553 cap.
1057 2486 1142 2549 l0,
1173 2499 1234 2538 η.
1291 2483 1402 2553 23).
1451 2483 1682 2538 Constat
1728 2481 1902 2548 enim,
1953 2480 2088 2534 hinc

385 2573 640 2646 quidem,
666 2572 870 2628 obiisse
900 2572 1080 2638 illam,
1111 2575 1177 2626 ut
1206 2571 1472 2636 diximus,
1504 2569 1862 2640 trigesimum
1893 2573 1948 2624 et
1971 2575 2085 2624 ter-

385 2663 532 2718 tium
564 2661 746 2717 astatis
776 2677 991 2716 annum
1022 2664 1226 2731 agente
1265 2659 1585 2731 Augustino
1608 2679 1622 2726 ;
1646 2659 1750 2714 hoc
1795 2663 1897 2726 est,
1925 2659 2090 2730 juxta

386 2752 668 2807 calculum
712 2755 992 2818 nostrum,
1025 2754 1158 2805 ante
1187 2749 1311 2804 idus
1342 2748 1677 2803 novembres
1707 2748 1841 2802 anni
1869 2753 2088 2803 trecen-

385 2839 579 2895 tesimi
605 2837 940 2912 octogesimi
965 2835 1218 2908 septimi.
1259 2835 1420 2890 Illinc
1447 2839 1640 2890 autem
1665 2839 1885 2890 certum
1914 2835 2087 2890 habe-

386 2944 534 2996 mus,
581 2927 967 2999 Augustinum
1009 2941 1128 2980 non
1191 2924 1484 2995 repetiisse
1513 2923 1761 2979 Africam
1806 2923 1915 2979 nisi
1965 2927 2092 2996 post

387 3032 582 3071 necem
605 3014 833 3071 Maximi
850 3013 1076 3087 tyranni
1098 3014 1321 3084 (Contra
1340 3016 1576 3069 Litteras
1596 3014 1871 3080 Petitiam‘,
1896 3028 1950 3066 η.
1977 3013 2087 3083 30),

387 3105 487 3176 qui
514 3121 709 3160 mense
727 3105 873 3176 julio
895 3107 1154 3169 exeunte,
1176 3103 1266 3157 vel
1281 3107 1523 3172 augusto
1547 3101 1684 3156 anni
1706 3101 2090 3157 trecentesimi

385 3193 719 3264 octogesimi
743 3191 925 3247 octavi
955 3191 1288 3246 interfectus
1313 3195 1414 3244 est.

457 3285 517 3337 2.
556 3281 867 3337 Difﬁcultas
888 3281 1002 3336 duo
1032 3279 1142 3333 ista
1168 3278 1506 3333 conciliandi
1540 3277 1894 3334 doctissimos
1925 3295 2090 3348 quos-

389 3387 501 3444 que
531 3371 590 3425 in
623 3371 872 3425 diversas
894 3368 1193 3441 opiniones
1223 3367 1499 3422 distrahit.
1537 3367 1776 3432 Quidam
1806 3367 1960 3421 enim
1987 3384 2090 3421 no-

389 3462 518 3516 lunt
559 3477 593 3514 a
622 3459 896 3527 Possidio,
930 3474 1061 3512 cum
1089 3457 1474 3528 Augustinum
1517 3472 1700 3510 annos
1730 3456 2093 3526 septuaginta

391 3565 484 3604 sex
525 3547 724 3602 vixisse
771 3547 985 3616 scribit,
1016 3546 1196 3617 ipsius
1243 3561 1422 3600 annos
1463 3561 1567 3616 per
1610 3545 1934 3598 consulatus
1982 3562 2090 3598 nu-

391 3636 632 3706 merari;
668 3639 723 3690 et
770 3652 876 3707 pro
905 3634 1093 3706 primo
1137 3650 1286 3688 anno
1335 3633 1482 3688 sumi
1529 3633 1808 3704 temporis
1845 3633 2094 3703 spatium

298 3761 308 3768 -
391 3726 546 3798 quod
577 3726 647 3780 ab
694 3724 882 3780 idibus
921 3723 1248 3779 novembris
1292 3724 1363 3778 ad
1391 3723 1665 3777 kalendas
1686 3723 1997 3793 januarias,
2030 3740 2093 3776 ac

391 3833 496 3888 pro
545 3814 750 3870 ultimo
798 3830 967 3881 anno,
1010 3813 1065 3868 id
1110 3813 1261 3885 quod
1314 3829 1348 3866 a
1395 3811 1651 3867 kalendis
1691 3811 1972 3883 januariis
2023 3812 2092 3866 ad

391 3903 657 3976 quintum
686 3903 957 3958 kalendas
977 3901 1206 3973 augusti
1236 3901 1578 3956 extenditur.
1598 3900 1686 3956 Sic
1706 3900 2091 3972 Augustinum

393 4001 592 4049 natum
623 4009 740 4047 esse
769 3991 1122 4047 contendunt
1153 3991 1341 4046 idibus
1371 3989 1696 4046 novembris
1722 3989 1855 4044 anni
1877 3994 2094 4045 trecen-

391 4081 587 4138 tesimi
611 4079 1074 4153 quinquagesimi
1095 4079 1313 4151 quinti;
1341 4095 1678 4133 conversum
1704 4094 1853 4132 anno
1877 4083 2093 4134 trecen-

393 4170 597 4227 tesimo
630 4169 980 4242 octogesimo
1011 4167 1279 4239 septimo,
1312 4167 1665 4238 baptizatum
1694 4183 1845 4222 anno
1870 4171 2091 4222 trecen-

392 4257 595 4313 tesimo
640 4257 989 4329 octogesimo
1020 4261 1246 4324 octavo;
1279 4261 1336 4310 et
1379 4272 1440 4310 re
1488 4257 1611 4328 ipsa
1656 4255 1859 4311 vixisse
1890 4273 2088 4324 annos,

393 4361 512 4400 non
541 4345 902 4417 septuaginta
930 4361 1043 4412 sex,
1088 4344 1187 4398 sed
1235 4343 1592 4415 septuaginta
1639 4349 1905 4415 quatuor,
1936 4345 2094 4415 adje-

393 4434 498 4488 ctis
525 4450 698 4505 super
720 4449 926 4488 novem
945 4439 1045 4488 aut
1073 4433 1270 4488 decem
1302 4432 1610 4487 mensibus.
1636 4432 1845 4488 Volunt
1865 4432 1962 4486 alii
1976 4435 2089 4486 Au-

393 4523 688 4594 gustinum
717 4522 779 4578 in
807 4523 952 4578 libro
982 4522 1098 4578 sive
1128 4527 1326 4577 contra
1353 4521 1718 4578 Academicos
1754 4521 1944 4586 tertio,
1977 4522 2091 4577 sive

393 4611 840 4685 Soliloquiorum
868 4611 1078 4684 primo,
1113 4627 1294 4667 annos
1324 4628 1459 4666 suos
1506 4616 1731 4666 tantum
1777 4611 2088 4678 absolutos,

395 4715 514 4755 non
543 4705 735 4755 autem
764 4700 1061 4756 inchoatos
1101 4717 1428 4756 numerare.
1462 4699 1549 4756 Sic
1579 4715 1712 4756 eum
1741 4704 1942 4755 natum
1972 4716 2091 4755 esse

394 4804 545 4844 anno
568 4790 966 4845 trecentesimo
997 4789 1472 4862 quinquagesimo
1502 4793 1724 4862 quarto,
1757 4805 2091 4845 conversum

393 4893 566 4949 porro
595 4893 711 4933 non
751 4878 924 4933 fuisse
970 4878 1080 4932 nisi
1119 4894 1271 4933 anno
1308 4878 1704 4934 trecentesimo
1746 4878 2090 4951 octogesimo

393 4966 657 5038 septimo,
689 4982 793 5022 nec
819 4966 1168 5038 baptizatum
1199 4967 1308 5021 nisi
1338 4984 1488 5023 anno
1516 4968 1914 5023 trecentesimo
1936 4972 2090 5022 octo-

393 5055 614 5127 gesimo
659 5059 874 5125 octavo,
923 5055 1215 5127 trigesimo
1263 5056 1430 5111 tertio
1480 5057 1661 5112 aetatis
1708 5059 1952 5128 expleto,
1985 5058 2091 5112 hoc

394 5148 497 5212 est,
531 5143 825 5216 trigesimo
858 5149 1062 5216 quarto
1110 5145 1398 5200 inchoato.
1433 5147 1681 5216 Utraque
1730 5147 1853 5201 haec
1898 5146 2091 5218 Opinio

390 5234 645 5306 profecto
675 5233 791 5288 vim
820 5233 992 5289 infert
1018 5233 1214 5304 :verbis
1244 5234 1550 5305 Augustini
1580 5239 1679 5290 aut
1719 5235 1992 5303 Possidii;
2027 5241 2091 5290 ut

391 5323 580 5379 dicere
624 5338 898 5395 cogamur
944 5321 1286 5390 Possidium,
1321 5323 1419 5394 qui
1466 5339 1579 5377 una
1609 5339 1739 5378 cum
1769 5325 2087 5395 Augustino

393 5411 773 5486 quadraginta
801 5427 1085 5467 annorum
1115 5417 1341 5484 tempus
1369 5411 1639 5479 traduxit,
1669 5413 1881 5485 quique
1911 5413 2088 5484 ipsius

393 5505 617 5558 atatem
668 5503 737 5557 ab
785 5519 853 5558 eo
896 5502 1014 5557 solo
1063 5506 1374 5572 acceperat,
1407 5501 1566 5556 illam
1604 5505 1795 5556 tamen
1835 5501 1998 5557 aliter
2025 5521 2090 5558 ac

393 5590 582 5664 ipsum
611 5592 994 5666 Augustinum
1023 5591 1457 5662 computavissc.
1493 5592 1603 5647 Nec
1635 5592 1787 5646 enim
1817 5593 2088 5664 Augusti-

1588 313 1761 368 VlTA
1803 312 1856 368 S.
1899 312 2046 369 AUG
2067 313 2302 370 USTINI
2350 312 2687 370 EPISCOPI.

3796 311 3897 362 l20

2193 453 2324 505 nus,
2368 437 2413 490 si
2456 451 2638 492 annos
2679 451 2784 506 per
2823 436 3082 488 consules
3123 436 3385 498 notaret,
3421 432 3595 489 libros
3639 447 3775 487 suos
3824 431 3896 486 de

2189 523 2558 591 Academicis,
2614 539 2810 578 mense
2867 522 3162 578 novembri
3211 521 3587 592 conscriptos,
3647 536 3897 592 repone-

2189 618 2277 666 ret
2319 628 2467 666 anno
2517 611 2700 666 (etatis
2746 627 2865 666 suae
2915 610 3211 682 trigesimo
3261 609 3460 673 tertio;
3514 627 3620 664 nec
3676 609 3899 680 pariter

2189 702 2372 756 eidem
2403 718 2553 756 anno
2589 701 2932 758 adscriberet
2959 700 3142 772 ipsam
3169 704 3412 754 mortem
3445 699 3738 765 Monnicaa,
3766 715 3901 770 quae

2187 796 2305 846 tam
2336 791 2509 861 longo
2533 795 2665 862 post
2695 795 2954 860 tempore
2985 789 3334 860 contigisset.
3363 790 3426 842 Et
3447 788 3494 842 si
3516 789 3759 843 absoluti
3776 792 3904 842 tan-

2188 885 2309 934 tum
2339 880 2494 934 illius
2527 879 2662 934 anni
2700 878 2988 934 numerati
3017 882 3167 941 sunt,
3208 877 3260 931 ei
3289 877 3547 949 quinque
3578 881 3634 931 et
3665 880 3899 947 septua-

2188 969 2345 1039 ginta
2383 969 2514 1024 vitae
2554 968 2710 1035 anni,
2752 985 2869 1022 non
2916 968 3129 1039 plures,
3171 965 3346 1021 tribui
3391 965 3735 1020 debuerunt.
3784 963 3902 1018 Ob-

2189 1074 2408 1112 scrvare
2441 1058 2626 1112 adhuc
2659 1057 2792 1112 licet
2826 1060 3026 1110 contra
3051 1055 3307 1127 priorem
3339 1053 3702 1122 sententiam,
3742 1051 3903 1108 haud

2187 1146 2357 1201 fuisse
2389 1147 2622 1218 quidem
2662 1145 2896 1200 omnino
2927 1145 3193 1207 insolens,
3226 1144 3624 1215 episcoporum
3653 1142 3811 1197 urbis
3845 1146 3905 1197 et

2186 1235 2598 1306 imperatorum
2637 1252 2816 1290 annos
2863 1250 2964 1306 per
3012 1234 3336 1288 consulatus
3394 1249 3697 1287 numerare
3741 1231 3906 1303 (licet

2187 1325 2295 1378 hoc
2324 1323 2511 1395 ipsum
2531 1324 2924 1396 infrequenter
2950 1322 3250 1393 evenerit);
3274 1323 3429 1394 quod
3459 1322 3671 1376 scilicet
3693 1338 3904 1376 eorum

2189 1413 2398 1467 creatio
2447 1418 2503 1467 et
2541 1414 2729 1468 obitus
2774 1413 2834 1467 in
2884 1413 3022 1467 actis
3068 1411 3331 1483 publicis,
3375 1411 3582 1484 quibus
3632 1412 3902 1466 consules

2189 1506 2350 1556 erant
2379 1502 2671 1573 adscripti,
2711 1507 3068 1568 notarentur,
3103 1507 3160 1556 et
3189 1518 3406 1556 annum
3447 1503 3640 1556 nullus
3669 1501 3903 1571 ignora-

2190 1596 2292 1645 ret.
2331 1593 2456 1645 Non
2488 1591 2566 1645 sic
2593 1608 2765 1662 porro
2796 1593 2865 1646 de
2901 1595 3029 1645 ortu
3064 1592 3167 1646 ﬁlii
3199 1591 3503 1662 municipis
3539 1590 3904 1662 Tagastensis

2191 1680 2499 1735 admodum
2529 1681 2716 1734 tenuis
2746 1680 3069 1734 existimare
3094 1681 3244 1734 licet.
3288 1681 3448 1745 Quod
3479 1685 3695 1751 spectat
3720 1681 3794 1735 ad
3826 1681 3906 1734 al-

2191 1774 2371 1824 teram
2421 1769 2782 1836 sententiam,
2828 1770 3057 1824 tametsi
3095 1769 3392 1824 fatendum
3429 1775 3533 1832 est,
3577 1786 3706 1824 cum
3739 1769 3903 1841 quis-

2192 1857 2346 1928 piam
2378 1857 2582 1911 dicitur
2623 1875 2802 1912 annos
2843 1858 3078 1929 triginta
3119 1863 3230 1912 tres
3269 1864 3458 1928 natus,
3505 1858 3575 1912 de
3616 1858 3905 1912 inchoatis

2194 1951 2290 2000 aut
2321 1947 2592 2000 absolutis
2622 1946 2680 2001 id
2723 1964 2886 2017 posse
2917 1947 3192 2018 intelligi;
3237 1947 3724 2019 quemadmodum
3766 1963 3899 2002 cum

2193 2053 2355 2107 reges
2385 2053 2536 2090 anno
2576 2036 2759 2091 aetatis
2790 2036 3009 2091 decimo
3055 2041 3280 2107 quarto,
3313 2040 3546 2090 caeteros
3584 2042 3782 2090 autem
3815 2036 3899 2089 vi-

2193 2127 2412 2197 gesimo
2457 2126 2658 2196 quinto
2705 2126 2794 2180 sui
2836 2126 2982 2196 juris
3023 2141 3142 2179 csse
3195 2125 3454 2188 dicimus,
3505 2125 3766 2196 quamvis
3817 2125 3906 2179 illi

2194 2231 2344 2270 anno
2403 2215 2624 2270 decimo
2675 2219 2876 2286 quarto
2924 2215 3204 2276 inchoato,
3250 2214 3341 2268 isti
3386 2219 3579 2268 autem
3624 2214 3908 2284 vigesimo

2197 2304 2398 2376 quinto
2439 2308 2629 2358 exacto
2670 2303 2729 2358 in
2771 2320 2930 2358 suam
2982 2304 3218 2358 tutelam
3261 2303 3526 2358 veniant:
3573 2308 3831 2359 attamen
3874 2322 3909 2358 a

2195 2410 2327 2447 vero
2350 2409 2583 2464 prorsus
2605 2393 2856 2447 alienum
2879 2392 3117 2454 videtur,
3133 2393 3278 2446 hanc
3294 2392 3540 2446 nominis
3551 2392 3905 2463 ambiguita-

2196 2486 2313 2536 tem
2344 2482 2414 2536 ad
2448 2481 2644 2535 omnia
2667 2481 2811 2542 loca,
2835 2481 2893 2535 in
2924 2482 3134 2552 quibus
3161 2480 3340 2536 mtatis
3364 2497 3480 2535 suae
3503 2480 3766 2534 meminit
3786 2485 3908 2536 Au-

2197 2570 2477 2641 gustinus,
2513 2570 2847 2636 extendere;
2881 2574 2936 2624 et
2965 2569 3039 2624 ad
3077 2586 3206 2624 eum
3240 2570 3526 2640 przecipue
3557 2571 3765 2637 locum,
3803 2571 3908 2641 qui

2197 2659 2360 2712 nobis
2383 2659 2596 2729 regulae
2625 2658 2805 2712 instar
2835 2675 2954 2712 esse
2973 2659 3140 2713 debet
3167 2659 3236 2713 ad
3269 2659 3422 2713 illius
3455 2658 3726 2729 Baptismi
3752 2664 3906 2714 tem-

2197 2763 2306 2819 pus
2347 2747 2752 2802 statuendum:
2790 2749 2885 2802 Die
2911 2763 3068 2813 nono,
3112 2747 3299 2818 inquit
3335 2747 3405 2802 de
3436 2751 3635 2813 matre,
3674 2750 3907 2816 aegritu-

2198 2838 2344 2890 dinis
2369 2851 2496 2904 suae,
2532 2838 2977 2906 quinquagesimo
3006 2841 3055 2890 ct
3079 2841 3228 2891 sexto
3257 2852 3398 2891 anno
3431 2839 3605 2891 aetatis
3635 2851 3764 2903 sua,
3802 2840 3908 2891 tri-

2197 2929 2394 2995 gesimo
2433 2931 2483 2982 ct
2513 2929 2667 2982 tertio
2701 2929 2878 2982 aetatis
2908 2942 3052 2993 meae,
3086 2929 3271 2981 anima
3309 2927 3408 2981 illa
3435 2927 3691 2994 religiosa
3719 2931 3769 2980 et
3798 2929 3896 2996 pia

2197 3031 2414 3085 corpore
2451 3017 2626 3070 soluta
2649 3019 2726 3070 est
2757 3013 2935 3084 (Conf.
2972 3015 3064 3069 lib.
3099 3018 3153 3084 9,
3184 3030 3303 3084 cap.
3351 3018 3435 3081 tt,
3469 3031 3504 3068 η
3565 3014 3676 3084 28).
3715 3015 3899 3069 Nullae

2199 3104 2290 3159 hic
2319 3104 2626 3158 verborum
2656 3104 2946 3174 ambages.
2968 3105 3143 3158 Nemo
3164 3119 3285 3158 rem
3317 3119 3572 3174 unquam
3592 3104 3661 3158 ad
3685 3119 3901 3158 annum

2199 3193 2380 3248 aetatis
2403 3209 2520 3247 suae
2546 3192 2908 3263 trigesimum
2931 3193 3165 3246 tertium
3189 3193 3400 3260 retulit,
3424 3197 3487 3246 ut
3502 3193 3907 3264 progrediente

2197 3280 2493 3353 trigesimo
2535 3284 2762 3352 quarto,
2795 3297 2978 3351 eoque
3016 3281 3145 3350 plus
3187 3279 3425 3334 dimidia
3454 3285 3615 3351 parte
3641 3281 3766 3352 jam
3796 3283 3908 3336 ela-

2199 3387 2323 3441 pso,
2369 3369 2623 3424 evenisse
2655 3385 2780 3424 eam
2818 3369 3183 3440 signiﬁcaret.
3227 3369 3362 3432 Quis
3394 3368 3566 3422 etiam
3605 3374 3770 3440 putet
3796 3372 3907 3424 Au-

2200 3459 2516 3531 gustinum,
2548 3474 2677 3512 cum
2718 3474 2776 3512 se
2816 3458 2953 3512 anni
2988 3458 3171 3512 aetatis
3208 3474 3326 3512 suae
3361 3458 3800 3529 undetrigesimi
3830 3460 3908 3513 hi-

2202 3548 2434 3602 storiam
2475 3563 2882 3619 aggressurum
2925 3546 3004 3601 sic
3043 3546 3276 3614 diceret,
3327 3548 3626 3615 Proloquar
3675 3549 3734 3599 in
3780 3562 3906 3601 con-

2200 3643 2381 3707 Spectu
2411 3640 2508 3692 Dei
2533 3640 2637 3692 mei
2665 3653 2867 3692 annum
2892 3638 3048 3691 illum
3075 3636 3540 3702 undetrigcsinum
3567 3639 3746 3690 aetatis
3779 3653 3910 3691 mea;

2203 3727 2388 3797 (lbid.,
2427 3726 2520 3780 lib.
2567 3729 2620 3795 5,
2660 3742 2780 3795 cap.
2823 3728 2876 3794 3,
2921 3743 2983 3781 η.
3031 3727 3103 3795 3);
3148 3725 3497 3797 persuasisse
3541 3723 3671 3790 sibi,
3716 3725 3831 3780 hoc
3874 3741 3908 3779 a

2201 3815 2318 3868 suis
2357 3813 2667 3868 lectoribus
2707 3814 2776 3868 de
2807 3813 2943 3868 anni
2975 3813 3062 3868 sui
3100 3805 3378 3885 trigesimi
3413 3811 3650 3867 historia
3688 3810 3907 3866 intelli-

2201 3903 2493 3973 gendum?
2523 3903 2686 3968 Quod
2714 3907 2906 3958 autem
2937 3902 3152 3969 scribit,
3195 3918 3252 3956 se
3279 3901 3498 3956 decimo
3528 3905 3682 3955 sexto
3712 3901 3905 3956 aetatis

2199 4009 2350 4047 anno
2393 3993 2820 4063 pubescentem,
2867 3991 3094 4046 libidini
3133 3991 3492 4061 luxuriaeque
3534 4005 3737 4061 parere
3784 4007 3906 4045 co:-

2198 4082 2346 4154 pisse
2387 4082 2576 4152 (lbid.,
2626 4083 2720 4137 lib.
2763 4084 2817 4148 2,
2861 4097 2982 4152 cap.
3023 4085 3080 4149 2,
3119 4097 3182 4136 η.
3229 4082 3311 4152 2);
3358 4079 3511 4134 haud
3551 4079 3785 4142 scimus,
3831 4097 3907 4134 an

2198 4189 2503 4244 operosum
2558 4172 2630 4227 sit
2678 4173 2930 4239 credere,
2990 4172 3189 4226 Afrum
3241 4171 3661 4225 adolescentem
3727 4169 3905 4241 igneo

2199 4261 2374 4316 animi
2401 4261 2614 4331 vigore,
2650 4262 2721 4316 ad
2744 4261 2802 4315 id
2827 4262 2948 4332 jam
2976 4261 3113 4315 satis
3141 4260 3314 4315 fuisse
3336 4264 3501 4314 aetate
3531 4263 3903 4330 provectum:

2199 4367 2535 4422 quanquam
2562 4350 2841 4417 videatur,
2874 4366 2987 4404 non
3015 4349 3294 4404 corruisse
3328 4347 3557 4420 penitus
3586 4347 3644 4402 in
3677 4348 3904 4416 vitium,

2199 4439 2308 4493 nisi
2338 4439 2678 4509 Carthagine
2719 4439 2905 4509 (Ibid.,
2952 4440 3047 4493 lib.
3093 4442 3145 4507 3,
3187 4455 3306 4509 cap.
3358 4440 3428 4508 t),
3463 4437 3571 4492 hoc
3609 4440 3709 4500 est,
3751 4452 3905 4492 anno

2199 4528 2383 4584 aetatis
2412 4545 2528 4583 suae
2559 4528 2778 4583 decimo
2807 4527 3070 4599 septimo.
3872 4588 3879 4594 _

2270 4621 2320 4674 3.
2355 4617 2498 4672 Cum
2523 4618 2649 4672 dua:
2690 4617 2866 4688 igitur
2894 4615 3190 4672 sententiae
3229 4617 3288 4670 in
3317 4617 3504 4670 tantas
3542 4613 3904 4670 difﬁcultates

2196 4705 2514 4776 incurrant,
2534 4711 2599 4762 ut
2611 4706 2710 4778 qui
2727 4722 2902 4761 unam
2923 4711 3265 4778 sequuntur,
3287 4706 3525 4760 alteram
3541 4705 3596 4759 vi
3615 4705 3899 4759 detortam

2199 4798 2254 4849 et
2281 4793 2516 4850 omnino
2548 4795 2986 4867 improbabilem
3016 4795 3370 4861 existiment;
3396 4793 3544 4849 nihil
3572 4793 3796 4849 obstare
3824 4794 3902 4849 vi-

2200 4884 2386 4953 detur,
2419 4885 2730 4955 quominus
2761 4889 2975 4939 stemus
3004 4882 3313 4954 Augustini
3334 4881 3541 4950 verbis,
3569 4886 3624 4937 et
3653 4881 3777 4953 ipso
3809 4899 3901 4936 as-

2198 4977 2418 5027 serente
2447 4989 2822 5044 agnoscamus
2862 4973 3180 5028 Monnicam
3212 4971 3365 5026 diem
3405 4971 3632 5037 obiisse,
3671 4973 3903 5042 quando

2197 5058 2319 5130 ipse
2358 5059 2419 5113 in
2457 5060 2702 5114 Africam
2746 5059 2993 5122 rediens,
3035 5058 3392 5114 instaurabat
3430 5074 3487 5112 se
3528 5057 3901 5130 navigationi,

2199 5165 2302 5202 nec
2331 5148 2465 5203 inde
2494 5148 2808 5203 inferamus
2836 5148 3000 5202 illum
3033 5147 3224 5202 statim
3254 5147 3326 5202 ab
3351 5147 3507 5203 obitu
3535 5147 3736 5202 matris
3765 5165 3902 5219 per-

2196 5237 2394 5292 fecisse
2432 5237 2563 5308 iter,
2596 5237 2901 5308 navimque
2938 5237 3363 5305 conscendisse;
3397 5253 3526 5292 cum
3561 5236 3618 5292 id
3663 5236 3903 5291 minime

2199 5330 2428 5382 asserat.
2468 5328 2661 5398 Neque
2689 5342 2822 5381 vero
2861 5325 3064 5380 alienae
3099 5331 3233 5381 sunt
3272 5343 3305 5381 a
3337 5317 3762 5381 narrationibus
3795 5327 3901 5380 hu-

2191 5415 2447 5487 jusmodi
2495 5415 2770 5487 loquendi
2816 5415 3125 5471 formulae:
3176 5415 3708 5482 Proﬁciscebamur,
3765 5433 3895 5470 cum

2199 5503 2303 5558 iste
2325 5504 2580 5571 advenit;
2613 5504 2954 5575 parabamus
2979 5522 3084 5560 nos
3106 5505 3318 5560 itineri.
3348 5507 3534 5576 Atque
3568 5504 3624 5559 id
3659 5505 3894 5574 quidem

2198 5593 2423 5648 videtur
2461 5594 2532 5648 ad
2564 5610 2773 5650 munus
2811 5594 3284 5666 diligentiamque
3326 5594 3578 5650 historici
3617 5599 3894 5665 spectare,
