4020 6352
131 338 236 390 121

117 460 186 511 ut
246 463 562 512 memorata
601 473 678 523 re,
724 472 851 528 qua:
887 461 1051 528 capto
1092 457 1329 512 consilio
1358 474 1578 512 moram
1618 458 1830 526 attulit,

119 545 325 600 doceat
361 562 590 618 quoque
637 544 878 600 subinde
923 545 1237 601 dilatumne
1288 546 1704 614 tantummodo,
1752 563 1825 600 an

120 634 367 688 omnino
401 635 741 690 dissolutum
771 634 1073 690 consilium
1105 635 1293 690 fuerit.
1325 635 1431 690 Sed
1462 635 1829 706 perspicuum

119 726 207 776 cst
236 722 542 793 Augustini
574 721 929 794 propositum
959 739 1078 777 non
1124 723 1320 793 fuisse,
1353 739 1419 778 eo
1467 740 1650 796 usque
1698 725 1829 778 vitae

117 827 245 866 sure
275 811 575 865 historiam
615 811 674 864 in
705 810 892 882 prima
923 811 1353 867 Confessionum
1394 828 1626 866 suarum
1668 817 1830 884 parte

117 900 441 969 perducere
467 916 479 954 :
513 900 619 953 hoc
644 899 787 954 forte
818 901 1004 954 solum
1033 904 1155 954 erat
1181 900 1241 954 in
1271 900 1484 968 animo,
1517 904 1581 955 ut
1610 900 1680 954 ad
1707 902 1828 955 lau-

116 988 254 1041 dem
284 987 482 1059 gloria:
514 987 711 1058 gratia:
744 988 842 1042 Dei
874 988 934 1042 in
974 987 1233 1043 omnium
1273 993 1567 1060 aspectum
1607 990 1827 1060 profer-

117 1080 209 1130 ret
257 1094 388 1132 suos
437 1077 618 1148 ipsius
649 1093 835 1131 mores
885 1077 956 1132 ab
987 1077 1227 1132 infantia
1277 1079 1348 1133 ad
1401 1079 1829 1133 conversionem

118 1180 287 1218 suam
329 1169 386 1220 et
418 1165 768 1236 Baptismum
793 1182 807 1220 :
841 1182 953 1237 quo
971 1165 1036 1221 ﬁt
1058 1172 1118 1221 ut
1141 1170 1371 1221 narrata
1394 1167 1591 1222 matris
1620 1171 1826 1233 morte,

119 1269 193 1307 ne
222 1254 462 1308 verbum
495 1254 726 1326 quidem
760 1255 828 1309 de
851 1271 952 1309 suo
984 1257 1223 1310 Romam
1252 1256 1440 1311 reditu
1468 1256 1672 1323 faciat;
1700 1255 1830 1311 licet

117 1359 256 1396 cum
303 1343 640 1415 aliquandiu
685 1346 881 1399 Romae
932 1345 1264 1414 substitisse,
1324 1351 1381 1400 et
1432 1347 1649 1418 aliquot
1713 1345 1828 1400 illic

114 1430 413 1501 scripsisse
451 1431 626 1485 libros
664 1431 723 1485 in
774 1432 1027 1487 confesso
1071 1434 1141 1488 sit
1173 1437 1428 1501 (Relracl.
1474 1436 1568 1489 lib.
1607 1438 1658 1506 t,
1701 1451 1822 1504 cap.

112 1520 263 1589 7-9).
291 1519 459 1586 Quid,
488 1520 640 1591 quod
680 1537 784 1574 nos
814 1521 938 1592 ipse
969 1521 1260 1589 admonet,
1297 1539 1356 1578 se
1396 1524 1641 1578 multum
1673 1524 1824 1578 festi-

116 1613 359 1662 nantem
398 1608 580 1662 multa
610 1608 836 1664 silentio
867 1611 1160 1680 praeterire
1193 1612 1371 1680 (Conf.
1401 1613 1496 1666 lib.
1527 1614 1584 1680 9,
1615 1629 1734 1682 cap.
1763 1615 1816 1680 8,

117 1713 175 1750 η.
209 1697 292 1767 l7)
313 1697 340 1752 ?
369 1697 500 1768 Ejus
526 1697 703 1768 igitur
722 1699 909 1752 verbis
929 1700 1674 1771 nullatenusadversamur,
1693 1717 1823 1756 cum

115 1802 255 1840 eum
280 1791 507 1841 mortua
533 1791 712 1842 matre
733 1789 1035 1842 consilium
1059 1789 1117 1843 in
1133 1789 1379 1844 Africam
1398 1791 1691 1846 remeandi
1711 1791 1819 1846 dis-

117 1875 339 1943 tulisse,
381 1880 438 1930 et
484 1880 713 1946 postero
776 1877 962 1931 solum
1011 1894 1162 1932 anno
1203 1879 1504 1949 perfecisse
1557 1880 1817 1935 dicimus.

116 1964 339 2028 Quibus
366 1980 539 2034 porro
567 1965 636 2019 de
666 1965 849 2020 causis
875 1966 1160 2022 distulerit
1178 1967 1328 2038 (quae
1359 1970 1553 2023 multa:
1576 1986 1695 2023 esse
1727 1987 1822 2040 po-

119 2057 399 2119 tuerunt),
442 2069 544 2106 nos
581 2053 757 2119 latet;
799 2053 962 2108 nobis
1000 2071 1132 2109 eum
1162 2057 1414 2126 potuisse
1443 2057 1671 2112 differre
1711 2057 1822 2112 suf-

118 2142 278 2196 ficit:
322 2158 653 2214 quanquam
699 2142 1031 2198 dilationem
1081 2149 1138 2198 et
1175 2160 1394 2200 moram
1435 2146 1545 2217 ipsi
1592 2147 1819 2202 allatam

115 2246 242 2284 esse
274 2231 474 2284 suadet
503 2229 646 2284 ratio
678 2245 793 2284 non
822 2231 981 2286 levis.
1014 2231 1220 2286 Scribit
1249 2233 1403 2288 enim
1433 2251 1512 2300 se,
1548 2251 1677 2289 cum
1705 2251 1821 2288 ma-

114 2323 206 2373 ter
237 2319 297 2372 in
327 2319 591 2372 morbum
649 2317 870 2386 incidit,
914 2320 1083 2375 Ostiae
1120 2320 1313 2387 fuisse,
1369 2322 1464 2377 ubi
1501 2326 1631 2394 post
1663 2324 1821 2395 longi

114 2406 347 2461 itineris
376 2407 629 2461 laborem
659 2407 806 2461 vires
844 2408 1134 2463 reficiebat
1160 2410 1494 2482 priusquam
1528 2411 1586 2465 in
1619 2429 1819 2467 navem

113 2497 561 2552 conscenderet:
632 2498 1076 2553 Instaurabamus
1128 2515 1242 2566 nos,
1317 2499 1417 2566 ait,
1485 2504 1825 2570 navigationi

120 2587 314 2656 (Ibid.,
355 2602 474 2656 cap.
522 2588 608 2655 I0,
635 2602 690 2640 n.
734 2586 842 2653 23).
881 2586 1061 2658 Igitur
1090 2587 1161 2642 ad
1195 2588 1348 2643 Ostia
1384 2589 1648 2645 Tiberina
1685 2608 1818 2645 con-

118 2662 444 2748 quiescens,
488 2675 711 2730 itineris
760 2676 975 2736 labore,
1019 2693 1193 2749 quem
1231 2678 1548 2733 Mediolano
1595 2680 1821 2734 rediens

114 2765 480 2831 toleraverat,
513 2764 936 2836 supersedebat.
969 2767 1048 2819 Ac
1083 2765 1162 2819 sic
1191 2766 1446 2836 profecto
1476 2769 1671 2822 Romae
1703 2785 1820 2823 non

115 2857 348 2907 tantum
381 2853 650 2924 temporis
682 2857 1065 2911 commoratus
1099 2858 1240 2924 erat,
1271 2849 1550 2926 quantum
1581 2861 1668 2911 sat
1699 2875 1819 2912 esse

116 2945 317 3012 posset
353 2941 420 2995 ad
461 2941 570 2995 tria
599 2941 711 2995 sive
759 2945 1004 3012 quatuor
1049 2943 1339 3013 opuscula,
1389 2960 1518 3015 quae
1563 2944 1646 2998 ibi
1695 2950 1819 3013 post

119 3029 480 3100 Baptismum
510 3029 706 3096 edidit,
737 3029 1146 3084 conscribenda
1175 3034 1436 3098 (Retract.
1485 3033 1580 3086 lib.
1616 3036 1664 3100 1,
1697 3049 1816 3103 cap.

111 3119 260 3189 7-9).
301 3117 658 3190 Quapropter
689 3118 811 3189 ejus
843 3118 903 3172 in
935 3119 1082 3173 Urbe
1111 3121 1486 3175 commoratio
1518 3137 1634 3176 non
1667 3127 1818 3188 ante,

117 3207 219 3262 sed
254 3211 382 3278 post
411 3206 629 3262 obitum
666 3207 866 3261 matris
899 3209 1230 3279 reponenda
1260 3213 1380 3276 est;
1427 3213 1484 3264 et
1527 3210 1819 3265 fatendum

115 3295 418 3368 quidpiam
453 3295 504 3349 ei
535 3295 707 3350 fuisse
746 3296 1184 3368 impedimento,
1234 3297 1542 3369 quominus
1584 3299 1642 3353 in
1674 3299 1819 3353 Afri-

113 3399 243 3438 cam
281 3388 400 3438 tam
431 3384 540 3439 cito
585 3389 886 3440 remearet.
932 3387 996 3440 Et
1023 3403 1157 3441 vero
1203 3403 1321 3441 non
1369 3387 1822 3458 improbabiliter

115 3473 234 3528 dici
275 3477 483 3543 posset,
526 3473 840 3528 Monnicam
881 3475 986 3529 sub
1020 3475 1251 3530 initium
1291 3477 1615 3531 novembris
1645 3493 1675 3532 e
1707 3477 1821 3532 vita

111 3561 418 3634 migrasse,
449 3578 552 3634 per
573 3563 695 3633 ejus
722 3562 941 3617 obitum
971 3563 1307 3618 destinatam
1336 3564 1704 3635 profectionis
1732 3580 1819 3619 oc«

112 3650 754 3722 casionemAugustino
788 3652 1080 3722 excidisse,
1111 3654 1329 3708 nullam
1368 3654 1574 3708 dcindc
1610 3670 1818 3725 oppor-

112 3743 322 3793 tunam
365 3739 588 3811 reliquo
626 3756 774 3794 anno
813 3757 870 3794 se
901 3740 1211 3808 obtulisse;
1246 3746 1345 3796 aut
1389 3759 1520 3796 eum
1563 3742 1680 3813 jam
1721 3742 1818 3796 ad-

111 3844 284 3882 verso
313 3832 571 3899 tempore
590 3845 653 3882 ac
683 3828 888 3883 infesto
919 3829 1064 3884 mari
1084 3830 1352 3901 navigare
1383 3831 1631 3885 noluisse
1658 3847 1672 3898 ;
1699 3835 1823 3885 tan-

113 3918 250 3972 dem
277 3933 427 3971 anno
458 3917 716 3988 sequenti
745 3917 1089 3989 quibusdam
1128 3919 1197 3974 de
1235 3919 1418 3973 causis
1455 3935 1588 3974 eum
1634 3919 1822 3974 adhuc

108 4006 185 4060 ad
217 4022 476 4061 mensem
514 4010 824 4078 augustum
855 4009 1050 4062 Romae
1077 4008 1248 4063 fuisse
1276 4009 1598 4064 detentum.
1639 4011 1815 4063 Porro

116 4095 544 4166 navigationem
611 4096 832 4151 atertio
892 4096 1022 4150 idus
1069 4097 1396 4151 novembris
1451 4097 1818 4152 interclusam

111 4183 290 4239 fuisse
319 4183 564 4256 legimus
593 4200 606 4238 :
638 4188 693 4240 et
713 4185 831 4256 ipse
863 4184 1163 4240 Gratianus
1194 4185 1371 4240 edixit
1411 4201 1561 4240 anno
1603 4190 1821 4241 trecen-

110 4273 325 4328 tesimo
355 4272 718 4342 octogesimo,
753 4277 816 4328 ut
832 4288 1021 4340 naves,
1056 4290 1183 4345 quae
1205 4274 1554 4329 frumentum
1578 4275 1819 4330 Romam

117 4361 498 4431 advehebant,
527 4377 645 4416 non
676 4362 823 4416 ultra
852 4362 981 4417 idus
1011 4362 1254 4417 octobris
1285 4362 1553 4435 deinceps
1579 4380 1608 4419 e
1646 4371 1820 4436 portu

111 4451 470 4506 solverentur
499 4450 646 4521 (Cod.
669 4451 864 4506 Theod.
895 4451 1043 4518 Golf.
1067 4455 1190 4506 tom.
1226 4455 1276 4519 5,
1303 4467 1470 4521 pagg.
1508 4455 1629 4523 107,
1665 4454 1806 4524 108).

126 4540 259 4610 Ipsa
279 4536 452 4592 etiam
482 4538 758 4610 temporis
797 4539 1037 4594 historia
1074 4541 1435 4596 commodam
1464 4541 1598 4596 satis
1627 4544 1816 4613 conje-

115 4632 340 4682 cturam
365 4626 527 4682 nobis
557 4627 903 4699 suppeditat,
927 4645 995 4683 ex
1025 4645 1138 4700 qua
1177 4629 1443 4700 colligere
1463 4630 1646 4698 liceat,
1679 4631 1818 4702 quid

114 4715 504 4785 Augustinum
528 4715 722 4770 Romae
752 4716 820 4771 ad
847 4732 1045 4771 necem
1075 4732 1256 4788 usque
1289 4717 1516 4773 Maximi
1547 4718 1818 4773 distinere

113 4803 387 4874 potuerit.
425 4805 536 4858 Hoc
562 4804 685 4876 ipso
703 4804 852 4859 enim
868 4821 1018 4859 anno
1047 4806 1443 4861 trecentesimo
1471 4808 1817 4879 octogesimo

116 4890 368 4961 septimo
399 4895 672 4962 tyrannus
702 4892 796 4947 ille
826 4893 971 4948 circa
1001 4909 1256 4949 mensem
1287 4898 1592 4966 augustum
1613 4895 1821 4968 irrupit

114 4977 173 5032 in
206 4977 453 5045 Italiam,
482 4984 540 5034 et
568 4981 734 5051 pulso
773 4997 840 5035 ex
871 4997 936 5036 ea
969 4981 1392 5052 Valentiniano,
1431 4982 1678 5036 Africam
1716 5000 1818 5054 pa-

117 5065 259 5121 riter
289 5067 607 5138 occupavit,
642 5073 782 5124 teste
813 5071 1038 5124 Pacato.
1068 5069 1213 5124 Fieri
1253 5087 1388 5142 ergo
1418 5070 1579 5125 facile
1609 5072 1816 5143 potuit,

120 5159 179 5209 ut
208 5155 564 5227 Augustinus
595 5157 663 5211 de
691 5157 779 5211 his
814 5158 1020 5213 certior
1042 5159 1241 5225 factus,
1276 5175 1404 5214 cum
1437 5161 1507 5214 ad
1545 5159 1698 5216 Ostia
1726 5161 1817 5215 Ti-

119 5244 319 5298 berina
348 5250 584 5315 propter
603 5245 818 5301 obitum
849 5247 1046 5301 matris
1077 5248 1450 5316 detineretur,
1484 5253 1702 5304 mutato
1724 5266 1815 5304 su-

119 5331 290 5387 binde
314 5332 571 5400 consilio,
596 5333 766 5404 hujus
786 5335 1064 5390 tumultus
1096 5337 1307 5391 exitum
1341 5337 1590 5408 opperiri
1620 5338 1816 5393 Roma:

117 5422 402 5488 statuerit,
430 5421 527 5476 ubi
567 5438 600 5475 a
627 5422 805 5476 civilis
832 5423 969 5477 belli
998 5424 1250 5480 cladibus
1279 5426 1472 5488 tutior,
1515 5443 1688 5498 quam
1719 5429 1818 5481 Ta-

119 5515 316 5580 gastaz.
360 5511 569 5582 degere
595 5514 831 5581 poterat.
867 5511 1005 5566 Hinc
1047 5512 1200 5580 satis,
1242 5513 1566 5586 epinamur,
1598 5514 1816 5586 perspi-

115 5617 282 5656 cuum
316 5604 404 5656 est
431 5599 649 5654 nullam
680 5600 908 5655 subesse
939 5616 1191 5671 causam,
1221 5619 1348 5673 quas
1387 5603 1572 5672 exigat
1611 5607 1676 5656 ut
1703 5605 1817 5658 Au-

1567 335 1781 393 LlBER
1822 335 2215 394 SECUNDUS.
3544 347 3643 399 I22

1943 459 2161 531 gustini
2203 465 2259 515 et
2307 460 2541 516 Possidii
2588 463 2756 516 verba
2803 463 3243 536 detorqucamus
3291 483 3325 520 a
3365 483 3638 538 germano

1948 567 2152 606 sensu:
2186 551 2328 624 quin
2357 538 2532 607 etiam
2563 553 2785 624 aliquot
2820 570 2938 608 non
2975 554 3166 608 deesse
3203 555 3471 624 rationes,
3510 574 3639 628 quas

1943 656 2047 693 nos
2085 657 2116 694 a
2151 645 2498 713 praepostera
2531 642 2630 696 illa
2657 642 3128 713 interpretatione
3169 651 3452 700 revocent.
3498 648 3638 702 Nam

1949 728 1997 782 si
2043 731 2469 785 conversionem
2507 732 2810 802 Augustini
2841 732 3140 787 referimus
3172 733 3233 786 in
3281 749 3496 789 annum
3525 740 3640 790 tre-

1905 814 1910 819 ’
1941 819 2313 874 centesimum
2356 821 2768 891 octogesimum
2796 822 3125 892 septimum,
3156 823 3341 876 dicere
3371 839 3642 895 cogemur

1939 923 2070 962 eum
2102 924 2202 962 suo
2223 908 2282 962 in
2314 923 2535 963 secessu
2565 909 2685 962 ruri
2715 925 2893 980 prope
2933 910 3315 965 Mediolanum
3355 911 3640 968 habitasse

1937 995 2034 1049 illo
2063 995 2188 1066 ipso
2215 1001 2493 1067 tempore,
2529 1013 2643 1068 quo
2682 998 2973 1066 Maximus,
3019 1003 3083 1053 ut
3119 1004 3338 1054 constat
3385 1017 3451 1054 ex
3493 1005 3639 1055 tem-

1936 1082 2092 1154 poris
2121 1084 2275 1138 illius
2304 1084 2562 1151 historia,
2595 1089 2855 1139 cunctam
2887 1085 3108 1140 Italiam
3137 1086 3456 1156 invadebat,
3489 1092 3544 1142 et
3573 1104 3638 1142 ex

1935 1187 2000 1225 ea
2020 1172 2484 1228 Valentinianum
2503 1173 2837 1245 expellebat,
2861 1173 2969 1228 hoc
2981 1179 3065 1228 est
3087 1175 3145 1228 in
3163 1175 3352 1230 medio
3366 1176 3500 1230 belli
3523 1181 3641 1231 tur-

1935 1260 2089 1328 bine,
2123 1262 2223 1332 qui
2261 1279 2377 1316 non
2409 1263 2718 1316 immanius
2748 1262 2905 1328 alibi,
2937 1279 3110 1334 quam
3138 1265 3195 1317 in
3232 1264 3632 1320 Mediolanensi

1935 1353 2118 1403 tractu
2139 1350 2454 1405 fremebat:
2489 1351 2702 1422 quippe
2743 1367 2874 1405 cum
2904 1352 3242 1422 Imperatori
3273 1353 3626 1409 domicilium

1935 1453 1998 1491 ac
2023 1438 2216 1493 sedem
2253 1441 2504 1511 prasbere
2536 1441 2920 1496 Mediolanum
2948 1442 3168 1496 soleret.
3211 1442 3333 1506 Quo
3365 1442 3448 1510 fit,
3477 1447 3540 1496 ut
3573 1459 3638 1498 ex

1933 1527 2211 1581 Ambrosii
2243 1528 2429 1582 verbis
2458 1529 2652 1600 colligi
2685 1530 2959 1584 Baronius
2999 1530 3330 1596 arbitretur,
3373 1531 3636 1586 Mediola-

1933 1631 2137 1670 nenses
2166 1616 2314 1672 cives
2346 1622 2483 1672 tunc
2513 1619 2583 1673 de
2612 1619 2750 1690 fuga
2777 1619 3054 1690 cogitasse
3087 1620 3393 1691 (Baronius,
3427 1620 3502 1674 ad
3528 1636 3630 1675 an-

1930 1719 2078 1760 num.
2115 1708 2237 1773 387,
2279 1722 2334 1761 n.
2369 1710 2480 1769 62).

2001 1795 2054 1848 4.
2106 1795 2248 1850 Cum
2299 1797 2654 1866 Augustinus
2703 1797 3058 1868 Baptismum
3115 1798 3396 1868 suscepit,
3445 1814 3631 1853 annus

1931 1880 2328 1938 intercesserat
2365 1891 2463 1939 aut
2491 1885 2760 1956 amplius,
2789 1901 2859 1940 ex
2903 1901 3016 1956 quo
3060 1887 3413 1940 Psalmorum
3452 1885 3513 1940 in
3543 1903 3634 1940 ec-

1931 1970 2100 2024 clesia
2139 1972 2544 2026 Mediolanensi
2588 1974 2898 2027 modulatio
2940 1978 3226 2044 coeperat;
3269 1991 3399 2029 cum
3431 1975 3630 2030 videli-

1931 2063 2018 2113 cet
2043 2060 2263 2114 Justina
2298 2061 2678 2114 Valentiniani
2711 2061 2861 2132 regis
2894 2062 3059 2132 pueri
3099 2066 3281 2116 mater
3309 2063 3378 2117 ad
3409 2062 3636 2118 Arianis

1931 2143 2159 2198 seducta
2240 2150 2680 2216 persequeretur
2749 2146 3116 2200 Ambrosium
3191 2147 3633 2215 (Confessionum

1931 2231 2024 2285 lib.
2067 2235 2120 2301 9,
2160 2249 2280 2302 cap.
2314 2238 2369 2287 7.
2395 2249 2451 2288 η.
2502 2235 2607 2304 15).
2651 2234 2807 2288 Unde
2841 2234 3117 2289 Baronius
3143 2235 3315 2290 infert
3347 2235 3511 2290 illum
3540 2236 3637 2291 ba-

1931 2319 2204 2390 ptizatum
2238 2321 2412 2376 fuisse
2454 2338 2604 2376 anno
2647 2328 2776 2394 post
2812 2323 3062 2380 sedatam
3104 2325 3250 2378 hanc
3288 2323 3637 2394 persecutio-

1932 2424 2063 2462 nem
2110 2409 2368 2480 proximo
2416 2411 2724 2482 (Baronius,
2764 2412 2839 2466 ad
2884 2427 3088 2466 annum
3130 2415 3252 2479 388,
3303 2429 3360 2466 n.
3409 2413 3520 2484 74).
3565 2414 3633 2468 Et

1931 2501 2080 2552 recte
2136 2499 2388 2570 quidem,
2436 2504 2500 2554 ut
2546 2499 2898 2570 Baptismum
2936 2501 3240 2571 Augustini
3287 2517 3632 2572 reponamus

1932 2602 2078 2640 anno
2107 2587 2508 2642 trecentesimo
2531 2589 2876 2659 octogesimo
2898 2590 3161 2660 septimo,
3185 2590 3232 2644 si
3249 2590 3416 2644 modo
3434 2591 3631 2645 Sermo

1930 2675 2210 2729 Ambrosii
2255 2676 2322 2730 de
2369 2676 2620 2731 Basilicis
2673 2694 2790 2731 non
2838 2678 3128 2733 tradendis
3173 2679 3402 2734 habitus
3461 2679 3636 2733 fuerit

1934 2763 2226 2817 Dominica
2255 2765 2602 2832 Palmarum,
2636 2782 2763 2836 quae
2792 2782 2944 2820 anno
2976 2767 3376 2822 trecentesimo
3407 2772 3632 2838 octoge-

1932 2851 2076 2905 simo
2106 2856 2260 2906 sexto
2302 2851 2590 2907 incidebat
2636 2853 2697 2908 in
2727 2854 2998 2908 ultimum
3040 2854 3193 2909 diem
3233 2855 3446 2909 martii.
3489 2857 3630 2909 Nam

1931 2940 2034 2993 sub
2065 2939 2124 2994 id
2153 2945 2400 3011 tempus,
2435 2958 2548 3012 quo
2578 2958 2763 2996 sermo
2793 2942 2885 2996 hic
2913 2942 3140 2997 habitus
3167 2947 3271 3013 est,
3302 2947 3400 2997 aut
3429 2943 3624 3014 paucis

1929 3031 2060 3082 ante
2111 3027 2331 3096 diebus,
2382 3030 2627 3100 populus
2673 3030 3117 3095 Mediolanensis
3157 3032 3404 3100 psalmos
3461 3031 3632 3102 cmpit

1931 3115 2251 3172 concinere.
2301 3116 2390 3171 Sic
2443 3133 2578 3188 erga
2625 3117 2763 3172 dum
2811 3118 3159 3189 Augustinus
3200 3119 3518 3189 baptizatus
3546 3122 3630 3173 est

1932 3208 2129 3258 octavo
2171 3204 2446 3259 kalendas
2476 3205 2610 3260 maii
2640 3221 2792 3260 anno
2834 3206 3232 3260 trecentesimo
3279 3206 3628 3278 octogesimo

1931 3292 2192 3363 septimo,
2245 3309 2429 3348 annus
2475 3298 2532 3349 et
2583 3293 2768 3349 mensi
2796 3295 3020 3349 circiter
3068 3295 3479 3350 intercesserat.
3528 3297 3634 3349 Ist-

1929 3382 2052 3436 haac
2097 3382 2513 3451 persecutionis
2552 3381 2612 3436 in
2648 3382 3012 3437 Ambrosium
3059 3383 3350 3437 concitatae
3393 3384 3632 3438 chrono-

1930 3469 2082 3541 logia
2112 3469 2441 3525 confirmari
2469 3475 2658 3541 potest
2685 3487 2753 3524 ex
2785 3472 2930 3542 lege,
2981 3487 3156 3542 quam
3184 3472 3403 3526 Iustina
3434 3476 3630 3528 contra

1931 3559 2273 3613 orthodoxos
2304 3559 2595 3614 ferendam
2627 3559 2843 3614 curavit
2871 3576 2974 3631 pro
3002 3561 3230 3631 Synodo
3260 3560 3629 3628 Ariminensi,

1927 3648 2060 3702 data
2107 3647 2446 3703 duodecimo
2497 3648 2772 3702 kalendas
2820 3647 3115 3710 februarii,
3151 3665 3302 3703 anno
3356 3653 3631 3704 trecente-

1929 3736 2074 3792 simo
2130 3735 2480 3807 octogesimo
2538 3741 2710 3790 sexto.
2781 3738 2923 3791 Nam
2983 3736 3044 3790 in
3113 3737 3351 3806 epistola
3407 3738 3630 3793 decima

1931 3830 2132 3897 quarta
2160 3824 2466 3890 Ambrosii,
2512 3825 2582 3878 ad
2627 3825 3008 3879 Marcellinam
3057 3841 3334 3886 sororem,
3385 3843 3514 3898 quae
3562 3828 3629 3881 ad
3665 3847 3682 3856 ’

1928 3915 2182 3987 primum
2221 3913 2628 3983 persecutionis
2671 3929 2888 3966 annum
2920 3912 3174 3984 (biennio
3206 3913 3360 3968 enim
3403 3915 3501 3968 illa
3538 3915 3632 3969 de-

1929 4002 2130 4073 saaviit)
2177 4002 2402 4056 videtur
2448 4005 2723 4072 spectare,
2779 4018 2850 4055 ne
2887 4002 3123 4056 verbum
3177 4002 3405 4073 quidem
3455 4007 3633 4058 exstat

1929 4092 2085 4146 illius
2116 4091 2275 4162 legis.
2311 4092 2519 4146 Contra
2545 4107 2678 4144 vero
2709 4090 2978 4162 frequens
3023 4091 3146 4161 ejus
3176 4091 3418 4146 habetur
3462 4107 3628 4147 men-

1929 4181 2008 4235 tio
2037 4181 2098 4234 in
2125 4181 2395 4235 Sermone
2422 4179 2491 4234 de
2532 4179 2782 4234 Basilicis
2823 4195 2942 4234 non
2986 4179 3298 4248 tradendis,
3346 4179 3446 4251 qui
3473 4181 3626 4235 haud

1927 4270 2097 4324 dubie
2153 4269 2220 4323 ad
2286 4269 2528 4322 alterum
2586 4283 2802 4323 annum
2857 4267 3126 4338 pertinet.
3185 4267 3507 4322 Verisimile
3546 4274 3633 4324 est

1927 4357 2103 4429 igitur
2126 4358 2274 4412 hanc
2303 4357 2490 4427 legem
2509 4356 2704 4411 adulta
2728 4356 3123 4427 persecutione
3141 4356 3437 4412 sancitam.
3469 4358 3629 4422 Quod

1929 4447 1974 4500 si
2003 4446 2083 4501 ita
2130 4447 2222 4512 sit,
2255 4446 2578 4501 inchoanda
2607 4449 2692 4500 est
2730 4445 2829 4501 illa
2868 4445 3186 4500 necessario
3219 4462 3370 4500 anno
3409 4449 3629 4500 trecen-

1927 4535 2133 4590 tesimo
2157 4535 2506 4606 octogesimo
2528 4534 2750 4605 quinto,
2776 4538 2832 4588 et
2859 4534 3218 4589 terminanda
3241 4551 3391 4589 anno
3419 4538 3632 4590 trecen-

1928 4623 2132 4679 tesimo
2162 4623 2510 4695 octogesimo
2539 4628 2716 4679 sexto.
2759 4624 2944 4695 Atque
2981 4624 3120 4678 adeo
3151 4624 3471 4696 Baptismus
3515 4628 3629 4680 Au-

1927 4712 2141 4784 gustini
2165 4711 2531 4783 reponendus
2558 4727 2709 4766 anno
2737 4710 3134 4766 trecentesimo
3166 4711 3513 4784 octogesimo
3543 4730 3630 4768 se-

1926 4801 2124 4874 ptimo.
2158 4801 2358 4872 Operm
2392 4801 2641 4872 pretium
2687 4804 2772 4855 est
2800 4800 3016 4872 pariter
3044 4801 3363 4867 observare,
3396 4801 3630 4857 Iustina

1926 4889 2384 4962 persecutionem
2431 4889 2615 4944 adhuc
2655 4887 2924 4959 viguisse,
2975 4888 3114 4944 dum
3144 4893 3462 4961 martyrum
3492 4891 3627 4945 Pro-

1928 4980 2057 5036 tasii
2115 4983 2173 5033 et
2227 4977 2478 5033 Gervasii
2541 4994 2782 5050 corpora
2839 4979 3069 5033 inventa
3125 4983 3278 5047 sunt,
3349 4980 3456 5036 hoc
3521 4985 3628 5048 est,

1927 5073 2168 5124 exeunte
2188 5067 2372 5139 junio.
2407 5068 2548 5122 Cum
2577 5066 2733 5122 enim
2753 5071 2967 5122 constet
2987 5083 3052 5122 ex
3085 5068 3401 5139 Augustino
3428 5069 3620 5139 (Serm.

1925 5160 2051 5224 286,
2081 5173 2136 5212 n.
2164 5157 2225 5228 4)
2254 5157 2426 5228 hujus
2456 5155 2842 5211 translationis
2871 5156 3315 5223 solemnitatem,
3348 5173 3476 5228 quae
3519 5157 3625 5210 hac

1926 5247 2048 5318 ipsa
2076 5245 2165 5301 die
2191 5247 2252 5301 in
2285 5245 2462 5300 veteri
2491 5243 2952 5315 Carthaginensis
2984 5245 3242 5300 Ecclesiae
3289 5244 3626 5298 Kalendario

1928 5341 2276 5390 memoratur
2307 5335 2691 5404 (Mabillonius,
2730 5335 3030 5389 Annalium
3061 5339 3196 5389 tome
3227 5337 3276 5399 3,
3304 5348 3434 5402 pag.
3472 5335 3622 5402 398),

1926 5423 1984 5478 in
2015 5424 2200 5478 Africa
2246 5424 2416 5479 fuisse
2459 5423 2821 5490 celebratam,
2854 5439 2958 5477 nec
2986 5421 3217 5477 aliunde
3247 5423 3469 5474 sanctos
3501 5420 3625 5474 illo.s

1929 5518 2204 5583 martyres
2247 5516 2382 5568 tunc
2429 5512 2702 5584 temporis
2757 5511 3102 5577 innotuisse;
3161 5508 3468 5563 verisimile
3499 5527 3621 5564 om-

1930 5602 2064 5658 nino
2082 5607 2186 5670 est,
2219 5601 2506 5658 decimum
2536 5618 2750 5658 nonum
2796 5599 2946 5673 junii
2977 5597 3154 5663 diem,
3185 5597 3286 5670 qui
3330 5614 3488 5654 sacer
3517 5599 3622 5658 illis.
