4020 6374
375 323 472 375 I23
889 333 892 336 ‘
1591 319 1762 375 VITA
1812 317 1870 374 S.
1913 316 2300 375 AUGUSTINI
2340 317 2686 374 EPISCOPI.
3797 314 3890 366 124

367 446 470 511 est,
501 442 654 498 diem
697 457 819 498 esse
864 441 1248 497 translationis
1287 441 1646 496 eorumdem.
1707 443 1906 514 Itaque
1936 441 2069 496 hinc

367 531 752 603 consequitur,
804 532 1039 588 Justinas
1095 531 1545 603 persecutionem
1599 547 1718 585 non
1765 530 2066 602 quievisse,

369 621 479 676 nisi
507 621 611 675 sub
641 621 813 675 ﬁnem
839 622 988 693 junii
1023 621 1176 675 illius
1207 620 1364 686 anni,
1395 618 1494 692 qui
1522 619 1829 691 Augustini
1852 619 2069 690 Baptis-

369 727 527 764 mum
553 710 857 781 praecessit.
889 713 1017 765 Haec
1039 709 1232 764 omnia
1261 709 1476 779 optime
1498 709 1646 763 inter
1671 725 1729 764 se
1759 709 2066 773 cohaerent,

368 798 415 852 si
469 799 592 869 ejus
647 799 999 870 Baptismum
1064 816 1214 853 anno
1267 798 1666 853 trecentesimo
1719 797 2069 868 octogesimo

367 887 630 960 septimo,
664 892 722 943 et
748 889 1180 942 conversionem
1226 904 1378 942 anno
1410 887 1807 942 trecentesimo
1841 897 2070 959 octoge-

368 976 514 1030 simo
544 981 702 1031 sexto
733 975 1065 1048 reponimus
1090 993 1102 1032 :
1129 977 1225 1031 sed
1258 977 1316 1031 in
1348 976 1641 1032 difﬁcilem
1671 977 1904 1032 modum
1934 975 2071 1031 inci-

367 1065 588 1132 demus,
623 1065 669 1119 si
699 1066 820 1136 ejus
849 1066 1283 1121 conversionem
1330 1083 1480 1121 anno
1528 1065 1926 1121 trecentesimo
1969 1082 2067 1120 oc—

369 1153 646 1226 togesimo
687 1154 931 1225 septimo
981 1159 1314 1210 statuamus.
1371 1156 1446 1210 Eo
1490 1155 1644 1210 enim
1691 1171 1842 1210 anno
1898 1155 2069 1210 Maxi-

369 1260 529 1298 mum
559 1243 618 1298 in
644 1245 866 1299 Italiam
896 1244 1169 1316 irrupisse
1199 1249 1417 1300 certum
1450 1249 1553 1308 est,
1600 1249 1655 1298 et
1683 1243 1976 1299 neminem
2007 1244 2069 1298 in

369 1332 606 1388 dubium
657 1349 919 1389 revocare
950 1333 1364 1401 existimamus,
1418 1333 1558 1405 quin
1608 1333 1941 1389 Ambrosius
1971 1334 2067 1388 da-

367 1423 485 1475 tam
516 1421 621 1475 sibi
653 1438 685 1475 a
717 1422 1114 1477 Valentiniano
1145 1423 1492 1494 legationem
1539 1423 1606 1477 ad
1643 1423 1951 1479 Maximum
1981 1439 2068 1476 se-

365 1509 612 1563 cundam
657 1510 828 1580 paulo
861 1514 992 1564 ante
1038 1509 1298 1565 obiverit.
1335 1513 1407 1566 Ex
1456 1511 1636 1582 ipsius
1666 1510 1952 1565 Ambrosii
1981 1527 2068 1565 re-

363 1597 577 1653 latione
606 1603 782 1670 patet,
838 1599 1142 1654 Maximum
1191 1599 1432 1654 Treviris
1485 1605 1624 1655 tunc
1668 1600 1972 1671 degentem
2012 1616 2069 1654 se

366 1686 437 1741 ad
467 1687 681 1742 bellum
709 1703 1064 1759 comparasse
1097 1685 1197 1743 :et
1213 1688 1718 1760 juxtaonsimum,
1754 1689 2070 1743 Domninus

363 1779 491 1846 post
531 1775 895 1830 Ambrosium
925 1792 953 1829 a
988 1777 1382 1832 Valentiniano
1413 1778 1484 1832 ad
1518 1778 1821 1832 Maximum
1852 1778 2070 1850 legatus

364 1868 449 1919 est
477 1867 750 1935 (Zosimus,
786 1865 880 1920 lib.
917 1866 991 1935 4).
1036 1867 1166 1920 Haec
1195 1870 1388 1920 autem
1421 1865 1618 1920 omnia
1645 1871 1775 1936 post
1815 1881 2069 1920 mensem

358 1953 586 2024 junium
617 1971 917 2026 reponere,
970 1971 1085 2009 non
1135 1958 1218 2008 est
1269 1955 1408 2009 adeo
1438 1954 1600 2008 facile
1633 1959 1688 2009 et
1717 1954 2066 2024 expeditum.

362 2043 590 2098 Accedit
617 2043 781 2111 illud,
812 2043 964 2114 quod
984 2043 1151 2114 juxta
1179 2044 1332 2098 hunc
1363 2043 1667 2110 calculum,
1698 2045 2017 2114 Augustam
2038 2061 2069 2097 a

362 2131 618 2185 vcxando
648 2130 950 2186 Ambrosio
980 2147 1093 2184 non
1125 2135 1255 2184 ante
1287 2131 1564 2185 destitisse
1603 2136 1845 2202 oportet,
1895 2148 2068 2203 quam

363 2236 492 2274 cum
519 2220 681 2274 illum
713 2219 783 2274 de
808 2235 946 2290 pace
971 2225 1232 2274 acturum
1263 2220 1332 2274 ad
1364 2220 1673 2275 Maximum
1705 2220 1865 2275 misit
1896 2237 1909 2276 :
1937 2220 2071 2275 licet

361 2307 451 2362 vix
482 2308 637 2362 credi
681 2307 882 2378 possit,
925 2308 1206 2362 Justinam
1246 2309 1532 2380 extemplo
1580 2313 1803 2364 tantum
1857 2309 1977 2380 spei
2008 2325 2070 2362 ac

363 2395 589 2452 fiduciae
618 2396 678 2450 in
707 2413 775 2451 eo
796 2396 1030 2451 homine
1058 2396 1334 2468 posuisse,
1366 2397 1437 2452 ad
1467 2413 1641 2469 quem
1672 2397 2069 2470 expellendum

363 2487 450 2539 tot
481 2484 653 2539 modo
683 2483 976 2539 machinas
1004 2484 1376 2552 adhibuisset,
1406 2485 1621 2558 quique
1651 2487 1720 2541 ad
1749 2487 1858 2541 hoc
1889 2503 2068 2558 nego-

361 2571 506 2627 tium
539 2572 869 2627 obeundum
897 2589 1015 2627 non
1042 2574 1181 2628 adeo
1210 2573 1450 2629 idoneus
1477 2575 1808 2643 videbatur;
1843 2592 1973 2630 cum
2003 2594 2070 2630 ex

363 2660 620 2732 ejusdem
668 2661 947 2716 relatione
1003 2666 1244 2732 constet,
1298 2668 1674 2734 conquestum
1723 2681 1846 2718 esse
1896 2664 2068 2720 Maxi-

365 2767 545 2818 mum,
577 2751 730 2822 quod
752 2751 821 2806 ab
846 2767 912 2805 eo
941 2750 1141 2806 fuisset
1170 2751 1230 2806 in
1259 2752 1748 2824 primalcgatione
1779 2753 2067 2826 deceptus.

431 2843 484 2893 5.
518 2839 624 2904 Qui
653 2839 1056 2910 Augustimum
1079 2857 1230 2896 anno
1261 2842 1451 2896 solum
1479 2843 1883 2898 trecentesimo
1905 2843 2071 2915 quin-

361 2928 694 2999 quagesimo
727 2929 928 3001 quinto
967 2935 1164 2984 natum
1193 2947 1333 2997 esse,
1375 2936 1472 2985 aut
1504 2932 1694 3003 ipsum
1725 2949 1906 2987 annos
1937 2949 2070 2987 suos

359 3019 614 3089 expletos
639 3034 952 3074 numerare.
973 3021 1346 3088 contendunt,
1382 3021 1574 3077 locum
1599 3022 1777 3076 alium
1799 3023 2066 3089 afferunt,

359 3107 419 3162 in
449 3124 562 3179 quo
593 3125 668 3172 se,
697 3112 757 3162 ut
779 3107 1009 3180 quidem
1032 3113 1254 3180 putant,
1274 3125 1404 3162 cum
1427 3109 1794 3180 Imperatoris
1821 3117 2071 3180 panegy-

359 3192 544 3247 ricum
581 3193 857 3260 recitavit,
906 3194 1275 3250 tricenariam
1324 3200 1550 3250 aetatem
1606 3196 1787 3265 egisse
1831 3201 2072 3250 testatur

361 3280 791 3350 (Confessionum
823 3283 916 3337 lib.
955 3285 1008 3348 6,
1049 3299 1170 3352 cap.
1216 3286 1266 3349 6,
1308 3299 1366 3337 τι.
1412 3289 1464 3353 9,
1495 3290 1544 3338 et
1583 3301 1702 3354 cap.
1750 3285 1834 3349 14,
1869 3301 1926 3339 n.
1961 3287 2064 3350 l8).

362 3370 579 3441 Nempe
606 3387 710 3441 pro
743 3376 894 3425 certo
943 3377 1166 3442 ponunt
1211 3372 1357 3426 hanc
1399 3371 1735 3444 panegyrim
1765 3389 1891 3427 eam
1923 3389 2066 3441 esse,

361 3475 534 3530 quam
569 3459 806 3514 Bautoni
835 3459 1196 3514 consulatum
1227 3459 1452 3515 ineunti
1489 3461 1628 3516 dixit
1657 3461 1877 3533 (Contra
1910 3464 2072 3518 Litte-

357 3562 450 3602 ras
482 3549 757 3615 Petitiani,
791 3549 883 3602 lib.
926 3552 978 3615 3,
1012 3564 1066 3602 n.
1117 3551 1203 3617 30)
1231 3549 1492 3604 kalendis
1512 3550 1764 3621 januarii
1793 3551 1929 3606 anni
1959 3556 2071 3606 tre-

361 3636 656 3690 centesimi
688 3637 1022 3710 octogesimi
1048 3637 1253 3709 quinti.
1282 3638 1438 3693 Unde
1459 3639 1736 3710 colligunt
1755 3656 1908 3708 eum,
1939 3657 2069 3694 cum

360 3724 720 3797 trigesimum
765 3726 947 3780 artatis
1003 3743 1120 3781 suae
1169 3743 1385 3781 annum
1435 3733 1698 3784 numeret
1751 3745 1903 3784 anno
1953 3736 2071 3784 tre-

358 3814 670 3869 centesimo
701 3816 1052 3886 octogesimo
1101 3816 1325 3888 quinto,
1367 3822 1466 3872 aut
1511 3823 1713 3873 natum
1754 3834 1875 3873 esse
1916 3835 2068 3874 anno

359 3904 758 3959 trecentesimo
775 3905 1253 3977 quinquagesimo
1271 3906 1494 3977 quinto,
1512 3911 1613 3962 aut
1631 3924 1746 3962 non
1765 3923 2070 3962 numerare

354 3993 586 4048 initium
605 3993 740 4048 anni
763 3994 852 4048 sui
878 3994 1158 4065 trigesimi
1179 3995 1378 4065 primi.
1413 3996 1850 4051 Observavimus
1872 4014 2066 4068 supra,

358 4082 419 4137 in
463 4083 616 4138 hisce
656 4084 997 4138 numerandi
1042 4083 1227 4138 modis
1276 4085 1553 4154 quosdam
1602 4102 1723 4140 esse
1772 4087 1978 4142 dubios
2016 4092 2072 4141 et

359 4172 650 4244 ancipites,
679 4172 960 4243 quosdam
990 4171 1160 4226 unico
1191 4189 1359 4227 sensu
1389 4173 1673 4229 deﬁnitos.
1709 4176 2072 4230 Arbitramur

357 4261 511 4316 hunc
531 4259 806 4331 loquendi
835 4261 1092 4328 modum,
1117 4263 1237 4331 Ago
1258 4261 1600 4332 trigesimun
1623 4264 1806 4317 astatis
1831 4281 2067 4331 annum,

359 4350 430 4404 ad
461 4354 815 4420 postremum
863 4365 1044 4420 genus
1073 4349 1383 4420 pertinere,
1433 4367 1536 4405 nec
1567 4352 1720 4407 aliud
1743 4353 2066 4424 signiﬁcare

359 4456 552 4513 quam,
587 4441 852 4495 Nondum
879 4439 1238 4512 trigesimum
1265 4440 1448 4495 astatis
1471 4458 1686 4497 annum
1703 4442 1939 4497 absolvi.
1972 4444 2070 4499 Sin

360 4529 535 4596 dicas,
565 4532 758 4584 Annos
786 4528 1023 4597 triginta
1053 4533 1221 4584 natus
1251 4546 1410 4597 sum;
1441 4531 1690 4586 fatemur
1717 4531 1776 4586 id
1808 4548 1874 4586 ex
1904 4548 2070 4603 asque

357 4617 678 4689 signiﬁcare
715 4634 903 4688 posse,
937 4623 992 4673 te
1026 4634 1205 4673 annos
1249 4618 1487 4690 triginta
1519 4624 1721 4675 natum
1764 4637 1913 4685 esse,
1959 4622 2071 4676 sive

359 4707 666 4776 inchoatas,
699 4706 814 4762 sive
859 4707 1170 4763 absolutos.
1203 4709 1316 4762 Hac
1345 4725 1482 4780 ergo
1512 4710 1732 4765 ratione
1764 4711 1919 4765 haud
1950 4711 2072 4766 iuti-

359 4795 473 4849 cias
501 4795 731 4862 ibimus,
761 4796 1102 4868 panegyrim
1139 4797 1320 4866 illam,
1363 4799 1528 4869 cujus
1565 4800 1920 4870 Augustinus
1952 4817 2072 4854 me-

359 4883 550 4952 minit,
584 4883 870 4955 siquidem
901 4902 1025 4939 eam
1053 4885 1174 4956 ipse
1201 4903 1377 4941 annos
1399 4888 1632 4958 triginta
1662 4893 1718 4943 et
1747 4904 1928 4943 unum
1970 4906 2072 4944 na-

355 4975 447 5026 tus
476 4971 762 5039 habuerit,
785 4973 1070 5043 pertinere
1090 4974 1161 5029 ad
1187 4992 1403 5032 annum
1425 4977 1890 5031 trecentesimum
1920 4981 2072 5032 oclo-

358 5059 642 5132 gesimum
671 5061 958 5132 quintum.
994 5063 1057 5116 Et
1086 5079 1146 5116 re
1176 5063 1411 5134 quidem
1439 5063 1562 5135 ipsa
1583 5081 1713 5118 cum
1737 5064 1879 5119 varii
1901 5073 2074 5120 aestus

357 5149 554 5216 animi,
587 5149 796 5220 quibus
826 5154 962 5204 tunc
983 5151 1324 5222 jactabatur,
1355 5153 1424 5206 ab
1454 5152 1742 5206 Ambrosii
1774 5153 2066 5208 concioni-

362 5237 470 5292 bus
516 5238 810 5293 concitatis
858 5255 978 5294 esse
1024 5239 1327 5294 videantur
1375 5241 1804 5312 (Confessionum
1859 5243 1954 5297 lib.
2015 5246 2070 5310 6,

363 5342 484 5396 cap.
513 5329 568 5395 4,
606 5343 664 5383 n.
699 5327 785 5399 6);
845 5327 1050 5399 conjici
1093 5334 1279 5400 potest
1306 5345 1434 5384 eum
1461 5330 1580 5400 jam
1615 5330 1836 5400 pridem
1868 5331 2073 5385 Medio-

364 5416 563 5470 lauum
593 5415 834 5485 venisse,
879 5433 983 5470 nec
1013 5420 1204 5471 tamen
1236 5422 1363 5472 ante
1395 5418 1524 5472 idus
1555 5418 1888 5474 novembres
1935 5420 2075 5476 anni

372 5505 757 5560 trecentesimi
787 5506 1124 5578 octogesimi
1169 5507 1378 5578 quarti,
1412 5507 1458 5561 si
1487 5507 1657 5562 modo
1685 5508 1755 5562 ad
1786 5509 1934 5564 hanc
1968 5525 2074 5564 ur-

371 5591 500 5654 bem
532 5609 646 5648 non
680 5593 854 5660 venit,
894 5595 1000 5649 nisi
1036 5599 1096 5652 ut
1141 5595 1384 5666 peractis
1415 5594 1669 5665 ejusdem
1702 5596 1835 5650 anni
1876 5596 2073 5652 vinde-

2179 441 2445 497 mialibus
2473 440 2628 496 feriis
2651 437 2908 511 publicas
2935 435 3151 491 scholas
3169 434 3513 490 instauraret
3543 450 3557 488 :
3593 433 3746 506 quod
3771 433 3897 503 qui-

2179 530 2306 584 dem
2353 546 2469 584 non
2517 529 2752 584 omnino
2811 531 3176 599 perspectum
3234 529 3319 580 est
3373 540 3437 578 ac
3485 525 3888 595 exploratum;

2178 619 2301 673 ﬁeri
2331 619 2485 673 enim
2524 618 2731 690 potuit,
2781 621 2845 672 ut
2874 615 3258 671 Mediolanum
3300 630 3449 668 anno
3491 613 3892 667 trecentesimo

2178 707 2521 778 octogesimo
2548 711 2752 778 quarto
2782 705 3016 761 ineunte
3046 703 3289 757 venerit.
3327 701 3474 767 Quin
3497 701 3670 756 etiam
3693 701 3892 756 Rivius

2177 796 2235 852 in
2265 814 2365 852 sua
2393 795 2764 866 chronologia
2787 811 2918 849 eum
2941 810 3092 848 anno
3116 791 3515 847 trecentesimo
3536 791 3890 862 octogesimo

2177 886 2344 942 tertio
2392 885 2613 940 venisse
2668 883 2903 950 statuit;
2945 899 3048 937 nec
3099 886 3182 936 est
3227 881 3381 953 quod
3433 880 3492 934 id
3539 880 3890 935 contrariam

2178 981 2398 1047 partem
2431 976 2753 1030 efferamus.
2789 975 3026 1029 Faustus
3055 972 3213 1026 enim
3253 969 3652 1040 Carthaginem
3683 969 3882 1024 venire

2179 1065 2365 1136 potuit
2384 1068 2514 1119 ante
2540 1079 2758 1118 annum
2803 1060 3109 1132 Augustini
3152 1059 3703 1130 undetrigesimum;
3747 1063 3805 1113 et
3829 1058 3885 1112 id

2178 1153 2417 1208 indicari
2463 1153 2691 1208 videtur
2734 1151 2823 1206 his
2865 1151 3053 1205 verbis
3098 1167 3110 1204 :
3156 1151 3456 1218 Proloquar
3501 1150 3560 1202 in
3605 1153 3891 1218 conspectu

2177 1247 2275 1299 Ι)ρί
2299 1245 2404 1298 mei
2447 1259 2634 1297 annun
2671 1243 2824 1297 illum
2855 1241 3336 1306 undetrigesimum
3363 1239 3542 1292 aetatis
3571 1252 3725 1292 meae.
3762 1241 3888 1292 Jam

2175 1337 2396 1387 venerat
2455 1332 2837 1400 Carthaginem
2881 1329 3108 1400 quidam
3141 1329 3562 1384 Manichaeorum
3603 1329 3888 1394 cpiscopus

2175 1424 2405 1476 Faustus
2446 1423 2658 1475 nomine
2707 1419 2894 1489 (lbid.,
2946 1418 3040 1472 lib.
3103 1421 3156 1484 5,
3206 1432 3325 1486 cap.
3379 1421 3432 1482 3,
3481 1432 3535 1470 η.
3583 1414 3660 1485 3).
3698 1415 3895 1468 Potuit

2176 1510 2353 1581 igitur
2382 1510 2571 1564 videre
2601 1511 2892 1575 Faustum,
2925 1513 2981 1562 et
3006 1508 3076 1562 ab
3104 1523 3170 1561 eo
3213 1505 3542 1570 abalienari,
3589 1505 3711 1576 jam
3751 1503 3894 1558 inde

2179 1599 2246 1653 ab
2285 1615 2435 1653 anno
2465 1598 2868 1653 trecentesimo
2913 1597 3262 1668 octogesimo
3311 1595 3560 1649 secundo
3605 1597 3890 1658 exeunte;

2177 1689 2282 1743 sub
2312 1688 2566 1760 ejusdem
2597 1687 2733 1742 anni
2754 1686 2990 1752 exitum,
3018 1690 3114 1740 aut
3133 1701 3285 1739 anno
3315 1683 3711 1738 trecentesimo
3737 1686 3897 1737 octo-

2177 1776 2396 1848 gesimo
2445 1775 2610 1830 tertio
2652 1775 2888 1830 ineunte
2937 1775 3176 1829 Romam
3215 1773 3471 1842 venisse;
3504 1776 3560 1826 et
3597 1775 3728 1826 ante
3757 1786 3895 1842 per-

2177 1871 2326 1920 actas
2356 1865 2730 1920 vindemiales
2759 1864 2894 1919 anni
2925 1863 3309 1918 trecentesimi
3358 1859 3688 1933 octogesimi
3733 1859 3895 1914 tertii

2177 1954 2348 2009 ferias
2371 1953 2522 2008 mitti
2569 1953 2967 2009 Mediolanum.
3011 1953 3152 2007 Nam
3193 1951 3240 2006 si
3279 1951 3484 2006 desunt
3519 1953 3894 2022 argumenta,

2179 2043 2387 2114 quibus
2416 2043 2690 2115 probetur
2719 2041 3091 2113 Symmachus
3132 2040 3294 2096 Urbis
3322 2040 3721 2111 prasfecturam
3757 2054 3890 2110 ges-

2177 2132 2314 2186 sisse
2365 2148 2516 2186 anno
2573 2130 2971 2186 trecentesimo
3015 2129 3364 2200 octogesimo
3416 2128 3616 2195 tertio;
3680 2127 3896 2181 desunt

2177 2220 2390 2291 pariter
2418 2218 2584 2274 nobis
2599 2219 2680 2290 “in
2707 2211 3050 2274 contrariam
3088 2222 3331 2288 partem.
3361 2218 3527 2272 Juxta
3567 2232 3740 2288 quem
3774 2216 3892 2270 cal-

2177 2310 2370 2364 culum
2409 2308 2842 2380 panegyricum,
2875 2323 3049 2378 quem
3087 2306 3312 2360 videtur
3355 2305 3592 2360 iunuere
3619 2321 3652 2358 a
3682 2320 3741 2358 se
3783 2303 3893 2358 tri—

2178 2396 2396 2468 gesimo
2452 2398 2633 2453 astatis
2689 2413 2840 2452 anno
2898 2396 3178 2461 habitum,
3239 2394 3476 2448 recitare
3537 2392 3724 2465 potuit
3788 2396 3895 2446 aut

2176 2485 2410 2541 ineunte
2458 2503 2607 2541 anno
2663 2485 3058 2540 trecentesimo
3116 2483 3466 2554 octogesimo
3497 2486 3722 2554 quarto.
3786 2488 3891 2536 aut

2179 2575 2290 2628 alio
2345 2575 2600 2646 ejusdem
2669 2573 2806 2628 anni
2864 2577 3142 2644 tempore.
3208 2572 3387 2626 Nullis
3439 2572 3594 2625 enim
3651 2569 3892 2641 probari

2177 2667 2367 2734 potest
2449 2663 2805 2735 argumentis
2871 2662 3138 2717 eumdem
3207 2677 3360 2731 esse,
3419 2676 3592 2731 quem
3643 2658 3894 2714 Bautoni

2179 2751 2399 2807 consuli
2429 2751 2603 2821 dixit;
2657 2756 2713 2806 et
2749 2752 2920 2822 longe
2950 2750 3194 2804 similius
3223 2766 3356 2804 vero
3388 2754 3472 2803 est
3500 2749 3668 2802 aliam
3712 2747 3892 2801 fuisse

2179 2840 2542 2912 pauegyrim,
2593 2857 2720 2895 cum
2775 2857 2902 2895 eam
2956 2839 3323 2910 Imperatoris
3371 2839 3566 2893 laudes
3594 2839 3894 2907 nuncupet

2175 2930 2368 3000 (Ibid.,
2425 2932 2515 2985 lib.
2560 2934 2612 2998 6,
2663 2947 2785 3000 cap.
2838 2933 2891 2997 6,
2939 2945 2996 2984 n.
3043 2930 3120 3000 9).
3172 2930 3284 2984 Cur
3311 2932 3504 2983 autem
3533 2925 3893 2998 Augustinus

2181 3024 2329 3091 (quae
2385 3020 2559 3074 etiam
2615 3020 2908 3074 nonnullis
2955 3018 3185 3074 errandi
3229 3034 3398 3072 causa
3444 3016 3643 3087 extitit)
3695 3019 3892 3070 osten-

2178 3125 2344 3162 surus
2403 3125 2460 3163 se
2517 3110 2588 3163 ab
2644 3109 2852 3172 Africa,
2909 3125 3040 3163 cum
3093 3107 3173 3162 ibi
3227 3106 3481 3161 damnati
3533 3109 3666 3160 sunt
3708 3104 3889 3160 Mani-

2179 3197 2345 3264 chasi,
2378 3214 2527 3252 anno
2566 3197 2970 3252 trecentesimo
3019 3195 3366 3266 octogesimo
3413 3199 3570 3249 sexto
3617 3194 3884 3260 abfuisse,

2181 3285 2434 3357 priorem
2463 3286 2621 3340 illam
2647 3285 2986 3356 panegyrim
3009 3282 3373 3354 Imperatoris
3400 3282 3604 3336 tacitus
3628 3282 3892 3353 praeterit

2177 3376 2402 3444 (Contra
2446 3377 2682 3430 Litteras
2729 3375 3004 3442 Petiliani,
3039 3373 3133 3427 lib.
3183 3375 3235 3436 3,
3286 3388 3340 3426 η.
3389 3372 3496 3439 30),
3541 3375 3892 3442 tantumque

2178 3479 2235 3518 se
2268 3463 2654 3518 Mediolanum
2687 3461 2908 3516 venisse
2941 3465 3177 3515 testatur
3196 3464 3324 3514 ante
3350 3459 3712 3514 consulatum
3747 3462 3893 3514 Bau-

2178 3551 2327 3607 tonis
2368 3552 2574 3624 (Ibid),
2624 3551 2715 3606 cui
2754 3550 3155 3621 magistratum
3200 3548 3426 3603 ineunti
3473 3549 3890 3620 panegyricum

2179 3641 2437 3707 dixerat;
2485 3641 2611 3711 ejus
2661 3639 2748 3694 rei
2794 3638 2974 3693 facilis
3022 3642 3079 3692 et
3123 3641 3393 3708 prompta
3428 3637 3720 3707 responsio
3752 3642 3888 3695 est:

2177 3727 2313 3800 quia
2350 3744 2480 3782 cum
2521 3727 2790 3799 frequens
2833 3745 2893 3781 se
2942 3727 3200 3798 praebere
3229 3725 3481 3797 potuerit
3509 3723 3729 3779 occasio
3762 3725 3892 3780 lau-

2177 3819 2352 3874 dandi
2380 3819 2765 3890 Imperatoris,
2794 3819 2954 3874 novis
2984 3818 3332 3888 oportuisset
3361 3831 3495 3870 eum
3525 3816 3890 3886 argumentis

2177 3914 2648 3974 commonstrare,
2701 3908 3042 3980 pancgyrim
3083 3907 3240 3962 illam
3298 3904 3634 3976 Imperatori
3674 3903 3890 3959 dictam

2177 3999 2347 4054 fuisse
2382 4015 2530 4052 anno
2564 3998 2963 4053 trecentesimo
3005 3995 3352 4068 octogesimo
3383 3998 3606 4066 quarto,
3638 4009 3754 4047 non
3785 4010 3890 4046 au-

2176 4093 2293 4142 tem
2319 4104 2470 4142 anno
2499 4087 2895 4141 trecentesimo
2925 4086 3270 4156 octogesimo
3291 4083 3551 4154 septimo.
3581 4083 3677 4136 Sat
3701 4080 3889 4150 igitur

2177 4177 2377 4231 habuit
2405 4177 2607 4231 aﬁ‘erre
2639 4177 2905 4230 idoneam
2934 4174 3335 4247 probationem
3359 4171 3594 4226 minime
3626 4169 3892 4238 dubiam,

2179 4270 2232 4319 et
2257 4281 2323 4318 eo
2348 4264 2531 4335 magis
2553 4264 2935 4335 perspicuam,
2960 4264 3112 4335 quod
3133 4263 3572 4319 Manichasorum
3595 4258 3893 4314 damnatio

2180 4353 2401 4407 videtur
2427 4354 2517 4407 his
2547 4353 2730 4407 verbis
2759 4353 2932 4408 fuisse
2963 4352 3283 4422 subscripta
3316 4367 3328 4405 :
3364 4352 3520 4405 Anno
3545 4351 3668 4419 post
3694 4363 3893 4402 consu-

2179 4443 2349 4496 latum
2379 4444 2660 4506 Bautonis,
2695 4447 2803 4497 etc.
2838 4443 2903 4496 Et
2956 4443 3028 4496 ob
3058 4441 3321 4496 eamdem
3369 4438 3522 4494 haud
3553 4436 3723 4492 dubie
3757 4453 3891 4490 cau-

2179 4547 2301 4584 sam
2330 4535 2498 4600 tacet,
2530 4549 2587 4585 se
2621 4532 2817 4586 Romae
2846 4530 3020 4586 fuisse
3047 4533 3465 4585 commoratum
3493 4527 3665 4582 etiam
3696 4525 3889 4596 prius-

2180 4637 2354 4691 quam
2403 4621 2787 4675 Mediolanum
2823 4620 3305 4691 proﬁcisceretur.
3355 4615 3654 4673 Maluimus
3692 4619 3891 4668 tamen

2180 4709 2488 4763 adventum
2527 4709 2831 4780 Augustini
2863 4710 3246 4766 Mediolanum
3277 4723 3430 4762 anno
3461 4705 3738 4760 duntaxat
3765 4707 3886 4758 tre-

2179 4797 2487 4852 centesimo
2519 4800 2864 4870 octogesimo
2895 4803 3098 4870 quarto
3123 4796 3479 4867 consignare,
3508 4810 3639 4848 cum
3671 4809 3737 4846 ea
3763 4809 3891 4846 sen-

2181 4887 2357 4940 tentia
2388 4887 2569 4958 magis
2601 4892 2828 4958 recepta
2852 4887 2944 4954 sit,
2987 4891 3043 4941 et
3066 4885 3375 4957 Augustini
3405 4883 3590 4938 verbis
3627 4881 3892 4953 apprime

2180 4980 2598 5043 consentanea;
2633 4992 2880 5047 quasque
2919 4992 3036 5031 non
3070 4979 3247 5047 ponat
3279 4972 3682 5044 Symmachum
3728 4986 3887 5042 pras-

2181 5063 2457 5118 fecturam
2506 5065 2668 5118 Urbis
2707 5064 2945 5135 gessisse
2995 5064 3115 5134 jam
3160 5063 3290 5118 inde
3333 5063 3404 5117 ab
3435 5079 3586 5116 anno
3617 5063 3893 5115 trecente-

2148 5165 2155 5173 '
2181 5152 2326 5206 simo
2357 5153 2704 5222 octogesimo
2732 5157 2954 5223 quarto,
2979 5152 3240 5222 quamvis
3271 5153 3444 5223 hujus
3479 5149 3563 5204 rei
3585 5149 3742 5204 nulla
3768 5164 3894 5202 cer-

2181 5246 2395 5295 nantur
2423 5241 2673 5311 vestigia.
2734 5241 2894 5306 Quod
2941 5240 2988 5294 si
3037 5257 3188 5295 anno
3230 5240 3626 5295 trecentesimo
3659 5242 3894 5309 octoge-

2181 5329 2325 5384 simo
2357 5335 2561 5402 quarto
2594 5331 2828 5384 ineunte
2859 5329 3122 5399 advenit;
3157 5330 3328 5384 statui
3362 5333 3561 5400 potest,
3597 5343 3729 5382 eum
3761 5334 3895 5380 ante

2181 5419 2541 5490 trigesimum
2571 5420 2749 5473 astatis
2797 5435 2915 5474 suae
2945 5436 3162 5474 annum
3195 5420 3522 5474 absolutum
3551 5416 3895 5488 panegyrim

2185 5507 2520 5578 Imperatori
2553 5507 2781 5564 dixisse.

2255 5601 2306 5651 (ἱ.
2339 5595 2464 5651 Alio
2493 5613 2722 5669 quoque
2752 5614 2820 5653 ex
2850 5597 2972 5654 loco
3005 5613 3310 5669 exsurgere
3337 5596 3638 5667 scrupulus
3673 5599 3890 5666 potest:
