4020 6380
66 343 162 396 I25
1521 344 1733 400 LIBER
1764 342 2153 402 SECUNDUS.

61 461 341 517 nimirum
370 477 501 518 cum
532 461 603 519 ad
633 461 920 519 Christum
952 478 1258 518 conversus
1289 468 1392 530 est,
1426 465 1595 520 multi
1618 465 1759 537 jam,

60 556 123 605 ut
180 550 242 605 in
296 551 728 607 Confessionum
777 551 936 607 libris
981 552 1174 623 tradit,
1226 552 1562 608 efﬂuxerant
1606 554 1763 622 anni,

57 643 205 706 forte
232 641 541 708 duodecim,
581 657 647 696 ex
678 657 791 712 quo
828 640 1113 696 Ciceronis
1139 641 1500 696 Hortensium
1529 641 1765 698 undevi-

59 728 278 784 cesimo
310 731 494 785 aetatis
533 746 651 784 suas
689 746 839 784 anno
871 728 1088 802 legerat
1121 731 1537 797 (Confessionum
1575 731 1668 785 lib.
1709 732 1764 799 8,

55 834 180 887 cap.
221 823 280 884 '7,
326 834 382 873 η.
420 818 519 888 17).
571 818 749 890 Hujus
789 834 961 890 porro
999 819 1250 890 scrupuli
1280 818 1582 874 amovendi
1619 818 1764 873 ratio

57 908 224 961 nulla
254 911 339 962 est
363 908 576 978 potior,
610 923 783 978 quam
805 923 935 979 quae
963 908 1033 963 ab
1060 907 1185 979 ipso
1212 908 1528 979 Augustino
1559 923 1765 979 sugge-

58 996 227 1061 ritur,
261 994 363 1067 qui
391 1011 526 1050 voce
557 995 825 1066 adjuncta
853 998 1015 1063 forte,
1049 995 1181 1050 satis
1219 995 1432 1050 indicat
1468 1011 1535 1051 eo
1567 995 1676 1050 loci
1705 1011 1764 1049 se

56 1087 321 1139 accurate
344 1088 402 1139 et
430 1084 500 1139 ad
523 1083 797 1139 amussim
818 1100 937 1139 non
965 1083 1155 1156 loqui;
1184 1088 1249 1139 ut
1275 1100 1388 1139 nec
1419 1084 1621 1140 eodem
1646 1084 1765 1139 fere

54 1174 207 1239 loco,
264 1189 395 1227 cum
442 1172 584 1227 illud
631 1172 821 1244 ipsum
869 1177 1098 1244 tempus
1139 1172 1390 1229 decennio
1435 1178 1485 1228 et
1527 1175 1764 1244 amplius

56 1260 335 1332 exprimit
366 1262 789 1333 (Confessionum
816 1263 912 1317 lib.
958 1264 1014 1330 8,
1047 1276 1166 1332 cap.
1204 1266 1259 1329 7,
1299 1277 1352 1316 τι.
1396 1262 1499 1333 18).
1537 1263 1602 1317 In
1650 1264 1764 1317 suis

56 1355 253 1403 autem
284 1350 637 1421 Soliloquiis,
665 1367 814 1422 quae,
848 1354 912 1405 ut
937 1350 1206 1421 diximus,
1236 1351 1410 1422 paulo
1448 1355 1577 1422 post
1602 1367 1764 1406 suam

56 1438 498 1493 conversionem
567 1438 811 1509 scripsit,
895 1438 1327 1511 quatuordecim
1399 1439 1518 1495 fere
1583 1456 1765 1496 annos

56 1526 348 1581 effluxisse
376 1530 616 1581 testatur
638 1526 883 1597 (Soliloq.
916 1528 1011 1581 lib.
1056 1530 1101 1589 1,
1131 1542 1187 1581 n.
1224 1527 1329 1597 17).
1361 1529 1625 1582 Attamen
1657 1529 1762 1582 Ba-

52 1615 258 1670 ronius
313 1615 423 1670 hoc
469 1630 585 1669 uno
633 1614 1061 1670 Confessionum
1104 1615 1231 1669 loco
1269 1615 1525 1684 innixus,
1565 1619 1766 1688 Augu-

55 1704 194 1759 stini
233 1704 666 1759 conversionem
713 1719 861 1758 anno
911 1704 1096 1758 zetatis
1140 1704 1264 1775 ejus
1311 1708 1499 1775 primo
1550 1711 1606 1761 et
1657 1705 1762 1759 tri-

55 1792 299 1863 gesimo,
377 1792 586 1848 Christi
661 1792 1060 1847 trecentesimo
1136 1793 1484 1863 octogesimo
1561 1793 1763 1865 quinto

57 1882 336 1953 reposuit.
381 1880 541 1936 Unde
578 1879 879 1935 biennium
921 1884 977 1936 et
1016 1879 1235 1951 aliquot
1275 1881 1512 1953 insuper
1542 1898 1765 1937 menses

55 1970 206 2024 inter
252 1969 689 2024 conversionem
740 1972 861 2039 eius
904 1972 960 2023 et
1003 1969 1356 2040 Baptismum
1400 1970 1764 2043 interponere

52 2062 284 2114 coactus
314 2062 424 2112 est.
464 2058 671 2112 Verum
702 2074 770 2111 ex
800 2057 964 2112 dictis
995 2058 1365 2129 perspicuum
1394 2059 1762 2131 relinquitur,

52 2150 110 2204 id
140 2165 510 2222 nequaquam
538 2164 701 2219 posse
731 2149 1112 2221 propugnari;
1146 2149 1290 2204 sicut
1325 2166 1431 2205 nec
1470 2151 1613 2206 illud
1651 2167 1765 2222 quo

58 2239 262 2295 asserit
290 2232 610 2294 Monniéam
638 2253 755 2292 non
781 2237 987 2293 obiisse
1023 2237 1134 2292 nisi
1160 2243 1364 2309 quarto
1393 2255 1574 2293 nonas
1604 2239 1762 2307 maii,

55 2327 195 2382 anni
234 2326 623 2382 trecentesimi
670 2325 1005 2398 octogesimi
1052 2326 1212 2394 noni,
1258 2326 1317 2382 id
1365 2332 1469 2395 est,
1519 2344 1671 2383 anno
1711 2333 1769 2383 et

56 2416 310 2487 amplius
367 2421 499 2487 post
560 2415 867 2486 Augustini
935 2415 1368 2471 conversionem
1431 2416 1654 2488 elapso,
1711 2422 1769 2472 et

54 2505 448 2576 Augustinum
492 2520 612 2559 non
663 2519 945 2559 remeasse
1003 2503 1062 2559 in
1114 2503 1361 2559 Africam
1409 2504 1519 2559 nisi
1565 2505 1765 2561 eodem

54 2610 204 2648 anno
252 2593 654 2648 trecentesimo
684 2592 1032 2665 octogesimo
1064 2609 1238 2648 nono.
1282 2593 1404 2658 Quo
1435 2610 1502 2648 ex
1548 2595 1764 2650 calculo

55 2685 415 2753 sequeretur,
459 2684 526 2735 ut
564 2696 681 2735 non
719 2681 848 2752 plus
894 2696 1069 2753 quam
1108 2680 1408 2736 biennium
1456 2681 1607 2737 inter
1643 2683 1767 2753 ejus

52 2770 312 2826 reditum
343 2775 400 2825 et
426 2769 879 2842 presbyteratum
921 2768 1361 2839 intercessisset;
1403 2786 1533 2826 cum
1571 2776 1765 2828 tamen

54 2858 346 2915 Possidius
375 2857 689 2914 triennium
720 2859 1070 2929 interponat.

699 2947 925 3002 CAPUT
964 2948 1089 3002 VIII
1109 2986 1122 3002 .

55 3042 74 3092 1
110 3037 322 3104 Quibus
360 3038 640 3091 exercitiis
668 3038 792 3090 ruri
818 3037 1032 3091 vacarit
1058 3036 1423 3105 Augustinus.
1460 3038 1493 3089 2
1521 3037 1639 3102 Qua
1667 3050 1763 3089 ra-

125 3128 274 3181 tione
303 3125 439 3180 duos
469 3125 549 3179 ibi
588 3124 945 3179 adolescentes
974 3125 1292 3178 instituerit.
1336 3126 1366 3177 3
1407 3123 1629 3178 Librum
1669 3122 1767 3176 ad-

122 3228 316 3269 versus
364 3212 709 3267 Academicos
743 3214 986 3282 primum
1022 3211 1328 3266 conscribit.
1371 3213 1405 3266 4
1452 3214 1590 3266 Hinc
1637 3212 1765 3266 aliis

127 3302 465 3373 quibusdam
504 3302 775 3371 opusculis
821 3316 1041 3355 manum
1094 3300 1362 3355 admovet.
1412 3303 1443 3355 5
1492 3301 1652 3355 Redit
1692 3300 1766 3355 ad

125 3390 506 3456 Academicos,
543 3394 593 3444 et
621 3389 821 3444 librum
847 3388 913 3443 de
940 3388 1133 3443 iisdem
1153 3389 1445 3443 secundum
1465 3405 1528 3443 ac
1548 3391 1765 3444 tertium

120 3481 364 3551 perficit.
395 3483 427 3534 6
458 3481 531 3533 De
551 3480 885 3534 Romaniano
913 3480 1004 3532 cui
1031 3478 1124 3532 hos
1150 3477 1216 3532 de
1243 3477 1583 3533 Academicis
1600 3478 1764 3533 libros

130 3568 435 3623 dedicavit.
466 3572 496 3621 7
529 3567 687 3622 Liber
714 3567 779 3621 de
808 3568 975 3621 Beata
1007 3568 1135 3622 Vita
1158 3567 1394 3634 scriptus
1424 3566 1498 3619 ad
1529 3566 1765 3619 Theodo—

121 3673 274 3713 rum.
306 3658 359 3711 8.
388 3655 543 3711 Libri
581 3655 647 3709 de
677 3654 880 3711 Ordine
926 3654 1048 3709 duo.
1081 3657 1112 3708 9
1156 3655 1535 3709 Emutationis
1563 3659 1613 3708 et
1641 3656 1765 3708 ina-

120 3748 216 3801 nis
240 3745 529 3815 jactantiae
565 3748 738 3799 motus
770 3745 830 3797 in
869 3743 1154 3813 discipulis
1185 3743 1297 3797 suis
1328 3745 1653 3813 comprimit.
1702 3744 1765 3797 10

123 3834 281 3903 Opus
308 3831 375 3886 de
398 3830 598 3888 Ordine
626 3846 724 3886 cur
742 3831 982 3886 Zenobio
1010 3830 1337 3885 dedicatum.

126 3922 180 3972 1.
221 3919 294 3973 Ut
316 3918 525 3973 seriem
555 3917 808 3973 historia:
830 3918 1138 3990 Augustini
1172 3923 1525 3989 repetamus:
1556 3920 1766 3974 Renun-

46 4008 219 4073 tiavi,
271 4005 482 4077 inquit,
529 4008 765 4076 peractis
824 4007 1266 4075 vindemialibus,
1316 4011 1376 4061 ut
1431 4007 1765 4062 scholasticis

44 4099 167 4151 suis
212 4095 636 4151 Mediolanenses
681 4096 1013 4151 venditorem
1045 4097 1328 4151 verborum
1360 4097 1529 4150 alium
1566 4098 1765 4165 provi-

44 4187 266 4252 derent,
308 4185 455 4254 quod
497 4189 548 4240 et
588 4187 689 4240 tibi
723 4201 817 4255 ego
852 4188 1054 4241 servire
1080 4185 1410 4252 delegissem,
1444 4189 1495 4239 et
1521 4186 1609 4239 illi
1642 4200 1764 4254 pro-

41 4275 282 4341 fessioni
301 4288 417 4343 pm
446 4273 774 4343 difficultate
801 4274 1056 4345 spirandi
1089 4289 1150 4328 ac
1180 4273 1361 4328 dolore
1398 4275 1629 4343 pectoris
1657 4289 1767 4328 non

42 4366 379 4432 sufﬁcerem.
427 4364 500 4417 Et
532 4364 814 4417 insinuavi
851 4378 952 4433 per
992 4364 1204 4418 litteras
1244 4364 1485 4417 antistiti
1521 4367 1610 4417 tuo
1647 4364 1767 4418 viro

42 4456 239 4507 sancto
267 4450 555 4506 Ambrosio
582 4453 845 4521 pristinos
876 4467 1080 4507 errores
1118 4466 1279 4518 meos,
1314 4455 1365 4505 et
1394 4467 1631 4520 praesens
1672 4468 1764 4506 υο-

43 4548 161 4596 tum
190 4555 393 4607 meum,
430 4544 493 4594 ut
526 4544 759 4596 moneret
793 4541 929 4610 quid
955 4543 1292 4611 potissimum
1317 4541 1456 4595 mihi
1492 4540 1558 4595 de
1586 4540 1767 4595 Libris

44 4634 155 4686 tuis
192 4629 482 4699 legendum
528 4634 683 4695 esset,
718 4644 828 4700 quo
851 4630 1212 4700 percipiendae
1243 4634 1406 4690 tanta:
1451 4632 1646 4698 gratia
1670 4643 1767 4699 pa‘

40 4723 226 4775 ratior
250 4720 543 4788 aptiorque
570 4722 768 4783 ﬁerem.
796 4720 874 4774 At
892 4720 985 4774 ille
1004 4721 1178 4789 jussit
1206 4720 1403 4773 Isaiam
1412 4718 1767 4788 prophetam;

39 4808 205 4863 credo
230 4807 383 4876 quod
410 4821 524 4875 pra:
548 4809 754 4862 caeteris
773 4807 1061 4876 Evangelii
1088 4807 1489 4874 vocationisque
1520 4806 1766 4861 Gentium

37 4901 108 4952 sit
134 4896 553 4968 praenuntiatar
577 4896 837 4964 apertior.
882 4897 1261 4951 Verumtamen
1290 4880 1384 4962 ego
1405 4895 1644 4963 primam
1671 4895 1766 4947 hu-

33 4990 126 5051 jus
159 4985 451 5039 lectionem
478 4999 584 5039 non
609 4984 936 5051 intelligens,
970 4987 1242 5053 totamque
1271 4984 1433 5038 talem
1461 4982 1762 5051 arbitrans,

38 5072 247 5127 distuli
272 5070 624 5140 repetendum
649 5074 997 5127 exercitatior
1014 5074 1070 5127 in
1090 5072 1357 5127 dominico
1376 5072 1583 5142 eloquio
1614 5072 1764 5141 (Con-

35 5163 349 5226 fessionum
376 5159 471 5214 lib.
506 5160 559 5225 9,
592 5175 712 5229 cap.
746 5164 800 5227 5,
848 5176 906 5215 η.
946 5164 1047 5223 13).
1080 5159 1338 5216 Monnica
1368 5176 1588 5224 eorum,
1621 5159 1758 5214 dum

38 5251 89 5304 in
137 5249 282 5304 villa
331 5247 643 5302 Cassiciaco
684 5248 978 5319 degerent,
1027 5265 1226 5304 curam
1260 5253 1323 5303 ut
1368 5266 1473 5320 par
1521 5252 1606 5303 est
1644 5264 1763 5303 cre-

36 5340 174 5394 dere
217 5341 572 5408 susceperat,
613 5336 807 5409 eisque
851 5336 1087 5410 parabat
1123 5339 1338 5394 cibaria
1369 5339 1588 5410 (Contra
1625 5339 1766 5395 Aca-

36 5430 300 5494 demicos,
336 5426 435 5480 lib.
486 5429 541 5492 2,
587 5441 643 5480 n.
694 5429 788 5493 l3;
842 5428 1245 5494 Confessionum
1294 5428 1388 5481 lib.
1433 5431 1486 5496 9,
1536 5443 1657 5496 cap.
1707 5429 1762 5489 4,

37 5534 89 5572 n.
132 5521 185 5584 8,
227 5522 282 5572 et
329 5532 433 5586 cap
468 5517 522 5581 9,
564 5531 619 5570 η.
672 5514 807 5585 22):
839 5515 1201 5586 Augustinus
1238 5516 1491 5571 laborem
1540 5515 1765 5570 rusticis

46 5607 447 5679 partiebatur,
490 5607 549 5658 et
578 5620 777 5659 eorum
801 5604 1070 5676 operibus
1100 5609 1339 5677 praeerat
1369 5603 1588 5675 (Centra
1619 5605 1759 5660 Aca-

3473 350 3583 404 126

1874 466 2104 521 demicos
2151 467 2245 521 lib.
2286 472 2332 534 1,
2384 482 2440 521 n.
2489 470 2550 521 l5
2591 471 2642 521 et
2688 467 2781 521 lib.
2835 470 2889 533 2,
2923 483 2978 522 n.
3023 467 3130 539 10).
3178 468 3245 521 In
3276 467 3429 523 hisce
3477 469 3584 524 do-

1873 554 2120 610 mesticis
2158 554 2327 623 curis,
2373 555 2799 627 scribendisque
2846 555 3102 627 epistulis
3149 571 3419 627 magnam
3467 556 3582 612 diei

1871 647 2094 713 partem
2145 644 2233 699 vel
2275 644 2582 699 illubenter
2635 645 2941 716 aliquando
2998 644 3321 700 insumebat
3375 644 3573 717 (Ibid.,

1873 732 1967 787 lib.
1995 734 2051 802 2,
2076 748 2133 787 η.
2172 735 2260 799 25,
2291 737 2343 788 et
2380 734 2478 790 lib.
2515 737 2566 799 3,
2601 749 2657 787 η.
2690 733 2760 803 2).
2802 734 3047 788 Tantum
3092 732 3352 788 alimenti
3385 749 3577 788 sume-

1871 821 1988 890 bat,
2042 828 2321 892 quantum
2369 821 2794 892 compescenda
2841 821 2979 876 fami
3026 821 3160 875 satis
3190 825 3336 876 esset
3391 822 3575 892 (Ibid.,

1872 910 1966 964 lib.
1998 913 2052 977 2,
2101 925 2158 965 η.
2195 908 2318 982 14);
2347 913 2404 965 et
2438 908 2665 981 prandii
2694 910 2816 981 ejus
2844 909 2997 964 idem
3040 907 3267 963 initium
3317 908 3417 981 qui
3445 909 3579 964 ﬁnis

1870 1003 1989 1053 erat
2021 1000 2182 1067 (Ibid.
2216 1000 2317 1055 lib.
2354 1003 2405 1066 3,
2437 1016 2494 1055 η.
2524 1000 2598 1069 7).
2654 1000 2779 1054 Non
2810 1002 2939 1053 ante
2967 998 3236 1069 surgebat
3264 1016 3297 1053 a
3328 999 3555 1064 lectulo,

1871 1103 2044 1159 quam
2072 1088 2303 1143 luceret.
2340 1088 2446 1144 Sed
2484 1103 2616 1143 cum
2644 1087 2706 1143 in
2742 1086 2996 1143 tenebris
3038 1087 3098 1142 id
3126 1086 3401 1158 temporis
3433 1103 3565 1159 age-

1872 1179 1977 1243 ret,
2017 1176 2258 1248 quodin
2290 1176 2453 1231 Italia
2495 1175 2670 1231 etiam
2709 1175 3036 1247 pecuniosis
3077 1190 3256 1246 prope
3300 1190 3571 1230 necessa-

1872 1263 2021 1318 rium
2068 1265 2240 1320 fuisse
2268 1269 2534 1333 testatur;
2573 1266 2694 1338 jam
2744 1264 2967 1337 pridem
3014 1269 3404 1331 consueverat,
3450 1263 3573 1318 veri

1870 1353 2241 1424 perquirendi
2287 1353 2493 1421 studio,
2527 1358 2628 1409 aut
2663 1352 2932 1425 primam,
2973 1357 3074 1408 aut
3104 1353 3384 1420 ultimam,
3424 1355 3578 1407 certe

1871 1440 2168 1496 dimidiam
2196 1441 2313 1497 fere
2339 1442 2519 1497 noctis
2550 1446 2771 1513 partem
2795 1457 2988 1497 secum
3018 1440 3352 1497 meditando
3383 1440 3576 1512 pervi-

1871 1529 2046 1600 gilem
2077 1529 2302 1585 ducere.
2333 1531 2395 1586 Id
2427 1547 2658 1602 quoque
2685 1530 3058 1602 praecipiebat
3097 1529 3571 1596 adolescentibus,

1871 1622 1935 1672 ut
1963 1634 2066 1673 suo
2086 1620 2347 1691 exemplo
2376 1619 2595 1691 aliquid
2623 1635 2816 1674 secum
2840 1622 3097 1691 agerent,
3121 1621 3177 1673 et
3192 1634 3386 1673 secum
3413 1617 3579 1672 habi-

1871 1709 1991 1762 tare
2021 1708 2485 1763 consuefacerent
2514 1708 2770 1763 animum
2804 1707 2903 1779 (De
2927 1708 3149 1769 Ordine,
3181 1707 3275 1762 lib.
3314 1710 3363 1773 1,
3393 1721 3451 1760 n.
3495 1708 3569 1771 6).

1873 1796 2143 1851 Electulo
2191 1813 2429 1869 surgens
2459 1796 2793 1869 quotidiana
2848 1798 2965 1851 Deo
3022 1800 3155 1850 vota
3208 1793 3568 1866 persolvebat

1870 1885 2062 1957 (Ibid.,
2087 1901 2141 1939 n.
2167 1885 2277 1955 25),
2308 1891 2364 1939 et
2390 1885 2635 1940 humiles
2664 1884 3008 1955 ignorantiae
3036 1899 3155 1938 sua:
3187 1887 3242 1937 et
3271 1882 3575 1936 vulnerum

1872 1989 2109 2027 suorum
2130 1973 2389 2043 querelas
2408 1973 2710 2027 exhibebat
2725 1973 2909 2040 (Ibid.,
2930 1988 2987 2027 η.
3018 1970 3128 2042 13).
3151 1971 3290 2026 Inde
3310 1985 3441 2025 cum
3458 1969 3578 2025 suis

1872 2062 1941 2117 de
1971 2078 2031 2116 re
2059 2061 2188 2116 utili
2207 2077 2468 2116 sermone
2490 2061 2809 2130 conferens,
2833 2060 2985 2132 quod
3010 2061 3134 2131 ejus
3162 2059 3341 2114 oculis
3371 2074 3566 2113 occur-

1872 2150 2051 2217 rebat,
2085 2149 2383 2205 materiem
2407 2149 2519 2221 ipsi
2541 2150 2610 2204 de
2640 2149 2931 2204 altissimis
2949 2149 3121 2204 rebus
3144 2147 3458 2203 disserendi
3478 2147 3579 2203 ali-

1872 2238 2100 2311 quando
2130 2238 2487 2293 ministrabat
2517 2240 2735 2309 (Contra
2764 2238 2939 2293 Acad.
2971 2238 3065 2293 lib.
3109 2240 3161 2304 3,
3193 2252 3286 2292 nn.
3330 2239 3421 2304 33,
3463 2237 3572 2304 34).

1942 2330 1996 2381 2.
2028 2327 2231 2382 Secum
2270 2326 2420 2381 inter
2458 2327 2601 2381 alios
2645 2326 2958 2381 adduxerat
2997 2326 3327 2397 Trygetium
3380 2329 3436 2379 et
3480 2324 3576 2380 Li-

1874 2414 2145 2482 centium,
2198 2415 2398 2469 ambos
2442 2416 2810 2485 Tagastenses
2855 2418 2947 2484 (De
2988 2416 3157 2470 Beata
3204 2416 3350 2479 Vita,
3396 2429 3447 2468 n.
3497 2412 3574 2484 6).

1877 2502 2161 2557 Licentius
2191 2503 2535 2558 Homaniani
2579 2503 2750 2570 ﬁlius,
2789 2504 2911 2574 jam
2940 2507 3064 2557 tum
3109 2502 3335 2557 auditor
3373 2503 3572 2573 Augu-

1875 2591 2011 2646 stini
2055 2595 2196 2657 erat,
2230 2607 2359 2646 cum
2402 2591 2497 2645 ille
2529 2590 2868 2662 Carthagine
2898 2590 3129 2645 doceret
3170 2591 3395 2661 (Contra
3430 2591 3576 2645 Aca-

1874 2680 2124 2747 demicos,
2169 2680 2263 2735 lib.
2324 2683 2376 2746 2,
2428 2696 2484 2735 n.
2555 2680 2627 2750 3).
2687 2681 2798 2733 Hos
2831 2679 3240 2749 :adolescentes
3292 2678 3569 2750 singulari

1875 2769 2276 2824 benevolentia
2337 2769 2839 2839 complectebatur,
2898 2772 2955 2822 et
3009 2766 3071 2821 in
3124 2783 3327 2822 eorum
3380 2782 3573 2821 mores

1872 2858 2266 2912 informandos
2313 2857 2472 2911 omni
2518 2856 2865 2928 cogitatione
2902 2871 3154 2927 curaque
3207 2855 3579 2910 incumbebat

1876 2949 1965 3015 (De
1989 2948 2209 3014 Ordine,
2242 2946 2339 3001 lib.
2396 2950 2444 3010 1,
2475 2962 2531 3001 n.
2580 2945 2671 3014 29)
2702 2961 2716 2999 :
2764 2959 3000 3015 operam
3028 2958 3259 3015 quoque
3308 2943 3563 2997 confere-

1873 3035 1971 3090 bat
1993 3036 2062 3090 ad
2102 3052 2200 3090 eos
2226 3033 2492 3105 ingenuis
2523 3050 2586 3087 ac
2614 3031 3048 3087 humanioribus
3079 3030 3279 3085 litteris
3303 3030 3568 3085 imbuen-

1872 3123 2004 3192 dos;
2038 3122 2296 3196 quiajeos
2339 3120 2549 3177 idcirco
2597 3136 2788 3175 secum
2838 3120 3103 3175 habebat.
3145 3121 3280 3177 Nam
3316 3118 3575 3188 eruditio,

1872 3211 2080 3284 inquit,
2120 3212 2543 3281 disciplinarum
2590 3210 2921 3276 liberalium,
2969 3208 3209 3264 modesta
3246 3223 3375 3263 sane
3412 3212 3575 3276 atque

1871 3304 2165 3371 succincta,
2192 3305 2245 3355 et
2271 3301 2561 3355 alacriores
2592 3304 2641 3353 et
2666 3300 3153 3370 perseverantiores
3181 3302 3230 3352 et
3261 3299 3578 3366 comptiores

1872 3391 2086 3446 exhibet
2128 3394 2395 3444 amatores
2434 3388 2813 3458 amplectenda
2840 3388 3085 3456 veritati,
3131 3391 3193 3441 ut
3220 3392 3268 3441 et
3297 3386 3577 3441 ardentius

1872 3482 2153 3550 appetant,
2205 3482 2256 3533 ei
2317 3479 2654 3533 constantius
2718 3479 3099 3546 insequantur,
3158 3479 3209 3530 et
3276 3476 3574 3529 inhaereant

1866 3572 2135 3639 postremo
2191 3566 2425 3633 dulcius,
2483 3581 2602 3635 qua:
2656 3570 2899 3633 vocatur,
2957 3566 3182 3626 Lieenti,
3240 3564 3397 3618 beata
3460 3565 3579 3618 vita

1874 3657 2059 3726 (Ibid.,
2108 3672 2163 3712 η.
2205 3654 2317 3727 24).
2371 3657 2571 3710 Postea
2613 3657 2806 3709 tamen
2848 3653 2905 3707 in
2946 3653 3053 3707 hoc
3098 3651 3422 3707 liberalium
3463 3651 3577 3706 dis-

1873 3746 2213 3818 ciplinarum
2259 3743 2521 3799 encomio
2567 3759 2626 3797 se
2675 3742 2912 3797 modum
2949 3740 3254 3796 excessisse
3300 3739 3568 3795 animad-

1876 3834 2063 3891 vertit.
2092 3835 2216 3889 Jam
2241 3837 2363 3887 tum
2391 3832 2562 3887 etiam
2595 3830 2826 3886 nonnisi
2846 3830 3044 3885 timide
3065 3845 3130 3884 ac
3151 3822 3480 3884 dubitanter
3505 3827 3574 3881 ad

1872 3938 1968 3976 eas
2019 3921 2302 3976 excitabat
2355 3919 2693 3988 Licentium,
2750 3934 2921 3990 quem
2968 3917 3103 3972 licet
3147 3916 3333 3971 adhuc
3387 3915 3577 3970 adole-

1873 4010 2219 4078 scentulum,
2252 4008 2321 4063 ad
2351 4022 2607 4063 amorem
2645 4005 2825 4077 ipsius
2870 4004 3120 4060 veritatis
3162 4009 3218 4058 et
3255 4002 3571 4074 sapientiae,

1874 4097 2025 4170 quod
2058 4101 2370 4167 utrumque
2410 4111 2541 4149 vere
2574 4095 2829 4150 Christus
2866 4098 2971 4160 est,
3007 4093 3365 4147 inflammare
3396 4091 3578 4161 magis

1873 4185 2135 4241 studebat
2169 4184 2389 4256 (Contra
2416 4184 2787 4245 Academicos,
2830 4183 2927 4237 lib.
2974 4185 3025 4250 3,
3074 4198 3137 4238 n.
3173 4186 3199 4235 7
3232 4197 3247 4248 ;
3291 4181 3577 4249 Paulinus,

1872 4278 2014 4330 inter
2040 4275 2278 4342 August.
2324 4274 2499 4342 Epist.
2534 4275 2619 4336 32,
2661 4287 2719 4327 n.
2753 4274 2825 4340 5).
2867 4271 3009 4326 Cum
3039 4287 3105 4325 eo
3152 4270 3421 4341 socioque
3453 4270 3577 4341 ejus

1874 4362 2140 4435 Trygetio
2171 4378 2322 4433 saepe
2361 4360 2483 4432 ipse
2530 4360 2844 4415 disserebat
2873 4359 2942 4414 de
2997 4358 3266 4431 gravibus
3303 4357 3580 4429 seriisque

1874 4450 2185 4505 admodum
2229 4450 2420 4516 rebus,
2469 4465 2583 4521 quo
2620 4453 2678 4504 et
2718 4464 2919 4503 eorum
2962 4446 3344 4502 eruditionem
3385 4446 3580 4518 explo-

1874 4540 2043 4605 raret,
2093 4553 2158 4591 ac
2212 4536 2486 4592 meditata
2536 4536 2925 4608 disputatione
2968 4534 3240 4590 excitatos
3287 4533 3584 4590 roboraret

1873 4626 2322 4697 proveheretque
2347 4626 2417 4680 ad
2442 4624 2669 4680 altiora.
2701 4627 2841 4682 Nam
2869 4629 2921 4679 et
2947 4621 3201 4679 maximas
3235 4637 3341 4689 res,
3370 4621 3576 4692 aiebat,

1873 4731 1993 4770 cum
2038 4731 2073 4769 a
2112 4718 2307 4786 parvis
2361 4719 2700 4785 quaeruntur,
2748 4728 2972 4781 magnos
3016 4726 3101 4767 eos
3142 4712 3316 4777 solent
3356 4710 3579 4782 efﬁcere

1876 4805 2092 4874 (Contra
2127 4804 2496 4870 Academicos,
2523 4804 2617 4858 lib.
2657 4806 2706 4869 1,
2736 4818 2792 4856 n.
2826 4805 2893 4866 6).
2926 4799 3309 4865 Quamobrem
3334 4816 3466 4855 cum
3493 4799 3579 4855 illi

1874 4909 2018 4965 quos
2060 4892 2134 4947 ad
2169 4891 2582 4963 disputandum
2611 4907 2726 4945 non
2756 4888 3087 4945 inveniendi
3114 4887 3233 4943 veri
3270 4888 3571 4960 cupiditas,

1874 4983 1972 5037 sed
1999 4980 2237 5053 puerilis
2280 4979 2499 5052 ingenii
2521 4978 2802 5051 jactantia
2830 4977 3098 5050 impellit,
3127 4976 3219 5032 vix
3251 4977 3322 5032 ad
3350 4993 3418 5033 ea
3446 4993 3578 5049 qua:

1872 5076 2084 5126 temere
2104 5070 2175 5125 ab
2207 5068 2526 5125 adversario
2556 5067 2669 5122 sint
2695 5083 2981 5134 concessa,
3022 5066 3210 5121 redire
3246 5065 3567 5137 patiantur;

1872 5158 2216 5214 contrariam
2244 5157 2383 5229 ipsis
2420 5158 2610 5229 legem
2638 5155 3066 5228 pra-scribebat,
3114 5159 3179 5211 ut
3226 5171 3293 5209 ea
3322 5170 3451 5225 qua:
3490 5153 3577 5207 in-

1872 5248 2092 5303 cautius
2128 5247 2273 5303 forte
2306 5246 2454 5301 dicta
2501 5249 2709 5314 essent,
2757 5245 2827 5301 de
2873 5245 3097 5316 integro
3135 5243 3573 5300 discutereutur.

1872 5336 1960 5392 Sic
1988 5336 2202 5391 inducti
2227 5339 2380 5405 sunt,
2418 5339 2481 5390 ut
2521 5351 2638 5389 non
2675 5350 2917 5407 parvum
2950 5334 3009 5388 in
3040 5329 3402 5404 philosophia
3440 5344 3565 5399 pro-

1868 5425 2079 5480 fectum
2108 5427 2393 5497 putarent,
2427 5440 2559 5479 cum
2601 5423 2663 5478 in
2708 5421 3130 5496 comparatione
3161 5417 3298 5474 recti
3327 5415 3562 5487 verique

1867 5513 2192 5570 inveniendi
2230 5513 2615 5569 contemnitur
2642 5529 2676 5567 a
2723 5511 3049 5583 disputante
3086 5505 3321 5561 victoria
3370 5505 3561 5574 (Ibid.,

1870 5620 1925 5658 n.
1957 5602 2025 5673 8).
2076 5602 2272 5661 Miram
2314 5618 2486 5676 super
2515 5602 2621 5658 hac
2665 5617 2724 5657 re
2753 5615 2944 5659 coram
2990 5597 3072 5652 eis
3101 5593 3423 5658 orationem
3475 5594 3570 5659 ha.
