4020 6358
426 269 520 364 127
1633 303 1806 360 VITA
1846 302 1907 359 s.
1957 299 2344 357 AUGUSTINI
2385 296 2723 352 EPISCOPI.
3839 293 3931 346 ηε

420 429 560 497 buit,
589 444 764 501 quam
791 427 1164 484 adscribimus
1195 425 1432 483 inferius
1463 427 1479 499 (
1508 428 1687 495 Infra,
1718 443 1773 482 η.
1817 426 1893 496 9).
1939 427 2116 480 Porro

419 519 538 575 haec
570 517 908 574 instituendi
936 517 1104 588 ratio,
1126 534 1299 589 quam
1337 517 1687 587 Augustinus
1715 515 1864 582 iniit,
1893 518 2117 570 tantum

418 607 684 680 Trygetio
731 610 787 661 et
840 607 1087 662 Licentio
1130 606 1366 678 profuit,
1403 610 1462 660 ut
1490 605 1589 677 qui
1620 605 1781 676 prius
1819 621 1914 658 eos
1944 619 2115 657 nove-

419 698 568 761 rant,
599 691 692 746 vix
727 691 1021 746 crederent
1059 690 1138 746 sic
1185 691 1312 746 illos
1357 691 1424 745 ad
1469 707 1559 744 res
1597 705 1832 761 magnas
1881 687 2117 743 investi~

417 780 631 852 gandas
688 778 981 846 exarsisse,
1033 782 1091 833 et
1137 778 1193 834 id
1240 779 1424 833 aetatis
1474 779 1857 832 adolescentes
1899 777 2115 830 bellum

417 868 685 924 indixisse
724 868 1106 940 voluptatibus
1135 872 1226 931 (De
1268 869 1489 934 Ordine,
1523 869 1617 923 lib.
1651 872 1705 935 2,
1737 884 1799 922 η.
1841 869 1947 937 29).
1993 867 2120 921 Non

418 957 706 1013 immerito
733 957 927 1028 itaque
957 956 1241 1012 Licentius
1260 956 1615 1011 felicissimos
1643 955 1766 1010 illos
1797 955 1936 1026 dies,
1975 971 2120 1026 quos

417 1065 545 1104 cum
578 1052 770 1103 saneto
803 1051 1040 1103 Doctore
1071 1047 1130 1102 in
1161 1048 1339 1104 Italiae
1371 1047 1560 1102 medio
1595 1047 1746 1102 inter
1763 1045 2112 1117 jucundissi-

420 1155 513 1192 ma
540 1137 657 1193 otia
699 1142 1072 1209 transegerat,
1109 1136 1217 1192 sibi
1256 1141 1454 1207 postea
1491 1136 1742 1192 revocari
1779 1134 2122 1207 peroptabat

424 1229 691 1292 (Carmine
746 1227 820 1280 ad
881 1228 1116 1295 August.
1187 1231 1586 1296 praeceptorem,
1648 1241 1786 1280 vers.
1865 1227 1932 1279 52
1994 1239 2115 1292 sqq.

419 1319 477 1371 in
529 1321 666 1371 tomo
717 1319 774 1386 2,
827 1317 1008 1385 Epist.
1064 1317 1173 1384 26).
1234 1314 1639 1386 Quidquid.in
1690 1313 1780 1369 his
1826 1313 2121 1368 dicebatur

422 1399 748 1471 colloquiis,
783 1400 1033 1456 adhibito
1066 1399 1288 1454 notario
1337 1398 1530 1454 statim
1573 1398 1704 1453 stilo
1734 1396 2124 1467 excipiebatur

419 1489 512 1558 (De
551 1489 770 1556 Ordine,
831 1490 922 1545 lib.
978 1493 1027 1555 l,
1076 1505 1133 1544 n.
1184 1490 1258 1559 5).
1318 1488 1482 1553 Quod
1531 1503 1756 1559 semper
1810 1486 2122 1556 usurpabat

416 1577 789 1648 Augustinus,
846 1583 970 1634 tum
1017 1595 1088 1633 ne
1132 1578 1268 1650 quid
1319 1577 1454 1632 boni
1497 1577 1683 1648 perire
1723 1575 2118 1648 'permitteret,

417 1669 540 1721 tum
579 1667 729 1738 quod
773 1668 832 1723 id
871 1667 1181 1723 valetudini
1220 1684 1338 1722 suae
1375 1667 1694 1722 conducere
1726 1665 1940 1720 videret
1973 1681 1986 1719 :
2020 1663 2119 1718 ali-

415 1771 530 1826 qua
586 1755 741 1810 enim
797 1757 1071 1827 loquendi
1130 1755 1463 1811 difficultate
1500 1755 1814 1822 laborabat,
1875 1758 1930 1808 et
1987 1768 2118 1806 eum

415 1846 552 1898 tunc
576 1844 807 1900 tenebat
839 1844 1207 1900 incommoda
1235 1845 1519 1911 valetudo,
1553 1861 1682 1915 quae
1713 1859 1816 1898 nec
1849 1858 1981 1898 eum
2013 1859 2113 1895 sua

419 1949 591 1987 manu
611 1933 855 1988 scribere
885 1933 1208 2004 patiebatur
1227 1933 1662 2004 (Soliloquiorum
1691 1933 1787 1986 lib.
1826 1935 1873 1999 t,
1905 1947 1962 1986 η.
2001 1931 2112 1999 16).

489 2025 536 2076 3.
569 2023 643 2076 Ex
689 2021 776 2076 his
825 2022 1129 2094 colloquiis
1172 2022 1328 2076 varia
1370 2021 1634 2093 prodiere
1683 2020 1958 2092 opuscula
2005 2021 2119 2072 Au-

416 2109 632 2181 gustini
667 2110 726 2165 in
758 2111 993 2165 modum
1035 2110 1390 2182 dialogorum
1424 2110 1591 2176 edita,
1627 2110 1689 2164 in
1717 2109 1922 2181 quibus
1955 2107 2122 2162 fami-

415 2197 585 2252 liares
642 2198 964 2270 eruditique
1006 2199 1092 2252 illi
1139 2215 1498 2270 congressus,
1547 2199 1738 2254 nativo
1785 2214 2019 2270 prorsus
2064 2200 2119 2252 et

410 2285 664 2356 jucunde
709 2303 972 2342 sermone
1003 2293 1390 2358 exponuntur.
1439 2288 1634 2343 Refert
1673 2286 1962 2359 ipsissima
1995 2302 2124 2340 ver-

416 2373 505 2439 ba,
554 2374 761 2446 quibus
813 2375 877 2430 in
909 2375 1115 2431 iisdem
1145 2376 1443 2448 colloquiis
1473 2380 1598 2431 tum
1644 2375 1784 2447 ipse,
1836 2380 1959 2430 tum
1991 2375 2120 2446 Aly-

419 2461 549 2533 pius
586 2463 674 2518 usi
701 2463 961 2530 fuerant;
994 2465 1243 2519 aliorum
1281 2468 1472 2520 autem
1505 2463 1864 2520 solummodo
1895 2467 2124 2516 senten—

419 2549 526 2605 tias
556 2551 801 2607 reddidit
833 2551 1057 2622 (Contra
1090 2553 1457 2619 Academicos,
1495 2553 1597 2608 lib.
1640 2557 1689 2620 1,
1719 2568 1777 2607 n.
1806 2553 1878 2621 4).
1916 2552 2124 2606 Eorum

420 2639 682 2694 omnium
719 2657 850 2712 quia
899 2657 1002 2711 per
1043 2641 1102 2696 id
1134 2641 1430 2712 temporis,
1464 2657 1593 2696 cum
1637 2657 1694 2696 se
1723 2639 1989 2695 omnibus
2027 2639 2126 2693 ab-

419 2727 622 2782 dicatis
653 2728 719 2783 ad
753 2728 1075 2784 christiana:
1113 2729 1245 2784 vitae
1271 2729 1454 2785 otium
1484 2729 1832 2797 contulisset,
1869 2727 2122 2783 nondum

421 2816 740 2888 baptizatus
789 2818 1124 2886 elaboravit,
1165 2819 1420 2890 primum
1459 2823 1542 2874 est
1583 2835 1728 2890 opus
1765 2822 1964 2873 contra
1992 2817 2125 2870 Aca-

425 2905 699 2975 demicos,
727 2908 814 2962 vel
842 2908 911 2962 de
955 2908 1302 2963 Academicis
1339 2909 1612 2980 scriptum
1643 2909 2125 2979 (Retractatz'onum

421 2995 513 3050 lib.
548 2999 594 3064 1,
625 3012 746 3067 cap.
774 2996 850 3068 l).
894 2998 956 3051 In
975 2997 1230 3065 illorum,
1266 3002 1329 3052 ut
1347 2997 1617 3068 diximus,
1639 2996 2115 3069 philosophorum

421 3101 644 3139 errores
690 3086 979 3148 inciderat,
1035 3086 1135 3158 qui
1193 3085 1509 3158 sapientem
1574 3085 1845 3157 cuiquam
1903 3081 2007 3148 rei,
2062 3084 2127 3135 ut

422 3179 594 3228 certa:
649 3179 706 3229 et
762 3174 1101 3242 manifestas,
1147 3175 1409 3230 assentiri
1460 3175 1863 3244 prohibebant,
1912 3180 1966 3229 et
2010 3186 2128 3225 om-

423 3261 521 3316 nia
562 3261 725 3317 nobis
762 3264 1003 3317 obscura
1046 3267 1102 3318 et
1134 3263 1308 3319 dubia
1354 3264 1618 3318 volebant
1665 3265 1877 3321 videri:
1912 3266 2126 3338 quique

422 3350 534 3404 hoc
561 3354 722 3420 pacto
752 3350 871 3405 veri
901 3351 1232 3406 inveniendi
1260 3352 1716 3423 desperationem
1750 3354 1944 3410 multis
1971 3355 2130 3427 inge-

425 3439 647 3494 rebant.
683 3439 887 3511 Opinio
916 3441 1033 3508 illa,
1067 3457 1241 3512 quam
1279 3441 1420 3496 falsa
1450 3458 1651 3497 eorum
1693 3449 2031 3516 argumenta
2069 3445 2128 3499 in

425 3527 581 3583 illius
623 3528 814 3583 animo
856 3529 1288 3601 impresserant,
1330 3531 1577 3586 necdum
1632 3531 1864 3603 penitus
1910 3533 2128 3588 oblitte-

440 3623 563 3673 rata
597 3618 803 3674 fuerat.
843 3618 948 3674 Sed
992 3623 1188 3674 tamen
1226 3619 1379 3692 quod
1431 3619 1620 3691 operis
1658 3621 1831 3692 hujus
1864 3621 2128 3694 quodam

423 3708 551 3764 loco
594 3707 695 3774 ait,
739 3724 797 3762 se
853 3707 996 3762 nihil
1028 3708 1168 3762 certi
1206 3708 1390 3764 adhuc
1438 3709 1647 3763 habere
1693 3709 1846 3781 quod
1899 3711 2123 3779 sentiat,

428 3797 536 3852 nisi
559 3797 714 3870 quod
743 3796 856 3852 illis
884 3797 1183 3868 probabile
1211 3798 1397 3853 visum
1429 3802 1514 3854 est
1542 3815 1660 3853 non
1689 3816 1853 3871 posse
1881 3800 2126 3855 inveniri

427 3887 743 3954 veritatem,
797 3887 908 3942 sibi
971 3891 1165 3943 autem
1209 3888 1454 3944 inveniri
1497 3907 1660 3962 posse
1706 3890 2004 3961 probabile
2043 3893 2129 3945 est

425 3977 650 4045 (Contra
678 3977 1048 4044 Academicos,
1083 3977 1178 4033 lib.
1217 3981 1272 4045 2,
1305 3994 1359 4032 η.
1394 3978 1512 4048 23);
1545 3979 1668 4049 quis
1699 3994 1815 4033 non
1845 3978 2131 4050 intelligat

425 4066 497 4120 ab
524 4065 646 4136 ipso
694 4065 910 4119 dictum
950 4065 1136 4135 figura
1167 4066 1437 4136 quadam,
1483 4067 1726 4120 solemni
1769 4068 2126 4138 dialogorum

427 4170 623 4208 more:
695 4153 1162 4224 quandoquidem
1224 4154 1344 4224 jam
1396 4153 1523 4224 ipsi,
1581 4159 1648 4209 ut
1710 4155 1844 4210 alibi
1904 4155 2129 4211 disertis

425 4241 615 4297 verbis
669 4240 825 4307 dicit,
889 4245 1043 4295 certa
1103 4241 1399 4312 perceptio
1466 4241 1743 4309 veritatis,
1811 4243 2128 4314 (Confessio-

428 4347 576 4396 num,
607 4330 702 4384 lib.
740 4332 771 4384 8
799 4345 919 4400 cap.
942 4333 994 4396 5,
1028 4345 1082 4383 η.
1119 4331 1254 4394 tl)?
1282 4331 1562 4385 Ceterum
1584 4347 1714 4385 cum
1742 4348 1808 4386 ea
1829 4347 1919 4386 res
1951 4331 2125 4386 maxi-

429 4417 510 4471 mi
560 4421 707 4471 esset
761 4417 833 4471 ad
883 4417 1126 4471 salutem
1171 4416 1467 4485 momenti,
1518 4418 1686 4472 hosce
1735 4417 2129 4490 philosophos,

429 4505 530 4577 qui
596 4504 848 4560 veritatis
917 4504 1148 4574 ostium,
1223 4505 1382 4560 omni
1435 4523 1534 4577 spe
1591 4507 1748 4562 illam
1807 4507 2132 4562 inveniendi

433 4595 719 4665 adempta,
757 4593 868 4666 ipsi
905 4595 1360 4666 praecludebant,
1402 4595 1633 4666 quantis
1677 4601 1868 4667 posset
1900 4595 2134 4652 rationi-

429 4683 535 4738 bus
569 4683 802 4756 aggredi
847 4683 1159 4740 constituit.
1207 4684 1408 4739 Paucis
1448 4701 1582 4757 ergo
1614 4702 1647 4739 a
1676 4702 1778 4740 suo
1827 4685 1887 4740 in
1933 4686 2126 4740 villam

429 4791 648 4830 secessu
694 4776 992 4832 transactis
1040 4777 1259 4844 diebus,
1309 4777 1642 4848 Trygetium
1693 4782 1751 4834 et
1799 4777 2119 4833 Licentium

427 4881 620 4919 secum
666 4864 909 4920 invicem
961 4867 1304 4922 contendere
1351 4867 1421 4922 de
1467 4867 1571 4922 hac
1612 4883 1671 4922 re
1715 4867 1906 4940 jussit,
1939 4867 2018 4923 ita
2071 4872 2130 4922 ut

427 4953 520 5008 hic
557 4957 744 5024 partes
773 4955 1240 5010 Academicorum
1273 4956 1600 5023 sustineret,
1645 4957 1740 5012 ille
1781 4973 1976 5011 coram
2006 4956 2130 5028 ipso

430 5041 750 5114 Augustino
798 5045 854 5097 et
895 5043 1099 5115 Alypio
1149 5043 1534 5116 impugnaret.
1583 5047 1792 5101 Aderat
1839 5045 2127 5118 Navigius,

432 5131 530 5186 sed
553 5147 733 5202 pauca
757 5131 1024 5202 protulit.
1062 5133 1296 5204 Alypius
1321 5134 1494 5188 etiam
1527 5136 1696 5205 paulo
1725 5141 1850 5206 post
1879 5135 2132 5190 discessit

432 5221 651 5291 (Contra
696 5221 1063 5289 Academicos,
1107 5223 1198 5276 lib.
1239 5225 1288 5289 1,
1330 5239 1387 5277 n.
1420 5222 1494 5293 8),
1528 5240 1656 5277 cum
1703 5224 1810 5278 iter
1840 5224 1896 5278 in
1927 5225 2131 5279 urbem

433 5309 817 5365 Mediolanum
862 5314 1008 5364 esset
1039 5310 1144 5382 ipsi
1180 5312 1547 5366 constitutum
1576 5313 1762 5380 (Ibid,
1789 5330 1846 5369 η.
1885 5315 1982 5386 5)?
2024 5314 2132 5368 Alii

433 5404 624 5454 tamen
675 5399 1026 5470 colloquium
1094 5399 1276 5455 tribus
1346 5401 1632 5455 continuis
1685 5401 1882 5457 diebus
1947 5403 2127 5471 (Ibid.,

432 5504 524 5542 nn.
583 5494 663 5556 ll,
702 5491 810 5560 t5),
856 5489 1078 5544 decimo
1125 5490 1290 5553 forte,
1343 5489 1644 5546 undecimo
1686 5496 1743 5546 et
1793 5491 2130 5547 duodecimo

434 5578 774 5646 novembris,
824 5583 888 5634 ut
944 5579 1182 5645 videtur,
1243 5579 1325 5634 vel
1387 5582 1614 5651 quarto,
1677 5579 2018 5649 duodecimo
2075 5587 2130 5636 et

2229 422 2449 478 decimo
2488 420 2680 488 tertio,
2724 419 2879 474 horis
2919 417 3389 474 antemeridianis
3440 416 3728 490 prosecuti
3782 422 3914 471 sunt

2229 510 2365 574 Quae
2393 509 2659 565 triduana
2696 508 3006 580 disputatio
3037 524 3103 562 ex
3150 507 3334 562 tribus
3363 507 3523 562 libris
3561 511 3764 562 contra
3795 509 3931 560 Aca-

2228 599 2478 654 demicos
2526 598 2767 669 scriptis,
2820 597 3071 668 priorem
3128 597 3444 651 constituit.
3499 596 3677 661 Quem
3734 598 3930 664 Augu—

2228 689 2410 743 stinus
2439 688 2698 753 absolvit,
2731 687 2924 742 dicens
2953 687 3098 741 hanc
3127 685 3571 740 controversiam
3603 684 3802 756 paucis
3832 702 3932 755 po-

2229 778 2403 832 tuisse
2447 776 2727 843 concludi,
2795 775 2906 830 nisi
2954 777 3054 830 hos
3114 775 3499 830 adolescentes
3545 768 3832 840 exercere,
3881 778 3936 827 et

2229 882 2428 922 eorum
2458 882 2661 920 nervos
2689 881 2752 920 ac
2783 864 2969 920 studia
2998 864 3058 918 in
3082 864 3282 935 primis
3312 865 3605 934 explorare
3638 862 3930 917 voluisset.

2298 957 2357 1010 4.
2399 957 2532 1010 Post
2559 955 2699 1009 illud
2729 955 3098 1026 colloquium,
3129 957 3344 1025 septem
3378 953 3493 1007 fere
3527 952 3728 1008 diebus
3756 969 3790 1005 a
3821 952 3934 1006 dis-

2227 1044 2520 1116 putatione
2577 1043 2919 1116 quieverunt
2964 1043 3146 1113 (Ibid,
3195 1044 3291 1097 lib.
3344 1047 3398 1113 2,
3447 1059 3502 1098 η.
3555 1044 3668 1110 10).
3716 1043 3828 1096 Per
3873 1041 3932 1094 id

2231 1133 2386 1188 enim
2455 1133 2752 1204 temporis,
2825 1133 3162 1204 priusquam
3245 1132 3420 1186 libros
3495 1132 3563 1187 de
3637 1129 3938 1186 Academi-

2229 1223 2309 1277 cis
2364 1219 2717 1290 absolvisset,
2786 1223 2998 1277 librum
3067 1222 3136 1276 de
3207 1222 3376 1275 Beata
3424 1220 3549 1274 Vita
3615 1219 3938 1290 composuit

2231 1313 2482 1379 (Rctract.
2526 1313 2620 1367 lib.
2677 1315 2724 1376 1,
2767 1327 2885 1381 cap.
2933 1312 2986 1381 2)
3036 1327 3102 1365 ex
3149 1309 3468 1380 colloquiis,
3514 1326 3642 1380 quae
3691 1325 3796 1379 per
3838 1308 3936 1361 tri-

2229 1402 2428 1468 duum,
2454 1401 2673 1456 decimo
2703 1401 2895 1466 tertio,
2929 1399 3150 1454 decimo
3175 1403 3377 1470 quarto
3406 1403 3461 1452 et
3487 1399 3708 1452 decimo
3733 1398 3936 1469 quinto

2229 1490 2553 1546 novembris
2568 1489 2722 1544 horis
2738 1488 3148 1560 pomeridianis
3162 1488 3376 1542 habuit.
3398 1489 3548 1542 Duos
3565 1487 3740 1542 etiam
3759 1487 3938 1541 libros

2229 1581 2298 1634 de
2329 1579 2538 1635 Ordine
2563 1580 2742 1649 (Ibid,
2776 1595 2895 1648 cap.
2927 1578 2998 1650 3),
3032 1578 3137 1632 hoc
3160 1583 3262 1645 est,
3293 1577 3545 1649 priorem
3565 1576 3664 1648 qui
3689 1577 3936 1632 duorum

2231 1669 2476 1735 dierum,
2517 1667 2722 1722 decimi
2759 1667 2901 1721 sexti
2933 1671 2988 1722 et
3035 1666 3242 1721 decimi
3293 1664 3523 1736 septimi
3564 1668 3651 1733 (ut
3691 1665 3935 1730 videtur)

2231 1757 2516 1829 colloquia
2545 1756 2942 1828 complectitur
2967 1756 3062 1827 (De
3090 1756 3309 1823 Ordine,
3340 1756 3438 1810 lib.
3477 1757 3526 1820 t,
3560 1771 3614 1809 η.
3644 1755 3761 1824 27).
3802 1755 3939 1808 Hinc

2231 1847 2584 1918 Augustinus
2627 1846 2688 1901 in
2718 1845 2864 1900 libro
2895 1846 2964 1900 de
2997 1847 3168 1900 Beata
3211 1844 3333 1899 Vita
3384 1843 3602 1904 scribit,
3636 1860 3704 1897 ex
3737 1859 3937 1899 eorum

2233 1930 2398 1985 dictis
2421 1934 2629 1999 totum,
2660 1929 2812 2001 quod
2844 1945 2974 1983 cum
3004 1927 3353 1984 Academicis
3379 1932 3768 1998 susceperant,
3802 1945 3938 1982 con-

2233 2019 2442 2074 fectum
2503 2035 2622 2073 esse
2672 2018 2987 2089 negotium,
3036 2023 3090 2072 et
3136 2017 3445 2073 Licentium
3496 2016 3708 2088 ubique
3748 2020 3940 2087 partes

2233 2108 2701 2163 Academicorum
2747 2107 3024 2162 sustinere
3067 2107 3159 2177 (De
3200 2109 3367 2161 Beata
3418 2109 3564 2173 Vita,
3604 2122 3656 2160 n.
3701 2107 3820 2174 13).
3878 2107 3938 2158 In

2232 2196 2422 2268 priore
2469 2202 2662 2251 autem
2707 2196 2852 2250 libro
2899 2197 2968 2251 de
3017 2195 3225 2251 Ordine
3266 2194 3561 2266 Trygetius
3599 2195 3931 2249 exclamat:

2234 2285 2500 2340 Habemus
2521 2285 2661 2354 jam,
2695 2285 2841 2355 quod
2871 2286 2998 2355 plus
3029 2289 3128 2351 est,
3169 2284 3474 2338 Licentium
3505 2299 3610 2338 non
3648 2282 3940 2338 Academi

2235 2389 2354 2428 cum
2393 2377 2482 2444 (De
2511 2374 2733 2444 Ordine,
2769 2374 2869 2428 lib.
2915 2377 2964 2443 t,
2999 2389 3056 2428 η.
3095 2373 3211 2443 10);
3255 2389 3352 2428 eos
3391 2371 3547 2428 enim
3586 2371 3684 2426 ille
3715 2371 3935 2426 studio-

2235 2461 2454 2517 sissime
2485 2462 2786 2517 defendere
2817 2462 3052 2518 solebat.

2307 2556 2358 2607 5.
2397 2551 2593 2606 Paucis
2637 2551 2950 2607 admodum
2982 2551 3200 2619 diebus,
3234 2551 3415 2606 tribus
3445 2554 3544 2605 aut
3577 2554 3826 2623 quatuor
3868 2550 3934 2603 ad

2235 2657 2548 2708 summum,
2587 2640 2792 2711 elapsis
2823 2645 2856 2696 ἐι
2897 2641 3125 2712 gemino
3163 2641 3262 2695 illo
3293 2640 3600 2712 colloquio,
3633 2656 3748 2711 quo
3797 2638 3938 2692 liber

2235 2731 2302 2785 de
2335 2731 2544 2787 Ordine
2581 2730 2799 2801 primus
2832 2735 3070 2797 constat,
3123 2730 3441 2785 Mediolano
3481 2729 3649 2784 rediit
3697 2727 3939 2799 Alypius

2235 2821 2413 2887 (lbid.,
2443 2821 2534 2874 lib.
2569 2823 2622 2888 2,
2653 2835 2709 2874 η.
2742 2819 2812 2890 1).
2845 2821 3001 2874 Tunc
3027 2820 3376 2892 Augustinus
3404 2817 3792 2873 intermissam
3819 2823 3939 2872 acto

2234 2913 2366 2964 ante
2405 2909 2604 2964 diebus
2652 2909 2721 2964 de
2767 2909 3121 2964 Academicis
3172 2909 3548 2980 quaestionem
3597 2911 3940 2978 prosecutus

2236 3002 2319 3053 est
2345 2998 2572 3069 (Contra
2615 2999 2817 3068 Acad.,
2855 3000 2948 3053 lib.
2995 3003 3050 3066 2,
3078 3016 3132 3053 η.
3171 3001 3279 3062 10).
3321 2997 3605 3053 Licentius
3635 2995 3936 3050 Academi-

2235 3104 2434 3142 corum
2475 3093 2664 3159 partes
2706 3093 2900 3142 contra
2938 3087 3268 3158 Trygetium
3309 3091 3364 3141 et
3390 3086 3581 3157 ipsum
3615 3085 3790 3139 etiam
3825 3088 3937 3139 Au-

2236 3176 2530 3248 gustinum
2553 3177 2889 3248 aliquandiu
2909 3176 3206 3242 sustinuit;
3224 3192 3287 3230 ac
3309 3174 3550 3230 subinde
3567 3175 3756 3228 locum
3773 3173 3940 3228 cessit

2237 3265 2468 3338 Alypio:
2502 3282 2748 3337 quocum
2775 3265 3148 3336 Augustinus,
3175 3281 3286 3318 non
3319 3265 3443 3335 jam
3473 3264 3798 3319 oblectandi
3823 3263 3940 3317 aui-

2240 3355 2318 3410 mi
2370 3355 2553 3427 gratia
2597 3355 2940 3426 praeludeus,
2999 3357 3062 3408 ut
3115 3358 3282 3408 antea
3337 3369 3466 3407 cum
3519 3353 3792 3419 Licentio,
3843 3353 3939 3407 sed

2237 3444 2386 3500 serio
2421 3445 2571 3499 velut
2603 3459 2726 3498 rem
2756 3442 3149 3515 gravissimam
3193 3442 3446 3514 agitavit.
3482 3444 3556 3496 Eo
3585 3446 3779 3496 tamen
3825 3441 3934 3507 die,

2238 3539 2304 3590 ut
2333 3539 2390 3589 et
2435 3538 2688 3605 postero,
2737 3533 3110 3604 quaestionem
3142 3533 3545 3587 tantummodo
3591 3531 3933 3586 delibarunt.

2242 3625 2448 3678 Verum
2485 3622 2575 3677 die
2613 3621 2802 3690 tertio,
2847 3638 2976 3676 cum
3017 3621 3136 3693 ipse
3176 3621 3413 3693 Alypius
3467 3621 3938 3676 Academicorum

2241 3727 2488 3781 causam,
2512 3727 2684 3782 quam
2707 3711 2996 3777 tuebatur,
3021 3710 3378 3773 deseruisset,
3405 3713 3582 3764 totam
3604 3708 3939 3780 disputatio-

2240 3815 2372 3853 nem
2403 3798 2756 3869 Augustinus
2788 3797 3046 3852 oratione
3063 3798 3207 3852 bene
3229 3799 3400 3869 longa
3422 3797 3721 3852 conclusit:
3744 3814 3809 3851 ex
3829 3815 3939 3869 qua

2239 3889 2496 3960 profecto
2531 3887 2786 3942 oratione
2822 3887 3142 3958 periculum
3181 3903 3378 3941 eorum
3416 3885 3515 3958 qui
3545 3902 3611 3940 ex
3654 3887 3937 3957 probabili
4017 3863 4020 3884 Ι

2240 3977 2510 4050 Opinione
2556 3976 2732 4031 vitam
2772 3976 3080 4031 instituunt
3123 3976 3305 4047 (lbid.,
3339 3977 3432 4031 lib.
3487 3979 3539 4044 3,
3573 3991 3665 4029 nn.
3699 3978 3791 4042 35,
3828 3978 3938 4045 36),

2240 4061 2490 4138 prudens
2532 4067 2777 4138 quisque
2821 4065 2957 4120 satis
3005 4065 3308 4136 intelligat.
3357 4063 3723 4119 Academicos
3769 4064 3941 4118 etiam

2238 4173 2483 4228 purgare
2509 4155 2818 4222 contendit,
2853 4159 2909 4209 et
2935 4155 3233 4209 ostendere
3262 4153 3321 4208 in
3350 4170 3417 4208 ea
3453 4153 3579 4206 illos
3611 4169 3726 4206 non
3769 4153 3941 4207 fuisse

2239 4246 2539 4312 sententia,
2601 4249 2663 4299 ut
2711 4261 2910 4298 verum
2957 4243 3203 4298 inveniri
3269 4259 3382 4298 non
3428 4258 3590 4313 posse
3641 4243 3946 4297 crederent

2242 4333 2425 4405 (Ibid.,
2456 4350 2552 4388 nn.
2581 4336 2669 4400 3‘7,
2704 4336 2818 4404 38).
2849 4333 2986 4397 Quae
3015 4333 3342 4404 conjectura
3372 4331 3526 4387 utilis
3557 4334 3696 4397 erat,
3735 4332 3785 4386 si
3826 4349 3943 4386 non

2238 4425 2390 4477 certa
2417 4424 2611 4493 (Epist.
2645 4425 2710 4487 l).
2745 4421 3018 4477 Observat
3046 4422 3231 4477 adhuc
3259 4421 3441 4475 varias
3466 4421 3943 4493 philosophorum

2239 4516 2414 4567 sectas
2445 4511 2514 4566 ad
2542 4527 2715 4565 unam
2739 4515 2874 4566 tunc
2903 4511 3160 4566 redactas
3181 4509 3379 4567 videri.
3414 4510 3695 4564 Caeterum
3727 4527 3796 4564 ea
3831 4511 3947 4565 dis-

2240 4600 2486 4672 ceptatio
2517 4599 2874 4672 argumentis
2903 4599 3396 4666 Academicorum,
3429 4615 3558 4670 quae
3587 4599 3732 4652 forte
3763 4615 3944 4669 nego-

2239 4690 2382 4745 tium
2411 4689 2594 4744 adhuc
2614 4689 2987 4757 facessebant,
3010 4689 3270 4744 animum
3292 4689 3414 4760 ejus
3437 4687 3739 4742 miserante
3770 4693 3942 4760 atque

2238 4779 2541 4850 adjuvante
2572 4780 2684 4834 Deo
2705 4778 2990 4850 expedivit
3023 4778 3276 4850 (Retract.
3301 4779 3397 4833 lib.
3446 4781 3494 4845 1,
3535 4793 3654 4846 cap.
3695 4780 3824 4846 1,η.
3870 4777 3944 4846 1),

2237 4868 2493 4940 illudque
2535 4868 2766 4940 penitus
2796 4868 3024 4940 abrupit
3053 4867 3458 4930 retinaculum,
3513 4883 3626 4938 quo
3657 4865 3726 4920 ab
3760 4866 3944 4921 ubere

2240 4958 2638 5030 philosophiae,
2673 4957 3068 5029 desperatione
3114 4955 3445 5011 inveniendi
3476 4955 3614 5020 veri,
3649 4969 3812 5008 mens
3844 4970 3946 5007 sua

2240 5051 2369 5100 ante
2400 5047 2828 5100 conversionem
2848 5045 3242 5100 refrenabatur
3273 5044 3470 5114 (Epist.
3511 5047 3557 5109 l,
3588 5059 3642 5097 η.
3682 5043 3760 5112 3).
3800 5042 3946 5107 Qua-
4015 5061 4020 5088 ι

2239 5140 2475 5208 propter
2503 5136 2678 5189 tinem
2710 5133 2870 5204 operi
2897 5133 3222 5205 imponens,
3255 5132 3556 5204 proﬁtetur
3596 5149 3653 5185 se
3683 5132 3752 5185 de
3782 5147 3941 5187 com-

2241 5225 2491 5297 paranda
2521 5223 2798 5294 sapientia
2830 5239 2945 5277 non
2972 5223 3219 5294 amplius
3249 5223 3570 5293 desperare,
3598 5237 3771 5291 seque
3807 5221 3943 5276 huic

2241 5313 2646 5385 adipiscendae,
2678 5312 3014 5381 posthabitis
3035 5313 3248 5368 caeteris
3279 5311 3543 5366 omnibus
3574 5327 3701 5382 quae
3731 5317 3943 5366 morta-

2241 5404 2323 5458 les
2355 5402 2546 5474 magni
2576 5401 2810 5464 faciunt,
2834 5401 3100 5457 insudare
3122 5402 3415 5470 statuisse;
3440 5417 3684 5472 cumque
3706 5401 3940 5472 gemino
4018 5411 4020 5434 ί

2240 5491 2512 5562 pondere,
2560 5489 2910 5545 auctoritatis
2957 5493 3126 5562 atque
3177 5489 3440 5560 rationis,
3490 5489 3560 5544 ad
3605 5489 3938 5544 discendum

2243 5581 2628 5652 impellamur,
2695 5597 2753 5634 se
2799 5597 3084 5654 nusquam
3131 5584 3163 5635 ὲ
3205 5578 3412 5635 Christi
3475 5578 3833 5644 auctoritate,
3881 5585 3941 5632 ut.
