4020 6356
78 347 172 397 129

72 463 339 519 omnium
384 465 749 534 validissima,
801 467 1125 537 discedere;
1170 486 1344 542 seque
1399 471 1554 542 quod
1606 473 1778 527 sacris

70 555 452 626 Scriptoribus
498 574 608 612 non
641 565 940 629 repugnet,
973 565 1028 614 et
1052 561 1425 633 intelligendo
1454 564 1774 634 apprehen-

71 646 204 700 dere
250 650 464 716 posset,
510 648 663 717 apud
711 648 1030 703 Platonicos
1087 656 1446 722 reperturum
1491 655 1775 710 conlidere

74 733 295 802 (Contra
326 735 539 802 Acad.,
569 737 663 790 lib.
697 740 747 799 3,
781 753 834 790 η.
865 739 974 806 45).
1012 739 1073 792 In
1109 739 1224 793 suis
1253 744 1443 796 tamen
1485 743 1774 798 Retracta-

72 823 300 878 tionum
329 824 488 878 libris
517 825 767 892 laudem,
800 843 914 898 qua
955 829 1270 896 Platonem,
1301 835 1358 884 et
1384 831 1507 902 ejus
1534 837 1773 887 sectato-

71 930 159 968 res
198 917 429 968 tantum
461 914 682 981 extulit,
731 914 850 986 ipse
889 917 1232 972 condemnat
1261 923 1316 974 et
1360 920 1624 990 repudiat
1654 921 1774 992 (Ite-

73 1007 227 1056 tract.
270 1003 365 1057 lib.
406 1007 457 1072 1,
490 1019 611 1073 cap.
646 1007 692 1069 l,
724 1019 779 1058 η.
805 1006 876 1073 4).
910 1006 1199 1061 Professus
1229 1011 1314 1062 est
1343 1009 1596 1080 Alypius,
1626 1010 1774 1065 nihil

72 1109 126 1145 se
147 1091 382 1158 habere,
407 1093 560 1163 quod
581 1093 884 1163 Augustini
907 1095 1225 1151 rationibus
1241 1102 1587 1168 opponeret;
1604 1098 1774 1155 simul

72 1181 250 1250 elogio
302 1181 475 1252 longe
523 1182 905 1252 pulcherrimo
951 1185 1260 1257 subjunxit,
1306 1203 1364 1240 se
1405 1204 1535 1242 eum
1565 1189 1773 1258 gaudio

75 1272 405 1340 superatum
448 1269 753 1336 discedere,
782 1289 956 1343 seque
987 1278 1044 1327 et
1081 1277 1491 1329 concertatores
1538 1293 1668 1330 suos
1712 1277 1772 1332 in

73 1357 394 1427 Augustino
424 1358 627 1412 ducem
656 1359 886 1429 habere,
911 1359 1012 1432 qui
1033 1361 1207 1416 divini
1236 1363 1469 1417 luminis
1497 1364 1772 1420 beneﬁcio

75 1463 166 1502 eos
197 1446 258 1500 in
289 1446 417 1516 ipsa
446 1447 698 1500 veritatis
740 1464 944 1502 arcana
985 1449 1258 1519 perducat
1309 1451 1527 1521 (Contra
1569 1454 1768 1522 Acad.,

75 1537 167 1589 lib.
205 1538 258 1599 3,
287 1551 344 1588 η.
377 1535 487 1604 44).
523 1537 1010 1608 [Iermogenianus
1040 1538 1342 1610 Augustini
1373 1542 1610 1612 amicus,
1641 1559 1770 1598 cum

73 1624 170 1677 hos
198 1623 429 1694 legisset
460 1623 656 1690 libros,
714 1629 936 1695 partam
979 1626 1048 1680 de
1090 1627 1442 1683 Academicis
1473 1629 1770 1686 victoriam

76 1730 169 1785 per
213 1713 432 1767 litteras
474 1714 558 1768 illi
610 1716 923 1784 gratulatus
970 1707 1072 1772 est.
1120 1717 1276 1772 Illius
1325 1721 1660 1790 approbatio
1702 1740 1768 1776 eo

75 1802 281 1873 gratior
305 1801 420 1856 fuit
447 1803 786 1873 Augustino,
822 1805 976 1876 quod
1007 1806 1128 1876 ejus
1150 1807 1434 1877 judicium
1477 1810 1546 1864 ab
1577 1827 1769 1866 errore

77 1891 338 1957 alienum,
375 1895 431 1946 et
459 1891 769 1946 amicitiam
807 1893 1184 1949 simulationis
1232 1902 1520 1968 expertem
1550 1916 1767 1971 cogno-

76 1981 271 2034 scebat.
307 1981 667 2052 Quapropter
694 1981 755 2036 in
786 1983 1042 2053 epistola,
1087 2001 1259 2056 quam
1290 1987 1358 2041 ad
1389 2003 1522 2042 eum
1553 1989 1768 2058 scribit,

79 2072 191 2122 orat
219 2073 282 2122 ut
308 2069 644 2140 diligentius
683 2073 1001 2128 consideret
1041 2091 1121 2137 ea,
1157 2092 1285 2146 quae
1306 2075 1364 2130 in
1393 2077 1480 2131 his
1508 2078 1669 2132 libris
1698 2080 1768 2133 de

79 2173 200 2210 vero
225 2158 696 2214 Academicorum
729 2177 897 2215 sensu
915 2161 1152 2230 dixerit;
1172 2163 1415 2234 sibique,
1441 2165 1578 2236 quid
1599 2183 1770 2238 super

80 2247 175 2300 hac
202 2263 260 2301 re
291 2247 520 2314 sentiat,
554 2265 658 2319 per
687 2250 902 2304 litteras
932 2250 1213 2322 signiﬁcet
1235 2255 1430 2323 (Epist.
1467 2257 1515 2321 1,
1539 2271 1594 2308 η.
1620 2255 1694 2327 3).

142 2340 189 2390 6.
224 2337 332 2390 llos
364 2337 437 2392 de
484 2338 832 2393 Academicis
877 2339 1051 2394 libros
1098 2341 1452 2395 Romaniano
1493 2343 1770 2399 dedicavit

81 2426 441 2497 Augustinus,
473 2432 596 2481 tum
624 2433 686 2482 ut
717 2428 876 2483 illum
911 2428 1144 2483 Licentii
1173 2429 1278 2483 filii
1322 2431 1597 2486 litterario
1637 2449 1768 2503 pro-

81 2531 264 2585 gressu
294 2515 619 2579 delectaret,
671 2521 793 2571 tum
833 2521 896 2571 ut
926 2517 1192 2572 eumdem
1221 2519 1289 2572 ad
1329 2519 1583 2574 veritatis
1611 2537 1769 2575 amo-

82 2619 189 2657 rem
219 2603 532 2659 induceret.
554 2605 692 2658 Nam
716 2620 1078 2675 summopere
1105 2605 1372 2676 cupiebat
1393 2607 1765 2679 Augustinus,

82 2697 137 2745 ut
163 2691 207 2746 is
235 2693 304 2747 ad
334 2709 592 2748 amorem
622 2694 914 2764 sapientia:
940 2693 1198 2749 animum
1229 2695 1519 2766 adjiceret,
1553 2715 1620 2752 eo
1649 2698 1760 2753 avi-

83 2779 195 2833 dius
225 2780 381 2836 illam
405 2781 746 2836 hausturum
777 2798 1033 2853 sperans,
1068 2799 1180 2854 quo
1211 2783 1426 2838 diutius
1454 2801 1579 2838 eam
1608 2784 1766 2838 sitire

82 2869 220 2922 visus
247 2873 386 2924 erat.
424 2871 501 2924 Eo
529 2869 701 2925 etiam
734 2870 1082 2940 paratiorem
1121 2871 1190 2925 ad
1231 2870 1683 2943 investigandam
1713 2877 1768 2928 et

83 2957 372 3013 amandam
429 2958 725 3012 veritatem
764 2957 1164 3026 arbitrabatur,
1219 2959 1376 3030 quod
1419 2960 1768 3014 Academicis

83 3047 259 3101 omnia
286 3046 348 3101 in
402 3047 645 3102 dubium
674 3047 1071 3102 revocantibus
1096 3047 1305 3117 saepius
1346 3052 1761 3104 succensuerat.

83 3135 262 3189 Adhuc
309 3140 506 3190 tamen
562 3135 1002 3191 Manichaeorum
1044 3135 1468 3207 superstitione,
1498 3137 1558 3190 in
1593 3153 1766 3208 quam

85 3239 203 3278 eum
218 3225 568 3297 Augustinus
581 3224 700 3296 ipse
714 3224 949 3280 dederat
959 3225 1315 3296 praecipitem
1330 3225 1550 3296 (Contra
1563 3227 1722 3281 Acad
1729 3270 1765 3290 .,

85 3311 166 3366 lib.
199 3316 243 3380 l,
278 3330 332 3368 η.
385 3314 463 3385 3),
514 3319 637 3368 erat
681 3313 1028 3384 implicatus.
1081 3314 1188 3368 Sed
1220 3331 1352 3368 cum
1381 3315 1766 3384 Augustinum

86 3401 221 3470 apud
250 3403 626 3458 Cassiciacum
655 3407 719 3457 ut
749 3403 972 3457 videtur
999 3403 1308 3471 invisisset,
1351 3404 1636 3459 sententia
1666 3421 1770 3458 sua

84 3505 214 3558 pene
241 3491 490 3546 dimotus
523 3492 656 3546 inde
688 3491 1039 3559 discesserat,
1067 3493 1302 3564 jamque
1343 3494 1412 3547 ad
1461 3493 1764 3564 inquiren-

85 3579 202 3633 dam
230 3581 525 3636 veritatem
558 3581 886 3651 instructus,
917 3597 1091 3653 quam
1131 3587 1356 3636 sanctus
1386 3582 1472 3636 vir
1500 3586 1599 3636 aut
1623 3599 1765 3654 quo-

85 3666 202 3719 dam
227 3667 532 3740 colloquio,
563 3673 660 3722 aut
677 3669 866 3739 aliqua
888 3667 1274 3739 disputatione
1306 3673 1373 3722 de
1396 3667 1676 3739 religione
1697 3669 1765 3723 ad

86 3770 203 3809 eum
232 3756 419 3826 missa,
453 3773 510 3810 se
531 3756 614 3811 illi
641 3756 1164 3811 demonstraturum
1194 3758 1474 3828 sperabat.
1503 3759 1642 3811 Cum
1665 3757 1768 3828 igi-

86 3848 166 3898 tur
191 3861 343 3916 spem
389 3845 760 3917 concepisset,
795 3845 916 3899 fore
959 3849 1022 3900 ut
1050 3861 1182 3899 eum
1219 3845 1289 3899 ad
1319 3861 1512 3899 veram
1541 3845 1764 3916 sapien-

89 3931 211 3986 tiam
260 3933 589 3999 adduceret,
631 3932 976 4004 quotidianis
1014 3932 1180 4001 votis,
1226 3949 1354 4004 qua:
1396 3932 1551 3986 illius
1599 3949 1766 3987 causa

85 4015 274 4072 divine
302 4018 611 4090 Sapientiae
661 4017 922 4084 faciebat,
962 4017 1070 4072 hoc
1100 4017 1181 4070 illi
1212 4017 1429 4071 donum
1458 4016 1764 4087 impetrare

83 4107 410 4176 conabatur;
445 4110 496 4162 si
524 4107 705 4175 modo,
739 4106 947 4178 inquit,
979 4106 1179 4172 dignus
1200 4108 1302 4160 sim
1340 4107 1436 4174 qui
1465 4107 1762 4175 impetrem.

85 4195 280 4265 Ergone
311 4195 666 4268 Augustinus
695 4197 764 4250 de
815 4195 1168 4251 Romaniano
1217 4196 1426 4248 frustra
1465 4194 1574 4249 ista
1602 4195 1762 4263 dixit,

83 4284 186 4336 Non
211 4287 345 4338 sinet
374 4285 469 4340 ille
489 4286 578 4338 cui
604 4299 686 4338 me
715 4287 883 4338 totum
930 4282 1077 4350 dedi,
1128 4297 1283 4351 quem
1327 4298 1467 4337 nunc
1520 4299 1765 4350 recogno-

85 4387 206 4426 scere
233 4375 718 4443 aliquantumcaapi
749 4372 934 4444 (Ibid.,
968 4357 1061 4426 lib.
1113 4373 1166 4440 2,
1195 4388 1250 4425 η.
1276 4371 1350 4442 2).
1387 4371 1476 4426 Uti
1513 4371 1764 4444 aliquem

87 4460 154 4512 illi
183 4462 345 4533 hujus
374 4461 774 4533 philosophiae,
808 4461 878 4514 ad
909 4476 1082 4532 quam
1113 4476 1243 4514 cum
1273 4461 1628 4531 hortabatur,
1673 4478 1762 4514 sa-

87 4565 264 4618 porem
295 4551 642 4616 infunderet,
677 4567 809 4603 suos
840 4549 924 4603 illi
976 4549 1045 4603 de
1082 4547 1433 4603 Academicis
1463 4548 1636 4603 libros
1680 4549 1766 4602 in-

89 4640 322 4710 scripsit:
361 4641 515 4712 quod
546 4639 980 4693 incitamentum
1011 4654 1077 4692 eo
1107 4637 1388 4692 efﬁcacius
1426 4637 1545 4691 fore
1585 4637 1765 4692 credi-

86 4723 170 4792 dit,
193 4745 298 4799 quo
337 4728 839 4800 essetjucundius;
870 4743 999 4781 cum
1020 4727 1171 4781 ﬁlius
1195 4727 1450 4797 ejusdem
1474 4727 1762 4781 Licentius

85 4815 176 4869 sibi
195 4822 408 4888 partem
437 4820 498 4873 in
527 4818 597 4872 iis
625 4818 955 4872 vindicaret.
987 4818 1172 4871 Unum
1205 4832 1324 4870 esse
1353 4816 1578 4883 fatetur,
1610 4815 1762 4870 unde

84 4903 216 4960 illius
236 4907 477 4963 fortuna:
507 4907 777 4973 invideat,
806 4907 963 4978 quod
993 4908 1148 4961 solus
1179 4905 1470 4960 Luciliano
1500 4922 1603 4961 suo
1635 4921 1764 4977 per-

85 4991 284 5049 fruatur
312 4997 493 5066 (Ibid.,
545 5013 598 5051 η.
631 4995 704 5067 9).
760 4996 810 5049 Is
839 4995 993 5050 haud
1022 4994 1194 5050 dubie
1225 4994 1584 5050 Romaniano
1623 5011 1760 5050 con-

81 5080 451 5149 junctissimus
466 5089 604 5153 erat,
621 5089 674 5140 et
699 5085 822 5156 ejus
837 5085 1071 5139 fortasse
1085 5100 1418 5156 germanus:
1451 5084 1760 5154 aliquando

88 5171 220 5226 enim
258 5178 320 5228 ut
347 5175 460 5228 duo
504 5175 917 5246 propemodum
948 5175 1195 5245 mquales
1241 5173 1598 5245 copulantur.
1636 5173 1764 5228 Car-

89 5275 200 5315 men
229 5279 258 5316 a
302 5264 552 5318 Licentio
608 5264 677 5318 de
729 5264 1096 5336 philosophia
1125 5263 1508 5334 compositum
1546 5262 1758 5316 Roma-

90 5347 236 5404 niauo
263 5353 560 5423 pollicetur
587 5352 936 5424 Augustinus
960 5353 1143 5424 (Ibid.,
1174 5369 1230 5406 η.
1259 5354 1334 5420 7).

145 5441 192 5491 7.
220 5440 369 5495 Inter
397 5457 466 5496 ea
494 5441 798 5513 colloquia,
829 5458 958 5513 quae
982 5447 1097 5496 tres
1123 5441 1192 5495 de
1220 5439 1567 5496 Academicis
1586 5439 1760 5493 libros

92 5528 434 5598 constituunt,
467 5531 612 5585 liber
641 5531 711 5586 de
750 5532 924 5585 Deata
954 5531 1077 5584 Vita
1113 5529 1463 5600 conscriptus
1500 5527 1609 5582 fuit
1638 5528 1758 5598 (Re-

93 5615 227 5670 tract.
259 5618 352 5674 lib.
397 5623 450 5691 1,
481 5634 599 5689 cap.
641 5619 692 5690 2)
719 5635 732 5675 :
767 5634 880 5690 quo
912 5617 1121 5673 mirum
1153 5617 1329 5673 videri
1354 5632 1470 5672 non
1501 5615 1690 5682 debet,
1714 5614 1760 5668 si

1507 349 1716 405 LIBER
1756 350 2150 408 SECUNDUS.

3485 361 3583 415 130

1889 474 2022 530 huic
2060 491 2176 530 non
2223 475 2471 531 adfuerit
2497 476 2733 547 Alypius
2785 478 2875 546 (De
2927 479 3092 533 Beata
3141 481 3289 547 Vita,
3321 497 3377 536 η.
3414 485 3468 550 6)
3501 499 3514 537 :
3545 483 3590 536 is

1888 564 2038 618 enim
2064 564 2445 619 Mediolanum
2473 565 2736 620 inchoata
2767 571 2966 620 contra
2994 568 3362 623 Academicos
3393 569 3589 641 dispu-

1885 652 2102 707 tatione
2131 653 2439 723 profectus,
2458 653 2592 708 inde
2622 655 2853 709 nonnisi
2881 661 3005 726 post
3034 657 3230 711 decem
3259 657 3378 711 dies
3399 658 3586 714 rediit.

1887 742 1962 795 Eo
1989 741 2166 812 igitur
2192 742 2445 809 absente,
2487 758 2615 796 cum
2665 741 2957 798 natalitius
2999 745 3304 816 Augustini
3333 745 3452 801 dies
3491 749 3591 818 qui

1883 829 1942 883 in
1970 829 2097 884 idus
2127 829 2451 884 novembris
2494 830 2800 901 incidebat,
2836 831 3177 902 advenisset,
3219 851 3418 889 omnes
3458 853 3589 890 suos

1883 918 1979 972 ille
2008 919 2461 987 contubernales,
2495 919 2812 975 Monnicam
2842 927 3104 984 matrem,
3141 923 3443 994 Navigium
3473 924 3585 979 fra-

1883 1011 2050 1075 trem,
2102 1009 2416 1064 Licentium
2459 1014 2515 1064 et
2550 1010 2880 1081 Trygetium
2936 1012 3264 1083 discipulos,
3311 1014 3585 1069 Lastidia-

1884 1115 2020 1153 num
2066 1104 2124 1154 et
2161 1099 2452 1155 Rusticum
2508 1101 2879 1156 consobrinos
2923 1119 3074 1170 suos,
3127 1108 3185 1157 et
3234 1104 3584 1159 Adeodatum

1885 1187 2066 1242 lilium
2089 1204 2255 1242 suum
2285 1189 2527 1259 prandio
2540 1189 2702 1244 tenui
2725 1190 2967 1260 excepit,
2991 1207 3054 1245 ac
3073 1195 3268 1262 postea
3285 1191 3586 1248 inbalneas

1882 1275 1949 1330 ad
1982 1276 2405 1331 consedendum
2437 1277 2672 1332 vocavit.
2720 1280 2894 1334 Multa
2924 1295 2987 1334 ex
3037 1280 3105 1334 iis
3138 1281 3206 1335 de
3235 1281 3584 1336 beatitudine

1881 1363 2161 1433 quassivit,
2196 1381 2262 1419 ea
2289 1369 2479 1420 mente
2510 1369 2572 1420 ut
2592 1365 2720 1420 illos
2747 1366 2808 1420 in
2836 1367 2991 1421 hunc
3015 1371 3248 1437 portum
3269 1368 3586 1424 induceret:

1879 1467 1993 1522 quo
2020 1451 2080 1505 in
2110 1451 2395 1524 colloquio
2425 1457 2644 1507 certum
2674 1457 2758 1508 est
2788 1454 3105 1508 Monnicam
3137 1459 3192 1509 et
3219 1457 3578 1512 Adeodatum

1879 1539 2032 1593 inter
2061 1555 2259 1594 omnes
2289 1541 2595 1596 eminuisse
2625 1541 2983 1612 intelligendi
3019 1543 3328 1614 prudentia
3362 1549 3418 1599 et
3463 1562 3588 1616 gra-

1879 1627 2049 1681 vitate
2079 1628 2400 1684 verborum.
2436 1630 2705 1684 Eamdem
2746 1629 3193 1701 disputationem
3240 1633 3489 1687 secunda
3530 1637 3589 1687 et

1881 1716 2048 1770 tertia
2092 1716 2184 1770 die
2219 1717 2630 1787 pomeridianis
2664 1718 2821 1772 horis
2849 1724 3183 1788 prosecutus
3213 1724 3318 1789 est,
3345 1736 3585 1792 eamque

1877 1805 2117 1876 pulchra
2147 1811 2204 1861 et
2231 1807 2466 1861 sublimi
2501 1807 2755 1862 oratione
2804 1807 2874 1861 de
2915 1808 3271 1862 sanctissima
3310 1809 3586 1864 Trinitate

1877 1894 2173 1948 conclusit.
2206 1896 2486 1949 Horumce
2508 1894 2927 1966 colloquiorum
2953 1895 3280 1950 institutum
3309 1896 3415 1950 hoc
3444 1901 3584 1966 erat,

1878 1985 1942 2034 ut
1970 1980 2196 2034 beatam
2225 1980 2399 2036 vitam
2419 1981 2670 2056 perfecta
2693 1981 2792 2035 Dei
2821 1981 3146 2052 cognitione
3176 1984 3460 2038 contineri
3485 1986 3589 2042 du-

1878 2073 2101 2122 ceretur
2146 2071 2405 2141 (Retract.
2439 2071 2531 2124 lib.
2569 2074 2620 2139 l,
2651 2085 2770 2140 cap.
2803 2073 2875 2141 2).
2904 2072 3114 2126 Verum
3143 2071 3203 2126 in
3224 2071 3304 2144 |ea
3335 2072 3590 2145 disputa-

1876 2157 2028 2211 tione
2060 2159 2165 2212 hoc
2189 2158 2273 2212 illi
2304 2163 2498 2230 postea
2541 2158 2847 2230 displicuit,
2889 2160 3046 2231 quod
3074 2160 3492 2217 beatitudinem
3525 2163 3585 2216 in

1877 2245 1981 2300 hac
2010 2247 2182 2301 etiam
2210 2247 2325 2301 vita
2349 2247 2597 2302 obtineri
2620 2264 2652 2300 a
2673 2247 2950 2318 sapiente,
2977 2264 3040 2302 ac
3056 2249 3117 2303 in
3140 2250 3263 2303 solo
3288 2250 3480 2306 animo
3504 2268 3591 2306 re-

1878 2335 2060 2388 sidere
2090 2335 2374 2390 voluisset.
2411 2337 2577 2389 Natat
2605 2335 2956 2406 Augustinus
2986 2337 3047 2390 in
3076 2337 3192 2391 suis
3216 2339 3588 2394 Retractatio-

1879 2438 2021 2476 num
2060 2422 2220 2477 libris
2250 2440 2310 2478 se
2341 2440 2483 2495 opus
2512 2424 2663 2478 istud
2693 2425 2980 2494 integrum
3009 2441 3122 2480 non
3144 2427 3351 2481 habere
3378 2428 3590 2500 (lbid.),

1878 2526 2007 2565 cum
2036 2510 2227 2565 omnia
2257 2510 2436 2582 ipsius
2466 2515 2524 2566 et
2547 2512 2790 2566 aliorum
2823 2514 3154 2584 apographa
3191 2515 3396 2569 mutila
3427 2532 3588 2587 repe-

1879 2599 2122 2666 riantur,
2155 2617 2218 2654 ac
2249 2601 2542 2656 decurtata
2575 2617 2692 2656 non
2720 2618 2925 2673 parum
2959 2619 2972 2657 :
3005 2603 3160 2658 haud
3190 2608 3384 2659 tamen
3425 2605 3585 2661 vide-

1879 2705 2029 2758 mus,
2059 2705 2174 2760 quo
2206 2705 2358 2743 nunc
2387 2689 2520 2744 libri
2575 2691 2697 2744 loco
2752 2690 3109 2746 desideratur
3139 2692 3373 2764 aliquid.
3428 2695 3583 2766 Opus

1880 2778 2065 2832 Mallio
2118 2777 2414 2832 Theodore
2459 2779 2758 2848 dedicavit,
2801 2780 2964 2850 cujus
2995 2795 3062 2833 ex
3107 2781 3468 2837 sermonibus
3496 2783 3582 2838 di-

1879 2865 2082 2920 dicisse
2109 2882 2167 2919 se
2195 2866 2412 2933 scribit,
2446 2881 2578 2920 cum
2607 2866 2676 2920 de
2706 2867 2820 2921 Deo
2851 2871 2952 2921 aut
2975 2867 3045 2922 de
3065 2868 3258 2924 anima
3275 2870 3578 2941 cogitatur,

1879 2953 2021 3008 nihil
2050 2953 2286 3008 omnino
2316 2955 2569 3025 corporis
2599 2971 2720 3008 esse
2749 2955 3136 3026 cogitandum.
3171 2959 3408 3012 Multum
3437 2959 3579 3012 emi-

1879 3043 2051 3097 nebat
2079 3042 2139 3096 in
2169 3043 2375 3096 saeculo
2406 3043 2755 3110 Theodorus,
2784 3059 2899 3097 non
2928 3043 3076 3098 alius
3118 3045 3273 3100 haud
3311 3046 3480 3101 dubie
3512 3048 3582 3100 ab

1879 3147 1969 3199 eo,
1993 3129 2094 3202 qui
2125 3129 2362 3184 summis
2392 3130 2704 3185 honoribus
2730 3131 3061 3203 perfunctus
3082 3136 3188 3201 est,
3211 3133 3426 3206 quique
3447 3152 3579 3188 con-

1879 3219 2130 3274 sulatum
2159 3235 2312 3273 anno
2342 3219 2744 3274 trecentesimo
2782 3220 3150 3292 nonagesimo
3192 3238 3347 3277 nono
3387 3224 3576 3294 gessit.

1879 3309 2039 3362 Hunc
2090 3307 2461 3378 amplissimis
2510 3307 2745 3380 quidem
2796 3309 3057 3363 laudibus
3111 3309 3183 3364 ob
3231 3311 3577 3382 singularem

1876 3395 2164 3466 praecipue
2193 3395 2372 3450 animi
2411 3397 2866 3452 moderationem
2897 3401 2954 3452 et
2995 3397 3380 3470 integritatem
3411 3401 3574 3455 effert

1879 3482 2222 3537 Claudianus
2235 3487 2404 3553 poeta
2428 3483 2710 3553 (Claudius
2731 3484 3066 3552 Claudimus,
3085 3488 3143 3540 in
3165 3488 3434 3554 Paneg.de
3459 3504 3578 3542 con-

1876 3573 2079 3626 sulatu.
2113 3573 2202 3628 Fl.
2237 3571 2398 3628 Mulli
2425 3572 2644 3644 Theod.)
2671 3588 2684 3626 :
2722 3573 2986 3628 certiores
3015 3591 3147 3629 vero
3179 3579 3235 3630 et
3263 3576 3434 3648 longe
3465 3593 3583 3631 am-

1878 3660 2089 3731 pliores
2119 3675 2200 3714 eas
2231 3664 2384 3726 sunt,
2413 3675 2554 3731 quas
2583 3659 2770 3714 eidem
2798 3661 3153 3732 Augustinus
3181 3663 3400 3719 tribuit.
3439 3667 3580 3720 Eum

1878 3749 2030 3803 enim
2081 3749 2252 3803 modo
2293 3753 2350 3804 et
2377 3749 2752 3805 christianum
2790 3755 2848 3806 et
2876 3751 3104 3807 doctum
3142 3753 3314 3808 fuisse
3343 3759 3583 3810 testatur

1879 3839 2133 3907 (Rctract.
2169 3838 2261 3891 lib.
2298 3841 2346 3904 1,
2375 3853 2494 3907 cap.
2527 3837 2600 3908 2),
2623 3855 2775 3893 nunc
2803 3842 3168 3895 commendat
3198 3846 3261 3897 ut
3285 3842 3469 3898 virum
3497 3845 3582 3899 in-

1877 3925 2047 3996 genio
2077 3941 2140 3979 ac
2165 3925 2347 3997 gloria
2377 3931 2433 3980 et
2457 3925 2593 3997 ipsis
2620 3926 2945 3997 insignibus
2987 3929 3252 3996 fortunae,
3309 3935 3384 4002 et,
3425 3934 3580 4004 quod

1874 4019 2044 4086 caput
2068 4019 2172 4083 est,
2206 4019 2395 4069 mente
2439 4017 2974 4086 praestantissimum
3016 4017 3110 4088 (De
3139 4018 3359 4086 Ordine,
3393 4021 3488 4076 lib.
3527 4025 3578 4090 1,

1874 4120 1930 4158 n.
1965 4107 2053 4171 31)
2083 4120 2096 4158 :
2129 4120 2376 4175 eumque
2407 4121 2573 4175 opus,
2616 4104 2687 4159 de
2716 4121 2831 4176 quo
2861 4105 3179 4177 loquimur,
3213 4107 3300 4161 illi
3328 4108 3575 4178 dedicat,

1876 4193 2141 4248 eumdem
2169 4192 2646 4248 humanissimum
2689 4199 2746 4249 et
2798 4200 3125 4266 magnetem
3175 4196 3439 4268 appellat.
3493 4199 3579 4253 Illi

1873 4281 2128 4353 profecto
2156 4281 2675 4352 conjunctissimus,
2728 4287 2865 4350 erat,
2901 4300 3032 4338 cum
3063 4301 3197 4340 eum
3224 4302 3330 4357 per
3358 4287 3576 4342 anima-

1874 4386 2004 4424 rum
2035 4370 2186 4425 inter
2211 4387 2270 4424 se
2301 4370 2592 4425 vinculum
2609 4375 2782 4442 atque
2809 4373 3217 4427 commercium
3240 4373 3575 4441 obtestatur,

1877 4463 1937 4512 ut
1975 4459 2166 4530 ipsum
2198 4463 2370 4525 amet,
2404 4476 2466 4513 ac
2495 4476 2553 4513 se
2583 4475 2810 4531 quoque
2844 4461 2914 4514 ab
2962 4462 3084 4532 ipso
3113 4461 3356 4516 vicissim
3401 4463 3578 4518 amari

1874 4547 2084 4602 credat.
2123 4548 2254 4618 Ejus
2283 4547 2612 4619 eloquentia
2638 4564 3001 4620 nequaquam
3026 4567 3084 4604 se
3111 4550 3312 4605 terreri
3339 4552 3575 4621 proﬁte-

1873 4641 1985 4704 tur,
2019 4653 2147 4690 cum
2174 4653 2300 4691 eam
2321 4638 2670 4708 facultatem,
2694 4654 2867 4709 quam
2889 4639 3133 4707 adamat,
3158 4639 3288 4694 licet
3318 4641 3574 4696 nondum

1874 4730 2182 4791 assecutus,
2203 4725 2406 4780 timere
2426 4742 2540 4781 non
2562 4725 2758 4798 possit,
2791 4743 2966 4798 seque
2979 4728 3159 4782 multo
3180 4727 3372 4782 minus
3396 4728 3575 4800 ipsius

1876 4813 2116 4868 fortuna:
2146 4807 2646 4869 sublimitatem‘ac
2679 4815 2848 4869 decus
2877 4816 3258 4872 extimescere.
3319 4819 3575 4885 Quamvis

1873 4905 2011 4957 enim
2039 4905 2112 4957 sit
2141 4917 2360 4971 magna,
2383 4901 2591 4973 inquit,
2613 4903 2764 4973 apud
2785 4908 2832 4957 te
2847 4905 3080 4959 secunda
3108 4909 3202 4960 est:
3229 4922 3358 4961 nam
3378 4908 3574 4976 quibus

1873 4990 2205 5059 dominatur,
2227 4990 2432 5044 eosdem
2457 4993 2604 5060 ipsos
2629 4992 2887 5048 Secundos
2911 4995 3070 5061 facit.
3098 4994 3271 5050 Addit
3297 4999 3574 5068 praeterea

1872 5095 2002 5134 cum
2034 5095 2213 5133 unum
2256 5095 2397 5147 esse,
2450 5095 2623 5152 quem
2661 5079 2955 5137 intueatur
2982 5086 3040 5138 et
3077 5084 3363 5155 suspiciat,
3398 5101 3430 5138 a
3459 5101 3572 5156 quo

1871 5173 2056 5224 certus
2084 5167 2362 5222 auxilium
2393 5173 2699 5241 exspectet.
2741 5170 3009 5226 Obsecrat
3046 5171 3343 5240 nimirum,
3375 5177 3440 5228 ut
3466 5189 3568 5244 pro

1872 5274 1973 5312 sua
2002 5273 2138 5329 erga
2166 5257 2356 5329 ipsum
2382 5258 2781 5313 benevolentia
2813 5260 3072 5315 dextram
3110 5262 3382 5333 porrigat.
3416 5262 3571 5326 Quod

1870 5349 1921 5401 si
1949 5349 2326 5417 impetravero,
2370 5346 2576 5419 inquit,
2625 5348 2700 5402 ad
2747 5351 2925 5418 ipsum
2955 5351 3164 5404 beatam
3191 5353 3378 5417 vitam,
3407 5351 3497 5403 cui
3524 5355 3572 5402 te

1864 5438 1985 5506 jam
2014 5437 2211 5490 haerere
2247 5451 2537 5506 prwsumo,
2575 5452 2749 5508 parvo
2786 5443 2980 5493 conatu
3022 5439 3282 5506 facillime
3321 5437 3570 5492 accedam

1873 5528 1964 5595 (De
1992 5527 2160 5580 Beata
2189 5527 2332 5592 Vita,
2369 5541 2424 5581 η.
2467 5526 2549 5597 5).
2586 5527 2638 5580 Is
2669 5526 2820 5581 haud
2865 5525 3032 5582 dubie
3072 5526 3231 5579 locus
3259 5529 3364 5588 est,
3396 5541 3569 5597 quem

1872 5615 2222 5686 Augustinus
2255 5618 2312 5669 et
2340 5618 2507 5670 aetate
2537 5619 2592 5669 et
2622 5614 2833 5686 pietate
2875 5611 3194 5685 provectior
3241 5613 3350 5668 sibi
3380 5614 3570 5686 displi-
