4020 6382
388 342 482 395 131
1599 332 1773 390 VITA
1812 331 1868 387 S.
1921 326 2106 386 AUGI‘

2297 327 2308 383 [
2363 324 2699 384 EPISCOPI.
3821 324 3914 377 132

386 465 572 520 cuisse
591 459 1025 535 testatur,quod
1048 458 1272 515 homini
1292 456 1535 513 nimium
1554 456 1819 513 tribuerit
1841 456 2098 527 (Betract.

392 555 490 610 lib.
526 557 581 623 l,
612 569 735 624 cap.
786 554 865 623 2).
897 549 1282 621 Philosophia
1319 546 1625 603 Platonicae
1658 544 2105 601 studiosissimus

391 647 514 699 erat
533 642 885 708 Theodorus,
913 644 970 695 et
988 655 1092 694 suo
1120 654 1255 709 erga
1285 636 1539 691 eruditos
1568 635 1759 691 favore
1786 635 1845 690 id
1877 633 2100 705 agebat,

389 737 455 789 ut
485 748 587 788 nec
615 731 796 803 ipsius
825 746 969 797 arvo,
1015 744 1120 783 nec
1161 726 1311 798 apud
1339 729 1602 797 posteros
1645 724 1934 797 quispiam
1964 738 2101 777 con-

389 821 557 894 queri
575 818 1140 893 posset,'pauciorem
1162 816 1458 871 doctorum
1482 813 1781 869 hominum
1798 827 2100 868 numerum

392 912 516 981 ejus
543 907 919 980 temporibus,
953 921 1124 978 quam
1158 902 1284 959 aliis
1305 902 1608 958 exstitisse.

460 1000 516 1054 8.
544 1000 678 1053 Post
716 996 931 1052 librum
968 995 1038 1050 de
1085 996 1255 1049 Beata
1285 992 1413 1047 Vita
1453 992 1696 1047 collocat
1749 987 2105 1060 Augustinus

388 1084 800 1159 disputationes
832 1086 902 1140 de
934 1083 1143 1139 Ordine
1193 1081 1441 1153 digestas
1477 1080 1535 1135 in
1565 1081 1708 1136 duos
1737 1079 1913 1134 libros
1936 1077 2104 1147 (Ibid.

389 1191 510 1245 cap.
554 1173 606 1246 3)
630 1194 650 1239 ,ο
681 1188 932 1246 quorum
983 1172 1236 1244 primum
1292 1174 1601 1241 antequam
1637 1168 1957 1224 Mediolano
2014 1182 2104 1220 re-

389 1263 587 1319 diisset
613 1261 850 1333 Alypius
883 1262 977 1333 (De
1002 1260 1221 1316 Ordine.
1258 1259 1350 1313 lib.
1390 1262 1437 1313 l.
1466 1274 1523 1313 η.
1551 1263 1607 1323 7,
1641 1262 1693 1313 et
1723 1257 1817 1312 lib.
1852 1259 1905 1323 '2,
1931 1273 1989 1312 η.
2032 1256 2103 1326 1),

402 1355 575 1422 atque
605 1350 746 1405 adeo
781 1354 911 1405 ante
940 1349 1255 1404 secundum
1298 1351 1495 1402 contra
1538 1345 1927 1411 Academicos,
1978 1360 2108 1397 con—

394 1439 638 1511 scripsit.
669 1438 960 1509 Navigius,
1002 1436 1101 1509 qui
1141 1436 1329 1491 adhuc
1358 1435 1419 1489 in
1447 1435 1583 1489 villa
1613 1432 1931 1489 Cassiciaco
1960 1447 2111 1485 com-

392 1528 726 1583 morabatur
754 1527 975 1582 decimo
1022 1525 1267 1596 septimo
1314 1524 1592 1579 kalendas
1636 1520 1976 1586 decembris,
2008 1524 2110 1574 aut

392 1617 593 1671 saltem
644 1617 868 1672 decimo
918 1619 1132 1680 octavo,
1182 1613 1569 1669 Mediolanum
1615 1611 1905 1683 profectus
1960 1615 2105 1674 erat,

392 1722 522 1761 cum
555 1706 702 1761 liber
731 1705 827 1760 ille
853 1704 921 1759 de
951 1704 1164 1759 Ordine
1191 1703 1415 1774 primus
1443 1701 1807 1756 inchoaretur
1827 1700 1917 1770 (De
1947 1701 2111 1754 Beata

397 1796 545 1863 Vita,
586 1810 643 1850 n.
665 1796 779 1864 20),
825 1798 884 1848 et
930 1792 1240 1849 Cassiciaco
1266 1792 1413 1846 bene
1445 1805 1616 1845 mane
1655 1789 1989 1844 discesserat
2020 1787 2111 1858 (De

391 1884 613 1947 Ordine,
648 1884 742 1938 lib.
796 1886 846 1947 1,
878 1898 934 1936 n.
976 1881 1058 1952 '7),
1089 1885 1283 1952 atque,
1334 1884 1397 1933 ut
1422 1879 1670 1945 videtur,
1703 1876 1926 1934 decimo
1955 1882 2110 1930 sexto

390 1971 665 2027 kalendas
685 1969 1022 2026 decembris.
1054 1971 1125 2023 In
1156 1968 1408 2023 secundo
1435 1967 1582 2022 libro
1625 1967 1694 2022 de
1741 1965 1953 2021 Ordine
1994 1981 2110 2019 non

393 2061 567 2116 semel
598 2060 804 2114 citatur
832 2058 977 2113 liber
1003 2058 1074 2113 de
1106 2059 1275 2112 Beata
1307 2056 1449 2125 Vita,
1487 2060 1544 2111 ut
1575 2060 1632 2110 et
1658 2055 1728 2110 de
1754 2053 2109 2110 Academicis

392 2149 617 2216 tertius,
647 2148 748 2220 qui
777 2147 1021 2219 proinde
1067 2145 1217 2200 inter
1262 2144 1402 2199 duos
1432 2144 1500 2198 de
1526 2144 1737 2199 Ordine
1769 2143 1942 2198 libros
1972 2158 2109 2197 con-

393 2239 636 2310 scriptus
661 2242 764 2292 est.
793 2236 861 2291 Hi
893 2236 1008 2290 duo
1042 2235 1171 2289 libri
1205 2233 1491 2304 colloquia
1519 2236 1652 2287 sunt
1696 2248 1826 2286 cum
1858 2231 2111 2286 Licentio

393 2333 451 2384 et
479 2326 745 2397 Trygetio
796 2325 1013 2392 habita,
1044 2323 1253 2394 quibus
1297 2321 1555 2376 Monnica
1583 2336 1998 2391 nonnunquam
2029 2319 2113 2373 ἰη-

394 2416 612 2473 terfuit.
662 2412 908 2468 Secundi
958 2416 1152 2467 autem
1206 2410 1338 2465 libri
1388 2408 1868 2480 disputationibus
1927 2407 2110 2463 adfuit

394 2505 570 2559 etiam
598 2501 854 2574 Alypius.
888 2502 952 2555 In
981 2500 1071 2571 qis
1100 2515 1270 2571 porro
1309 2498 1470 2553 libris
1498 2498 1749 2569 agitatur
1777 2497 1970 2568 gravis
2014 2497 2113 2551 illa

401 2593 663 2667 quiestio,
692 2596 889 2646 utrum
907 2588 1104 2644 omnia
1133 2589 1284 2643 bona
1313 2592 1371 2643 et
1399 2587 1551 2641 mala
1579 2586 1789 2641 divinae
1811 2586 2113 2657 providen-

394 2689 492 2744 tiae
525 2687 667 2743 ordo
707 2684 992 2740 contineat
1022 2684 1275 2753 (Retract.
1309 2682 1404 2736 lib.
1439 2684 1485 2746 l,
1520 2695 1640 2749 cap.
1691 2681 1744 2746 3,
1789 2693 1845 2732 η.
1886 2676 1956 2747 1).
2001 2677 2108 2731 Ve-

403 2794 534 2833 rum
587 2791 719 2831 cum
759 2772 1116 2829 difﬁcillimas
1157 2787 1247 2826 res
1290 2774 1669 2834 occurrerent,
1720 2771 1778 2821 et
1816 2766 2105 2821 auditores

406 2884 538 2923 suos
574 2866 643 2921 ad
684 2880 881 2919 earum
923 2860 1350 2934 perceptionem
1394 2873 1630 2930 operose
1669 2855 1909 2927 perduci
1940 2870 2104 2925 posse

404 2955 751 3026 intelligeret
796 2951 1171 3023 Augustinus,
1224 2949 1287 3003 in
1336 2952 1627 3019 postrema
1679 2944 1812 3000 libri
1875 2943 2110 2998 secundi

401 3049 560 3118 parte
590 3044 661 3114 de
707 3041 903 3097 ordine
947 3038 1215 3095 studendi
1254 3036 1412 3109 loqui
1462 3034 1688 3103 maluit,
1734 3049 1848 3105 quo
1878 3050 1912 3088 a
1939 3033 2110 3087 rebus

412 3131 699 3204 corporeis
723 3131 793 3186 ad
819 3128 1203 3201 spiritualium
1232 3126 1498 3180 notitiam
1528 3126 1756 3194 oportet
1792 3137 2106 3192 assurgere.

468 3226 520 3277 9.
555 3220 735 3291 Hujus
764 3217 1035 3288 colloquii
1067 3214 1366 3271 occasione
1395 3218 1568 3284 atque
1613 3210 1857 3282 origine,
1890 3226 2018 3283 quae
2049 3210 2108 3264 in

397 3310 688 3383 prioribus
715 3307 845 3363 libri
877 3306 1055 3377 primi
1095 3304 1378 3375 capitibus
1407 3303 1672 3368 refertur,
1704 3299 1847 3355 nihil
1882 3299 2109 3370 excogi-

339 3412 343 3417 '
398 3397 511 3453 tari
534 3399 725 3467 potest
761 3392 1091 3465 jucundius,
1121 3390 1267 3445 nihil
1295 3389 1512 3461 gratius
1541 3388 1640 3442 illa
1682 3388 1968 3459 gallorum
1997 3387 2113 3457 gal-

400 3486 763 3542 linaceorum
792 3497 1007 3553 pugna,
1036 3495 1209 3551 quam
1237 3478 1450 3533 ibidem
1468 3476 1822 3549 Augustinus
1843 3475 2111 3547 graphice

398 3572 668 3630 describit
696 3572 789 3643 (De
811 3570 1034 3636 Ordine,
1085 3569 1179 3623 lib.
1237 3570 1288 3634 t,
1336 3583 1391 3621 n.
1427 3566 1539 3638 25).
1590 3566 1800 3620 Verum
1831 3581 1961 3636 quae
2005 3564 2109 3619 sub

403 3663 526 3734 ejus
577 3660 708 3715 libri
754 3659 933 3714 finem
979 3659 1269 3729 leguntur,
1328 3654 1563 3726 majoris
1617 3657 1752 3708 sunt
1806 3653 2110 3723 momenti,

401 3766 575 3824 quam
604 3753 669 3804 ut
698 3749 940 3804 debeant
967 3744 1354 3819 praetermitti.
1407 3744 1507 3799 Hic
1535 3742 1690 3799 enim
1716 3741 1965 3814 optimus
1995 3759 2108 3798 non

397 3841 613 3911 linguas
635 3838 844 3907 solum,
874 3853 1075 3891 verum
1094 3835 1269 3890 etiam
1295 3833 1474 3890 animi
1501 3850 1565 3888 ac
1584 3832 1731 3888 virtu
1742 3832 1812 3886 tis
1839 3831 2111 3903 magister

396 3930 557 4002 gravi
611 3927 873 4000 seriaque
929 3925 1344 3997 discipulorum
1414 3938 1651 3978 suorum
1708 3921 2109 3992 objurgatione

399 4018 667 4085 ostendit,
700 4017 992 4090 quomodo
1014 4012 1313 4071 coercendi
1334 4016 1467 4067 sunt
1495 4010 1886 4067 aemulationis
1917 4009 2114 4063 etina-

397 4108 488 4162 nis
511 4106 799 4178 iactantia:
819 4109 1009 4159 motus
1033 4103 1094 4157 in
1110 4100 1563 4157 adolescentibus
1591 4098 1691 4170 qui
1720 4099 1857 4153 dant
1873 4114 2109 4168 operam

398 4196 620 4252 litteris.
651 4194 953 4266 Trygetius
993 4190 1291 4264 quidpiam
1319 4189 1657 4261 protulerat,
1686 4190 1922 4257 propter
1959 4184 2111 4256 quod

398 4300 534 4340 eum
563 4298 802 4354 arguere
843 4284 1071 4336 coactus
1119 4279 1307 4334 fuerat
1357 4274 1731 4346 Augustinus.
1782 4275 1881 4328 Ille
1919 4278 2111 4327 autem

402 4388 703 4444 perperam
733 4387 793 4426 se
822 4371 1078 4425 locutum
1104 4367 1275 4423 fuisse
1304 4364 1787 4429 animadvertens,
1811 4363 1983 4417 verba
2011 4379 2114 4418 sua

400 4458 940 4532 deleripostulabat.
970 4456 1205 4524 Urgebat
1229 4456 1504 4511 Licentius
1517 4455 1885 4519 utmanerent,
1900 4450 2111 4522 inquit,

397 4564 689 4621 puerorum
717 4549 924 4603 scilicet
947 4562 1111 4615 more,
1135 4545 1219 4600 vel
1240 4545 1423 4615 potius
1448 4543 1745 4608 hominum,
1773 4540 1914 4611 proh
1932 4541 2113 4607 nefas!

397 4655 535 4712 pene
554 4642 791 4694 omnium
814 4654 829 4705 ;
863 4638 1025 4707 quasi
1049 4650 1174 4690 vero
1193 4632 1475 4702 gloriandi
1495 4646 1662 4687 causa
1689 4631 1829 4685 inter
1852 4644 1948 4684 nos
1974 4629 2114 4712 illud

404 4732 675 4797 ageretur.
708 4726 875 4796 Cujus
903 4728 1105 4781 motum
1126 4724 1302 4778 animi
1320 4737 1440 4778 cum
1467 4721 1815 4791 objurgarem
1834 4704 2113 4789 graviori-3

404 4817 501 4872 bus
527 4816 724 4881 verbis,
758 4815 1000 4870 erubuit:
1017 4830 1127 4884 qua
1155 4813 1273 4883 ejus
1297 4810 1708 4882 perturbatione
1746 4809 2114 4864 animadverti

397 4905 661 4961 ridentem
709 4905 1082 4975 latantemque
1133 4903 1469 4971 Trygetium.
1512 4901 1583 4957 Et
1613 4899 1871 4955 ambobus
1908 4914 1922 4954 :
1958 4899 2114 4953 Itane

402 4995 593 5063 agitis,
626 4995 853 5063 inquam
872 4992 901 5049 ‘l
929 4994 1119 5049 Nonne
1144 5005 1238 5047 vos
1256 4993 1429 5045 movet
1453 4988 1651 5058 quibus
1678 4989 1937 5042 vitiorum
1962 4987 2116 5042 moli-

405 5083 503 5139 bus
523 5087 687 5152 atque
711 5083 999 5152 imperitia
1025 5079 1257 5135 tenebris
1282 5093 1598 5149 premamur
1622 5081 1674 5131 et
1701 5079 2072 5146 cooperiamur
2087 5078 2115 5130 φ

404 5173 646 5229 Haecine
681 5175 761 5227 est
788 5171 889 5226 illa
912 5170 1079 5240 paulo
1100 5172 1225 5223 ante
1251 5172 1452 5232 vestra,
1479 5166 1546 5219 de
1574 5180 1685 5234 qua
1719 5167 1931 5234 ineptus
1961 5166 2112 5219 laeta-

406 5262 524 5331 bar,
558 5261 805 5322 attentio.
848 5263 899 5314 et
945 5257 1008 5313 in
1044 5259 1213 5313 Deum
1253 5258 1639 5323 veritatemque
1666 5256 1925 5309 surrectio
1947 5256 1975 5308 ?
2000 5255 2042 5310 O
2065 5256 2116 5309 si

413 5352 690 5419 videretis,
722 5349 806 5405 vel
824 5352 935 5403 tam
950 5345 1304 5417 lippientibus
1324 5345 1489 5399 oculis
1511 5358 1675 5413 quam
1701 5358 1796 5411 ego
1824 5345 1883 5397 in
1917 5343 2113 5413 quibus

405 5441 663 5511 periculis
682 5440 983 5509 jaccamus,
1016 5435 1168 5505 cujus
1187 5433 1363 5489 morbi
1391 5432 1713 5486 dementiam
1742 5433 1885 5487 risus
1906 5434 2007 5487 iste
2035 5435 2115 5486 in-

409 5529 549 5584 dicet
570 5531 590 5583 !
620 5529 662 5585 Ο
681 5531 732 5584 si
750 5527 1035 5583 videritis!
1063 5538 1228 5593 quam
1245 5525 1367 5585 cito,
1395 5536 1559 5591 quam
1578 5521 1783 5588 statim,
1808 5526 2115 5591 quantoque

407 5616 724 5687 productius
768 5631 888 5672 eum
923 5615 1200 5671 verteretis
1223 5613 1283 5666 in
1308 5599 1501 5681 ﬂetus!
1529 5611 1734 5679 Miseri,
1775 5610 1991 5664 nescitis
2021 5609 2116 5665 ubi

2211 449 2435 507 sumus?
2485 453 2758 506 Demersus
2822 450 3042 521 quidem
3097 464 3208 505 esse
3247 451 3457 503 animos
3502 448 3749 503 omnium
3796 447 3921 501 stul~

2213 546 2387 596 torum
2415 540 2854 611 indoctorumque
2893 555 3165 595 commune
3192 543 3304 606 est;
3353 538 3448 594 sed
3476 553 3584 592 non
3612 552 3722 592 uno
3769 541 3924 607 atque

2212 631 2392 685 eodem
2410 630 2564 685 modo
2594 630 2848 685 demersis
2864 646 3016 700 opem
3034 630 3308 699 sapientia
3336 631 3387 682 et
3415 642 3640 682 manum
3666 627 3920 695 porrigit.

2212 721 2332 776 Alii
2343 725 2490 788 sunt,
2516 720 2734 788 credite,
2758 720 2861 774 alii
2887 723 3014 774 sunt
3034 720 3131 788 qui
3150 732 3364 773 sursum
3381 719 3707 783 vocantur,a
3725 715 3819 769 Ilii
3837 718 3927 783 qui

2213 812 2272 865 in
2296 811 2578 880 profunda
2599 811 2879 865 laxantur.
2904 810 3101 877 Nolite,
3117 807 3328 862 obsecro
3350 822 3465 873 vos,
3492 807 3775 873 geminare
3792 805 3929 858 mihi

2213 904 2479 956 miserias.
2504 902 2649 957 Satis
2675 901 2815 956 mihi
2839 901 2950 955 sint
2975 900 3201 954 vulnera
3225 915 3362 959 mea,
3398 913 3518 968 quae
3544 901 3607 951 ut
3635 900 3927 961 sanentur,

2210 1005 2345 1060 pene
2383 990 2719 1059 quotidianis
2748 988 2961 1057 ﬂetibus
2992 990 3155 1042 Deum
3180 1001 3400 1055 rogans,
3432 985 3807 1054 indigniorem
3839 989 3922 1038 ta-

2214 1096 2334 1133 men
2359 1094 2469 1133 esse
2486 1095 2589 1146 me,
2617 1080 2713 1147 qui
2732 1083 2843 1133 tam
2863 1080 2967 1133 cito
2993 1092 3174 1143 saner,
3208 1091 3372 1145 quam
3398 1075 3694 1146 volo,szpe
3716 1080 3929 1128 memet-

2215 1170 2331 1238 ipse
2366 1170 2633 1223 convinco.
2675 1169 2869 1232 Nolite,
2901 1167 3151 1229 obsecro;
3180 1168 3232 1221 si
3258 1165 3394 1237 quid
3434 1166 3570 1219 mihi
3616 1164 3846 1229 amoris,
3875 1167 3925 1215 si

2217 1256 2354 1326 quid
2379 1256 2785 1311 necessitudinis
2838 1256 3060 1321 debetis,
3107 1257 3158 1309 si
3202 1254 3511 1323 intelligitis
3532 1257 3807 1322 quantum
3836 1267 3926 1305 vos

2218 1346 2468 1415 diligam,
2502 1348 2697 1415 quanti
2720 1347 2945 1412 faciam,
2979 1349 3243 1413 quantum
3266 1359 3348 1398 me
3378 1358 3512 1397 cura
3538 1343 3782 1409 emagitet
3812 1356 3927 1396 mo-

2216 1452 2339 1491 rum
2362 1442 2658 1492 vestrorum
2684 1452 2697 1503 ;
2725 1438 2775 1491 si
2803 1435 2999 1504 dignus
3027 1450 3145 1490 sum
3190 1450 3346 1504 quem
3373 1449 3481 1489 non
3519 1433 3847 1502 negligatis,
3881 1434 3931 1487 si

2218 1526 2448 1596 denique
2467 1529 2571 1581 Deo
2601 1530 2731 1581 teste
2748 1541 2853 1579 non
2879 1527 3129 1594 mentior,
3150 1524 3293 1577 nihil
3309 1539 3390 1577 me
3416 1523 3540 1592 plus
3569 1523 3716 1577 mihi
3734 1525 3928 1592 aptare

2220 1630 2385 1684 quam
2423 1615 2592 1682 vobis,
2644 1614 2920 1685 rependite
2963 1614 3101 1668 mihi
3143 1613 3468 1681 beneﬁcium.
3502 1613 3573 1667 Et
3601 1613 3654 1666 si
3680 1628 3770 1666 me
3805 1628 3930 1666 ma—

2220 1706 2452 1773 gistrum
2492 1704 2717 1758 libenter
2758 1704 2983 1765 vocatis,
3026 1702 3238 1756 reddite
3265 1701 3405 1754 mihi
3432 1700 3728 1754 mercedem
3758 1715 3773 1754 :
3804 1700 3931 1754 boni

2220 1797 2399 1848 estote.
2434 1795 2534 1847 Hic
2564 1792 2659 1847 ubi
2682 1807 2747 1846 ne
2768 1793 2932 1862 plura
2960 1791 3209 1851 dicerem,
3249 1790 3502 1858 lacryma:
3538 1790 3680 1844 mihi
3705 1788 3932 1843 modum

2219 1885 2608 1952 imposuerunt.
2639 1883 2911 1936 Licentius
2940 1881 3312 1935 molestissime
3332 1881 3534 1947 ferens,
3563 1878 3712 1947 quod
3748 1881 3931 1933 omnia

2220 1970 2595 2028 scribebantur
2626 1986 2639 2024 :
2672 1969 2817 2040 Quid
2845 1972 3002 2034 enim,
3037 1971 3139 2034 ait,
3177 1970 3423 2036 fecimus,
3448 1982 3539 2022 oro
3567 1971 3618 2022 te
3638 1966 3667 2022 ?
3703 1967 3929 2033 Adhuc,

2220 2064 2467 2131 inquam,
2500 2075 2593 2115 nec
2633 2060 2826 2127 fateris
2867 2060 3058 2113 saltem
3092 2061 3369 2129 peccatum
3400 2060 3549 2111 tuum
3571 2055 3600 2113 ?
3646 2058 3728 2110 Tu
3756 2059 3933 2111 nescis

2221 2153 2279 2206 in
2308 2152 2406 2206 illa
2420 2150 2600 2205 schola
2617 2150 2860 2217 graviter
2882 2162 2961 2201 me
2978 2146 3308 2201 stomachari
3327 2146 3564 2211 solitum,
3591 2145 3741 2215 quod
3760 2161 3934 2215 usque

2221 2240 2353 2295 adeo
2380 2240 2540 2309 pueri
2562 2252 2668 2291 non
2692 2237 2926 2291 utilitate
2954 2240 3116 2304 atque
3141 2234 3325 2289 decore
3361 2234 3808 2305 disciplinarum,
3839 2235 3934 2290 sed

2220 2330 2552 2384 inanissima:
2581 2327 2761 2381 laudis
2790 2341 2968 2380 amore
2996 2325 3338 2391 ducerentur,
3369 2328 3430 2378 ut
3460 2324 3725 2393 quosdam
3758 2325 3931 2380 etiam

2221 2416 2400 2470 aliena
2426 2416 2591 2470 verba
2618 2418 2845 2469 recitare
2864 2430 2969 2469 non
2996 2413 3240 2484 puderet,
3273 2414 3685 2483 acciperentque
3698 2413 3930 2483 plausus

2223 2505 2268 2573 (ο
2298 2503 2754 2573 ingemiscendum
2798 2504 3065 2571 malum!)
3124 2502 3192 2556 ab
3238 2502 3437 2556 eisdem
3481 2503 3639 2572 ipsis,
3696 2518 3931 2573 quorum

2221 2598 2375 2647 erant
2390 2593 2489 2647 illa
2509 2608 2627 2663 qum
2646 2592 2952 2646 recitabant
2972 2590 2999 2647 ?
3023 2592 3045 2645 1
3053 2582 3108 2644 ta
3125 2605 3217 2645 vos
3238 2592 3635 2661 quamvisinihil
3659 2607 3929 2662 unquam,

2219 2685 2281 2735 ut
2300 2683 2514 2751 opinor,
2545 2682 2649 2735 tale
2676 2682 2916 2747 feceritis
2941 2696 2954 2746 ;
2990 2683 3166 2733 tamen
3186 2684 3237 2733 et
3260 2681 3319 2733 in
3336 2679 3765 2750 philosophiam,
3799 2685 3853 2735 et
3871 2685 3930 2734 in

2220 2784 2337 2823 eam
2348 2772 2540 2838 vitam,
2555 2785 2718 2838 quam
2733 2785 2815 2823 me
2832 2769 3049 2823 tandem
3070 2783 3354 2838 occupasse
3374 2769 3544 2838 laetor,
3564 2770 3931 2826 mutationis

2220 2858 2447 2928 tabi/ica?
2464 2863 2626 2927 atque
2648 2860 2830 2912 inanis
2843 2859 3128 2927 jactantiae
3145 2858 3418 2926 ultimam,
3439 2858 3534 2912 sed
3559 2862 3925 2915 nocentiorem

2221 2949 2426 3003 caeteris
2443 2946 2687 3002 omnibus
2708 2951 2912 3017 pestem
2937 2946 3276 3001 introducere
3297 2962 3359 3000 ac
3376 2949 3749 3015 proseminare
3772 2965 3932 3004 cona-

2221 3038 2359 3090 mini
2389 3052 2402 3090 :
2435 3040 2484 3090 et
2511 3037 2745 3103 fortasse
2766 3037 2897 3103 quia
2923 3050 3015 3090 vos
3035 3035 3223 3089 abista
3241 3037 3485 3090 vanitate
3511 3037 3803 3106 morboque
3830 3039 3929 3092 de-

2223 3130 2408 3193 terreo,
2440 3126 2709 3193 pigriores
2741 3126 2893 3179 eritis
2920 3123 2995 3177 ad
3021 3123 3209 3178 studia
3239 3123 3528 3191 doctrinm;
3556 3129 3605 3180 et
3633 3126 3703 3180 ab
3734 3126 3931 3181 ardore

2218 3218 2446 3268 rentosee
2464 3215 2628 3281 famae
2647 3215 2965 3283 repercussi,
2978 3215 3038 3267 in
3060 3217 3323 3283 torporem
3336 3215 3541 3268 inertiae
3553 3215 3925 3281 congelabitis.

2220 3305 2303 3358 Me
2318 3304 2592 3368 miserum,
2607 3304 2868 3356 sinecesse
2890 3303 2993 3356 erit
3014 3303 3145 3357 tales
3166 3305 3329 3356 etiam
3349 3318 3489 3357 nunc
3496 3305 3728 3373 perpeti,
3751 3321 3787 3360 a
3804 3309 3927 3375 qui-

2222 3390 2317 3445 bus
2349 3390 2487 3445 vitia
2516 3391 2765 3444 decedere
2794 3392 2909 3446 sine
2928 3392 3160 3445 aliorum
3182 3392 3440 3447 vitiorum
3468 3396 3799 3450 successione
3825 3412 3929 3451 non

2216 3481 2458 3549 possint!
2478 3479 2743 3544 Probalis,
2766 3482 2848 3534 ait
2873 3480 3168 3542 Licentius,
3191 3496 3355 3549 quam
3381 3484 3726 3551 purgatiores
3745 3486 3931 3552 futuri

2219 3570 2406 3623 simus.
2440 3568 2597 3622 Modo
2619 3568 2760 3623 illud
2784 3568 3121 3623 obsecramus
3144 3584 3244 3638 per
3270 3572 3453 3624 omnia
3482 3586 3601 3639 qua
3629 3572 3846 3642 diligis,
3870 3580 3928 3629 ut

2217 3658 2459 3723 ignotum
2513 3657 2666 3711 nobis
2720 3659 2873 3724 velis,
2928 3662 3090 3728 atque
3143 3658 3241 3713 illa
3290 3661 3470 3713 omnia
3507 3660 3679 3715 deleri
3708 3663 3925 3731 jubeas.

2219 3745 2466 3809 Prorsus,
2501 3746 2683 3813 inquit
2732 3747 3040 3815 Trygetius,
3071 3750 3289 3800 maneat
3327 3751 3514 3802 nostra
3566 3764 3748 3817 poena,
3779 3755 3843 3805 ut
3871 3768 3930 3805 ea

2220 3834 2362 3902 ipsa,
2398 3848 2518 3901 qua
2541 3848 2637 3887 nos
2668 3834 2828 3888 illicit
2854 3837 3029 3900 fama,
3059 3835 3269 3902 flagello
3310 3837 3535 3905 proprio
3564 3853 3597 3890 a
3626 3852 3723 3893 suo
3751 3852 3933 3894 amore

2220 3922 2506 3976 deterreat.
2528 3924 2593 3977 Ut
2606 3924 2748 3976 enim
2767 3923 2895 3978 solis
2915 3925 3109 3978 amicis
3127 3928 3177 3978 et
3190 3925 3564 3991 familiaribus
3575 3930 3780 3983 nostris
3794 3930 3931 3984 litte-

2218 4027 2296 4065 rae
2324 4014 2443 4066 ista?
2470 4013 2825 4078 innotescant,
2855 4027 2962 4066 non
2986 4027 3188 4082 parum
3217 4012 3617 4070 desudabimus.
3660 4016 3934 4074 Assensus

2218 4105 2297 4155 est
2349 4100 2440 4155 ille
2488 4100 2670 4170 (Ibid.,
2719 4101 2814 4156 lib.
2870 4104 2920 4167 1,
2967 4117 3060 4155 nn.
3106 4104 3197 4166 29,
3231 4101 3336 4159 30).
3387 4102 3554 4157 lubet
3580 4105 3934 4176 Augustinus

2222 4188 2539 4244 Licentium
2567 4205 2775 4260 poema
2804 4189 3051 4245 scribere
3079 4194 3279 4245 contra
3301 4189 3635 4247 libidinosos
3678 4210 3929 4261 amores,

2220 4277 2366 4331 etin
2395 4277 2628 4332 laudem
2679 4278 2810 4349 puri
2865 4278 3100 4345 amoris,
3151 4295 3265 4351 quo
3303 4280 3496 4336 anima
3546 4297 3650 4352 per
3677 4283 3934 4354 philoso-

2221 4366 2419 4438 phiam
2441 4365 2755 4421 intellectui
2782 4368 3084 4438 copulatur
3101 4368 3289 4438 (Ibid.,
3310 4385 3364 4424 n.
3388 4371 3500 4440 24).
3534 4371 3696 4426 Haud
3717 4373 3932 4427 scimus

2223 4472 2295 4511 an
2324 4455 2466 4511 illud
2497 4455 2573 4511 sit
2593 4455 2831 4511 Licentii
2853 4458 2924 4512 de
2952 4457 3320 4530 philosophia
3343 4475 3596 4528 carmen,
3626 4462 3781 4532 quod
3806 4480 3931 4518 san-

2223 4549 2346 4600 ctus
2380 4545 2585 4600 Doctor
2622 4545 2982 4602 Romaniano
3008 4546 3329 4618 pollicetur,

2297 4635 2380 4689 l0.
2409 4632 2523 4688 Suo
2578 4632 2648 4688 de
2688 4634 2897 4690 Ordine
2935 4634 3112 4690 libros
3132 4635 3378 4691 Zenobio
3407 4636 3686 4694 inscribit.
3725 4637 3820 4693 cui
3861 4640 3931 4694 de

2223 4721 2475 4778 Licentio
2504 4737 2656 4777 curm
2681 4727 2817 4786 erat,
2850 4723 3000 4795 quod
3024 4723 3178 4778 illius
3208 4724 3356 4796 patri
3395 4725 3540 4781 foret
3571 4726 3926 4797 conjunctis-

2223 4811 2423 4868 simus.
2473 4810 2572 4866 Hic
2627 4827 3025 4884 saepenumero
3068 4812 3136 4868 de
3183 4828 3378 4869 rerum
3407 4814 3605 4869 ordine
3636 4830 3931 4870 sermones

2222 4915 2353 4955 cum
2396 4900 2717 4971 Augustino
2766 4901 3121 4956 contulerat:
3170 4917 3372 4957 verum
3401 4903 3454 4958 ei
3481 4903 3750 4959 sublimia
3794 4920 3929 4975 per-

2222 4988 2512 5044 cunctanti
2563 5005 2862 5061 nunquam
2914 4990 3085 5061 plene
3136 4991 3458 5047 satisfacere
3504 4995 3768 5064 potuerat
3812 4995 3930 5048 Au-

2221 5078 2499 5149 gustinus,
2522 5094 2624 5133 seu
2644 5084 2879 5150 propter
2898 5095 3091 5134 rerum
3111 5079 3545 5150 sublimitatem,
3564 5098 3663 5137 seu
3684 5086 3921 5155 propter

2222 5172 2553 5239 temporum
2592 5169 2922 5240 angustias;
2958 5172 3015 5224 et
3053 5186 3286 5242 semper
3314 5171 3656 5227 solutionem
3682 5171 3743 5227 in
3774 5172 3930 5227 aliud
3960 5176 3963 5179 ’

2220 5258 2447 5327 tempus
2477 5256 2789 5313 distulerat.
2841 5259 3027 5323 Quare
3079 5258 3358 5315 Zenobius
3404 5261 3511 5315 hac
3539 5261 3927 5332 procrastina-

2222 5342 2381 5397 tione
2430 5343 2792 5416 defatigatus,
2835 5346 3225 5418 Augustinum
3281 5349 3528 5420 eleganti
3565 5350 3821 5406 carmine
3860 5351 3926 5406 ad

2223 5431 2402 5486 fusius
2433 5437 2489 5487 et
2537 5434 2855 5489 accuratius
2906 5438 3374 5506 respondendum
3420 5440 3771 5509 provocavit.
3825 5440 3929 5496 Sed

2223 5536 2353 5575 cum
2383 5520 2700 5577 Mediolano
2725 5524 3088 5595 repentinum
3119 5527 3192 5582 ob
3214 5527 3552 5596 tumultum,
3576 5529 3738 5601 cujus
3765 5546 3929 5586 causa

2222 5625 2341 5665 non
2369 5608 2671 5676 indicatur,
2703 5628 2773 5669 ex
2801 5612 3112 5686 improviso
3160 5614 3442 5687 proficisci
3481 5620 3709 5674 coactus
3736 5618 3931 5675 fuisset
