4020 6416
78 372 163 426 133
1465 366 1678 424 LIBER
1718 363 2086 425 SECUNDUS
2098 408 2112 423 .

72 493 207 545 idem
246 487 545 555 Zenobius,
592 487 749 542 venit
797 488 856 543 in
885 488 1231 544 oblivionem
1270 489 1440 561 hujus
1482 490 1752 545 carminis

70 577 364 650 Augustino
385 577 753 649 relinquendi
776 582 841 633 ut
862 577 946 632 illi
967 579 1342 649 responderet
1360 579 1544 650 (Ibid.,
1562 595 1618 634 η.
1635 580 1748 650 20).

73 667 218 725 Haud
244 666 453 721 scimus
501 682 574 720 an
607 682 675 721 ea
719 682 807 721 res
838 667 910 721 sit
938 667 1035 722 illa
1078 668 1225 738 ipsa,
1271 668 1339 723 de
1365 684 1478 741 qua
1504 669 1751 724 Zenobio

79 756 315 811 scribens
332 754 685 827 Augustinus
717 754 913 827 (Epist.
945 757 997 826 2)
1029 756 1233 811 dixerit
1268 757 1595 812 inchoatam
1622 774 1751 812 cum

74 847 158 901 illo
195 843 636 915 disputationem
666 885 681 911 ,
724 861 855 900 cum
902 845 1104 900 eodem
1156 861 1278 900 esse
1321 846 1750 917 perﬁciendam.

76 935 268 990 Aberat
296 932 353 987 id
389 932 665 1004 temporis
692 933 991 1003 Zenobius,
1038 933 1206 1005 eique
1235 938 1475 990 testatur
1488 934 1754 1005 Augusti-

74 1039 170 1077 nus
195 1038 273 1095 se,
301 1036 432 1075 cum
456 1021 700 1076 necdum
725 1026 1010 1077 assecutus
1031 1022 1122 1090 sit,
1152 1027 1218 1077 ut
1246 1022 1390 1078 nihil
1419 1026 1571 1077 amet
1599 1023 1754 1095 quod

72 1112 250 1167 abesse
280 1126 311 1163 a
354 1125 413 1164 se
442 1109 624 1164 invito
654 1110 853 1182 possit,
887 1110 1135 1165 absentis
1162 1111 1333 1166 amici
1361 1111 1640 1167 desiderio
1669 1116 1754 1166 te-

73 1200 202 1263 neri,
235 1214 405 1270 seque
453 1199 524 1253 ab
572 1198 768 1253 amicis
796 1199 940 1254 velle
971 1199 1185 1271 pariter
1214 1200 1546 1255 desiderari.
1570 1199 1756 1264 Quan-

75 1290 265 1345 donam
304 1287 500 1341 isthaec
546 1287 787 1359 epistola
831 1288 965 1343 data
990 1288 1083 1358 sit,
1132 1304 1206 1342 an
1236 1304 1353 1343 non
1380 1292 1638 1360 tempore
1667 1305 1754 1342 se-

74 1393 240 1434 cessus
284 1376 608 1446 Augustini,
655 1376 882 1430 detiniri
928 1392 1043 1431 non
1087 1380 1289 1448 potest.
1342 1378 1408 1432 In
1449 1376 1755 1448 posteriori

75 1467 205 1521 libro
249 1463 317 1518 de
366 1463 576 1520 Ordine
604 1464 910 1535 pollicetur
948 1464 1300 1535 Augustinus
1329 1480 1409 1532 se,
1443 1465 1490 1519 si
1518 1464 1751 1532 vacarit,

78 1556 139 1610 de
167 1552 349 1608 anima
384 1556 583 1624 postea
627 1552 914 1607 dicturum
950 1552 1041 1623 (De
1068 1553 1288 1621 Ordine,
1320 1553 1414 1607 lib.
1446 1557 1499 1621 2,
1528 1569 1583 1608 η.
1622 1553 1702 1624 l7)
1736 1571 1750 1609 ε

80 1642 129 1697 id
166 1646 351 1696 tamen
396 1657 529 1695 eum
558 1640 620 1694 in
650 1641 928 1696 sermonis
957 1641 1045 1695 sui
1074 1640 1220 1696 serie
1257 1642 1588 1712 praestitisse
1638 1658 1755 1698 non

72 1731 328 1785 videmus.
372 1731 498 1785 Jam
544 1730 692 1785 forte
740 1729 932 1785 animo
984 1730 1369 1786 meditabatur
1415 1731 1629 1785 librum
1685 1731 1754 1786 de

74 1818 374 1884 Quantitate
418 1818 650 1887 animae,
702 1834 876 1891 quem
924 1819 1122 1874 Romae
1173 1834 1324 1874 anno
1370 1818 1487 1874 fere
1527 1819 1754 1874 evoluto

75 1907 412 1979 conscripsit.

726 1996 949 2051 CAPUT
989 1997 1078 2052 IX.

74 2090 89 2139 l
125 2084 345 2140 Laborat
398 2083 742 2153 Augustinus
787 2088 849 2139 ut
888 2087 1065 2153 magis
1103 2100 1166 2140 ac
1208 2087 1384 2154 magis
1416 2086 1476 2140 in
1504 2086 1753 2139 veritatis

131 2174 421 2239 cognitione
465 2172 734 2244 proficiat.
790 2174 826 2226 2
878 2175 1031 2241 Ignei
1073 2176 1296 2243 pietatis
1343 2174 1459 2243 ejus
1507 2173 1752 2242 affectus.

130 2264 157 2316 3
198 2263 502 2316 Inveterata
535 2260 774 2330 jurandi
819 2261 1200 2316 consuetudine
1225 2277 1281 2317 se
1310 2265 1414 2317 Deo
1436 2263 1666 2332 juvante
1694 2263 1758 2315 li-

131 2350 286 2404 berat.
324 2352 359 2405 4
409 2351 459 2406 Α
506 2349 749 2405 dentium
786 2350 966 2405 dolore
1011 2351 1276 2406 divinitus
1319 2357 1568 2406 sanatur.
1622 2353 1652 2405 5
1686 2353 1759 2405 De

129 2439 452 2508 Soliloquiis,
484 2441 543 2494 in
590 2439 783 2508 quibus
821 2440 971 2494 illius
1018 2441 1214 2494 animae
1240 2443 1415 2495 status
1443 2441 1755 2510 inspicitur.

135 2531 163 2581 6
196 2528 338 2583 Unde
366 2529 645 2598 appellata
671 2528 995 2597 Soliloquia,
1024 2529 1232 2599 quodve
1260 2528 1560 2583 earumdem
1585 2528 1759 2584 libro-

141 2632 252 2671 rum
279 2621 674 2685 argumentum.

136 2709 181 2762 t.
215 2706 287 2760 Ex
334 2705 520 2773 libris,
562 2721 708 2777 quos
735 2704 1087 2778 Augustinus
1115 2704 1267 2760 inter
1301 2704 1586 2777 colloquia
1623 2720 1753 2759 cum

76 2792 251 2847 amicis
293 2792 490 2847 habita
528 2809 630 2847 suo
676 2792 737 2847 in
767 2809 988 2847 secessu
1035 2792 1367 2855 lucubravit,
1409 2793 1599 2847 videre
1627 2792 1757 2846 licet

73 2898 297 2952 quanam
343 2882 463 2936 illic
512 2881 734 2936 ratione
779 2882 956 2937 vitam
995 2882 1257 2953 degeret,
1307 2898 1481 2953 quem
1530 2887 1757 2952 caperet

72 2969 162 3024 otii
188 2971 273 3025 sui
316 2970 590 3036 fructum,
634 2971 977 3042 quibusnam
1020 2971 1254 3026 demum
1283 2970 1346 3024 in
1388 2970 1590 3025 studiis
1619 2986 1755 3024 con-

72 3075 261 3114 cessam
292 3059 400 3114 sibi
447 3076 480 3114 a
514 3061 630 3114 Deo
663 3059 985 3114 doctrinam
1012 3064 1068 3114 et
1095 3059 1478 3114 eruditionem
1508 3059 1754 3114 colloca-

70 3152 173 3203 ret:
200 3165 368 3220 quam
393 3148 629 3220 quidem
658 3148 763 3202 etsi
788 3148 984 3203 divino
1013 3148 1197 3203 cultui
1217 3153 1400 3203 totam
1422 3147 1757 3215 addixisset,

72 3236 232 3291 adhuc
260 3242 455 3293 tamen
485 3237 766 3308 superbiae
792 3237 1042 3292 scholam
1073 3237 1341 3292 nonnihil
1366 3253 1563 3309 sapere
1588 3236 1754 3292 vide-

69 3325 241 3393 batur;
294 3332 356 3381 ut
403 3326 475 3380 iis
515 3325 741 3393 accidit,
790 3326 891 3398 qui
928 3343 996 3381 ex
1039 3327 1211 3397 longo
1257 3342 1429 3381 cursu
1459 3327 1754 3395 anhelant,

72 3413 226 3469 etiam
270 3431 397 3469 cum
450 3415 523 3470 ad
568 3414 973 3487 respirandum
1012 3415 1317 3488 quiescunt
1362 3415 1538 3486 (Conf.
1570 3415 1666 3471 lib.
1699 3418 1752 3481 9,

71 3518 176 3573 cap.
214 3504 265 3570 4,
311 3521 365 3559 n.
412 3504 492 3576 '7).
550 3507 945 3576 Praeterquam
974 3504 1129 3577 quod
1159 3505 1265 3559 hac
1294 3504 1355 3557 in
1383 3508 1545 3575 parte
1575 3504 1756 3576 pietas

71 3590 225 3660 ipsius
242 3595 481 3664 paulum
503 3594 949 3665 oppugnabatur
968 3593 1038 3649 ab
1056 3593 1278 3664 Alypio,
1300 3593 1401 3664 qui
1413 3592 1600 3664 primo
1620 3610 1756 3648 eum

69 3678 169 3732 suis
194 3679 250 3735 in
293 3681 452 3736 libris
480 3697 695 3737 nomen
723 3682 1027 3738 Salvatoris
1056 3682 1238 3737 nostri
1267 3683 1398 3736 Jesu
1428 3681 1634 3736 Christi
1666 3682 1756 3737 in-

68 3782 235 3823 serere
277 3770 641 3841 prohibebat,
674 3772 826 3843 quod
866 3772 1062 3826 mallet
1101 3752 1256 3826 illius
1286 3771 1481 3825 stilum
1511 3770 1755 3825 excelsas

66 3856 427 3930 philosophia:
479 3864 535 3915 et
582 3860 925 3932 eloquentia:
980 3861 1218 3929 cedros,
1276 3876 1452 3931 quam
1505 3858 1754 3912 humiles

71 3942 334 4016 Evangelii
380 3952 442 4003 et
488 3949 745 4004 Ecclesia:
796 3948 1018 4017 herbas,
1067 3948 1276 4003 animis
1331 3948 1604 4018 salubres,
1638 3963 1755 4001 ser-

67 4035 314 4102 pentibus
360 4038 647 4098 adversas,
680 4038 955 4093 redolere.
987 4038 1281 4093 Gaudebat
1323 4037 1383 4092 in
1424 4053 1492 4091 eo
1531 4051 1750 4090 secessu

69 4124 471 4192 superﬂuarum
511 4126 713 4181 mundi
740 4126 1121 4198 cupiditatum
1151 4126 1374 4198 laqueis
1402 4126 1558 4180 velut
1582 4141 1752 4196 expe-

68 4209 217 4279 ditus,
234 4214 554 4285 respirabat
567 4215 729 4287 quasi
740 4219 1101 4270 terrenarum
1113 4214 1567 4269 sollicitudinum
1582 4229 1757 4268 onere

70 4298 336 4370 liberatus,
371 4304 463 4359 sui
491 4321 625 4359 eum
654 4304 864 4359 erroris
910 4304 1243 4376 poenitebat,
1278 4303 1352 4358 ad
1400 4319 1460 4358 se
1505 4302 1754 4385 redibat,

70 4392 338 4459 qumrebat
366 4392 786 4448 intentissimas
813 4393 1108 4449 veritatem
1120 4392 1349 4465 (Contra
1364 4391 1560 4455 Acad.,
1578 4391 1669 4446 lib.
1693 4394 1725 4445 2
1738 4430 1754 4451 .

72 4493 116 4532 η.
145 4480 219 4550 4).
256 4483 414 4537 Tunc
444 4482 599 4537 enim
636 4482 912 4554 temporis
957 4482 1238 4537 sentiebat
1280 4498 1454 4553 quam
1485 4480 1644 4552 gravi
1672 4480 1757 4533 vi-

70 4565 260 4623 tiorum
296 4571 451 4625 mole
479 4575 860 4642 premeretur,
892 4575 950 4626 et
992 4586 1169 4643 quam
1196 4570 1386 4625 densis
1415 4570 1760 4625 obrueretur

71 4653 390 4725 ignorantiae
408 4659 683 4715 tenebris.
708 4660 1022 4714 Vulnerum
1044 4675 1283 4714 suorum
1305 4659 1589 4714 medelam
1608 4673 1757 4729 pene

71 4744 402 4813 quotidianis
433 4762 470 4801 a
500 4747 614 4802 Deo
652 4747 918 4818 lacrymis
947 4747 1289 4818 exposcebat
1318 4763 1331 4802 :
1367 4763 1431 4801 ac
1461 4744 1757 4801 nihilomi-

71 4845 165 4885 nus
186 4832 491 4891 inducebat
519 4835 800 4905 animum,
832 4835 1218 4907 indigniorem
1247 4851 1367 4891 esse
1398 4852 1479 4904 se,
1510 4834 1612 4907 qui
1640 4838 1759 4890 tam

71 4918 164 4975 cito
192 4929 513 4992 sanaretur,
546 4940 722 4997 quam
749 4925 921 4980 vellet
958 4924 1061 4998 (De
1090 4925 1312 4993 Ordine,
1345 4925 1438 4980 lib.
1474 4928 1525 4990 l,
1557 4940 1613 4980 n.
1645 4924 1758 4997 29).

72 5010 251 5066 Adhuc
294 5011 358 5068 in
407 5014 731 5085 quaestione
782 5014 853 5069 de
906 5014 1095 5068 anima
1133 5014 1447 5069 ﬂuctuabat
1476 5015 1566 5084 (De
1593 5015 1763 5068 Beata

81 5098 210 5171 Vita,
239 5118 295 5157 π.
326 5106 404 5171 5),
430 5108 488 5158 et
509 5104 864 5158 Paracletum
887 5102 1164 5175 Spiritum
1193 5102 1446 5158 veritatis
1474 5118 1508 5157 a
1536 5100 1761 5158 Christo

76 5186 298 5246 Domino
332 5192 574 5247 missum
615 5192 788 5247 fuisse
815 5192 1105 5247 nesciebat
1134 5192 1305 5264 (Conf.
1340 5192 1433 5247 lib.
1467 5195 1518 5259 9,
1552 5206 1674 5261 cap.
1706 5193 1761 5261 4,

75 5290 119 5331 η.
166 5280 237 5350 9).
290 5281 495 5353 Itaque
549 5281 1047 5353 persuasissimum
1084 5281 1346 5347 habebat,
1381 5280 1759 5352 ignorantiam

76 5382 217 5424 suam
250 5371 534 5441 majorem
564 5387 707 5439 esse,
738 5387 913 5444 quam
942 5371 1289 5443 intelligeret
1320 5372 1412 5442 (De
1432 5369 1564 5426 0rd.
1589 5370 1680 5424 lib.
1705 5371 1758 5434 2,

72 5470 119 5511 τι.
149 5458 226 5529 9);
256 5475 435 5532 seque
465 5459 527 5514 iu
555 5460 920 5531 philosophia
947 5476 1195 5531 puerum
1223 5459 1526 5527 fatebatur,
1549 5458 1761 5513 nedum

76 5560 124 5599 se
149 5548 465 5618 sapientem
492 5548 793 5621 reputabat
815 5549 997 5620 (Ibid.,
1030 5549 1125 5605 lib.
1155 5553 1203 5617 t,
1224 5565 1281 5606 η.
1316 5549 1421 5620 l3).
1451 5549 1658 5604 Verum
1677 5563 1763 5602 ar-

76 5631 390 5693 dentissimo
436 5637 692 5694 discendi
738 5638 928 5695 studio
973 5638 1276 5711 ﬂagrabat,
1305 5641 1361 5694 et
1382 5637 1456 5694 ob
1485 5637 1545 5693 id
1580 5653 1762 5693 unum

3457 371 3557 425 134

1863 494 2056 545 noctes
2088 489 2322 562 diesque
2352 488 2727 562 pervigilabat
2750 489 2941 562 (Ibid.,
2971 506 3026 544 π.
3062 491 3168 563 l2).
3201 491 3266 545 In
3296 490 3352 545 id
3382 492 3565 546 solum

1864 579 2251 647 incumbebat,
2282 585 2346 634 ut
2374 580 2632 635 animum
2659 596 2825 634 suum
2865 596 2899 633 a
2926 578 3083 633 falsis
3121 579 3568 652 perniciosisque

1863 668 2249 740 opinionibus,
2270 669 2478 741 quibus
2508 669 2939 735 obturbabatur,
2969 672 3317 739 expurgaret
3348 670 3566 739 (Contra

1864 757 2038 813 Acad.
2076 758 2169 813 lib.
2200 760 2253 821 2,
2275 774 2331 813 η.
2365 759 2442 828 9).
2477 760 2732 831 Cumque
2751 758 2873 830 jam
2903 761 3038 812 tunc
3066 756 3252 823 sciret,
3274 757 3569 814 veritatem

1869 846 1981 901 nisi
2009 846 2202 901 divina
2232 848 2339 918 op’e
2385 863 2505 902 non
2540 846 2777 919 percipi,
2810 863 2936 902 eam
2966 863 2999 900 a
3030 846 3150 901 solo
3183 848 3299 901 Deo
3328 847 3396 902 ad
3427 863 3565 902 con-

1861 936 2166 991 tutandum
2182 935 2544 991 mendacium
2556 936 2938 1007 exspectabat,
2970 952 3000 989 a
3014 951 3129 1007 quo
3140 934 3257 990 suis
3283 934 3344 989 in
3364 936 3568 991 studiis

1863 1025 2140 1080 auxilium
2188 1025 2348 1079 omni
2391 1024 2690 1080 devotione
2736 1029 2907 1097 atque
2952 1023 3164 1095 pietate
3193 1023 3561 1095 implorabat.

1865 1113 2006 1167 Cum
2029 1114 2209 1168 Deum
2227 1113 2414 1184 ipsum
2433 1112 2690 1185 quotidie
2704 1112 3082 1185 interrogaret
3101 1129 3232 1167 cum
3252 1112 3567 1168 humilibrs
3637 1172 3645 1183 ,

1864 1202 2111 1274 querelis
2136 1207 2192 1257 et
2220 1203 2506 1274 lacrymis,
2530 1206 2649 1257 erat
2672 1207 2862 1257 tamen
2885 1207 3114 1274 paratus
3137 1202 3207 1256 ad
3232 1216 3563 1273 responsum

1864 1291 2276 1362 recipiendum,
2308 1308 2414 1363 per
2435 1308 2606 1364 quem
2637 1292 2752 1346 Deo
2780 1290 3087 1346 videretur.

1936 1382 1991 1434 2.
2024 1381 2088 1434 In
2140 1380 2342 1451 primis
2383 1380 2687 1452 Augustini
2741 1378 3028 1451 opusculis
3074 1378 3302 1450 plenius
3330 1393 3560 1432 cernere

1864 1472 1967 1535 est,
2000 1473 2215 1540 quanta
2256 1468 2343 1523 illi
2376 1485 2571 1523 recens
2600 1484 2926 1536 conversus,
2960 1484 3024 1522 ac
3055 1467 3193 1522 dum
3221 1466 3312 1521 vix
3342 1482 3376 1520 a
3402 1470 3562 1521 tene-

1863 1557 1983 1612 bris
2013 1563 2323 1613 cmerserat
2351 1558 2693 1629 ignorantiae
2722 1563 2893 1630 atque
2920 1557 3129 1612 erroris
3159 1557 3265 1622 sui,
3294 1556 3416 1627 jam
3440 1561 3563 1611 tum

1864 1645 2121 1700 doctrina
2150 1645 2542 1719 sapientiaque
2560 1647 2831 1718 pollebat.
2863 1647 2944 1701 En
2968 1645 3224 1717 profecto
3247 1645 3413 1716 longe
3430 1644 3563 1700 ube-

1864 1733 1981 1789 rior
2003 1738 2140 1800 erat,
2167 1751 2340 1807 quam
2368 1735 2658 1790 consuevit
2675 1734 2734 1789 in
2763 1734 3030 1789 ﬁdelibus
3059 1734 3230 1789 etiam
3249 1733 3563 1805 provectio-

1864 1822 2025 1878 ribus
2051 1823 2310 1895 reperiri.
2346 1825 2554 1879 Verum
2582 1822 2869 1878 afﬁrmare
2898 1822 3030 1876 licet
3059 1820 3394 1876 charitatem
3418 1821 3561 1891 ejus,

1863 1912 1973 1967 hoc
2018 1917 2122 1979 est,
2153 1912 2404 1967 veritatis
2434 1928 2687 1966 amorem
2718 1914 2877 1965 tanta
2911 1910 3009 1965 illa
3066 1908 3346 1978 doctrina,
3401 1909 3565 1980 cujus

1865 2001 1993 2056 fons
2021 2005 2079 2056 et
2094 2000 2255 2072 origo
2281 2006 2423 2067 erat,
2444 2001 2624 2055 multo
2656 2000 2936 2071 majorem
2967 1996 3441 2054 existitisse.iliuc
3461 1996 3566 2052 mi-

1866 2090 2019 2144 nime
2067 2089 2393 2144 mirandum
2440 2093 2545 2156 est,
2586 2089 2633 2143 si
2659 2093 2854 2161 postea
2881 2086 3106 2155 dixerit,
3140 2086 3421 2158 quosdam
3452 2084 3564 2140 ali-

1867 2179 2097 2251 quando
2140 2178 2381 2249 reperiri
2426 2178 2885 2245 catechumenos,
2940 2176 3042 2247 qui
3103 2179 3161 2230 et
3200 2174 3460 2230 doctrina
3510 2176 3567 2228 et

1866 2267 2121 2322 moribus
2165 2266 2401 2321 vincunt
2448 2267 2659 2321 multos
2703 2265 2899 2321 ﬁdeles
2932 2267 3151 2336 (Enarr.
3207 2266 3264 2318 in
3298 2264 3440 2318 Psal.
3470 2278 3560 2331 xc,

1866 2371 2023 2411 serm.
2064 2358 2120 2426 2,
2144 2372 2202 2411 η.
2235 2357 2315 2427 6).
2355 2356 2528 2411 Dulce
2556 2355 2637 2410 illi
2673 2354 3039 2426 postmodum
3067 2352 3193 2416 fuit,
3222 2352 3282 2407 in
3311 2354 3565 2406 mentem

1867 2442 1974 2497 sibi
2001 2458 2286 2510 revocare,
2337 2442 2547 2513 quibus
2588 2446 2712 2497 tum
2761 2441 3006 2496 stimulis
3057 2441 3202 2495 Deus
3244 2455 3342 2494 cor
3382 2437 3566 2509 ipsius

1866 2532 2177 2604 contigeret
2203 2532 2688 2604 perdomaretque
2720 2547 2736 2586 :
2761 2530 2860 2605 qui
2883 2531 3022 2586 dum
3039 2529 3299 2585 inanium
3312 2530 3365 2582 et
3377 2542 3568 2598 super-

1864 2623 2069 2679 barum
2099 2622 2506 2694 cogitationum
2547 2626 2771 2677 montes
2801 2621 3170 2692 deprimeret,
3199 2619 3371 2674 valles
3409 2632 3564 2672 com-

1866 2713 2156 2784 planaret;
2188 2728 2418 2767 morum
2446 2712 2626 2782 ipsius
2665 2716 2723 2766 et
2758 2710 2967 2765 indolis
3009 2709 3241 2781 obliqua
3271 2706 3563 2778 dirigeret,

1867 2818 2066 2873 aspera
2113 2800 2380 2856 deliniret
2420 2801 2676 2872 (Confess.
2729 2800 2822 2855 lib.
2872 2802 2925 2867 9,
2969 2814 3087 2868 cap.
3130 2800 3184 2865 4,
3225 2812 3281 2851 n.
3310 2795 3389 2868 7.)
3421 2798 3566 2866 Quas

1868 2889 1988 2957 tibi,
2033 2891 2170 2943 Deus
2215 2902 2383 2957 meus,
2433 2904 2581 2943 voces
2612 2888 2758 2954 dedi,
2792 2888 2871 2941 ait
2899 2886 2959 2941 in
2988 2886 3105 2941 suis
3135 2883 3566 2940 Coufessionum

1866 2975 2046 3043 libris,
2103 2991 2222 3031 cum
2250 2977 2472 3045 legerem
2526 2977 2763 3031 Psalmos
2819 2974 3020 3041 David,
3089 2975 3303 3027 cantica
3353 2971 3561 3041 ﬁdelia,

1866 3068 1917 3117 et
1966 3078 2119 3118 sonos
2165 3066 2406 3133 pietatis,
2463 3063 2803 3118 excludentes
2834 3062 3114 3131 turgidum
3141 3063 3425 3131 spiritum;
3467 3075 3564 3114 ru-

1869 3152 1954 3206 dis
2010 3154 2068 3207 in
2097 3167 2349 3221 germano
2393 3167 2573 3206 amore
2620 3156 2730 3219 tuo,
2761 3151 3165 3206 catechumenus
3195 3151 3255 3204 in
3285 3149 3421 3203 villa
3450 3163 3567 3202 cum
3666 3218 3670 3223 ι

1867 3241 2235 3296 catechumeno
2283 3241 2487 3310 Alypio
2531 3242 2790 3308 feriatus,
2829 3244 3003 3294 matre
3048 3239 3354 3293 adhaerente
3393 3238 3567 3299 nobis,

1865 3330 2118 3385 muliebri
2133 3330 2346 3398 habitu,
2367 3331 2518 3384 virili
2531 3329 2657 3399 ﬁde,
2676 3330 2817 3384 anili
2835 3330 3141 3392 securitate,
3158 3330 3414 3382 materna
3437 3327 3568 3381 cha-

1864 3422 2051 3487 ritate,
2100 3419 2371 3473 chistiana
2421 3417 2671 3487 pietate?
2718 3419 2867 3483 Quas
2907 3416 3010 3471 tibi
3054 3430 3205 3471 voces
3252 3414 3451 3469 dabam
3506 3417 3566 3469 in

1862 3509 2090 3578 psalmis
2118 3509 2251 3575 illis,
2303 3512 2353 3561 et
2382 3506 2643 3576 quomodo
2680 3508 2739 3561 in
2768 3510 2819 3561 te
2862 3506 3244 3575 inflammabar
3269 3520 3337 3559 ea:
3380 3506 3478 3571 eis,
3514 3508 3566 3559 et

1866 3598 2192 3652 accendebar
2223 3613 2308 3653 eos
2354 3600 2603 3667 recitare,
2636 3599 2687 3652 si
2711 3611 2938 3667 possem,
2973 3601 3079 3651 toto
3136 3596 3261 3651 orbe
3286 3600 3565 3650 terrarum

1866 3687 2124 3742 adversus
2156 3687 2393 3758 typhum
2439 3688 2649 3754 generis
2695 3684 2958 3741 humani?
2987 3688 3057 3740 Et
3087 3687 3263 3738 tamen
3293 3687 3400 3738 toto
3448 3682 3572 3737 orbe

1866 3778 2175 3843 cantantur,
2207 3779 2258 3829 et
2284 3789 2392 3828 non
2435 3778 2514 3829 est
2570 3776 2667 3844 qui
2701 3788 2757 3828 se
2798 3773 3095 3828 abscondat
3140 3789 3176 3826 a
3221 3773 3397 3826 calore
3455 3774 3564 3826 tuo.

1866 3863 2037 3929 Quam
2062 3863 2358 3916 vehementi
2399 3865 2450 3915 et
2491 3863 2609 3915 acri
2654 3860 2835 3914 dolore
2857 3859 3192 3928 indignabar
3219 3858 3532 3914 Manichwis
3548 3872 3569 3924 ;

1866 3956 1916 4005 et
1944 3950 2242 4004 miserabar
2270 3964 2354 4003 eos
2384 3963 2596 4011 rursus,
2637 3948 2782 4017 quod
2809 3948 2909 4002 illa
2950 3951 3309 4013 sacramenta,
3331 3946 3429 3999 illa
3453 3959 3570 3998 me-

1866 4040 2174 4094 dicamenta
2194 4039 2477 4106 nescirent,
2506 4040 2558 4091 et
2573 4038 2758 4092 insani
2785 4040 2959 4091 essent
2976 4035 3236 4090 adversus
3262 4033 3569 4089 antidotum

1866 4144 1970 4198 quo
2011 4129 2135 4182 sani
2176 4141 2288 4182 esse
2332 4127 2666 4196 potuissent!
2706 4126 2903 4182 Vellera
2932 4128 2995 4179 ut
3045 4123 3257 4179 alicubi
3287 4123 3459 4193 juxta
3488 4135 3570 4175 es-

1867 4220 2014 4281 sent;
2056 4221 2202 4286 tunc,
2229 4220 2279 4271 et
2332 4230 2415 4270 me
2443 4216 2707 4270 nesciente
2734 4213 2879 4283 quod
2914 4213 2996 4267 ibi
3019 4214 3210 4278 essent,
3235 4213 3575 4265 intuerentur

1866 4308 2064 4374 faciem
2090 4316 2285 4372 meam,
2309 4308 2360 4359 et
2389 4305 2644 4359 audirent
2670 4318 2818 4358 voces
2845 4316 3014 4372 meas,
3041 4300 3259 4372 quando
3280 4301 3387 4369 legi
3406 4314 3573 4368 quar-

1870 4401 1982 4452 tum
2010 4397 2300 4466 psalmum,
2333 4396 2393 4449 in
2438 4395 2533 4450 illo
2558 4398 2682 4449 tunc
2725 4395 2852 4461 otio,
2903 4391 3040 4461 quid
3066 4391 3132 4446 de
3158 4406 3241 4445 me
3267 4391 3459 4457 fecerit
3482 4388 3576 4443 ille

1868 4487 2132 4555 psalmus.
2181 4485 2436 4540 Inhorrui
2461 4483 2715 4549 timendo,
2745 4482 3048 4550 ibidemqne
3076 4479 3319 4548 inferbui
3343 4492 3570 4547 speran-

1868 4574 1936 4628 do
1976 4578 2026 4629 et
2073 4572 2396 4628 exsultando
2439 4574 2500 4626 in
2544 4576 2641 4626 tua
2684 4569 3078 4635 misericordia,
3124 4569 3302 4622 Pater.
3335 4568 3405 4621 Et
3462 4565 3570 4620 haec

1869 4662 2052 4715 omnia
2091 4660 2317 4715 exibant
2355 4675 2453 4729 per
2498 4660 2672 4714 oculos
2715 4672 2854 4713 meos
2894 4661 2945 4711 et
2996 4671 3172 4711 vocem
3216 4670 3406 4722 meam,
3447 4668 3568 4709 cum

1869 4763 2152 4803 conversus
2195 4747 2270 4802 ad
2304 4763 2399 4802 nos
2425 4748 2665 4818 Spiritus
2696 4751 2817 4801 tuus
2847 4745 3013 4800 bonus
3043 4748 3124 4799 ait
3148 4744 3303 4799 nobis
3332 4760 3345 4799 :
3384 4763 3412 4791 «
3438 4741 3574 4811 Filii

1871 4837 2145 4891 hominum
2170 4877 2186 4903 ,
2240 4850 2515 4904 usquequo
2571 4837 2731 4903 gravi
2770 4832 2968 4889 corde?
3027 4835 3095 4889 Ut
3147 4832 3284 4902 quid
3334 4831 3575 4901 diligitis

1868 4927 2185 4991 vanitatem,
2216 4928 2269 4978 et
2289 4925 2533 4992 quaeritis
2562 4923 2898 4977 mendacium
2914 4925 2947 4978 γ
2974 4941 3003 4975 ν
3046 4922 3257 4977 Audivi
3283 4925 3333 4975 et
3359 4924 3574 4975 contre-

1870 5016 2003 5083 mui,
2031 5016 2286 5083 quoniam
2327 5012 2528 5067 talibus
2573 5011 2779 5066 dicitur
2823 5012 3038 5082 qualem
3081 5026 3164 5066 me
3207 5012 3381 5078 fuisse
3406 5010 3571 5064 remi-

1868 5103 2134 5158 niscebar.
2165 5104 2235 5157 Et
2262 5103 2479 5156 insonui
2504 5101 2676 5156 multa
2704 5103 2947 5169 graviter
2973 5104 3026 5155 et
3048 5101 3276 5168 fortiter
3303 5100 3364 5152 in
3392 5097 3573 5152 dolore

1870 5192 2258 5248 recordationis
2314 5207 2460 5247 meae.
2514 5193 2640 5259 Quae
2682 5192 2897 5246 utinam
2938 5189 3220 5245 audissent
3259 5188 3356 5257 qui
3395 5184 3572 5240 adhuc

1871 5298 2040 5351 usque
2066 5281 2307 5352 diligunt
2338 5283 2651 5345 vanitatem,
2684 5284 2736 5335 et
2770 5284 3019 5349 quaerunt
3045 5279 3401 5341 mendacium,
3430 5275 3573 5341 forte

1873 5372 2322 5426 conturbarentur
2348 5375 2399 5427 et
2422 5372 2776 5427 evomuissent
2799 5369 2958 5424 illud.
2985 5368 3242 5437 Legebam
3275 5381 3288 5419 :
3316 5382 3344 5415 (ι
3370 5364 3570 5418 Irasci-

1870 5462 2027 5527 mini,
2058 5464 2109 5515 et
2153 5461 2318 5515 nolite
2351 5475 2591 5530 peccare.
2643 5477 2685 5533 n.
2730 5461 2802 5514 Et
2843 5454 3103 5527 quomodo
3136 5451 3404 5527 movebar,
3434 5452 3573 5504 Deus

1872 5563 2037 5618 meus,
2071 5550 2169 5619 qui
2183 5550 2307 5620 jam
2334 5548 2629 5605 didiceram
2657 5548 2827 5602 irasci
2852 5546 2989 5600 mihi
3017 5543 3083 5598 de
3104 5541 3490 5612 praeteritis,ut
3509 5538 3576 5593 de

1875 5641 2059 5693 caetero
2087 5653 2193 5694 non
2209 5652 2483 5707 peccarem
2505 5640 2601 5693 ?...
2628 5637 2733 5693 Nec
2756 5634 2878 5705 iam
2906 5633 3045 5688 bona
3070 5644 3187 5686 mea
3204 5630 3347 5698 foris
3393 5631 3573 5692 erant,
