4020 6360
398 320 500 373 135

381 454 477 495 nec
515 438 685 493 oculis
715 438 928 492 carneis
950 437 1009 491 in
1051 437 1156 491 isto
1184 437 1291 491 sole
1331 434 1733 504 qmebuntw.
1789 436 1833 492 Ο
1862 436 1913 490 si
1937 434 2088 489 vide-

380 532 503 582 rent
547 529 822 581 internum
867 529 1145 591 aeternum,
1197 524 1342 595 quod
1388 539 1482 591 ego
1537 527 1670 593 quia
1724 530 2089 593 gustaveram,

381 615 724 685 frendebam,
769 617 1026 684 quoniam
1070 629 1177 669 non
1223 616 1300 669 eis
1345 618 1594 684 poteram
1640 613 1959 668 ostendere!
2008 613 2093 668 Ibi

383 707 547 766 enim,
589 704 687 759 ubi
722 705 861 758 mihi
904 705 1082 758 iratus
1120 718 1268 757 eram
1298 704 1444 757 intus
1483 703 1543 756 in
1589 702 1774 771 cubili,
1805 702 1901 757 ubi
1945 717 2092 756 com-

378 798 615 865 punctus
661 807 828 853 eram,
877 792 973 846 ubi
1018 793 1455 861 sacriﬁcaveram
1492 796 1736 846 mactans
1776 794 2091 845 vetustatem

383 898 579 946 meam,
605 886 657 936 et
684 884 934 936 inchoata
961 880 1304 935 meditatione
1331 882 1694 937 renovationis
1718 896 1845 935 mea
1867 895 2092 950 sperans

384 973 445 1026 in
500 976 572 1038 te,
612 969 693 1025 ibi
745 970 885 1024 mihi
933 969 1234 1024 dulcescere
1273 984 1528 1038 asperas,
1571 973 1622 1023 et
1669 968 1897 1023 dederas
1950 969 2092 1022 laeti-

328 1132 331 1135 _
385 1062 522 1115 tiam
547 1060 608 1114 in
635 1056 792 1113 corde
814 1073 946 1113 meo.
979 1060 1051 1113 Et
1098 1058 1469 1113 exclamabam
1509 1058 1683 1126 legens
1724 1058 1833 1112 hac
1850 1057 2010 1123 foris,
2042 1060 2093 1111 et

386 1163 676 1218 agnoscens
704 1148 883 1213 intus;
931 1162 1025 1201 nec
1054 1147 1292 1201 volebam
1342 1148 1702 1217 multiplicari
1738 1147 1964 1200 terrenis
1994 1145 2091 1199 bo-

385 1239 501 1304 nis,
547 1236 812 1292 devorans
846 1240 1107 1305 tempora,
1139 1241 1189 1290 et
1231 1235 1519 1290 devoratus
1565 1236 1924 1304 temporibus;
1972 1249 2092 1289 cum

391 1326 639 1381 haberem
683 1327 743 1380 in
779 1328 980 1379 κει-νῆα
1019 1325 1369 1393 simplicitate
1396 1323 1551 1378 aliud
1573 1325 1906 1391 frumentum
1935 1326 1984 1376 et
2007 1324 2091 1377 vi-

387 1430 518 1471 num
555 1419 605 1470 et
649 1415 839 1469 oleum.
889 1416 961 1469 Et
1007 1413 1306 1468 clamabam
1329 1415 1388 1467 in
1417 1413 1757 1481 consequenti
1792 1427 1951 1466 versu
1973 1411 2092 1465 cla—

387 1518 534 1559 more
561 1502 671 1557 alto
692 1501 870 1557 cordis
889 1502 1029 1555 mei:
1066 1518 1092 1552 α
1117 1501 1159 1556 0
1186 1502 1244 1554 in
1269 1502 1434 1569 pace!
1461 1516 1489 1554 ο
1509 1501 1567 1553 in
1578 1499 1851 1569 idipsum!
1873 1498 2093 1567 »oquid

389 1592 556 1663 dixit,
589 1614 610 1640 ι
645 1591 993 1647 Obdormiam
1014 1593 1064 1644 et
1082 1604 1325 1644 somnum
1354 1590 1600 1658 capiam!
1630 1608 1658 1640 »
1678 1588 1940 1655 Quoniam
1970 1590 2092 1656 quis

386 1684 600 1738 resistet
620 1679 938 1750 nobis,','cum
956 1681 1048 1748 ﬁet
1072 1694 1243 1733 sermo
1273 1680 1371 1747 qui
1396 1680 1631 1748 scriptus
1646 1682 1743 1745 est,
1774 1696 1801 1728 «
1820 1677 2093 1746 Absorpta

387 1774 468 1826 est
492 1783 633 1825 mors
655 1770 716 1823 in
744 1770 1027 1823 victoriam
1052 1789 1079 1817 ι
1112 1768 1165 1838 (Ι
1188 1768 1306 1824 Cor.
1335 1783 1426 1839 xv,
1450 1768 1559 1834 54).
1585 1769 1656 1822 Et
1686 1770 1746 1821 tu
1773 1782 1826 1822 es
1854 1766 2093 1837 idipsum

385 1858 545 1915 valde
563 1859 662 1927 qui
681 1872 787 1911 non
811 1857 1076 1922 mutaris;
1108 1859 1160 1909 et
1188 1856 1248 1909 in
1278 1859 1326 1909 te
1355 1857 1567 1924 requies
1597 1855 1912 1911 obliviscens
1943 1855 2090 1910 labo-

387 1963 511 2004 rum
538 1948 797 2015 omnium,
838 1946 1095 2015 quoniam
1122 1945 1306 1998 nullus
1350 1945 1493 1999 alius
1535 1948 1723 2012 tecum,
1762 1960 1857 1998 nec
1882 1944 1957 1999 ad
1979 1945 2093 1999 alia

388 2037 562 2093 multa
599 2034 953 2104 adipiscenda
982 2049 1101 2103 qua
1122 2048 1230 2087 non
1258 2037 1385 2088 sunt
1404 2032 1550 2101 quod
1580 2037 1665 2100 tu;
1698 2033 1793 2088 sed
1814 2051 1841 2084 α
1871 2037 1949 2100 tu,
1982 2036 2093 2087 Do-

388 2127 552 2192 mine,
600 2124 957 2192 singulariter
1006 2125 1066 2177 in
1102 2137 1197 2191 spe
1227 2124 1560 2177 constituisti
1595 2138 1696 2177 me.
1728 2141 1759 2174 »
1808 2121 2089 2188 Legebam,

390 2219 441 2269 et
469 2212 763 2278 ardebam;
792 2227 886 2266 nec
932 2211 1270 2287 inveniebam
1316 2211 1453 2281 quid
1480 2213 1716 2277 facerem
1738 2211 1924 2265 surdis
1953 2227 2090 2265 mor-

391 2304 521 2368 tuis,
549 2317 617 2356 em
646 2300 842 2369 quibus
864 2301 1081 2367 fueram
1107 2302 1298 2370 pestis,
1341 2301 1574 2354 latrator
1602 2315 1823 2355 amarus
1851 2305 1902 2355 et
1926 2315 2092 2355 caecus

389 2392 651 2447 adversus
677 2392 887 2446 litteras
916 2390 982 2444 de
1007 2391 1160 2445 melle
1187 2390 1304 2444 caeli
1341 2391 1572 2458 melleas,
1604 2394 1654 2445 et
1683 2390 1749 2446 de
1777 2391 1975 2445 lumine
2003 2395 2092 2446 tuo

392 2481 686 2535 luminosas
725 2498 741 2535 :
789 2482 841 2534 et
875 2494 1038 2549 super
1073 2480 1310 2534 inimicis
1337 2479 1633 2548 Scriptura
1672 2480 1836 2549 hujus
1866 2479 2093 2534 tabesce-

393 2569 536 2638 bam,
569 2567 787 2638 quando
815 2567 1148 2624 recordabar
1175 2570 1357 2623 omnia
1384 2567 1595 2623 dierum
1618 2570 1836 2624 illorum
1861 2570 2090 2635 feriato-

390 2673 515 2713 rum
555 2656 816 2728 (Confess.
845 2656 941 2712 lib.
975 2658 1030 2724 9,
1059 2672 1179 2726 cap.
1206 2658 1261 2724 4,
1291 2673 1347 2712 n.
1380 2657 1557 2729 8-12).

462 2749 513 2802 3.
554 2745 669 2800 Sub
695 2744 752 2800 id
777 2749 1024 2816 tempus,
1053 2748 1118 2799 ut
1144 2744 1390 2808 videtur,
1419 2744 1677 2800 inolitam
1701 2744 1936 2817 jurandi
1957 2761 2091 2800 con-

390 2834 775 2903 suetudinem,
808 2850 983 2906 quam
1005 2837 1379 2901 contraxerat,
1403 2834 1749 2890 emendavit.
1777 2837 2092 2890 Juravimus

387 2926 438 2976 et
465 2937 561 2978 nos
581 2926 810 2992 passim,
850 2922 931 2978 ait
970 2922 1091 2994 ipse
1134 2923 1205 2979 ad
1252 2924 1532 2994 populum
1561 2940 1751 2991 suum,
1800 2924 2091 2979 habuimus

386 3013 553 3067 istam
601 3014 931 3068 teterrimam
981 3013 1415 3068 consuetudinem
1462 3017 1513 3068 et
1553 3016 1913 3081 mortiferam.
1963 3017 2092 3069 Dico

387 3099 663 3155 Charitati
688 3106 907 3169 vestrm;
938 3117 1006 3156 ea:
1046 3117 1150 3171 quo
1177 3104 1282 3157 Deo
1313 3105 1514 3157 servire
1542 3105 1817 3172 coepimus,
1847 3107 1898 3157 et
1923 3120 2095 3173 quan-

387 3193 504 3244 tum
531 3190 735 3244 malum
772 3192 848 3244 sit
873 3192 932 3244 in
958 3191 1204 3260 perjurio
1221 3190 1481 3252 vidimus,
1506 3192 1786 3247 timuimus
1816 3193 2091 3248 vehemen-

390 3282 491 3345 ter,
514 3281 564 3331 et
583 3277 1069 3333 veternosissimam
1089 3279 1523 3334 consuetudinem
1552 3282 1740 3335 timore
1755 3282 2092 3348 frenavimus

393 3365 593 3436 (Serm.
630 3367 751 3432 180,
781 3382 841 3420 n.
871 3365 976 3436 10.)
1006 3367 1266 3422 Luctatus
1294 3381 1414 3422 sum
1442 3371 1630 3422 contra
1658 3369 2093 3426 consuetudinem

384 3464 579 3522 meam,
610 3456 670 3508 in
704 3457 828 3524 ipsa
856 3455 1145 3511 luctatione
1172 3457 1420 3511 invocavi
1454 3459 1740 3512 Dominum
1764 3458 2089 3527 adjutorem.

385 3543 650 3597 Praestitit
675 3544 813 3598 mihi
839 3546 1099 3600 Dominus
1145 3544 1485 3616 adjutorium
1518 3561 1625 3601 non
1642 3547 1897 3618 jurandi.
1936 3550 2093 3607 Nihil

383 3632 526 3686 mihi
544 3632 768 3698 facilius
796 3637 894 3701 est,
927 3648 1091 3702 quam
1126 3649 1233 3689 non
1272 3635 1468 3704 jurare
1508 3635 1700 3706 (Serm.
1753 3638 1879 3708 307,
1917 3653 1972 3692 n.
2016 3639 2088 3710 5).

382 3722 619 3776 Frenata
642 3719 790 3793 (haec
817 3722 1191 3794 consuetudo)
1216 3726 1589 3793 restringitur,
1610 3727 1864 3781 restricta
1876 3727 2095 3795 langue-

382 3810 506 3873 scit,
532 3809 877 3878 languescens
896 3813 1172 3880 emoritur,
1195 3815 1247 3867 et
1263 3814 1419 3869 malae
1429 3813 1807 3870 consuetudini
1821 3816 1957 3871 bona
1976 3832 2093 3873 suc-

382 3898 525 3954 cedit
550 3899 749 3970 (Serm.
770 3901 961 3967 l80,n.
995 3901 1190 3971 lO).Ex
1207 3918 1275 3957 eo
1301 3905 1562 3973 tempore
1594 3903 1779 3958 adhuc
1800 3903 2092 3959 interdum

375 3987 627 4059 jurabat,
657 3988 757 4044 sed
786 4005 997 4062 magna
1024 3990 1363 4046 necessitate
1399 3992 1748 4062 compulsus.
1784 3993 1929 4047 Nam
1959 4009 2090 4047 cum

383 4075 613 4131 videbat
639 4076 744 4131 sibi
794 4093 912 4131 non
951 4078 1107 4132 credi
1133 4078 1245 4132 nisi
1267 4078 1508 4149 juraret,
1543 4084 1596 4134 et
1625 4079 1678 4133 ei
1708 4079 1808 4151 qui
1837 4080 1943 4136 sibi
1973 4097 2091 4136 non

379 4164 671 4228 credebat,
703 4180 819 4219 non
856 4165 1124 4237 expedire
1168 4167 1323 4238 quod
1362 4183 1476 4222 non
1514 4168 1800 4237 crederet;
1825 4168 1931 4224 hac
1958 4186 2089 4240 per-

380 4268 561 4324 pensa
582 4252 807 4307 ratione
851 4257 907 4308 et
957 4253 1405 4309 consideratione
1434 4256 1662 4325 librata,
1704 4273 1834 4312 cum
1877 4272 2088 4330 magno

381 4340 591 4395 timore
635 4339 860 4395 dicebat
887 4340 1075 4423 verbis
1127 4343 1304 4396 Paulo
1343 4343 1718 4414 solemnibus,
1751 4346 1941 4402 Coram
1989 4349 2090 4401 Deo

380 4427 593 4499 (Galat.
646 4445 666 4482 ῐ
712 4429 833 4499 20);
884 4432 1002 4497 aut,
1054 4432 1224 4486 Testis
1270 4436 1348 4487 est
1392 4434 1530 4488 Deus
1562 4432 1732 4504 (Rom.
1779 4451 1817 4502 ι,
1850 4436 1937 4506 9);
1970 4440 2086 4504 aut,

378 4516 494 4572 Scit
537 4517 787 4572 Christus
832 4518 911 4573 sic
940 4533 1051 4573 esse
1078 4521 1137 4574 in
1179 4520 1362 4575 animo
1402 4536 1516 4576 meo
1557 4523 1630 4593 (II
1667 4523 1788 4592 Cor,
1836 4538 1912 4591 χι,
1949 4524 2032 4596 31)
2070 4541 2084 4580 :

380 4604 707 4676 cujusmodi
749 4605 1064 4677 juramenti
1090 4610 1354 4680 exempla
1395 4609 1458 4665 in
1512 4611 1636 4684 ejus
1689 4612 1915 4684 scriptis
1940 4613 2088 4669 forte

379 4694 665 4749 nonnulla
707 4694 919 4753 videas.
954 4697 1122 4752 Extra
1163 4697 1312 4753 hanc
1339 4699 1731 4756 necessitatem
1758 4701 1952 4757 nullus
1983 4719 2086 4757 un-

377 4796 554 4854 quam
583 4798 716 4838 eum
738 4784 1032 4854 jurantem
1064 4785 1301 4842 audivit.

447 4873 502 4927 4.
536 4872 686 4927 Dum
732 4877 960 4928 sanctus
1008 4874 1105 4932 Vir
1157 4876 1218 4930 in
1269 4892 1372 4932 suo
1416 4893 1639 4935 secessu
1663 4878 1921 4952 degeret,
1952 4897 2088 4937 eum

379 4960 531 5015 Deus
558 4963 677 5015 tam
707 4965 875 5017 acuto
907 4963 1166 5019 dentium
1208 4965 1406 5021 dolore
1432 4967 1689 5039 torqueri
1712 4970 1992 5041 permisit,
2026 4974 2089 5026 ut

380 5065 582 5122 parem
612 5066 912 5122 nunquam
940 5056 1089 5108 esset
1128 5059 1413 5125 expertus.
1465 5057 1740 5113 Animum
1768 5060 1842 5115 ad
1871 5060 2088 5132 aliquid

376 5137 448 5193 de
490 5154 636 5194 novo
684 5138 1018 5195 discendum
1062 5141 1360 5199 intendere
1388 5160 1509 5199 non
1541 5149 1785 5217 poterat,
1817 5152 1873 5203 et
1898 5148 1992 5204 vix
2019 5165 2088 5205 ea

377 5240 509 5297 qua}
540 5226 663 5297 jam
714 5224 861 5281 forte
904 5226 1198 5295 didicerat,
1252 5245 1448 5284 secum
1494 5229 1618 5301 ipse
1659 5233 1936 5289 volvebat.
1967 5234 2087 5291 Sibi

377 5317 575 5370 tamen
616 5314 936 5384 videbatur,
968 5315 1019 5370 si
1058 5316 1311 5372 veritatis
1341 5319 1615 5390 splendor
1643 5322 1823 5378 menti
1861 5340 1980 5379 suae
2009 5326 2088 5381 ef-

376 5402 650 5475 fulgeret,
682 5408 788 5486 aut
826 5420 885 5458 se
914 5421 1032 5460 non
1075 5420 1380 5461 sensurum
1409 5407 1582 5464 fuisse
1609 5409 1773 5465 illum
1806 5411 2084 5486 dolorem,

380 5496 481 5545 aut
515 5497 664 5548 certe
712 5482 936 5548 facilius
974 5495 1353 5550 toleraturum
1389 5497 1629 5568 (Soliloq.
1658 5500 1753 5555 lib.
1785 5503 1835 5568 1,
1880 5518 1937 5557 n.
1968 5482 2081 5574 2t).

379 5581 453 5633 At
481 5580 650 5650 Deus,
681 5582 780 5654 qui
810 5598 945 5640 eum
991 5588 1109 5640 tam
1151 5583 1334 5656 rigide
1377 5585 1700 5657 castigaret,
1748 5588 1916 5645 illum
1964 5607 2084 5648 non

1650 311 1821 368 VITA
1862 309 1915 366 S.
1961 308 2349 367 AUGUSTINI
2390 306 2726 365 EPISCOPI.
3814 307 3908 359 136

2199 432 2389 488 minus
2435 430 2686 487 mirabili
2736 429 3022 485 celeritate
3071 428 3406 485 sublevavit.
3455 430 3588 488 Cum
3619 428 3804 496 dolor,
3840 430 3915 484 in-

2199 522 2348 594 quit,
2390 524 2451 576 in
2501 526 2712 576 tantum
2755 521 3170 589 ingravesceret,
3200 525 3262 574 ut
3313 535 3420 574 non
3472 520 3712 574 valerem
3765 520 3916 589 loqui

2198 612 2441 666 ascendit
2460 614 2518 665 in
2542 626 2632 665 cor
2659 625 2831 663 meum
2861 607 3146 663 admonere
3166 623 3344 663 omnes
3362 623 3506 663 meos
3528 610 3628 677 qui
3658 608 3913 674 aderant,

2197 704 2279 754 ut‘
2306 700 2728 769 deprecarentur
2757 702 2805 752 te
2827 713 2931 767 pro
2974 713 3073 765 me,
3119 699 3284 752 Deum
3326 698 3523 753 salutis
3571 698 3914 775 omnimodz.

2200 793 2269 844 Et
2305 790 2502 858 scripsi
2546 789 2642 842 hoc
2672 789 2731 842 in
2766 802 2909 854 cera,
2949 790 3000 841 et
3029 785 3158 840 dedi
3182 790 3244 840 ut
3273 788 3349 840 eis
3379 787 3663 865 legeretur.
3696 788 3831 842 Mos:
3860 791 3919 841 ut

2196 892 2373 946 genua
2402 878 2642 947 supplici
2667 872 2864 945 affectu
2893 874 3142 947 ﬁdimus,
3171 876 3321 943 fugit
3341 874 3622 930 dolorille.
3658 875 3771 932 Sed
3795 879 3917 944 quis

2199 967 2393 1021 dolor?
2438 970 2534 1020 aut
2571 965 2832 1034 quomodo
2868 963 3059 1032 fugit?
3113 966 3355 1033 Empavi,
3405 966 3586 1032 fateor
3615 1006 3629 1031 ,
3689 966 3918 1020 Domine

2197 1070 2364 1122 meus,
2395 1058 2534 1109 Deus
2559 1069 2735 1119 meus;
2768 1054 2910 1109 nihil
2936 1055 3079 1108 enim
3124 1054 3231 1108 tale
3266 1052 3334 1107 ab
3379 1055 3597 1108 ineunte
3618 1056 3788 1108 aetate
3818 1070 3915 1108 er-

2194 1148 2382 1214 pertus
2403 1145 2639 1212 fueram.
2668 1146 2740 1198 Et
2770 1144 3039 1198 insinuati
3064 1146 3192 1197 sunt
3209 1143 3349 1196 mihi
3377 1144 3435 1197 in
3445 1142 3729 1212 profundo
3747 1147 3916 1197 nutus

2199 1236 2317 1300 tui;
2360 1237 2409 1288 et
2447 1233 2688 1300 gaudens
2717 1235 2776 1287 in
2820 1233 2928 1302 ﬁde
2960 1232 3187 1287 laudavi
3220 1247 3408 1285 nomen
3446 1235 3619 1286 tuum.
3650 1234 3723 1287 Et
3754 1248 3821 1286 ea
3848 1234 3909 1301 ﬁ.—

2198 1323 2291 1378 des
2319 1338 2401 1377 me
2436 1337 2681 1377 securum
2713 1336 2824 1376 esse
2860 1336 2968 1375 non
3008 1321 3218 1375 sinebat
3251 1320 3317 1375 de
3348 1322 3645 1391 praeteritis
3668 1323 3915 1390 peccatis

2203 1413 2358 1477 meis,
2404 1425 2523 1479 qua
2565 1407 2702 1464 mihi
2736 1425 2834 1479 per
2861 1410 3201 1480 Baptismum
3231 1412 3382 1464 tuum
3409 1411 3641 1464 remissa
3668 1410 3915 1465 nondum

2198 1504 2358 1555 erant
2387 1500 2651 1569 (Confess.
2679 1498 2772 1553 lib.
2804 1501 2938 1565 9,n.
2988 1499 3096 1568 12).

2270 1592 2319 1643 5.
2352 1589 2459 1642 Per
2482 1587 2537 1642 id
2561 1587 2833 1658 temporis
2855 1586 2987 1658 pius
3015 1587 3111 1640 ille
3141 1585 3595 1642 Catechumenus
3625 1603 3764 1643 suos
3794 1587 3914 1642 edi-

2201 1677 2286 1732 dit
2313 1676 2764 1748 Soliloquiorum
2790 1675 2985 1744 libros,
3027 1675 3087 1730 in
3117 1675 3325 1747 quibus
3363 1676 3702 1731 interiorem
3734 1676 3913 1730 animi

2201 1766 2291 1821 sui
2319 1769 2531 1820 statum
2575 1764 2916 1820 mirabiliter
2957 1764 3243 1835 exprimit.
3286 1765 3594 1820 Profitetur
3621 1764 3683 1819 in
3709 1765 3914 1837 primis

2200 1870 2258 1910 se
2286 1854 2467 1909 teneri
2495 1853 2813 1909 incredibili
2851 1854 3097 1926 quodam
3148 1854 3428 1909 desiderio
3479 1855 3667 1910 Deum
3691 1870 3910 1925 cogno-

2201 1943 2428 2011 scendi;
2461 1959 2648 2015 neque
2687 1942 2829 1998 scire
2872 1960 2931 1998 se
2959 1941 3199 2015 aliquid,
3232 1943 3522 2014 quomodo
3552 1942 3700 1997 scire
3732 1944 3913 1998 Deum

2200 2032 2359 2104 cupit
2406 2033 2645 2103 (Soliloq.
2689 2032 2786 2087 lib.
2832 2035 2883 2100 1,
2913 2048 2970 2087 n.
3017 2032 3073 2103 7)
3108 2049 3122 2088 :
3155 2048 3275 2088 non
3304 2031 3460 2087 enim
3511 2031 3621 2087 sibi
3650 2036 3743 2087 sat
3771 2048 3913 2099 esse,

2201 2122 2249 2176 si
2290 2124 2471 2177 Deum
2518 2122 2596 2177 sic
2643 2125 2859 2191 noscat,
2901 2122 3188 2193 quomodo
3238 2137 3407 2176 suum
3454 2120 3616 2176 novit
3642 2122 3916 2193 Alypium

2204 2211 2400 2282 (Ibid,
2440 2228 2498 2266 n.
2551 2210 2630 2281 8),
2686 2214 2786 2265 aut
2833 2209 3076 2265 certiora
3130 2210 3549 2265 mathematicas
3599 2210 3914 2282 principia,

2201 2317 2330 2372 quae
2360 2317 2478 2371 pra:
2499 2299 2600 2354 Dei
2622 2316 2817 2355 amore
2847 2316 2911 2354 ex
2938 2299 3092 2355 illius
3113 2316 3261 2371 pene
3282 2300 3562 2355 memoria
3580 2300 3916 2356 exciderant

2200 2390 2389 2460 (Ibid.,
2429 2405 2522 2444 nn.
2559 2391 2645 2457 10,
2689 2388 2797 2461 11).
2830 2389 2973 2446 Cum
3009 2388 3131 2460 ipse
3160 2406 3192 2443 a
3235 2406 3294 2444 se
3324 2388 3552 2461 quaerit,
3581 2406 3656 2444 an
3685 2389 3911 2461 aliquid

2199 2483 2410 2551 praeter
2439 2478 2540 2533 Dei
2568 2478 2772 2553 suique
2803 2477 3069 2533 notitiam
3094 2483 3250 2533 amet
3289 2494 3303 2535 ε
3336 2481 3547 2534 Possem
3565 2480 3913 2549 respondere,

2199 2565 2409 2638 inquit,
2446 2566 2587 2621 nihil
2626 2582 2710 2621 me
2738 2582 2921 2621 amare
2949 2568 3206 2637 amplius,
3234 2583 3336 2636 pro
3363 2582 3422 2622 eo
3451 2582 3610 2623 sensu
3638 2570 3740 2637 qui
3768 2569 3909 2623 mihi

2198 2671 2340 2710 nunc
2368 2660 2475 2723 est;
2526 2655 2622 2710 sed
2652 2658 2819 2710 tutius
2858 2656 3177 2726 respondeo,
3222 2658 3425 2711 nescire
3458 2672 3563 2712 me.
3602 2659 3744 2713 Nam
3774 2672 3914 2727 saepe

2199 2746 2338 2799 mihi
2363 2759 2466 2800 usu
2488 2748 2654 2812 venit,
2696 2749 2758 2799 ut
2793 2761 2913 2801 cum
2953 2746 3069 2800 alia
3094 2746 3249 2801 nulla
3275 2761 3333 2800 re
3359 2761 3443 2801 me
3470 2745 3741 2801 crederem
3770 2763 3915 2802 com-

2199 2835 2419 2901 moveri,
2445 2836 2650 2888 veniret
2671 2838 2847 2889 tamen
2875 2834 3092 2904 aliquid
3110 2837 3169 2888 in
3199 2839 3447 2903 mentem,
3471 2835 3615 2905 quod
3633 2851 3717 2889 me
3744 2837 3916 2891 multo

2198 2924 2359 2978 aliter
2380 2926 2543 2993 atque
2564 2937 3014 2993 praesumpseram
3040 2928 3321 2993 pangeret.
3356 2925 3488 2978 Item
3515 2939 3676 2994 sepe,
3705 2939 3910 2994 quam-

2198 3014 2283 3067 vis
2307 3013 2366 3066 in
2396 3013 2772 3080 cogitationem
2809 3026 2893 3067 res
2931 3012 3123 3081 aliqua
3152 3012 3394 3067 incidens
3416 3028 3523 3067 non
3546 3014 3913 3083 mepervelle-

2199 3104 2295 3169 rit,
2311 3116 2500 3155 revera
2518 3104 2694 3155 tamen
2711 3103 2927 3156 veniens
2940 3100 3282 3170 perturbavit
3290 3102 3419 3171 plus
3440 3117 3602 3170 quam
3619 3102 3909 3171 putabam;

2200 3190 2296 3245 scd
2322 3189 2478 3244 modo
2502 3189 2689 3244 videor
2715 3191 2855 3244 mihi
2883 3189 3057 3245 tribus
3073 3194 3284 3245 tantum
3310 3190 3469 3245 rebus
3494 3206 3652 3261 posse
3679 3206 3911 3246 commo-

2198 3280 2317 3333 veri
2349 3294 2362 3333 :
2408 3282 2554 3333 metu
2580 3280 2888 3334 amissionis
2917 3294 3098 3333 eorum
3130 3294 3262 3348 quos
3291 3278 3480 3347 diligo,
3511 3285 3655 3335 metu
3684 3280 3911 3349 doloris,

2200 3372 2343 3423 metu
2379 3369 2569 3423 mortis
2601 3367 2786 3437 (lbid.,
2815 3384 2869 3422 η.
2904 3368 3014 3439 16).
3042 3366 3377 3423 Divitiarum
3408 3372 3465 3423 et
3493 3369 3785 3424 honorum
3814 3386 3910 3424 cu-

2204 3456 2415 3528 piditas
2447 3456 2517 3511 ab
2550 3456 2674 3528 ejus
2703 3457 2897 3511 animo
2926 3456 3236 3512 exsulabat.
3273 3457 3608 3513 Nullatenus
3636 3473 3773 3513 eum
3798 3458 3909 3512 illi-

2199 3545 2385 3601 ciebat
2421 3545 2680 3600 ciborum
2704 3545 3034 3616 jucunditas
3079 3545 3139 3600 in
3185 3545 3274 3613 iis,
3303 3563 3336 3601 a
3380 3545 3592 3618 quibus
3623 3545 3911 3602 abstinere

2200 3638 2497 3690 statuerat.
2536 3634 2677 3689 Aliis
2723 3634 2956 3706 quidem
3004 3650 3124 3689 non
3164 3634 3286 3689 sine
3314 3634 3507 3707 aliqua
3533 3634 3912 3691 delectatione

2200 3724 2489 3793 utebatur,
2518 3722 2601 3778 ita
2628 3727 2820 3778 tamen
2841 3728 2907 3778 ut
2925 3723 3037 3778 illis
3056 3724 3221 3779 facile
3249 3728 3594 3795 temperaret
3623 3740 3638 3780 :
3671 3740 3783 3781 nec
3809 3742 3913 3780 un-

2201 3829 2378 3885 quam
2410 3828 2543 3868 eum
2582 3812 2844 3874 ciborum
2888 3813 3164 3885 appetitio
3194 3813 3264 3869 ab
3295 3814 3365 3869 iis
3396 3815 3584 3877 rebus,
3619 3831 3766 3886 quas
3796 3832 3913 3871 me-

2200 3902 2371 3957 ditari
2410 3903 2601 3972 vellet,
2646 3901 2933 3957 avocabat.
2977 3902 3233 3975 Denique
3277 3919 3346 3958 ex
3392 3904 3537 3973 cibo,
3589 3909 3761 3974 potu,
3793 3905 3909 3960 bal-

2201 3990 2347 4057 neis,
2388 3989 2724 4063 ceterisque
2754 3990 2814 4045 id
2844 4007 3024 4062 genus
3053 4008 3184 4063 quas
3215 3992 3287 4047 ad
3338 4008 3545 4063 corpus
3589 3992 3912 4064 pertinent,

2200 4080 2254 4135 id
2285 4084 2513 4135 tantum
2534 4079 2883 4151 capessebat,
2916 4080 3071 4151 quod
3104 4097 3240 4136 cura
3266 4081 3609 4137 valetudinis
3633 4081 3910 4155 exigeret.

2198 4168 2360 4233 Quod
2383 4169 2454 4224 ad
2484 4168 2673 4224 uxoris
2694 4185 2950 4225 amorem
2985 4169 3238 4242 pertinet
3269 4187 3283 4226 :
3318 4171 3726 4238 Quantumlibet
3752 4174 3909 4238 velis,

2200 4257 2299 4323 ait,
2344 4273 2463 4312 eam
2498 4261 2725 4328 pingere
2766 4263 2939 4330 atque
2977 4260 3251 4315 cumulare
3277 4260 3429 4315 bonis
3456 4260 3721 4327 omnibus,
3770 4262 3914 4317 nihil

2195 4345 2335 4399 mihi
2362 4349 2473 4400 tam
2510 4346 2860 4415 fugiendum,
2907 4363 3071 4417 quam
3118 4349 3457 4405 concubitum
3510 4365 3620 4405 esse
3647 4349 3865 4405 decrevi
3893 4366 3908 4404 :

2194 4436 2339 4490 nihil
2385 4450 2497 4491 esse
2541 4439 2734 4507 sentio,
2785 4438 2931 4506 quod
2955 4441 3141 4508 magis
3167 4455 3236 4494 ea:
3261 4455 3384 4495 arce
3410 4440 3636 4510 dejiciat
3662 4443 3909 4496 animum

2194 4525 2431 4593 virilem,
2476 4541 2641 4596 quam
2685 4526 3056 4583 blandimenta
3099 4530 3357 4597 feminea,
3398 4545 3790 4600 corporumque
3817 4532 3910 4585 ille

2192 4619 2489 4685 contactus,
2510 4618 2628 4672 sine
2652 4632 2757 4686 quo
2783 4632 2925 4672 umor
2954 4617 3144 4672 haberi
3169 4634 3276 4674 non
3296 4623 3497 4689 potest.
3536 4621 3727 4689 Itaque
3756 4622 3811 4674 si
3832 4621 3908 4675 ad

2193 4702 2438 4774 officium
2474 4707 2714 4775 pertinet
2752 4708 3016 4775 sapientis
3046 4707 3191 4776 quod
3216 4708 3456 4764 nondum
3482 4711 3735 4778 comperi,
3772 4709 3909 4763 dare

2192 4808 2411 4862 operam
2421 4794 2881 4865 liberis,quisquis
2891 4797 2974 4850 rei
2985 4797 3146 4867 hujus
3161 4801 3371 4853 tantum
3382 4799 3567 4868 gratia
3577 4799 3905 4867 concumbit,

2191 4882 2480 4938 mirandus
2509 4885 2648 4938 mihi
2689 4884 2870 4939 videri
2894 4888 3093 4955 potest,
3140 4890 3199 4940 at
3236 4903 3360 4942 vero
3398 4887 3723 4955 imitandus,
3753 4889 3908 4943 nullo

2193 4970 2350 5026 modo
2377 4988 2390 5026 :
2422 4987 2552 5028 nam
2582 4978 2789 5028 tentare
2813 4974 2910 5029 hoc
2932 4975 3286 5044 periculosius
3316 4980 3584 5047 est,quam
3600 4990 3760 5047 posse
3783 4977 3910 5044 feli-

2193 5061 2328 5115 cius.
2346 5060 2699 5127 Quamobrem
2710 5064 2869 5130 satis,
2884 5063 3063 5131 credo,
3070 5063 3219 5134 juste
3229 5069 3393 5136 atque
3402 5067 3611 5120 utiliter
3614 5080 3719 5135 pro
3745 5066 3909 5120 liber-

2194 5152 2304 5204 tate
2345 5152 2540 5207 animae
2568 5167 2697 5208 mea:
2723 5155 2861 5208 mihi
2898 5156 3189 5225 imperavi,
3228 5169 3336 5209 non
3378 5169 3593 5225 cupere,
3623 5169 3730 5208 non
3755 5169 3906 5223 que-

2190 5253 2328 5305 rere,
2359 5254 2466 5294 non
2494 5239 2686 5296 ducere
2715 5257 2956 5298 uxorem.
2992 5245 3221 5299 Prorsus
3244 5244 3387 5298 nihil
3416 5243 3730 5312 hujusmodi
3759 5259 3900 5313 qum-

2191 5342 2277 5395 ro,
2308 5327 2448 5383 nihil
2469 5329 2735 5397 desidero,
2762 5334 2927 5386 etiam
2955 5347 3075 5386 cum
3091 5332 3311 5387 horrore
3337 5336 3501 5403 atque
3524 5334 3907 5402 aspernatione

2194 5416 2330 5470 talia
2352 5417 2620 5473 recordor.
2655 5419 2798 5485 Quid
2823 5422 2907 5475 vis
2933 5422 3208 5491 amplius?
3236 5422 3308 5476 Et
3334 5420 3431 5476 hoc
3460 5421 3597 5475 mihi
3621 5420 3819 5475 bonum
3846 5423 3903 5474 in

2194 5504 2307 5560 dies
2337 5509 2525 5562 crescit
2555 5523 2568 5562 :
2590 5522 2718 5561 nam
2737 5513 2940 5578 quanto
2961 5514 3193 5578 augetur
3211 5525 3331 5580 spes
3350 5509 3598 5565 videndae
3616 5511 3772 5565 illius
3794 5526 3903 5581 qua

2192 5593 2526 5652 vehementer
2577 5600 2752 5669 ζευειαο
2780 5599 3238 5670 pulchritudinis,
3280 5604 3430 5657 tanto
3458 5598 3535 5655 ad
3573 5600 3731 5655 illam
3761 5606 3902 5658 totus
