4020 6416
103 354 182 407 13Ί
288 366 307 375 -
766 404 787 423 ,
1489 345 1700 403 LIBER
1740 344 1766 402 ε

1956 345 2133 404 IDUS.

100 483 238 525 amor
280 469 640 538 voluptasque
694 468 1020 521 convertitur
1064 466 1306 537 (Soliloq.
1344 466 1436 522 lib.
1474 470 1522 534 l,
1552 484 1610 524 η.
1660 468 1768 539 l7).

98 557 375 614 Interdum
405 562 598 612 tamen
626 555 894 623 libidinis,
925 571 1053 628 quae
1084 560 1300 610 tantam
1332 556 1392 610 in
1422 572 1554 611 eum
1586 560 1772 627 tyran-

95 647 266 703 nidem
306 649 654 713 exercuerat,
698 644 921 698 acribus
967 643 1232 714 stimulis,
1267 645 1380 699 Deo
1411 644 1490 699 ita
1527 644 1769 716 permit-

94 740 253 800 tente,
306 734 673 805 pangebatur
704 748 717 787 :
750 736 814 787 ut
842 748 956 804 quo
985 748 1015 787 e
1040 733 1240 788 morbo
1284 734 1526 789 cmlestis
1564 732 1772 789 medici

93 839 216 878 cura
257 820 546 888 evasisset,
593 824 651 875 et
678 818 819 891 quid
866 819 926 874 in
953 835 1013 875 se
1058 827 1378 891 superesset
1431 821 1768 889 curandum,

93 913 430 983 agnosceret.
458 909 622 974 Quod
650 908 751 963 ubi
780 907 1130 979 contigisset,
1158 909 1371 980 pudore
1401 908 1770 964 suffundeba-

92 1006 193 1067 tur,
224 997 337 1053 vim
384 999 768 1068 lacrymarum
807 997 980 1052 etiam
1010 1013 1139 1052 cum
1170 997 1510 1053 valetudinis
1547 998 1773 1069 dispen-

93 1090 174 1144 dio
202 1086 615 1159 profundebat;
654 1085 799 1141 nihil
843 1084 952 1140 sibi
976 1085 1254 1157 polliceri,
1296 1085 1436 1141 nihil
1468 1086 1538 1141 de
1587 1102 1639 1141 se
1668 1101 1770 1141 au-

92 1176 245 1232 debat
270 1190 651 1245 praesumere;
684 1174 743 1229 id
773 1174 963 1229 solum
992 1175 1179 1229 solatii
1221 1175 1486 1244 habebat,
1532 1174 1680 1247 quod
1709 1173 1771 1229 in

96 1264 183 1319 Dei
209 1263 401 1317 sinum
442 1262 793 1333 confugeret,
829 1278 1003 1334 seque
1032 1262 1184 1317 illius
1212 1263 1583 1334 providentiae
1615 1279 1767 1318 com-

94 1353 347 1407 mitteret.
377 1352 473 1406 Ille
508 1354 644 1420 ipse,
676 1350 881 1413 aiebat,
936 1367 1093 1421 quem
1121 1352 1306 1406 videre
1333 1352 1518 1421 ardeo,
1563 1354 1771 1406 noverit

93 1441 290 1511 quando
312 1443 415 1495 sim
430 1455 596 1495 sanus
614 1459 628 1505 ;
646 1441 819 1507 faciat
841 1440 987 1509 quod
999 1441 1177 1509 placet
1199 1456 1211 1493 :
1228 1440 1444 1509 quando
1459 1442 1771 1509 placet,sese

91 1530 349 1595 Ostendat;
369 1530 492 1599 jam
514 1545 598 1583 me
625 1533 791 1583 totum
819 1529 935 1597 ejus
958 1530 1244 1583 clementia
1274 1544 1519 1598 curaeque
1541 1530 1769 1584 commit-

93 1625 153 1674 to.
183 1618 347 1675 Semel
376 1618 444 1672 de
469 1618 562 1673 illo
586 1617 814 1683 credidi,
848 1616 993 1687 quod
1017 1619 1093 1673 sic
1120 1633 1250 1684 erga
1273 1632 1327 1672 se
1346 1618 1561 1687 affectos
1585 1618 1768 1673 suble-

90 1723 203 1761 vare
228 1722 333 1761 non
352 1710 534 1762 cesset.
556 1709 671 1775 Ego
685 1707 825 1760 nihil
842 1706 907 1761 de
935 1721 1053 1760 mea
1072 1708 1325 1771 sanitate,
1349 1708 1461 1760 nisi
1483 1721 1601 1761 cum
1615 1707 1768 1760 illam

89 1795 539 1866 pulchritudinem
580 1796 787 1862 videro,
814 1794 1179 1864 pronuntiabo
1210 1794 1394 1861 (Ibid.,
1430 1809 1487 1848 η.
1516 1795 1625 1864 26).
1655 1797 1767 1863 Ego

95 1888 246 1940 solum
272 1888 498 1953 propter
517 1898 572 1939 se
587 1898 707 1939 amo
726 1885 1071 1953 sapientiam,
1095 1881 1309 1953 inquit;
1332 1886 1523 1937 cetera
1545 1897 1667 1937 vero
1686 1884 1770 1937 vel

92 1974 260 2029 adesse
293 1974 436 2027 mihi
455 1974 592 2035 volo,
623 1973 706 2026 vel
734 1971 910 2026 deesse
935 1974 1090 2026 timeo
1104 1975 1329 2041 propter
1356 1973 1554 2040 ipsam,
1576 1973 1764 2038 vitam,

92 2065 320 2132 quietem,
355 2063 573 2115 amicos.
605 2060 767 2127 Quem
783 2059 997 2115 modum
1016 2064 1194 2114 autem
1212 2063 1386 2129 potest
1404 2060 1600 2114 habere
1618 2060 1767 2114 illius

92 2148 504 2218 pulchritudinis
537 2163 708 2214 amor,
735 2149 793 2201 in
822 2162 932 2217 qua
953 2162 1060 2201 non
1087 2148 1258 2202 solum
1293 2161 1400 2202 non
1426 2147 1641 2201 invideo
1670 2162 1767 2202 cz-

94 2239 224 2304 teris,
253 2236 347 2291 sed
389 2237 553 2290 etiam
580 2235 844 2305 plurimos
885 2250 1084 2303 quare,
1118 2236 1215 2302 qui
1243 2250 1446 2289 mecum
1486 2238 1764 2304 appetant,

94 2340 273 2380 mecum
300 2324 533 2390 inhient,
563 2338 765 2377 mecum
787 2327 1018 2390 teneant,
1043 2337 1349 2393 mecumque
1374 2325 1764 2393 perfruantur;

96 2417 225 2468 tanto
244 2413 381 2467 mihi
399 2413 679 2467 amiciores
692 2408 891 2479 futuri,
917 2415 1118 2480 quanto
1139 2412 1241 2465 erit
1257 2410 1409 2466 nobis
1425 2415 1611 2466 amata
1625 2424 1767 2464 eom-

93 2504 325 2559 munior?
355 2500 546 2572 (Ibid.,
574 2501 765 2571 n.l,22.)
795 2500 1154 2570 Quapropter
1170 2498 1230 2554 in
1259 2499 1635 2554 familiaribus
1654 2499 1769 2554 suis

94 2590 369 2663 colloquiis
400 2588 838 2644 contubernales
858 2604 991 2641 suos
1011 2588 1082 2642 ad
1108 2587 1452 2643 indefessum
1474 2587 1770 2660 sapientiae

93 2696 328 2735 amorem
358 2677 731 2749 studiumque
762 2676 1109 2731 cohortatur.

155 2772 201 2823 6.
232 2764 539 2837 Augustini
558 2781 810 2820 secessus
837 2764 959 2819 hinc
982 2765 1166 2820 adhuc
1193 2763 1508 2836 Solilnquia
1527 2763 1766 2836 peperit,

94 2856 274 2911 eodem
304 2871 453 2928 pene
482 2858 763 2926 tempore,
783 2870 899 2924 quo
921 2853 1242 2924 superiores
1272 2853 1477 2907 libros:
1506 2852 1595 2906 bis
1614 2851 1766 2907 enim

94 2944 177 2998 illa
204 2944 517 3015 subjungit,
569 2958 750 3015 eaque
778 2958 836 2996 se
866 2941 1156 3013 scripsisse
1199 2940 1412 2996 indicat
1440 2942 1612 3011 paulo
1642 2946 1771 3012 post

96 3032 353 3104 abjectam
380 3032 676 3088 honorum
733 3047 795 3085 ac
841 3030 1185 3101 dignitatum
1232 3029 1599 3100 cupiditatem
1650 3028 1769 3099 (Re-

96 3127 233 3178 tract.
264 3124 359 3178 lib.
410 3125 466 3189 2,
497 3136 619 3191 cap.
658 3120 733 3188 4).
766 3121 974 3174 Verum
1011 3118 1073 3173 in
1101 3118 1227 3172 aliis
1279 3118 1435 3172 libris
1481 3132 1771 3171 sermones

95 3227 207 3266 cum
234 3211 431 3266 amicis
473 3209 590 3264 suis
619 3208 968 3277 conferebat,
997 3207 1058 3262 in
1092 3207 1182 3262 his
1205 3210 1397 3262 autem
1428 3222 1622 3261 secum
1649 3205 1770 3277 ipse

96 3300 344 3371 loquitur.
380 3299 521 3354 Hinc
549 3296 861 3369 Soliloquia
889 3295 1123 3351 inscribi
1152 3295 1345 3361 voluit,
1368 3310 1514 3349 novo
1537 3294 1771 3366 quidem

96 3392 143 3442 et
169 3389 492 3445 duriusculo
543 3386 796 3453 nomine,
829 3385 927 3440 sed
959 3385 1027 3439 ad
1057 3400 1181 3439 rem
1226 3383 1633 3454 designaudam
1676 3399 1773 3453 ap-

94 3478 281 3547 posito.
340 3479 475 3535 Cum
503 3478 666 3542 enim,
697 3473 904 3545 inquit,
935 3488 1103 3543 neque
1140 3473 1329 3527 melius
1361 3473 1535 3541 quaeri
1570 3474 1772 3526 veritas

92 3570 268 3636 possit,
300 3582 468 3636 quam
497 3562 883 3633 interrogando
912 3566 963 3617 et
1005 3560 1394 3630 respondendo,
1421 3564 1470 3613 et
1494 3561 1591 3613 via:
1619 3561 1771 3627 quis-

94 3671 241 3723 quam
257 3656 595 3715 inveniatur,
616 3668 772 3722 quem
787 3667 892 3706 non
902 3651 1109 3721 pudeat
1122 3651 1366 3704 convinci
1384 3649 1769 3717 disputantem,

94 3760 238 3814 eoque
266 3760 405 3815 pene
461 3756 669 3812 semper
707 3741 937 3806 eveniat,
968 3743 1029 3793 ut
1057 3753 1168 3793 rem
1224 3738 1349 3792 bene
1396 3736 1673 3791 inductam
1700 3735 1775 3789 ad

92 3832 478 3889 discutiendum
531 3829 842 3886 inconditus
884 3828 1206 3898 pervicacia:
1255 3826 1457 3880 clamor
1496 3824 1771 3894 explodet,

94 3925 240 3976 etiam
256 3937 374 3976 cum
406 3921 734 3976 laceratione
762 3918 1083 3984 animorum,
1110 3916 1428 3985 plerumque
1455 3913 1775 3968 dissimula-

94 4016 160 4078 ta,
189 4010 460 4065 interdum
488 4014 538 4063 et
575 4006 1186 4077 aperta;pacatissime,
1225 4008 1288 4057 ut
1311 4004 1526 4071 opinor,
1557 4007 1605 4056 et
1635 4017 1774 4056 com-

96 4099 381 4154 modissime
406 4099 645 4168 placuit,
676 4112 711 4150 a
734 4111 817 4150 me
842 4097 960 4165 ipso
984 4095 1393 4160 interrogatum,
1424 4090 1667 4159 mihique
1695 4106 1776 4144 re-

99 4187 457 4257 spondentem,
512 4188 612 4241 Deo
656 4184 972 4253 adjuvante,
1026 4196 1211 4236 verum
1239 4194 1473 4248 quaerere
1530 4178 1769 4247 (Soliloq.

101 4277 188 4332 lib.
230 4280 283 4344 2,
314 4293 370 4330 n.
409 4277 515 4344 14).
552 4275 619 4328 In
670 4272 793 4343 ipso
848 4270 1036 4343 operis
1065 4267 1298 4324 exordio
1328 4283 1386 4321 se
1416 4265 1630 4321 nescire
1675 4266 1772 4332 ait,

98 4366 306 4436 quicum
338 4364 719 4435 colloquatur,
742 4360 1158 4415 intrinsecusne
1185 4357 1278 4424 sit,
1301 4373 1374 4411 an
1391 4354 1734 4410 extrinsecus
1758 4372 1771 4410 :

99 4470 147 4507 se
170 4470 295 4509 vero
326 4454 400 4508 ad
432 4468 568 4507 eum
597 4447 1057 4521 cognoscendum
1085 4447 1239 4502 hunc
1266 4460 1592 4499 sermonem
1620 4443 1777 4497 insti-

99 4544 258 4610 tuere,
291 4545 594 4614 postquam
621 4539 691 4594 de
735 4536 1062 4608 cognitione
1099 4533 1186 4589 sui
1214 4533 1415 4605 ipsius,
1448 4536 1506 4587 et
1545 4532 1614 4587 de
1642 4532 1777 4586 boui

98 4629 396 4699 quaerendi,
430 4628 684 4699 malique
711 4624 998 4681 devitandi
1032 4622 1265 4678 scientia
1293 4622 1501 4676 multos
1531 4620 1653 4675 dies
1696 4636 1777 4674 se-

99 4719 217 4774 dulo
245 4717 525 4791 cogitavit
572 4715 758 4787 (Ibid.,
802 4714 899 4769 lib.
933 4717 983 4780 1,
1025 4729 1081 4767 η.
1119 4712 1188 4780 1).
1219 4711 1283 4765 In
1329 4709 1446 4764 suis
1484 4710 1776 4763 Retracta-

97 4807 299 4863 tionum
329 4804 500 4862 libris
527 4803 807 4859 rationem
858 4817 1053 4857 secum
1102 4798 1350 4870 colloqui
1391 4802 1630 4853 testatur
1658 4800 1776 4856 (Ile-

99 4900 238 4951 tract.
266 4896 359 4951 lib.
401 4898 452 4962 1,
486 4909 607 4964 cap.
635 4893 690 4960 4,
718 4908 774 4947 n.
810 4894 879 4957 1).
914 4891 1031 4945 Hoc
1051 4904 1196 4959 opus
1210 4885 1547 4958 bipartitum
1577 4888 1660 4939 est
1681 4900 1695 4940 :
1717 4885 1778 4939 in

97 4983 266 5051 primo
289 4982 533 5056 quidem
569 4981 718 5036 libro
758 4977 1001 5050 inquirit
1027 4976 1212 5049 qualis
1242 4991 1364 5030 esse
1407 4974 1631 5040 debeat,
1680 4972 1780 5044 qui

100 5073 419 5141 sapientiam
449 5070 792 5141 investigare
822 5067 976 5134 velit,
1008 5081 1139 5138 quas
1175 5080 1293 5119 non
1322 5062 1572 5133 corporis
1602 5062 1779 5116 sensi-

100 5158 208 5230 bus,
238 5162 335 5216 sed
364 5163 566 5215 mente
611 5156 954 5230 percipitur;
983 5158 1042 5209 et
1068 5153 1129 5209 in
1180 5156 1433 5208 extrema
1461 5154 1619 5222 parte
1648 5149 1782 5205 libri

102 5263 158 5301 ea
183 5265 305 5320 qua:
328 5264 464 5304 vere
506 5250 660 5314 sunt,
691 5241 1047 5300 immortalia
1074 5257 1216 5310 esse,
1248 5239 1588 5312 quibusdam
1617 5253 1783 5309 argu-

104 5340 286 5396 mentis
305 5337 576 5395 ostendit.
614 5337 681 5391 In
701 5337 879 5391 altero
909 5338 1103 5390 autem
1122 5333 1193 5388 de
1221 5329 1645 5387 immortalitate
1664 5329 1784 5384 ani-

104 5442 195 5483 me:
229 5429 456 5484 disserit
488 5443 504 5483 :
540 5426 638 5481 sed
682 5425 830 5481 hanc
859 5424 1237 5496 quaestionem
1289 5420 1359 5475 ad
1406 5418 1618 5475 exitum
1665 5433 1782 5473 non

104 5516 325 5574 adducit.
358 5518 479 5573 Nec
500 5514 657 5571 enim
687 5518 941 5570 extrema
967 5527 1172 5567 manus
1201 5508 1434 5565 accessit
1461 5506 1594 5563 huic
1623 5506 1782 5578 operi

105 5604 247 5667 lbid.,
275 5623 399 5679 cap.
432 5609 489 5673 5,
520 5619 577 5659 η.
614 5602 685 5674 1),
715 5606 778 5658 ut
806 5601 930 5674 ipse
959 5599 1264 5673 signiﬁcat,
1303 5613 1371 5652 eo
1417 5592 1675 5663 consilio,
1716 5595 1780 5647 ut

411 5703 636 5770 Pnao
657 5720 717 5765 ι..
769 5698 1020 5766 XXXII.

3471 349 3567 403 t38

1880 485 2012 524 cum
2042 468 2217 524 doctis
2245 474 2303 524 et
2344 469 2488 524 bene
2530 468 2771 524 cordatis
2795 469 2928 523 viris
2956 468 3062 523 hac
3099 468 3169 523 de
3197 484 3259 524 re
3288 469 3569 525 conferret

1884 559 2126 629 (Soliloq.
2166 558 2260 613 lib.
2295 560 2347 627 2,
2378 573 2435 613 n.
2466 557 2575 625 28).
2609 559 2881 613 Memorat
2923 558 3225 628 scriptores
3270 557 3434 626 duos,
3467 558 3564 630 qui

1882 652 2018 702 tunc
2046 647 2115 702 de
2147 646 2573 702 immortalitate
2614 646 2843 713 animae,
2877 647 3019 701 alter
3043 645 3344 701 Mediolani
3384 647 3568 702 soluta

1881 737 2157 798 oratione,
2190 736 2333 791 alter
2372 736 2433 790 in
2463 735 2656 791 Galliis
2700 736 2974 806 carmine,
3019 735 3335 799 tractabant
3382 736 3566 804 (Ibid.,

1879 842 1933 881 η.
1969 826 2072 894 26).
2128 825 2372 893 Primus,
2413 825 2503 880 cui
2534 840 2703 880 suum
2744 840 2880 896 erga
2908 825 3096 896 ipsum
3135 828 3191 879 et
3229 824 3568 896 sapientiam

1880 914 2132 969 studium
2159 930 2264 985 pro
2294 930 2397 968 sua
2425 915 2729 982 voluntate,
2776 917 2841 968 ut
2868 914 2965 980 ait,
2998 913 3221 983 aperire
3260 929 3378 967 non
3423 914 3571 968 valet

1881 1002 2067 1074 (Ibid.,
2111 1006 2163 1057 et
2190 1004 2428 1070 Confess.
2460 1003 2563 1057 lib.
2596 1005 2649 1068 6,
2679 1018 2736 1056 n.
2786 1002 2894 1073 18),
2928 1002 3151 1056 videtur
3179 1018 3298 1056 esse
3327 1002 3567 1057 Ambro-

1879 1091 2013 1145 sius.
2048 1091 2180 1156 Quis
2230 1108 2362 1145 vero
2392 1091 2534 1145 alter
2577 1091 2731 1145 illius
2775 1089 3090 1155 familiaris,
3138 1088 3399 1144 omnium
3447 1089 3570 1160 ejus

1880 1179 2329 1235 sollicitudinum
2374 1179 2652 1246 conscius,
2704 1178 2765 1233 in
2804 1177 2997 1234 Galliis
3047 1177 3298 1250 quietus,
3330 1181 3387 1232 et
3426 1178 3567 1233 adeo

1880 1268 2128 1335 dissitus,
2160 1273 2226 1323 ut
2252 1267 2342 1322 vix
2370 1268 2442 1323 ad
2471 1284 2603 1323 eum
2635 1267 2720 1322 vel
2751 1266 3011 1337 epistolae
3042 1265 3339 1321 mittendae
3382 1265 3565 1320 facul-

1878 1361 1964 1411 tas
1994 1360 2160 1426 esset,
2190 1356 2469 1427 conjicere
2509 1372 2623 1410 non
2656 1370 2975 1427 possumus,
3010 1352 3121 1408 nisi
3151 1352 3404 1408 dicamus
3451 1367 3571 1407 esse

1877 1444 2207 1511 Zenobium,
2258 1443 2350 1498 cui
2395 1443 2710 1499 Mediolano
2732 1444 2854 1514 jam
2892 1442 2989 1497 diu
3020 1441 3258 1510 absenti,
3305 1440 3449 1496 duos
3499 1441 3570 1496 de

1878 1532 2087 1589 Ordine
2105 1532 2277 1587 libros
2305 1532 2620 1588 dedicarat.
2650 1532 2712 1586 In
2744 1530 2944 1586 litteris
2972 1529 3044 1584 ad
3067 1528 3401 1585 Nebridium
3424 1528 3570 1583 datis

1878 1621 2067 1676 statim
2094 1624 2220 1691 post
2246 1619 2578 1692 Soliloquia,
2602 1636 2731 1692 qua:
2756 1619 2969 1675 scilicet
2988 1619 3245 1673 nondum
3265 1617 3384 1673 visa
3405 1620 3571 1673 erant

1880 1710 2166 1780 Nebridio,
2202 1709 2352 1764 istud
2396 1725 2539 1780 opus
2569 1707 2786 1763 cunctis
2811 1706 3097 1780 prioribus
3142 1706 3259 1761 suis
3307 1705 3568 1761 lucubra-

1876 1799 2129 1854 tionibus
2178 1797 2473 1868 anteponit
2502 1799 2696 1867 (Epist.
2731 1800 2782 1863 3,
2830 1812 2887 1851 n.
2938 1796 3006 1865 l).
3057 1795 3214 1849 Idem
3258 1793 3463 1848 asserit
3505 1809 3564 1847 se

1876 1887 1935 1941 in
1965 1888 2070 1941 hoc
2100 1902 2270 1958 opere
2320 1886 2580 1941 animum
2610 1884 2916 1952 induxisse,
2962 1881 3398 1948 intelligentiam
3445 1897 3567 1936 esse

1874 1975 2190 2041 veritatem,
2211 1991 2275 2029 ac
2304 1973 2452 2028 mori
2473 1989 2592 2028 non
2618 1988 2784 2044 posse
2804 1970 3022 2043 aliquid
3041 1970 3102 2024 in
3131 1986 3245 2041 quo
3273 1968 3570 2041 quidpiam

1877 2063 2197 2117 immortale
2226 2063 2298 2116 sit
2322 2079 2335 2129 ;
2385 2078 2631 2133 cumque
2659 2060 3045 2132 intelligentia
3072 2059 3146 2115 sit
3168 2059 3229 2114 in
3264 2058 3481 2126 animo,
3512 2062 3570 2115 et

1875 2151 2081 2206 veritas
2111 2151 2473 2219 immortalis,
2508 2151 2641 2205 inde
2677 2150 2839 2221 sequi
2882 2152 2948 2204 ut
2975 2147 3202 2203 animus
3230 2147 3304 2203 sit
3328 2147 3565 2203 immor-

1876 2239 2004 2294 talis
2034 2240 2216 2310 (Ibid.,
2240 2256 2294 2294 n.
2325 2238 2418 2308 4.)

2558 2326 2782 2382 CAPUT
2820 2327 2882 2382 Χ.

1882 2419 1902 2471 1
1937 2419 2009 2471 De
2035 2415 2292 2472 Nebridio
2319 2417 2488 2470 amico
2517 2415 2835 2483 Augustini.
2865 2416 2901 2469 2
2930 2413 3108 2484 Hujus
3136 2411 3211 2467 ad
3240 2411 3559 2471 Nebridium

2592 2503 2847 2573 epistola.

1956 2597 2001 2648 l.
2037 2593 2149 2647 Hos
2168 2592 2617 2663 Soliloquiorum
2638 2591 2813 2646 libros
2842 2590 3086 2662 ipsemet
3109 2588 3459 2661 Augustinus
3477 2588 3572 2644 de-

1880 2681 2069 2752 signat
2093 2681 2154 2736 in
2210 2680 2326 2736 suis
2355 2679 2830 2746 Confessionibus,
2862 2678 2962 2734 ubi
2992 2677 3110 2750 agit
3139 2678 3208 2733 de
3236 2676 3399 2733 libris
3426 2693 3570 2749 quos

1880 2787 1945 2825 ex
1976 2769 2274 2842 colloquiis
2297 2786 2426 2825 cum
2452 2769 2576 2840 ipso
2607 2785 2664 2822 se
2693 2768 2814 2823 solo
2844 2784 3035 2822 coram
3062 2768 3179 2821 Deo
3208 2765 3418 2821 habitis
3440 2781 3572 2820 con-

1879 2859 2057 2913 texuit
2084 2859 2455 2928 (Confess.-lib.
2487 2860 2541 2924 9,
2570 2873 2690 2926 cap.
2718 2859 2772 2919 4,
2799 2872 2852 2911 n.
2872 2857 2927 2926 7)
2961 2873 2974 2910 :
3004 2854 3162 2910 addit
3182 2854 3450 2925 epistolas
3481 2858 3567 2908 te-

1880 2947 2035 3014 stari,
2067 2947 2206 3018 quid
2235 2962 2363 3001 cum
2417 2945 2649 3001 absente
2690 2944 2952 2999 Nebridio
2984 2942 3190 2998 litteris
3238 2942 3439 3013 egerit.
3483 2940 3571 2996 Ad

1878 3036 1999 3090 haec
2027 3052 2163 3106 ergo
2194 3038 2455 3105 tempora
2480 3032 2689 3104 partim
2716 3031 3031 3087 referendas
3062 3030 3348 3102 epistolae;
3379 3029 3447 3084 ab
3493 3044 3562 3084 eo

1880 3125 2101 3195 scriptae
2132 3123 2198 3178 ad
2222 3121 2574 3187 Nebridium,
2603 3121 2836 3193 quicum
2863 3123 2984 3174 erat
3008 3135 3125 3173 non
3153 3117 3363 3172 minori
3390 3116 3570 3172 ferme

1881 3227 2053 3283 quam
2083 3225 2214 3264 cum
2263 3207 2466 3279 Alypio
2520 3206 2939 3262 necessitudine
2978 3206 3333 3276 conjunctus.
3368 3203 3570 3259 Nebri-

1880 3300 2008 3356 dius
2036 3298 2313 3368 singulari
2342 3296 2620 3360 bonitate,
2647 3311 2871 3350 summa
2890 3294 3217 3366 prudentia,
3247 3297 3304 3348 et
3323 3292 3573 3349 mirabili

1879 3384 2112 3456 ingenio
2161 3384 2512 3453 adolescens,
2550 3382 2796 3454 patriam
2824 3381 3026 3436 habuit
3060 3379 3303 3436 vicinam
3334 3381 3571 3437 Cartha—

1881 3474 2028 3544 gini;
2061 3489 2175 3545 qua
2199 3473 2258 3527 in
2289 3472 2430 3527 urbe
2459 3488 2590 3526 cum
2621 3475 2768 3526 esset
2792 3469 3307 3542 frequentissimus,
3334 3469 3576 3525 acctissi-

1882 3578 2038 3616 mam
2065 3578 2195 3616 cum
2238 3560 2553 3632 Augustino
2585 3559 2885 3615 rhetoricae
2914 3558 3051 3613 artis
3078 3563 3215 3613 tunc
3240 3558 3359 3613 illic
3386 3557 3573 3629 magi-

1884 3655 2001 3705 stro
2017 3650 2328 3705 amicitiam
2345 3653 2403 3704 et
2426 3648 2894 3704 consuetudinem
2911 3648 3181 3717 junxerat
3198 3646 3353 3718 (Ibid.
3365 3686 3380 3713 ,
3404 3646 3501 3700 lib.
3517 3646 3574 3715 4,

1883 3755 2002 3809 cap.
2041 3743 2094 3802 3,
2124 3754 2177 3794 η.
2214 3742 2275 3805 6;
2309 3738 2402 3793 lib.
2427 3741 2490 3804 6;
2515 3754 2636 3807 cap.
2663 3740 2747 3803 10,
2776 3753 2837 3793 n.
2874 3740 2970 3803 l7;
2998 3737 3160 3801 lib.7,
3191 3751 3311 3805 cap.
3341 3737 3394 3802 6,
3424 3749 3480 3789 η.
3500 3734 3573 3794 8).

1885 3830 2007 3884 Non
2060 3832 2254 3882 tamen
2311 3831 2768 3881 astronomorum
2839 3822 3198 3892 commentis,
3269 3823 3576 3893 Augustini

1885 3917 2165 3987 exemplo,
2196 3930 2317 3969 sese
2347 3913 2531 3985 decipi
2570 3912 2834 3984 permisit
2864 3929 2877 3967 :
2910 3913 3026 3966 imo
3054 3911 3153 3966 illa
3177 3911 3483 3981 explodens
3520 3912 3577 3964 et

1884 4006 2212 4074 exsibilans,
2240 4002 2624 4074 Augustinum
2639 4002 2791 4057 hunc
2811 3999 3178 4056 divinationis
3208 3998 3405 4071 generi
3421 3997 3576 4053 miri-

1883 4095 1987 4149 fice
2014 4092 2268 4148 deditum
2297 4107 2530 4147 avocare
2558 4090 2693 4146 inde
2721 4090 3050 4144 conabatur.
3088 4086 3398 4142 Verisimile
3428 4102 3576 4159 quo-

1884 4197 1995 4254 que
2048 4186 2153 4247 est,
2216 4179 2547 4235 Nebridium
2610 4178 3043 4234 Manichaeorum
3112 4176 3406 4231 erroribus
3460 4192 3574 4230 non

1884 4271 2055 4325 fuisse
2088 4268 2464 4341 implicatum,
2487 4284 2616 4323 cum
2647 4284 2742 4323 eos
2771 4270 3131 4338 argumento,
3163 4282 3228 4320 ex
3260 4281 3373 4337 quo
3405 4280 3573 4336 expe-

1885 4358 2004 4414 dire
2035 4374 2093 4412 se
2122 4374 2241 4412 non
2275 4360 2562 4429 poterant,
2602 4372 2719 4411 non
2762 4355 3130 4426 impugnaret
3158 4353 3349 4421 modo,
3376 4368 3577 4407 verum

1884 4447 2059 4502 etiam
2087 4449 2472 4517 expugnaret:
2497 4444 2648 4500 unde
2677 4449 2735 4499 et
2760 4443 2950 4516 ipsum
2972 4442 3375 4514 Augustinum,
3406 4445 3463 4496 et
3481 4456 3579 4495 eos

1884 4536 1985 4608 qui
2015 4534 2343 4603 audiebant,
2375 4533 2734 4589 concutiebat
2763 4532 2949 4604 (Ibid.,
2982 4533 3074 4587 lib.
3099 4536 3152 4599 7,
3186 4546 3307 4600 cap.
3340 4533 3392 4598 2,
3414 4545 3471 4584 η.
3507 4531 3579 4598 3).

1886 4625 1948 4678 In
1977 4624 2211 4678 illorum
2239 4627 2432 4678 tamen
2461 4621 2862 4677 haereticorum
2909 4634 3104 4675 errore
3133 4616 3468 4690 aliquandiu
3491 4619 3578 4688 ja-

1885 4713 2019 4776 cuit,
2076 4712 2175 4783 qui
2222 4710 2429 4766 Christi
2459 4726 2689 4765 carnem
2739 4709 3079 4780 phantasma
3133 4706 3480 4762 credebant:
3513 4720 3579 4761 ex

1886 4816 2002 4873 quo
2032 4799 2266 4855 tandem
2295 4799 2471 4854 etiam
2498 4803 2631 4853 ante
2661 4801 2979 4869 susceptam
3006 4795 3178 4851 fidem
3207 4793 3579 4850 christianam

1888 4887 2120 4944 emersit
2149 4886 2331 4957 (Ibid.,
2389 4886 2485 4940 lib.
2518 4889 2571 4953 9,
2600 4901 2720 4955 cap.
2756 4888 2806 4950 3,
2860 4901 2917 4939 n.
2945 4882 3022 4957 6).
3056 4885 3197 4940 Cum
3229 4882 3581 4954 Augustinus

1889 4976 2267 5035 Mediolanum
2286 4972 2552 5041 venisset,
2585 4972 2884 5029 Nebridius
2903 4987 3134 5044 quoque
3152 4971 3348 5027 relicta
3372 4970 3581 5044 patria,

1894 5066 2136 5137 ipsaque
2160 5061 2521 5134 Carthagine,
2570 5061 2768 5117 relicto
2806 5060 3045 5133 praedio,
3085 5060 3285 5116 relicta
3313 5060 3483 5116 domo
3525 5063 3582 5113 et

1888 5169 2005 5209 non
2060 5154 2324 5205 secutura
2373 5153 2574 5219 matre,
2625 5150 3009 5206 Mediolanum
3049 5166 3108 5205 se
3143 5146 3406 5215 contulit,
3461 5161 3578 5201 non

1890 5239 2001 5295 alio
2029 5238 2283 5307 consﬂio,
2312 5254 2488 5310 quam
2515 5243 2581 5294 ut
2606 5254 2724 5294 una
2750 5254 2882 5294 cum
2910 5236 3229 5310 Augustino
3258 5235 3489 5303 viveret,
3516 5248 3582 5287 ac

1890 5328 1974 5384 illi
2022 5344 2126 5401 pro
2164 5327 2589 5396 ardentissimo,
2639 5344 2753 5401 quo
2782 5328 3080 5399 ﬂagrabat,
3125 5322 3378 5380 veritatis
3407 5325 3462 5376 et
3490 5337 3580 5376 sa-

1890 5417 2123 5491 pientiai
2157 5416 2516 5489 inquirendae
2536 5418 2725 5473 studio
2758 5416 3135 5472 collaboraret
3167 5410 3357 5483 (Ibid.,
3392 5409 3487 5466 lib.
3525 5412 3579 5479 6,

1890 5518 2010 5574 cap.
2051 5506 2136 5572 10,
2158 5521 2215 5560 n.
2249 5505 2361 5577 17).
2383 5505 2598 5561 Pariter
2625 5505 2968 5576 suspirabat,
2998 5502 3322 5574 pariterque
3346 5497 3587 5554 ﬂuctuao

1890 5591 1992 5648 bat
2023 5609 2038 5649 :
2069 5593 2292 5649 beatam
2338 5594 2513 5650 vitam
2540 5609 2766 5650 summa
2815 5589 3175 5648 contentione
3221 5586 3579 5660 exquirebat,

3026 5682 3286 5774 (ϐίηφι)
