4020 6350
417 306 518 361 139

412 424 671 497 miraque
685 420 907 494 ingenii
929 419 1159 476 solertia
1178 417 1540 475 difﬁcillimas
1564 430 1822 490 quasque
1839 411 2107 487 quaestio-

410 530 514 569 nes
528 511 902 567 scrutabatur.
927 510 1058 567 Cum
1076 514 1230 575 esset,
1246 506 1324 563 ait
1341 506 1715 578 Augustinus,
1730 519 1912 559 rerum
1926 502 2109 558 obscu-

406 617 597 658 rarum
609 600 683 655 ad
693 599 995 654 doctrinam
1006 600 1227 668 pietatis
1236 598 1474 651 maxime
1482 586 1874 665 pertinentium
1885 592 2110 658 diligen-

407 692 648 747 tissimus
663 693 712 744 et
725 689 1021 743 acerrimus
1041 688 1352 756 inquisitor,
1366 684 1525 739 valde
1540 684 1729 739 oderat
1739 681 1805 737 de
1821 681 2109 750 quastione

407 794 610 848 magna
629 779 1023 847 responsionem
1043 775 1270 829 brevem.
1296 776 1365 828 Et
1382 774 1630 843 quisquis
1652 773 1745 825 hoc
1760 769 2105 840 poposcisset,

408 869 686 937 agerrime
715 864 948 933 ferebat,
1000 877 1244 931 eumque,
1301 863 1353 916 si
1381 861 1498 930 ejus
1532 874 1763 930 persona
1808 859 2106 927 pateretur,

407 957 566 1012 vultu
588 951 1036 1022 indignabundus
1061 955 1111 1005 et
1149 964 1273 1004 voce
1300 948 1596 1013 cohibebat,
1621 947 1907 1014 indignum
1935 943 2112 1012 depu-

408 1049 532 1100 tans
562 1045 659 1113 qui
675 1043 813 1097 talia
842 1043 1121 1110 quareret,
1148 1054 1267 1093 cum
1288 1037 1354 1092 de
1373 1053 1431 1091 re
1450 1041 1603 1091 tanta
1628 1050 1790 1104 quam
1806 1033 1980 1089 multa
2003 1031 2113 1085 dici

410 1136 627 1207 possent
656 1131 1010 1199 deberentque
1036 1130 1262 1184 nesciret
1308 1126 1508 1199 (Epist.
1542 1128 1633 1194 98,
1677 1140 1733 1180 n.
1765 1126 1844 1195 8).
1875 1123 2016 1178 Cum
2046 1136 2112 1174 eo

411 1226 468 1278 et
493 1220 697 1293 Alypio
727 1219 975 1275 maxime
1002 1234 1065 1273 ac
1102 1216 1543 1272 familiarissime
1572 1214 1641 1269 de
1672 1213 1787 1268 suis
1817 1216 1948 1267 ante
1974 1225 2110 1265 con-

408 1310 730 1367 versionem
759 1307 911 1363 curis
936 1305 1393 1362 communicabat
1411 1306 1669 1375 (Confess.
1691 1303 1786 1358 lib.
1814 1304 1866 1369 6,
1898 1316 2019 1370 cap.
2050 1303 2109 1359 7,

406 1414 464 1454 n.
498 1397 610 1467 ll);
638 1402 867 1467 tresque
896 1395 1002 1450 hos
1030 1393 1243 1448 amicos
1288 1392 1488 1447 eadem
1519 1390 1835 1445 sollicitudo
1872 1387 2113 1442 vexabat

410 1486 597 1559 (Ibid.,
626 1502 681 1540 η.
729 1485 836 1554 1⁸7).
888 1485 1034 1538 Dum
1081 1482 1432 1555 Augustinus
1459 1480 1527 1536 ad
1559 1479 1847 1535 Christum
1876 1492 2110 1532 convcr-

410 1590 506 1629 sus
536 1577 643 1639 est,
677 1571 979 1628 Nebridius
1005 1571 1219 1626 aberat.
1248 1571 1523 1626 Amicitia
1556 1570 1696 1623 enim
1722 1570 1919 1622 nostra
1947 1579 2107 1620 cesse-

408 1667 519 1731 rat,
542 1662 621 1716 ait
646 1659 1020 1732 Augustinus,
1050 1663 1112 1714 ut
1139 1661 1377 1714 omnium
1404 1662 1648 1712 nostrum
1674 1654 2109 1724 familiarissima

414 1749 723 1808 Verecundo
751 1748 1142 1823 Mediolanensi
1180 1749 1288 1802 civi
1315 1751 1366 1801 et
1402 1747 1756 1815 grammatico
1779 1743 2106 1808 subdoceret,

407 1838 740 1893 vehementer
785 1835 1124 1890 desideranti
1168 1838 1219 1888 et
1243 1834 1651 1901 familiaritatis
1677 1833 1803 1902 jure
1830 1832 2113 1901 ﬂagitanti

409 1925 476 1980 de
496 1938 716 1979 numero
742 1927 924 1978 nostro
930 1921 1096 1992 ﬁdele
1110 1921 1466 1991 adjutorium,
1489 1935 1594 1991 quo
1612 1920 1893 1989 indigebat
1920 1920 2104 1973 nimis.

406 2015 528 2069 Non
550 2014 736 2081 itaque
755 2010 1076 2069 Nebridium
1096 2009 1371 2079 cupiditas
1400 2008 1795 2064 commodorum
1809 2022 1866 2063 eo
1897 2008 2106 2074 traxit;

406 2101 623 2170 majora
651 2101 793 2154 enim
813 2102 991 2169 posset
1019 2099 1068 2151 si
1092 2098 1248 2151 vellet
1275 2097 1342 2151 de
1365 2098 1560 2152 litteris
1587 2111 1781 2166 agere:
1810 2095 1906 2150 sed
1931 2097 2109 2164 ofﬁcio

410 2189 780 2244 benevolentia
804 2188 1115 2256 petitionem
1144 2190 1388 2240 nostram
1416 2190 1744 2240 contemnere
1770 2185 1943 2239 noluit
1969 2184 2108 2237 ami-

410 2292 501 2332 cus
530 2277 874 2332 dulcissimus
902 2278 952 2329 et
979 2275 1320 2328 mitissimus.
1357 2273 1571 2342 Agebat
1597 2277 1776 2327 autem
1805 2271 1946 2325 illud
1965 2286 2110 2341 pru-

409 2365 719 2420 dentissime
740 2377 931 2417 cavens
950 2363 1274 2416 innotescere
1298 2363 1542 2430 personis
1566 2360 1857 2416 secundum
1885 2360 1979 2415 hoc
2018 2374 2111 2413 sa-

411 2454 589 2509 culum
626 2451 945 2521 majoribus,
977 2450 1224 2505 devitans
1252 2452 1311 2504 in
1339 2452 1414 2504 eis
1448 2465 1653 2504 omnem
1679 2448 2110 2518 inquietudinem

410 2544 601 2608 animi,
636 2556 791 2612 quem
845 2539 1055 2594 volebat
1094 2539 1288 2594 habere
1333 2539 1576 2606 liberum,
1609 2542 1660 2593 et
1703 2554 1869 2609 quam
1921 2539 2108 2593 multis

403 2633 587 2701 posset
614 2630 763 2684 horis
790 2629 1050 2696 feriatum
1070 2628 1145 2682 ad
1185 2627 1531 2697 quaerendum
1557 2627 1794 2697 aliquid,
1824 2627 1907 2681 vel
1935 2627 2109 2694 legen-

410 2718 561 2785 dum,
592 2718 677 2773 vel
703 2717 1033 2792 audiendum
1058 2716 1142 2771 ’de
1163 2717 1433 2787 sapientia
1462 2715 1659 2787 (lbid.,
1694 2716 1789 2771 lib.
1823 2717 1876 2780 8,
1903 2730 2024 2786 cap.
2054 2718 2108 2785 6,

411 2821 469 2861 n.
506 2805 616 2876 13).

478 2896 535 2949 2.
569 2894 711 2948 Cum
734 2893 841 2948 hac
869 2891 1046 2964 igitur
1074 2892 1447 2964 occupatione
1491 2891 1775 2947 distentus
1803 2890 2110 2947 Nebridius

409 2981 794 3053 Augustinum
835 2981 895 3035 in
924 2981 1114 3036 villam
1144 2981 1503 3036 secedentem
1534 2980 1697 3052 sequi
1727 2996 1844 3035 non
1884 2979 2108 3052 potuis-

407 3072 507 3137 set,
542 3069 756 3124 mutuis
777 3068 1030 3140 epistolis
1057 3068 1367 3123 amicitiam
1394 3068 1663 3123 foverunt
1695 3067 1860 3139 (Ibid.
1877 3108 1892 3135 ,
1928 3068 2022 3123 lib.
2049 3069 2105 3135 9,

406 3172 528 3227 cap.
559 3159 613 3223 4,
646 3173 703 3212 n.
732 3157 813 3226 '7).
830 3157 985 3211 Inter
1013 3172 1107 3211 eos
1125 3157 1276 3211 haud
1301 3155 1474 3211 dubie
1494 3156 1852 3210 numeranda
1880 3159 1965 3209 est
1984 3156 2108 3226 epi-

406 3247 552 3300 stola
574 3245 762 3311 tertia,
793 3260 861 3300 ex
891 3260 1005 3316 qua
1033 3248 1210 3316 patet,
1242 3244 1421 3299 libros
1449 3244 1519 3299 ab
1549 3243 1870 3316 Augustino
1910 3259 2106 3298 mense

407 3332 705 3389 novembri
724 3337 856 3387 ante
876 3332 1193 3404 Soliloquia
1220 3331 1570 3403 compositos
1598 3331 1867 3387 Nebridio
1896 3331 2111 3401 legenti

406 3421 549 3476 adeo
581 3419 857 3489 arrisisse,
885 3423 950 3474 ut
964 3419 1255 3491 gestientis
1276 3419 1457 3474 animi
1488 3424 1644 3475 motu
1664 3421 1820 3474 velut
1839 3420 2107 3491 abreptus

407 3508 701 3564 continere
718 3525 777 3563 se
799 3524 915 3563 non
935 3508 1208 3579 potuerit,
1234 3508 1544 3580 quominus
1564 3525 1696 3563 eum
1717 3509 1947 3562 beatum
1966 3524 2109 3563 nuu-

409 3601 662 3669 cuparet.
696 3597 810 3653 Sua
836 3596 1014 3668 igitur
1034 3595 1119 3650 illi
1150 3596 1502 3668 Augustinus
1529 3612 1703 3667 super
1718 3596 1824 3651 hac
1849 3612 1912 3651 re
1943 3612 2108 3650 sensa

409 3685 663 3758 exponit,
694 3688 751 3740 et
782 3684 852 3740 de
883 3685 999 3739 suis
1029 3684 1284 3757 loquitur
1313 3684 1640 3757 Soliloquis.
1676 3684 1780 3740 Ubi
1808 3686 2103 3753 conclusit,

407 3774 469 3829 in
498 3774 691 3829 animo
716 3789 837 3828 esse
861 3773 1180 3841 veritatem,
1205 3773 1265 3828 in
1285 3778 1477 3828 mente
1505 3773 1782 3829 nimirum
1811 3778 1983 3845 atque
2012 3774 2105 3828 in-

405 3862 742 3934 telligentia,
791 3862 1030 3918 subdit:
1080 3862 1226 3930 Quid
1273 3863 1398 3918 huic
1437 3863 1811 3918 adversatur?
1858 3863 2105 3920 Sensus?

402 3952 775 4008 Resistendum
804 3967 927 4019 ergo
968 3952 1208 4007 sensibus
1238 3954 1362 4007 totis
1389 3954 1563 4007 animi
1590 3950 1846 4008 viribus?
1887 3954 2101 4022 Liquet.

406 4040 574 4108 Quid,
601 4043 652 4097 si
686 4041 964 4096 sensibilia
990 4042 1221 4095 nimium
1264 4040 1565 4095 delectant?
1595 4042 1720 4095 Fiat
1741 4045 1802 4095 ut
1828 4056 1934 4095 non
1969 4042 2105 4096 dele-

402 4133 562 4186 ctent.
597 4129 746 4183 Unde
772 4132 835 4198 ﬁt
853 4127 882 4183 7
909 4129 1300 4185 Consuetudine
1323 4130 1395 4183 iis
1431 4129 1673 4195 carendi,
1708 4130 2103 4198 appetendique

401 4217 626 4271 meliora
672 4215 873 4287 (Epist.
908 4219 961 4282 3,
997 4231 1059 4272 n.
1106 4216 1178 4285 4).
1212 4215 1384 4270 Addit
1412 4220 1468 4269 et
1496 4216 1638 4270 illud
1669 4233 1726 4270 se
1765 4217 1826 4270 in
1868 4233 1971 4271 suo
2015 4234 2100 4271 se-

403 4319 565 4360 cessu
592 4304 884 4359 evidenter
913 4303 1231 4375 agnovisse,
1272 4304 1453 4359 animi
1482 4304 1917 4374 beatitudinem,
1969 4306 2103 4361 licet

402 4391 452 4446 is
478 4391 823 4447 immortalis
836 4408 951 4447 non
979 4397 1146 4460 esset,
1168 4392 1228 4446 in
1256 4408 1451 4447 rerum
1479 4391 1835 4447 sensibilium
1862 4394 2101 4449 delecta-

400 4477 558 4533 tione
612 4494 678 4534 ac
705 4478 978 4533 fruitione
1016 4494 1135 4533 non
1182 4494 1347 4549 posse
1377 4478 1707 4534 consistere.
1750 4480 1817 4533 In
1846 4483 2100 4535 extrema

398 4571 563 4637 parte
593 4566 847 4637 epistola:
875 4565 1093 4638 aliquot
1120 4566 1205 4621 illi
1234 4567 1302 4621 de
1331 4567 1636 4622 verborum
1680 4567 2099 4639 coniugationi-

398 4654 507 4710 bus
535 4655 981 4726 quastiunculas
999 4655 1270 4726 proponit
1297 4654 1482 4725 (Ibid,
1501 4670 1558 4709 n.
1592 4654 1643 4725 5)
1670 4671 1683 4709 :
1710 4655 1864 4726 quod
1888 4656 2098 4711 mirum

396 4739 579 4795 videri
616 4741 795 4813 possit
848 4741 909 4797 in
958 4742 1297 4813 Augustino,
1331 4741 1430 4813 qui
1478 4744 1534 4796 et
1578 4740 2009 4813 grammaticam
2041 4749 2100 4799 et.

395 4828 744 4884 rhetoricam
790 4830 1083 4900 professus
1109 4830 1312 4885 fuerat.
1359 4828 1447 4884 Ad
1476 4829 1631 4884 idem
1682 4833 1908 4901 tempus
1949 4831 2098 4886 refe-

399 4917 578 4973 renda
607 4934 835 4990 quoque
854 4919 1079 4974 videtur
1102 4918 1345 4990 epistola
1366 4923 1587 4990 quarta,
1612 4934 1744 4974 cum
1772 4919 1959 4974 adhuc
1978 4936 2094 4974 sua

395 5006 609 5062 mentis
637 5008 828 5061 oculos
857 5006 1007 5063 curis
1033 5007 1395 5077 perturbatos
1425 5011 1484 5062 et
1510 5023 1705 5063 rerum
1733 5007 2090 5063 sensibilium

365 5093 579 5164 Oplagis
605 5093 929 5149 debilitatos
976 5095 1268 5150 sublevare
1295 5096 1344 5150 ei
1388 5111 1617 5151 necesse
1647 5099 1827 5164 esset;
1866 5100 1930 5151 ut
1960 5113 2090 5168 per-

394 5196 625 5237 suasum
640 5182 895 5250 haberet,
915 5183 1012 5237 illa
1032 5199 1162 5255 quae
1179 5183 1579 5256 intelligimus,
1598 5184 1782 5255 magis
1800 5201 1935 5240 vera
1947 5203 2092 5258 esse,

394 5284 569 5340 quam
614 5268 724 5325 ista
778 5287 909 5342 quae
956 5271 1136 5326 oculis
1159 5272 1413 5344 subjecta
1450 5273 1756 5328 cernimus.
1813 5274 1899 5329 Ad
1938 5277 2091 5347 quod

391 5358 807 5428 perducebatur
826 5359 932 5414 hac
959 5359 1214 5415 Nebridii
1243 5359 1697 5428 ratiocinatione,
1722 5363 1977 5416 mentem
2008 5361 2090 5415 ni-

389 5444 604 5502 mirum
622 5452 794 5520 atque
814 5447 1258 5520 intelligentiam
1284 5449 1574 5521 corporeis
1604 5449 1785 5505 oculis
1806 5453 1863 5505 et
1881 5449 1987 5505 hoc
2005 5465 2091 5505 as-

388 5538 560 5606 pectu
587 5536 810 5610 vulgari
852 5553 974 5593 esse
1002 5536 1321 5609 meliorem,
1352 5554 1541 5612 neque
1574 5539 1683 5595 hoc
1711 5539 1793 5595 ita
1821 5538 2084 5595 futurum

1618 292 1793 352 VITA
1831 291 1895 347 S.
1941 285 2327 346 AUGUSTINI
2366 282 2708 339 EPISCOPI.
3541 334 3545 338 ‘
3636 290 3681 309 ο

3824 272 3920 324 MU

2226 409 2423 477 fuisse,
2450 406 2561 462 nisi
2597 403 2780 476 magis
2807 403 2996 457 essent
3021 399 3122 454 illa
3147 414 3278 471 qua
3308 396 3707 466 intelligimus,
3738 410 3918 468 quam

2219 497 2331 553 ista
2360 513 2488 569 quae
2519 494 2823 550 cernimus.
2865 494 2944 546 Ac
2972 489 3103 545 licet
3142 505 3175 543 a
3212 487 3483 543 Nebridio
3511 489 3690 557 petat,
3727 490 3920 539 utrum

2218 586 2353 640 huic
2394 580 2815 640 ratiocinationi
2858 579 3004 635 nihil
3033 578 3217 633 valide
3255 576 3556 631 inimicum
3592 575 3683 642 sit,
3725 590 3923 629 secum

2219 675 2565 739 consideret;
2608 688 2675 726 ea
2723 675 2915 726 tamen
2956 667 3065 740 ipsi
3112 667 3192 721 ita
3231 664 3437 729 arrisit,
3490 668 3554 718 ut
3592 679 3721 718 eam
3770 666 3925 733 post:

2220 762 2457 817 modum
2499 761 2561 815 in
2601 759 2716 814 suis
2765 762 2961 813 contra
3000 755 3337 811 Manichaos
3379 752 3542 808 libris
3589 749 3925 806 adhibuerit

2220 852 2325 924 (De
2364 851 2585 907 Duabus
2618 849 2833 915 Anim,
2878 862 2934 900 η.
2978 844 3050 916 3).
3089 846 3201 899 Hac
3243 858 3337 910 ego
3364 842 3583 896 interim
3622 844 3922 905 recreatus,

2221 938 2417 994 scribit
2430 939 2501 994 ad
2521 936 2876 1002 Nebridium,
2901 950 3021 989 cum
3042 936 3142 988 Deo
3162 931 3222 986 in
3242 932 3516 985 auxilium
3537 930 3847 999 deprecato,
3874 933 3923 981 et

2219 1030 2279 1083 in
2306 1029 2506 1098 ipsum,
2537 1031 2587 1081 et
2629 1028 2688 1080 in
2716 1041 2779 1079 ea
2807 1039 2925 1093 qua
2952 1023 3228 1078 verissime
3256 1035 3386 1074 vera
3425 1022 3576 1085 sunt,
3609 1018 3791 1072 attolli
3821 1032 3922 1069 ca:-

2216 1131 2366 1187 pero,
2420 1119 2576 1170 tanta
2617 1126 3004 1180 nonnunquam
3043 1124 3226 1163 rerum
3274 1108 3608 1161 manentium
3646 1120 3922 1176 praesum-

2220 1206 2400 1275 ptione
2428 1204 2710 1273 compleor,
2744 1205 2807 1255 ut
2833 1202 3004 1254 mirer
3041 1197 3314 1252 interdum
3338 1196 3439 1251 illa
3468 1195 3607 1249 mihi
3635 1209 3769 1264 opus
3811 1207 3923 1247 esse

2218 1294 2649 1359 ratiocinatione,
2680 1294 2743 1345 ut
2791 1291 2898 1344 hac
2944 1303 3054 1343 esse
3091 1285 3326 1353 credam,
3373 1299 3492 1354 qua
3538 1287 3689 1338 tanta
3732 1284 3921 1336 insunt

2218 1382 2526 1452 prasentia,
2560 1384 2767 1449 quanta
2794 1379 2901 1433 sibi
2925 1376 3152 1447 quisque
3176 1377 3251 1429 sit
3277 1387 3512 1444 praesens
3540 1370 3746 1444 (Epist.
3773 1372 3829 1438 4,
3862 1387 3917 1425 η.

2218 1471 2298 1540 2).
2347 1470 2459 1524 Hac
2506 1467 2747 1539 epistola
2798 1465 3106 1536 respondet
3153 1461 3418 1517 Nebridio
3464 1458 3805 1531 postulanti,
3856 1462 3921 1512 ut

2220 1562 2502 1630 quantum
2530 1556 2591 1611 in
2622 1555 2763 1622 otio,
2792 1550 3328 1625 q110'fruebatur,in
3358 1548 3725 1605 sensibilibus
3750 1552 3810 1602 et
3837 1546 3921 1602 in-

2218 1646 2611 1719 telligibilibus
2641 1641 3028 1699 discernendis
3074 1639 3428 1712 profecisset,
3460 1637 3567 1691 sibi
3608 1652 3714 1709 per
3760 1636 3919 1690 litte-

2219 1752 2312 1791 ras
2341 1735 2641 1790 indicaret.
2691 1732 2777 1787 Ad
2806 1733 2928 1786 hac
2964 1729 3294 1800 respondet,
3327 1727 3386 1782 in
3426 1727 3496 1781 iis
3526 1726 3606 1781 ita
3644 1741 3704 1779 se
3742 1724 3923 1797 proﬁ-

2220 1839 2369 1892 cere,
2399 1827 2465 1877 ut
2491 1838 2597 1894 per
2624 1825 2851 1876 atatem
2894 1818 3174 1891 paulatim
3210 1816 3583 1889 proficimus:
3616 1815 3675 1868 in
3706 1814 3799 1869 his
3838 1821 3924 1868 ta-

2220 1928 2356 1968 men
2385 1912 2568 1983 adhuc
2606 1927 2665 1967 se
2694 1925 2941 1982 puerum
2979 1923 3122 1975 esse,
3153 1907 3248 1961 sed
3294 1906 3437 1960 forte
3465 1906 3619 1961 bona
3647 1920 3747 1975 spe
3780 1919 3927 1975 pra-

2222 2002 2425 2057 ditum.
2454 2001 2517 2055 Id
2558 1998 2835 2072 temporis
2867 1996 3170 2052 Nebridius
3216 1995 3392 2049 nullis
3432 1994 3616 2049 adhuc
3661 1993 3926 2049 Ecclesia

2220 2090 2392 2145 sacris
2422 2089 2698 2154 imbutus,
2738 2087 2994 2141 nondum
3034 2088 3154 2139 erat
3189 2082 3554 2150 Christianus,
3586 2081 3684 2136 sed
3729 2085 3928 2134 tamen

2220 2176 2616 2233 ardentissimo
2646 2175 2832 2230 studio
2852 2173 3148 2229 veritatem
3179 2170 3507 2243 inquirebat
3527 2171 3788 2241 (Con/ess.
3822 2169 3924 2222 lib.

2220 2270 2273 2323 9.
2303 2282 2423 2336 cap.
2458 2269 2511 2333 3,
2558 2282 2614 2320 η.
2647 2266 2720 2333 6).
2772 2265 2837 2319 Et
2879 2261 3139 2334 quamvis
3179 2258 3537 2330 Augustinus
3580 2259 3720 2314 dum
3764 2273 3827 2312 se
3859 2258 3930 2312 ad

2220 2355 2507 2411 Christum
2538 2352 2836 2418 convertit,
2861 2350 3160 2406 consilium
3196 2347 3433 2403 cedendi
3456 2346 3775 2403 Mediolano
3807 2361 3922 2399 coe-

2217 2443 2414 2516 pisset,
2448 2460 2513 2498 ex
2543 2458 2657 2515 quo
2690 2441 2940 2497 discessu
2967 2438 3255 2494 orbandus
3292 2436 3386 2491 ille
3415 2439 3537 2490 erat
3575 2433 3744 2490 amici
3783 2450 3926 2488 con-

2220 2531 2551 2600 suetudine;
2584 2532 2729 2584 hanc
2756 2534 2948 2583 tamen
2985 2526 3097 2599 ipsi
3126 2524 3513 2581 conversionis
3541 2524 3752 2579 bonam
3790 2539 3924 2594 gra-

2218 2620 2359 2675 tiam
2381 2620 2811 2691 gratulabatur:
2847 2634 2881 2671 a
2911 2633 3023 2688 qua
3048 2616 3169 2687 ipse
3201 2632 3314 2670 non
3343 2615 3513 2684 longe
3542 2613 3757 2679 aberat,
3793 2628 3925 2665 cum

2217 2708 2525 2780 Augustini
2572 2707 2895 2778 exemplum
2934 2705 3171 2777 jamjam
3219 2706 3367 2758 esset
3404 2706 3733 2768 secuturus;
3782 2716 3921 2754 nam

2218 2797 2372 2852 haud
2401 2797 2582 2852 multo
2612 2799 2744 2867 post
2767 2795 2958 2867 ipsum
2988 2809 3148 2848 sacro
3174 2793 3331 2847 fonte
3354 2793 3624 2847 lustratus
3654 2794 3787 2860 est..

2893 2883 3119 2938 CAPUT
3157 2883 3248 2937 Χῐ.

2222 2978 2244 3030 1
2289 2972 2654 3030 Mediolanum
2694 2972 2839 3028 redit
2884 2972 3226 3041 Augustinus
3268 2969 3500 3024 daturus
3542 2982 3734 3023 nomen
3777 2968 3928 3022 inter

2289 3066 2664 3134 Competentes.
2724 3064 2759 3116 2
2812 3064 3023 3117 Interea
3085 3061 3337 3130 temporis
3390 3060 3456 3115 de
3503 3058 3922 3115 Immortalitate

2288 3155 2484 3207 anima
2508 3152 2707 3205 librum
2743 3166 2928 3216 unum,
2966 3153 3017 3203 et
3053 3149 3278 3218 aliquod
3318 3146 3457 3202 alios
3494 3148 3560 3202 de
3600 3147 3926 3202 liberalibus

2289 3241 2600 3309 disciplinis
2625 3238 2824 3293 ibidem
2854 3238 3063 3293 scribit.
3090 3238 3475 3306 3Baptismum
3503 3235 3779 3291 sacerdote
3800 3236 3931 3291 Am-

2292 3329 2468 3384 brosio
2505 3328 2847 3382 ministrante
2891 3328 3143 3394 suscipit.
3173 3327 3207 3379 4
3244 3326 3493 3380 Ecclesia
3521 3339 3583 3378 ea
3623 3325 3689 3378 de
3717 3341 3776 3380 re
3802 3341 3931 3394 gra-

2290 3418 2484 3472 tulatio
2525 3431 2588 3469 ac
2628 3416 2839 3469 latitia.
2875 3417 2905 3468 5
2959 3415 3081 3480 Qua
3117 3415 3390 3468 occasione
3430 3412 3728 3467 Mediolani
3762 3416 3925 3468 insti-

2290 3509 2468 3560 tutnm
2497 3519 2609 3559 mos
2637 3502 2871 3558 canendi
2908 3504 3132 3572 hymnos
3165 3506 3216 3556 et
3256 3502 3493 3572 psalmos
3526 3503 3587 3556 in
3615 3502 3856 3557 ecclesia.
3890 3505 3923 3556 6

2287 3594 2653 3661 Augustinus,
2685 3592 2929 3647 omnibus
2959 3591 3252 3658 abdicatis,
3281 3591 3622 3661 propositum
3649 3590 3925 3645 serviendi

2286 3685 2391 3739 Deo
2432 3683 2713 3752 amplexus
2756 3680 3013 3750 adjungit
3059 3681 3272 3749 aliquos
3326 3680 3436 3734 sibi
3473 3681 3640 3734 socios
3679 3679 3920 3749 ejusdem

2284 3771 2572 3840 propositi.
2611 3783 2672 3822 ac
2691 3772 2891 3822 remeat
2911 3784 3030 3822 cum
3060 3768 3174 3822 illis
3213 3769 3273 3822 in
3310 3767 3585 3835 Africam.

2290 3863 2337 3914 l.
2383 3858 2489 3914 Ubi
2531 3861 2760 3928 tempus
2804 3857 3049 3924 advenit,
3088 3873 3203 3928 quo
3242 3856 3314 3912 ad
3366 3871 3582 3911 sacram
3612 3871 3917 3927 regenera-

2215 3947 2428 4002 tionem
2471 3945 2866 4002 catechumeni
2905 3945 3141 4001 nomina
3181 3945 3335 4013 dare,
3367 3961 3541 4017 seque
3575 3943 3638 3998 in
3675 3945 3917 4015 Compe-

2214 4036 2456 4091 tentium
2489 4051 2730 4090 numero
2769 4051 3049 4107 reponere
3095 4034 3455 4102 tenebantur,
3514 4032 3667 4105 quod
3715 4034 3921 4089 saltem

2212 4127 2318 4181 sub
2346 4125 2575 4180 initium
2614 4123 3073 4196 Quadragesimte
3116 4123 3243 4178 ﬁeri
3288 4138 3678 4189 consueverat,
3725 4125 3923 4194 Augu-

2213 4215 2392 4269 stinus
2421 4230 2554 4269 rure
2574 4214 2772 4269 relicto
2801 4213 3186 4268 Mediolanum
3206 4211 3375 4267 rediit
3399 4227 3515 4267 una
3534 4226 3663 4265 cum
3683 4211 3917 4282 Alypio,

2212 4303 2312 4374 qui
2340 4319 2469 4358 cum
2497 4302 2622 4374 ipso
2652 4302 2873 4358 renasci
2909 4302 2972 4357 in
3004 4301 3224 4358 Christo
3263 4301 3558 4373 cupiebat;
3608 4315 3919 4372 secumque

2209 4392 2393 4446 ﬁlium
2421 4406 2592 4445 suum
2619 4391 2980 4445 Adeodatum
3002 4389 3257 4460 adduxit,
3284 4390 3539 4461 ejusdem
3562 4388 3763 4461 gratia
3784 4406 3916 4445 con-

2209 4482 2418 4532 sortem
2447 4476 2728 4543 futurum,
2775 4481 2948 4547 atque
2997 4476 3240 4531 subinde
3286 4476 3349 4531 in
3393 4492 3592 4531 eorum
3640 4475 3910 4531 societate

2209 4565 2530 4620 christianis
2558 4565 2812 4620 moribus
2837 4569 2893 4619 et
2914 4564 3193 4619 institutis
3213 4563 3610 4619 imbuendum.
3631 4564 3659 4619 J
3665 4580 3757 4619 am
3779 4580 3915 4618 sane

2207 4658 2329 4709 erat
2366 4654 2602 4727 Alypius
2639 4654 2965 4709 humilitate
3005 4652 3385 4710 Sacramentis
3422 4651 3748 4707 christianis
3777 4668 3911 4707 con-

2206 4760 2349 4815 grua
2376 4743 2632 4811 indutus,
2655 4743 2994 4798 fortissimus
3023 4741 3272 4797 domitor
3299 4739 3569 4813 corporis.
3602 4757 3789 4813 usque
3842 4742 3910 4796 ad

2206 4833 2467 4887 Italicum
2507 4832 2694 4886 solum
2725 4832 2960 4904 glaciale
2991 4831 3144 4886 nudo
3174 4831 3317 4902 pede
3347 4830 3727 4886 obterendum
3765 4829 3913 4884 inso-

2206 4922 2303 4976 lito
2333 4937 2471 4976 ausu
2519 4921 2786 4994 (Con/ess.
2829 4921 2923 4976 lib.
2957 4923 3011 4987 9,
3051 4935 3174 4990 cap.
3211 4922 3262 4982 6,
3304 4935 3341 4974 n
3399 4922 3506 4988 l4).
3548 4920 3674 4991 Ipse
3716 4922 3910 4974 autem

2204 5009 2555 5080 Augustinus
2583 5025 2757 5081 quam
2786 5008 2992 5063 idonee
3020 5011 3381 5079 comparatus
3411 5011 3579 5075 esset,
3619 5024 3689 5062 ex
3718 5006 3789 5061 iis
3818 5007 3910 5061 in-

2201 5097 2535 5170 telligimus,
2566 5113 2695 5169 quae
2725 5096 2921 5152 multis
2962 5101 3093 5168 post
3126 5096 3293 5151 anuis
3322 5101 3380 5151 et
3410 5097 3479 5151 de
3510 5113 3569 5151 se
3591 5096 3712 5168 ipso
3743 5099 3799 5150 et
3839 5096 3910 5151 de

2203 5185 2328 5240 aliis
2359 5185 2616 5256 scripsit:
2663 5185 2756 5240 Au
2784 5200 2952 5255 usque
2990 5185 3122 5239 adeo
3164 5184 3570 5239 dissimulamus
3598 5199 3633 5238 a
3660 5183 3908 5239 sensibus

2200 5276 2423 5344 nostris,
2451 5278 2513 5329 ut
2530 5274 2613 5329 vel
2639 5288 2734 5329 nos
2762 5275 2908 5343 ipsos
2924 5288 3031 5329 non
3054 5273 3416 5342 recordemur,
3447 5288 3610 5342 quam
3634 5274 3907 5340 fuerimus

2201 5363 2397 5417 attenti
2423 5365 2585 5431 atque
2615 5363 2856 5428 solliciti,
2889 5362 3024 5432 quid
3044 5363 3198 5417 nobis
3234 5364 3592 5433 praeciperent
3633 5376 3669 5415 a
3707 5362 3905 5430 quibus

2201 5450 2690 5519 catechizabamur,
2712 5465 2831 5505 cum
2852 5452 3025 5518 fontis
3047 5453 3194 5507 illius
3213 5455 3557 5506 sacramenta
3576 5454 3900 5521 peteremus,

2208 5543 2372 5612 atque
2398 5537 2466 5594 ab
2496 5539 2591 5595 hoc
2621 5537 2961 5610 Conpetentes
2989 5542 3153 5596 etiam
3178 5539 3530 5596 vocaremur?
3571 5538 3664 5611 (De
3697 5539 3823 5594 Fide
3858 5543 3906 5595 et
