4020 6364
119 328 205 380 Ml
1547 321 1760 382 LIBER
1797 318 2184 376 SECUNDUS.
3513 328 3614 383 142

0 442 10 476 ³
113 454 394 522 Operibus,
426 468 483 508 n.
525 455 598 523 9).
632 453 773 506 Τυω
813 466 984 521 porro
1015 451 1268 506 Ecclesiae
1319 452 1495 507 ubera
1530 453 1659 522 post
1687 448 1809 502 lon-

0 532 10 565 ²
112 540 404 608 gissimam
455 541 608 595 sitim
638 557 785 610 pene
832 540 1138 594 exhaustus
1168 545 1336 612 atque
1365 540 1577 605 aridus,
1609 541 1673 592 ut
1714 537 1806 592 lo-

0 619 10 655 ²
112 629 321 700 quitur,
358 634 474 684 tota
512 629 778 683 aviditate
822 629 1109 698 repetivit,
1139 644 1318 700 eaque
1367 629 1534 683 altius
1574 629 1714 681 ﬂens
1753 627 1808 680 et

0 707 8 738 ’⁵
113 734 351 790 gemens
381 718 684 783 concussit,
717 722 772 772 et
813 717 1106 788 expressit,
1139 722 1204 772 ut
1237 717 1296 772 id
1345 721 1620 779 manaret,
1654 714 1808 785 quod

0 795 8 829 τ
111 806 163 858 ei
192 806 272 860 sic
304 807 502 860 aﬁ‘ecto
549 806 616 860 ad
649 805 1058 859 recreationem
1098 805 1232 859 satis
1263 821 1382 859 esse
1411 808 1621 875 posset,
1657 807 1711 856 et
1738 801 1809 856 ad

0 887 6 916 ⁵
110 911 274 964 spem
306 895 690 949 reducendam
722 893 850 948 vitae
881 909 944 947 ac
973 893 1170 947 salutis
1195 892 1289 964 (De
1323 893 1565 949 Utilitate
1591 891 1807 946 creden-

110 984 390 1123 digii?
428 1085 522 1123 eos
573 1068 693 1123 dies
741 1068 953 1123 librum
999 1069 1068 1124 de
1126 1069 1558 1124 Immortalitate
1603 1068 1808 1122 animae

0 1165 9 1182 π
111 1157 356 1227 scripsit,
391 1159 542 1212 velut
569 1157 1071 1212 commonitorium
1111 1159 1182 1212 ad
1226 1157 1569 1212 absolvenda
1605 1157 1809 1212 Solilo-

0 1237 6 1271 l
112 1245 267 1315 quia,
301 1262 431 1316 quae
486 1245 820 1316 imperfecta
869 1251 1260 1300 remanserant
1301 1250 1552 1317 (Ret-ruet.
1605 1246 1698 1299 lib.
1758 1247 1806 1306 l,

0 1329 5 1361 ⁵
110 1350 231 1401 cap.
266 1337 319 1400 5,
347 1350 404 1387 η.
441 1333 514 1403 1).
545 1334 730 1397 Quare
763 1333 971 1386 mirum
1004 1333 1182 1387 videri
1203 1351 1319 1388 non
1349 1334 1532 1398 debet,
1567 1333 1614 1386 si
1641 1332 1809 1402 hujus

111 1422 254 1487 libri
288 1422 749 1476 ratiocinationes
793 1422 932 1476 adeo
973 1427 1288 1475 contractas
1331 1428 1386 1476 et
1431 1421 1673 1476 breviter
1711 1436 1807 1473 ex-

0 1505 5 1538 ῖ
109 1527 334 1580 pressas
365 1511 593 1576 dixerit,
622 1515 684 1564 ut
711 1509 801 1563 vix
833 1527 925 1563 eas
950 1510 1070 1580 ipse
1102 1511 1438 1581 perciperet.
1473 1511 1537 1564 In
1568 1526 1632 1562 eo
1660 1509 1806 1562 libro

0 1595 4 1629 ί
111 1601 266 1652 locus
297 1602 402 1667 est,
435 1600 596 1669 cujus
633 1598 970 1653 sententiam
1004 1615 1060 1652 se
1094 1615 1206 1652 non
1253 1615 1454 1669 capere
1503 1598 1810 1652 conﬁtetur

0 1697 9 1702 ’
108 1687 298 1756 (lbid.,
327 1703 384 1741 n.
409 1687 479 1755 3).
508 1686 694 1740 Nihilo
722 1691 913 1739 tamen
944 1685 1134 1739 minus
1163 1702 1227 1739 eo
1252 1686 1428 1740 invito
1455 1685 1602 1740 fetus
1624 1684 1727 1738 iste
1748 1685 1810 1737 in

0 1771 6 1806 ῖ
108 1774 295 1827 lucem
326 1771 560 1844 prodiit,
591 1779 646 1827 et
667 1775 788 1844 ejus
810 1774 1076 1844 operibus
1107 1779 1511 1828 annumeratus
1536 1778 1638 1827 est.
1664 1774 1808 1826 Tum

5 1877 9 1880 '
108 1862 286 1916 etiam
318 1864 538 1933 aliquot
566 1863 635 1916 de
666 1862 995 1916 liberalibus
1023 1862 1340 1933 disciplinis
1382 1863 1532 1916 libro
1564 1861 1808 1915 scribere

0 1953 10 1985 θ
109 1967 414 2020 aggressus
435 1957 537 2017 est,
553 1968 682 2004 suos
703 1950 791 2004 his
803 1951 870 2004 de
889 1951 1424 2022 rebusinterrogans
1445 1951 1806 2015 convictores,

3 2045 8 2072 ί
116 2039 216 2110 qui
249 2041 320 2093 ab
350 2039 678 2110 hujusmodi
707 2039 910 2092 studiis
939 2054 1056 2093 non
1084 2040 1486 2106 abhorrerent;
1516 2056 1582 2093 eo
1623 2039 1810 2093 videli-

118 2133 208 2181 cet
233 2128 448 2195 animo,
477 2132 542 2181 ut
569 2141 673 2196 per
692 2141 781 2180 res
804 2143 1104 2197 corporeas
1129 2129 1201 2182 ad
1231 2128 1553 2198 spirituales
1581 2128 1809 2198 quibus

119 2217 255 2270 dam
282 2216 448 2287 quasi
475 2215 744 2286 gradibus
776 2215 943 2269 certis
972 2217 1058 2270 vel
1084 2216 1424 2286 perveniret,
1460 2218 1546 2270 vel
1565 2215 1809 2287 :duceret

0 2309 8 2338 ί
106 2306 303 2375 (1bid.,
355 2321 474 2375 cap.
509 2304 579 2374 6).
624 2307 730 2358 Has
759 2304 1180 2359 lucubrationes
1223 2306 1523 2361 Mediolani
1551 2322 1804 2375 exorsus,

0 2395 8 2428 θ
104 2396 294 2447 solum
335 2393 546 2447 ibidem
591 2392 661 2446 de
709 2392 1087 2447 Grammatica
1132 2393 1342 2449 librum
1373 2394 1629 2448 absolvit.
1667 2395 1806 2448 Nam

0 2484 2 2518 ί
105 2498 256 2550 opus
287 2482 355 2535 de
399 2480 607 2535 Musica
637 2480 821 2549 (lbid.,
854 2497 974 2550 cap.
1012 2484 1096 2547 11,
1120 2496 1175 2534 n.
1212 2482 1262 2548 1)
1294 2487 1414 2534 tum
1454 2496 1682 2551 quoque
1714 2479 1805 2532 in-

0 2575 3 2606 ?
102 2574 378 2640 coeptum,
408 2569 640 2624 nonnisi
665 2573 794 2638 post
825 2569 1177 2640 Baptismum
1210 2576 1266 2624 et
1310 2575 1442 2639 post
1483 2583 1806 2639 regressum

3 2649 14 2670 ³
103 2657 165 2712 in
215 2657 483 2723 Africam,
519 2656 741 2727 scriptis
771 2673 870 2711 sex
914 2657 1299 2712 voluminibus
1350 2657 1590 2711 confecit
1621 2657 1801 2727 (Ibid.,

99 2762 228 2814 cap.
263 2748 339 2816 6).
368 2749 439 2799 At
467 2745 536 2799 de
566 2745 692 2798 aliis
722 2744 976 2816 quinque
1006 2745 1320 2816 disciplinis
1358 2746 1505 2816 apud
1541 2745 1803 2800 Mediola-

101 2851 249 2890 num
272 2833 534 2890 similiter
562 2833 860 2896 inchoatis,
887 2833 1096 2888 scilicet
1117 2835 1185 2888 de
1220 2834 1537 2901 Dialectica,
1565 2835 1634 2888 de
1662 2835 1804 2887 Rhea

98 2921 306 2988 torica,
339 2923 408 2976 de
438 2921 810 2988 Geometrica,
835 2921 904 2976 de
932 2921 1322 2987 Arithmetica,
1355 2927 1410 2975 et
1439 2922 1509 2976 de
1547 2921 1802 2976 Philoso-

0 3021 2 3024 '
100 3010 260 3080 phia,
295 3009 576 3080 principia
604 3010 756 3076 (sola,
791 3009 848 3064 id
895 3014 998 3075 est,
1032 3009 1289 3080 ipsorum
1335 3010 1478 3064 forte
1525 3010 1802 3065 librorum

0 3109 5 3144 ε
100 3100 225 3152 sola
247 3099 482 3153 exordia
503 3103 912 3154 remanserant.
939 3098 1278 3169 Quanquam
1295 3114 1425 3152 cum
1450 3115 1583 3153 suos
1609 3101 1806 3153 Retra-

0 3201 14 3256 t
99 3186 421 3240 ctationum
452 3186 623 3241 libros
653 3187 863 3253 ederet,
889 3187 1012 3256 jam
1042 3192 1100 3240 et
1127 3187 1246 3241 haec
1265 3186 1389 3258 ipsa
1415 3187 1714 3257 principia,
1749 3192 1804 3242 et

0 3293 5 3316 ἢ
99 3275 316 3329 librum
349 3276 417 3329 de
447 3275 822 3329 Grammatica
851 3275 1176 3345 perdiderat
1207 3291 1220 3330 :
1263 3291 1391 3346 quas
1431 3275 1802 3330 nihilominus

0 3381 2 3390 ε
98 3364 174 3417 ab
205 3363 490 3434 aliquibus
522 3363 720 3417 haberi
747 3363 1106 3417 existimabat
1134 3363 1340 3432 (Ibid).
1376 3363 1584 3433 Reipsa
1611 3363 1804 3418 omnia

0 3467 3 3476 '
99 3451 302 3505 istbazc
331 3451 603 3520 opuscula
636 3450 962 3506 in~Possidii
994 3456 1383 3505 memorantur
1421 3451 1694 3506 Indiculo.

175 3541 228 3594 3.
279 3539 532 3593 Tandem
580 3539 792 3593 factum
838 3542 923 3593 est
967 3538 1154 3594 divina
1201 3542 1504 3609 praestante
1557 3540 1801 3609 opitula-

1 3667 4 3676 ε
97 3628 283 3697 tione,
310 3632 370 3681 ut
399 3644 502 3698 per
542 3627 854 3682 antistitem
883 3627 1244 3682 Ambrosium
1275 3632 1330 3681 et
1368 3626 1683 3682 doctrinam
1714 3645 1800 3681 sa-

96 3717 348 3771 lutarem
394 3716 652 3770 Ecclesiaa
694 3716 985 3770 catholica:
1024 3721 1082 3770 et
1117 3715 1308 3771 divina
1348 3714 1666 3785 perciperet
1703 3715 1801 3768 Sa-

96 3811 416 3872 cramenta,
449 3810 514 3860 ut
542 3804 836 3859 memorie:
879 3804 1072 3875 prodit
1094 3803 1376 3859 Possidius
1405 3819 1418 3867 ;
1453 3804 1602 3871 apud
1631 3818 1802 3872 quem

0 3927 3 3930 -
96 3894 362 3964 proxime
405 3898 535 3948 ante
583 3893 680 3946 illa
713 3894 885 3947 verba
934 3892 1143 3963 legitur
1175 3908 1187 3947 :
1215 3891 1537 3959 Proﬁciendi
1582 3893 1640 3944 in
1667 3892 1802 3944 reli-

9 4001 14 4008 '
94 3985 257 4051 gione
282 3983 450 4035 eidem
480 3984 680 4035 amoris
723 3981 887 4034 ardor
914 3983 1134 4036 innatus
1161 3985 1258 4046 est,
1294 3995 1396 4048 quo
1422 3981 1802 4047 propinquan-

0 4090 4 4122 .'
97 4073 245 4126 tibus
290 4071 477 4124 diebus
521 4071 724 4123 sanctis
781 4070 1012 4135 Paschae,
1045 4069 1238 4122 salutis
1281 4083 1480 4135 aquam
1506 4069 1804 4135 perciperet

93 4159 362 4228 (Possid.,
384 4165 463 4211 in"
480 4159 608 4214 Vita
634 4157 894 4225 August.,
913 4172 958 4211 c.
995 4157 1064 4226 1).
1093 4155 1307 4220 Quibus
1337 4153 1523 4209 verbis
1549 4154 1799 4208 indicare

97 4249 345 4314 videtur,
370 4245 776 4314 Augustinum,
795 4261 924 4299 cum
951 4245 1022 4299 ad
1053 4244 1339 4298 Christum
1367 4260 1669 4298 conversus
1699 4248 1800 4309 est,

101 4334 464 4406 Baptismalis
515 4335 574 4388 in
619 4335 880 4405 proxima
926 4334 1182 4389 Paschali
1230 4332 1586 4386 solemnitate
1625 4333 1804 4403 perci-

99 4423 298 4495 piendi
345 4423 646 4476 consilium
693 4421 927 4493 cepisse.
957 4422 1065 4476 Sed
1115 4420 1248 4476 inde
1280 4419 1558 4474 Baronius
1588 4419 1802 4482 intulit,

99 4529 235 4567 eum
267 4516 526 4582 tempore
575 4511 828 4566 Paschali
872 4510 1046 4566 fuisse
1087 4515 1510 4580 regeneratum,
1555 4525 1622 4589 eo
1671 4525 1804 4562 sane

4 4594 16 4614 ⁷
101 4600 367 4667 consilio,
409 4605 472 4654 ut
502 4601 625 4671 ejus
657 4599 1006 4670 Baptismum
1051 4599 1119 4654 ad
1150 4599 1414 4670 quintum
1444 4598 1595 4652 diem
1643 4600 1800 4664 mali,

101 4707 218 4762 quo
253 4688 345 4744 die
367 4688 518 4742 illius
539 4689 967 4743 conversionem
989 4687 1229 4742 Ecclesia
1250 4703 1402 4742 nunc
1427 4687 1688 4750 celebrat,
1711 4686 1806 4740 ad-

101 4781 331 4849 aptaret
352 4777 595 4846 (Baron.,
615 4778 689 4832 ad
709 4793 838 4832 ann.
856 4779 1047 4843 388,11.
1062 4775 1152 4847 71)
1169 4791 1182 4830 :
1208 4775 1468 4847 quamvis
1487 4792 1552 4829 ea
1569 4774 1806 4829 Possidii

98 4867 296 4932 verba,
325 4864 372 4918 si
397 4865 561 4935 juxta
587 4881 825 4928 morem,
860 4880 1034 4936 quem
1061 4868 1198 4918 tunc
1238 4862 1481 4917 Ecclesia
1521 4861 1801 4928 servabat,

101 4972 164 5009 ex
172 4957 619 5025 ponantur,eum
637 4954 695 5007 in
709 4953 934 5008 Pascha:
949 4951 1250 5024 pervigilio
1268 4950 1620 5022 baptizatum
1633 4949 1805 5004 fuisse

104 5043 466 5114 signiﬁcent:
509 5041 610 5113 qui
656 5041 776 5097 dies
813 5041 1136 5096 adultorum
1183 5039 1472 5110 prmcipue
1522 5039 1806 5109 Baptismo

5 5199 16 5206 .
105 5131 423 5186 destinatus
453 5135 605 5198 erat;
641 5130 722 5185 ita
750 5135 816 5184 ut
844 5133 1002 5184 extra
1031 5145 1163 5184 eum
1213 5127 1366 5182 diem
1403 5127 1615 5182 multos
1645 5126 1806 5198 aquis

103 5218 449 5274 salutaribus
470 5219 638 5273 simul
652 5219 905 5286 abluere,
922 5217 1406 5290 quemadmodum
1425 5216 1485 5270 in
1503 5215 1807 5287 Augustini

101 5307 537 5380 regeneratione
569 5307 790 5373 accidit,
823 5306 1151 5377 infrequens
1193 5309 1250 5360 et
1295 5321 1595 5376 perrarum
1634 5309 1801 5362 esset.

104 5395 218 5450 Hoc
247 5397 441 5467 itaque
470 5393 710 5464 contigit
739 5411 807 5448 ea
833 5398 1020 5461 nocte,
1052 5411 1181 5466 quas
1221 5394 1485 5465 quintum
1515 5397 1572 5447 et
1601 5392 1804 5446 vicesi-

105 5500 268 5540 mum
308 5484 464 5540 diem
509 5482 707 5555 aprilis
753 5482 1140 5550 antecedebat,
1172 5499 1287 5554 quo
1339 5481 1430 5538 die
1473 5481 1807 5536 Ambrosius

105 5574 321 5630 Pascha
347 5589 501 5629 anno
561 5571 850 5629 tricesimo
892 5570 1238 5644 octogesimo
1277 5569 1518 5644 septimo
1559 5586 1680 5627 esse
1719 5587 1806 5626 ce-

1922 442 2262 498 le’brandum
2289 442 2521 514 publica
2549 444 2788 516 epistola
2815 445 3170 516 probaverat.

1986 533 2038 585 4.
2077 532 2201 585 Non
2230 537 2314 586 est
2340 534 2632 588 tenuitatis
2663 540 2894 604 nostrae,
2921 535 2989 590 de
3015 535 3224 606 gaudio
3261 538 3611 606 Angelorum

1919 619 2019 673 Dei
2049 619 2108 673 in
2137 620 2292 674 caelis
2321 638 2492 692 super
2537 624 2840 694 Augustini
2870 624 3204 695 poenitentia
3231 628 3286 679 et
3329 627 3610 696 Baptismo

1918 724 2020 779 pro
2051 708 2326 780 dignitate
2365 710 2549 766 dicere
2582 729 2595 766 :
2631 718 2779 768 certe
2813 713 3018 768 Christi
3060 713 3120 767 in
3162 713 3326 767 terris
3373 716 3614 770 Ecclesia

1920 813 2089 851 suum
2120 798 2423 868 quotannis
2445 799 2616 854 etiam
2646 818 2796 856 nunc
2823 801 3238 872 gratulabunda
3261 805 3498 857 testatur
3521 820 3534 871 ;
3561 809 3617 859 et

1918 885 2058 940 adeo
2078 886 2354 942 eximium
2376 890 2675 944 Doctorem
2697 906 2907 959 magno
2930 890 3136 944 divinae
3158 890 3354 960 gratim
3377 906 3615 946 munere

1918 975 2194 1029 donatum
2217 992 2546 1046 agnoscens,
2571 977 2835 1049 quintum
2865 978 3016 1033 diem
3039 978 3176 1033 maii
3201 979 3460 1050 ejusdem
3485 996 3618 1035 con-

1920 1061 2164 1117 versioni
2193 1079 2413 1118 sacrum
2445 1066 2742 1121 constituit
2773 1084 2787 1122 :
2821 1084 2949 1138 quae
2977 1084 3150 1138 porro
3179 1084 3297 1122 non
3326 1068 3494 1122 aliam
3526 1085 3618 1124 cu-

1914 1150 2184 1222 jusquam
2233 1154 2667 1209 conversionem
2705 1156 2963 1210 instituta
3004 1154 3307 1210 festivitate
3348 1156 3614 1224 celebrat,

1919 1244 2127 1310 praeter
2155 1258 2328 1312 quam
2355 1243 2515 1297 Pauli
2546 1247 2603 1298 et
2625 1243 2945 1314 Augustini.
2970 1245 3146 1315 Hujus
3170 1249 3361 1298 tamen
3391 1261 3617 1300 conver-

1919 1327 2002 1382 sio
2017 1329 2103 1382 vel
2120 1330 2442 1399 Baptismus
2460 1332 2626 1386 tertio
2642 1349 2824 1386 nonas
2847 1333 2979 1387 maii
3003 1333 3252 1388 accidere
3274 1350 3388 1388 non
3408 1333 3612 1404 potuit.

1884 1419 1894 1428 '
1919 1417 2257 1488 Quanquam
2281 1419 2745 1490 nonlongissime
2775 1421 2934 1476 abest
2961 1420 3008 1475 is
3039 1421 3158 1476 dies
3186 1422 3255 1476 ab
3278 1437 3362 1488 eo,
3392 1423 3492 1493 qui
3511 1424 3614 1478 Me-

1920 1505 2236 1560 diolanensi
2256 1508 2513 1563 Ecclesiae
2532 1509 2793 1563 veniente
2825 1510 2894 1564 ad
2919 1509 3271 1580 Baptismum
3297 1510 3615 1581 Augustino

1917 1593 2148 1649 festivus
2181 1596 2304 1650 fuit.
2340 1598 2518 1652 Nemo
2549 1603 2699 1652 certe
2731 1599 2838 1652 erit
2866 1599 2965 1669 qui
3005 1615 3117 1652 non
3165 1598 3327 1653 facile
3359 1599 3612 1669 suspice-

1917 1686 2032 1748 tur,
2064 1688 2322 1738 sanctum
2358 1685 2546 1740 virum
2589 1686 2863 1741 fortunati
2891 1686 3043 1740 illius
3074 1686 3186 1741 diei
3223 1687 3614 1742 recordatione

1919 1771 2161 1826 maxime
2192 1771 2495 1827 incitatum
2525 1774 2720 1837 fuisse,
2749 1779 2814 1828 ut
2845 1776 3118 1829 Romana:
3149 1775 3404 1828 Ecclesiae
3432 1774 3493 1829 in
3521 1776 3617 1829 Vi-

1919 1858 2125 1912 ctorini
2153 1860 2517 1915 conversione
2549 1861 2808 1915 laetitiam
2838 1865 2954 1915 tam
2983 1861 3206 1916 disertis
3245 1865 3475 1932 tamque
3505 1863 3614 1932 piis

1917 1947 2102 2001 verbis
2131 1949 2510 2017 promendam
2537 1949 3007 2020 prodendamque
3045 1949 3338 2004 memoria:
3366 1956 3610 2007 curaret.

1919 2035 2193 2100 Quocirca
2223 2052 2286 2090 ex
2317 2035 2387 2090 iis
2427 2052 2555 2108 quas
2585 2037 2679 2092 ille
2727 2038 2794 2092 de
2824 2037 3111 2092 Victorino
3145 2037 3402 2110 (Confess.
3432 2040 3526 2094 lib.
3557 2043 3612 2111 8,

1917 2139 2036 2192 cap.
2084 2126 2137 2190 2,
2168 2139 2223 2178 η.
2271 2125 2344 2192 5),
2377 2125 2485 2178 hoc
2510 2130 2718 2196 praeter
2746 2126 2874 2191 alia,
2923 2130 3142 2181 mutato
3197 2127 3471 2182 duntaxat
3509 2145 3612 2184 no-

1920 2214 2092 2281 mine,
2129 2215 2198 2268 de
2246 2214 2370 2284 ipso
2413 2215 2597 2270 dicere
2625 2233 2892 2287 peraique
2939 2216 3124 2283 liceat,
3153 2217 3308 2287 quod
3336 2217 3612 2272 nimirum

1915 2302 2017 2356 ubi
2047 2303 2300 2357 ascendit
2318 2307 2381 2360 ut
2411 2305 2733 2375 symbolum
2761 2306 2820 2359 in
2849 2305 3082 2360 ecclesia
3106 2306 3388 2373 redderet,
3413 2322 3612 2362 omnes

1916 2390 2146 2445 sibimet
2170 2391 2437 2458 invicem,
2471 2392 2714 2464 quisque
2755 2399 2817 2448 ut
2845 2410 2976 2448 eum
3015 2398 3266 2463 noverat,
3298 2394 3612 2466 instrepue—

1915 2482 2052 2534 runt
2076 2495 2282 2534 nomen
2306 2480 2428 2550 ejus
2448 2481 2687 2552 strepitu
2714 2482 3129 2552 gratulationis.
3156 2482 3291 2547 Quis
3322 2487 3512 2538 autem
3531 2483 3613 2538 ibi

1914 2583 2034 2622 non
2079 2583 2211 2622 eum
2257 2569 2528 2623 noverat?
2558 2570 2624 2623 Et
2669 2570 2862 2624 sonuit
2904 2587 3097 2641 presso
3138 2571 3326 2626 sonitu
3365 2587 3470 2642 per
3515 2587 3614 2626 ora

1915 2661 2247 2710 cunctorum
2290 2657 2699 2712 colleetantium
2741 2675 2753 2713 :
2810 2660 3186 2730 Augustinus!
3230 2660 3608 2731 Augustinus!

1915 2742 2035 2798 Cito
2064 2749 2418 2799 sonnuerunt
2466 2746 2832 2813 exultatione,
2865 2746 2997 2816 quia
3045 2747 3313 2801 videbant
3350 2764 3483 2802 eum
3511 2764 3524 2815 ;
3558 2751 3614 2800 et

1913 2831 2024 2886 cito
2075 2833 2356 2886 siluerunt
2395 2833 2738 2898 intentione,
2772 2838 2834 2887 ut
2863 2833 3128 2888 audirent
3164 2850 3316 2888 eum.
3350 2837 3609 2889 Pronun-

1912 2919 2074 2973 tiavit
2102 2919 2197 2974 ille
2225 2919 2397 2974 ﬁdem
2423 2937 2680 2975 veracem
2706 2923 2979 2991 praeclara
3009 2921 3234 2988 fiducia,
3263 2927 3319 2976 et
3349 2922 3612 2976 volebant

1914 3023 2047 3061 eum
2095 3023 2294 3062 omnes
2336 3024 2536 3078 rapere
2582 3008 2731 3063 intro
2776 3009 2838 3063 in
2875 3025 2970 3064 cor
3012 3026 3200 3076 suum,
3228 3014 3284 3064 et
3310 3009 3612 3079 rapiebant

1915 3097 2159 3150 amando
2189 3099 2247 3150 et
2283 3096 2605 3166 gaudendo.
2638 3098 2737 3152 Has
2784 3097 3130 3168 rapientium
3173 3114 3376 3152 manus
3423 3102 3606 3154 erant.

1913 3184 2072 3238 Multi
2101 3183 2332 3254 quidem
2373 3201 2438 3239 ex
2484 3185 2857 3255 profundiore
2896 3190 3105 3240 tartaro
3137 3186 3405 3241 caecitatis
3437 3203 3610 3257 quam

1911 3273 2285 3343 Augustinus,
2311 3273 2553 3327 redeunt
2579 3273 2648 3328 ad
2672 3275 2849 3328 Deum
2875 3291 2887 3329 :
2920 3275 3018 3328 sed
3048 3275 3095 3328 si
3117 3275 3306 3329 minus
3332 3275 3454 3329 noti
3479 3279 3612 3329 sunt

1912 3361 2165 3431 populis,
2199 3362 2386 3416 minus
2430 3363 2498 3416 de
2542 3361 2655 3416 illis
2702 3362 2954 3432 gaudent
2983 3362 3154 3417 etiam
3192 3363 3293 3434 qui
3329 3367 3614 3419 noverunt

1913 3465 2037 3502 eos:
2072 3449 2172 3520 qui
2201 3454 2393 3504 autem
2421 3449 2613 3503 multis
2642 3450 2785 3518 noti,
2804 3451 2996 3504 multis
3026 3456 3158 3506 sunt
3184 3451 3505 3506 auctoritati
3536 3452 3610 3506 ad

1911 3538 2174 3604 salutem,
2201 3542 2258 3592 et
2285 3537 2478 3592 multis
2505 3544 2768 3609 praeeunt
2797 3540 3088 3594 secuturis.
3129 3542 3261 3594 Plus
3300 3541 3470 3594 etiam
3502 3542 3606 3595 ho-

1913 3625 2012 3678 stis
2043 3625 2286 3680 vincitur
2317 3627 2376 3680 in
2404 3643 2470 3681 eo
2514 3643 2686 3698 quem
2727 3629 2857 3697 plus
2884 3632 3057 3696 tenet,
3088 3632 3144 3682 et
3173 3629 3242 3684 de
3268 3645 3380 3700 quo
3418 3630 3612 3700 plures

1911 3715 2087 3769 tenet.
2122 3714 2252 3767 Plus
2282 3717 2474 3768 autem
2512 3715 2786 3784 superbos
2832 3719 2989 3769 tenet
3029 3715 3255 3770 nomine
3286 3715 3610 3778 nobilitatis,

1914 3804 1971 3854 et
1999 3801 2069 3854 de
2115 3800 2204 3854 bis
2241 3801 2433 3869 plures
2474 3801 2707 3854 nomine
2753 3803 3122 3858 auctoritatis.
3171 3803 3392 3866 Quanto
3436 3803 3612 3873 igitur

1914 3888 2130 3958 gratius
2172 3889 2530 3957 cogitabatur
2567 3889 2869 3958 Augustini
2897 3895 3114 3958 pectus,
3149 3891 3302 3960 quod
3333 3895 3609 3961 tanquam

1914 3975 2355 4046 inexpugnabile
2399 3977 2820 4046 receptaculum
2866 3977 3123 4031 diabolus
3170 3977 3514 4044 obtinuerat,
3556 3982 3612 4032 et

1913 4063 2218 4133 Augustini
2242 4063 2462 4134 lingua,
2485 4081 2598 4136 quo
2619 4065 2733 4119 telo
2756 4066 2959 4135 grandi
2991 4070 3043 4120 et
3064 4070 3230 4121 acuto
3251 4067 3461 4120 multos
3483 4082 3614 4136 per-

1915 4157 2160 4220 emerat;
2183 4156 2340 4207 tanto
2355 4152 2733 4208 abundantius
2745 4153 3026 4208 exsultare
3039 4154 3290 4225 oportuit
3301 4153 3446 4209 ﬁlios
3463 4158 3609 4222 tuos,

1915 4241 2050 4312 quia
2081 4242 2195 4296 Rex
2229 4247 2425 4297 noster
2448 4242 2701 4313 alligavit
2720 4243 2944 4309 fortem,
2974 4249 3026 4298 et
3054 4243 3320 4298 videbant
3338 4261 3469 4298 vasa
3490 4244 3612 4315 ejus

1915 4336 2112 4402 erepta
2139 4331 2424 4399 mundari,
2457 4336 2513 4386 et
2541 4331 2728 4402 aptari
2757 4332 2816 4387 in
2862 4333 3141 4387 honorem
3184 4337 3370 4400 tuum,
3403 4338 3457 4387 et
3485 4333 3614 4388 ﬁeri

1915 4419 2078 4474 utilia
2119 4420 2360 4475 Domino
2408 4421 2476 4475 ad
2527 4435 2699 4475 omne
2744 4437 2885 4492 opus
2929 4421 3144 4476 bonum
3186 4420 3371 4492 (Ibid.,
3404 4437 3524 4492 cap.
3557 4425 3612 4490 4,

1914 4528 1969 4566 η.
2005 4512 2076 4580 9).

1987 4601 2036 4652 5.
2067 4599 2351 4668 Baptizati
2393 4613 2598 4668 sumus,
2646 4597 2836 4670 inquit
2876 4598 3248 4668 Augustinus,
3293 4603 3344 4654 et
3387 4601 3537 4667 fugit
3581 4617 3615 4655 a

1915 4687 2066 4741 nobis
2091 4686 2397 4741 sollicitudo
2423 4689 2548 4742 vitae
2571 4689 2886 4756 praeterita.
2926 4689 3028 4743 Nec
3055 4687 3302 4742 satiabar
3342 4689 3453 4744 illis
3493 4690 3615 4743 die-

1918 4775 2013 4830 bus
2043 4775 2322 4829 dulcedine
2349 4776 2606 4845 mirabili,
2636 4776 2973 4831 considerare
3014 4777 3359 4832 altitudinem
3405 4779 3616 4834 consilii

1917 4867 2000 4920 tui
2043 4881 2205 4934 super
2252 4865 2480 4920 salutem
2531 4868 2739 4933 generis
2792 4867 3036 4921 humani.
3083 4867 3353 4934 Quantum
3377 4871 3502 4938 ﬂevi
3554 4871 3614 4923 in

1917 4954 2134 5022 hymnis
2163 4957 2213 5008 et
2241 4955 2465 5008 canticis
2514 4957 2643 5020 tuis,
2669 4957 3074 5010 suavesonantis
3104 4957 3354 5012 Ecclesia
3395 4961 3499 5013 tuae
3526 4973 3616 5012 υο-

1917 5041 2067 5097 cibus
2109 5049 2393 5097 commotus
2419 5045 2661 5098 acriter?
2712 5045 2873 5101 Voces
2910 5044 3018 5099 illa
3059 5045 3354 5114 inﬂuebant
3390 5047 3616 5100 auribus

1914 5129 2067 5196 meis,
2099 5133 2150 5183 et
2173 5131 2518 5198 eliquabatur
2553 5131 2755 5187 veritas
2783 5135 2842 5188 in
2867 5148 2956 5188 cor
2983 5149 3174 5202 meum,
3206 5139 3257 5189 et
3283 5134 3615 5190 exaestuabat

1916 5216 2040 5270 inde
2071 5217 2295 5285 affectus
2320 5220 2565 5287 pietatis,
2588 5225 2638 5274 et
2656 5221 2943 5276 currebant
2965 5222 3237 5293 lacrymae,
3262 5227 3312 5277 et
3334 5224 3457 5276 bene
3480 5222 3616 5276 mihi

1916 5309 2032 5359 erat
2056 5321 2175 5360 cum
2193 5308 2266 5360 eis
2291 5307 2459 5376 (Ibid.
2477 5349 2492 5377 ,
2513 5309 2608 5364 lib.
2633 5312 2684 5378 9,
2706 5326 2826 5380 cap.
2850 5313 2902 5378 6,
2925 5327 2980 5367 n.
3017 5313 3123 5382 14).
3147 5313 3339 5366 Annus
3359 5314 3496 5378 erat,
3519 5315 3615 5365 aut

1914 5409 2021 5448 non
2046 5395 2212 5449 multo
2237 5397 2469 5465 amplius
2497 5402 2652 5466 (puta
2681 5399 2930 5453 tredecim
2957 5401 3171 5453 circiter
3193 5413 3392 5453 menses
3413 5413 3480 5451 ea:
3509 5414 3614 5468 quo

1915 5484 2024 5537 ista
2042 5483 2362 5538 consuetudo
2380 5485 2674 5540 Mediolani
2693 5487 2963 5556 cape-rat),
2986 5503 3105 5542 cum
3122 5488 3341 5541 Iustina
3362 5488 3616 5555 Augusta

1922 5572 2294 5628 Valentiniani
2303 5575 2446 5642 regis
2455 5576 2619 5645 pueri
2635 5579 2807 5630 mater
2826 5577 3086 5630 hominem
3107 5577 3256 5630 tuum
3269 5575 3618 5632 Ambrosium
