4060 6366
458 308 557 361 143

448 430 864 498 persequeretur
891 426 1108 480 haeresis
1130 437 1242 478 suae
1268 438 1452 491 causa,
1481 439 1591 493 qua
1626 426 1811 492 fuerat
1838 424 2057 480 seducta
2086 425 2154 478 ab

455 518 723 581 Arionis;
752 515 907 585 quod
928 529 1159 568 narrare
1189 513 1378 584 pergit
1396 514 1746 583 Augustinus
1771 513 1831 567 in
1861 514 2013 568 hunc
2040 530 2158 567 mo-

456 605 596 659 dum
625 620 639 657 :
662 602 982 657 Excubabat
1006 603 1105 671 pia
1129 601 1278 670 plebs
1307 603 1365 654 in
1391 602 1629 668 ecclesia,
1651 604 1789 657 mori
1801 607 2007 671 parata
2035 619 2157 657 cum

455 697 699 763 episcopo
724 707 839 754 suo,
870 706 1020 745 servo
1051 696 1158 744 tuo.
1191 691 1275 745 Ibi
1302 696 1474 745 mater
1502 706 1639 757 mea,
1670 693 1872 746 ancilla
1902 686 2014 758 tua,
2045 694 2158 747 sol-

457 782 761 838 licitudinis
791 786 841 834 et
860 782 1177 849 vigiliarum
1200 782 1410 849 primas
1432 785 1631 848 tenens,
1653 781 1988 835 orationibus
2010 783 2148 836 vive-

458 870 569 925 bat.
592 871 701 927 Nos
721 869 898 923 adhuc
914 868 1120 936 frigidi
1137 885 1171 922 a
1199 869 1369 923 calore
1397 871 1627 938 spiritus
1648 871 1746 928 tui.
1787 870 2161 924 emcitabamur

458 965 637 1014 tamen
679 960 899 1014 civitate
945 960 1177 1012 attonita
1219 962 1382 1027 atque
1433 959 1670 1012 turbata.
1708 961 1852 1013 Tunc
1881 960 2069 1026 hymni
2108 964 2159 1012 et

449 1049 656 1119 psalmi
679 1053 741 1102 ut
769 1051 1087 1101 canerentur
1114 1047 1404 1101 secundum
1430 1063 1627 1101 morem
1658 1048 2012 1103 Orientalium
2022 1063 2158 1117 par-

458 1141 614 1203 tium,
640 1151 707 1190 ne
742 1136 976 1206 populus
1017 1137 1259 1188 maeroris
1299 1134 1455 1188 τεάἱο
1501 1135 1906 1202 contabesceret,
1931 1135 2159 1187 institu-

457 1232 572 1281 tum
603 1230 717 1295 est;
751 1230 801 1280 ct
828 1241 896 1278 car:
933 1225 1026 1277 illo
1062 1225 1122 1277 in
1161 1224 1478 1278 hodiernum
1513 1227 1796 1292 retentum,
1829 1224 2013 1278 multis
2039 1221 2159 1291 jam

455 1330 518 1369 ac
540 1330 674 1384 pene
701 1314 947 1369 omnibus
976 1313 1225 1379 gregibus
1262 1314 1389 1379 tuis,
1421 1318 1471 1366 et
1493 1328 1591 1382 prr
1626 1317 1815 1367 caztera
1857 1312 2002 1366 orbis
2030 1312 2156 1364 imi-

458 1404 699 1459 tantibus
730 1403 918 1473 (Ibid.,
943 1417 1062 1471 cap.
1085 1406 1211 1470 7,n.
1240 1403 1352 1471 15.)
1386 1401 1854 1472 Experimentum
1872 1399 2154 1465 utilitatis,

455 1508 586 1564 quae
634 1508 703 1546 ex
739 1507 898 1546 sacra
944 1490 1201 1545 Ecclesia:
1242 1489 1633 1545 modulatione
1658 1488 1995 1561 percipitur,
2026 1504 2155 1542 cum

455 1579 631 1636 etiam
660 1580 1057 1635 recordaretur
1084 1578 1181 1632 Vir
1202 1582 1448 1645 sanctus,
1479 1579 1778 1649 lacrymas,
1804 1594 1946 1650 quas
1969 1577 2159 1632 divina

455 1669 671 1723 cantica
717 1668 778 1722 in
824 1672 1172 1739 recuperatae
1202 1666 1335 1722 ﬁdei
1364 1683 1482 1721 sua:
1519 1666 1845 1738 primordiis
1884 1683 1951 1720 ex
1979 1665 2159 1737 ipsius

455 1757 635 1813 oculis
675 1756 1004 1823 elicuerant,
1038 1772 1170 1811 eum
1217 1757 1287 1811 ad
1334 1756 1490 1810 istud
1532 1756 1789 1811 Ecclesiae
1833 1756 2158 1811 institutum

454 1845 949 1917 comprobandum
975 1860 1203 1917 semper
1222 1844 1448 1900 induxit
1476 1844 1660 1917 (Ibid,
1684 1846 1779 1901 lib.
1807 1846 1892 1908 l0,
1920 1860 2040 1915 cap.
2066 1848 2154 1912 33,

452 1953 510 1991 n.
545 1936 661 2006 50).
762 2003 769 2011 .

525 2027 577 2080 6.
616 2025 891 2095 Percepta
918 2020 1193 2093 Baptismi
1223 2021 1406 2093 gratia
1432 2037 1567 2076 mox
1596 2021 1949 2093 Augustinus
1980 2038 2045 2077 ex
2069 2022 2154 2077 in-

452 2112 611 2168 timis
664 2111 853 2168 cordis
902 2111 1191 2178 medullis,
1247 2111 1530 2183 quidquid
1588 2111 1711 2183 spei
1765 2113 2040 2167 collocare
2096 2111 2157 2166 in

453 2202 662 2258 saeculo
704 2199 1003 2272 potuisset,
1052 2198 1372 2267 abdicavit;
1409 2200 1535 2270 jam
1579 2216 1696 2255 non
1748 2216 2006 2267 uxorem,
2038 2216 2157 2255 non

452 2291 684 2358 liberos,
730 2306 853 2344 non
898 2288 1144 2355 divitias,
1174 2304 1291 2342 non
1319 2288 1623 2359 dignitates
1672 2293 2025 2356 consectans,
2057 2290 2155 2345 sed

454 2378 559 2433 soli
589 2379 703 2433 Deo
751 2393 882 2432 cum
924 2376 1042 2431 suis
1082 2375 1294 2431 servire
1338 2376 1709 2443 constituens,
1742 2380 1807 2431 ut
1834 2376 2042 2447 pusillo
2071 2376 2155 2431 illi

455 2464 615 2536 gregi
647 2463 1112 2531 adescriberetur,
1134 2463 1227 2518 cui
1258 2480 1501 2535 regnum
1532 2481 1700 2518 suum
1726 2464 2027 2535 pollicetur
2055 2466 2158 2519 Do-

457 2553 669 2622 minus,
701 2556 757 2607 et
785 2568 957 2624 quem
1004 2552 1073 2607 ad
1112 2552 1498 2623 possessiones
1537 2552 1861 2607 vendendas
1906 2568 1969 2606 ac
2015 2569 2155 2623 pau-

453 2642 686 2714 peribus
714 2641 1029 2712 erogandae
1059 2641 1416 2696 adhortatur.
1452 2643 1647 2712 Itaque
1678 2657 1849 2713 super
1874 2641 2008 2697 ﬁdei
2033 2643 2159 2697 fun-

453 2732 788 2787 damentum
816 2729 960 2784 nihil
1000 2729 1107 2783 nisi
1133 2746 1337 2784 aurum
1382 2734 1438 2784 et
1470 2734 1773 2800 argentum
1803 2734 1860 2785 et
1900 2747 2156 2802 gemmas

453 2824 764 2885 exstruere,
796 2821 1027 2890 soloque
1051 2818 1204 2874 victu
1255 2820 1325 2874 ad
1354 2819 1628 2874 tuendam
1659 2820 1913 2891 corporis
1941 2821 2155 2876 valetu-

452 2908 646 2965 dinem
675 2908 990 2963 necessario
1020 2912 1322 2962 contentus
1366 2925 1487 2963 esse
1533 2908 1824 2964 decrevit:
1856 2926 1987 2964 cum
2025 2914 2154 2965 ante

451 2998 623 3053 variis
650 2997 1057 3069 cupiditatibus
1076 3001 1132 3053 et
1150 2997 1631 3052 sollicitudinibus
1662 2997 1912 3053 irretitus
1933 3002 2154 3053 tenere-

453 3091 549 3143 tur
581 3087 900 3157 (Possidius,
923 3088 980 3141 in
1002 3088 1130 3142 Vita
1152 3088 1408 3154 August.,
1426 3102 1470 3141 c.
1503 3088 1582 3157 2).
1608 3087 1673 3141 In
1699 3086 1938 3141 dubium
1966 3088 2156 3142 vocari

452 3191 569 3230 non
613 3179 822 3245 potest,
856 3174 999 3246 quin
1044 3175 1305 3245 Alypius,
1334 3180 1547 3245 praeter
1593 3176 1734 3229 alios
1763 3176 2065 3247 quosdam,
2105 3177 2156 3232 ei

453 3264 601 3317 foret
629 3264 886 3333 ejusdem
906 3262 1104 3333 placiti
1130 3262 1396 3318 societate
1418 3263 1732 3319 devinctus.
1756 3264 1999 3320 Evodius
2020 3283 2154 3320 sane

453 3352 835 3424 Tagastensis,
867 3355 1141 3422 operante
1178 3351 1288 3405 Deo
1330 3350 1431 3422 qui
1476 3351 1732 3405 habitare
1778 3351 1913 3407 facit
1948 3352 2153 3406 unani-

454 3457 575 3496 mes
604 3441 667 3495 in
707 3442 900 3508 domo,
931 3456 991 3494 se
1022 3439 1242 3494 socium
1287 3439 1402 3494 illis
1439 3440 1717 3510 adjunxit.
1754 3441 1804 3494 Is
1832 3439 1992 3512 prior
2031 3443 2151 3495 Au-

453 3529 682 3600 gustino
703 3529 773 3584 ad
801 3531 980 3583 Deum
1009 3544 1311 3583 conversus
1332 3532 1455 3583 erat
1479 3534 1533 3584 et
1551 3529 1872 3601 baptizatus
1893 3530 2149 3600 (Confess.

453 3620 548 3674 lib.
596 3622 648 3683 9,
680 3633 801 3688 cap.
834 3620 886 3685 8,
914 3633 973 3672 η.
1020 3617 1121 3688 t7).
1159 3617 1369 3672 Omnes
1410 3617 1468 3672 in
1512 3619 1626 3672 Deo
1655 3618 1779 3689 jam
1824 3619 2150 3685 consociati,

452 3707 621 3762 simul
660 3707 968 3777 degebant:
1014 3722 1262 3777 quorum
1310 3706 1569 3762 omnium
1616 3707 1875 3763 Monnica
1917 3707 2153 3780 perinde

450 3812 646 3852 curam
692 3795 942 3866 gerebat,
985 3811 1050 3849 ac
1097 3795 1144 3849 si
1194 3794 1555 3868 singulorum
1600 3813 1807 3868 parens
1851 3796 2154 3851 exstitisset

446 3886 613 3955 Ibid,
644 3901 761 3956 cap.
798 3889 853 3953 9,
894 3900 952 3941 n.
986 3885 1096 3957 22).
1129 3886 1444 3941 Perfectam
1486 3885 1703 3957 pariter
1748 3886 1927 3941 vitam
1980 3901 2150 3956 agere

449 3974 660 4045 singuli
688 3977 1003 4029 statuerant
1033 3974 1140 4028 :de
1173 3972 1291 4028 loco
1325 3974 1510 4029 solum
1538 3974 1791 4028 consiliis
1821 3974 1939 4029 suis
1965 3990 2029 4028 ac
2060 3990 2155 4027 vo-

447 4060 520 4113 tis
532 4063 854 4130 opportuno
884 4059 1236 4115 laborabant.
1253 4062 1427 4115 Simul
1445 4076 1678 4129 eramus,
1704 4061 1801 4131 ait,
1814 4061 1978 4116 simul
2000 4061 2154 4114 habi-

378 4156 381 4159 '
446 4149 620 4202 laturi
658 4148 861 4217 placito
907 4152 1091 4201 sancto
1122 4164 1135 4201 :
1170 4149 1537 4216 quaerebamus
1586 4151 1836 4218 quisnam
1867 4150 2010 4203 locus
2052 4164 2147 4203 nos

442 4237 634 4290 utilius
663 4234 880 4289 haberet
907 4237 1193 4290 servientes
1224 4235 1328 4289 tibi
1358 4237 1550 4306 (Ibid.,
1583 4252 1704 4305 cap.
1737 4240 1786 4300 8,
1811 4253 1866 4291 n.
1902 4236 2002 4305 l7).
2026 4238 2147 4290 Non

444 4323 600 4379 enim
648 4322 757 4377 alio
803 4323 1090 4393 spectabat
1134 4323 1407 4394 placitum
1438 4324 1589 4380 istud
1619 4341 1819 4379 eorum
1866 4330 2148 4392 sanctum,

442 4411 554 4467 nisi
581 4415 647 4466 ut
689 4414 880 4482 spreto
912 4411 1128 4466 mundo
1176 4411 1346 4466 simul
1381 4414 1494 4467 Deo
1544 4413 1825 4468 servirent
1854 4430 1867 4468 :
1901 4415 2000 4485 qui
2024 4415 2146 4485 jam

440 4517 560 4557 non
585 4501 770 4555 solum
799 4499 1093 4554 christiani
1117 4500 1384 4555 catholici
1414 4502 1484 4556 ab
1528 4507 1789 4573 suscepta
1831 4503 1942 4558 ﬁde
1973 4508 2029 4558 et
2054 4522 2145 4559 sa-

437 4604 534 4644 cra
584 4588 1038 4660 regeneratione,
1089 4589 1186 4644 sed
1243 4589 1415 4644 etiam
1488 4595 1815 4662 contempta
1878 4592 2145 4648 felicitate

437 4683 667 4734 terrena
709 4677 857 4733 servi
887 4677 989 4733 Dei
1017 4683 1205 4733 essent
1231 4678 1421 4748 (Ibid,
1460 4680 1553 4735 lib.
1587 4684 1640 4747 9,
1673 4696 1792 4750 cap.
1830 4683 1915 4743 10,
1942 4697 1996 4735 n.
2030 4683 2141 4752 26),

440 4783 505 4821 ac
528 4783 659 4821 vere
681 4767 802 4837 jam
831 4766 966 4821 inde
997 4767 1279 4835 monachi,
1306 4768 1376 4823 ad
1404 4768 1812 4840 perfectionem
1842 4771 2144 4825 mandato-

439 4872 570 4910 rum
600 4855 805 4911 Christi
830 4856 1270 4912 contendentes:
1290 4858 1761 4930 quandoquidem
1789 4860 2143 4930 Augustinus

437 4944 527 4998 his
555 4944 798 5016 ipsemet
841 4944 1170 5000 nominibus
1208 4945 1359 5001 haud
1389 4951 1621 5001 veretur
1650 4947 1941 5017 appellare
1981 4947 2140 5001 Albi-

434 5050 593 5101 nam,
622 5033 946 5100 Pinianum,
980 5038 1037 5088 et
1066 5034 1386 5101 Melaniam,
1415 5050 1542 5090 cum
1574 5034 1636 5089 in
1663 5035 1852 5090 Africa
1878 5036 2140 5106 peregri-

435 5128 636 5180 nantes
665 5123 945 5195 persimili
972 5124 1181 5195 placito
1236 5128 1428 5180 sancto
1474 5141 1565 5180 res
1611 5141 1741 5179 suas
1785 5125 2138 5196 pauperibus

434 5214 870 5281 distribuereut;
903 5229 1036 5269 nam
1066 5214 1176 5286 ipsi
1204 5214 1441 5269 omnino
1469 5219 1620 5279 sunt,
1653 5230 1798 5285 quos
1826 5214 2137 5285 implenda:

423 5302 751 5375 jurationis,
770 5303 997 5358 tametsi
1026 5303 1096 5358 ab
1126 5302 1365 5359 Piniano
1398 5307 1651 5371 extortae,
1685 5303 2035 5374 obligatione
2067 5319 2135 5358 eo

431 5394 621 5449 minus
645 5394 862 5449 absolvi
903 5410 1066 5467 posse
1101 5394 1410 5462 contendit,
1444 5395 1599 5467 quod
1637 5394 1892 5466 praestita
1923 5394 2020 5448 illa
2045 5394 2137 5464 ju-

426 5483 574 5539 ratio
603 5487 753 5541 esset
779 5483 1086 5539 Servorum
1119 5482 1220 5538 Dei
1251 5499 1488 5539 munere
1518 5483 1833 5539 sanctitatis
1860 5482 2133 5553 praeemi-

425 5572 708 5639 nentium,
735 5574 1142 5630 Monachorum
1172 5572 1242 5628 ad
1272 5572 1682 5645 perfectionem
1727 5572 2132 5627 mandatorum

1714 301 1886 357 VITA
1926 300 1981 356 S.
2023 301 2411 357 AUGUSTINI
2454 301 2791 357 EPISCOPI.
3877 299 3972 353 144

2267 424 2477 479 Christi
2525 440 2720 479 rerum
2766 423 2937 480 etiam
2986 439 3220 478 suarum
3279 423 3678 478 distributione
3732 438 3973 478 curren-

2264 512 2409 567 tium
2439 515 2639 583 (Epist.
2674 517 2868 582 l26,n.
2902 514 3007 582 11).
3031 512 3249 567 Placuit
3279 513 3473 584 itaque
3502 513 3822 583 Augustino
3845 528 3974 566 cum

2264 601 2477 656 civibus
2511 603 2627 656 suis
2657 606 2711 655 et
2741 602 2954 669 amicis,
2993 601 3094 673 qui
3130 619 3188 657 se
3243 602 3345 656 Dei
3374 601 3603 657 servitio
3627 602 3848 673 pariter
3878 602 3973 656 ad-

2266 690 2546 757 dixerunt,
2579 691 2637 744 in
2667 690 2915 745 Africam
2947 706 3203 746 remeare
3235 690 3559 759 (Possidius,
3599 693 3660 745 in
3697 693 3825 746 Vita
3854 690 3973 744 Au-

2263 784 2432 845 gust.,
2482 794 2530 834 c.
2571 782 2647 847 3).
2705 780 2846 834 Cum
2894 795 2960 833 eo
3008 784 3132 833 erat
3189 778 3456 850 Navigius
3507 776 3972 849 frater‘(Con/ess.

2264 868 2357 921 lib.
2391 870 2444 933 9,
2488 883 2609 937 cap.
2647 871 2733 934 11,
2764 883 2821 922 η.
2851 871 2914 921 27
2953 884 2966 923 :
3015 871 3072 923 et
3101 883 3230 922 cum
3260 868 3332 923 ad
3362 867 3515 923 Ostia
3545 866 3816 923 Tiberina
3852 882 3977 938 per-

2263 954 2532 1021 venisset,
2591 972 2741 1009 anno
2794 955 2978 1011 aetatis
3036 972 3152 1009 sum
3210 954 3507 1026 trigesimo
3557 954 3731 1010 tertio
3789 958 3976 1010 matre

2265 1044 2495 1099 orbatus
2521 1049 2609 1099 est
2634 1045 2823 1114 (Ibid,
2848 1062 2911 1100 n.
2946 1048 3061 1116 28),
3084 1050 3254 1116 atque
3279 1045 3421 1101 adeo
3448 1049 3578 1100 ante
3600 1044 3727 1100 idus
3743 1061 3979 1100 novem-

2264 1132 2395 1186 bres
2425 1133 2597 1202 hujus
2624 1132 2762 1187 anni
2792 1133 3179 1189 trecentesimi
3210 1132 3549 1204 octogesimi
3578 1132 3829 1204 septimi.
3864 1133 3976 1188 Sed

2265 1237 2381 1276 non
2409 1222 2592 1276 multo
2622 1226 2754 1276 ante
2784 1222 3011 1277 videtur
3038 1221 3098 1276 id
3127 1222 3454 1293 contigisse.
3484 1220 3792 1277 Proﬁtetur
3819 1221 3977 1276 enim

2263 1307 2620 1378 Augustinus
2642 1309 2827 1363 multa
2847 1325 2906 1363 se
2920 1308 3108 1363 studio
3127 1308 3417 1364 brevitatis
3442 1308 3732 1379 praeterire
3750 1308 3974 1379 (Ibid):

2264 1396 2417 1451 unde
2442 1396 2721 1467 quamdiu
2740 1397 3039 1452 Mediolani
3058 1402 3188 1468 post
3206 1396 3560 1469 Baptismum
3586 1400 3977 1452 commoratus

2265 1484 2357 1552 sit,
2385 1484 2623 1539 deﬁnire
2652 1501 2771 1540 non
2797 1501 3124 1557 possumus.

2931 1575 3155 1630 CAPUT
3193 1575 3302 1629 XII.

2270 1665 2290 1718 l
2329 1664 2496 1718 Beata
2540 1664 2793 1719 Monnica
2830 1663 3148 1732 parentibus
3186 1662 3501 1717 christianis
3548 1665 3703 1729 nata,
3734 1664 3786 1715 et
3824 1658 3977 1729 apud

2336 1750 2481 1821 ipsos
2509 1751 2704 1821 pudice
2728 1766 2791 1806 ac
2820 1752 2994 1806 sobrie
3016 1752 3245 1807 educata
3270 1755 3367 1805 est.
3397 1753 3430 1805 2
3462 1751 3638 1816 Quam
3667 1749 3974 1804 laudabiles

2336 1839 2453 1906 ejus
2482 1842 2541 1894 in
2588 1841 2839 1909 conjugio
2866 1855 3059 1895 mores.
3093 1842 3123 1895 3
3167 1844 3323 1897 Anno
3349 1840 3526 1893 aetatis
3553 1838 3976 1908 quadragesimo

2344 1928 2545 1983 orbata:
2575 1930 2713 1995 viro,
2745 1929 3014 1997 reliquam
3040 1931 3212 1984 vitam
3239 1943 3444 1982 omnem
3485 1928 3542 1981 in
3584 1928 3697 1997 piis
3725 1926 3977 1996 operibus

2336 2016 2606 2071 traduxit.
2641 2018 2674 2072 4
2722 2017 2932 2084 Quanto
2958 2018 3165 2087 majore
3209 2016 3573 2073 sollicitudine
3600 2016 3975 2083 Augustinum

2329 2108 2636 2175 parturivit
2661 2108 2883 2175 spiritu,
2910 2122 3074 2177 quam
3104 2121 3264 2161 carne
3289 2107 3650 2175 parturierat.
3685 2107 3716 2158 5
3744 2105 3973 2159 Interest

2330 2195 2720 2273 philosophicis
2749 2196 3028 2264 colloquiis
3048 2196 3368 2264 Augustini,
3397 2195 3492 2249 ubi
3520 2196 3663 2249 inter
3681 2194 3822 2248 alios
3845 2194 3974 2247 emi-

2334 2288 2423 2337 net
2450 2286 2661 2351 argutis
2694 2289 2745 2339 et
2780 2285 3040 2352 gravibus
3079 2284 3263 2340 dictis.

2339 2374 2388 2426 1.
2420 2372 2561 2427 Cum
2590 2372 2671 2427 im
2700 2372 2900 2427 matris
2923 2372 3145 2428 obitum
3175 2373 3271 2428 Vir
3300 2372 3399 2427 Dei
3437 2370 3722 2426 narrando
3745 2369 3970 2438 incidit,

2262 2463 2506 2515 testatur
2533 2478 2613 2528 se,
2646 2462 2738 2516 cui
2764 2462 3014 2517 multum
3041 2461 3334 2517 festinanti
3363 2462 3544 2516 multa
3569 2460 3973 2532 prastereunda

2265 2553 2417 2619 sunt,
2450 2550 2632 2604 facere
2685 2555 2876 2605 tamen
2929 2567 3044 2606 non
3098 2568 3284 2621 posse,
3318 2550 3458 2623 quin
3502 2548 3718 2621 aliquid
3769 2564 3969 2603 eorum

2266 2643 2510 2710 promat,
2539 2656 2668 2711 qua:
2694 2643 2999 2695 occurrunt
3024 2640 3216 2695 animo
3242 2640 3312 2696 de
3338 2639 3690 2695 sanctissima
3717 2637 3968 2704 femina;

2266 2744 2381 2782 non
2419 2745 2533 2800 quo
2576 2729 2712 2784 velit
2754 2729 2991 2800 propria
3027 2730 3151 2800 ejus
3190 2731 3362 2797 bona,
3406 2728 3506 2784 sed
3550 2726 3757 2783 Christi
3809 2726 3873 2781 in
3912 2743 3975 2779 ea

2265 2816 2413 2871 dona
2439 2817 2770 2888 praedicare.
2808 2820 2936 2873 Hmc
2966 2819 3121 2873 enim
3151 2818 3314 2874 illum
3345 2823 3400 2875 et
3438 2833 3607 2873 carne
3637 2820 3698 2871 ut
3722 2815 3782 2869 in
3825 2816 3971 2870 hanc

2266 2907 2661 2976 temporalem,
2686 2910 2742 2961 et
2771 2907 2941 2961 corde
2961 2910 3026 2962 ut
3053 2907 3113 2962 in
3143 2912 3417 2962 arternam
3437 2907 3622 2961 lucem
3641 2919 3973 2960 renascere-

2264 2998 2379 3061 tur,
2398 2995 2700 3065 parturivit
2729 2996 2933 3065 (Con/2,
2951 2997 3052 3051 lib.
3075 3000 3262 3068 9,cap.
3286 3000 3407 3066 8,n.
3428 2996 3532 3066 l7).
3557 2995 3685 3050 Fuit
3705 3009 3839 3048 vere
3862 2996 3974 3050 Au-

2264 3084 2524 3153 gustinus
2552 3086 2933 3156 lacrymarum
2964 3086 3085 3156 ejus
3107 3086 3261 3140 ﬁlius
3286 3085 3475 3156 (lbid.,
3495 3085 3587 3139 lib.
3614 3087 3667 3151 3,
3691 3098 3858 3153 capp.
3886 3087 3967 3147 ll,

2272 3172 2355 3243 l2)
2388 3189 2401 3227 :
2437 3189 2684 3245 cumque
2728 3173 2815 3228 illi
2838 3173 3020 3228 animi
3060 3179 3208 3229 esset
3235 3174 3439 3228 sinceri
3468 3189 3635 3244 seque
3665 3188 3729 3227 ac
3756 3172 3974 3227 beneﬁ«

2263 3260 2485 3316 ciorum
2516 3263 2804 3327 memoris,
2841 3263 3049 3317 debere
3067 3281 3125 3316 se
3158 3263 3210 3317 ei
3241 3262 3521 3334 quidquid
3550 3262 3678 3316 vitm
3710 3262 3969 3327 haberet,

2262 3350 2415 3404 ultro
2445 3350 2730 3405 fatebatur
2755 3353 2846 3420 (De
2872 3351 3027 3405 beata
3053 3354 3191 3416 vita,
3212 3368 3267 3405 n.
3302 3351 3373 3419 6).
3398 3352 3538 3404 Nata
3570 3354 3690 3404 erat
3711 3350 3974 3406 Monnica

2264 3454 2412 3492 anno
2443 3438 2651 3494 Christi
2670 3438 3070 3494 trecentesimo
3091 3438 3385 3509 trigesimo
3408 3439 3680 3502 secundo,
3706 3439 3769 3492 in
3799 3439 3974 3494 domo

2262 3525 2441 3594 fideli,
2474 3526 2626 3581 bono
2682 3527 2941 3582 Ecclesiae
2982 3527 3268 3594 membro;
3301 3532 3471 3598 atque
3514 3527 3595 3581 ibi
3622 3527 3727 3581 sub
3758 3527 3975 3582 Chrisri

2262 3614 2540 3685 regimine
2563 3614 2820 3671 divinum
2848 3616 3115 3671 timorem
3142 3616 3463 3671 imbiberat.
3487 3617 3627 3671 Cum
3655 3616 3723 3670 de
3748 3615 3973 3670 ratione

2262 3719 2376 3774 qua
2405 3704 2590 3758 fuerat
2619 3704 2876 3772 educata,
2908 3705 3398 3772 confabulabatur,
3421 3721 3538 3759 non
3567 3708 3791 3759 tantum
3814 3720 3974 3759 curre

2262 3791 2458 3847 matris
2503 3793 2709 3848 debere
2752 3811 2811 3849 se
2859 3794 3174 3862 dictitabat,
3207 3798 3487 3865 quantum
3528 3792 3843 3864 diligentia:
3896 3795 3975 3848 fa-

2261 3881 2433 3934 mulae
2463 3880 2760 3950 cujusdam
2790 3881 3115 3952 decrepitae,
3147 3898 3277 3953 qua!
3321 3885 3557 3953 propter
3585 3884 3877 3935 senectam
3917 3884 3975 3932 et

2262 3984 2449 4023 mores
2478 3968 2725 4040 optimos
2756 3969 2824 4023 ab
2874 3969 3104 4024 familia;
3134 3969 3299 4023 istius
3342 3985 3472 4023 vere
3498 3967 3825 4023 christiana;
3866 3970 3971 4023 do-

2259 4058 2432 4113 minis
2489 4058 2553 4112 in
2594 4058 2816 4114 honore
2859 4059 3198 4126 habebatur,
3240 4064 3297 4114 et
3351 4059 3423 4114 ab
3472 4058 3674 4113 iisdem
3731 4074 3969 4112 suarum

2258 4146 2513 4202 filiarum
2563 4147 2913 4202 institutioni
2959 4149 3230 4218 praefecte
3268 4152 3407 4203 crat.
3441 4146 3818 4201 Commissam
3858 4148 3966 4201 sibi

2256 4251 2455 4290 earum
2504 4252 2703 4291 curam
2753 4236 3063 4307 diligenter
3091 4238 3369 4308 gerebat:
3403 4240 3460 4291 et
3503 4239 3567 4290 ut
3612 4239 3734 4289 erat
3774 4236 3837 4289 in
3885 4236 3967 4290 eis

2257 4324 2602 4391 coercendis,
2649 4342 2780 4379 cum
2825 4342 2969 4397 opus
3011 4330 3177 4393 esset,
3219 4329 3413 4381 sancta
3458 4322 3756 4379 severitate
3795 4325 3965 4378 velle-

2254 4428 2437 4478 mens,
2470 4414 2549 4467 ita
2576 4413 2634 4468 in
2665 4414 2934 4469 docendis
2964 4415 3258 4470 moderata
3285 4418 3343 4469 et
3365 4418 3691 4484 temperans
3718 4414 3967 4483 pruden-

2253 4503 2352 4557 tia.
2403 4505 2545 4558 Nam
2591 4520 2685 4580 eas
2715 4509 2925 4575 praeter
2969 4505 3095 4560 illas
3134 4505 3326 4572 horas,
3358 4503 3567 4575 quibus
3597 4502 3671 4557 ad
3698 4518 3964 4557 mensam

2253 4597 2563 4662 parentum
2593 4593 3047 4649 moderatissima
3085 4593 3410 4659 alebantur,
3443 4592 3617 4646 etiam
3647 4590 3694 4644 si
3723 4592 3965 4646 exarde-

2254 4685 2476 4736 scerent
2527 4681 2643 4751 siti,
2685 4698 2790 4737 nec
2844 4698 3053 4754 aquam
3110 4681 3307 4737 bibere
3361 4679 3603 4748 sinebat,
3632 4696 3966 4751 praecavens

2254 4770 2729 4825 consuetudinem
2784 4771 3017 4838 malam,
3052 4775 3109 4825 et
3162 4771 3377 4825 addens
3426 4770 3663 4824 verbum
3708 4786 3965 4825 sanum:

2250 4859 2407 4914 Modo
2437 4875 2640 4928 aquam
2679 4860 2885 4927 bibitis,
2915 4862 3048 4929 quia
3072 4861 3131 4913 in
3157 4862 3421 4929 potestate
3446 4860 3634 4912 vinum
3662 4873 3770 4913 non
3799 4860 3966 4913 habe-

2252 4951 2322 5002 tis
2348 4968 2362 5015 ;
2393 4964 2513 5003 cum
2541 4953 2720 5003 autem
2748 4948 2824 5002 ad
2852 4950 3078 5002 maritos
3098 4948 3372 5019 veneritis,
3396 4948 3559 5013 facta:
3580 4947 3811 5003 dominae
3838 4964 3970 5018 apo-

2250 5036 2524 5091 thecarum
2552 5042 2603 5090 et
2632 5037 2994 5102 cellariorum,
3016 5050 3163 5105 aqua
3190 5034 3449 5105 sordebit,
3471 5035 3566 5090 sed
3590 5050 3702 5091 mos
3730 5038 3967 5106 potandi

2245 5126 2564 5196 praevalebit
2596 5126 2862 5195 (Confess.
2893 5124 2988 5180 lib.
3018 5127 3071 5192 9,
3118 5140 3238 5193 cap.
3280 5127 3333 5191 8,
3363 5138 3421 5181 η.
3459 5125 3561 5194 17).
3593 5124 3962 5196 Sapientissi-

2248 5214 2356 5268 mis
2381 5213 2495 5269 illis
2529 5212 2778 5280 monitis,
2811 5228 2943 5266 cum
2971 5228 3059 5279 ea,
3091 5228 3266 5283 quam
3293 5215 3443 5285 apud
3474 5217 3702 5269 teneros
3732 5215 3960 5286 puella-

2243 5319 2375 5358 rum
2399 5302 2623 5355 animos
2642 5299 2750 5355 sibi
2769 5306 3218 5371 comparaverat,
3247 5300 3607 5370 auctoritate,
3628 5300 3961 5356 inconsulta

2245 5390 2526 5446 desideria
2555 5387 2827 5444 teneriori
2858 5389 3011 5444 aetati
3035 5390 3342 5445 familiaria
3371 5390 3793 5461 compescebat,
3814 5390 3957 5445 illis-

2244 5495 2356 5552 que
2382 5478 2771 5551 praacipiebat,
2803 5494 2918 5550 qua
2957 5479 3180 5535 ratione
3208 5479 3364 5535 sitim
3393 5495 3555 5533 suam
3585 5479 3958 5535 ita'modera-

2243 5572 2441 5623 rentur
2471 5584 2538 5623 ex
2568 5567 2969 5640 temperantia:
3000 5569 3145 5641 lege,
3172 5574 3238 5624 ut
3263 5570 3381 5641 jam
3408 5584 3511 5623 nec
3544 5567 3767 5632 liberet,
3800 5569 3955 5641 quod
