4060 6348
117 329 208 380 liii

90 464 199 502 non
227 448 473 503 deceret.
521 450 796 503 Narrabat
838 454 1026 505 tamen
1075 451 1393 522 Augustino
1437 452 1697 508 Monuica
1725 456 1788 507 ut

92 539 241 592 clusa
271 538 574 608 prudentis
599 539 755 594 illius
771 555 915 595 anus
946 541 1267 608 sedulitate,
1302 542 1565 613 quaedam
1593 542 1786 597 animo

96 641 195 679 suo
225 626 294 680 ad
324 626 636 681 bibendum
662 627 857 681 vinum
887 629 1197 700 propensio
1235 629 1561 701 irrepserat.
1613 630 1788 685 Nimi-

96 730 220 768 rum
263 714 487 786 quoties
516 732 551 789 a
579 716 913 787 parentibus
960 717 1030 772 de
1076 733 1237 772 more
1283 717 1356 772 ad
1402 720 1783 774 hauriendum

97 802 312 869 vinum,
340 807 613 875 tanquam
641 805 949 874 explorata:
979 806 1303 861 sobrietatis
1322 805 1482 879 virgo
1516 808 1782 863 mitteba-

88 896 193 958 tur,
218 908 247 946 e
276 893 484 963 poculo
526 893 682 964 quod
726 893 796 947 de
836 910 1020 966 cuppa
1049 896 1388 966 complebat,
1430 896 1781 966 primoribus

83 979 256 1033 labris
286 979 552 1035 sorbebat
581 981 873 1052 exiguum,
912 999 1042 1037 cum
1072 983 1196 1054 ejus
1241 984 1497 1054 palatum
1535 985 1782 1056 amplius

86 1083 194 1121 non
226 1067 423 1121 ferret.
469 1067 787 1123 Non-enim
833 1069 1029 1124 innata
1072 1069 1191 1124 vini
1231 1070 1535 1142 cupiditate
1567 1073 1635 1126 ad
1678 1073 1782 1126 hoc

90 1155 516 1226 impellebatur,
548 1156 643 1211 sed
684 1156 878 1211 liberis
914 1157 1253 1229 quibusdam
1284 1159 1630 1231 ludicrisque
1656 1176 1779 1214 mo-

89 1243 418 1315 tibus,quos
444 1259 510 1298 ex
541 1245 745 1316 primae
772 1246 955 1300 artatis
985 1247 1183 1301 ardore
1210 1247 1545 1302 ebullicntes
1571 1248 1627 1302 in
1649 1264 1783 1319 pue-

90 1331 285 1386 rilibus
331 1331 542 1387 animis
580 1333 860 1404 majorum
911 1336 1244 1389 auctoritate
1297 1336 1507 1390 frenari
1553 1353 1780 1391 necesse

86 1425 181 1474 est.
216 1421 358 1475 Cum
390 1425 582 1475 autem
622 1421 681 1475 in
715 1422 975 1493 graviora
1013 1424 1147 1477 vitia
1177 1424 1388 1478 sensim
1432 1423 1667 1478 inducat
1698 1425 1775 1479 le-

80 1508 295 1562 viorum
342 1509 721 1580 contemptio.
759 1510 968 1565 factum
1001 1516 1086 1566 est
1114 1517 1177 1566 ut
1208 1512 1321 1566 vini
1352 1513 1676 1583 plusculum
1718 1513 1778 1567 in

74 1598 184 1651 dies
226 1597 488 1668 singulos
540 1598 763 1664 bibens,
820 1600 1067 1669 :cogcute
1112 1616 1282 1672 prava
1337 1602 1773 1669 consuetudine,

76 1701 243 1757 prope
257 1686 379 1757 jam
404 1687 602 1757 plenos
631 1703 791 1742 mero
825 1688 1093 1743 caliculos
1120 1705 1249 1743 cum
1281 1690 1546 1744 aviditate
1577 1707 1640 1744 ac
1670 1708 1775 1745 vo-

76 1776 277 1845 luptate
305 1775 587 1831 hauriret.
635 1777 735 1831 Ubi
770 1781 894 1831 tunc
937 1776 1085 1849 (pius
1123 1779 1246 1850 ejus
1282 1779 1435 1833 ﬁlius
1480 1780 1773 1850 exclamat)

74 1880 238 1931 sagae
270 1880 411 1918 anus
436 1868 487 1917 ct
526 1865 802 1920 vehemens
832 1867 933 1920 illa
946 1846 1295 1936 (prohibilio?
1330 1868 1611 1937 Numquid
1635 1846 1776 1922 mile-

76 1954 157 2005 bat
172 1943 391 2022 aliquid
408 1953 667 2008 adversus
689 1955 941 2010 latentem
959 1956 1221 2023 morbum,
1245 1958 1355 2010 nisi
1373 1961 1466 2010 tua
1484 1958 1771 2027 medicina,

78 2042 299 2108 nomine,
335 2043 594 2110 vigilaret
623 2057 786 2111 super
815 2058 908 2097 nos
930 2044 957 2099 ?
987 2045 1222 2098 Absente
1254 2049 1417 2114 patre
1451 2050 1500 2099 et
1528 2051 1701 2100 matre
1724 2051 1774 2101 et

74 2129 442 2197 nutritoribus,
481 2134 789 2200 tuprazsms
817 2133 915 2201 qui
941 2134 1157 2195 creasti,
1175 2135 1271 2201 qui
1283 2149 1456 2200 vocas,
1491 2135 1587 2202 qui
1608 2137 1771 2188 etiam

71 2233 161 2286 per
186 2222 545 2287 przeposteros
577 2220 813 2274 homines
845 2220 969 2274 boni
989 2220 1203 2289 aliquid
1222 2223 1341 2289 agis
1358 2222 1432 2274 ad
1462 2224 1771 2275 animarum

72 2304 305 2371 salutem,
355 2305 495 2373 quid
525 2310 649 2360 tunc
693 2308 869 2372 egisti,
917 2309 1057 2361 Dcus
1091 2308 1277 2362 meus?
1324 2308 1471 2362 Ιίνιιις
1516 2308 1771 2362 amasti?

77 2390 204 2444 mide
222 2396 440 2447 sanasti
462 2395 489 2446 ?
516 2395 701 2449 Nonne
733 2397 1016 2463 protulisti
1043 2395 1241 2450 dictum
1280 2400 1331 2450 et
1355 2402 1571 2451 acutum
1600 2414 1667 2451 ea:
1685 2398 1765 2452 al-

77 2484 179 2531 tera
214 2482 405 2534 anima
447 2483 762 2549 convicium,
808 2487 1067 2552 tanquam
1104 2484 1420 2539 medicinale
1455 2488 1661 2551 fumum
1699 2502 1768 2539 ea:

74 2568 279 2621 occultis
297 2571 703 2638 provisionibus
735 2573 860 2637 tuis,
897 2577 946 2625 et
976 2587 1079 2625 uno
1106 2574 1217 2626 ictu
1243 2573 1585 2642 putredincm
1614 2575 1765 2629 illam

72 2656 361 2722 praecidisti
379 2657 412 2713 ?
440 2657 662 2712 Ancilla
694 2662 853 2726 enim,
886 2675 1004 2713 cmn
1034 2676 1143 2728 qua
1180 2661 1381 2716 solebat
1406 2662 1652 2717 accedere
1692 2663 1766 2717 ad

72 2760 311 2813 cuppam,
355 2748 585 2814 litigaus
615 2764 733 2802 cum
767 2748 987 2803 dontina
1014 2752 1236 2817 minore,
1277 2755 1339 2804 ut
1359 2752 1449 2819 ﬁt,
1486 2753 1600 2806 sola
1646 2768 1762 2807 cum

72 2834 197 2899 sola,
222 2835 421 2903 objccit
451 2837 544 2890 hoc
575 2838 805 2903 crimen,
821 2839 1167 2891 amarissima
1195 2838 1544 2893 insultatione
1571 2856 1764 2895 vocans

74 2923 466 2978 mcribibulmn.
497 2924 609 2990 Quo
646 2920 744 2978 illa
781 2926 997 2979 stimulo
1023 2941 1297 2994 percussa,
1337 2928 1575 2995 respexit
1614 2927 1767 2992 falli-

76 3014 225 3063 lulcm
255 3027 434 3078 suam,
474 3014 862 3082 confestimque
891 3012 1173 3065 damnavit
1202 3017 1363 3081 atque
1390 3016 1541 3067 cauit
1566 3014 1762 3083 (lbid.,

74 3113 121 3149 η.
157 3100 256 3166 18).
294 3098 650 3170 Baptismum
680 3100 891 3155 Christi
919 3116 1035 3154 non
1062 3100 1120 3153 in
1153 3100 1419 3154 extremis
1436 3102 1636 3171 posita,
1668 3104 1763 3157 sed

74 3187 251 3239 multis
282 3193 415 3241 ante
447 3192 687 3242 mortem
726 3188 891 3242 annis
919 3187 1175 3258 percepit
1218 3185 1513 3242 Mounica:
1547 3202 1660 3256 quo
1699 3201 1763 3239 ex

76 3277 319 3344 tempore
351 3277 432 3330 sic
455 3277 629 3330 vitam
668 3276 930 3344 instituit,
974 3280 1034 3330 ut
1068 3275 1205 3330 ﬁdei
1236 3290 1578 3346 morumque
1612 3274 1764 3345 puri-

75 3366 176 3416 tate
204 3364 439 3419 cuilibet
496 3364 566 3421 ad
599 3365 951 3421 laudandum
995 3364 1098 3419 Dei
1140 3380 1351 3421 nomen
1380 3368 1527 3418 esset
1562 3362 1762 3418 incita-

82 3457 261 3507 mento
293 3454 615 3525 (lbid.,cap.
658 3458 741 3523 13,
774 3470 831 3509 n.
856 3456 964 3525 34).

136 3541 183 3591 2.
216 3541 412 3613 Itaque
442 3541 679 3596 educata
722 3542 928 3613 pudice
970 3558 1034 3596 ac
1074 3540 1279 3603 sobrie,
1336 3544 1389 3594 et
1431 3539 1762 3611 parentibus

78 3627 251 3695 potius
283 3629 385 3685 Dei
408 3629 612 3701 gratia,
644 3645 818 3702 quam
849 3646 985 3685 cura
1019 3634 1325 3701 parentum
1369 3630 1484 3684 Deo
1516 3628 1757 3693 subdita,

78 3713 162 3767 ubi
191 3721 416 3772 matura
444 3717 552 3773 fuit
587 3716 878 3789 conjugio,
908 3718 1051 3786 viro,
1101 3718 1194 3773 cui
1243 3717 1452 3773 tradita
1498 3721 1601 3783 est,
1647 3732 1760 3770 non

78 3818 224 3858 secus
268 3821 333 3860 ac
390 3806 627 3861 domino
664 3807 892 3877 paruit:
949 3822 1123 3878 quem
1159 3812 1224 3861 ut
1261 3808 1376 3861 Deo
1421 3806 1756 3872 lucraretur,

76 3906 257 3947 omnes
274 3893 647 3965 cogitationes
669 3894 937 3961 intendit,
978 3894 1367 3949 efﬁcacissime
1398 3909 1605 3965 genere
1635 3909 1762 3963 per-

77 3980 335 4037 suadendi
376 3987 562 4049 utens,
590 3998 820 4037 morum
850 3982 1197 4053 integritate.
1221 3985 1335 4038 Hac
1359 3982 1639 4053 siquidem
1672 3998 1760 4034 or-

79 4072 196 4122 nata
225 4070 523 4136 divinitus,
556 4070 749 4124 mariti
788 4071 966 4125 oculis
987 4088 1051 4124 ea
1070 4070 1285 4124 nitebat
1309 4070 1756 4141 pulchritudine,

77 4160 130 4209 ut
154 4173 409 4214 amorem
442 4158 564 4230 ejus
586 4158 757 4213 simul
778 4175 843 4213 ac
871 4158 1298 4214 venerationem
1322 4174 1439 4213 non
1466 4160 1588 4213 sine
1618 4176 1757 4230 qua-

77 4245 195 4301 dam
241 4247 401 4301 illius
445 4246 822 4302 admiratione
871 4247 980 4302 sibi
1017 4246 1345 4301 conciliaret
1397 4246 1585 4317 (Ibid,
1635 4264 1755 4318 cap.

77 4338 120 4400 tl,
165 4351 219 4389 η.
262 4337 363 4392 l9).
435 4336 567 4407 Ejus
616 4336 842 4407 coniux,
896 4335 985 4390 cui
1044 4335 1286 4391 Patricio
1331 4351 1560 4397 nomen,
1624 4336 1759 4389 civis

76 4422 437 4494 Tagastensis,
477 4425 664 4479 adhuc
710 4430 829 4479 erat
868 4425 1154 4479 idolarum
1184 4424 1362 4479 cultui
1404 4423 1759 4496 mancipatus

75 4510 248 4579 (lbid.,
279 4513 376 4568 lib.
407 4515 458 4581 2,
492 4529 612 4583 cap.
656 4515 711 4581 3,
760 4529 853 4567 nn.
888 4516 938 4580 5,
983 4516 1057 4583 6).
1088 4515 1150 4568 In
1198 4512 1272 4567 iis
1297 4512 1584 4582 omnibus,
1629 4529 1757 4584 quae

80 4614 178 4653 non
209 4602 539 4671 spectabant
574 4602 647 4656 ad
674 4601 1034 4673 religionem,
1076 4601 1159 4655 illi
1203 4600 1481 4666 Monnica,
1530 4600 1756 4654 tametsi

78 4688 285 4757 melior,
309 4690 612 4746 serviebat:
647 4691 751 4745 hac
782 4674 936 4744 enim
966 4689 1026 4744 in
1073 4705 1133 4743 re
1165 4690 1279 4744 Deo
1325 4688 1437 4760 ipsi
1483 4689 1760 4760 obseque-

79 4774 247 4844 batur,
268 4781 302 4833 ἐι
322 4796 436 4850 quo
451 4779 559 4834 sibi
574 4780 761 4834 fuerat
780 4778 1134 4850 obsequendi
1150 4778 1239 4832 lex
1263 4776 1532 4847 imposita
1556 4776 1728 4846 (Ibid.
1741 4817 1755 4843 ,

77 4863 160 4917 lib.
199 4868 241 4933 l,
286 4882 406 4937 cap.
455 4871 540 4938 lt,
572 4884 628 4923 η.
682 4869 789 4938 17).
834 4866 965 4922 Tori
1008 4865 1249 4937 injurias
1295 4870 1415 4919 tam
1467 4865 1752 4935 patienter

80 4950 215 5020 tulit,
245 4957 309 5008 ut
331 4971 462 5011 cum
492 4955 700 5010 marito
730 4971 1026 5028 nunquam
1066 4971 1132 5009 ea
1162 4954 1232 5009 de
1267 4970 1327 5008 re
1356 4954 1756 5024 expostularet,

82 5037 335 5098 nimirum
365 5048 692 5116 exspectans
720 5049 784 5099 ut
807 5044 860 5099 ei
891 5043 1206 5099 castitatem
1247 5043 1388 5098 ﬁdes
1416 5058 1480 5097 ac
1509 5043 1610 5097 Dei
1646 5042 1757 5097 mi-

85 5128 371 5187 sericordia
401 5133 730 5204 largiretur.
780 5134 1024 5188 Noverat
1051 5132 1196 5187 irato
1245 5147 1544 5203 nunquam
1571 5147 1759 5202 neque

83 5214 214 5271 facto
238 5236 423 5292 neque
461 5221 613 5276 dicto
654 5220 958 5276 reluctari:
994 5236 1193 5275 verum
1224 5236 1354 5274 cum
1401 5219 1759 5274 deferbuerat

86 5300 222 5359 illius
268 5306 533 5380 impetus,
585 5309 1071 5381 opportunitatem
1118 5313 1302 5379 nacta,
1353 5324 1515 5363 suam
1556 5308 1757 5378 agendi

85 5391 345 5452 rationem
375 5398 428 5453 ei
456 5399 795 5470 exponebat,
826 5398 873 5453 si
905 5398 1092 5469 ipsum
1124 5397 1640 5454 inconsiderantius
1671 5413 1760 5451 ex-

89 5483 404 5542 candescere
451 5488 798 5559 contigisset.
841 5489 981 5543 Cum
1023 5488 1147 5542 aliae
1191 5488 1478 5555 mulieres,
1515 5503 1759 5559 quarum

89 5566 181 5623 Viri
209 5576 614 5631 mansuetiores
644 5580 824 5642 erant,
858 5574 1095 5646 vestigia
1128 5576 1423 5646 plagarum
1458 5575 1631 5630 etiam
1661 5574 1758 5629 de-

1532 333 1743 388 LlBEB
1784 332 2168 388 SECUNDUS.

3478 340 3595 397 ,146

1902 453 2197 508 lionestata
2225 452 2367 507 facie
2397 456 2683 523 gererent,
2721 457 2891 525 atque
2918 454 3071 508 inter
3097 454 3279 509 amica
3306 458 3588 530 colloquia

1894 543 2121 613 culpam
2150 541 2263 597 illa:
2291 542 2354 596 in
2380 542 2719 597 maritorum
2748 541 3147 613 intemperiem
3176 546 3585 602 transferrent:

1892 631 2015 685 haec
2044 631 2282 686 docebat
2309 631 2536 685 illarum
2566 630 2779 701 linguae
2798 630 2993 702 potius
3023 647 3142 686 esse
3159 631 3587 706 imputandum,

1891 719 2154 790 graviter,
2188 720 2284 775 sed
2320 720 2568 790 jocunde
2599 719 2773 797 sijnut
2817 719 3133 775 admonens
3162 737 3275 788 eas,
3308 738 3438 778 cum
3467 724 3590 794 pri-

1892 824 2050 862 mum
2094 809 2318 864 tabulas
2348 807 2798 863 matrimoniales
2843 808 3068 862 recitari
3104 809 3426 877 audierant,
3456 816 3585 866 tan-

1890 913 2062 968 quam
2108 897 2489 952 instrumenta
2535 896 2743 967 quibus
2779 896 3000 952 ancillae
3040 898 3379 953 maritorum
3426 900 3586 954 facta:

1889 992 2094 1053 essent,
2135 986 2457 1041 existimare
2502 985 2792 1053 debuisse;
2842 1002 2906 1039 ac
2946 985 3188 1057 proinde
3232 1003 3350 1041 non
3386 988 3586 1043 decere

1887 1074 2038 1144 ipsas
2067 1074 2414 1130 conditionis
2439 1090 2557 1129 sua:
2587 1090 2869 1129 memores
2898 1074 3165 1129 adversus
3192 1075 3457 1129 dominos
3488 1092 3584 1130 su-

1889 1163 2135 1234 perbire.
2170 1163 2532 1233 Quapropter
2550 1178 2677 1233 qua:
2704 1168 2980 1216 noverant
3002 1179 3175 1233 quam
3195 1162 3401 1217 ferocis
3428 1162 3587 1234 inge-

1887 1250 1970 1306 nii
2009 1251 2279 1306 maritum
2310 1252 2631 1317 sustineret,
2673 1268 2755 1305 ea:
2786 1250 3017 1322 quidem
3055 1250 3254 1305 mirari
3283 1267 3583 1323 nunquam

1885 1336 2021 1390 satis
2048 1342 2327 1408 poterant,
2365 1355 2478 1392 non
2518 1337 2688 1392 fuisse
2725 1338 2983 1393 auditum
3014 1355 3289 1410 unquam,
3332 1344 3432 1394 aut
3458 1341 3579 1394 ullo

1885 1426 2120 1497 vestigio
2140 1427 2580 1497 deprehensum,
2613 1427 2919 1483 Patricium
2951 1426 3227 1482 violenter
3253 1427 3312 1481 in
3342 1444 3579 1484 uxorem

1886 1529 2089 1569 manus
2122 1514 2404 1586 injecisse,
2437 1520 2533 1569 aut
2560 1532 2595 1570 a
2640 1532 2698 1569 se
2726 1515 2964 1569 invicem
3006 1515 3316 1570 domestica
3344 1516 3445 1571 lite
3489 1518 3580 1572 vel

1884 1602 2164 1657 dieculam
2194 1620 2370 1658 unam
2402 1620 2498 1659 eos
2528 1603 2888 1661 dissensisse.
2923 1605 3178 1676 Cumque
3208 1604 3278 1659 ab
3309 1621 3375 1658 ea
3411 1605 3579 1660 fami-

1884 1690 2103 1773 liariter;
2123 1692 2562 1760 sciscitarentur,
2599 1710 2849 1765 quonam
2882 1698 3047 1765 pacto
3082 1694 3222 1748 illud
3253 1698 3401 1748 esset
3427 1710 3579 1748 asse-

1882 1783 2044 1835 cuta:
2085 1779 2335 1835 instituti
2361 1781 2471 1848 sui,
2505 1783 2660 1853 quod
2704 1798 2875 1852 supra
2905 1782 3372 1848 memoravimus,
3404 1782 3578 1836 ratio-

1879 1883 2011 1922 nem
2039 1867 2120 1923 eis
2149 1869 2499 1938 exponebat;
2523 1870 2684 1940 cujus
2714 1869 3040 1939 utilitatem,
3071 1885 3200 1940 qua:
3230 1885 3357 1923 eam
3386 1869 3570 1924 imita-

1878 1957 2106 2023 bantur,
2138 1956 2373 2027 propria
2405 1956 2754 2026 experientia
2795 1957 3230 2027 cognoscebant,
3262 1956 3429 2028 eique
3468 1958 3578 2013 hoc

1881 2044 2110 2098 nomine
2139 2043 2350 2114 gratias
2374 2043 2659 2098 habebant
2682 2045 2861 2113 (Ibid.,
2896 2045 2991 2099 lib.
3016 2048 3068 2112 9,
3095 2061 3213 2115 cap.
3246 2060 3304 2099 η.
3339 2045 3446 2113 19).
3479 2046 3578 2101 So-

1878 2148 2037 2186 crum
2063 2132 2231 2185 etiam
2258 2146 2441 2197 suam,
2475 2148 2508 2185 a
2537 2148 2595 2185 se
2640 2130 2805 2185 initio
2839 2132 3083 2185 susurris
3113 2133 3394 2186 malarum
3434 2149 3574 2203 qua-

1878 2219 2140 2273 rumdam
2170 2217 2507 2272 ancillarum
2538 2217 2941 2288 abalienatam,
2971 2219 3260 2290 obsequiis
3288 2219 3404 2274 suis
3443 2237 3572 2275 cum

1876 2306 2154 2379 patientia
2183 2323 2246 2360 ac
2276 2305 2812 2360 mansuetudineita
2842 2305 3236 2376 sibidevinxit,
3266 2310 3327 2361 ut
3342 2307 3574 2362 illarum

1876 2394 2191 2467 nequitiam
2219 2395 2344 2465 ipsa
2388 2394 2630 2449 Patricio
2676 2394 2795 2449 ﬁlio
2825 2394 3118 2465 proderet,
3149 2411 3393 2466 cumque
3423 2400 3487 2450 ut
3513 2395 3572 2450 in

1873 2484 2000 2538 illas
2029 2483 2524 2549 animadverteret,
2569 2488 2919 2553 precaretur.
2952 2484 3096 2539 Cum
3132 2488 3322 2538 autem
3349 2483 3415 2549 is,
3450 2487 3573 2538 tum

1875 2577 1933 2627 ut
1963 2572 2130 2626 matri
2152 2588 2372 2626 morem
2402 2576 2643 2642 gereret,
2672 2577 2793 2626 tum
2816 2575 2877 2625 ut
2906 2571 3231 2627 domesticas
3255 2571 3572 2643 disciplinas

1872 2680 1936 2715 ac
1964 2660 2363 2731 tranquillitati
2407 2661 2748 2727 consuleret,
2782 2661 3011 2715 easdem
3054 2659 3286 2714 ancillas
3330 2676 3395 2714 ex
3447 2660 3571 2730 ejus

1873 2749 2161 2802 voluntate
2207 2746 2427 2801 meritis
2473 2746 2658 2817 poenis
2701 2746 2996 2812 affecisset,
3030 2746 3333 2801 declaravit
3361 2750 3566 2811 mater,

1872 2852 1987 2890 non
2017 2835 2130 2889 alia
2168 2836 2236 2890 de
2282 2851 2340 2889 se
2370 2834 2611 2905 praemia
2656 2851 2885 2906 sperare
2921 2835 3151 2901 debere,
3191 2850 3570 2906 quaecumque

1873 2926 1942 2978 de
1971 2940 2075 2978 sua
2117 2939 2290 2989 nuru,
2321 2922 2581 2994 placendi
2626 2922 2735 2976 sibi
2780 2921 2987 2987 studio,
3038 2922 3176 2976 mali
3212 2922 3429 2992 aliquid
3470 2923 3556 2975 lo-

1873 3015 2176 3083 queretur:
2209 3010 2362 3081 quod
2402 3010 2561 3064 nulla
2583 3011 2703 3080 jam
2729 3011 2995 3073 audente,
3024 3009 3390 3065 memorabili
3416 3009 3569 3065 inter

1872 3117 1930 3155 se
1958 3099 2370 3155 benevolentia:
2409 3099 2686 3154 suavitate
2715 3098 2979 3153 vixerunt
3009 3098 3167 3169 (Ibid.
3206 3115 3262 3154 η.
3300 3098 3417 3170 20).
3453 3099 3569 3154 Hoc

1870 3194 2149 3261 prmterea
2173 3192 2380 3243 sanctae
2410 3187 2495 3242 illi
2525 3187 2755 3242 feminae
2780 3203 2989 3241 munus
3017 3187 3232 3258 grande
3258 3186 3569 3243 donaverat

1872 3280 2043 3349 Deus,
2075 3277 2228 3349 quod
2274 3276 2427 3332 inter
2456 3276 2796 3332 dissidentes
2834 3280 3006 3347 atque
3043 3275 3329 3331 discordes
3357 3275 3567 3346 quasli-

1868 3368 1966 3423 bet
1993 3366 2234 3435 animas,
2264 3366 2363 3423 ubi
2392 3370 2633 3437 poterat,
2666 3370 2779 3419 tam
2810 3380 2869 3419 se
2917 3364 3209 3435 praebebat
3242 3363 3564 3435 paciﬁcam,

1869 3459 1934 3509 ut
1962 3471 2089 3509 cum
2121 3454 2189 3507 ab
2218 3459 2462 3525 utraque
2496 3453 2679 3507 multa
2707 3453 2775 3508 de
2799 3453 3044 3507 invicem
3074 3452 3301 3508 audiret
3330 3452 3566 3508 amaris-

1870 3542 2034 3609 sima,
2073 3541 2266 3613 qualia
2319 3542 2465 3595 solet
2502 3545 2757 3595 eructare
2797 3545 3035 3610 turgens
3075 3544 3245 3610 atque
3282 3538 3566 3611 indigesta

1868 3629 2172 3699 discordia,
2204 3629 2432 3699 quando
2463 3626 2730 3698 praesenti
2759 3627 2957 3681 amica:
2978 3627 3047 3682 de
3077 3626 3308 3681 absente
3329 3626 3563 3681 inimica

1868 3733 1971 3789 per
1999 3717 2155 3772 acida
2182 3715 2465 3788 colloquia
2495 3716 2743 3770 cruditas
2766 3715 3063 3770 exhalatur
3098 3714 3385 3782 odiorum,
3416 3715 3563 3770 nihil

1869 3811 2058 3861 tamen
2088 3805 2253 3859 alteri
2288 3805 2356 3859 de
2396 3805 2571 3858 altera
2600 3803 2886 3874 proderet,
2916 3802 3027 3857 nisi
3057 3802 3214 3873 quod
3242 3802 3315 3857 ad
3344 3818 3439 3857 eas
3470 3819 3562 3857 re-

1867 3893 2250 3949 couciliandas
2293 3893 2505 3947 valeret
2552 3892 2732 3963 (Ibid.,
2775 3907 2828 3945 η.
2859 3890 2974 3960 21).
3007 3889 3097 3946 Sic
3136 3905 3268 3944 vero
3297 3906 3356 3944 se
3397 3906 3561 3960 gere-

1866 3982 1964 4036 bat
1995 3980 2271 4046 Monnica,
2304 3980 2541 4035 docente
2579 3994 2706 4033 eam
2740 3978 3004 4050 Magistro
3035 3977 3237 4033 intimo
3280 3977 3342 4031 in
3369 3978 3562 4033 schola

1867 4070 2125 4142 pectoris.
2159 4068 2415 4141 Denique
2444 4067 2642 4139 gratias
2668 4083 2884 4137 semen,
2915 4066 3067 4139 quod
3097 4065 3156 4120 in
3182 4066 3412 4121 famula:
3442 4082 3561 4121 suae

1868 4163 2118 4213 mentem
2150 4161 2433 4228 sparserat
2452 4156 2714 4228 Agricola
2741 4155 3002 4225 caelestis,
3031 4155 3283 4210 ubertim
3311 4154 3560 4211 fructum

1866 4249 2055 4303 attulit
2083 4248 2143 4301 in
2179 4246 2486 4317 patientia;
2526 4261 2589 4300 ac
2618 4245 2739 4316 ejus
2770 4260 2906 4315 erga
2942 4243 3130 4298 virum
3176 4242 3385 4315 agendi
3411 4243 3559 4297 ratio

1865 4339 2087 4390 tantum
2116 4334 2313 4402 valuit,
2334 4338 2401 4389 ut
2416 4334 2580 4388 illum
2609 4333 2669 4387 in
2691 4337 2943 4388 extrema
2964 4333 3086 4405 ejus
3104 4332 3219 4387 vita
3239 4336 3423 4387 totum
3447 4334 3560 4387 Deo

1865 4425 2210 4479 lucraretur:
2246 4440 2349 4478 nec
2387 4423 2448 4478 in
2474 4439 2542 4478 eo
2565 4423 2688 4494 jam
2726 4422 2881 4478 ﬁdeli
2923 4426 3113 4477 essent
3151 4420 3262 4492 ipsi
3300 4421 3559 4477 deﬂenda

1866 4514 2038 4579 mala,
2070 4530 2199 4585 quin
2227 4512 2288 4567 in
2319 4513 2579 4567 nondum
2602 4511 2759 4567 ﬁdeli
2786 4512 3128 4566 toleraverat
3168 4509 3480 4581 (Ibid.,,lib.
3503 4514 3557 4577 9,

1865 4618 1983 4672 cap.
2005 4605 2158 4669 t3,n.
2177 4602 2286 4673 37).
2317 4601 2440 4667 Quo
2468 4605 2727 4672 tempore
2754 4600 3106 4673 Augustinus
3135 4615 3350 4653 annum
3379 4598 3561 4653 aetatis

1866 4689 2151 4744 decimum
2181 4694 2404 4745 sextum
2424 4689 2651 4760 agebat,
2683 4688 2957 4744 nimirum
2983 4687 3209 4743 circiter
3227 4703 3447 4742 annum
3474 4703 3562 4743 re-

1866 4782 2078 4849 parata:
2099 4777 2298 4832 salutis
2325 4776 2792 4832 trecentesimum
2817 4774 3327 4848 septuagesimum,
3362 4791 3559 4830 nume-

1868 4868 2099 4922 rabatur
2144 4866 2294 4921 inter
2340 4866 2775 4920 catechumenos
2812 4864 3089 4920 Patricius
3132 4864 3319 4936 (Ibid.,
3367 4863 3463 4919 lib.
3503 4867 3559 4933 2,

1867 4972 1986 5026 cap.
2032 4960 2082 5024 3,
2113 4971 2169 5010 η.
2207 4955 2291 5027 6);
2333 4954 2432 5027 qui
2461 4959 2519 5009 et
2562 4954 2820 5027 proxime
2850 4952 3110 5026 sequenti
3160 4969 3331 5022 anno,
3375 4953 3560 5009 aetatis

1869 5042 2141 5098 Monnicae
2171 5042 2629 5115 quadragesimo,
2659 5042 2773 5098 vita
2802 5042 3096 5098 concessit.

1938 5135 1989 5188 3.
2042 5131 2250 5187 Orbata
2288 5132 2429 5200 viro,
2480 5135 2608 5187 ante
2664 5146 2837 5204 quem
2888 5130 3054 5199 nulli,
3111 5133 3168 5186 et
3205 5133 3335 5197 post
3386 5142 3559 5199 quem

1870 5220 2012 5275 nulli
2041 5224 2219 5292 nupta
2253 5225 2338 5276 est
2380 5221 2560 5293 (Ibid.,
2593 5221 2688 5277 lib.
2720 5224 2773 5287 9,
2820 5235 2939 5291 cap.
2977 5222 3061 5282 13,
3091 5235 3148 5275 n.
3183 5219 3291 5288 37),
3323 5216 3557 5287 reliquie

1868 5307 1998 5362 vitae
2028 5313 2256 5379 tempus
2285 5309 2532 5364 traduxit
2555 5309 2727 5365 vidua
2763 5313 2914 5364 casta
2942 5325 3006 5364 ac
3033 5306 3242 5373 sobria,
3283 5305 3557 5375 frequen—

1869 5402 1988 5452 tans
2010 5398 2398 5469 eleemosynas
2423 5397 2607 5469 (Ibid.,
2631 5398 2724 5453 lib.
2751 5402 2804 5465 5,
2834 5413 2955 5467 cap.
2989 5402 3042 5463 9,
3069 5412 3126 5452 η.
3156 5394 3271 5463 17);
3292 5392 3559 5447 adversus

1869 5490 2163 5556 peccantes
2202 5486 2260 5541 in
2307 5503 2367 5541 se
2408 5485 2853 5541 misericorditer
2880 5501 3073 5555 agens,
3103 5483 3433 5551 donansque
3466 5481 3561 5535 de-

1877 5574 2153 5630 bitoribus
2184 5574 2371 5631 debita
2410 5575 2593 5645 (lbid.,
2641 5575 2728 5627 lib.
2772 5579 2824 5639 9,
2851 5590 2968 5643 cap.
3017 5575 3110 5636 l3,
3140 5585 3194 5623 η.
3238 5568 3359 5639 36);
3393 5568 3559 5624 obse-
