4060 6368
452 321 549 374 147

448 437 649 509 quium
679 440 737 492 et
762 436 1103 491 famulatum
1128 435 1336 490 sanctis
1360 436 1653 504 exhibens,
1686 451 1816 489 vere
1846 451 2006 490 serva
2034 450 2149 489 ser-

446 540 652 580 vorum
690 523 834 579 Dei:
875 540 1122 595 quorum
1151 523 1407 596 quisquis
1436 540 1564 578 eam
1602 527 1859 593 noverat,
1900 524 2147 579 multum

447 612 510 668 in
535 630 599 667 ea
621 612 888 668 laudabat
902 617 959 667 et
985 613 1305 667 honorabat
1324 617 1380 666 et
1400 612 1672 683 diligebat
1689 614 1902 680 Deum;
1932 611 2146 684 quippe

449 717 580 756 cum
612 700 713 755 Dei
750 700 1116 773 praesentiam
1154 700 1214 754 in
1244 701 1364 771 ejus
1395 701 1564 756 corde
1608 700 1844 755 sentiret
1882 714 2149 769 agnosce-

451 794 653 860 retque
684 807 752 843 ex
804 794 1014 844 sanctae
1057 789 1498 844 conversationis
1527 789 1828 856 fructibus,
1868 794 2142 859 tanquam

448 876 671 931 idoneis
698 877 937 931 testibus
960 877 1144 947 (lbid.,
1177 892 1298 946 cap.
1323 880 1377 947 9,
1397 893 1454 931 n.
1485 879 1593 945 22).
1620 878 1751 931 Eam
1774 877 1891 947 ipse
1915 893 2144 948 quoque

445 964 780 1019 Ambrosius
825 950 1072 1019 maxime
1103 964 1375 1035 diligebat
1415 970 1652 1037 propter
1680 967 1803 1037 ejus
1832 965 2143 1036 religiosis-

448 1052 653 1107 simam
689 1053 1203 1121 conversationem,
1248 1070 1360 1125 qua
1408 1054 1469 1108 in
1517 1054 1677 1108 bonis
1718 1054 1985 1125 operibus
2025 1058 2143 1108 tam

446 1139 671 1195 fervens
710 1141 916 1212 spiritu
953 1142 1354 1213 frequentabat
1385 1143 1678 1197 ecclesiam
1711 1142 1897 1214 (Ibid,
1939 1144 2033 1197 lib.
2087 1146 2140 1209 6,

445 1243 565 1298 cap.
598 1233 651 1298 2,
679 1246 735 1284 η.
759 1229 833 1300 2).
871 1229 959 1284 Bis
989 1229 1050 1284 in
1066 1230 1181 1299 die,
1202 1247 1369 1285 mane
1387 1235 1444 1285 et
1462 1248 1719 1302 vespere,
1740 1233 1810 1286 ad
1846 1232 2141 1286 ecclesiam

446 1315 551 1370 Dei
580 1315 701 1370 sine
740 1318 857 1371 ulla
901 1317 1325 1373 intermissione
1373 1318 1664 1385 veniebat;
1714 1335 1829 1373 non
1859 1319 1926 1373 ad
1971 1334 2143 1373 vanas

443 1404 666 1459 fabulas
713 1410 769 1460 et
809 1406 991 1461 aniles
1030 1407 1419 1477 loquacitates,
1467 1407 1564 1461 sed
1613 1424 1681 1463 ea
1722 1412 1934 1475 mente,
1984 1413 2050 1463 ut
2088 1412 2145 1463 et

446 1494 628 1548 Deum
656 1492 716 1548 in
755 1494 945 1549 divino
987 1496 1160 1549 verbo
1203 1496 1310 1550 sibi
1338 1496 1665 1567 loquentem
1699 1497 1940 1563 audiret,
1989 1500 2045 1552 et
2074 1498 2143 1552 ab

444 1598 512 1636 eo
559 1583 684 1653 ipsa
730 1582 791 1637 in
824 1583 940 1637 suis
972 1583 1328 1639 orationibus
1373 1585 1668 1641 audiretur
1699 1586 1883 1653 (Ibid.,
1935 1586 2030 1642 lib.
2088 1589 2140 1652 5,

445 1685 563 1740 cap.
598 1674 650 1734 9,
673 1688 729 1726 n.
764 1676 866 1740 17).
890 1673 1121 1727 Nullum
1138 1672 1289 1727 diem
1311 1673 1681 1744 praetermisit
1701 1674 2050 1729 oblationem
2072 1675 2141 1729 ad

443 1759 621 1813 altare
656 1759 755 1813 Dei
785 1760 1014 1831 (Ibid.);
1064 1761 1201 1829 sive,
1235 1761 1381 1816 sicut
1428 1779 1551 1817 rem
1582 1762 1708 1816 aliis
1729 1763 1919 1833 -paulo
1962 1763 2144 1817 verbis

441 1847 795 1917 Augustinus
838 1850 1088 1904 secundo
1125 1854 1428 1916 memorat,
1476 1851 1690 1905 nullius
1743 1851 1858 1907 diei
1900 1856 2142 1923 praster-

442 1935 717 1991 missione
750 1937 981 1993 servivit
1010 1939 1194 2006 altari,
1226 1940 1382 1993 unde
1428 1939 1597 1994 sciret
1625 1940 1943 2012 dispensari
1978 1940 2145 1995 Victi-

442 2041 596 2079 mam
642 2031 914 2090 sanctam,
949 2043 1065 2098 qua
1097 2027 1350 2082 deletum
1396 2032 1479 2082 est
1510 2029 1959 2100 chirographum
1988 2030 2143 2101 quod

444 2119 566 2169 erat
608 2115 958 2169 contrarium
1007 2115 1190 2182 nobis,
1241 2132 1356 2187 qua
1395 2115 1784 2188 triumphatus
1834 2122 1919 2172 est
1967 2118 2145 2173 hostis

443 2206 781 2274 computans
812 2202 1017 2258 delicta
1045 2207 1237 2257 nostra
1267 2209 1324 2259 et
1350 2220 1610 2276 quaerens
1640 2206 1777 2276 quid
1807 2206 2056 2275 objiciet,
2090 2210 2146 2261 et

450 2291 597 2346 nihil
622 2290 920 2346 inveniens
957 2291 1017 2346 in
1048 2293 1144 2347 illo
1180 2292 1240 2347 in
1282 2309 1395 2365 quo
1441 2294 1721 2349 vincimus
1762 2311 1776 2350 :
1826 2296 1916 2349 cui
1952 2297 2144 2350 nullus

447 2380 717 2435 refundet
761 2380 1128 2435 innocentem
1167 2381 1527 2452 sanguinem,
1558 2384 1648 2437 cui
1677 2384 2148 2439 nullusrestituet

444 2469 716 2540 pretium,
746 2484 861 2540 quo
885 2485 987 2523 nos
1007 2469 1144 2523 emit
1174 2473 1235 2524 ut
1260 2486 1363 2524 nos
1390 2472 1614 2526 auferat
1634 2472 1718 2527 ei:
1746 2474 1814 2527 ad
1835 2473 1996 2544 cujus
2018 2490 2146 2544 pre-

445 2556 512 2611 tii
541 2556 724 2612 nostri
763 2561 1182 2612 sacramentum
1213 2558 1487 2630 ligaverat
1528 2560 1735 2615 ancilla
1766 2561 1867 2616 Dei
1892 2561 2143 2616 animam

447 2660 607 2699 suam
639 2645 865 2700 vinculo
896 2646 1031 2701 ﬁdei
1060 2647 1243 2716 (Ibid,
1273 2648 1365 2703 lib.
1408 2651 1460 2715 9,
1494 2664 1615 2719 cap.
1653 2653 1738 2718 l3,
1768 2665 1826 2704 η.
1861 2650 1968 2722 36).
2004 2651 2145 2706 Cum

450 2735 641 2787 autem
670 2747 807 2787 usus
842 2732 903 2787 in
945 2732 1135 2787 Africa
1179 2734 1476 2797 obtineret,
1520 2737 1711 2806 pultes
1746 2741 1802 2791 et
1829 2754 2038 2809 panem
2081 2754 2146 2793 ac

447 2836 674 2874 merum
702 2820 773 2875 ad
805 2821 1067 2891 sepulcra
1094 2826 1413 2892 martyrum
1444 2822 1734 2895 afferendi,
1769 2826 2028 2881 Monnica
2049 2844 2144 2881 ca-

444 2907 691 2963 nistrum
734 2908 877 2963 cibis
923 2908 1220 2979 refertum,
1270 2926 1416 2981 quos
1465 2911 1526 2966 in
1586 2917 1916 2970 sanctorum
1965 2916 2147 2971 hono-

445 3012 568 3050 rem
630 2995 977 3067 praelibaret,
1033 3013 1098 3052 ac
1170 3002 1369 3069 postea
1423 3002 1775 3072 pauperibus
1841 3003 2140 3070 divideret,

446 3085 707 3152 atferens,
766 3101 883 3140 non
940 3087 1232 3156 poculum,
1281 3088 1378 3143 sed
1426 3090 1705 3160 pocillum
1740 3094 2144 3148 tantummodo

444 3173 583 3240 vini,
615 3177 671 3228 et
699 3173 932 3245 quidem
956 3190 1106 3246 aqua
1129 3178 1433 3246 temperati
1463 3179 1736 3249 ponebat,
1770 3181 1921 3235 unde
1950 3181 2147 3253 digna-

445 3260 664 3317 tionem
693 3266 942 3317 sumeret
970 3278 984 3317 :
1037 3279 1101 3317 ac
1155 3264 1337 3319 sicubi
1367 3265 1726 3338 contingeret
1759 3269 1970 3322 multas
1997 3284 2139 3335 esse,

447 3366 578 3421 qua
623 3349 724 3405 illo
762 3351 931 3406 modo
961 3351 1298 3407 videbantur
1340 3353 1691 3409 honorandae
1731 3356 2025 3411 memoriae
2051 3357 2146 3412 dc-

444 3437 794 3506 functorum,
826 3439 978 3495 idem
1009 3440 1198 3511 ipsum
1229 3458 1430 3508 unum,
1462 3442 1615 3512 quod
1640 3442 1851 3513 ubique
1880 3450 2143 3514 poneret,

444 3526 714 3598 pocillum
743 3528 1216 3596 circumferebat;
1242 3534 1414 3599 atque
1446 3529 1528 3584 ita
1555 3529 1780 3600 vinum,
1813 3548 1930 3587 non
1972 3535 2144 3590 modo

445 3617 902 3688 aquatissimum,
930 3618 1028 3672 sed
1057 3618 1232 3671 etiam
1262 3616 1682 3687 tepidissimum
1703 3623 1843 3687 erat,
1874 3622 2025 3692 quod
2056 3621 2144 3676 in-

445 3709 534 3759 ter
582 3705 818 3777 hujusce
855 3704 1111 3776 religiosi
1152 3705 1328 3759 ofﬁcii
1374 3705 1612 3761 comites
1652 3724 1758 3779 per
1804 3709 2146 3765 sorbitiones

445 3792 679 3864 exiguas
698 3793 1081 3865 partiebatur;
1113 3793 1247 3864 quia
1274 3794 1545 3866 pietatem
1572 3795 1653 3851 ibi
1681 3798 1996 3869 quaerebat,
2026 3815 2143 3854 non

445 3882 812 3952 voluptatem.
860 3880 1191 3936 Ambrosius
1233 3899 1408 3953 porro
1450 3884 1757 3940 Mediolani
1792 3894 2147 3960 praeceperat

443 3971 554 4024 ista
580 3986 698 4024 non
725 3969 871 4036 fieri,
904 3985 1010 4024 nec
1036 3969 1106 4025 ab
1139 3970 1220 4025 eis
1249 3971 1349 4043 qui
1376 3972 1561 4028 sobrie
1590 3974 1867 4045 facerent;
1900 3980 2023 4031 tum
2071 3994 2144 4032 ne

446 4058 564 4111 ulla
592 4056 810 4111 occasio
839 4072 897 4110 se
916 4056 1309 4128 ingurgitandi
1338 4058 1570 4114 daretur
1586 4061 1846 4133 ebriosis,
1864 4068 1990 4118 tum
2011 4064 2146 4136 quia

444 4146 548 4200 illa
607 4145 771 4216 quasi
810 4145 1128 4215 parentalia
1174 4146 1560 4218 superstitioni
1603 4150 1915 4206 Gentilium
1954 4158 2144 4207 essent

448 4233 764 4288 simillima.
799 4234 942 4289 Cum
978 4234 1157 4304 igitur
1188 4235 1448 4290 Monnica
1481 4241 1824 4296 munuscula
1852 4258 1956 4296 suo
1985 4259 2143 4297 more

446 4321 741 4385 attulisset,
788 4326 959 4393 atque
1004 4323 1074 4377 ab
1121 4323 1350 4379 ostiario
1397 4325 1835 4395 prohiberetur;
1892 4330 1991 4385 ubi
2037 4331 2145 4386 hoc

444 4410 831 4475 Ambrosium,
882 4427 1056 4482 quem
1096 4411 1243 4467 sicut
1272 4414 1544 4484 angelum
1596 4416 1696 4470 Dei
1724 4417 2018 4489 diligebat,
2049 4437 2142 4474 ve-

447 4500 618 4555 tuisse
646 4499 934 4571 cognovit,
964 4503 1082 4555 tam
1119 4500 1214 4573 pie
1246 4505 1415 4574 atque
1444 4503 1782 4561 obedienter
1807 4507 1867 4562 id
1898 4509 2140 4579 accepit,

445 4593 511 4644 ut
536 4590 656 4661 ipse
687 4588 992 4644 miraretur
1018 4589 1392 4661 Augustinus,
1428 4606 1553 4647 eam
1582 4594 1775 4664 potius
1804 4596 1874 4651 ad
1903 4612 2141 4652 consue-

443 4676 706 4732 tudinem
734 4694 908 4750 quam
944 4679 1293 4751 sequebatur
1317 4681 1832 4751 condemnandam,
1866 4700 2040 4756 quam
2070 4686 2143 4741 ad

443 4765 853 4837 inquirendum
899 4783 1013 4839 qua
1055 4768 1125 4823 de
1157 4784 1333 4823 causa
1373 4769 1807 4840 prohiberetur,
1837 4773 2141 4830 adductam

442 4855 634 4913 fuisse.
663 4857 858 4929 Itaque
887 4858 958 4914 ab
983 4857 1246 4915 instituto
1274 4875 1378 4914 suo
1406 4859 1662 4917 discessit
1685 4862 1910 4931 lubens,
1932 4867 1991 4919 et
2009 4880 2141 4936 pro-

442 4944 689 5001 canistro
717 4947 885 5018 pleno
915 4947 1159 5003 terrenis
1190 4948 1490 5019 fructibus,
1522 4952 1761 5023 plenum
1789 4954 2139 5026 purgatiori-

441 5033 549 5089 bus
579 5034 726 5089 votis
753 5038 952 5106 pectus
981 5037 1050 5091 ad
1078 5038 1384 5094 memorias
1414 5045 1731 5112 martyrum
1756 5042 1959 5098 afferre
1989 5044 2140 5100 didi-

441 5122 557 5189 cit;
588 5126 654 5178 ut
681 5126 736 5178 et
764 5124 917 5195 quod
957 5130 1171 5195 posset,
1216 5127 1379 5184 daret
1407 5129 1732 5201 egentibus,
1781 5134 1840 5186 et
1866 5131 1945 5186 sic
1983 5147 2139 5187 com-

330 5282 333 5286 Α
438 5210 752 5267 municatio
786 5212 1069 5268 Domiuici
1115 5215 1368 5286 corporis
1398 5217 1514 5272 illic
1549 5219 1950 5289 celebraretur,
1975 5220 2137 5292 cujus

437 5299 720 5372 passionis
762 5300 1083 5358 imitatione
1111 5302 1393 5360 immolati
1436 5310 1491 5361 et
1531 5308 1788 5363 coronati
1816 5313 1949 5363 sunt
1984 5325 2135 5363 mar-

438 5394 593 5460 tyres
616 5390 800 5461 (Ibid.,
828 5391 923 5445 lib.
957 5394 1009 5458 6,
1041 5407 1160 5461 cap.
1196 5396 1248 5463 2,
1282 5410 1338 5448 n.
1372 5396 1443 5465 2).
1480 5395 1620 5450 Cum
1658 5396 1832 5452 etiam
1869 5397 2137 5469 religiosa

439 5474 605 5529 vidua
638 5475 1087 5547 perturbaretur,
1132 5478 1427 5550 ambigens
1456 5496 1528 5535 an
1571 5481 1869 5537 Mediolani
1896 5482 2004 5538 sibi
2047 5483 2134 5554 je-

434 5562 759 5633 junandum
801 5567 947 5620 esset
992 5565 1244 5633 sabbato,
1297 5569 1610 5624 secundum
1658 5570 2132 5631 consuetudinem

1657 311 1832 371 VITA
1870 311 1924 368 S.
1967 311 2355 369 AUGUSTINI
2406 313 2741 371 EPISCOPI.

3864 311 3958 365 148

2257 436 2613 507 Tagastensis
2650 435 2928 502 Ecclesiae,
2976 451 3049 490 au
3103 433 3537 493 Mediolanensis
3576 449 3740 489 more
3786 449 3959 504 pran-

2256 522 2539 593 dendum;
2571 524 2923 596 Augustinus
2951 529 3088 579 tunc
3111 522 3372 577 nondum
3402 537 3728 587 conversus,
3761 537 3962 593 quam-

2252 611 2334 665 vis
2371 612 2476 666 hac
2512 613 2581 667 de
2625 629 2685 667 re
2731 628 2936 681 parum
2980 610 3275 676 sollicitus,
3337 614 3403 664 ut
3444 625 3571 663 eam
3614 614 3812 663 tamen
3864 607 3961 661 illa

2253 700 2613 755 cunctatione
2671 701 2958 768 liberaret,
3018 698 3309 753 consuluit
3369 696 3786 752 Ambrosium:
3852 695 3961 760 Qui

2252 789 2568 860 respondit,
2600 788 2745 843 nihil
2771 789 2908 843 hinc
2936 804 2998 842 se
3028 804 3127 843 eos
3169 786 3372 842 docere
3416 801 3602 857 posse,
3647 778 3762 840 nisi
3804 784 3961 857 quod

2252 875 2373 947 ipse
2403 877 2649 945 faceret;
2686 877 2822 949 quia
2850 877 2897 930 si
2940 876 3147 930 melius
3186 879 3400 941 nosset,
3443 874 3503 928 id
3533 873 3727 944 potius
3763 873 3963 928 obser-

2250 970 2423 1020 varet.
2460 967 2523 1020 Et
2553 965 2797 1035 adjecit:
2842 964 3071 1030 Quando
3118 964 3203 1017 hic
3255 977 3396 1028 sum,
3445 977 3553 1017 non
3590 962 3783 1031 jejuno
3825 960 3962 1015 sab-

2252 1054 2411 1123 bato;
2443 1059 2494 1109 et
2522 1055 2595 1108 ad
2624 1068 3013 1123 quamcumque
3049 1054 3345 1108 Ecclesium
3371 1053 3647 1112 veneritis,
3678 1051 3797 1120 ejus
3843 1066 3956 1104 meo

2249 1158 2361 1196 rem
2388 1148 2614 1210 servate,
2646 1146 2697 1197 si
2736 1144 2863 1212 pati
2901 1141 3221 1197 scandalum
3265 1155 3372 1195 non
3411 1141 3596 1207 vultis,
3639 1145 3737 1194 aut
3775 1141 3961 1207 facere

2251 1232 2370 1302 (Ep.
2404 1233 2491 1299 36,
2523 1246 2580 1285 n.
2615 1233 2702 1297 32,
2730 1235 2781 1285 et
2816 1232 2922 1301 Ep.
2973 1232 3061 1296 54,
3105 1246 3160 1283 η.
3195 1228 3265 1297 3).
3319 1230 3432 1284 Hoc
3478 1244 3817 1300 responsum
3864 1243 3952 1282 re-

2250 1318 2386 1373 tulit
2430 1319 2499 1373 ad
2547 1324 2813 1386 matrem,
2864 1322 3034 1389 eique
3079 1317 3323 1384 suffecit,
3367 1333 3473 1371 nec
3515 1316 3794 1372 dubitavit
3832 1331 3957 1369 esse

2250 1406 2655 1462 obediendum.
2683 1409 2790 1461 Per
2829 1407 2981 1461 idem
3009 1410 3258 1476 tempus,
3290 1421 3407 1477 quo
3442 1405 3744 1460 Mediolani
3774 1404 3955 1475 dege-

2250 1494 2368 1561 bat,
2416 1494 2716 1549 Ambrosio
2764 1494 3223 1565 perseeutionem
3257 1495 3329 1549 ab
3366 1494 3590 1550 Justina
3630 1498 3782 1548 totos
3832 1493 3955 1548 fere

2252 1583 2397 1638 duos
2439 1600 2621 1639 annos
2663 1584 3000 1651 sustinente,
3036 1583 3339 1638 excubabat
3381 1584 3478 1653 pia
3518 1582 3671 1653 plebs
3698 1584 3759 1637 in
3791 1583 3956 1636 eccle-

2249 1674 2355 1741 sia,
2399 1672 2479 1727 ait
2522 1672 2896 1743 Augustinus,
2953 1674 3093 1727 mori
3131 1677 3335 1741 parata
3381 1687 3502 1726 cum
3544 1673 3790 1741 episcopo
3835 1685 3954 1736 suo,

2250 1774 2399 1815 servo
2445 1764 2555 1816 tuo.
2600 1762 2686 1815 Ibi
2712 1765 2884 1815 mater
2918 1776 3055 1826 mea,
3082 1761 3284 1814 ancilla
3331 1764 3445 1825 tua,
3493 1759 3880 1814 sollicitudinis
3908 1765 3959 1813 et

2250 1850 2565 1917 vigiliarum
2596 1851 2809 1919 primas
2856 1844 3056 1916 tenens,
3119 1849 3455 1903 orationibus
3509 1849 3725 1902 vivebat
3775 1848 3946 1916 (Conf.

2252 1937 2345 1992 lib.
2379 1940 2429 2002 9,
2467 1954 2585 2008 cap.
2618 1942 2673 2005 7,
2704 1954 2760 1992 η.
2797 1940 2909 2008 15),
2939 1937 3190 1992 Tandem
3210 1936 3491 2008 quidquid
3517 1937 3577 1990 in
3606 1952 3737 1990 vere
3770 1935 3956 1989 viduis

2252 2026 2573 2080 christianis
2603 2026 2845 2098 requirit
2874 2027 3177 2097 Apostolus
3210 2027 3254 2095 (ἰ
3281 2028 3417 2080 Tim.
3450 2041 3504 2092 v,
3531 2027 3614 2097 9),
3660 2040 3729 2079 ea
3753 2025 3957 2096 imple-

2250 2112 2350 2166 vit.
2385 2112 2513 2168 Fuit
2542 2115 2714 2169 unius
2748 2114 2856 2168 viri
2895 2130 3059 2182 uxor,
3093 2120 3354 2168 mutuam
3386 2113 3571 2168 vicem
3612 2114 3954 2184 parentibus

2252 2200 2519 2269 reddidit,
2549 2203 2783 2258 domum
2812 2219 2976 2259 suam
3006 2203 3099 2274 pie
3128 2202 3423 2269 tractavit;
3460 2203 3521 2258 in
3553 2203 3828 2273 operibus
3859 2203 3960 2256 bo-

2250 2290 2341 2344 nis
2359 2290 2753 2346 testimonium
2774 2292 2995 2360 habuit,
3028 2291 3266 2347 nutrivit
3294 2291 3468 2361 ﬁlios,
3499 2291 3667 2346 toties
3693 2307 3791 2345 eos
3820 2307 3954 2362 par-

2252 2377 2490 2449 turiens,
2536 2379 2762 2452 quoties
2807 2397 2842 2436 a
2883 2382 2996 2436 Deo
3053 2380 3280 2436 deviare
3320 2379 3721 2435 animadvertit
3775 2380 3955 2451 (Conf.

2252 2467 2348 2522 lib.
2381 2470 2434 2534 9,
2465 2484 2585 2538 cap.
2611 2472 2665 2539 9,
2690 2485 2746 2525 n.
2769 2471 2893 2541 22):
2918 2469 3075 2542 quod
3095 2469 3330 2542 quidem
3355 2468 3417 2524 in
3433 2468 3752 2542 Augustino
3782 2469 3957 2540 plane

2253 2560 2611 2627 compertum
2641 2562 2747 2615 est.
3682 2575 3691 2583 '

2323 2647 2375 2700 4.
2406 2645 2662 2701 Vidimus
2693 2662 2808 2719 quo
2838 2647 3026 2703 studio
3056 2647 3427 2704 christianam
3473 2647 3817 2720 religionem
3860 2647 3957 2703 in-

2254 2749 2442 2788 serere
2465 2733 2552 2788 illi
2585 2735 2825 2806 puerulo
2864 2735 3070 2803 adhuc,
3102 2750 3166 2790 ac
3203 2735 3475 2807 pietatem
3516 2751 3742 2807 semper
3775 2734 3956 2805 inspi-

2252 2838 2380 2877 rare
2406 2824 2687 2879 curaverit
2710 2824 3067 2879 sanctissima
3093 2824 3309 2879 femina
3356 2824 3537 2895 (Ibid.,
3585 2824 3679 2879 lib.
3725 2826 3777 2891 l,
3827 2838 3953 2894 cap.

2257 2915 2343 2980 11,
2385 2927 2442 2966 η.
2497 2912 2600 2981 17),
2645 2912 2709 2967 in
2753 2913 2914 2986 cujus
2959 2914 3102 2969 lacte
3142 2914 3371 2968 nomen‘
3403 2912 3610 2969 Christi
3648 2912 3960 2969 Salvatoris

2253 2999 2433 3054 nostri
2451 2999 2529 3054 sic
2560 3004 2825 3056 tenerum
2871 3017 2968 3056 cor
3004 3001 3161 3057 illius
3200 3001 3491 3074 praebibit,
3535 3004 3599 3056 ut
3640 3000 3958 3057 admodum

2254 3087 2366 3141 alte
2394 3088 2666 3143 retineret
2693 3088 2882 3159 (Ibid.,
2909 3090 3003 3146 lib.
3038 3092 3092 3160 3,
3120 3104 3242 3159 cap.
3275 3093 3331 3151 4,
3357 3105 3413 3144 n.
3448 3090 3523 3159 8).
3573 3089 3695 3154 Quo
3747 3088 3959 3143 ardore

2252 3174 2425 3230 dabat
2448 3192 2706 3247 operam,
2735 3180 2803 3230 ut
2825 3177 2977 3232 idem
3003 3178 3192 3233 adhuc
3218 3193 3365 3248 puer
3393 3177 3452 3231 in
3474 3177 3678 3232 mortis
3700 3176 3959 3250 periculo

2253 3263 2596 3318 salutaribus
2624 3265 2992 3318 sacramentis
3016 3264 3344 3319 initiaretur
3367 3281 3381 3331 ;
3412 3265 3641 3319 charius
3663 3282 3798 3321 eum
3823 3281 3954 3337 par-

2254 3350 2474 3406 turiens
2503 3352 2671 3406 corde
2700 3356 2852 3407 casto
2881 3352 2942 3406 in
2994 3352 3333 3422 ﬁde,fquam
3362 3368 3531 3406 carne
3563 3353 3914 3424 parturierat
3932 3352 3962 3405 ?

2253 3439 2441 3510 (lbid.,
2471 3440 2563 3494 lib.
2602 3443 2651 3505 l,
2681 3455 2802 3510 cap.
2840 3443 2924 3507 ll,
2950 3455 3006 3495 η.
3039 3439 3143 3505 17).
3187 3440 3340 3505 Quos
3379 3440 3553 3496 etiam
3601 3441 3959 3498 adolescenti

2253 3531 2450 3598 postea
2474 3531 2531 3581 et
2558 3543 2689 3582 cum
2718 3533 2933 3599 quanta
2959 3528 3339 3584 sollicitudine
3388 3529 3641 3584 monitus
3684 3530 3863 3598 dedit,
3896 3535 3961 3585 ut

2253 3632 2387 3671 eum
2403 3615 2472 3671 ab
2487 3616 2745 3672 obscenis
2755 3618 3044 3673 amoribus
3057 3618 3411 3673 deterreret?
3425 3620 3605 3689 (lbid.,
3629 3621 3724 3675 lib.
3756 3623 3812 3689 2,
3831 3637 3956 3691 cap.

2255 3708 2307 3771 3,
2338 3721 2395 3759 η.
2426 3703 2510 3775 7.)
2538 3705 2826 3770 Quantum
2863 3722 2970 3777 pro
3014 3723 3081 3761 eo
3122 3706 3182 3760 in
3214 3707 3648 3762 Mauicheeorum
3686 3707 3958 3762 haeresim

2252 3794 2411 3865 lapso
2441 3793 2597 3849 ﬂevit
2618 3794 2690 3849 ad
2714 3796 2892 3849 Deum
2918 3796 2946 3849 ?
2968 3795 3148 3850 Flevit
3174 3801 3325 3850 certe
3352 3796 3598 3867 amplius
3619 3812 3793 3868 quam
3814 3797 3962 3851 ﬂent

2253 3887 2464 3937 matres
2493 3899 2768 3955 corporea
2795 3884 3046 3939 ﬁliorum
3093 3885 3314 3941 funera.
3373 3886 3606 3942 Videbat
3655 3886 3799 3939 enim
3834 3886 3955 3947 illa,

2253 3971 2440 4043 inquit
2452 3973 2830 4043 Augustinus,
2858 3978 3082 4028 mortem
3100 3990 3272 4029 meam
3296 3990 3364 4029 ere
3378 3974 3485 4044 ﬁde
3503 3978 3554 4028 et
3573 3975 3779 4043 spiritu
3799 3988 3958 4042 quem

2252 4061 2482 4116 habebat
2505 4078 2573 4116 ea:
2594 4066 2677 4130 te;
2701 4067 2752 4117 et
2775 4063 3056 4118 emaudisti
3078 4079 3216 4127 eam,
3245 4065 3500 4119 Domine:
3531 4063 3814 4118 emaudisti
3833 4079 3951 4117 eam

2249 4164 2343 4203 nec
2371 4148 2667 4218 despexisti
2689 4151 2957 4219 lacrymas
2992 4150 3131 4221 ejus,
3174 4166 3294 4205 cum
3330 4152 3654 4221 proﬂuentes
3708 4150 3959 4218 rigarent

2253 4240 2453 4291 terram
2476 4237 2575 4292 sub
2602 4238 2770 4292 oculis
2787 4238 2926 4308 ejus,
2946 4240 3006 4292 in
3022 4240 3169 4294 omni
3189 4239 3298 4294 loco
3322 4240 3584 4294 orationis
3612 4237 3730 4307 ejus
3754 4253 3769 4305 ;
3793 4253 3959 4293 exau-

2251 4324 2386 4379 disti
2402 4339 2538 4379 eam.
2568 4326 2707 4382 Nam
2734 4325 2877 4380 unde
2902 4326 3043 4381 illud
3087 4328 3375 4396 somnium,
3405 4342 3509 4398 quo
3546 4341 3665 4380 eam
3705 4327 3955 4381 consola-

2252 4417 2338 4468 tus
2366 4427 2442 4482 es,
2470 4417 2532 4468 ut
2559 4415 2737 4469 vivere
2762 4429 2846 4468 me
2875 4415 3179 4469 concederet
3196 4420 3247 4469 et
3276 4415 3470 4469 habere
3508 4428 3686 4470 secum
3714 4414 3955 4469 eamdem

2249 4516 2486 4557 mensam
2514 4503 2574 4557 in
2604 4502 2779 4569 domo,
2815 4502 2961 4573 quod
2989 4504 3129 4558 nolle
3166 4508 3417 4573 ceperat,
3466 4503 3763 4559 adversam
3783 4508 3835 4557 et
3864 4503 3955 4558 de-

2252 4596 2452 4647 testans
2484 4591 2848 4661 blasphemias
2876 4594 3076 4647 erroris
3109 4594 3214 4647 mei
3235 4593 3263 4649 ῖ
3292 4593 3449 4649 Vidit
3475 4594 3616 4647 enim
3642 4595 3877 4647 stantem
3902 4606 3956 4647 se

2248 4682 2309 4734 in
2338 4679 2578 4749 quadam
2606 4681 2798 4749 regula
2834 4681 3033 4749 lignea,
3055 4685 3106 4735 et
3142 4680 3508 4735 advenientem
3528 4678 3603 4735 ad
3624 4695 3680 4735 se
3694 4680 3953 4750 juvenem

2246 4768 2610 4839 splendidum,
2653 4769 2881 4824 hilarem
2909 4773 3072 4840 atque
3090 4770 3419 4825 arridentem
3446 4769 3572 4836 sibi,
3595 4784 3717 4824 cum
3748 4769 3852 4825 illa
3877 4784 3959 4824 es-

2246 4862 2326 4914 set
2344 4872 2565 4914 maerens
2593 4862 2644 4913 et
2671 4872 2898 4915 maerore
2923 4860 3202 4926 confecta:
3235 4859 3472 4927 quicum
3499 4871 3692 4913 causas
3722 4860 3953 4927 quasis-

2244 4952 2325 5003 set
2351 4948 2420 5002 ab
2447 4951 2510 5002 ed
2535 4950 2801 5003 mastitiz
2823 4962 2953 5014 suae,
2976 4946 3528 5016 quotidianarumque
3557 4948 3951 5017 lacrymarum,

2245 5036 2490 5103 docendi,
2520 5040 2584 5091 ut
2607 5037 2818 5103 assolet,
2851 5050 2958 5089 non
2991 5033 3237 5090 discendi
3262 5037 3468 5104 gratia,
3517 5040 3680 5105 atque
3724 5036 3827 5092 illa
3866 5051 3953 5091 re-

2242 5126 2548 5198 spondisset
2563 5124 2923 5196 perditionem
2942 5138 3115 5179 meam
3138 5139 3194 5180 se
3208 5126 3470 5194 plangere
3492 5141 3506 5194 ;
3524 5126 3754 5197 jussisse
3770 5127 3949 5193 illum,

2243 5231 2348 5287 quo
2376 5230 2565 5271 secura
2582 5219 2734 5281 esset,
2766 5217 2928 5284 atque
2941 5213 3284 5270 admonuisse
3310 5219 3373 5269 ut
3391 5216 3688 5271 attenderet
3717 5220 3768 5270 et
3794 5216 3952 5271 vide-

2241 5307 2344 5371 ret,
2374 5303 2471 5357 ubi
2495 5306 2628 5358 esset
2657 5304 2777 5369 illa,
2809 5302 2890 5355 ibi
2925 5316 3036 5357 esse
3063 5306 3115 5357 et
3140 5318 3241 5359 me.
3267 5304 3420 5371 Quod
3446 5306 3545 5359 illa
3563 5305 3659 5359 ubi
3687 5305 3949 5374 attendit,

2240 5393 2384 5447 vidit
2407 5408 2489 5446 me
2509 5392 2681 5461 juxta
2708 5406 2763 5445 se
2793 5392 2852 5445 in
2880 5392 3064 5446 eadem
3113 5394 3303 5461 regula
3338 5397 3588 5448 stantem.
3639 5394 3790 5449 Unde
3830 5396 3943 5456 hoc,

2240 5483 2353 5536 nisi
2371 5482 2503 5550 quia
2521 5483 2677 5534 erant
2695 5494 2851 5534 aures
2881 5484 2984 5534 tuae
3009 5481 3083 5535 ad
3108 5497 3196 5536 cor
3225 5484 3342 5551 ejus
3364 5482 3393 5537 ?
3427 5481 3574 5537 Unde
3601 5483 3743 5537 illud
3759 5486 3944 5551 etiam,

2242 5570 2387 5642 quod
2404 5585 2525 5626 cum
2546 5570 2684 5626 mihi
2710 5573 2987 5626 narrasset
3006 5572 3186 5642 ipsum
3210 5573 3406 5638 visum,
3436 5574 3488 5626 et
3511 5585 3604 5641 ego
3637 5571 3714 5625 ad
3742 5572 3804 5626 id
3830 5577 3947 5626 tra-
