4060 6352
100 317 208 369 149

92 440 225 494 here
249 454 499 509 conarer,
531 442 591 495 at
617 440 718 495 illa
756 456 812 496 se
848 445 1033 511 potius
1072 457 1179 498 non
1216 442 1524 513 desperaret
1558 447 1808 513 futuram

85 543 206 583 esse
236 529 393 598 quod
426 545 602 596 eram;
634 531 884 585 continuo
913 532 1029 585 sine
1052 531 1241 600 aliqua
1278 533 1630 601 haesitatione,
1662 536 1801 603 Non,

88 620 325 685 inquit:
357 634 464 672 non
476 620 618 673 enim
644 620 783 673 mihi
810 618 1012 674 dictum
1027 625 1124 686 est,
1151 621 1253 676 Ubi
1274 623 1385 688 ille,
1414 618 1494 675 ibi
1507 626 1558 676 et
1578 627 1663 689 tu;
1686 623 1801 691 sed,

94 706 201 759 Ubi
230 711 320 776 tu,
352 707 432 761 ibi
449 711 501 761 et
527 708 619 762 ille
644 706 827 777 (Ibid.,
861 708 956 763 lib.
991 710 1045 775 3,
1076 724 1196 778 cap.
1230 713 1312 770 11,
1341 725 1436 765 nn.
1471 713 1557 777 19,
1596 712 1707 782 20).
1744 711 1803 766 Id

92 810 313 850 novem
353 795 536 851 ferme
566 812 746 850 annos
785 801 916 851 ante
957 796 1113 852 illius
1156 797 1633 867 emendationem,
1674 816 1803 870 qua:

90 883 201 937 sub
234 900 502 939 mensem
543 890 850 956 augustum
880 885 1017 941 anni
1052 887 1433 942 trecentesimi
1471 889 1804 961 octogesimi

86 971 242 1026 sexti
273 972 541 1045 contigit,
586 973 942 1045 proindeque
973 979 1226 1030 extremo
1256 976 1478 1032 circiter
1517 981 1799 1032 trecente-

84 1059 241 1114 simo
296 1062 723 1133 septuagesimo
760 1066 916 1117 sexto
948 1063 1160 1118 factum
1200 1068 1303 1120 est.
1338 1067 1446 1120 Per
1474 1065 1583 1120 hoc
1630 1081 1799 1120 omne

85 1149 349 1218 spatium
388 1149 560 1205 vidua
604 1150 703 1205 illa
731 1156 902 1220 casta,
934 1152 1029 1223 pia
1071 1157 1128 1208 et
1164 1153 1371 1221 sobria,
1419 1170 1523 1224 pro
1550 1153 1669 1209 ﬁlio
1700 1170 1798 1225 ge-

88 1252 251 1291 mere
301 1238 461 1309 apud
500 1239 678 1293 Deum
726 1256 1025 1312 nunquam
1067 1241 1300 1297 destitit.
1353 1242 1575 1297 Etenim
1620 1242 1801 1297 vivida

90 1325 382 1380 factarum
413 1325 522 1380 sibi
556 1326 1002 1397 promissionum
1042 1328 1153 1383 ﬁde
1183 1328 1265 1383 ita
1293 1346 1352 1384 se
1382 1329 1506 1400 ipsa
1538 1328 1797 1385 stimula-

87 1413 203 1476 bat,
262 1418 334 1467 ut
378 1413 513 1468 inde
552 1430 670 1469 nou
708 1415 895 1470 solum
936 1432 1054 1471 non
1095 1417 1259 1472 ﬁeret
1304 1418 1551 1489 segnior,
1598 1432 1798 1472 verum

88 1500 268 1555 etiam
305 1501 529 1556 nullam
558 1502 816 1574 suspiriis
847 1502 1120 1575 quietem,
1152 1505 1371 1560 nullam
1405 1505 1633 1560 ﬁetibus
1673 1521 1795 1559 mo-

88 1605 236 1656 ram,
265 1590 499 1645 nullum
520 1591 757 1645 modum
778 1592 922 1646 votis
945 1608 1007 1645 ac
1026 1592 1289 1662 precibus
1306 1592 1683 1664 permitteret.
1718 1595 1796 1648 De

87 1678 381 1749 sanguine
411 1679 594 1735 cordis
624 1680 715 1735 sui
745 1681 857 1735 Deo
884 1698 990 1752 per
1015 1682 1291 1754 Iacrymas
1315 1682 1514 1737 diebus
1544 1698 1607 1737 ac
1625 1682 1797 1738 nocti-

86 1766 191 1820 bus
220 1783 333 1838 pro
363 1767 463 1822 illo
504 1768 855 1825 sacriﬁcabat
891 1770 1080 1839 (Ibid,
1121 1771 1214 1826 lib.
1250 1775 1300 1837 5,
1334 1787 1454 1840 cap.
1485 1775 1541 1838 ‘7,
1570 1786 1628 1825 n.
1664 1770 1791 1840 l3):

87 1871 263 1926 quem
312 1855 511 1911 divina
555 1857 945 1914 misericordia
978 1859 1220 1913 servavit
1261 1875 1441 1931 usque
1472 1858 1543 1914 ad
1585 1875 1794 1930 aquam

86 1942 316 2013 gratiae,
346 1960 465 2015 qua
484 1945 689 2000 eodem
708 1946 923 2016 abluto,
954 1946 1303 2003 siccarentur
1325 1947 1566 2002 ﬁumina
1585 1951 1793 2001 mater-

90 2047 299 2097 norum
322 2033 645 2101 oculorum,
666 2034 872 2105 quibus
897 2051 999 2106 pro
1020 2036 1136 2091 ﬁlio
1160 2036 1413 2108 quotidie
1438 2038 1550 2091 Deo
1571 2036 1796 2108 rigabat

92 2124 306 2174 terram
337 2121 446 2175 sub
472 2123 631 2176 vultu
660 2138 762 2177 suo
795 2122 982 2193 (lbid.,
1022 2140 1142 2194 cap.
1177 2127 1228 2190 8,
1274 2140 1327 2178 η.
1364 2123 1647 2195 15).Ροιϊο
1678 2139 1794 2177 non

88 2210 398 2261 contentus
428 2209 575 2263 Deus
594 2207 648 2263 ei
676 2209 929 2279 primum
959 2210 1064 2265 hoc
1092 2211 1302 2281 pignus
1330 2210 1537 2266 futurae
1566 2227 1794 2265 conver-

92 2295 269 2349 sionis
310 2296 623 2367 Augustini
651 2298 891 2367 dedisse,
925 2300 1146 2354 addidit
1182 2306 1239 2355 et
1268 2300 1421 2355 aliud
1453 2316 1556 2371 per
1575 2300 1792 2371 cpisco-

94 2400 231 2453 pum
249 2384 313 2439 in
334 2385 583 2440 Ecclesia
605 2386 882 2443 catholica
904 2388 1204 2455 nutritum,
1234 2388 1477 2460 atquein
1502 2387 1684 2444 Libris
1704 2387 1789 2442 di-

94 2471 238 2526 vinis
267 2473 668 2529 exercitatum.
716 2476 878 2542 Quem
916 2492 1035 2531 cum
1077 2478 1177 2532 illa
1204 2478 1410 2545 femina
1450 2475 1641 2546 inquit
1675 2478 1791 2530 Au-

92 2560 381 2630 gustinus,
439 2568 681 2630 rogasset
726 2569 787 2618 ut
831 2564 1151 2633 dignaretur
1197 2580 1399 2619 mecum
1446 2565 1695 2632 colloqui,
1743 2566 1793 2617 et

92 2651 337 2716 refellere
364 2666 572 2706 errores
613 2667 777 2720 meos,
810 2658 860 2708 et
888 2654 1139 2709 dedocere
1170 2669 1252 2708 me
1287 2654 1453 2720 mala,
1497 2668 1561 2707 ac
1609 2652 1793 2706 docere

94 2738 228 2791 bona
252 2739 517 2807 (faciebat
544 2742 677 2795 enim
705 2740 800 2796 hoc
827 2744 879 2796 si
895 2756 1025 2810 quos
1049 2743 1190 2809 forte
1220 2743 1431 2796 inoneos
1449 2740 1788 2806 invenisset);

93 2828 267 2882 notuit
303 2829 421 2894 ille,
456 2829 756 2898 prudenter
792 2844 938 2895 sane,
992 2835 1254 2899 quantum
1281 2831 1425 2885 sensi
1447 2832 1656 2898 postea.
1695 2829 1792 2882 Re-

90 2915 310 2982 spondit
339 2918 486 2970 enim
509 2932 590 2970 me
616 2917 794 2971 adhuc
823 2932 934 2972 esse
971 2918 1281 2984 indocilem,
1311 2933 1367 2971 eo
1397 2916 1541 2985 quod
1570 2918 1790 2983 inflatus

93 3018 255 3057 essem
283 3006 531 3059 novitate
558 3007 774 3060 heresis
803 3007 975 3071 illius,
1009 3010 1059 3060 et
1086 3006 1358 3060 nonnullis
1388 3003 1790 3074 quaastiunculis

88 3089 204 3155 jam
222 3092 427 3145 multos
452 3093 728 3161 imperitos
756 3094 1135 3161 exagitassem,
1162 3095 1303 3147 sicut
1327 3093 1425 3147 illa
1453 3091 1792 3145 indicaverat

95 3180 158 3231 ei.
198 3179 306 3234 Sed
360 3182 497 3242 sine,
530 3182 730 3249 inquit,
774 3180 929 3235 illum
967 3181 1066 3247 ibi,
1117 3185 1168 3236 et
1197 3185 1406 3235 tantum
1445 3195 1579 3247 roga
1603 3194 1705 3248 pro
1733 3193 1790 3232 eo

99 3268 415 3335 Dominum;
442 3270 557 3337 ipse
599 3268 816 3337 legendo
843 3271 1073 3338 reperiet
1113 3271 1235 3338 quis
1272 3270 1364 3324 ille
1404 3271 1478 3324 sit
1522 3283 1692 3334 error,
1740 3269 1790 3320 et

96 3360 301 3423 quanta
330 3358 609 3426 impietas.
647 3358 823 3413 Simul
847 3361 1007 3413 etiam
1034 3359 1306 3425 narravit,
1341 3373 1398 3413 se
1422 3372 1631 3428 quoque
1655 3371 1788 3425 par-

97 3444 276 3499 vulum
320 3460 358 3499 a
402 3444 623 3500 seducta
649 3450 823 3500 matre
861 3461 963 3501 sua
1000 3447 1189 3502 datum
1224 3448 1396 3514 fuisse
1452 3444 1787 3511 Manichzis,

96 3537 145 3586 et
185 3548 367 3588 omnes
405 3548 542 3603 pene
576 3549 681 3588 non
728 3534 919 3602 legisse
956 3539 1189 3605 tantum,
1228 3551 1413 3589 verum
1446 3536 1611 3589 etiam
1647 3532 1789 3586 scri-

98 3621 324 3686 ptitasse
354 3621 520 3676 libros
550 3637 767 3690 eorum;
808 3623 1018 3692 sibique
1052 3625 1372 3693 apparuisse
1414 3623 1561 3678 nullo
1604 3624 1791 3677 contra

98 3708 413 3779 disputante
431 3714 482 3765 et
509 3714 865 3780 convincente,
889 3728 1052 3782 quam
1067 3717 1201 3767 esset
1224 3713 1323 3767 illa
1346 3717 1491 3767 secta
1501 3711 1788 3780 fugienda,

103 3798 280 3865 itaque
305 3800 541 3867 fugisse.
572 3800 699 3867 Quz
724 3816 845 3855 cum
873 3802 963 3855 ille
1000 3801 1251 3868 dixisset,
1282 3806 1444 3870 atque
1491 3802 1592 3856 illa
1630 3802 1790 3856 nollet

102 3888 450 3954 acquiescere,
489 3889 584 3943 sed
618 3891 849 3944 instaret
880 3892 1053 3956 magis
1084 3890 1438 3959 deprecando,
1470 3894 1521 3943 et
1561 3889 1791 3944 ubertim

100 3975 286 4045 ﬂendo,
316 3981 383 4031 ut
410 3992 493 4031 me
520 3978 727 4032 videret
756 3982 806 4032 et
832 3993 1035 4032 mecum
1058 3978 1377 4045 dissereret;
1405 3980 1497 4033 ille
1510 3977 1634 4046 jam
1663 3978 1790 4032 sub-

102 4065 440 4119 slomachans
476 4066 654 4120 taedio.
699 4066 864 4132 Vade,
896 4068 1094 4134 inquit,
1132 4082 1165 4120 a
1206 4082 1315 4134 me;
1348 4069 1430 4121 ita
1454 4069 1639 4122 vivas:
1669 4064 1793 4137 ﬁeri

105 4166 202 4205 non
228 4157 410 4221 potest
444 4157 506 4207 ut
528 4152 684 4221 ﬁlius
727 4155 960 4209 istarum
1002 4156 1370 4226 lacrymarum
1399 4160 1607 4225 pereat.
1641 4155 1792 4221 Quod

107 4239 199 4293 illa
222 4243 305 4295 ita
324 4256 383 4296 se
421 4245 707 4312 accepisse,
736 4245 877 4297 inter
905 4244 1169 4313 colloquia
1188 4258 1289 4298 sua
1314 4259 1513 4298 mecum
1542 4258 1680 4313 sape
1707 4258 1791 4297 re-

107 4328 451 4398 cordabatur,
483 4345 547 4385 ac
588 4333 639 4386 si
668 4331 733 4385 de
760 4332 884 4386 cwlo
911 4332 1173 4386 sonuisset
1204 4330 1390 4402 (Ibid.,
1438 4331 1534 4387 lib.
1570 4334 1620 4398 3,
1669 4347 1789 4400 cap.

116 4419 190 4484 l2,
220 4435 275 4473 n.
308 4420 419 4489 2i).
453 4421 592 4475 Data
621 4425 755 4476 sunt
791 4420 845 4476 ei
883 4420 1157 4476 divinitus
1184 4419 1297 4475 alia
1325 4436 1554 4492 quoque
1585 4420 1793 4476 futurae

110 4504 205 4558 ﬁlii
233 4508 655 4563 emendationis
689 4508 1036 4576 testimonia,
1067 4526 1197 4581 quas
1225 4509 1323 4563 illa
1365 4508 1523 4564 ﬁdeli
1564 4513 1794 4580 pectore

112 4594 353 4664 tenebat,
397 4601 453 4651 et
495 4613 720 4669 semper
746 4613 915 4651 orans
953 4600 1227 4668 tanquam
1272 4596 1653 4667 chirographa
1682 4598 1796 4653 Deo

110 4696 205 4734 sua
230 4682 526 4754 ingerebat
546 4684 726 4755 (lbid.,
751 4685 852 4739 lib.
891 4688 946 4753 5,
976 4700 1097 4755 cap.
1130 4689 1183 4751 9,
1204 4700 1276 4741 η.
1306 4684 1409 4756 17).
1431 4685 1668 4750 Quando
1687 4688 1799 4740 Au-

113 4770 368 4837 gustinus
397 4772 521 4843 ipsa
556 4772 843 4828 incassum
870 4773 1153 4828 retinente
1184 4789 1248 4828 ac
1285 4773 1348 4828 in
1378 4773 1569 4828 littore
1598 4774 1798 4829 relicta

112 4858 393 4930 navigavit
422 4860 485 4915 in
521 4861 757 4925 Italiam,
795 4862 1065 4916 remansit
1103 4860 1203 4916 illa
1231 4861 1443 4916 orando
1485 4866 1541 4917 et
1585 4862 1793 4918 ﬂendo.

121 4946 177 4999 Et
204 4946 344 5016 quid
370 4965 406 5004 a
443 4955 496 5006 te
516 4950 752 5020 petebat,
781 4953 920 5006 Deus
934 4950 1102 5019 meus,
1138 4949 1330 5022 inquit
1359 4950 1476 5016 ille,
1510 4953 1681 5008 tantis
1716 4952 1799 5006 ta-

117 5038 323 5105 crymis,
340 5040 453 5093 nisi
474 5043 536 5093 ut
562 5041 822 5107 navigare
849 5055 931 5094 me
957 5055 1064 5095 non
1083 5042 1283 5094 sineres
1300 5038 1328 5095 7
1347 5039 1453 5096 Sed
1472 5043 1531 5094 tu
1552 5041 1661 5097 alte
1679 5056 1800 5096 con-

119 5122 307 5192 sulens,
326 5132 376 5181 et
394 5127 691 5182 exaudiens
718 5127 993 5183 cardinem
1012 5128 1273 5183 desiderii
1301 5128 1440 5198 ejus,
1467 5144 1575 5184 non
1593 5131 1801 5184 curasti

121 5213 255 5276 quod
274 5218 399 5270 tunc
422 5216 656 5285 petebat,
686 5220 748 5271 ut
772 5218 828 5270 in
856 5232 938 5271 me
963 5218 1175 5284 faceres
1204 5216 1348 5286 quod
1362 5232 1567 5287 semper
1583 5218 1802 5289 petebat

125 5298 310 5370 (Ibid.,
341 5319 461 5373 cap.
507 5306 562 5371 8,
608 5320 666 5359 n.
719 5303 820 5374 l5).
855 5306 1142 5375 Appulsus
1171 5305 1410 5360 Romam
1448 5306 1800 5375 Augustinus

142 5402 361 5455 gravem
398 5392 461 5447 in
508 5392 774 5447 morbum
802 5392 1021 5461 incidit,
1065 5397 1099 5447 ἐι
1129 5410 1242 5465 quo
1287 5394 1551 5464 precibus
1580 5394 1797 5461 matris,

132 5473 253 5530 licet
283 5478 458 5549 ipsius
487 5481 807 5551 periculum
847 5481 1182 5548 nescientis;
1205 5481 1511 5536 liberatnm
1538 5497 1597 5536 se
1627 5481 1799 5553 proﬁ-

132 5566 285 5621 tetur.
317 5566 375 5623 Si
401 5585 534 5625 vero
564 5567 893 5640 contigisset
918 5568 1081 5625 illum
1111 5568 1171 5624 in
1209 5570 1431 5637 haeresi,
1462 5585 1635 5641 quam
1677 5574 1803 5627 tum

1539 324 1755 383 LIBER
1795 322 2181 384 SECUNDUS.

3512 336 3617 389 150

1914 447 2251 515 sectabatur,
2284 451 2533 503 mortem
2561 448 2740 517 obire,
2770 464 2933 505 casus
2959 450 3055 506 ille
3084 449 3242 506 cordi
3266 451 3467 508 matris
3494 457 3614 510 tam

1914 536 2093 592 altum
2121 537 2329 593 vulnus
2349 537 2672 606 inﬁixisset,
2696 542 2762 593 ut
2786 539 3011 594 nullum
3032 539 3258 611 reliquo
3279 540 3410 596 vita:
3430 542 3612 597 curri—

1913 626 2040 680 culo
2068 625 2336 681 solatium
2356 630 2504 681 esset
2523 626 2867 683 admissura.
2896 628 3092 699 Neque
3110 627 3263 683 enim
3293 628 3404 683 dici
3423 634 3615 700 potest

1913 736 2026 791 qua
2054 720 2331 776 charitate
2360 720 2546 776 ﬁlium
2575 723 3081 793 complectebatur,
3103 727 3385 794 quantove
3406 723 3613 795 majori

1911 808 2291 864 sollicitudine
2322 825 2454 865 eum
2484 811 2838 881 parturiebat
2856 811 3084 882 spiritu,
3114 827 3287 882 quam
3317 828 3484 866 carne
3507 828 3610 883 pe-

1855 926 1861 931 -
1909 902 2156 967 pererat.
2204 900 2324 954 Non
2369 900 2555 967 itaque
2590 899 2760 961 video,
2814 898 2895 953 ait
2941 899 3317 970 Augustinus,
3348 901 3609 970 quomodo

1908 990 2216 1053 sanaretur,
2246 989 2296 1041 si
2322 1002 2444 1043 mea.
2465 988 2590 1042 talis
2606 988 2706 1042 illa
2730 1002 2873 1042 mors
2893 988 3375 1044 transverberasset
3401 991 3612 1044 viscera

1908 1073 2210 1129 dilectionis
2237 1077 2352 1145 ejus
2376 1075 2559 1145 (Ibid,
2580 1091 2702 1145 cap.
2727 1078 2777 1142 9,
2814 1091 2905 1131 nn.
2945 1078 3029 1136 16,
3067 1076 3173 1147 17).
3199 1076 3306 1131 Diu
3337 1092 3395 1131 se
3428 1092 3463 1131 a
3488 1077 3608 1132 ﬁlio

1908 1161 2159 1231 separari
2188 1178 2304 1216 non
2344 1162 2507 1230 tulit;
2551 1163 2646 1218 sed
2689 1162 2901 1233 pietate
2948 1162 3133 1231 fortis,
3175 1163 3317 1218 nihil
3364 1164 3610 1220 arduum

1906 1252 2048 1313 rata,
2071 1264 2204 1303 eum
2234 1253 2386 1304 terra
2413 1250 2674 1321 marique
2702 1256 2896 1306 secuta
2916 1256 3018 1314 est,
3046 1267 3112 1305 ac
3138 1251 3371 1306 tandem
3400 1252 3604 1307 Medio—

1906 1335 2043 1405 lani,
2076 1351 2252 1407 quam
2277 1336 2340 1390 in
2359 1338 2563 1392 urbem
2580 1338 2819 1393 docendi
2834 1354 3004 1393 causa
3031 1356 3181 1394 anno
3207 1339 3605 1396 trecentesimo

1906 1424 2254 1494 octogesimo
2284 1429 2489 1496 quarto
2517 1442 2576 1480 se
2605 1428 2944 1495 contulerat,
2976 1431 3232 1483 assecuta
3260 1428 3446 1499 (lbid.,
3477 1444 3600 1498 cap.

1911 1514 1994 1580 l3,
2025 1528 2077 1567 η.
2102 1512 2211 1580 23).
2246 1512 2432 1568 Divini
2462 1513 2660 1569 auxilii
2677 1514 2890 1570 ﬁducia
2904 1516 3227 1586 periculum
3246 1517 3472 1572 nullum
3489 1532 3605 1572 non

1903 1600 2323 1670 contemnebat,
2370 1601 2510 1657 adeo
2559 1607 2621 1658 ut
2658 1619 2760 1674 per
2808 1604 3030 1659 marina
3066 1604 3401 1659 discrimina
3444 1603 3602 1676 ipsos

1902 1692 2124 1756 nautas,
2160 1706 2193 1744 a
2222 1688 2431 1761 quibus
2468 1691 2736 1746 solatium
2765 1691 3026 1747 adhiberi
3057 1692 3201 1747 solet
3223 1692 3295 1747 iis
3321 1709 3467 1764 quos
3498 1709 3601 1747 na-

1902 1775 2414 1848 vigandijnsuetos
2444 1778 2703 1833 exoriens
2732 1780 2982 1850 procella
3015 1780 3329 1851 perturbat,
3360 1779 3483 1851 ipsa
3513 1796 3604 1834 so-

1901 1864 2136 1933 larctur,
2167 1866 2443 1937 pollicens
2472 1867 2555 1921 eis
2583 1868 3015 1938 perventionem
3048 1883 3181 1922 eum
3207 1868 3419 1935 salute;
3464 1867 3605 1940 quia

1902 1953 2011 2007 hoc
2040 1954 2094 2008 ei
2117 1955 2263 2008 Deus
2291 1970 2397 2025 per
2415 1955 2600 2010 visum
2619 1959 2740 2010 erat
2758 1955 3047 2027 pollicitus
3073 1955 3255 2026 (Ibid.,
3286 1956 3383 2011 lib.
3401 1959 3453 2017 6,
3476 1971 3599 2026 cap.

1907 2044 1957 2107 1,
1989 2057 2044 2096 n.
2074 2042 2147 2111 1).
2182 2041 2390 2097 Filium
2408 2042 2669 2111 offendit,
2696 2042 2767 2097 ob
2793 2043 3250 2114 desperationem
3271 2043 3604 2100 inveniendi

1900 2128 2041 2196 veri,
2074 2145 2191 2184 non
2220 2129 2583 2185 mediocriter
2600 2130 3042 2200 periclitantem.
3076 2131 3183 2187 Sed
3210 2134 3452 2187 tamenet
3481 2147 3602 2187 cum

1899 2217 2246 2288 iudicassem,
2289 2218 2368 2273 ait
2408 2218 2786 2290 Augustinus,
2830 2235 2937 2274 non
2966 2235 3046 2274 me
3096 2220 3315 2288 quidem
3330 2222 3455 2290 jam
3491 2235 3602 2276 esse

1897 2305 2271 2372 Manio/laeum,
2318 2306 2415 2361 sed
2453 2321 2622 2376 neque
2665 2308 3003 2362 catholicum
3032 2307 3413 2375 christianum,
3462 2324 3590 2376 non,

1901 2396 2063 2463 quasi
2081 2396 2422 2465 inopinatum
2444 2395 2660 2465 aliquid
2683 2396 2940 2465 audierit,
2966 2398 3209 2452 exsilivit
3230 2397 3449 2463 latitia;
3481 2412 3602 2452 cum

1892 2483 2015 2551 jam
2033 2498 2221 2537 secura
2233 2485 2382 2552 ﬁeret
2404 2499 2472 2538 ea:
2500 2500 2561 2538 ea
2576 2488 2737 2554 parte
2746 2486 2975 2540 miseriae
2993 2500 3138 2552 mea,
3161 2486 3219 2539 in
3239 2500 3348 2554 qua
3372 2500 3455 2539 me
3475 2488 3601 2539 tan-

1899 2586 2063 2640 quam
2083 2575 2374 2637 mortuum,
2399 2571 2494 2626 sed
2512 2572 2946 2627 resuscitandum
2972 2572 3075 2627 tibi
3096 2573 3280 2641 flebat,
3319 2576 3371 2627 et
3396 2574 3598 2639 feretro

1900 2660 2242 2725 cogitationis
2274 2659 2546 2729 etferebat,
2587 2664 2648 2715 ut
2686 2661 2887 2715 diceres
2933 2661 3046 2730 ﬁlio
3084 2660 3299 2715 vidua:
3343 2661 3595 2731 Iuvenis,

1898 2745 2004 2800 tibi
2033 2746 2180 2810 dico,
2209 2762 2377 2818 surge
2399 2746 2556 2817 (Luc.
2596 2765 2690 2815 vn,
2722 2750 2807 2814 14,
2841 2748 2923 2819 15)
2946 2764 2960 2815 ;
2982 2752 3033 2802 et
3050 2750 3412 2815 revivisceret,
3439 2752 3489 2803 et
3515 2750 3598 2803 in-

1848 2852 1851 2855 ·
1898 2837 2096 2903 ciperet
2124 2836 2291 2904 loqui,
2336 2839 2387 2889 et
2416 2835 2656 2890 traderes
2698 2837 2852 2890 illum
2896 2838 3064 2891 matri
3089 2852 3220 2891 suae.
3266 2837 3434 2894 Nulla
3473 2852 3598 2904 ergo

1900 2922 2209 2977 turbulenta
2236 2923 2597 2977 exsultatione
2627 2923 2927 2992 trepidavit
2946 2940 3035 2978 cor
3058 2924 3195 2993 ejus,
3220 2939 3340 2978 cum
3358 2924 3599 2979 audisset

1898 3026 1965 3064 ea)
1991 3014 2144 3064 tanta
2164 3015 2327 3080 parte
2347 3010 2469 3079 jam
2492 3013 2724 3078 factum,
2747 3011 2892 3079 quod
2924 3012 3026 3065 tibi
3044 3011 3284 3080 quotidie
3298 3012 3600 3081 plangebat

1897 3102 1957 3152 ut
1983 3097 2168 3168 ﬁeret;
2207 3100 2489 3153 veritatem
2517 3114 2598 3153 me
2635 3098 2873 3153 nondum
2920 3098 3201 3168 adeptum,
3232 3099 3328 3155 sed
3353 3100 3601 3167 falsitati

1890 3186 2013 3256 jam
2040 3190 2310 3256 ereptum:
2337 3188 2445 3241 imo
2470 3202 2592 3241 vero
2621 3188 2754 3257 quia
2770 3191 2916 3242 certa
2946 3190 3083 3253 erat,
3112 3190 3164 3240 et
3191 3186 3336 3254 quod
3352 3187 3599 3244 restabat

1898 3278 1947 3329 te
1979 3275 2254 3343 daturum,
2297 3276 2394 3345 qui
2420 3279 2588 3329 totum
2615 3276 2942 3344 promiseras
2967 3293 2983 3341 ;
3010 3275 3384 3344 placidissime
3410 3279 3463 3329 et
3486 3290 3582 3344 pe-

1898 3366 2039 3416 ctore
2052 3363 2211 3431 pleno
2231 3362 2446 3431 ﬁduciae
2481 3362 2760 3431 respondit
2782 3362 2939 3430 mihi,
2967 3362 3177 3417 credere
3200 3376 3255 3420 se
3283 3363 3340 3416 in
3358 3362 3592 3430 Christo,

1899 3450 2043 3520 quod
2073 3453 2397 3520 priusquam
2425 3450 2491 3504 de
2519 3451 2618 3505 hac
2651 3452 2767 3504 vita
2795 3453 3104 3519 emigraret,
3134 3465 3217 3505 me
3243 3452 3433 3505 visura
3457 3454 3592 3506 esset

1896 3539 2103 3609 ﬁdelem
2131 3539 2470 3593 catholicum.
2501 3539 2567 3593 Ft
2614 3538 2709 3593 hoc
2755 3538 2973 3608 quidem
3010 3538 3170 3594 mihi.
3230 3538 3351 3593 Tibi
3390 3543 3592 3605 autem,

1895 3629 2020 3694 fons
2062 3625 2574 3695 misericordiamm,
2600 3641 2782 3695 preces
2812 3630 2863 3681 et
2902 3627 3173 3697 lacrymas
3202 3625 3493 3693 densiores,
3533 3631 3595 3681 ut

1897 3716 2216 3771 accelerares
2261 3714 2595 3783 adjutorium
2639 3718 2809 3780 tuum,
2857 3718 2907 3769 et
2955 3716 3293 3769 illuminares
3351 3715 3593 3770 tenebras

1898 3819 2073 3869 meas;
2121 3808 2171 3858 et
2195 3804 2489 3858 studiosius
2515 3803 2591 3857 ad
2618 3804 2893 3858 ecclesiam
2922 3818 3154 3869 currere,
3187 3809 3238 3858 et
3273 3805 3333 3858 in
3358 3803 3592 3857 Ambro-

1897 3894 2039 3946 sium
2083 3906 2181 3946 ora
2217 3890 2497 3959 suspendi,
2525 3889 2600 3943 ad
2626 3890 2830 3956 fontem
2864 3891 3109 3945 salientis
3138 3905 3293 3958 aqua
3327 3891 3387 3943 in
3422 3891 3594 3943 vitam

1897 3985 2171 4034 mternam.
2210 3978 2483 4045 Diligebat
2531 3982 2711 4032 autem
2739 3978 2896 4032 illum
2940 3979 3119 4032 virum
3164 3979 3304 4032 sicut
3345 3978 3596 4043 angelum

1898 4067 2021 4134 Dei;
2055 4067 2199 4138 quod
2219 4083 2319 4137 per
2345 4067 2501 4121 illum
2528 4070 2848 4135 cognoverat
2868 4081 2949 4120 me
2977 4068 3204 4121 interim
3223 4065 3298 4119 ad
3316 4065 3466 4121 illam
3490 4080 3591 4120 an-

1856 4178 1871 4193 ι
1898 4158 2110 4225 cipitem
2148 4157 2548 4223 ﬂuctuationem
2576 4155 2699 4224 jam
2745 4169 2856 4209 esse
2891 4154 3230 4223 perductum,
3273 4169 3374 4223 per
3420 4168 3588 4222 quam

1900 4247 2258 4300 transiturum
2285 4258 2366 4298 me
2392 4242 2461 4297 ab
2502 4241 2823 4310 aegritudine
2851 4242 2926 4298 ad
2969 4244 3278 4309 sanitatem,
3326 4243 3591 4297 interutr-

1899 4338 2047 4388 rente
2066 4334 2298 4387 arctiore
2319 4333 2558 4402 periculo
2583 4347 2598 4399 ;
2630 4332 2792 4402 quasi
2805 4346 2906 4401 per
2929 4332 3278 4386 accessionem
3302 4345 3466 4400 quam
3493 4331 3596 4384 cri-

1903 4426 2061 4478 ticam
2089 4421 2285 4477 medici
2310 4424 2522 4489 vocant,
2554 4425 2700 4476 certa
2729 4419 3087 4490 praesumebat
3117 4419 3378 4491 (Confess.
3412 4418 3507 4473 lib.
3537 4420 3593 4483 6,

1900 4525 2021 4580 cap.
2062 4512 2111 4576 1,
2142 4526 2197 4564 n.
2230 4508 2304 4580 1).
2336 4509 2612 4564 Votorum
2641 4508 2873 4563 tandem
2895 4523 3128 4578 compos
3156 4507 3380 4562 circiter
3416 4521 3596 4577 augu-

1902 4603 2052 4653 stum
2081 4613 2339 4652 mensem
2360 4596 2498 4651 anni
2525 4595 2908 4653 trecentesimi
2936 4595 3268 4668 octogesimi
3284 4594 3423 4649 sexti
3448 4594 3598 4649 facta

1901 4691 1987 4741 est
2014 4687 2180 4741 beata
2209 4683 2396 4752 vidua,
2419 4701 2550 4740 cum
2579 4690 2828 4752 catenas,
2860 4683 3066 4756 quibus
3086 4689 3143 4740 et
3168 4683 3388 4739 mundo
3408 4686 3466 4738 et
3490 4682 3599 4737 sibi

1902 4773 2278 4845 colligabatur
2294 4774 2668 4844 Augustinus,
2700 4773 2881 4845 gratia
2920 4772 3127 4829 Christi
3151 4770 3474 4828 liberatoris
3503 4771 3599 4826 ab-

1904 4865 2078 4937 rupit.
2121 4865 2353 4923 Matrem
2382 4863 2479 4917 ille
2513 4861 2814 4917 confestim
2858 4860 3057 4932 adivit,
3098 4876 3226 4932 quae
3256 4860 3365 4915 hoc
3402 4857 3598 4914 audito

1904 4954 2093 5009 laetata
2119 4956 2231 5018 est;
2262 4966 2509 5018 cumque
2534 4950 2691 5005 idem
2720 4954 2900 5005 totam
2926 4948 3012 5004 rei
3031 4947 3237 5004 seriem
3268 4947 3595 5020 explicaret,

1905 5041 2221 5095 exsultabat
2249 5039 2370 5106 illa,
2399 5042 2454 5093 et
2479 5037 2891 5110 triumphabat,
2917 5042 2976 5093 et
2995 5036 3367 5093 benedieebat
3394 5038 3597 5101 Deum,

1905 5129 2006 5200 qui
2034 5132 2243 5200 potens
2279 5131 2365 5183 est
2407 5126 2557 5183 ultra
2599 5142 2773 5198 quam
2810 5126 3056 5198 petimus
3085 5131 3185 5181 aut
3227 5123 3602 5195 intelligimus

1904 5218 2087 5271 facere
2117 5232 2131 5271 :
2154 5215 2369 5287 quippe
2400 5230 2530 5287 quas
2555 5219 2817 5270 cerneret
2844 5213 2953 5269 sibi
2980 5215 3162 5269 multo
3190 5214 3319 5284 plus
3345 5227 3449 5281 pro
3478 5208 3606 5285 ﬁlio.

1905 5320 2235 5359 concessum
2265 5304 2462 5374 fuisse,
2504 5320 2677 5375 quam
2726 5303 2848 5375 ipsa
2879 5302 3186 5375 gemitibus
3228 5316 3293 5355 ac
3337 5294 3602 5368 lacrymis

1906 5399 2098 5464 petere
2139 5392 2301 5447 solita
2328 5397 2467 5447 erat.
2490 5392 2543 5446 Is
2570 5391 2725 5446 enim
2750 5391 2829 5446 ita
2865 5391 3198 5462 resipuerat,
3239 5392 3304 5441 ut
3323 5382 3599 5441 ducendas
3686 5438 3689 5441 ,

1908 5480 2098 5535 uxoris
2135 5479 2542 5552 cogitationem
2571 5477 2802 5549 penitus
2821 5476 3107 5547 abjiceret,
3142 5478 3199 5527 et
3237 5486 3469 5525 omnem
3499 5485 3602 5524 sm-

1910 5568 2026 5625 culi
2053 5568 2222 5639 hujus
2242 5584 2401 5639 spem
2426 5567 2777 5640 proculcaret
2807 5582 2820 5620 :
2846 5565 2967 5635 jam
2997 5568 3149 5617 stans
3163 5559 3437 5616 immotus
3455 5557 3517 5615 in
3537 5574 3605 5614 ea
