4060 6348
420 313 512 368 151
1639 305 1813 363 VITA
1863 305 1920 362 S.
1965 304 2119 363 AUG‘

2296 305 2357 361 Ἣ
2396 303 2736 362 EPISCOPl.
3842 304 3936 357 152

418 433 616 505 regula
644 431 802 499 fidei,
835 430 893 486 in
911 445 1029 502 qua
1054 445 1186 485 eum
1217 443 1407 483 secum
1429 427 1738 501 aliquando
1752 428 2009 484 futurum
2038 431 2125 483 tot

424 521 589 577 annis
642 523 829 575 mater
884 517 1225 574 i'evelatione
1274 515 1468 575 divina
1509 520 1869 589 cognoverat.
1919 518 1999 572 Ac
2045 518 2124 572 sic

420 611 700 683 lacrymas
721 624 854 663 suas
892 608 952 663 in
980 608 1338 679 voluptatem
1359 607 1542 661 multo
1570 622 1743 678 quam
1771 605 1878 660 sibi
1904 605 2120 677 promi-

425 704 578 754 serat
619 698 945 754 uberiorem
990 700 1241 752 mutatas
1284 695 1479 761 sensit,
1515 711 1757 766 eamque
1800 695 1982 750 multo
2012 695 2121 749 sibi

424 786 745 843 chariorem
793 789 850 840 et
893 784 1216 851 castiorem,
1249 799 1423 856 quam
1466 782 1515 838 si
1552 783 1670 839 filio
1700 782 1929 850 liberos,
1976 799 2122 854 quos

424 878 670 948 optarat,
701 874 761 930 in
784 873 1044 946 legitimo
1069 872 1338 945 conjugio
1368 871 1599 927 vidisset
1614 871 1905 944 procreari
1937 872 2117 943 (Ibid.,

425 965 518 1020 lib.
552 966 608 1033 8,
638 978 759 1034 cap.
796 966 882 1027 l2,
910 977 967 1017 n.
1002 962 1113 1033 30).

491 1058 549 1108 5.
599 1053 737 1107 Cum
795 1050 1146 1123 Augustinus
1193 1053 1326 1121 post
1374 1063 1537 1105 suam
1592 1048 2014 1105 conversionem
2060 1066 2119 1105 se

420 1158 552 1198 cum
581 1141 698 1195 suis
731 1140 791 1195 in
829 1140 1020 1195 villam
1060 1138 1432 1195 Cassiciacum
1462 1137 1697 1209 recepit,
1726 1138 1815 1193 his
1843 1136 1901 1192 in
1932 1155 1999 1193 eo
2030 1156 2117 1194 se-

421 1245 580 1284 cessu
610 1227 877 1283 comitem
909 1242 970 1281 se
995 1242 1226 1298 quoque
1256 1226 1517 1297 adjunxit
1542 1226 1818 1293 Monnica,
1853 1226 2120 1282 muliebri

422 1317 661 1390 quidem
707 1316 931 1383 habitu,
963 1315 1060 1369 sed
1089 1314 1238 1369 virili
1285 1314 1420 1381 ﬁde,
1449 1313 1587 1369 anili
1618 1314 1943 1383 securitate,
1989 1331 2116 1370 ma—

420 1411 582 1461 terna
625 1405 923 1472 charitatc,
973 1402 1281 1459 christiana
1328 1402 1539 1474 pietate
1592 1407 1869 1475 praestans
1926 1405 2114 1474 (Ibid,

421 1496 515 1550 lib.
567 1498 619 1562 9,
653 1510 772 1565 cap.
805 1495 857 1557 4,
903 1509 958 1547 n.
1012 1494 1082 1563 8).
1124 1491 1209 1547 Ibi
1256 1492 1662 1564 philoso‘phicis
1704 1508 1903 1548 eorum
1942 1495 2116 1548 collo-

421 1583 591 1655 quiis,
625 1582 1048 1656 quantumlibet
1085 1580 1356 1637 sublimia
1395 1581 1495 1637 illa
1533 1586 1741 1650 essent,
1781 1580 1956 1637 etiam
1994 1582 2115 1653 ipsa

417 1666 714 1721 intererat.
768 1667 1025 1736 Cumque
1069 1664 1259 1720 idibus
1304 1664 1629 1719 novembris
1674 1666 1745 1721 de
1789 1665 1958 1722 beata
2004 1668 2116 1721 vita

418 1753 825 1825 disputaretur,
854 1751 1114 1819 asseruit,
1145 1752 1303 1806 nulla
1331 1768 1394 1807 re
1410 1751 1523 1807 alia
1550 1752 1623 1806 ali
1645 1752 1922 1824 animam,
1941 1770 2115 1826 quam

418 1842 709 1897 intellectu
738 1856 932 1896 rerum
968 1845 1025 1895 et
1060 1840 1327 1908 scientia;
1376 1856 1563 1913 neque
1602 1858 1952 1915 quemquam
1996 1860 2116 1898 esse

416 1947 582 2005 posse
610 1931 862 1994 beatum,
894 1929 1035 2002 quin
1053 1929 1206 1983 idem
1231 1934 1290 1984 et
1319 1929 1533 1984 bonum
1551 1931 1736 1997 vellet,
1761 1936 1819 1987 et
1846 1932 2112 1988 haberet:

418 2022 480 2076 Si
507 2020 661 2086 bona,
692 2020 1007 2091 inquiebat,
1037 2020 1169 2074 velit
1195 2026 1245 2073 et
1274 2019 1487 2087 habeat,
1518 2019 1702 2073 beatus
1723 2024 1828 2087 est;
1863 2022 1914 2074 si
1937 2025 2116 2074 autem

416 2110 568 2163 mala
600 2110 746 2178 velit,
781 2110 1031 2178 quamvis
1061 2107 1275 2176 habeat,
1314 2109 1476 2162 miser
1503 2108 1728 2173 cst.Qua
1763 2108 1824 2162 in
1864 2124 1926 2162 re
1956 2109 2113 2163 aftir-

418 2197 596 2252 mavit
633 2196 1004 2277 Augustinus.
1037 2195 1193 2250 illam
1235 2211 1524 2250 summum
1571 2195 1952 2267 philosophiae
1990 2196 2113 2267 api-

420 2302 544 2341 cem
596 2285 876 2356 attigisse;
932 2300 1038 2339 nec
1102 2284 1214 2354 ipsi
1271 2283 1551 2352 Ciceroni,
1607 2284 1653 2338 si
1717 2300 1825 2354 par
1870 2285 2113 2339 elocutio

419 2372 714 2441 adfuisset,
749 2373 1063 2445 quidquam
1086 2388 1483 2428 concessuram
1513 2372 1711 2428 fuisse.
1752 2372 1966 2428 Deinde
1992 2376 2116 2445 pul-

420 2461 768 2518 cherrimum
796 2478 864 2517 ex
894 2460 1194 2517 Hortensio
1226 2461 1397 2533 hujus
1425 2461 1663 2515 oratoris
1691 2462 1879 2517 locum
1914 2463 2113 2517 recita-

418 2551 535 2607 vit:
565 2553 631 2607 In
670 2551 865 2621 quibus
909 2550 1085 2605 verbis
1137 2549 1346 2622 inquit,
1390 2551 1489 2604 illa
1528 2552 1606 2605 sic
1650 2551 2009 2619 exclamabat,
2056 2556 2115 2607 ut

421 2640 577 2695 obliti
601 2641 817 2710 penitus
843 2654 1004 2694 sexus
1024 2640 1161 2710 ejus,
1189 2654 1446 2708 magnum
1474 2640 1711 2709 aliquem
1733 2642 1910 2695 virum
1936 2643 2117 2695 consi-

421 2729 546 2783 dere
574 2728 849 2783 nobiscum
878 2728 1208 2783 crederemus
1225 2745 1237 2795 ;
1257 2744 1339 2783 me
1353 2730 1571 2783 interim
1596 2735 1859 2799 quantum
1868 2735 2115 2799 poteram

420 2817 773 2885 intelligente,
801 2832 868 2871 ese
898 2832 1002 2887 quo
1030 2818 1129 2871 illa
1156 2821 1207 2871 et
1236 2832 1399 2886 quam
1428 2817 1615 2873 divino
1642 2819 1792 2885 fonte
1832 2823 2117 2874 manarent

422 2905 518 2976 (De
546 2907 716 2960 Beata
760 2907 906 2970 Vita,
938 2905 1147 2977 disput.
1202 2908 1251 2974 1,
1281 2921 1374 2960 nn.
1419 2907 1473 2973 8,
1508 2904 1620 2975 10).
1668 2906 1873 2961 Eadem
1920 2911 2117 2979 postea

420 2994 644 3066 adjecit,
676 2993 842 3050 illum
877 2994 975 3066 qui
1013 2995 1098 3049 vel
1134 2994 1423 3050 universas
1465 2995 1671 3050 mundi
1698 2995 1996 3051 felicitates
2036 2996 2116 3051 ita

418 3081 757 3154 possideret,
798 3088 864 3137 ut
902 3098 1134 3138 securus
1163 3086 1311 3137 esset
1338 3098 1432 3137 eas
1462 3098 1520 3136 se
1549 3098 1844 3153 nunquam
1875 3082 2119 3137 amissu-

419 3187 572 3240 rum,
602 3175 796 3225 tamen
838 3186 968 3224 cum
994 3169 1110 3224 illis
1139 3169 1331 3223 satiari
1360 3185 1476 3223 non
1506 3175 1715 3240 posset,
1747 3186 1814 3224 eo
1853 3170 1976 3241 ipso
2015 3170 2118 3224 mi-

422 3274 615 3312 serum
661 3258 801 3325 fore,
862 3273 976 3329 quo
1024 3272 1252 3327 semper
1294 3261 1441 3311 esset
1494 3256 1769 3328 indigus:
1812 3272 1930 3311 non
1979 3272 2115 3327 ergo

422 3362 773 3418 quemquam
822 3345 935 3400 illis
990 3345 1180 3414 rebus,
1232 3345 1327 3399 sed
1377 3344 1555 3399 animi
1594 3345 1683 3399 sui
1729 3345 2117 3400 moderatione

421 3435 653 3490 beatum
682 3449 825 3488 esse.
859 3432 1078 3498 Quibus
1104 3430 1336 3499 auditis,
1365 3431 1512 3488 nihil
1541 3448 1667 3487 eam
1691 3448 1877 3503 neque
1905 3432 2115 3502 verius,

422 3538 611 3594 neque
647 3522 774 3594 ipsa
815 3520 1047 3594 dignius
1084 3519 1271 3577 dicere
1312 3520 1587 3592 potuisse,
1625 3520 1975 3591 Augustinus
2026 3538 2115 3575 re-

422 3611 656 3683 spondit
683 3610 873 3682 (lbid.,
901 3626 959 3665 n.
996 3610 1102 3681 11).
1135 3610 1273 3664 Cum
1304 3614 1497 3664 autem
1526 3610 1576 3665 ei
1600 3610 1919 3681 expositum
1948 3615 2114 3678 esset,

422 3700 661 3772 quinam
696 3703 885 3754 essent
925 3698 1268 3764 Academici,
1315 3700 1417 3754 Isti
1452 3699 1706 3767 homines,
1740 3697 1929 3771 inquit
1958 3701 2114 3755 Mon-

423 3788 570 3857 nica,
618 3789 903 3845 caducarii
948 3792 1117 3843 sunt:
1165 3802 1280 3858 quo
1324 3786 1559 3841 nomine
1602 3787 1770 3858 vulgo
1818 3786 2113 3854 vocabant,

423 3893 567 3949 quos
635 3876 942 3932 comitialis
1005 3875 1269 3930 'morbns
1335 3875 1689 3930 subverteret
1768 3875 1929 3945 (Ibid.
2008 3878 2111 3945 16).

423 3969 489 4022 ln
525 3966 809 4038 colloquio
839 3965 1012 4019 etiam
1049 3964 1327 4036 postridie
1357 3964 1550 4019 habito
1579 3963 1753 4018 verba
1793 3967 2112 4019 memoratu

422 4056 596 4128 digna
616 4055 873 4127 protulit.
904 4054 1094 4108 Tertio
1121 4057 1316 4107 autem
1355 4052 1449 4107 die
1476 4068 1607 4107 cum
1637 4056 2012 4123 quaereretur,
2046 4053 2114 4107 il-

420 4144 538 4198 line
557 4159 777 4210 omnes,
810 4141 912 4213 qni
931 4141 993 4195 in
1012 4145 1239 4195 terrena
1257 4140 1547 4209 felicitate,
1570 4156 1700 4194 cum
1720 4155 1945 4195 summo
1968 4141 2116 4196 bono

420 4232 739 4303 priventur,
789 4228 983 4285 miseri
1031 4232 1182 4293 sunt,
1229 4228 1457 4283 dicendi
1491 4244 1719 4300 quoque
1760 4228 1874 4283 sint
1910 4229 2112 4300 egeni:

422 4322 633 4388 Nescio,
663 4318 853 4390 inquit
879 4316 1151 4382 Monnica,
1182 4320 1233 4371 et
1253 4315 1492 4370 nondum
1505 4317 1662 4386 plene
1698 4318 1958 4386 intelligo,
1992 4334 2118 4388 quo-

421 4408 577 4464 modo
622 4407 690 4461 ab
728 4410 959 4474 egestate
994 4406 1170 4475 possit
1197 4406 1437 4473 miseria,
1482 4408 1579 4459 aut
1605 4409 1809 4473 egestas
1837 4421 1873 4459 a
1898 4408 2120 4461 miseria

421 4497 692 4567 separari.
718 4498 860 4553 Nam
883 4498 934 4549 et
962 4496 1081 4560 iste,
1104 4495 1202 4563 qui
1221 4493 1368 4548 dives
1389 4497 1440 4547 et
1462 4493 1692 4562 locuples
1733 4496 1869 4560 erat,
1895 4493 2113 4560 etnihil,

421 4591 482 4641 ut
511 4585 714 4653 dicitis,
746 4584 982 4653 amplius
1001 4581 1374 4648 desiderabat;
1407 4585 1584 4636 tamen
1604 4583 1737 4651 quia
1762 4582 2028 4637 metuebat
2055 4598 2120 4637 ne

422 4673 717 4741 amitteret,
749 4674 934 4742 egebat
954 4674 1244 4743 sapientia.
1273 4673 1483 4739 Ergone
1500 4672 1639 4726 hunc
1664 4675 1899 4740 egentem
1927 4671 2119 4726 dicere

421 4777 562 4831 mus,
594 4764 646 4818 si
668 4766 841 4830 egeret
871 4766 1093 4830 argento
1121 4766 1171 4816 et
1194 4763 1461 4831 pecunia;
1494 4776 1613 4815 cum
1632 4764 1806 4829 egeret
1820 4762 2115 4831 sapientia,

420 4866 528 4907 non
564 4850 906 4907 diceremus?
944 4849 1720 4921 Exclamaveruuﬂquotquot
1768 4849 2026 4917 aderant,
2060 4855 2119 4906 et

420 4939 636 4996 dictum
667 4938 811 4995 illud
840 4944 972 4995 sunt
1002 4938 1286 4995 admirati.
1328 4940 1453 5010 lpse
1483 4953 1617 4993 vero
1644 4937 2001 5009 Augustinus
2025 4954 2114 4993 so-

418 5028 697 5086 lutionem
727 5027 907 5096 illam,
946 5043 1120 5100 quam
1163 5044 1231 5083 ex
1270 5027 1741 5100 philosophorum
1781 5026 1939 5081 libris
1965 5026 2117 5098 peti-

418 5122 540 5174 tam
566 5116 743 5172 veluti
765 5116 1214 5189 pulcherrimam
1232 5115 1292 5171 in
1310 5116 1487 5171 ﬁnem
1505 5116 1850 5183 reservabat,
1875 5132 1907 5170 a
1934 5119 2115 5172 matre

419 5206 594 5263 fuisse
632 5204 949 5272 iuventam,
988 5221 1106 5260 non
1165 5203 1530 5259 mediocriter
1573 5204 1763 5258 laetus:
1819 5204 2113 5264 Videtisne:

419 5294 629 5368 inquit,
657 5294 815 5350 aliud
838 5309 951 5351 esse
973 5295 1173 5349 multas
1192 5296 1482 5362 variasque
1509 5292 1803 5361 doctrinas,
1826 5293 1982 5348 aliud
2003 5295 2116 5347 ani-

418 5400 566 5440 mum
585 5384 1011 5440 attentissimum
1042 5384 1101 5438 in
1128 5385 1294 5437 Deum
1312 5382 1340 5437 ?
1368 5384 1510 5439 Num
1532 5382 1675 5437 unde
1701 5384 1830 5449 ista,
1857 5397 1976 5451 quae
2005 5384 2113 5436 mi-

420 5488 628 5542 ramur,
663 5475 777 5528 nisi
822 5472 947 5528 inde
975 5472 1273 5543 procedunt
1296 5471 1324 5527 ‘l
1354 5471 1546 5542 (lbid.,
1595 5472 1803 5542 disput.
1823 5475 1875 5538 3,
1902 5487 1956 5525 η.
1999 5470 2112 5541 27.)

425 5559 585 5615 Circa
612 5560 844 5632 hujusce
871 5559 1273 5632 disputationis
1301 5559 1497 5625 tinem,
1530 5575 1660 5614 cum
1688 5560 1759 5615 ab
1795 5560 2114 5631 Augustino

2229 426 2524 483 Trinitatis
2555 425 2767 481 mentio
2807 425 3014 495 injecta
3050 423 3272 489 fuisset,
3311 423 3570 478 Monnica
3617 424 3932 495 recognitis

2231 516 2436 582 verbis,
2489 531 2620 587 quae
2675 531 2792 569 sum
2841 512 3136 568 memorias
3177 511 3408 584 penitus
3452 511 3835 578 inhaerebant,
3882 516 3939 568 et

2232 604 2393 677 quasi
2414 604 2689 676 evigilans
2717 604 2777 658 iu
2810 602 2985 658 ﬁdem
3005 618 3188 670 suam,
3212 616 3437 655 versum
3465 600 3643 668 ,illum
3670 602 3936 656 sacerdo-

2231 694 2304 749 tis
2355 692 2663 761 Ambrosii,
2706 695 2839 748 Fove
2879 696 3180 762 precantes,
3213 693 3479 759 Trinitas,
3538 691 3676 762 laeta
3709 690 3934 759 effudit,

2231 786 2401 853 atque
2443 780 2719 853 subjecit:
2761 783 2882 836 Hazc
2910 785 3007 849 est,
3048 781 3196 835 nullo
3234 779 3557 848 ambigente,
3592 780 3749 834 beata
3790 781 3932 845 vita,

2231 886 2350 941 quae
2376 873 2492 925 vita
2515 872 2761 940 perfecta
2779 874 2885 937 est;
2908 870 2982 924 ad
2999 884 3163 938 quam
3181 883 3277 923 nos
3295 870 3616 935 festinantes
3632 883 3788 938 posse
3802 883 3935 938 per-

2230 959 2358 1014 duci
2379 958 2555 1014 solida
2586 959 2710 1030 ﬁde,
2743 960 2918 1013 alacri
2944 973 3055 1029 spe,
3089 961 3359 1027 flagrante
3400 958 3687 1024 charitate,
3719 971 3932 1026 presu-

2229 1047 2478 1102 mendum
2503 1050 2583 1103 est
2623 1047 2811 1118 (Ibid,
2842 1063 2901 1101 n.
2952 1046 3059 1118 35).
3115 1046 3458 1117 Quanquam
3506 1045 3707 1100 matris
3744 1046 3931 1100 excel-

2229 1134 2351 1189 lens
2400 1133 2699 1206 ingenium
2723 1133 2843 1205 jam
2894 1136 3023 1187 ante
3070 1149 3136 1187 ex
3185 1132 3454 1187 diuturno
3492 1132 3756 1187 convictu
3801 1148 3933 1203 per-

2228 1221 2503 1293 spexisset
2559 1222 2957 1293 Augustinus;
3015 1220 3077 1275 in
3132 1221 3232 1275 illa
3286 1224 3483 1276 tamen
3536 1220 3930 1293 disputatione

2227 1314 2480 1365 mentem
2510 1310 2631 1381 ejus
2675 1309 2905 1381 agnovit
2941 1309 3085 1364 adeo
3117 1309 3423 1365 sublimem
3453 1314 3625 1381 atque
3656 1314 3927 1376 erectam,

2228 1401 2292 1452 ut
2318 1398 2690 1452 arbitraretur
2709 1414 2831 1453 esse
2860 1397 3174 1469 neminem,
3203 1398 3301 1470 qui
3317 1399 3414 1470 .ad
3456 1414 3645 1453 veram
3676 1398 3933 1469 philoso-

2224 1485 2417 1557 phiam
2465 1502 2533 1540 ea
2576 1486 2759 1557 magis
2788 1486 3025 1541 idoneus
3054 1486 3404 1557 reperiretur
3442 1488 3533 1558 (De
3576 1487 3782 1550 ordine,
3815 1488 3921 1545 lib.

2226 1577 2278 1643 2,
2311 1591 2367 1629 η.
2404 1575 2474 1646 1).
2508 1576 2867 1646 Quapropter
2893 1575 3097 1646 agebat
3124 1575 3261 1647 ipse,
3298 1579 3360 1630 ut
3387 1574 3485 1629 illa
3511 1573 3931 1647 philosophicis

2227 1664 2510 1735 ejusmodi
2563 1663 3082 1734 dissertationibus,
3135 1680 3265 1718 cum
3337 1663 3519 1718 otium
3574 1667 3927 1734 suppeteret,

2226 1769 2521 1825 nunquam
2551 1769 2667 1807 non
2694 1754 2935 1808 adesset.
2960 1754 3023 1808 In
3043 1752 3292 1808 secundo
3312 1752 3382 1807 de
3410 1751 3619 1808 Ordine
3638 1752 3928 1823 colloquio

2225 1842 2564 1912 przeclarum
2599 1842 2706 1896 hoc
2730 1842 2899 1896 effata
2929 1846 3051 1896 est:
3082 1844 3215 1910 Ego,
3250 1841 3458 1913 inquit,
3485 1856 3591 1896 non
3624 1845 3759 1910 puto
3788 1842 3930 1896 nihil

2222 1933 2459 2000 potuisse
2495 1936 2693 2002 praeter
2734 1933 2837 1987 Dei
2859 1931 3103 1986 ordinem
3138 1933 3286 1997 ﬁeri;
3338 1933 3472 1999 quia
3516 1933 3696 2000 ipsum
3721 1931 3931 1985 malum

2226 2019 2370 2088 quod
2393 2026 2583 2075 natum
2621 2024 2717 2087 est,
2756 2021 2904 2074 nullo
2933 2020 3088 2074 modo
3116 2021 3212 2074 Dei
3240 2019 3429 2074 ordine
3455 2024 3645 2073 natum
3674 2023 3752 2073 est
3778 2035 3793 2084 ;
3834 2018 3934 2074 sed

2224 2108 2321 2161 illa
2335 2108 2562 2177 justitia
2584 2107 2645 2161 id
2672 2108 3046 2162 inordinatum
3067 2123 3176 2161 esse
3203 2122 3309 2161 non
3336 2109 3485 2173 sivit,
3509 2109 3637 2161 etin
3656 2108 3764 2161 sibi
3777 2109 3934 2161 meri-

2226 2201 2339 2251 tum
2383 2197 2623 2252 ordinem
2653 2197 2862 2266 redegit
2888 2203 2938 2252 et
2966 2199 3225 2267 compulit
3248 2197 3455 2269 (Ibid,
3484 2213 3541 2251 n.
3569 2198 3678 2266 25).
3709 2196 3933 2262 Quibus

2224 2284 2409 2340 verbis
2436 2285 2493 2340 id
2523 2286 2747 2341 videtur
2785 2285 3106 2357 significare
3145 2286 3411 2355 voluisse,
3444 2285 3599 2357 quod
3627 2285 3772 2340 adeo
3804 2285 3930 2340 fre-

2226 2380 2468 2447 quenter
2504 2376 2885 2447 Augustinum
2914 2374 3125 2445 legenti
3154 2374 3421 2441 occurrit,
3445 2373 3711 2429 videlicet
3734 2376 3932 2427 aucto-

2227 2480 2347 2518 rem
2394 2465 2609 2535 peccati
2651 2466 2832 2519 Deum
2872 2479 2987 2517 non
3036 2479 3177 2532 esse,
3214 2462 3311 2518 sed
3357 2461 3763 2518 ordinatorem.
3810 2461 3930 2517 Sub

2226 2555 2542 2607 extremum
2588 2553 2733 2607 illud
2770 2551 3120 2623 colloquium
3171 2567 3298 2606 eam
3347 2550 3702 2622 Augustinus
3728 2550 3931 2606 laudat

2226 2640 2642 2712 compellatque
2676 2640 2736 2694 in
2782 2641 2935 2695 hunc
2964 2639 3198 2696 modum
3228 2656 3242 2695 :
3289 2641 3509 2696 Oremus
3545 2654 3692 2709 ergo,
3729 2655 3840 2694 non
3866 2644 3931 2693 ut

2226 2730 2375 2783 nobis
2405 2730 2631 2798 divitiae,
2665 2730 2747 2784 vel
2767 2729 3009 2797 honores,
3032 2730 3117 2784 vel
3141 2728 3454 2798 hujusmodi
3472 2744 3555 2783 res
3570 2731 3734 2797 flama:
3762 2732 3933 2799 atque

2225 2822 2495 2884 nutantes,
2528 2822 2578 2872 et
2611 2820 2798 2888 quovis
2826 2820 3105 2873 resistente
3133 2822 3488 2884 transeuntes,
3519 2816 3614 2871 sed
3637 2820 3698 2871 ut
3715 2831 3779 2871 ea
3799 2832 3936 2886 pro-

2225 2907 2463 2972 veniant,
2497 2921 2614 2975 qua
2638 2921 2734 2960 nos
2773 2906 2931 2961 bonos
2972 2907 3187 2973 faciant
3216 2921 3279 2960 ac
3318 2906 3513 2960 beatos.
3547 2905 3673 2972 Qua
3711 2910 3841 2960 vota
3868 2910 3934 2959 ut

2226 2996 2565 3051 devotissime
2594 2997 2924 3067 impleantur
2952 2996 3071 3062 tibi,
3104 2997 3340 3049 maaime
3368 2995 3463 3049 hoc
3481 2995 3773 3061 negotium,
3802 3010 3933 3048 ma-

2228 3088 2328 3151 ter,
2347 3084 2881 3155 injungimus;cujus
2910 3083 3159 3153 precibus
3180 3082 3557 3137 indubitanter
3594 3082 3749 3137 credo
3764 3086 3933 3153 atque

2226 3174 2474 3240 conﬁrmo
2499 3173 2637 3225 mihi
2665 3174 2825 3226 istam
2856 3175 3081 3225 mentem
3109 3173 3274 3225 Deum
3303 3169 3536 3238 dedisse,
3565 3175 3627 3224 ut
3650 3172 3933 3225 invenien-

2226 3259 2309 3313 da
2336 3261 2561 3315 veritati
2587 3260 2728 3313 nihil
2755 3261 2968 3314 omnino
3002 3273 3337 3329 praeponam,
3382 3259 3525 3312 nihil
3552 3258 3707 3312 aliud
3743 3260 3928 3325 velim,

2224 3348 2366 3402 nihil
2403 3350 2648 3416 cogitem,
2679 3348 2819 3402 nihil
2847 3363 3036 3403 amem.
3068 3349 3175 3405 Nec
3207 3346 3392 3401 desino
3432 3346 3664 3416 credere,
3696 3363 3793 3403 nec
3833 3349 3932 3403 hoc

2226 3441 2436 3491 tantum
2466 3437 2680 3503 bonum,
2725 3436 2871 3505 quod
2915 3441 2963 3491 te
2985 3439 3321 3507 prcmerente
3363 3438 3788 3506 concupivimus,
3831 3454 3925 3492 ea-

2226 3524 2345 3579 dem
2371 3529 2420 3578 te
2434 3529 2646 3594 petente
2668 3524 2960 3594 adepturos
2994 3524 3178 3591 (Ibid,
3216 3539 3279 3578 η.
3332 3526 3443 3592 52).
3482 3525 3791 3595 Postquam
3822 3543 3927 3580 au-

2225 3618 2342 3668 tem
2394 3612 2712 3684 baptizatus
2749 3612 2950 3669 fuisset
2992 3613 3348 3684 Augustinus
3394 3628 3526 3668 cum
3579 3613 3925 3685 quibusdam

2228 3700 2422 3756 amicis
2452 3706 2509 3756 et
2539 3701 2889 3770 necessariis,
2926 3702 3027 3774 qui
3071 3718 3187 3756 una
3219 3702 3341 3773 jam
3372 3701 3432 3756 in
3474 3703 3590 3757 Deo
3619 3703 3926 3759 consociati

2225 3790 2509 3860 vivebant,
2543 3790 2602 3845 in
2647 3791 2879 3846 illorum
2923 3791 3300 3846 contubernio
3358 3790 3544 3846 adhuc
3589 3790 3927 3863 aliquandiu

2226 3875 2361 3931 vixit
2388 3876 2683 3932 Monnica:
2718 3877 2925 3949 quibus
2958 3876 3225 3932 omnibus
3254 3880 3482 3932 tantum
3510 3892 3660 3932 cura;
3696 3878 3932 3934 adbibe-

2226 3963 2341 4027 bat,
2384 3968 2666 4035 quantum
2707 3964 2755 4018 si
2795 3968 2976 4019 mater
3011 3964 3270 4019 omnium
3314 3962 3657 4030 exstitisset;
3700 3966 3933 4019 tantum

2226 4052 2621 4116 observantiae,
2653 4057 2936 4123 quantum
2970 4052 3017 4107 si
3046 4052 3306 4107 omnium
3343 4051 3464 4107 ﬁlia
3502 4051 3934 4121 (Confessionum

2226 4142 2322 4197 lib.
2354 4145 2406 4211 9,
2453 4158 2579 4212 cap.
2619 4144 2674 4209 9,
2700 4158 2756 4196 n.
2789 4143 2897 4212 22).
2940 4142 3037 4197 llis
3063 4145 3255 4196 autem
3296 4136 3512 4213 parite'r
3539 4140 3934 4197 remeantibus

2226 4229 2285 4284 in
2312 4229 2579 4297 Africam,
2608 4246 2741 4285 cum
2754 4230 2822 4285 ad
2849 4230 3003 4286 Ostia
3031 4230 3297 4286 Tiberina
3314 4228 3725 4302 pervenissent,
3750 4246 3932 4302 seque

2225 4318 2307 4373 ibi
2349 4319 2420 4374 ad
2455 4318 2841 4390 navigandum
2896 4323 3311 4390 compararent,
3370 4318 3630 4375 Monnica
3669 4323 3930 4374 extremo

2226 4412 2487 4480 correpta
2515 4408 2733 4477 morbo,
2764 4412 2986 4463 natura:
3017 4409 3274 4465 debitum
3303 4409 3469 4464 solvit
3499 4407 3679 4479 (Ibid.,
3713 4425 3839 4479 cap.
3868 4411 3929 4477 8,

2225 4513 2282 4552 n.
2318 4497 2420 4568 17).

2874 4586 3096 4642 CAPUT
3124 4586 3266 4642 XIII.

2234 4678 2278 4730 Ι.
2307 4676 2564 4731 Monnica:
2591 4690 2709 4731 cum
2732 4675 3039 4744 Augustino
3055 4676 3120 4731 de
3146 4681 3357 4733 aeternae
3380 4677 3505 4731 vita:
3530 4675 3795 4743 felicitate
3818 4677 3925 4732 eol-

2297 4765 2508 4819 locutio.
2542 4767 2576 4819 2
2614 4765 2941 4820 Praeclarum
2978 4764 3185 4820 dictum
3221 4766 3577 4820 sanctissime
3613 4766 3834 4832 femina
3862 4765 3928 4820 de

2296 4851 2606 4923 abjicienda
2643 4854 2878 4922 sepulcri
2920 4854 3009 4907 sui
3051 4866 3222 4907 cura:
3275 4854 3416 4920 fetis:
3454 4852 3694 4922 ejusdem
3724 4852 3922 4908 obitus.

2297 4944 2328 4997 3
2356 4943 2616 4997 Monnica
2663 4943 2866 5009 funus:
2916 4942 3224 5010 Augustini
3273 4940 3427 4998 dolor
3475 4942 3541 4997 de
3577 4942 3730 4997 illius
3776 4943 3927 4997 obitu

2295 5030 2692 5096 acerbissimas,
2718 5033 2873 5099 ﬂetus
2901 5029 3161 5086 modicus.

2296 5122 2344 5173 1.
2376 5118 2640 5189 Quinque
2669 5122 2770 5173 aut
2797 5117 2944 5172 forte
2968 5132 3066 5173 sex
3108 5120 3240 5174 ante
3280 5116 3501 5188 diebus,
3533 5134 3709 5192 quam
3753 5118 3926 5175 beata

2225 5205 2480 5263 Monnica
2508 5206 2568 5261 in
2596 5207 2863 5262 morbum
2890 5205 3183 5272 incideret,
3214 5223 3346 5263 cum
3363 5207 3490 5279 ipsa
3517 5212 3576 5263 et
3594 5207 3748 5262 ﬁlius
3773 5209 3925 5280 apud

2225 5294 2377 5350 Ostia
2405 5294 2670 5350 Tiberina
2697 5293 3097 5350 incumberent
3124 5296 3196 5351 ad
3224 5295 3557 5363 fenestram,
3589 5296 3746 5352 unde
3785 5313 3923 5367 pro-

2224 5386 2448 5454 spectus
2477 5387 2598 5438 erat
2622 5382 2683 5437 in
2710 5382 2942 5438 hortum
2970 5384 3193 5452 domus,
3226 5384 3288 5439 in
3317 5401 3432 5457 qua
3462 5384 3922 5455 diversabantur,

2226 5475 2280 5526 et
2308 5471 2512 5527 remoti
2531 5488 2565 5527 a
2589 5471 2769 5527 turbis
2796 5476 2924 5544 post
2950 5473 3113 5546 longi
3138 5473 3362 5530 itineris
3385 5475 3662 5542 laborem,
3694 5475 3923 5533 instau-

2224 5560 2430 5616 rabant
2464 5577 2523 5615 se
2571 5560 2940 5633 navigationi,
2988 5563 3058 5619 de
3104 5563 3221 5620 vita
3258 5567 3471 5620 aeterna
3514 5580 3647 5620 cum
3695 5581 3923 5622 summa
