4060 6354
130 324 228 376 153

121 442 309 498 animi
369 445 658 516 voluptate
714 460 1038 501 sermonem
1092 447 1476 516 contulerunt,
1535 449 1824 520 praeterita

121 531 551 601 obliviscentes,
576 549 641 588 ac
669 532 728 588 in
759 550 826 588 ea
860 550 989 606 quae
1028 538 1160 590 ante
1199 540 1332 590 sunt
1368 538 1599 592 extenti.
1632 540 1824 593 lnhia-

121 620 339 690 bamus,
372 621 562 693 inquit
588 622 959 693 Augustinus,
984 640 1072 679 ore
1095 625 1273 680 cordis
1290 629 1344 679 in
1364 642 1597 696 superna
1625 630 1825 695 fluenta

116 710 291 774 fontis
325 712 426 775 tui,
444 712 613 777 fontis
642 714 767 766 vitae
791 715 889 782 qui
917 718 994 767 est
1022 714 1173 783 apud
1202 718 1362 781 te;ut
1390 716 1516 769 inde
1533 730 1635 785 pro
1663 721 1825 786 captu

115 802 303 852 nostro
335 802 568 869 aspersi,
608 816 817 869 quoquo
845 802 1000 857 modo
1032 818 1144 857 rem
1187 807 1394 858 tantam
1434 806 1814 873 cogitaremus.

118 886 365 955 Cumque
392 887 467 941 ad
492 903 611 942 eum
638 892 795 958 ﬁnem
815 904 985 945 sermo
1010 890 1412 960 perduceretur,
1435 896 1496 946 ut
1522 894 1821 947 carnalium

115 989 387 1030 sensuum
416 977 692 1031 delectatio
722 979 1059 1047 quantalibet
1074 982 1132 1033 in
1154 980 1489 1049 quantalibet
1509 982 1621 1035 luce
1648 996 1825 1051 corpo-

119 1078 211 1117 rea
238 1078 365 1132 prae
402 1066 551 1119 illius
579 1066 702 1120 vitm
733 1065 1098 1135 jucunditate,
1135 1083 1242 1121 non
1279 1070 1698 1139 comparatione,
1728 1068 1823 1123 sed

112 1167 178 1205 ne
208 1156 711 1208 commemoratione
757 1155 974 1222 quidem
1008 1155 1175 1223 digna
1204 1156 1515 1226 videretur;
1560 1160 1820 1226 erigentes

111 1255 208 1294 nos
238 1240 556 1295 ardentiore
589 1242 787 1311 affectu
814 1245 869 1297 in
898 1243 1157 1313 idipsum,
1200 1244 1330 1299 dum
1359 1246 1630 1315 loquimur
1657 1250 1707 1301 et
1734 1248 1818 1301 in-

115 1329 334 1384 hiamus
365 1330 471 1396 illi,
512 1332 794 1399 attigimus
832 1347 948 1385 eam
988 1333 1192 1387 modice
1229 1337 1336 1387 toto
1374 1335 1486 1388 ictu
1524 1333 1739 1401 cordis;
1770 1340 1818 1389 et

112 1419 541 1487 suspiravimus,
564 1422 615 1472 et
641 1420 956 1487 reliquimus
982 1420 1062 1474 ibi
1082 1420 1342 1487 religatas
1356 1423 1631 1490 primitias
1650 1423 1816 1492 spiri-

115 1510 219 1572 tus,
254 1509 306 1559 et
336 1508 697 1562 remeavimus
726 1507 800 1561 ad
827 1510 1113 1577 strepitum
1134 1510 1241 1563 oris
1261 1511 1455 1576 nostri,
1479 1510 1574 1563 ubi
1599 1510 1818 1564 verbum

110 1598 159 1648 et
186 1596 466 1664 incipitur
491 1599 541 1648 et
568 1597 780 1664 ﬁnitur.
806 1596 858 1649 Is
878 1596 1048 1666 hujus
1077 1596 1345 1668 colloquii
1369 1601 1424 1652 et
1448 1597 1673 1651 ecstasis
1696 1597 1814 1652 fru-

113 1686 237 1735 ctus
283 1681 415 1749 fuit,
454 1687 520 1736 ut
563 1682 699 1753 ipsis
740 1683 933 1737 omnia
973 1684 1192 1739 mundi.
1222 1685 1653 1752 oblectamenta,
1697 1702 1815 1757 prae

114 1770 210 1823 illa
251 1769 520 1824 delibata:
563 1770 845 1825 felicitatis
886 1772 1181 1842 suavitate,
1224 1773 1575 1828 vilescerent.
1611 1775 1675 1829 Et
1719 1774 1817 1829 illa

117 1856 354 1928 quidem
400 1857 473 1911 ad
511 1857 893 1929 Augustinum
936 1874 950 1912 :
994 1861 1120 1927 Fili,
1166 1860 1264 1927 ait,
1311 1867 1571 1930 quantum
1621 1861 1695 1915 ad
1735 1877 1817 1915 me

113 1944 329 2008 attinet,
363 1944 521 1997 nulla
534 1943 655 2012 jam
680 1959 738 1998 re
766 1943 994 1998 delector
1020 1947 1079 1999 in
1112 1946 1211 2000 hac
1241 1947 1377 2000 vita.
1421 1946 1564 2013 Quid
1604 1948 1688 2001 hic
1716 1949 1815 2014 fa-

113 2034 249 2085 ciam
281 2030 485 2099 adhuc,
519 2037 567 2086 et
605 2047 701 2086 cur
728 2032 815 2086 hic
844 2035 947 2087 sim
987 2035 1179 2103 nescio,
1207 2034 1325 2105 jam
1366 2040 1679 2104 consumpta
1720 2050 1816 2105 spe

113 2120 275 2189 hujus
304 2121 516 2175 saeculi.
561 2122 731 2175 Unum
760 2126 875 2175 erat
904 2127 1127 2191 propter
1168 2122 1313 2193 quod
1340 2126 1399 2178 in
1429 2124 1529 2178 hac
1570 2126 1688 2177 vita
1720 2126 1816 2177 ali-

113 2213 383 2277 quantum
414 2211 697 2263 immorari
722 2210 1019 2279 cupiebam,
1040 2215 1100 2265 ut
1132 2216 1181 2266 te
1208 2213 1561 2266 christianum
1589 2212 1837 2266 catholi-'

113 2313 229 2351 cum
260 2296 507 2351 viderem
540 2300 866 2367 priusquam
897 2314 1148 2354 morerer.
1181 2300 1517 2358 Cumulatius
1555 2300 1650 2355 hoc
1678 2301 1816 2354 mihi

114 2389 247 2439 Deus
286 2401 441 2439 meus
480 2388 760 2455 prmstitit,
804 2391 865 2441 ut
906 2392 955 2441 te
991 2390 1175 2454 etiam,
1217 2392 1517 2458 contempta
1553 2390 1815 2455 felicitate

115 2481 345 2541 terrena,
378 2489 594 2529 servum
619 2475 736 2543 ejus
769 2475 1002 2531 videam.
1038 2476 1185 2543 Quid
1221 2477 1307 2532 hic
1330 2479 1521 2544 facio?
1551 2476 1811 2548 (Confess.

114 2564 206 2616 lib.
240 2565 293 2628 9,
326 2578 455 2632 cap.
483 2566 533 2631 9,
565 2578 621 2617 n.
654 2562 871 2633 23-26.)

181 2654 233 2704 2.
263 2651 395 2705 Alio
429 2651 568 2705 item
593 2651 683 2706 die
715 2651 969 2707 Monnica
998 2651 1168 2708 Ostiis
1197 2652 1477 2707 Tiberinis
1505 2670 1634 2709 cum
1666 2670 1812 2709 non-

115 2738 284 2792 nullis
320 2737 527 2792 amicis
552 2738 857 2810 Augustini
889 2741 1028 2811 (ipse
1058 2740 1214 2795 enim
1245 2741 1455 2811 aberat)
1490 2758 1814 2797 sermonem

116 2827 181 2880 de
208 2830 546 2897 contemptu
575 2826 707 2881 vitae
727 2826 897 2897 hujus
917 2831 974 2882 et
1001 2827 1071 2882 de
1097 2827 1248 2882 bono
1271 2828 1469 2882 mortis
1497 2828 1816 2884 familiaris-

114 2914 252 2969 sime
279 2915 645 2969 conferebat:
670 2914 771 2987 qui
798 2915 1028 2971 feminae
1048 2916 1313 2971 virtutem
1346 2922 1659 2988 stupentes,
1683 2934 1814 2972 cum

115 3002 181 3057 ab
210 3019 273 3057 ea
314 3002 689 3075 quresiissent,
721 3004 1005 3075 numquid
1042 3004 1290 3071 timeret,
1322 3021 1394 3059 ne
1426 3011 1545 3060 tam
1582 3006 1751 3076 longe
1783 3022 1815 3060 a

118 3107 215 3145 sua
238 3090 468 3146 civitate
488 3107 692 3163 corpus
712 3092 1059 3165 relinqueret
1082 3109 1095 3148 :
1117 3094 1288 3163 Nihil,
1315 3093 1504 3165 inquit
1523 3094 1642 3164 illa,
1664 3096 1815 3163 longe

118 3184 190 3234 est
227 3183 363 3246 Deo;
395 3196 568 3250 neque
598 3181 893 3236 timendum
937 3185 1035 3249 est,
1078 3197 1143 3237 ne
1179 3184 1271 3237 ille
1307 3198 1412 3238 non
1455 3188 1711 3253 agnoscat
1758 3186 1815 3238 in

117 3270 217 3335 ﬁne
242 3270 450 3330 saeculi,
481 3269 624 3323 unde
650 3285 731 3324 me
759 3273 1056 3325 resuscitet.
1086 3272 1264 3327 Porro
1293 3272 1505 3327 mirum
1533 3277 1811 3345 quantum

120 3355 301 3412 fuerat
329 3362 466 3412 ante
492 3358 561 3412 de
587 3358 847 3429 sepulcro
875 3359 1136 3427 sollicita,
1169 3361 1319 3432 quod
1348 3361 1474 3415 ideo
1496 3362 1665 3432 juxta
1692 3377 1812 3415 ma-

120 3444 207 3497 riti
233 3462 445 3517 corpus
471 3445 579 3502 sibi
607 3446 932 3518 providerat
955 3452 1012 3503 et
1036 3454 1477 3521 praeparaverat,
1511 3449 1648 3521 quia
1676 3466 1812 3521 per—

120 3534 250 3588 actis
278 3551 413 3590 eum
446 3536 546 3590 illo
582 3551 808 3591 summa
832 3537 1205 3592 consensione
1241 3537 1594 3593 matrimonii
1622 3539 1811 3605 annis,

120 3621 384 3692 cupiebat
415 3622 557 3678 illud
585 3623 720 3679 huic
747 3623 1005 3680 felicitati
1035 3625 1222 3697 adjici,
1251 3642 1366 3698 quo
1398 3642 1812 3681 commemora-

122 3714 271 3765 retur
299 3712 371 3766 ab
402 3711 734 3768 hominibus
763 3729 1092 3769 concessum
1112 3713 1219 3769 sibi
1239 3731 1359 3769 esse
1388 3719 1515 3786 post
1537 3719 1815 3770 transma-

122 3798 299 3855 rinam
328 3801 878 3873 peregrinationem,
909 3807 975 3857 ut
1002 3804 1302 3874 conjuncta
1332 3807 1484 3858 terra
1513 3803 1816 3859 amborum

122 3889 428 3961 conjugum
459 3894 612 3945 terra
642 3894 929 3962 tegeretur
960 3907 973 3946 :
1006 3891 1100 3947 sed
1124 3891 1247 3962 jam
1274 3897 1397 3946 tum
1421 3892 1814 3947 inﬁrmitatem

122 3976 258 4031 hanc
284 3979 435 4033 Deus
466 3986 784 4045 sanaverat,
808 3982 865 4034 et
894 3979 1077 4034 cordis
1100 3981 1223 4051 ejus
1253 3981 1586 4036 inanitatem
1618 3980 1816 4052 gratias

122 4065 479 4134 plenitudine
509 4068 895 4138 compleverat
921 4068 1111 4138 (1bid.,
1142 4084 1264 4138 cap.
1298 4072 1387 4137 l0,
1421 4085 1477 4123 n.
1506 4071 1597 4138 28)
1654 4070 1816 4134 Quod

121 4168 246 4207 sane
272 4154 598 4225 Augustino
629 4155 764 4209 satis
793 4154 917 4227 ipsa
943 4156 1381 4227 signiﬁcaverat,
1408 4173 1537 4213 cum
1564 4158 1621 4213 in
1644 4175 1814 4229 supra

122 4246 436 4296 memorato
459 4258 723 4297 sermone
753 4243 820 4298 ad
843 4242 1150 4298 fenestram
1171 4245 1362 4316 erupit
1386 4244 1441 4300 in
1463 4245 1584 4301 haec
1601 4246 1772 4301 verba
1797 4262 1810 4301 :

122 4328 257 4394 Quid
294 4332 383 4386 hic
413 4332 602 4399 facio?
636 4332 745 4387 Sed
775 4333 898 4404 ejus
929 4336 1183 4388 mentem
1212 4333 1307 4389 ille
1344 4334 1494 4389 haud
1524 4351 1813 4407 quaquam

123 4416 281 4486 plene
311 4424 396 4473 est
423 4424 731 4489 assecutus,
760 4420 942 4476 donec
971 4421 1031 4475 in
1064 4422 1331 4477 extremis
1356 4422 1539 4493 posita
1568 4440 1687 4478 sese
1719 4423 1814 4478 illa

123 4504 343 4574 planius
365 4508 609 4581 aperuit.
630 4510 771 4565 Nam
796 4509 997 4582 quinto
1017 4511 1242 4566 circiter
1260 4517 1391 4583 post
1410 4512 1582 4566 istum
1603 4528 1815 4568 sermo-

125 4607 249 4648 nem
271 4595 364 4651 die
387 4596 446 4651 in
468 4596 672 4652 febrim
693 4598 927 4654 incidit:
951 4615 1064 4672 qua
1083 4600 1316 4671 quidem
1339 4617 1545 4655 novem
1571 4601 1691 4656 dies
1714 4602 1814 4656 du-

125 4688 298 4746 rante,
323 4685 614 4758 obsequiis
634 4686 854 4742 interea
874 4687 984 4743 sibi
1004 4688 1074 4743 ab
1095 4689 1415 4760 Augustino
1432 4690 1705 4762 impensis
1724 4691 1811 4745 in-

127 4771 523 4845 terblandieus,
573 4774 736 4846 pium
783 4776 949 4831 illum
1000 4777 1341 4848 appellabat,
1392 4794 1456 4833 ac
1501 4779 1811 4834 tenerrimo

125 4859 301 4915 cordis
331 4863 539 4918 affectu
567 4864 1071 4933 commemorabat,
1105 4882 1400 4939 nunquam
1432 4883 1496 4921 ex
1529 4866 1684 4921 illius
1713 4884 1811 4923 ore

129 4948 377 5005 voculam
407 4951 700 5021 excidisse,
740 4970 869 5025 qua:
898 4953 1082 5025 ipsam
1111 4955 1197 5008 vel
1240 4954 1438 5009 leviter
1465 4955 1672 5010 laedere
1709 4973 1814 5028 po-

128 5035 317 5093 tuisset
347 5040 533 5109 (Ibid.,
567 5056 688 5112 cap.
727 5045 813 5109 l2,
858 5058 913 5096 n.
961 5043 1067 5110 30).
1116 5042 1372 5107 Quodam
1410 5048 1604 5099 autem
1643 5045 1809 5117 aegri-

129 5120 330 5177 tudinis
359 5124 450 5181 die
484 5126 765 5182 defectum
795 5126 1005 5182 anima:
1045 5143 1212 5199 passa
1253 5132 1355 5195 est,
1402 5144 1467 5183 ac
1510 5129 1809 5200 paululum

129 5208 403 5268 subtracta
445 5214 823 5286 prementibus
874 5230 889 5271 :
930 5217 1036 5273 Nos
1083 5219 1450 5272 concurrimus
1484 5217 1808 5291 (Augustini

132 5297 291 5354 verba
316 5300 437 5357 haec
468 5303 642 5375 sunt),
676 5303 770 5359 sed
799 5305 902 5361 cito
926 5304 1144 5360 reddita
1173 5310 1251 5360 est
1279 5308 1479 5377 sensui,
1509 5311 1559 5362 et
1596 5310 1811 5377 aspexit

131 5390 356 5445 astantes
381 5407 462 5447 me
479 5395 530 5447 et
544 5394 776 5460 fratrem
796 5408 990 5460 meum,
1011 5398 1061 5449 et
1080 5396 1162 5449 ait
1185 5393 1335 5449 nobis
1361 5398 1522 5466 quasi
1550 5400 1811 5466 quaerenti

132 5473 315 5531 similis
340 5494 353 5533 :
380 5482 481 5536 Ubi
499 5497 647 5537 eram
660 5481 688 5537 7
709 5481 908 5537 Deinde
926 5497 1021 5537 nos
1040 5484 1254 5539 intuens
1278 5499 1499 5539 maerore
1519 5488 1772 5541 attonitos
1793 5502 1806 5540 :

136 5560 332 5621 Ponetis
371 5569 477 5637 hic,
516 5572 721 5641 inquit,
759 5574 986 5626 matrem
1023 5575 1277 5626 uestram.
1321 5574 1435 5638 Ego
1474 5574 1716 5639 silebam,
1760 5580 1809 5628 et

1562 328 1774 384 LIBER
1813 327 2199 384 SECUNDUS.

3532 330 3629 384 154

1934 452 2115 517 ﬂetum
2155 449 2459 516 frenabam.
2504 454 2693 504 Frater
2723 454 2900 504 autem
2936 464 3081 504 meus
3120 451 3381 519 quiddam
3424 453 3628 508 locutus

1934 542 2030 604 est,
2062 554 2165 607 quo
2194 554 2311 592 eam
2339 554 2445 593 non
2485 554 2726 608 peregre,
2771 538 2866 593 sed
2903 541 2960 593 in
2992 542 3183 609 patria
3223 539 3470 609 defungi,
3504 546 3624 596 tan-

1934 642 2097 695 quam
2124 628 2357 695 felicius,
2384 631 2611 697 optaret.
2646 628 2756 693 Quo
2790 628 2996 695 audito,
3029 628 3129 681 illa
3156 629 3309 682 vultu
3337 632 3503 683 anmio
3532 645 3623 684 re-

1932 716 2217 769 rerberans
2264 730 2382 768 eum
2427 716 2616 784 oculis,
2657 715 2801 784 quod
2845 716 2980 769 talia
3020 720 3250 785 saperet,
3296 719 3457 785 atque
3500 717 3625 772 inde

1931 819 2013 856 me
2040 805 2288 857 intuens:
2328 803 2480 871 Vide,
2502 805 2602 871 ait,
2624 803 2758 872 quid
2786 803 2939 857 dicit.
2968 806 3038 859 Et
3061 819 3187 859 mea:
3216 804 3469 859 ambobus
3494 821 3506 860 :
3528 807 3625 859 Po-

1930 892 2059 958 nite,
2091 893 2292 960 inquit,
2323 892 2418 946 hoc
2448 906 2639 961 corpus
2670 892 3020 961 ubicumque;
3052 892 3195 946 nihil
3221 908 3312 948 vos
3341 893 3459 961 ejus
3491 908 3624 947 cura

1928 980 2203 1034 conturbet
2258 995 2272 1034 :
2333 984 2542 1035 tantum
2597 980 2738 1035 illud
2790 996 2881 1035 vos
2933 996 3083 1047 rogo,
3141 986 3203 1035 ut
3267 981 3341 1035 ad
3406 966 3624 1036 Domini

1928 1068 2102 1123 altare
2129 1070 2478 1123 memineritis
2507 1070 2630 1135 mei,
2670 1069 2765 1123 ubi
2802 1069 2898 1122 ubi
2937 1071 3159 1135 fueritis
3204 1070 3386 1135 (Ibid,
3436 1068 3531 1124 lib.
3567 1072 3622 1139 9,

1928 1171 2078 1225 cap.,
2104 1159 2188 1223 tl,
2231 1172 2289 1210 η.
2327 1156 2436 1225 27).
2477 1158 2622 1223 Ergo
2650 1158 2750 1210 illa
2795 1157 3103 1210 imminente
3147 1156 3235 1211 die
3276 1157 3621 1212 resolutionis

1926 1260 2055 1310 suae,
2086 1244 2275 1315 pergit
2302 1244 2472 1315 paulo
2501 1249 2629 1315 post
2648 1244 3020 1314 Augustinus,
3042 1260 3149 1299 non
3177 1247 3437 1313 cogitavit
3464 1260 3621 1300 suum

1927 1348 2117 1401 corpus
2153 1337 2461 1401 sumptuose
2496 1334 2717 1397 contegi,
2749 1336 2846 1385 aut
2890 1331 3102 1387 condiri
3140 1334 3491 1401 aromatibus,
3524 1337 3622 1388 aut

1926 1423 2320 1473 monumentum
2348 1420 2569 1473 electum
2597 1420 2925 1489 concupivit,
2958 1422 3054 1473 aut
3081 1423 3293 1475 curavit
3318 1423 3621 1490 sepulcrum

1920 1510 2197 1578 patrium;
2219 1523 2325 1561 non
2352 1508 2460 1561 ista
2483 1507 2767 1562 mandavit
2792 1507 2945 1562 nobis
2971 1524 2983 1562 :
3010 1507 3105 1563 sed
3125 1509 3491 1564 tantummodo
3520 1526 3625 1564 me-

1925 1597 2152 1649 moriam
2179 1597 2267 1648 sui
2294 1594 2367 1647 ad
2394 1595 2569 1648 altare
2600 1598 2748 1648 tuum
2774 1597 2895 1663 ﬁeri
2922 1594 3272 1662 desideravit,
3302 1599 3391 1650 cui
3414 1597 3621 1655 nullius

1924 1684 2037 1737 diei
2058 1684 2510 1753 praetermissione
2534 1685 2824 1748 servierat;
2847 1684 2989 1737 unde
3011 1685 3172 1738 sciret
3187 1684 3498 1754 dispensari
3531 1687 3623 1740 Vi-

1924 1774 2145 1826 ctimam
2172 1775 2434 1837 sanctam,
2464 1788 2575 1839 qua
2615 1772 2843 1825 deletum
2875 1776 2952 1825 est
2982 1772 3422 1841 chirographum,
3472 1773 3623 1843 quod

1924 1865 2040 1915 erat
2077 1862 2407 1914 contrarium
2450 1859 2606 1914 nobis
2646 1860 2826 1928 (lbid.,
2869 1875 2990 1928 cap.
3036 1863 3121 1926 t3,
3161 1876 3217 1914 n.
3262 1859 3372 1931 36).
3422 1860 3620 1932 Itaque

1925 1966 2055 2003 cum
2085 1953 2337 2003 mentem
2366 1964 2548 2010 suam,
2576 1951 2749 2019 prout
2774 1947 2825 2001 ei
2851 1963 2955 2018 per
2981 1946 3365 2003 valetudinem
3389 1948 3619 2019 licebat,

1926 2036 2276 2106 explicasset,
2310 2035 2735 2107 ingravescente
2766 2034 2967 2089 morbo
2994 2035 3379 2091 exercebatur.
3414 2037 3476 2091 In
3508 2053 3623 2109 quo

1925 2124 2172 2179 cruciatu
2211 2124 2375 2178 beata
2402 2123 2501 2177 illa
2530 2122 2723 2177 anima
2751 2139 2958 2193 corpus
2987 2122 3239 2195 reliquit,
3282 2125 3351 2180 ad
3382 2142 3624 2197 superos

1925 2213 2232 2279 evolatura,
2277 2212 2367 2267 die
2421 2210 2778 2283 (egritudinis
2827 2229 2945 2266 sua:
2992 2227 3165 2280 nono,
3212 2212 3394 2267 aetatis
3442 2212 3624 2285 ipsius

1927 2317 2074 2355 anno
2112 2300 2589 2373 quinquagesimo
2628 2304 2808 2370 sexto,
2852 2299 3037 2355 uitatis
3083 2305 3276 2355 autem
3312 2301 3624 2372 Augustini

1925 2389 2216 2460 trigesimo
2241 2388 2432 2456 tertio,
2458 2388 2653 2460 paucis
2671 2388 2817 2443 forte
2846 2388 3046 2443 diebus
3074 2393 3205 2444 ante
3234 2388 3362 2444 idus
3391 2405 3625 2444 novem-

1924 2478 2054 2532 Μῦς
2092 2476 2227 2532 anni
2266 2494 2438 2549 supra
2477 2477 2939 2532 trecentesimum
2978 2476 3315 2548 octogesimi
3357 2478 3615 2549 septimi.

1927 2567 2180 2621 Natalem
2213 2569 2403 2621 tamen
2432 2566 2555 2637 ejus
2592 2565 2831 2620 Ecclesia
2860 2570 3063 2637 quarto
3091 2582 3272 2620 nonas
3302 2566 3441 2621 maii
3469 2566 3618 2622 cele-

1926 2658 2052 2711 brat
2078 2671 2092 2709 :
2120 2655 2273 2727 quod
2303 2670 2405 2709 cur
2432 2653 2513 2708 ita
2541 2653 2660 2721 fiat,
2692 2653 2861 2709 nobis
2884 2654 3147 2725 ignotum
3180 2659 3290 2710 est.

1996 2747 2049 2802 3.
2084 2743 2271 2798 Matris
2301 2743 2492 2797 oculos
2520 2742 2726 2814 pressit
2754 2742 3126 2814 Augustinus,
3157 2760 3221 2798 ac
3246 2744 3437 2799 statim
3468 2761 3622 2800 acer-

1924 2831 2188 2886 bissimus
2216 2831 2381 2886 dolor
2407 2830 2677 2885 intimum
2700 2832 2821 2901 ejus
2851 2836 3047 2902 pectus
3074 2831 3326 2902 pervasit
3359 2849 3373 2888 :
3407 2838 3463 2887 et
3492 2850 3621 2888 cum

1925 2936 2026 2990 per
2069 2920 2349 2990 lacrymas
2387 2919 2603 2973 exitum
2642 2923 2940 2990 quaereret,
2979 2920 3098 2974 suis
3139 2921 3234 2975 ille
3280 2921 3459 2975 oculis
3500 2921 3616 2977 vim

1924 3008 2155 3075 faciens,
2188 3024 2280 3062 eas
2308 3007 2461 3062 intus
2487 3007 2830 3062 retrudebat.
2863 3009 2975 3064 Nec
2998 3008 3137 3063 levis
3166 3012 3288 3063 erat
3315 3008 3621 3078 cruciatus,

1924 3112 2096 3169 quem
2125 3096 2184 3151 in
2215 3096 2310 3150 illa
2339 3096 2509 3167 longe
2539 3096 2872 3167 gravissima
2902 3096 2990 3152 sui
3023 3101 3217 3152 contra
3249 3113 3308 3153 se
3337 3098 3487 3152 lucta
3517 3115 3621 3169 pa-

1924 3185 2187 3239 tiebatur.
2214 3184 2552 3239 Indecorum
2573 3184 2833 3239 videlicet
2855 3185 3137 3253 censebat,
3158 3185 3357 3241 matris
3377 3190 3623 3241 mortem

1922 3272 2187 3343 lacrymis
2214 3271 2518 3344 prosequi;
2545 3288 2673 3327 cum
2694 3272 2756 3327 in
2781 3273 3019 3328 dubium
3042 3290 3241 3328 vocare
3264 3290 3378 3329 non
3409 3279 3621 3346 posset,

1923 3362 2062 3433 quin
2091 3360 2191 3416 illa
2221 3360 2458 3415 meliore
2484 3360 2571 3415 sui
2592 3366 2754 3432 parte
2781 3361 2994 3416 viveret
3023 3379 3036 3417 :
3063 3363 3173 3417 hoc
3194 3366 3249 3418 et
3264 3363 3621 3419 documentis

1922 3467 2149 3506 morum
2173 3450 2318 3521 ejus,
2342 3453 2399 3504 et
2430 3448 2541 3505 ﬁde
2564 3465 2680 3503 non
2705 3448 2857 3517 ﬁcta,
2884 3449 3316 3522 rationibusque
3342 3451 3507 3506 certis
3536 3455 3620 3507 te-

1923 3541 2096 3595 nebat
2126 3539 2309 3609 (Ibid.,
2335 3553 2457 3608 cap.
2494 3540 2579 3605 l2,
2606 3553 2662 3592 n.
2694 3539 2806 3610 29).
2832 3538 3023 3593 Nihilo
3054 3543 3248 3594 tamen
3279 3539 3468 3594 minus
3498 3555 3622 3594 sua-

1923 3628 2213 3683 vissimam
2246 3626 2401 3681 illius
2440 3626 2914 3681 consuetudinem
2945 3627 3052 3683 sibi
3078 3633 3264 3683 morte
3293 3629 3621 3699 ademptam

1923 3717 2173 3788 graviter
2184 3715 2433 3770 dolebat.
2449 3714 2619 3781 Quasi
2630 3714 3151 3782 dilaniabaturuita,
3168 3715 3501 3787 inquit,quz
3512 3732 3623 3771 una

1922 3808 2075 3872 facta
2102 3808 2219 3858 erat
2246 3819 2313 3857 ea:
2341 3818 2459 3856 mea
2486 3807 2536 3856 et
2559 3803 2709 3857 illius
2729 3802 2916 3872 (Ibid,
2941 3820 2991 3857 n.
3031 3805 3137 3872 30).
3164 3804 3308 3858 Tum
3329 3820 3463 3858 vero
3488 3820 3617 3859 cum

1924 3890 2138 3945 efﬂavit
2165 3893 2481 3944 extremum
2511 3888 2798 3960 spiritum,
2827 3905 2972 3961 puer
2995 3890 3319 3945 Adeodatus
3347 3891 3622 3946 exclama-

1923 3976 2003 4032 vit
2031 3979 2092 4033 in
2119 3979 2441 4050 planctum;
2472 3982 2642 4049 atque
2671 3977 2741 4031 ab
2770 3977 3036 4032 omnibus
3063 3978 3439 4049 praesentibus
3466 3996 3623 4035 coer-

1922 4066 2065 4122 citus
2095 4065 2295 4121 tacuit.
2330 4065 2593 4120 Cohibito
2616 4080 2750 4135 ergo
2779 4081 2813 4119 a
2832 4065 2968 4120 fletu
2988 4066 3297 4133 Adeodato,
3320 4066 3618 4124 confestim

1924 4155 2167 4211 Evodius
2196 4153 2441 4226 arripuit
2468 4152 2831 4222 Psalterium,
2859 4170 2923 4208 ac
2960 4155 3246 4225 psalmum
3274 4171 3478 4211 canere
3504 4172 3617 4212 cu:-

1921 4244 2007 4316 pit
2033 4243 2350 4316 Augustino
2384 4246 2442 4298 et
2469 4242 2595 4297 aliis
2637 4242 3028 4297 accinentibus
3061 4260 3074 4299 :
3109 4244 3541 4300 Misericordiam
3569 4249 3620 4299 et

1909 4332 2186 4403 judicium
2222 4331 2449 4386 cantabo
2493 4331 2614 4394 tibi,
2653 4333 2873 4386 Domine
2910 4332 3101 4401 (lbid.,
3136 4348 3193 4387 n.
3236 4332 3342 4403 3t).
3381 4333 3486 4389 Ubi
3516 4350 3620 4405 per

1922 4422 2123 4476 urbem
2170 4424 2376 4475 sanctas
2427 4419 2614 4475 viduas
2669 4419 2855 4475 obitus
2912 4421 3256 4490 percrebuit,
3315 4421 3619 4477 Christiani

1921 4510 2246 4581 complures
2275 4525 2340 4563 ac
2368 4508 2653 4578 religiosas
2680 4507 2911 4563 feminm
2937 4509 3176 4564 domum
3204 4516 3614 4569 convenerunt.

1921 4599 2157 4655 Interim
2185 4599 2357 4653 funus
2371 4597 2701 4653 curantibus
2724 4596 2817 4667 iis,
2840 4613 3086 4669 quorum
3112 4598 3168 4652 id
3192 4598 3450 4654 muneris
3473 4604 3615 4669 erat,

1921 4688 2149 4744 secessit
2176 4687 2531 4759 Augustinus
2560 4686 2621 4741 in
2660 4686 2870 4753 locum,
2901 4685 3001 4741 ubi
3040 4687 3311 4742 decenter
3350 4704 3471 4743 esse
3510 4705 3617 4760 po-

1920 4780 2066 4832 terat
2092 4776 2152 4831 in
2175 4775 2408 4830 illorum
2434 4773 2724 4842 societate,
2750 4772 2849 4845 qui
2870 4789 3002 4828 eum
3032 4773 3092 4829 in
3115 4774 3222 4829 hac
3246 4774 3425 4830 animi
3446 4776 3618 4848 aegri-

1918 4864 2116 4920 tudine
2162 4862 2542 4918 desereudum
2581 4877 2701 4916 non
2748 4878 2869 4917 esse
2916 4863 3242 4920 censebant.
3277 4863 3435 4930 Quod
3476 4871 3614 4930 erat,

1919 4952 2127 5025 inquit,
2162 4953 2389 5022 tempori
2426 4965 2721 5018 congruum
2758 4949 3130 5020 disputabam,
3172 4967 3334 5023 eoque
3378 4955 3615 5020 fomento

1916 5043 2163 5097 ueritatis
2190 5040 2510 5110 mitigabam
2535 5041 2830 5095 cruciatum
2861 5040 2963 5094 tibi
2988 5045 3195 5108 notum,
3217 5042 3330 5097 illis
3359 5044 3616 5110 ignoran-

1919 5131 2082 5197 tibus,
2112 5134 2164 5185 et
2188 5131 2391 5185 intente
2413 5128 2781 5192 audientibus,
2807 5133 2857 5184 et
2874 5131 2987 5184 sine
3005 5144 3163 5185 sensu
3182 5129 3384 5186 doloris
3403 5146 3485 5185 me
3503 5145 3615 5185 esse

1917 5218 2332 5274 arbitrantibus.
2365 5218 2444 5273 At
2470 5232 2563 5286 ego
2592 5219 2651 5271 in
2680 5217 2905 5272 auribus
2935 5220 3069 5285 tuis,
3095 5217 3193 5272 ubi
3221 5233 3401 5273 eorum
3429 5218 3612 5273 nullus

1917 5308 2193 5374 audiebat,
2220 5306 2565 5376 increpabam
2588 5307 2862 5361 mollitiem
2887 5306 3112 5375 aﬂ'ectus
3140 5308 3264 5374 mei,
3282 5310 3332 5361 et
3351 5307 3612 5360 constrin-

1915 5396 2106 5463 gebam
2131 5398 2341 5464 ﬂuxum
2366 5396 2609 5451 mmroris
2633 5410 2647 5449 :
2669 5395 2992 5465 cedebatque
3008 5395 3148 5449 mihi
3160 5393 3467 5463 paululum,
3491 5408 3612 5447 rur-

1917 5500 2114 5555 susque
2144 5486 2349 5554 impetu
2381 5499 2476 5539 suo
2506 5484 2806 5552 ferebatur,
2837 5498 2942 5538 non
2984 5497 3150 5551 usque
3178 5481 3253 5534 ad
3278 5483 3611 5550 eruptionem

1919 5575 2304 5646 lucrymarum,
2336 5589 2429 5629 nec
2457 5588 2625 5645 usque
2662 5573 2737 5626 ad
2771 5572 2951 5626 vultus
2988 5570 3362 5638 mutationem;
3392 5569 3485 5625 sed
3515 5587 3608 5654 ego
