4060 6356
372 287 470 340 155

365 406 596 462 sciebam
624 404 761 476 quid
786 403 944 460 corde
966 418 1282 475 premerem.
1312 405 1383 459 Et
1410 405 1546 474 quia
1573 404 1712 459 mihi
1737 404 2068 459 vehementer

367 495 707 567 displicebat,
737 498 949 548 tantum
969 496 1028 547 in
1047 508 1130 548 me
1149 508 1306 563 posse
1325 495 1433 548 haec
1457 494 1715 559 humana,
1740 508 1858 562 qum
1878 493 2067 547 ordine

368 583 546 639 debito
565 587 615 638 et
634 587 774 637 sorte
793 582 1114 637 conditionis
1138 587 1333 637 nostrae
1353 582 1593 637 accidere
1612 597 1817 636 necesse
1840 585 1936 645 est,
1960 582 2069 636 alio

368 672 548 726 dolore
576 671 819 727 dolebam
849 671 1081 726 dolorem
1110 686 1303 737 meum,
1337 673 1388 725 et
1428 671 1639 740 duplici
1686 672 1918 725 tristitia
1944 685 2070 724 ma-

369 760 592 815 cerabar
617 761 885 829 (Confess.
918 761 1011 814 lib.
1038 762 1090 823 9,
1119 775 1166 813 c.
1204 761 1289 825 l2,
1316 775 1374 813 n.
1398 759 1508 830 3t).
1539 760 1695 813 Elato
1717 774 1980 830 corpore,
2006 773 2071 812 ac

369 864 548 921 prope
572 850 893 920 sepulcrum
916 848 1125 920 posito,
1145 852 1211 902 ut
1230 848 1311 902 ibi
1342 850 1517 902 moris
1538 851 1678 915 erat,
1711 845 2070 902 liberationis

370 942 580 993 nostra:
598 936 937 992 sacriﬁcium
958 953 1064 1008 pro
1088 953 1155 991 ea
1174 937 1431 991 oblatum
1443 940 1543 990 est.
1561 938 1743 1007 Atque
1756 935 1975 990 interea
1989 935 2071 988 la-

370 1043 593 1099 crymas
622 1043 751 1081 suas
779 1026 1108 1081 continebat
1136 1024 1507 1097 Augustinus.
1549 1027 1700 1093 Ecce,
1744 1023 1843 1093 ait,
1879 1038 2071 1093 corpus

370 1117 570 1170 elatum
599 1119 708 1183 est;
736 1116 897 1181 imus,
929 1115 1169 1170 redimus
1201 1117 1319 1169 sine
1348 1116 1623 1183 lacrymis.
1649 1115 1791 1170 Nam
1817 1127 1988 1181 neque
2012 1115 2071 1166 in

371 1206 447 1259 eis
470 1204 737 1274 precibus,
761 1219 898 1274 quas
923 1204 1025 1258 tibi
1049 1204 1298 1272 fudimus
1327 1219 1447 1258 cum
1465 1202 1752 1272 offerretur
1765 1217 1869 1272 pro
1898 1217 1961 1255 ea
1988 1216 2071 1256 sa-

372 1293 633 1361 criﬁcium
666 1294 838 1362 pretii
863 1293 1056 1359 nostri,
1090 1292 1213 1362 jam
1244 1292 1415 1362 juncta
1452 1292 1753 1361 sepulcrum
1785 1291 1964 1361 posito
1994 1305 2073 1344 ca-

372 1378 587 1447 davere,
612 1382 940 1451 priusquam
969 1380 1340 1450 deponeretur,
1365 1379 1504 1435 sicut
1522 1381 1636 1435 illic
1660 1381 1780 1450 fieri
1805 1380 1955 1443 solet,
1977 1394 2073 1432 nec

369 1470 428 1523 in
456 1470 533 1523 eis
552 1469 800 1539 precibus
829 1485 922 1539 ego
950 1471 1076 1539 flevi
1098 1485 1112 1524 :
1145 1470 1239 1525 sed
1265 1474 1371 1525 toto
1400 1469 1490 1525 die
1511 1471 1755 1539 graviter
1783 1471 1844 1523 in
1873 1468 2072 1523 occulto

371 1561 590 1613 maestus
618 1573 784 1625 eram,
817 1561 867 1612 et
890 1562 1061 1613 mente
1089 1558 1314 1613 turbata
1341 1558 1603 1628 rogabam
1625 1561 1693 1626 te,
1718 1560 1780 1612 ut
1803 1560 2070 1627 poteram,

374 1661 479 1715 quo
515 1661 737 1702 sanares
776 1647 1010 1702 dolorem
1047 1662 1250 1713 meum;
1297 1662 1391 1701 nec
1424 1648 1688 1714 faciebas,
1730 1645 1885 1701 credo
1927 1661 2075 1699 com-

364 1735 633 1793 Amendans
669 1737 934 1790 memoriae
961 1751 1088 1790 meae
1129 1737 1212 1790 vel
1253 1738 1346 1791 hoc
1387 1750 1493 1790 uno
1535 1736 1869 1802 documento,
1901 1736 2074 1789 omnis

373 1824 772 1879 consuetudinis
795 1825 1067 1879 vinculum
1095 1827 1261 1879 etiam
1280 1825 1542 1879 adversus
1571 1829 1799 1879 mentem
1824 1838 1942 1892 quae
1954 1823 2076 1892 jam

369 1928 475 1967 non
494 1913 686 1981 fallaci
703 1913 860 1967 verbo
875 1915 1143 1983 pascitur.
1162 1912 1358 1967 Visum
1385 1917 1469 1967 est
1490 1912 1574 1967 illi
1595 1916 1790 1984 petere
1808 1912 2042 1966 balneas
2058 1927 2073 1972 :

375 2000 531 2071 quod
559 2000 627 2055 iis
657 2001 1003 2056 anxietatem
1035 2017 1101 2055 ex
1139 2000 1333 2055 animo
1363 2002 1498 2073 pelli
1534 2002 1831 2070 audiisset,
1862 2016 1967 2055 nec
1995 2004 2077 2053 ta—

374 2105 508 2144 men
537 2089 690 2145 illius
734 2089 898 2145 dolor
928 2089 1017 2143 his
1047 2089 1211 2160 aquis
1240 2089 1525 2144 abstersus
1562 2094 1666 2144 est.
1704 2091 1915 2144 Verum
1945 2104 2075 2142 cum

336 2178 779 2248 'obdormisset,
810 2177 988 2232 sensit
1033 2182 1397 2249 experrectus
1440 2178 1698 2232 dolorem
1744 2193 1914 2232 suum
1956 2190 2075 2231 non

375 2266 739 2321 mediocriter
775 2281 977 2319 somno
1020 2263 1349 2335 mitigatum
1381 2264 1563 2335 (Ibid.,
1596 2265 1690 2319 lib.
1732 2267 1785 2331 9,
1824 2280 1945 2334 cap.
1991 2267 2075 2331 l2,

377 2371 431 2411 η.
462 2354 571 2423 32).
602 2356 872 2408 Attamen
900 2368 1033 2407 cum
1065 2353 1307 2423 jactura:
1337 2368 1453 2407 suae
1491 2357 1550 2407 et
1578 2352 1836 2407 orbitatis
1864 2367 2079 2407 memo-

376 2441 524 2515 riam
550 2441 829 2514 paulatim
858 2441 919 2496 in
950 2444 1205 2496 mentem
1233 2444 1543 2508 revocaret,
1575 2440 1647 2495 de
1677 2444 1857 2495 matre
1888 2444 1945 2496 et
1973 2457 2077 2511 pro

378 2535 581 2598 matre,
615 2531 685 2585 de
714 2546 772 2585 se
802 2535 860 2586 et
886 2546 991 2601 pro
1021 2545 1080 2584 se
1109 2529 1213 2583 sub
1246 2529 1426 2583 oculis
1458 2529 1561 2584 Dei
1586 2529 1723 2584 ﬂere
1751 2529 1938 2584 libuit.
1974 2530 2074 2584 La-

375 2635 597 2701 crymas
635 2619 849 2692 itaque,
893 2635 1036 2691 quas
1081 2618 1356 2673 hactenus
1398 2634 1753 2689 compressas
1792 2621 2075 2686 tenuerat,

376 2707 636 2780 disrupto
664 2707 840 2763 veluti
868 2708 1144 2779 repagulo
1177 2707 1401 2770 laxavit,
1433 2712 1489 2761 et
1516 2711 1579 2762 ut
1610 2707 1864 2762 dolorem
1896 2705 2081 2761 cordis

375 2813 481 2868 per
510 2813 603 2851 eas
633 2801 910 2868 egereret,
940 2796 1118 2852 libere
1146 2812 1383 2868 prorsus
1411 2796 1645 2851 efﬂuere
1672 2795 1956 2867 permisit.
1989 2794 2080 2850 Sic

376 2890 611 2944 demum
639 2885 958 2958 requievit;
989 2886 1262 2957 quoniam
1293 2886 1419 2941 illas
1450 2902 1643 2941 coram
1671 2887 1806 2953 Deo,
1839 2900 1955 2940 non
1985 2901 2081 2939 au-

376 2981 492 3033 tem
519 2976 580 3031 in
607 2975 787 3031 oculis
814 2974 1084 3043 hominis,
1117 2991 1212 3030 eas
1241 2974 1386 3030 forte
1420 2991 1525 3047 per
1562 2974 1891 3046 superbiam
1930 2974 2080 3029 male

379 3064 830 3137 interpretaturi,
862 3064 1159 3120 effuderat.
1195 3064 1353 3119 Illius
1394 3068 1587 3118 tamen
1617 3063 1783 3118 ﬂetus
1814 3062 2078 3134 exiguam

377 3155 536 3210 horae
564 3157 788 3225 partem
814 3169 929 3207 non
959 3152 1224 3208 excessit.
1261 3153 1450 3220 Legat,
1475 3151 1571 3217 ait,
1606 3154 1702 3220 qui
1724 3152 1882 3218 volet,
1913 3155 1962 3205 et
1990 3150 2081 3206 in-

383 3246 705 3313 terpretetur
730 3245 791 3295 ut
818 3242 956 3295 volet
988 3257 1001 3295 :
1044 3245 1095 3295 et
1135 3242 1186 3295 si
1223 3248 1503 3309 peccatum
1540 3242 1824 3306 invenerit,
1874 3241 2083 3309 flevisse

378 3346 461 3386 me
488 3334 716 3385 matrem
744 3331 944 3397 exigua
967 3332 1130 3398 parte
1153 3330 1316 3397 horae,
1339 3333 1567 3383 matrem
1594 3329 1760 3383 oculis
1783 3331 1915 3384 meis
1944 3331 2082 3384 inte-

380 3422 487 3477 rim
515 3422 806 3486 mortuam,
841 3432 959 3485 quae
984 3431 1066 3471 me
1108 3418 1303 3472 multos
1334 3432 1503 3471 annos
1541 3419 1783 3487 ﬂeverat,
1821 3421 1885 3472 ut
1918 3418 2084 3473 oculis

382 3510 492 3564 tuis
522 3508 785 3572 viverem;
817 3520 923 3560 non
951 3504 1202 3570 irrideat,
1226 3506 1319 3560 sed
1334 3508 1518 3575 potius
1546 3508 1597 3561 si
1623 3510 1703 3561 est
1728 3506 1931 3573 grandi
1952 3508 2083 3561 cha-

380 3600 560 3659 ritate,
587 3612 687 3667 pro
709 3597 949 3666 peccatis
973 3597 1104 3650 meis
1121 3597 1250 3664 fleat
1277 3596 1392 3665 ipse
1422 3595 1496 3650 ad
1527 3600 1577 3652 te
1604 3597 1821 3651 Patrem
1849 3598 2085 3652 omnium

379 3688 624 3754 fratrum
654 3684 863 3741 Christi
891 3686 974 3739 tui
1005 3684 1183 3751 (Ibid,
1214 3699 1272 3739 n.
1305 3683 1412 3754 33).

1033 3773 1260 3828 CAPUT
1297 3773 1434 3828 XIV.

387 3864 406 3917 l
451 3863 627 3917 Dilata
654 3861 838 3916 reditu
860 3860 937 3915 ad
947 3863 1215 3932 patriam,
1234 3861 1577 3931 Augustinus
1596 3864 1775 3919 Roma
1801 3860 2090 3916 conscribit

452 3952 662 4020 aliquot
691 3951 876 4019 libros,
917 3952 1125 4006 scilicet
1155 3950 1220 4005 de
1250 3951 1490 4006 Moribus
1519 3951 1766 4006 Ecclesia
1793 3950 2087 4004 catholica.

451 4041 486 4093 2
528 4041 602 4093 De
629 4040 870 4094 Moribus
898 4041 1338 4095 Manichzorum.
1375 4041 1405 4093 3
1436 4042 1509 4094 De
1534 4039 1849 4105 Quantitate
1873 4039 2088 4092 animae.

412 4185 416 4188 ,
454 4129 488 4181 4
525 4127 750 4183 Inchoat
777 4142 912 4198 opus
941 4127 1008 4181 de
1046 4128 1238 4182 Libero
1278 4127 1553 4195 Arbitrio,
1593 4130 1643 4181 et
1679 4126 1946 4196 quasdam
1981 4128 2090 4183 Ro-

452 4229 626 4270 manae
654 4216 903 4270 Ecclesia:
927 4213 1335 4269 consuetudines
1368 4213 1549 4269 discit.

459 4306 506 4358 l.
540 4303 929 4374 Augustinum
969 4301 1039 4356 ad
1081 4301 1235 4357 Ostia
1273 4301 1538 4356 Tiberina
1577 4300 1905 4372 pervenisse
1946 4300 2091 4355 vidi-

389 4408 536 4461 mus,
568 4395 633 4446 ut
657 4408 716 4446 se
746 4390 864 4446 illic
899 4390 1246 4445 instauraret
1295 4389 1673 4462 navigationi,
1712 4406 2001 4462 suumque
2033 4389 2096 4444 in

385 4480 631 4557 Africam
661 4479 912 4535 reditum
943 4479 1267 4535 adornaret.
1311 4481 1435 4535 Non
1480 4478 1705 4551 trajecit
1740 4482 1958 4548 tamen,
1986 4479 2097 4534 nisi

387 4573 519 4639 post
549 4567 777 4623 Maximi
814 4582 1038 4638 necem,
1068 4567 1178 4622 hoc
1215 4572 1319 4633 est,
1365 4583 1560 4622 mense
1591 4571 1834 4638 augusto
1881 4569 1967 4622 vel
2009 4584 2097 4622 se-

399 4654 650 4728 ptembri
674 4654 808 4710 anni
828 4654 1213 4710 trecentesimi
1234 4655 1563 4726 octogesimi
1584 4654 1786 4711 octavi.
1807 4657 1927 4722 Qua
1947 4656 2015 4711 de
2038 4673 2098 4710 re

397 4743 532 4797 satis
559 4744 750 4815 ample
787 4743 1034 4800 diximus
1082 4761 1254 4817 supra
1299 4746 1437 4815 (Lib.
1474 4749 1527 4814 2,
1574 4762 1696 4816 cap.
1743 4750 1815 4811 7).
1855 4747 2101 4818 Ipsemet

398 4835 664 4900 testatur,
697 4848 755 4887 se
798 4836 931 4903 post
959 4833 1338 4904 Baptismum,
1367 4833 1706 4906 priusquam
1747 4834 1809 4888 in
1853 4834 2101 4889 Africam

392 4925 704 4987 remearet,
735 4921 1069 4993 aliquandiu
1090 4923 1289 4977 Roma:
1310 4922 1627 4978 constitisse
1646 4923 1900 4994 (Retract.
1925 4923 2019 4978 lib.
2052 4927 2098 4999 l,

410 5024 453 5064 c.
486 5012 544 5079 7,
573 5025 628 5064 n.
667 5013 724 5076 l;
757 5026 803 5065 c.
836 5012 888 5074 8,
913 5026 970 5066 η.
1003 5013 1066 5076 l;
1098 5025 1145 5066 c.
1178 5014 1229 5077 9,
1257 5027 1312 5066 n.
1346 5012 1414 5081 1).
1443 5012 1552 5066 Per
1580 5011 1686 5066 hos
1715 5011 1837 5067 dies
1868 5011 2010 5066 duos
2041 5010 2103 5065 li-

396 5097 530 5152 bros
559 5097 915 5170 conscripsit,
946 5099 1190 5154 alterum
1222 5099 1292 5155 de
1325 5100 1574 5154 Moribus
1606 5099 1865 5155 Ecclesia:
1905 5099 2100 5155 catho-

398 5184 542 5253 licae,
586 5186 830 5240 alterum
868 5186 937 5242 de
966 5187 1219 5242 Moribus
1259 5187 1729 5243 Manichmorum.
1767 5187 2005 5258 Scripsit
2046 5190 2104 5240 et

395 5274 687 5346 dialogum
711 5276 779 5329 de
805 5275 1131 5340 Quantitate
1154 5276 1382 5344 animos,
1397 5292 1461 5330 ac
1483 5280 1598 5330 tres
1620 5276 1792 5331 libros
1812 5276 1879 5330 de
1903 5276 2104 5330 Libero

392 5362 665 5418 Arbitrio.
699 5362 864 5418 Liber
888 5364 958 5418 de
990 5362 1241 5419 Moribus
1280 5364 1541 5418 Ecclesiae
1573 5364 1760 5419 editus
1788 5368 1872 5418 est
1900 5368 2101 5418 contra

407 5450 763 5507 Manichaaos.
799 5453 941 5507 Nam
971 5468 1099 5506 cum
1131 5453 1482 5523 Augustinus
1510 5469 1681 5525 quam
1712 5453 1957 5507 maxime
1984 5469 2107 5524 gra-

416 5538 511 5594 tiae
541 5540 748 5596 Christi
786 5540 1121 5597 obstrictum
1152 5557 1211 5595 se
1250 5547 1604 5612 agnosceret,
1638 5543 1801 5614 cujus
1834 5540 2107 5597 nimirum

1570 280 1743 338 VITA
1796 279 1851 336 S.
1893 279 2279 339 AUGUSTINI
2335 280 2673 338 EPISCOPI.

3776 282 3872 334 156

2175 402 2387 458 auxilio
2417 419 2483 457 ex
2514 402 2668 458 illius
2696 402 2981 457 hereseos
3010 400 3237 474 gurgite
3263 400 3498 456 tandem
3517 403 3870 456 emerserat:

2174 493 2315 546 alios
2345 508 2574 565 quoque
2607 491 2884 563 periculo,
2915 491 3071 563 quod
3104 490 3224 562 ipse
3254 489 3491 556 adierat,
3524 489 3668 560 eripi
3699 489 3873 543 vehe-

2177 586 2399 636 menter
2428 581 2678 652 optabat.
2718 582 2783 635 Et
2814 579 3002 651 reipsa
3031 579 3089 634 id
3114 578 3303 633 solatii
3332 578 3606 650 percepit,
3638 582 3701 632 ut
3728 578 3876 631 Deus

2177 670 2299 742 ejus
2325 669 2642 724 ministerio
2667 668 2941 740 librisque
2962 684 3068 740 per
3087 684 3219 722 eum
3241 667 3430 722 divino
3454 666 3722 722 instinctu
3743 682 3875 722 con-

2177 758 2421 830 scriptis,
2448 775 2618 830 quam
2645 758 2927 830 plurimos
2945 774 2975 811 a
3004 756 3221 811 nefario
3246 756 3343 810 illo
3373 772 3564 810 errore
3592 754 3874 811 liberarit.

2179 849 2313 903 Duae
2335 847 2395 901 in
2418 846 2620 918 primis
2649 847 2932 902 illecebrae
2956 846 3026 901 ad
3046 846 3300 901 incautos
3319 849 3374 899 et
3404 847 3570 899 rudes
3591 844 3880 916 decipien-

2179 932 2281 987 dos
2324 934 2561 989 fuerunt
2600 934 2921 990 Manichaeis
2962 949 2976 989 :
3009 948 3146 1000 una,
3200 932 3610 1004 scripturarum
3658 930 3879 986 Veteris

2179 1023 2548 1090 Testamenti,
2570 1039 2711 1095 quas
2739 1022 3094 1095 ignorarent,
3112 1020 3477 1093 reprehensio
3495 1037 3508 1088 ;
3524 1021 3722 1086 altera,
3746 1020 3880 1075 vita:

2179 1114 2347 1165 castae
2380 1116 2436 1166 et
2467 1111 2771 1183 singularis
2800 1110 3169 1165 continentia:
3198 1109 3463 1164 simulata
3490 1108 3763 1180 professio
3787 1112 3881 1173 (De

2178 1201 2369 1256 Morib.
2389 1202 2533 1257 Eccl.
2557 1201 2724 1266 cath.,
2751 1217 2808 1256 n.
2841 1200 2913 1270 2).
2939 1201 3010 1254 Ut
3033 1198 3210 1270 igitur
3230 1198 3299 1253 ab
3328 1198 3438 1253 hoc
3465 1197 3780 1270 posteriore
3801 1197 3883 1252 la-

2179 1303 2328 1359 queo
2363 1288 2560 1345 ﬁdeles
2579 1293 2858 1345 averteret
2885 1288 3257 1360 Augustinus,
3283 1286 3602 1342 doctrinam
3631 1285 3885 1358 discipli-

2182 1394 2429 1451 namque
2469 1378 2761 1433 catholicm
2794 1376 3053 1433 Ecclesiae
3092 1375 3372 1448 explicare
3402 1374 3716 1438 constituit,
3748 1391 3883 1446 spe-

2181 1484 2312 1523 rans
2341 1467 2484 1535 fore,
2522 1472 2587 1523 ut
2625 1484 2693 1522 ex
2724 1468 2831 1522 hoc
2879 1467 3026 1521 libro
3064 1466 3422 1521 innotescere
3459 1467 3669 1535 posset,
3702 1479 3884 1535 quam

2179 1557 2331 1612 facili
2359 1556 2592 1628 negotio
2618 1557 2798 1611 virtus
2826 1555 3144 1619 simuletur,
3171 1558 3229 1609 et
3249 1570 3421 1625 quam
3442 1552 3661 1608 difﬁcili
3691 1556 3888 1607 tenea-

2180 1650 2292 1701 tur.
2321 1647 2452 1716 Ipso
2474 1645 2643 1700 initio
2669 1648 2928 1712 testatur,
2955 1647 3039 1698 sat
3057 1643 3116 1697 in
3138 1643 3265 1698 aliis
3281 1642 3443 1697 libris
3463 1640 3777 1696 ostendisse
3799 1656 3884 1708 se,

2183 1734 2670 1806 quemadmodum
2701 1749 2863 1788 error
2893 1737 2950 1786 et
2975 1730 3260 1803 impietas,
3284 1747 3395 1803 qua
3414 1730 3476 1784 in
3496 1731 3668 1784 Vetus
3690 1731 3887 1784 Testa-

2183 1828 2443 1878 mentum
2466 1823 2815 1877 invehuntur
2833 1820 3148 1890 Manichaei,
3166 1819 3347 1892 possit
3365 1817 3712 1890 impugnari.
3740 1819 3889 1873 Eum

2182 1916 2376 1967 tamen
2400 1912 2507 1967 liae
2528 1910 2599 1965 de
2622 1927 2682 1964 re
2712 1909 3107 1981 superioribus
3138 1907 3427 1980 opusculis
3455 1908 3635 1978 egisse
3660 1922 3778 1961 non
3811 1906 3891 1960 le-

2184 2000 2392 2071 gimus.
2418 2000 2777 2071 Quapropter
2798 2015 2911 2052 non
2942 1999 3082 2052 alios
3103 1998 3409 2070 epinamur
3436 1999 3782 2051 memoratos
3804 1994 3890 2049 ibi

2184 2089 2256 2144 ab
2277 2105 2342 2143 eo
2362 2088 2558 2150 libros.
2584 2087 2697 2142 nisi
2718 2087 2977 2160 geminos
2998 2086 3145 2155 illos,
3172 2086 3380 2158 quibus
3399 2085 3629 2140 initium
3655 2083 3892 2140 Genesis

2185 2182 2381 2233 contra
2413 2176 2854 2232 Manichmorum
2880 2175 3195 2231 calumnias
3215 2179 3343 2246 post
3370 2174 3618 2229 reditum
3646 2173 3707 2227 in
3734 2171 3891 2227 Afri-

2185 2283 2308 2321 cam
2342 2265 2626 2337 exposuit.
2662 2265 2822 2331 Quod
2852 2265 2899 2318 si
2928 2264 3009 2319 ita
3039 2268 3143 2331 est,
3168 2264 3300 2319 libri
3320 2263 3391 2318 de
3423 2262 3668 2318 Moribus
3698 2260 3891 2316 Eccle-

2186 2354 2284 2409 siae
2318 2359 2374 2409 et
2393 2355 2462 2409 de
2485 2353 2733 2409 Moribus
2755 2352 3193 2408 Manichaeorum
3217 2351 3410 2424 scripti
3432 2351 3663 2424 quidem
3688 2352 3893 2406 Roma

2185 2441 2419 2509 fuerint,
2443 2442 2672 2514 quando
2696 2440 2818 2513 ipse
2839 2445 3036 2496 auctor
3064 2440 3120 2496 id
3143 2444 3384 2495 testatur
3412 2457 3424 2494 :
3450 2455 3569 2495 non
3588 2442 3785 2494 tamen
3806 2437 3895 2492 ibi

2186 2530 2459 2601 publicati
2511 2545 2701 2601 neque
2731 2530 2968 2601 perfecti
3010 2545 3264 2599 prorsus,
3306 2527 3419 2583 nisi
3463 2527 3786 2600 Augustino
3826 2526 3894 2580 in

2185 2618 2373 2673 Africa
2393 2617 2513 2689 jam
2544 2617 2875 2674 constituto.
2919 2617 3397 2674 Enimverolocis
3434 2615 3724 2672 nonnullis
3752 2631 3891 2686 per-

2186 2707 2320 2762 inde
2358 2711 2443 2761 est
2472 2707 2712 2774 locutus,
2746 2722 2810 2761 ac
2837 2706 2884 2761 si
2926 2708 3111 2762 Roma
3146 2710 3269 2760 tum
3312 2706 3554 2773 abesset,
3593 2709 3662 2760 ut
3694 2704 3895 2759 videre

2188 2802 2274 2851 est
2300 2794 2433 2851 libri
2458 2795 2633 2867 primi
2661 2794 2843 2867 capite
2868 2794 3163 2867 trigesimo
3193 2795 3381 2854 tertio.
3402 2799 3459 2849 et
3486 2794 3618 2849 libri
3652 2792 3896 2848 secundi

2187 2884 2369 2957 capite
2398 2884 2694 2957 vigesimo.
2728 2883 2895 2952 Quid,
2928 2883 3087 2956 quod
3124 2883 3184 2938 in
3210 2883 3465 2954 ejusdem
3497 2882 3629 2938 libri
3651 2880 3923 2937 secundi.

2187 2973 2372 3046 capite
2401 2972 2739 3028 duodecimo
2778 2975 3059 3027 memorat
3091 2971 3403 3044 quodpiam
3438 2987 3543 3042 pro
3582 2970 3899 3026 Manichaee.

2186 3061 2393 3117 haeresi
2425 3078 2636 3116 novum
2665 3078 3027 3133 responsum,
3060 3061 3214 3132 quod
3254 3076 3314 3115 se
3352 3075 3539 3131 nuper
3566 3059 3718 3131 apud
3750 3061 3893 3115 Car-

2188 3152 2280 3206 tha
2288 3150 2478 3221 ginem
2507 3150 2787 3205 audivisse
2807 3151 3085 3204 testatur?
3104 3149 3373 3214 Quasdam
3398 3149 3610 3203 scilicet
3626 3149 3712 3203 his
3727 3149 3896 3204 libris

2190 3241 2389 3295 Romae
2414 3239 2670 3312 primum
2698 3238 2921 3309 scriptis
2950 3238 3194 3292 accessio
3221 3240 3423 3307 postea
3451 3236 3578 3290 ﬁeri
3614 3237 3675 3292 in
3702 3236 3898 3293 Africa

2189 3328 2397 3400 potuit,
2432 3332 2740 3399 antequam
2759 3326 3152 3396 vulgarentur.
3180 3323 3532 3395 Augustinus
3553 3323 3731 3393 igitur
3758 3340 3897 3379 cum

2188 3416 2393 3472 tacitus
2419 3416 2569 3470 ferre
2593 3430 2713 3468 non
2745 3417 2938 3485 posset
2968 3410 3410 3467 Manichaeorum
3440 3412 3509 3465 de
3539 3412 3679 3466 falsa
3706 3412 3898 3467 conti-

2191 3505 2390 3561 nentia
2412 3509 2471 3559 et
2495 3502 2684 3558 fallaci
2709 3500 3058 3556 abstinentia
3082 3517 3184 3555 sua
3202 3499 3559 3572 jactantiam,
3581 3517 3692 3572 qua
3713 3500 3901 3572 impe-

2192 3594 2331 3648 ritos
2360 3593 2420 3647 in
2451 3607 2701 3647 errorem
2731 3589 3102 3656 inducebant,
3126 3605 3256 3643 cum
3276 3604 3334 3644 se
3354 3588 3502 3643 veris
3532 3588 3899 3656 Christianis,

2193 3682 2401 3754 quibus
2422 3677 2792 3752 comparandi
2809 3694 2924 3732 non
2948 3682 3130 3745 erant,
3145 3677 3455 3732 insolenter
3472 3681 3901 3750 praeponerent,

2195 3770 2486 3827 silentium
2521 3768 2705 3835 solvit,
2725 3771 2782 3822 et
2809 3767 3003 3821 stilum
3025 3766 3286 3839 arripuit.
3311 3768 3375 3820 In
3396 3783 3509 3838 quo
3537 3771 3730 3821 tamen
3760 3782 3901 3821 eum

2198 3860 2433 3915 modum
2464 3862 2659 3912 tenere
2696 3855 2893 3921 voluit,
2937 3859 3002 3910 ut
3038 3855 3097 3909 in
3127 3855 3383 3926 perditos
3420 3855 3651 3909 illorum
3684 3869 3902 3922 mores,

2198 3950 2307 4005 sibi
2329 3948 2679 4015 notissimos,
2704 3962 2820 4001 non
2840 3950 2959 4000 tam
2983 3945 3188 4000 acriter
3206 3945 3590 4012 inveheretur,
3615 3960 3789 4015 quam
3810 3944 3904 3998 illi

2199 4037 2452 4094 haeretici
2481 4036 2541 4091 in
2572 4052 2639 4091 ea
2665 4051 2794 4107 quae
2832 4034 3181 4106 ignorarent.
3219 4036 3324 4089 Eos
3361 4032 3516 4087 enim
3556 4048 3757 4087 sanare
3786 4048 3905 4103 po-

2198 4127 2333 4193 tius,
2367 4140 2540 4198 quam
2592 4138 2927 4195 oppugnare
2966 4126 3022 4176 et
3059 4121 3287 4177 vincere
3329 4121 3614 4192 cupiebat.
3656 4120 3770 4174 Nec
3816 4119 3906 4175 ibi

2202 4213 2492 4286 mysteria,
2542 4229 2670 4285 quae
2712 4211 2772 4265 in
2811 4210 3118 4282 Scripturis
3156 4211 3278 4282 ipse
3322 4209 3638 4281 detegebat,
3681 4208 3902 4280 aperit;

2204 4318 2335 4358 cum
2362 4317 2460 4355 eos
2489 4317 2603 4355 non
2634 4315 2834 4355 verum
2866 4299 3085 4362 docere,
3114 4299 3207 4354 sed
3242 4299 3448 4353 falsum
3485 4297 3786 4366 dedocere,
3815 4296 3903 4351 fa-

2203 4395 2371 4446 vente
2403 4391 2539 4452 Deo,
2593 4388 2792 4443 fuisset
2823 4388 3074 4442 adortus.
3106 4388 3221 4443 Sub
3272 4386 3400 4442 libri
3442 4385 3617 4457 primi
3661 4385 3841 4440 ﬁnem
3871 4402 3904 4439 a

2205 4494 2429 4536 morum
2461 4477 2716 4533 doctrina
2746 4477 2817 4532 ad
2845 4476 3072 4532 virtutis
3101 4477 3382 4548 exempla,
3411 4492 3538 4547 quae
3567 4474 3626 4529 in
3656 4472 3905 4529 Ecclesia

2206 4567 2523 4633 elucebant,
2572 4566 2857 4638 delapsus,
2897 4565 3123 4621 disserit
3151 4565 3220 4620 de
3270 4564 3535 4636 perfectis
3580 4562 3693 4617 illis
3722 4562 3907 4617 eremi

2206 4656 2538 4725 cultoribus,
2564 4656 2663 4728 qui
2692 4673 2750 4711 se
2776 4656 2847 4711 ab
2876 4655 3034 4710 omni
3052 4654 3354 4710 hominum
3374 4652 3715 4708 commercio
3738 4651 3904 4724 peni-

2208 4752 2298 4801 tus
2321 4746 2715 4818 disjunxerant
2744 4762 2757 4800 :
2791 4745 2861 4800 de
2891 4743 3037 4799 mira
3067 4742 3479 4799 ccenobitarum
3508 4741 3903 4808 multitudine,

2209 4835 2308 4907 qui
2334 4835 2437 4890 sub
2468 4834 2639 4889 unius
2662 4833 2843 4907 patris
2872 4832 3263 4888 moderamine
3294 4832 3355 4887 in
3373 4829 3609 4887 desertis
3639 4829 3774 4884 locis
3805 4829 3907 4885 de—

2211 4929 2430 4995 gentes,
2460 4939 2519 4979 se
2556 4939 2835 4979 manuum
2863 4937 3100 4977 suarum
3127 4921 3326 4976 labone
3356 4918 3754 4975 sustentabant
3786 4935 3800 4973 :
3836 4918 3908 4974 de

2212 5012 2762 5081 sanctimonialihus,
2783 5027 2912 5083 quae
2934 5010 3005 5064 ab
3035 5009 3194 5064 omni
3220 5009 3476 5064 virorum
3506 5010 3810 5076 conspectu
3827 5024 3913 5062 se-

2204 5101 2440 5173 junctas,
2472 5101 2671 5156 eodem
2717 5100 2830 5153 ritu
2874 5098 3141 5152 vivebant
3171 5114 3183 5152 ε
3216 5098 3285 5153 de
3316 5097 3512 5152 multis
3547 5095 3827 5168 episcopis
3857 5100 3915 5151 et

2212 5188 2429 5243 clericis
2454 5186 2843 5255 sanctissimis,
2871 5201 3117 5257 quorum
3139 5184 3315 5240 virtus
3336 5201 3403 5239 eo
3427 5183 3747 5239 mirabilior
3766 5188 3911 5250 erat,

2213 5293 2327 5348 quo
2353 5276 2642 5331 difficilius
2672 5280 2755 5329 est
2781 5291 2908 5329 eam
2937 5273 3090 5328 inter
3116 5273 3407 5346 improbos
3438 5272 3587 5328 tueri
3611 5289 3624 5328 :
3659 5272 3911 5344 denique

2213 5365 2281 5421 de
2323 5364 2491 5418 variis
2527 5363 2827 5434 utriusque
2873 5372 3035 5417 sexds
3086 5352 3441 5429 Christianis,
3477 5362 3576 5433 qui
3613 5361 3819 5415 mediis
3852 5360 3913 5415 in

2212 5452 2451 5509 urbibus
2478 5452 2652 5518 idem,
2679 5451 2833 5522 quod
2853 5451 2950 5506 alii
2979 5451 3039 5505 in
3067 5451 3396 5519 solitudine,
3420 5450 3548 5505 vita:
3574 5465 3756 5521 genus
3776 5466 3911 5504 con-

2219 5541 2598 5596 sectabantur.
2647 5539 2878 5595 Viderat
2919 5539 3106 5595 simile
3149 5539 3532 5597 diversorium
3581 5542 3911 5594 sanctorum
