4060 6356
154 314 256 365 157

147 430 464 486 Mediolani
495 448 510 487 :
546 433 741 487 Romm
770 432 942 488 etiam
971 433 1138 505 plura
1162 438 1525 506 cognoverat.

218 523 278 574 2.
334 522 404 575 In
445 536 513 575 eo
561 520 709 575 libro
759 521 1029 576 volumen
1075 522 1229 577 aliud
1276 522 1596 594 pollicetur,
1643 538 1756 595 quo
1786 521 1858 576 sit

146 612 515 676 ostensurus,
560 624 736 680 quam
783 626 927 664 vana
954 610 1046 677 sit,
1086 611 1204 665 imo
1246 628 1417 683 quam
1449 611 1639 677 noxia,
1681 627 1854 682 quam

147 696 435 767 sacrilega
456 696 655 763 virtus,
678 713 790 768 qua
812 698 1205 768 gloriabantur
1234 699 1528 754 Manichazi
1554 720 1569 764 ;
1599 704 1655 754 et
1681 700 1769 752 vix
1791 715 1853 754 ac

146 797 220 836 ne
250 782 351 836 vix
380 782 617 854 quidem
645 799 827 838 unum
859 800 928 838 ex
953 784 1067 839 illis
1093 786 1267 856 leges,
1309 802 1450 857 quas
1479 786 1852 841 irrationabili

145 870 567 941 superstitione
596 870 703 925 sibi
731 872 1185 942 praescriberent,
1216 876 1514 929 observare
1537 874 1631 944 (De
1658 874 1850 930 Morib.

144 960 305 1015 Eccl.
356 960 528 1026 cath.,
569 976 627 1016 η.
668 963 781 1029 75).
832 960 892 1015 Id
931 966 1169 1032 praestat
1214 962 1275 1016 in
1318 962 1463 1016 libro
1508 962 1577 1017 de
1609 961 1855 1017 Moribus

146 1047 625 1115 Manichaeorum,
658 1046 718 1101 in
740 1064 853 1119 quo
881 1049 978 1103 ubi
1003 1049 1319 1121 theologica
1344 1066 1543 1104 eorum
1573 1049 1856 1122 principia

143 1136 493 1202 confutavit,
525 1136 877 1191 demonstrat
916 1137 977 1191 in
1012 1153 1128 1209 quo
1170 1138 1405 1193 .tandem
1449 1138 1684 1193 moralis
1722 1138 1848 1192 illo-

144 1240 281 1279 rum
309 1225 574 1279 doctrina
593 1226 945 1280 consisteret.
984 1227 1223 1281 Demum
1252 1227 1653 1281 animadvertit
1681 1242 1854 1299 quam

146 1316 417 1368 accurate
468 1314 627 1368 illam
677 1314 1065 1381 observarent,
1114 1331 1180 1370 ex
1228 1315 1296 1369 iis
1343 1332 1471 1386 qua:
1503 1320 1601 1370 aut
1625 1316 1745 1386 ipse
1773 1315 1855 1369 vi-

145 1401 334 1468 derat,
372 1406 472 1457 aut
500 1402 571 1457 ab
601 1402 840 1457 oculatis
867 1403 1109 1457 testibus
1138 1408 1449 1475 acceperat.
1485 1403 1652 1457 Varia
1678 1420 1852 1474 supe-

146 1488 270 1544 rius
313 1490 581 1561 exempla
616 1490 959 1557 notavimus,
991 1506 1119 1562 qua;
1149 1491 1245 1545 ille
1276 1507 1448 1562 super
1474 1491 1580 1546 hac
1606 1507 1669 1546 re
1698 1508 1853 1546 com-

144 1583 440 1633 memorat
468 1577 694 1649 (Supra,
723 1579 821 1634 lib.
857 1582 907 1648 1,
937 1594 1055 1649 cap.
1092 1579 1162 1650 9).

218 1670 270 1723 3.
326 1667 527 1721 Roma
566 1666 739 1721 etiam
788 1682 903 1721 non
958 1668 1139 1722 multo
1186 1671 1313 1738 post
1354 1672 1632 1739 tempore,
1681 1684 1854 1739 quam

146 1754 473 1810 Mediolano
520 1754 882 1823 discessisset,
924 1755 1132 1810 librum
1177 1757 1246 1811 de
1294 1756 1618 1821 Quantitate
1647 1756 1854 1811 anima:

146 1842 513 1913 conscripsit.
551 1842 819 1912 Dialogus
849 1848 951 1910 est,
985 1844 1086 1915 qui
1115 1844 1248 1899 satis
1278 1844 1503 1899 nativus
1531 1848 1587 1899 et
1615 1845 1687 1899 ad
1715 1844 1856 1899 veri-

146 1937 331 1987 tatem
362 1932 591 1986 videtur
620 1932 915 1998 adductus,
945 1937 1010 1987 ut
1040 1948 1155 1987 non
1200 1933 1434 1987 omnino
1464 1932 1697 1987 ﬁctitius
1736 1932 1853 1987 exi-

155 2020 447 2074 stimetur.
477 2019 744 2075 Habitum
771 2036 900 2075 cum
931 2021 1137 2075 Evodio
1156 2020 1347 2091 prodit
1361 2022 1483 2092 ipse
1502 2021 1854 2093 Augustinus

147 2109 203 2163 in
236 2108 488 2180 epistola
515 2108 586 2163 ad
616 2109 879 2164 eumdem
909 2110 1037 2164 data
1065 2112 1258 2180 (Epist.
1290 2113 1407 2177 162,
1437 2126 1493 2165 n.
1539 2110 1616 2181 2).
1650 2111 1714 2164 In
1746 2111 1856 2164 hoc

151 2198 297 2252 libro
327 2198 517 2252 multa
543 2197 613 2252 de
643 2197 837 2252 anima
865 2198 1072 2270 quierit
1092 2202 1150 2252 et
1174 2198 1444 2269 expendit
1474 2214 1489 2253 :
1520 2213 1726 2269 nempe
1756 2214 1857 2252 un-

148 2287 356 2341 denam
392 2286 566 2340 ducat
592 2284 899 2357 originem,
928 2286 1114 2358 qualis
1144 2286 1237 2353 sit,
1264 2290 1481 2358 quanta
1506 2287 1607 2354 sit;
1635 2301 1736 2340 cur
1763 2286 1852 2340 in-

148 2372 270 2427 fusa
300 2373 552 2445 corpori,
598 2374 782 2445 qualis
812 2376 1011 2430 evadat
1039 2374 1265 2446 corpori
1292 2374 1475 2440 unita,
1506 2373 1689 2445 qualis
1716 2387 1843 2425 cum

1615 304 1828 369 LIBm
1866 311 2193 368 TERTIUS.

3561 314 3659 367 158

1960 434 2114 489 illius
2143 435 2517 506 compagibus
2535 436 2719 489 soluta
2742 434 2933 488 luerit.
2966 436 3173 488 Verum
3196 435 3331 506 quia
3353 438 3409 489 et
3429 435 3661 491 uberius

1962 528 2019 578 et
2039 523 2357 578 accuratius
2377 522 2628 595 disputat
2648 526 2863 594 quanta
2884 522 2976 589 sit,
3007 525 3072 576 ut
3090 538 3216 576 eam
3242 526 3299 576 et
3326 523 3659 593 quantitatis

1962 616 2017 665 et
2049 612 2301 682 corporis
2332 616 2622 682 expertem
2654 626 2798 677 esse,
2829 615 2885 664 et
2914 614 3108 664 tamen
3138 626 3411 680 magnum
3436 611 3652 682 aliquid

1960 716 2081 753 esse
2112 700 2491 765 demonstret;
2542 716 2611 753 ex
2655 699 2761 753 hac
2808 697 3178 768 inquisitione
3217 698 3429 753 factum
3459 701 3561 761 est,
3595 702 3657 752 ut

1960 784 2103 839 liber
2132 786 2236 840 iste
2264 786 2333 841 de
2363 786 2685 851 Quantitate
2709 786 2914 840 animm
2948 790 3394 856 nuncuparetur.

2032 877 2081 929 4.
2122 874 2372 947 Denique
2402 880 2517 929 tres
2553 875 2732 929 libros
2762 875 2832 928 de
2867 874 3065 929 Libero
3109 874 3358 929 Arbitrio
3390 874 3565 929 etiam
3594 873 3656 928 in

1964 962 2106 1016 Urbe
2149 962 2487 1017 constitutus
2532 962 2816 1016 inchoavit
2865 978 2878 1016 :
2921 963 3063 1017 duos
3091 962 3245 1016 enim
3292 962 3654 1034 posteriores,

1961 1049 2182 1120 aliquot
2209 1050 2376 1105 annis
2413 1050 2741 1122 interjectls,
2770 1050 2891 1121 jam
2920 1051 3213 1121 presbyter
3241 1050 3533 1105 ordinatus
3562 1050 3681 1129 ab;

1963 1138 2148 1193 solvit.
2182 1140 2379 1194 Romae
2399 1155 2531 1193 cum
2552 1143 2765 1210 ageret,
2791 1138 2988 1193 didicit
3011 1138 3165 1193 haud
3189 1138 3360 1194 dubie
3378 1139 3655 1209 quasdam

1961 1227 2401 1282 consuetudines
2450 1227 2710 1281 Ecclesia:
2742 1228 3012 1281 Romanae
3049 1227 3311 1298 proprias
3340 1228 3410 1282 ab
3440 1226 3564 1297 ipso
3597 1227 3657 1280 in

1963 1315 2079 1369 suis
2126 1316 2412 1387 opusculis
2457 1320 2819 1382 memoratas,
2868 1315 3053 1386 qualis
3096 1321 3183 1370 est
3225 1315 3323 1369 illa
3355 1315 3656 1386 jejunandi

1962 1404 2160 1458 crebro
2190 1404 2374 1459 tribus
2400 1404 2598 1458 diebus
2627 1404 3023 1473 hebdomadas,
3042 1419 3251 1475 nempe
3271 1403 3411 1457 feria
3431 1408 3653 1474 quarta,

1963 1498 2118 1545 sexta
2138 1495 2195 1546 et
2220 1491 2480 1560 sabbato;
2512 1495 2576 1546 ut
2602 1491 2917 1561 plurimum
2947 1495 3137 1546 autem
3159 1491 3417 1559 sabbato,
3447 1495 3658 1562 praeter

1964 1579 2439 1634 consuetudinem
2488 1579 2748 1634 omnium
2788 1580 2968 1634 ferme
3000 1579 3376 1635 Orientalium
3415 1584 3471 1634 et
3508 1578 3659 1635 Occi-

1962 1668 2278 1723 dentalium
2298 1668 2775 1736 Christianorum,
2800 1670 2899 1741 qui
2914 1668 3145 1723 sabbato
3167 1684 3282 1723 non
3299 1668 3654 1739 jejunabant.

1962 1759 2170 1812 Verum
2200 1774 2272 1812 ne
2291 1758 2486 1812 Romae
2510 1758 2745 1829 quidem
2765 1774 2870 1829 per
2891 1762 3116 1828 tempus
3140 1757 3407 1811 Paschale
3426 1756 3658 1810 sabbato

1955 1844 2242 1915 jejunium
2274 1845 2620 1911 servabatur,
2649 1844 2747 1900 ubi
2778 1845 2948 1899 etiam
2979 1860 3094 1899 non
3119 1844 3430 1914 putabatur
3458 1842 3659 1913 quinta

1963 1934 2102 1987 feria
2142 1948 2263 1987 esse
2289 1933 2667 2004 jejunandum
2707 1933 2902 2004 (Epist.
2956 1935 3043 1998 36,
3084 1948 3178 1986 nn.
3231 1934 3283 1999 8,
3336 1931 3410 2003 9).
3462 1932 3657 1986 Romae

1963 2037 2192 2093 quoque
2254 2020 2546 2076 auditione
2587 2020 2803 2092 accepit
2843 2019 3185 2075 exsecranda
3234 2019 3474 2091 ﬂagitia,
3529 2034 3657 2090 quas

1965 2108 2255 2164 Manichaei
2280 2108 2396 2162 suis
2426 2109 2485 2162 in
2516 2108 2805 2163 sacriﬁciis
2828 2112 3242 2180 perpetrarent,
3274 2112 3339 2162 ut
3365 2123 3436 2163 ex
3456 2122 3655 2161 eorum

1962 2197 2313 2252 confessione
2343 2196 2406 2251 in
2451 2196 2643 2252 Galliis
2671 2196 2900 2269 publico
2939 2197 3000 2251 in
3022 2196 3238 2268 judicio
3269 2196 3416 2252 facta
3442 2200 3660 2251 consta-

1961 2286 2059 2340 bat
2093 2284 2187 2357 (De
2213 2287 2342 2343 Nat.
2364 2287 2502 2339 Boni
2519 2289 2706 2340 contra
2732 2284 2995 2352 Manich.,
3026 2299 3147 2355 cap.
3183 2284 3253 2342 tl.

1238 2564 1752 2740 LIBER
1865 2610 2622 2739 TERTIUS.

634 2828 707 2877 De
737 2827 1018 2891 Augustini
1047 2828 1214 2877 reditu
1244 2828 1297 2877 in
1326 2827 1560 2877 Africam
1592 2842 1655 2877 ac
1689 2827 1752 2875 de
1788 2826 1943 2875 rebus
1967 2824 2036 2873 ibi
2068 2824 2230 2889 gestis
2254 2823 2318 2872 ab
2347 2822 2461 2887 ipso
2490 2836 2651 2884 usque
2690 2819 2757 2869 ad
2778 2820 3175 2884 Episcopatum.

727 3103 951 3159 CAPUT
990 3102 1286 3179 PBIMUM.

167 3231 182 3283 ι
219 3228 481 3295 Africam
508 3228 724 3297 repetit,
756 3227 850 3281 ubi
881 3241 937 3281 se
977 3242 1097 3281 cum
1136 3226 1433 3282 Mediolani
1456 3228 1656 3294 ageret,
1689 3223 1855 3279 Eulo-

225 3319 316 3385 gio
347 3317 680 3383 Carthagine
711 3316 922 3370 docenti
959 3316 1279 3385 apparuisse
1306 3316 1363 3368 in
1390 3316 1609 3381 somnis,
1643 3328 1709 3366 cae
1740 3314 1857 3381 ipso

226 3407 508 3474 comperit.
536 3406 569 3457 2
597 3406 820 3458 Interest
848 3405 1109 3458 miraculo
1139 3405 1432 3457 curationis
1459 3403 1771 3457 Innocentii.

230 3548 277 3599 l.
304 3544 607 3615 Maximus,
628 3544 727 3617 qui
748 3544 1013 3600 Gratiano
1037 3544 1343 3616 imperium
1369 3560 1473 3617 per
1491 3544 1857 3616 tyrannidem

160 3632 454 3688 ademerat
484 3649 635 3688 anno
658 3633 1055 3688 trecentesimo
1085 3633 1432 3704 octogesimo
1449 3633 1856 3705 tertio,quique

163 3720 627 3776 Valentinianum
651 3722 941 3793 juniorem
966 3721 1128 3776 Italia
1148 3723 1442 3794 expulerat
1470 3738 1623 3777 anno
1645 3727 1858 3777 trecen-

164 3810 365 3864 tesimo
398 3810 749 3881 octogesimo
770 3810 1034 3881 septimo,
1061 3810 1277 3865 occisus
1298 3815 1383 3865 est
1403 3826 1552 3865 anno
1572 3808 1853 3882 sequenti,

166 3898 363 3970 quinto
386 3898 661 3953 kalendas
677 3901 837 3971 Angu
846 3899 915 3953 sti
928 3904 1027 3953 aut
1037 3902 1192 3953 sexto
1208 3899 1481 3954 kalendas
1501 3898 1853 3970 septembris.

161 3988 285 4042 Post
351 3988 481 4059 ejus
538 4002 743 4041 necem
796 3987 1147 4057 Augustinus
1206 3987 1265 4041 in
1330 3988 1578 4041 Africam
1632 3987 1856 4058 trajecit

163 4077 374 4144 (Contra
402 4075 517 4130 litt.
549 4076 821 4141 Petiliani,
854 4075 949 4129 lib.
982 4077 1035 4141 3,
1064 4091 1122 4129 n.
1152 4075 1273 4145 30);
1307 4076 1402 4129 sed
1426 4079 1708 4146 quantum
1738 4090 1856 4129 mu-

163 4167 305 4217 tatus
348 4163 422 4217 ab
456 4162 554 4217 illo
582 4162 922 4233 Augustino,
956 4162 1056 4234 qui
1093 4178 1158 4217 ex
1189 4179 1253 4217 ea
1287 4164 1533 4217 solverat
1561 4178 1710 4217 anno
1740 4167 1855 4217 tre-

161 4253 469 4306 centesimo
495 4252 840 4322 octogesimo
868 4251 1063 4307 tertio!
1097 4252 1308 4320 Sciunt,
1342 4252 1438 4319 ait,
1475 4253 1605 4321 quia
1632 4257 1683 4307 et
1711 4253 1860 4306 navi-

162 4344 414 4408 gavimus
459 4340 779 4409 aliquando,
812 4343 989 4395 sciunt
1033 4343 1164 4410 quia
1191 4345 1241 4395 et
1260 4343 1600 4411 peregrinati
1626 4356 1808 4396 sumus
1839 4359 1855 4395 :

162 4430 304 4484 siunt
356 4430 490 4498 quia
537 4430 639 4483 alii
683 4430 902 4489 ivimus,
943 4433 994 4483 et
1040 4430 1140 4483 alii
1186 4430 1478 4484 redivimus
1534 4431 1759 4498 (Enarr.
1801 4432 1859 4483 in

164 4501 303 4553 Psal.
354 4516 542 4567 xxxvr,
589 4515 747 4554 serm.
800 4503 854 4569 3,
900 4515 954 4553 n.
1002 4501 1107 4570 19).
1141 4500 1543 4571 Carthaginem
1572 4500 1859 4572 appulisse

168 4587 438 4653 creditur,
486 4592 543 4642 et
580 4587 698 4642 illic
721 4587 906 4658 prius,
941 4603 1112 4658 quam
1140 4604 1199 4642 se
1228 4589 1529 4660 Tagastam
1558 4592 1856 4656 conferret,

168 4674 520 4746 aliquamdiu
548 4676 885 4731 constitisse.
918 4676 1003 4731 Ibi
1034 4675 1329 4748 quippiam
1348 4677 1565 4731 audivit
1584 4677 1734 4733 dictu
1752 4676 1859 4732 mi-

168 4762 363 4830 rabile,
395 4765 551 4835 quod
594 4764 719 4836 ipso
767 4765 1070 4820 Mediolani
1116 4769 1318 4836 agente
1355 4765 1689 4837 contigerat.
1721 4767 1861 4823 Car—

170 4851 406 4921 thaginis
429 4853 612 4908 rhetor
633 4855 917 4922 Eulogius,
942 4853 1153 4926 inquit,
1180 4855 1277 4922 qui
1295 4868 1441 4908 meus
1463 4855 1521 4907 in
1545 4854 1729 4908 eadem
1745 4860 1861 4909 arte

169 4938 465 5010 discipulus
488 4943 622 5010 fuit,
656 4944 796 4997 sicut
822 4944 962 4997 mihi
986 4945 1120 5011 ipse,
1144 4948 1498 5012 posteaquam
1520 4944 1579 4997 in
1608 4943 1861 5009 Africam

167 5032 536 5098 remeavimus,
564 5031 771 5090 retulit.
798 5046 918 5085 cum
942 5032 1233 5085 rhetoricos
1266 5032 1537 5087 Ciceronis
1562 5031 1729 5085 libros
1766 5031 1860 5084 di-

170 5117 381 5184 scipulis
410 5119 523 5172 suis
554 5118 807 5186 traderet,
826 5134 1095 5174 recensens
1126 5119 1420 5185 lectionem,
1457 5134 1621 5187 quam
1656 5121 1855 5189 postri-

171 5201 252 5255 die
267 5206 451 5269 fuerat
465 5206 791 5276 traditurus,
811 5209 1096 5277 quemdam
1115 5209 1286 5264 locum
1307 5207 1533 5276 offendit
1548 5208 1855 5276 obscurum,

172 5304 268 5356 quo
307 5309 413 5349 non
460 5296 748 5364 intellecto,
798 5299 896 5350 via:
924 5299 1100 5366 potuit
1140 5297 1374 5351 dormire
1405 5297 1670 5351 sollicitus
1706 5313 1718 5353 :
1753 5313 1862 5366 qua

177 5384 315 5434 nocte
341 5386 652 5449 somnianti,
683 5399 776 5452 ego
796 5385 882 5438 illi
910 5385 1054 5453 quod
1079 5401 1185 5439 non
1214 5386 1546 5451 intelligebat
1571 5388 1797 5454 exposui
1840 5402 1857 5439 :

174 5466 272 5520 imo
295 5484 398 5523 non
428 5487 543 5539 ego,
584 5471 680 5526 sed
716 5474 895 5541 imago
927 5488 1045 5526 mea
1071 5476 1331 5528 nesciente
1357 5489 1457 5539 me.
1486 5478 1536 5527 et
1568 5478 1678 5528 tam
1709 5474 1861 5540 longe

176 5555 319 5612 trans
345 5574 493 5614 mare
518 5560 735 5631 aliquid
763 5560 920 5616 aliud
946 5562 1058 5616 sive
1086 5567 1296 5632 agente,
1321 5564 1433 5618 sive
1461 5564 1779 5627 somniante,
1806 5566 1857 5616 et

1964 3098 2107 3152 nihil
2134 3096 2200 3150 de
2226 3096 2374 3150 illius
2401 3094 2548 3149 curis
2575 3094 2791 3148 omnino
2825 3094 3050 3147 curante
3076 3090 3176 3160 (De
3214 3090 3358 3147 Cura
3384 3102 3486 3159 pro
3515 3090 3662 3142 mort

1965 3204 2019 3256 ο(
2030 3186 2220 3251 renda,
2250 3199 2307 3238 η.
2344 3183 2445 3249 l3).

2034 3278 2092 3331 2.
2137 3273 2339 3327 Verum
2381 3269 2539 3325 aliud
2576 3270 2744 3341 longe
2764 3266 3073 3340 jucundius
3094 3268 3523 3335 commemorat,
3555 3264 3662 3318 hoc

1963 3362 2087 3433 ipso
2110 3365 2332 3433 gestum
2362 3363 2641 3430 tempore,
2670 3357 3025 3411 curationem
3056 3355 3270 3410 scilicet
3290 3354 3527 3409 illustris
3556 3352 3664 3406 viri

1965 3448 2307 3517 Innocentii,
2368 3444 2691 3501 exadvocati
2739 3443 2962 3499 vicariae
3020 3442 3371 3514 praefecturae
3423 3456 3437 3495 :
3498 3440 3662 3511 cujus

1962 3537 2086 3609 ipse
2118 3534 2491 3607 Augustinus,
2523 3533 2571 3587 si
2601 3537 2797 3587 auctor
2816 3548 2933 3586 non
2950 3531 3140 3597 fuerit,
3164 3534 3312 3584 certe
3339 3529 3496 3583 testis
3527 3543 3661 3582 ocu-

1959 3625 2104 3679 latus
2140 3622 2392 3678 existitit.
2446 3624 2598 3676 Hanc
2638 3624 2897 3674 accurate
2945 3618 3215 3674 describit
3253 3618 3340 3673 his
3394 3615 3576 3671 verbis
3642 3633 3655 3673 :

1965 3710 2247 3764 Venientes
2294 3708 2435 3760 enim
2481 3706 2547 3759 de
2596 3705 3001 3770 transmarinis,
3033 3718 3115 3757 me
3152 3707 3202 3757 et
3229 3704 3459 3769 fratrem
3488 3716 3662 3755 meum

1961 3797 2245 3865 Alypium,
2279 3793 2517 3848 nondum
2543 3793 2760 3862 quidem
2790 3794 3025 3857 clericos,
3049 3790 3143 3845 sed
3159 3791 3282 3860 jam
3310 3793 3410 3845 Deo
3434 3791 3665 3843 servien-

1963 3887 2059 3948 tes,
2081 3886 2139 3936 ut
2157 3886 2273 3935 erat
2296 3878 2801 3947 (Innocentiusille)
2819 3893 2937 3932 cum
2951 3883 3061 3931 tota
3081 3877 3233 3931 domo
3253 3891 3353 3931 sua
3367 3877 3659 3942 religiosis-

1962 3972 2150 4037 simus,
2182 3970 2298 4039 ipse
2332 3971 2658 4035 susceperat,
2704 3971 2753 4021 et
2782 3966 2932 4035 apud
2959 3980 3077 4019 eum
3107 3969 3231 4018 tunc
3258 3963 3658 4017 habitabamus.

1964 4058 2272 4115 Curabatur
2308 4072 2343 4110 a
2381 4056 2604 4111 medicis
2647 4070 2661 4109 :
2705 4054 2941 4126 ﬁstulas,
2983 4068 3120 4124 quas
3167 4066 3476 4107 numerosas
3501 4056 3663 4120 atque

1958 4148 2250 4219 perplexas
2272 4146 2461 4200 habuit
2492 4146 2549 4199 in
2576 4146 2867 4214 posteriore
2895 4146 3057 4211 atque
3076 4144 3188 4196 ima
3219 4143 3455 4211 corporis
3480 4144 3661 4211 parte,

1952 4236 2076 4304 jam
2103 4238 2381 4290 secuerant
2404 4236 2472 4299 ei,
2505 4238 2555 4288 et
2597 4234 2733 4286 artis
2752 4246 2863 4285 sua:
2885 4235 3075 4286 caetera
3104 4230 3503 4285 medicamentis
3529 4243 3663 4297 age-

1966 4325 2113 4378 bant.
2139 4326 2337 4378 Passus
2362 4327 2536 4376 autem
2558 4324 2743 4388 fuerat
2761 4322 2820 4374 in
2848 4322 3074 4375 sectione
3098 4320 3201 4374 illa
3230 4324 3279 4373 et
3308 4319 3591 4373 diuturnos
3613 4323 3664 4372 et

1965 4413 2183 4467 acerbos
2225 4411 2453 4465 dolores.
2492 4410 2599 4465 Sed
2640 4424 2779 4464 unus
2810 4411 2953 4463 inter
2992 4410 3187 4462 multos
3215 4409 3366 4462 sinus
3394 4408 3666 4474 fefellerat

1964 4502 2216 4569 medicos,
2250 4504 2411 4569 atque
2432 4501 2514 4553 ita
2543 4500 2797 4560 latuerat,
2830 4501 2889 4551 ut
2918 4512 3036 4551 eum
3062 4511 3170 4549 non
3199 4498 3666 4564 tangerent,un

1962 4593 2112 4658 ferro
2135 4590 2348 4659 aperire
2377 4588 2690 4641 debuerant.
2722 4586 2959 4654 Denique
2996 4587 3207 4639 sanatis
3236 4584 3503 4652 omnibus,
3545 4598 3665 4652 qua

1965 4682 2155 4748 aperta
2184 4676 2469 4744 curabant,
2510 4678 2611 4730 iste
2636 4677 2969 4729 remanserat
2995 4674 3159 4739 solus,
3192 4674 3281 4727 cui
3316 4674 3531 4738 frustra
3558 4674 3665 4726 im-

1959 4766 2298 4837 pendebatur
2335 4764 2511 4819 labor.
2568 4763 2712 4830 Quas
2758 4776 2937 4817 moras
2980 4762 3072 4815 ille
3117 4764 3391 4830 suspectas
3438 4759 3659 4823 habens,

1962 4856 2295 4923 multumque
2311 4852 2617 4920 formidans
2646 4866 2712 4906 ne
2738 4854 2935 4905 iterum
2956 4855 3246 4918 secaretur,
3275 4848 3420 4918 quod
3446 4850 3498 4903 ei
3521 4862 3663 4917 prae-

1965 4945 2185 4999 dixerat
2209 4943 2351 4997 alius
2370 4941 2606 4995 medicus
2636 4940 2954 4995 domesticus
2982 4938 3123 5008 ejus,
3155 4953 3311 5009 quem
3338 4953 3445 4992 non
3472 4937 3659 4990 admi—

1965 5035 2148 5088 serant
2176 5031 2283 5095 illi,
2333 5033 2395 5083 ut
2440 5029 2630 5083 saltem
2657 5028 2882 5093 videret,
2912 5043 3031 5082 cum
3058 5029 3297 5096 primum
3342 5029 3515 5080 sectus
3561 5026 3659 5089 est,

1968 5117 2227 5188 quomodo
2262 5116 2323 5171 id
2348 5118 2607 5184 facerent,
2655 5118 2937 5187 iratusque
2973 5116 3128 5170 illum
3170 5116 3324 5170 domo
3370 5114 3658 5183 abjecerat,

1964 5209 2165 5275 virque
2191 5209 2492 5276 receperat;
2526 5206 2726 5274 erupit,
2757 5209 2920 5273 atque
2948 5206 3030 5259 ait
3064 5220 3077 5259 :
3115 5205 3316 5261 Iterum
3345 5217 3427 5257 me
3467 5202 3666 5255 sectari

1965 5294 2137 5351 estis?
2179 5293 2272 5349 Ad
2318 5295 2489 5361 illius,
2531 5308 2687 5363 quem
2713 5294 2965 5347 noluistis
2995 5306 3104 5347 esse
3125 5294 3463 5361 praesentem,
3491 5288 3657 5341 verba

1964 5388 2221 5439 venturus
2250 5382 2409 5438 sum?
2433 5381 2670 5437 Irridere
2696 5382 2784 5436 illi
2801 5382 3063 5435 medicum
3081 5380 3408 5449 imperitum,
3436 5381 3660 5430 metum-

1966 5489 2069 5544 que
2101 5473 2329 5526 hominis
2360 5471 2511 5525 bonis
2525 5471 2705 5526 verbis
2720 5469 3272 5539 promissionibusque
3298 5466 3480 5518 lenire.
3512 5466 3661 5518 Prw-

1967 5562 2224 5616 terierunt
2265 5564 2314 5614 et
2344 5562 2448 5614 alii
2480 5562 2596 5616 dies
2622 5560 2868 5629 plurimi,
2900 5557 3144 5623 nihilque
3168 5552 3484 5624 proﬁciebat
3512 5568 3662 5607 omne
