4060 6352
389 322 483 376 :59
774 304 787 309 ’
1558 314 1731 370 VITA
1783 314 1837 369 s.
1898 313 1992 369 au

2288 289 2681 369 "Erlscorl.
3542 364 3545 365 ,
3793 310 3891 363 160

381 442 525 514 quoi
568 441 748 511 ﬁebat.
797 439 993 495 Medici
1041 443 1216 495 tamen
1259 442 1317 495 in
1354 455 1455 495 sua
1483 438 1873 510 pollicitatione
1897 438 2071 507 persi-

377 530 607 598 stebant,
630 543 737 582 non
765 542 820 582 se
841 527 995 582 illum
1020 529 1197 582 sinum
1224 529 1392 595 ferro,
1425 526 1519 581 sed
1537 525 1936 580 medicamentis
1965 538 2075 578 esse

376 617 670 671 clausuros.
703 614 1091 670 Adhibuerunt
1118 619 1169 669 et
1198 616 1369 670 alium
1393 614 1744 683 grandaevum
1760 615 1882 683 jam
1911 612 2075 667 medi-

376 719 518 773 cum,
539 706 780 774 satisque
799 705 859 757 in
886 704 986 758 illa
1006 707 1124 758 arte
1149 703 1431 759 laudatum
1454 704 1649 773 (adhuc
1673 705 1813 756 enim
1837 701 2074 771 vivebat)

378 794 744 861 Ammonium,
776 795 873 863 qui
902 794 1010 848 loco
1038 794 1297 863 inspecto,
1342 792 1485 847 idem
1522 792 1666 863 quod
1692 792 1780 847 illi
1802 807 1869 845 ex
1893 806 2073 845 eorum

377 882 663 952 diligentia
686 883 994 952 peritiaque
1018 884 1293 951 promisit.
1327 882 1493 951 Cujus
1517 883 1607 936 ille
1632 884 1813 949 factus
1843 881 2074 935 auctori-

376 975 486 1026 tate
525 985 760 1037 securus,
810 969 1094 1025 domestico
1123 985 1219 1025 suo
1246 970 1469 1037 medico,
1503 972 1599 1040 qui
1631 972 1879 1037 futuram
1922 984 2069 1038 prx-

377 1059 596 1114 dixerat
616 1060 781 1113 aliam
803 1060 1100 1125 sectionem,
1130 1061 1310 1126 faceta
1340 1059 1637 1125 hilaritate,
1659 1058 1803 1112 velut
1815 1059 1936 1126 jam
1954 1057 2072 1111 sal-

376 1162 491 1214 vus,
538 1148 733 1203 illusit.
777 1146 921 1213 Quid
952 1146 1160 1217 plura?
1199 1149 1387 1202 Postea
1431 1152 1506 1201 tot
1535 1146 1650 1201 dies
1677 1148 1915 1200 inaniter
1942 1159 2072 1200 con-

374 1239 580 1307 sumpti
608 1238 961 1303 transierunt,
993 1241 1052 1291 ut
1070 1238 1205 1305 fessi
1227 1241 1388 1305 atque
1407 1238 1619 1304 confusi
1633 1238 1937 1303 faterentur
1954 1250 2072 1289 eum

374 1327 487 1380 nisi
530 1327 679 1393 ferro
716 1326 863 1380 nullo
901 1325 1054 1381 modo
1078 1340 1234 1396 posse
1271 1327 1479 1381 sanari.
1514 1326 1772 1395 Expavit,
1804 1325 2073 1394 expalluit

376 1417 546 1469 nimio
574 1416 762 1469 timore
783 1414 1065 1470 turbatus:
1088 1420 1250 1485 atque
1269 1415 1362 1469 ubi
1392 1430 1447 1469 se
1468 1416 1697 1483 collegit,
1720 1416 1941 1482 farique
1971 1428 2071 1482 po-

376 1505 502 1570 luit,
535 1503 685 1558 abire
710 1504 832 1559 illos
854 1504 1046 1574 jussit,
1095 1507 1145 1557 et
1190 1503 1265 1558 ad
1300 1519 1356 1559 se
1384 1504 1620 1573 amplius
1656 1518 1765 1558 non
1806 1502 2069 1557 accedere.

375 1593 481 1648 Nec
506 1591 660 1645 aliud
688 1593 918 1645 occurrit
946 1593 1185 1661 fatigato
1216 1592 1471 1662 lacrgmis
1501 1596 1549 1645 et
1580 1591 1679 1645 illa
1700 1591 1822 1660 jam
1850 1591 2073 1644 necessi-

376 1683 484 1734 tate
496 1681 798 1746 constricto,
816 1681 929 1734 nisi
938 1684 997 1734 ut
1018 1678 1297 1735 adhiberet
1312 1679 1753 1735 Alexandrinum
1766 1678 2069 1748 quemdam,

374 1766 472 1838 qui
500 1772 626 1823 tunc
653 1769 945 1835 chirurgus
972 1768 1245 1822 mirabilis
1290 1768 1610 1837 habebatur,
1640 1773 1702 1822 ut
1728 1770 1845 1838 ipse
1870 1769 2073 1835 faceret

374 1856 519 1925 quod
545 1856 614 1910 ab
642 1857 753 1910 illis
784 1858 903 1923 ﬁeri
926 1857 1137 1910 nolebat
1166 1858 1363 1911 iratus.
1398 1857 1504 1919 Sed
1535 1861 1890 1926 posteaquam
1927 1858 2074 1910 venit

372 1945 483 2012 ille,
517 1944 855 2013 laboremque
885 1945 1102 1999 illorum
1130 1946 1187 1999 in
1214 1944 1560 2000 cicatricibus
1589 1946 1729 2000 sicut
1758 1946 1969 2011 artifex
1997 1945 2073 1998 vi-

376 2033 482 2096 dit,
514 2033 641 2088 boni
674 2032 790 2089 viri
829 2036 1049 2101 functus
1090 2036 1291 2103 ofﬁcio,
1324 2036 1602 2105 persuasit
1645 2035 1867 2101 homini,
1898 2038 1959 2088 ut
1988 2033 2073 2087 illi

368 2124 552 2192 potius
583 2123 679 2190 qui
705 2123 765 2176 in
793 2137 849 2176 eo
877 2125 1084 2176 tantum
1117 2122 1514 2189 laboraverant,
1550 2127 1813 2193 quantum
1845 2125 1961 2193 ipse
1986 2124 2069 2177 in~

371 2212 603 2279 spiciens
622 2210 948 2277 mirabatur,
973 2212 1271 2265 curationis
1291 2226 1400 2265 suae
1423 2211 1531 2283 ﬁne
1553 2213 1893 2277 fruerentur;
1917 2211 2071 2281 adji-

340 2297 517 2353 ‘ciens
546 2299 691 2369 quod
722 2314 909 2353 revera
935 2300 1048 2353 nisi
1073 2304 1243 2353 sectus
1276 2304 1429 2366 esset,
1456 2300 1639 2355 salvus
1674 2315 1785 2355 esse
1812 2316 1918 2354 non
1939 2315 2074 2369 pos-

374 2393 483 2453 set;
526 2387 621 2442 sed
653 2387 811 2441 valde
854 2387 1143 2442 abhorrere
1173 2403 1207 2442 a
1230 2390 1345 2443 suis
1384 2389 1640 2456 moribus,
1672 2393 1731 2443 ut
1771 2389 2074 2444 hominibus

377 2490 605 2544 quorum
648 2477 1154 2545 artiﬁciosissimam
1183 2491 1419 2546 operam,
1452 2476 1805 2543 industriam,
1837 2477 2075 2545 diligen-

381 2567 514 2620 tiam
542 2565 825 2619 admirans
856 2565 914 2618 in
940 2564 1283 2619 cicatricibus
1312 2566 1427 2634 ejus
1453 2565 1676 2633 videret,
1706 2570 1930 2635 propter
1963 2568 2076 2620 exi-

379 2669 547 2721 guum
602 2652 746 2722 quod
795 2655 1075 2717 remansit,
1115 2652 1358 2723 palmam
1408 2656 1549 2708 tanti
1579 2654 1780 2708 laboris
1810 2655 2073 2720 auferret.

378 2741 602 2797 Redditi
637 2745 764 2796 sunt
809 2744 990 2796 animo
1031 2743 1170 2813 ejus,
1215 2748 1264 2797 et
1288 2744 1500 2813 placuit
1526 2747 1586 2797 ut
1614 2743 1793 2798 eodem
1824 2744 2075 2798 Alexan-

377 2830 536 2883 drino
557 2833 837 2885 assistente
857 2832 965 2900 ipsi
982 2833 1161 2886 sinum
1190 2833 1343 2886 illum
1370 2835 1537 2899 ferro,
1562 2834 1660 2901 qui
1674 2833 1794 2901 jam
1821 2846 2075 2887 consensu

376 2920 613 2973 omnium
641 2920 803 2973 aliter
818 2920 1140 2974 insanabilis
1160 2920 1482 2989 putabatur,
1511 2923 1802 2990 aperirent.
1836 2921 1961 2987 Quae
1989 2936 2074 2975 res

376 3007 553 3062 dilata
581 3011 658 3062 est
687 3009 745 3061 in
770 3013 1168 3078 consequentem
1194 3009 1355 3064 diem.
1387 3009 1497 3063 Sed
1535 3025 1654 3064 cum
1683 3010 1940 3064 abiissent
1968 3010 2072 3079 illi,

375 3111 442 3149 ex
468 3109 694 3153 mterore
724 3098 891 3151 nimio
920 3096 1128 3152 domini
1148 3102 1331 3153 tantus
1357 3102 1434 3152 est
1464 3099 1522 3151 in
1550 3097 1704 3152 domo
1732 3099 1830 3153 illa
1856 3102 2074 3153 exortus

376 3184 546 3253 dolor,
570 3188 631 3238 ut
661 3188 921 3253 tanquam
949 3187 1160 3253 funeris
1186 3187 1438 3255 planctus
1457 3189 1555 3240 vix
1578 3188 2012 3255 comprimeretur
2041 3203 2073 3241 a

378 3273 548 3327 nobis.
578 3274 892 3329 Visitabant
912 3290 1029 3328 eum
1042 3274 1285 3344 quotidie
1303 3274 1480 3328 sancti
1497 3276 1627 3343 viri,
1650 3277 1928 3345 cpiscopus
1950 3280 2074 3330 tunc

381 3361 678 3428 Uzalensis,
708 3362 871 3417 beatx
897 3366 1165 3417 memoriae
1194 3363 1549 3431 Saturninus,
1582 3368 1633 3419 et
1668 3364 1949 3434 presbyter
1974 3365 2072 3421 Ge-

377 3450 541 3515 losus,
585 3465 649 3505 ac
686 3447 904 3505 diaconi
948 3451 1392 3520 Carthaginensis
1421 3453 1671 3508 Ecclesiae
1720 3468 1733 3507 :
1782 3454 1841 3506 in
1880 3453 2074 3522 quibus

379 3541 517 3604 erat,
549 3542 599 3591 et
619 3554 687 3592 ex
718 3538 913 3608 quibus
938 3539 1082 3594 solus
1112 3544 1190 3594 est
1219 3555 1359 3595 nunc
1388 3542 1447 3594 in
1474 3540 1632 3596 rebus
1664 3542 1933 3609 humanis,
1952 3541 2074 3611 jam

377 3628 659 3697 episcopus
688 3643 805 3682 cum
833 3629 1028 3683 honore
1055 3645 1090 3683 a
1114 3627 1266 3684 nobis
1303 3628 1478 3685 debito
1506 3628 1869 3685 nominandus
1896 3630 2073 3686 Aure-

366 3716 502 3783 ‘lius,
531 3732 651 3770 cum
682 3732 786 3785 quo
814 3717 1155 3773 recordantes
1180 3718 1459 3773 mirabilia
1485 3733 1649 3790 opera
1671 3719 1770 3774 Dei
1797 3719 1863 3774 de
1891 3720 1989 3774 hac
2017 3734 2076 3774 re

376 3820 515 3874 saepe
543 3806 790 3861 collocuti
832 3821 1036 3870 sumus,
1086 3823 1310 3877 eumque
1356 3809 1515 3862 valde
1560 3810 1879 3876 meminisse,
1931 3808 2076 3878 quod

376 3909 864 3964 commemoramus,
919 3898 1240 3952 invenimus.
1285 3897 1541 3963 Quicum
1581 3913 1720 3965 eum,
1761 3900 1902 3953 sicut
1938 3899 2073 3953 sole-

378 3983 525 4050 bant,
557 4000 773 4055 vespere
801 3987 1109 4056 visitarent,
1130 3988 1348 4056 rogavit
1371 4001 1455 4041 eos
1476 3987 1877 4042 miserabilibus
1902 3988 2076 4056 lacrg-

377 4074 500 4139 mis,
526 4076 587 4126 ut
614 4088 771 4127 mane
809 4073 1172 4142 dignarentur
1199 4089 1309 4127 esse
1334 4079 1622 4143 prxsentes
1649 4089 1743 4129 suo
1771 4076 1959 4142 funeri
1973 4091 2073 4145 po-

376 4162 483 4216 tius
514 4176 677 4230 quam
708 4161 909 4218 dolori.
965 4163 1169 4216 Tantus
1198 4164 1340 4215 enim
1364 4176 1481 4216 eum
1504 4167 1674 4217 metus
1703 4178 1770 4216 ex
1794 4164 2075 4233 prioribus

374 4250 655 4302 invaserat
673 4250 865 4318 pxnis,
898 4254 959 4303 ut
981 4264 1036 4304 se
1062 4252 1205 4306 inter
1226 4249 1549 4305 medicorum
1572 4266 1764 4305 manus
1792 4266 1897 4306 non
1921 4251 2076 4306 dubi-

376 4340 516 4392 taret
534 4352 644 4392 esse
673 4340 1013 4392 moriturum.
1043 4338 1316 4395 Consolati
1342 4343 1469 4393 sunt
1509 4355 1627 4393 eum
1657 4341 1761 4406 illi,
1796 4345 1845 4394 et
1871 4342 2078 4395 hortati

374 4428 435 4479 ut
459 4426 517 4478 in
544 4428 650 4480 Deo
676 4424 888 4495 ﬁderet,
912 4426 1135 4495 ejusque
1162 4427 1489 4481 voluntatem
1513 4428 1746 4482 viriliter
1768 4429 1956 4495 ferret.
1990 4430 2075 4483 In-

375 4511 442 4567 de
472 4513 546 4567 ad
573 4516 867 4569 orationem
896 4516 1128 4583 ingressi
1155 4530 1376 4571 sumus:
1406 4516 1503 4570 ubi
1529 4516 1681 4571 nobis
1705 4531 1772 4570 ex
1809 4531 1952 4571 more
1978 4532 2076 4583 ge-

376 4615 487 4655 nua
523 4602 831 4671 ﬁgentibus,
887 4607 1050 4674 atque
1081 4603 1505 4659 incumbentibus
1554 4609 1728 4671 terra,
1769 4605 1860 4659 ille
1904 4619 1959 4659 se
1995 4607 2074 4660 ita

369 4690 626 4760 projecit,
658 4695 919 4760 tanquam
946 4694 1144 4760 fuisset
1163 4693 1348 4763 aliquo
1366 4694 1665 4763 impellente
1684 4696 1925 4762 graviter
1943 4709 2073 4764 pro-

375 4783 604 4846 stratus,
636 4784 686 4835 et
706 4783 864 4851 erepit
890 4796 1047 4837 orare
1073 4800 1090 4839 :
1124 4782 1321 4853 quibus
1361 4783 1556 4852 modis,
1588 4797 1691 4853 quo
1721 4783 1939 4852 affectu,
1971 4798 2075 4853 quo

374 4872 522 4922 motu
560 4870 898 4938 animi,'quo
947 4873 1112 4939 ﬂuvio
1148 4871 1535 4943 lacrymarum,
1570 4871 1767 4936 quibus
1790 4872 2075 4941 gemitibus

378 4961 541 5027 atque
586 4958 917 5026 singultibus
946 4960 1365 5015 succutientibus
1399 4962 1580 5015 omnia
1616 4960 1855 5014 membra
1882 4961 1998 5030 ejus
2026 4964 2077 5015 et

373 5063 509 5119 pene
526 5049 755 5103 interclu
766 5048 1014 5105 dentibus
1032 5052 1309 5120 spiritum,
1328 5053 1449 5120 quis
1468 5051 1592 5105 ullis
1615 5052 1845 5120 explicet
1858 5051 2035 5106 verbis
2047 5049 2076 5105 ?

383 5139 574 5192 Utrum
602 5142 820 5192 orarent
844 5139 960 5200 alii,
989 5154 1083 5193 nec
1111 5141 1171 5193 in
1191 5140 1299 5194 haec
1332 5154 1511 5194 eorum
1541 5143 1871 5195 averteretur
1896 5140 1990 5195 int-
2009 5155 2074 5193 n-

376 5228 471 5293 tio,
504 5226 801 5282 nesciebam
838 5245 855 5283 :
887 5242 980 5294 ego
1020 5231 1196 5282 tamen
1218 5243 1443 5297 prorsus
1473 5243 1629 5283 orare
1656 5244 1760 5283 non
1785 5233 2025 5297 poteram
2059 5244 2072 5283 :

380 5316 477 5370 hoc
521 5315 888 5371 tantummodo
926 5316 1158 5370 breviter
1185 5318 1243 5371 in
1279 5317 1436 5372 corde
1472 5333 1583 5372 meo
1631 5317 1756 5371 dixi
1787 5333 1799 5371 :
1833 5318 2074 5386 Domine,

379 5418 516 5473 quas
543 5409 756 5460 tuorum
780 5420 961 5475 preces
989 5405 1237 5472 exaudis,
1267 5408 1317 5461 si
1356 5407 1453 5461 has
1482 5422 1587 5461 non
1614 5405 1885 5460 exaudis?
1922 5406 2078 5463 Nihil

377 5493 520 5546 enim
548 5495 686 5549 mihi
720 5495 1011 5549 videbatur
1040 5494 1177 5548 addi
1191 5495 1313 5563 jam
1336 5510 1512 5565 posse,
1539 5497 1651 5550 nisi
1677 5499 1736 5549 ut
1772 5496 2077 5562 exspiraret

382 5579 605 5637 orando.
641 5583 1008 5651 Suweximus,
1042 5587 1092 5637 et
1120 5588 1338 5652 accepta
1366 5584 1434 5638 ab
1463 5586 1726 5657 Episcopo
1753 5582 2076 5638 benedictio-

2182 452 2247 489 ne
2276 436 2649 502 discessimus;
2681 438 2906 503 rogante
2941 434 3034 488 illo
3077 436 3138 487 ut
3176 447 3332 485 mane
3369 431 3636 496 adessent,
3678 432 3792 485 illis
3836 434 3893 484 ut

2183 540 2334 593 aequo
2360 528 2541 580 animo
2569 529 2702 579 esset
2731 522 3092 579 hortantibus.
3120 521 3312 577 Illuxit
3336 519 3451 574 dies
3482 521 3581 591 qui
3614 519 3891 574 metueba-

2186 618 2295 681 tur,
2326 614 2556 668 aderant
2584 615 2726 667 servi
2755 614 2868 681 Dei,
2897 614 3035 667 sicut
3072 626 3127 665 se
3164 610 3454 677 adfuturos
3495 623 3606 663 esse
3635 609 3895 677 promise-

2183 707 2311 757 rant
2344 719 2356 757 :
2388 704 2619 770 ingressi
2662 706 2787 756 sunt
2827 701 3053 768 medici;
3089 703 3363 771 parantur
3390 701 3572 753 omnia
3608 712 3729 770 qua:
3756 697 3892 751 hora

2183 792 2281 845 illa
2300 792 2570 861 poscebat,
2599 790 2873 846 tremenda
2888 791 3221 857 ferramenta
3236 789 3615 859 proferuntur,
3634 787 3892 841 attonitis
3980 862 3993 872 ο

2181 882 2567 950 suspensisque
2596 880 2861 934 omnibus.
2901 881 2999 934 Eis
3040 882 3239 947 autem,
3284 892 3510 946 quorum
3556 880 3674 930 erat
3710 875 3894 944 major

2183 971 2499 1035 auctoritas,
2531 970 2799 1036 defectum
2829 969 3002 1022 animi
3036 969 3149 1038 ejus
3179 966 3499 1021 consolando
3532 966 3887 1034 erigentibus,

2182 1060 2257 1115 ad
2294 1075 2485 1116 manus
2512 1062 2711 1115 sectari
2747 1059 2985 1114 membra
3012 1060 3069 1112 in
3098 1058 3287 1113 lectulo
3316 1062 3725 1127 componuntur,
3770 1057 3888 1111 sol-

2181 1153 2384 1203 runtur
2397 1149 2528 1204 nodi
2547 1150 2979 1218 ligamentorum,
3006 1146 3250 1201 nudatur
3279 1146 3442 1212 locus,
3475 1146 3695 1216 inspicit
3720 1145 3890 1199 medi-

2183 1252 2296 1306 cus,
2328 1243 2378 1294 et
2406 1238 2695 1294 secandum
2716 1238 2869 1293 illum
2890 1238 3075 1292 sinum
3100 1239 3345 1290 armatus
3367 1239 3529 1304 atque
3548 1236 3786 1288 intentus
3808 1235 3892 1288 in-

2184 1330 2370 1398 quirit.
2405 1329 2695 1385 Scrutatur
2721 1328 2910 1396 oculis,
2938 1326 3237 1394 digitisque
3257 1327 3565 1389 contrectat,
3600 1326 3771 1377 tentth
3798 1322 3891 1376 de-

2181 1418 2346 1486 nique
2373 1416 2545 1471 modis
2574 1416 2818 1471 omnibus
2864 1433 2881 1469 :
2912 1416 3116 1469 invenit
3156 1414 3530 1482 ﬁrmissimam
3558 1413 3885 1466 cicatricem.

2181 1508 2303 1561 Jam
2332 1507 2429 1560 illa
2454 1506 2645 1560 laetitia
2668 1509 2717 1560 et
2746 1505 2865 1559 laus
2893 1508 3057 1573 atque
3083 1504 3393 1571 gratiarum
3419 1503 3558 1556 actio
3577 1502 3886 1554 misericor-

2182 1594 2243 1648 di
2267 1598 2315 1647 et
2353 1594 2706 1663 omnipotenti
2729 1596 2854 1659 Deo,
2886 1608 3004 1661 qua:
3030 1592 3162 1658 fusa
3191 1594 3269 1645 est
3296 1606 3386 1645 ore
3414 1591 3671 1655 omnium,
3703 1589 3888 1657 lacrg-

2183 1681 2455 1736 mantibus
2503 1681 2745 1750 gaudiis,
2793 1695 2901 1734 non
2941 1682 3018 1733 est
3060 1677 3440 1733 committenda
3486 1678 3615 1731 meis
3652 1676 3834 1731 verbis
3871 1692 3887 1727 :

2183 1771 2443 1836 cogitetur
2483 1770 2689 1839 potius,
2719 1784 2883 1839 quam
2930 1767 3150 1822 dicatur
3196 1767 3289 1836 (De
3331 1767 3446 1823 Civ.
3491 1767 3607 1832 Dei,
3653 1765 3744 1820 lib.
3789 1766 3887 1832 22,

2182 1873 2304 1927 eap.
2339 1862 2395 1922 8,
2426 1873 2482 1911 n.
2514 1856 2587 1926 3).
3787 1848 3805 1872 ’

2857 1944 3084 1999 CAPUT
3133 1944 3201 1998 ll.

2190 2039 2205 2092 1
2245 2036 2589 2103 Augustinus
2612 2036 2902 2102 facultates
2930 2049 3059 2090 suas
3082 2032 3415 2104 pauperibus
3440 2036 3642 2100 erogat.
3676 2034 3709 2085 2
3737 2034 3891 2088 Com-

2253 2127 2431 2180 munis
2454 2127 2580 2180 vitx
2603 2125 2915 2179 institutum
2939 2127 3174 2179 sectatur
3191 2137 3309 2176 cum
3338 2124 3494 2176 sociis
3518 2125 3623 2177 Deo
3652 2123 3890 2176 servien-

2256 2214 2419 2282 tibus,
2452 2228 2680 2283 quorum
2720 2214 2834 2282 ipse
2881 2227 3069 2267 curam
3103 2212 3262 2278 gerit.
3297 2212 3327 2265 3
3357 2212 3459 2264 Per
3486 2210 3695 2265 litteras
3726 2210 3889 2264 collo-

2254 2305 2444 2372 quitur
2471 2318 2590 2358 cum
2615 2301 2892 2368 Nebridio,
2924 2305 2974 2355 et
3000 2300 3117 2370 ejus
3146 2301 3462 2369 quaestiones
3492 2298 3769 2370 expendit.

2260 2394 2307 2446 1.
2330 2391 2583 2446 Tandem
2612 2390 2923 2462 aliquando
2944 2393 3207 2443 votorum
3228 2403 3514 2442 summam
3536 2386 3779 2457 adeptus
3798 2389 3889 2441 est

2184 2478 2559 2551 Augustinus,
2592 2479 2729 2534 dum
2776 2478 2930 2550 quod
2977 2477 3170 2532 animo
3209 2476 3531 2531 intenderat
3557 2491 3591 2530 a
3621 2479 3887 2546 suscepto

2188 2566 2533 2639 Baptismate
2568 2568 2826 2639 (Confess.
2857 2568 2950 2622 lib.
2980 2571 3031 2629 9,
3056 2582 3175 2636 cap.
3209 2569 3260 2635 8,
3287 2582 3343 2623 n.
3382 2570 3466 2632 17,
3498 2569 3548 2620 et
3575 2565 3881 2631 Possidius,

2185 2670 2231 2711 c.
2262 2656 2334 2726 3),
2365 2655 2481 2710 imo
2498 2656 2617 2727 jam
2648 2655 2781 2710 inde
2809 2672 2839 2709 a
2870 2660 3126 2726 tempore
3153 2653 3553 2720 conversionis,
3571 2670 3683 2725 quo
3711 2654 3888 2723 longe

2186 2749 2315 2798 ante
2369 2745 2723 2815 Baptismum
2753 2760 2919 2799 suum
2950 2743 3160 2798 servire
3208 2745 3319 2799 Deo
3366 2743 3654 2813 delegerat
3692 2742 3885 2812 (Ibid,

2186 2833 2279 2889 lib.
2313 2836 2367 2901 9,
2396 2848 2515 2903 cap.
2546 2837 2598 2899 5,
2630 2849 2683 2888 η.
2722 2834 2825 2903 13),
2855 2834 3156 2904 Tagastam
3193 2848 3468 2899 reversus,
3498 2830 3738 2886 feliciter
3758 2847 3890 2902 per.

2184 2922 2334 2975 fecit.
2366 2924 2443 2977 Ac
2475 2922 2729 2993 primum
2777 2922 3010 2994 quidem
3059 2938 3223 2992 agros
3251 2938 3283 2976 a
3313 2924 3473 2992 patre
3503 2919 3751 2988 relictos,
3782 2918 3888 2991 qui

2185 3010 2549 3066 beereditario
2586 3010 2843 3082 sibijuro
2873 3011 3214 3083 obtigerant,
3248 3008 3534 3075 alienavit,
3567 3024 3888 3080 eorumque

2183 3096 2434 3167 pretium
2456 3096 2808 3168 pauperibus
2830 3097 3103 3151 continuo
3132 3096 3438 3156 distribuit,
3471 3094 3614 3150 nihil
3645 3095 3885 3149 omnino

2187 3184 2291 3240 sibi
2340 3201 2653 3251 reservans,
2702 3201 2817 3256 quo
2871 3184 3183 3256 expeditior
3227 3184 3406 3239 libera
3458 3184 3558 3239 Dei
3613 3183 3886 3239 servitute

2183 3273 2472 3329 frueretur
2493 3275 2687 3344 (Epist.
2718 3276 2836 3340 126,
2862 3289 2917 3327 n.
2939 3272 3021 3344 '7).
3048 3274 3109 3326 In
3132 3271 3230 3326 illo
3254 3271 3466 3344 quippe
3486 3277 3543 3327 et
3570 3289 3636 3327 ex
3664 3271 3761 3327 illo
3780 3289 3887 3343 pu-

2186 3362 2311 3417 sillo
2343 3378 2517 3433 grege
2565 3377 2685 3415 esse
2734 3360 3017 3427 studebat,
3057 3375 3228 3432 quem
3271 3359 3545 3414 Dominus
3573 3360 3888 3432 alloquitur

2184 3450 2378 3507 dicens
2412 3467 2425 3505 :
2459 3451 2636 3507 Nolite
2671 3453 2875 3517 timere,
2912 3450 3149 3520 pusillus
3177 3466 3330 3518 grex,
3360 3452 3616 3518 quoniam
3644 3451 3884 3520 compla-

2185 3542 2296 3595 cuit
2337 3541 2494 3595 Patri
2510 3543 2686 3594 vestro
2715 3538 2847 3593 dare
2882 3538 3033 3593 vobis
3069 3553 3324 3605 regnum.
3365 3538 3587 3594 Vendite
3615 3554 3735 3609 quae
3762 3554 3886 3609 pos-

2184 3629 2394 3697 sidetis,
2446 3633 2496 3684 et
2542 3627 2669 3683 date
2724 3629 3109 3697 elmnosynam
3166 3628 3319 3696 (Luc.
3360 3643 3455 3690 xu,
3517 3630 3604 3694 32,
3655 3627 3765 3699 33).
3817 3629 3888 3683 Et

2185 3733 2359 3789 super
2404 3715 2537 3773 ﬁdei
2580 3716 3019 3773 fundamentum
3053 3715 3331 3770 aediﬁcare
3360 3715 3734 3782 desiderabat,
3764 3732 3883 3770 non

2186 3806 2360 3877 ligna,
2388 3806 2583 3861 fenum
2607 3809 2663 3859 et
2692 3804 2983 3877 stipulam,
3008 3805 3105 3860 sed
3136 3821 3361 3871 aurum,
3385 3809 3688 3876 argentum
3711 3809 3772 3859 et
3798 3805 3884 3858 la-

2184 3895 2344 3967 pides
2371 3894 2654 3967 pretiosos
2684 3895 2999 3964 (Possidius,
3034 3910 3078 3948 c.
3112 3895 3188 3963 2).
3221 3894 3379 3949 Unde
3410 3909 3539 3947 cum
3569 3892 3651 3947 illi
3682 3898 3885 3965 postea

2187 3984 2492 4039 necessitas
2519 3983 2877 4042 incumberet
2919 3982 3268 4055 reprimendi
3312 3981 3749 4053 Pelagianorum
3798 3998 3888 4036 ar-

2186 4073 2526 4145 rogantiam,
2574 4072 2673 4144 qui
2703 4072 2904 4128 divites
2934 4089 3035 4126 sua
3064 4088 3181 4127 non
3215 4071 3566 4127 dimittentes
3595 4071 3821 4125 excludi
3852 4088 3887 4125 ει

2185 4178 2361 4229 regno
2405 4162 2503 4216 Dei
2530 4161 2793 4217 volebant
2842 4162 3042 4231 (Epist.
3100 4160 3243 4229 156),
3291 4166 3354 4215 ut
3383 4160 3802 4215 demonstraret
3824 4178 3888 4215 se

2187 4267 2305 4305 non
2334 4250 2570 4322 privatis
2586 4250 2657 4304 ad
2679 4266 2776 4304 eos
2795 4250 3136 4305 refellendos
3153 4249 3470 4305 rationibus
3492 4253 3543 4303 et
3566 4248 3888 4303 commodis

2187 4339 2390 4394 adduci
2421 4355 2434 4394 :
2466 4341 2602 4408 Ego,
2634 4338 2734 4405 ait,
2766 4341 2865 4407 qui
2892 4339 3000 4394 hac
3029 4339 3224 4406 scribo,
3270 4340 3649 4408 perfectionem
3677 4337 3744 4391 de
3773 4354 3888 4406 qua

2186 4430 2446 4483 Dominus
2495 4428 2700 4482 locutus
2749 4432 2847 4495 est,
2919 4427 3138 4497 quando
3200 4431 3280 4483 ait
3326 4428 3489 4482 diviti
3538 4426 3886 4496 adolescenti,

2189 4535 2217 4568 «
2252 4516 2427 4587 Vade,
2458 4515 2626 4571 vende
2667 4518 2850 4571 omnia
2883 4531 3002 4585 quas
3049 4518 3230 4584 habes,
3273 4521 3323 4571 et
3351 4516 3424 4570 da
3444 4516 3803 4587 pauperibus,
3835 4520 3890 4570 et

2188 4605 2406 4661 habebis
2436 4593 2747 4660 thesaurum
2766 4608 2824 4659 in
2843 4606 3002 4674 cxlo;
3028 4611 3078 4661 et
3097 4608 3240 4672 veni,
3259 4620 3475 4675 sequere
3495 4620 3577 4658 me
3610 4624 3632 4653 ι
3662 4602 3882 4675 (Matth.

2186 4712 2301 4763 xix,
2332 4694 2445 4767 2|),
2476 4696 2807 4750 vehementer
2832 4695 3113 4761 adamavi,
3145 4700 3196 4750 et
3223 4710 3329 4749 non
3365 4696 3493 4748 meis
3522 4693 3750 4753 viribus,
3783 4694 3885 4747 sed

2186 4786 2366 4853 gratia
2388 4786 2564 4854 ipsius
2603 4784 2901 4853 adjuvante
2930 4786 3008 4838 sic
3032 4784 3157 4850 feci.
3191 4785 3373 4851 Neque
3404 4783 3544 4836 enim
3570 4782 3702 4852 quia
3732 4780 3885 4837 dives

2186 4889 2292 4928 non
2322 4875 2430 4942 fui,
2461 4872 2581 4927 ideo
2622 4876 2801 4927 minus
2827 4873 2966 4927 mihi
3006 4872 3387 4941 imputabitur.
3419 4871 3559 4926 Nam
3584 4884 3753 4939 neque
3775 4871 3890 4938 ipsi

2187 4963 2453 5033 Apostoli,
2487 4963 2585 5033 qui
2599 4964 2812 5033 priores
2852 4962 2946 5015 hoc
2983 4963 3246 5026 fecerunt,
3278 4959 3474 5014 divites
3500 4961 3741 5026 fuerunt.
3773 4957 3887 5013 Sed

2187 5056 2355 5108 totum
2382 5050 2644 5106 mundum
2674 5051 2922 5116 dimittit,
2949 5052 3048 5119 qui
3066 5053 3116 5103 et
3136 5050 3275 5104 illud
3304 5047 3448 5118 quod
3478 5047 3711 5114 habet,et
3740 5046 3887 5115 quod

2187 5142 2341 5211 optat
2389 5138 2583 5193 habere
2621 5136 2874 5193 dimittit.
2916 5138 3192 5204 Quantum
3237 5142 3415 5191 autem
3454 5138 3518 5190 in
3569 5136 3668 5190 hac
3703 5138 3887 5204 perfe-

2187 5228 2380 5283 ctionis
2418 5228 2510 5281 via
2548 5227 2892 5296 profecerim,
2938 5227 3114 5293 magis
3162 5226 3377 5294 quidem
3414 5226 3540 5280 novi
3581 5239 3675 5292 ego
3716 5239 3885 5294 quam

2187 5318 2478 5387 quisquam
2508 5317 2648 5370 alius
2680 5316 2859 5380 homo;
2882 5315 2976 5369 sed
3003 5316 3176 5381 magis
3215 5318 3353 5370 Deus
3391 5329 3553 5383 quam
3573 5329 3686 5381 ego.
3706 5316 3775 5369 Et
3800 5314 3883 5368 ad

2188 5407 2283 5460 hoc
2306 5406 2644 5475 propositum
2690 5404 2910 5472 quantis
2945 5420 3168 5474 possum
3199 5404 3407 5458 viribus
3446 5403 3582 5456 alios
3606 5403 3885 5459 exhortor.

2187 5493 2470 5565 Additque
2500 5512 2516 5547 :
2550 5496 2621 5548 Et
2650 5495 2707 5548 in
2736 5496 2948 5548 nomine
2980 5495 3189 5549 Domini
3235 5494 3401 5548 habeo
3429 5497 3716 5560 consortes,
3767 5493 3888 5561 qui-

2193 5584 2288 5637 bus
2338 5584 2431 5637 hoc
2464 5598 2564 5653 per
2608 5599 2779 5638 meum
2824 5584 3185 5640 ministerium
3207 5596 3533 5652 persuasum
3569 5585 3648 5636 est
3684 5582 3883 5652 (Epist.
