4060 6356
168 300 268 350 Hii

162 421 304 485 157,
348 435 403 474 n.
436 422 548 491 39).
584 420 656 475 Ex
684 419 772 475 his
791 422 1146 477 consortibus
1174 422 1570 480 adhortatione
1597 424 1776 497 ipsius
1803 426 1874 482 ad

159 505 335 561 istud
367 508 725 579 propositum
752 510 1209 581 amplectendam
1240 512 1522 584 impulsis,
1548 514 1705 569 fuere
1726 516 1873 570 cives

157 600 221 650 et
252 597 434 652 amici
470 597 555 652 illi
596 598 738 669 ejus,
771 615 902 654 cum
944 600 1151 672 quibus
1186 602 1298 655 Deo
1329 602 1542 673 pariter
1579 604 1873 660 servienti-

156 684 277 739 bus
334 686 406 740 ad
453 686 700 742 Africam
749 692 807 743 et
850 689 1143 761 propriam
1189 691 1425 746 domum
1465 708 1747 766 agrosque
1783 709 1875 750 re-

157 773 393 829 meavit
422 773 741 845 (Possidius,
763 792 810 831 c.
844 780 918 839 3).
1433 827 1449 842 .

235 865 300 917 2.
338 864 402 917 In
442 862 565 919 istis
607 865 779 936 agris,
824 867 925 938 qui
970 883 1086 922 non
1115 868 1239 924 ruri
1267 873 1458 926 tamen
1498 874 1596 926 aut
1624 871 1695 926 ab
1734 871 1874 927 urbe

155 951 397 1023 procul,
439 952 535 1008 sed
564 955 816 1025 Tagastae
845 955 1209 1026 adjacebant;
1255 958 1301 1013 si
1325 958 1559 1031 quidem
1593 959 1725 1015 inde
1753 959 1875 1033 ipse

155 1040 236 1095 ad
284 1040 626 1097 Nebridium
672 1043 922 1099 scribens
952 1045 1048 1107 ait,
1100 1063 1159 1101 se
1203 1046 1283 1102 ibi
1315 1047 1503 1118 potius
1533 1064 1706 1120 quam
1741 1050 1874 1104 Car-

158 1128 417 1201 thagine
464 1130 550 1185 vel
601 1131 776 1187 etiam
823 1132 945 1187 ruri
1009 1149 1074 1189 ex
1121 1135 1400 1190 sententia
1456 1152 1622 1207 posse
1667 1137 1874 1208 degere

158 1217 377 1288 (Epist.
426 1221 509 1285 l0,
549 1236 605 1274 η.
655 1220 703 1290 1)
753 1237 766 1276 :
814 1220 876 1275 in
921 1221 1063 1289 istis,
1102 1222 1355 1295 inquam,
1402 1225 1554 1295 agris
1594 1242 1625 1280 a
1670 1241 1728 1280 se
1756 1226 1873 1297 jam

160 1307 438 1362 alienatis
470 1307 565 1377 (sic
593 1308 747 1363 enim
791 1311 1029 1365 Possidii
1059 1316 1278 1367 veteres
1308 1312 1524 1368 codices
1552 1313 1785 1384 ferunt),
1814 1314 1874 1369 id

158 1399 270 1455 est,
308 1396 372 1450 in
400 1396 489 1451 his
517 1413 634 1452 non
664 1398 884 1471 proprii
931 1401 1197 1471 amplius,
1244 1401 1343 1455 sed
1384 1401 1557 1456 alieni
1578 1402 1728 1472 juris
1749 1403 1871 1472 jam

158 1481 359 1552 factis,
391 1485 756 1554 constitutus,
785 1503 900 1542 una
928 1503 1058 1543 cum
1089 1489 1200 1543 illis
1221 1489 1436 1544 civibus
1464 1494 1520 1545 et
1545 1490 1744 1545 amicis
1772 1490 1874 1562 qui

157 1570 363 1626 eidem
410 1577 476 1627 ut
517 1575 668 1645 patri
710 1576 1099 1643 adhasrebant,
1132 1578 1448 1633 triennium
1477 1579 1656 1634 ferme
1686 1584 1871 1635 trans-

157 1660 286 1730 egit
319 1676 334 1715 :
369 1661 471 1716 ubi
500 1664 677 1717 seculi
701 1665 850 1719 curis
876 1666 1093 1721 solutus
1122 1670 1181 1721 et
1226 1666 1372 1721 liber
1403 1669 1516 1723 Deo
1544 1668 1783 1735 vivebat,
1816 1674 1874 1725 et

152 1749 427 1821 jejuniis,
450 1752 823 1819 orationibus,
846 1754 1123 1826 bonisque
1146 1756 1414 1827 operibus
1427 1773 1650 1825 vacans,
1671 1757 1731 1812 in
1747 1758 1869 1829 lege

159 1838 406 1893 Domini
448 1840 544 1895 diu
576 1846 864 1913 noctuque
903 1843 1202 1911 meditans,
1234 1844 1630 1916 Egyptiorum
1667 1862 1869 1901 mona-

155 1927 434 1997 chorum,
469 1927 829 2001 aliorumque
856 1947 999 2002 quos
1040 1931 1101 1986 in
1130 1932 1274 1987 libro
1303 1932 1373 1988 de
1404 1933 1650 1988 Moribus
1680 1935 1868 1990 Eccle-

155 2013 258 2067 sia:
292 2019 419 2068 tam
449 2014 705 2086 impense
736 2017 1087 2088 laudaverat,
1116 2018 1289 2074 vitam
1328 2020 1516 2091 quoad
1544 2024 1768 2091 poterat
1793 2036 1867 2077 ae-

159 2102 501 2158 mulabatur
526 2105 842 2175 (Possidius,
872 2121 917 2161 c.
952 2108 1026 2176 3).
1065 2108 1191 2162 Non
1219 2124 1447 2163 omnem
1474 2109 1644 2164 modo
1675 2108 1868 2164 saeculi

156 2208 326 2263 spem
387 2192 702 2264 abjecerat;
754 2210 953 2250 verum
1007 2211 1137 2251 cum
1187 2195 1248 2251 in
1296 2198 1502 2252 sacculo
1549 2197 1701 2269 quod
1748 2213 1868 2252 esse

155 2286 436 2352 potuerat
463 2298 585 2339 esse
622 2283 917 2353 noluisset,
948 2284 1018 2340 de
1049 2284 1167 2353 illa,
1200 2285 1268 2340 ad
1299 2302 1471 2357 quam
1501 2286 1868 2357 postmodum

156 2369 219 2424 in
252 2370 521 2425 Ecclesim
551 2375 778 2426 evectus
808 2375 911 2439 est,
951 2373 1332 2428 consectanda
1374 2373 1650 2444 dignitate
1696 2373 1867 2428 mini-

158 2473 254 2513 me
300 2458 614 2529 cogitabat.
664 2461 923 2531 Elegerat
969 2461 1222 2532 abjectus
1270 2477 1388 2516 esse
1433 2461 1495 2516 in
1541 2462 1712 2517 domo
1766 2461 1866 2517 Dei

158 2547 374 2619 magis.
433 2564 607 2619 quam
650 2549 907 2603 habitare
953 2548 1016 2603 in
1071 2549 1448 2604 tabernaculis
1502 2555 1866 2621 peccatorum

159 2637 329 2705 (Psal.
361 2653 594 2707 Lxxxm,
627 2637 732 2708 11).
758 2637 1098 2709 Segregatus
1126 2642 1248 2693 erat
1273 2638 1345 2693 ab
1376 2639 1444 2694 iis
1464 2638 1564 2710 qui
1594 2640 1864 2693 saeculum

156 2725 418 2796 diligunt
443 2742 455 2779 :
481 2727 578 2781 sed
594 2726 675 2780 eis
690 2726 789 2797 qui
804 2731 1058 2798 prmsunt
1075 2728 1442 2798 populis,uou
1460 2744 1518 2782 se
1535 2728 1867 2799 comquabat

158 2815 357 2881 (Serm.
393 2817 521 2884 355,
547 2830 605 2869 n.
636 2817 708 2883 2).
741 2816 874 2869 Vitas
918 2831 1098 2886 genus
1125 2820 1181 2871 et
1209 2818 1468 2887 regulam
1498 2817 1603 2871 sub
1632 2820 1865 2888 Aposto-

156 2902 224 2956 lis
254 2902 628 2959 constitutam
660 2904 982 2959 sectabatur
1010 2921 1023 2960 :
1058 2905 1303 2960 maxime
1325 2922 1457 2960 vero
1479 2909 1543 2961 ut
1568 2905 1629 2960 in
1659 2922 1761 2960 sua
1779 2922 1866 2960 so-

156 2990 363 3046 cietate
394 3008 567 3047 nemo
598 2993 896 3065 quidpiam
923 3009 1089 3048 suum
1120 3009 1239 3047 esse
1272 2994 1505 3061 diceret,
1545 2993 1642 3048 sed
1672 2993 1864 3049 omnia

158 3086 352 3136 essent
411 3081 682 3137 omnibus
744 3082 1095 3154 communia,
1134 3088 1191 3138 et
1233 3083 1584 3139 divideretur
1625 3083 1862 3155 singulis

155 3170 569 3253 prout‘cuique
601 3187 745 3243 opus
772 3175 910 3226 erat.
945 3172 1004 3226 Id
1035 3171 1272 3227 omnino
1290 3173 1413 3244 jam
1441 3172 1561 3244 ipse
1590 3173 1751 3244 prior
1779 3174 1861 3229 fe-

154 3259 253 3329 cit,
287 3259 369 3314 ait
402 3258 710 3326 Possidius,
733 3260 871 3314 dum
902 3260 970 3315 de
1000 3260 1393 3316 transmarinis
1418 3262 1486 3317 ad
1517 3261 1750 3333 propria
1778 3278 1863 3318 re-

155 3355 406 3405 measset
460 3350 776 3422 (Possidius,
829 3367 877 3407 υ.
939 3352 1013 3421 5).
1065 3352 1201 3416 Quae
1250 3353 1569 3424 Augustino
1629 3358 1859 3409 auctore

156 3439 474 3494 constituta
501 3439 689 3494 fuerat
729 3440 998 3495 dominici
1028 3441 1218 3496 schola
1245 3441 1460 3496 servitii
1480 3442 1862 3511 (Benedictinae

156 3528 285 3595 Reg.
335 3528 580 3599 prologo)
621 3528 805 3597 (liceat
849 3530 912 3584 Β.
971 3529 1257 3584 Benedicti
1300 3530 1370 3585 de
1419 3529 1732 3585 monastico
1770 3531 1859 3585 in-

155 3616 355 3671 stituto
394 3617 685 3689 loquentis
721 3616 893 3672 verba
940 3620 1267 3689 usurpare),
1308 3635 1375 3674 ea
1420 3635 1555 3675 sane
1589 3618 1858 3691 magistro

155 3706 361 3760 eodem
392 3706 517 3777 ipso
542 3706 808 3761 utebatur
840 3722 853 3761 :
887 3723 951 3761 ac
978 3706 1093 3761 suis
1123 3706 1243 3779 ipse
1266 3708 1454 3775 sociis,
1478 3707 1553 3762 iis
1581 3708 1857 3763 nimirum

157 3793 254 3864 qui
282 3794 461 3849 simul
491 3810 622 3849 cum
672 3810 739 3849 eo
769 3794 1064 3849 servitium
1094 3800 1354 3851 sanctum
1402 3796 1641 3868 professi
1697 3800 1859 3851 erant

156 3882 375 3951 (Ejusd.
408 3885 541 3950 Reg.
573 3898 695 3953 cap.
737 3884 810 3952 5),
860 3900 963 3938 ceu
993 3883 1127 3938 ﬁliis
1176 3900 1210 3938 a
1245 3900 1304 3939 se
1350 3884 1413 3938 in
1459 3884 1681 3939 Christo
1726 3886 1855 3939 Jesu

155 3972 385 4041 genitis,
415 3972 538 4027 vice
566 3972 746 4043 patris
775 3976 918 4028 erat.
949 3973 1091 4027 Cum
1136 3972 1250 4027 illis
1279 3972 1540 4027 assiduus
1571 3972 1858 4027 excolebat

155 4073 353 4115 eorum
386 4060 629 4125 animos,
670 4064 727 4113 et
756 4059 1053 4115 imbuebat
1083 4060 1292 4115 sanctis
1321 4059 1526 4115 litteris
1555 4077 1619 4115 ac
1645 4060 1855 4115 doctri-

153 4146 269 4215 nis;
301 4148 498 4203 alebat
527 4147 595 4201 ad
626 4146 913 4218 pietatem,
937 4148 1376 4220 roborabatque,
1402 4164 1517 4221 quo
1548 4148 1855 4220 aliquando

156 4235 395 4291 suismet
438 4235 521 4289 illi
568 4234 785 4289 viribus
824 4234 968 4290 citra
1007 4235 1186 4307 ipsius
1229 4252 1397 4308 opem
1444 4239 1658 4291 starent
1682 4236 1742 4291 in
1772 4252 1857 4291 se-

154 4339 331 4379 cessu.
379 4325 523 4379 Nam
572 4322 853 4395 ﬂagitanti
898 4323 1164 4379 Nebridio
1212 4329 1275 4380 ut
1302 4325 1373 4380 ad
1404 4340 1463 4381 se
1493 4324 1711 4380 veniret
1739 4342 1856 4380 una

155 4427 348 4468 secum
393 4412 666 4483 victurus,
710 4413 801 4467 bis
847 4416 972 4468 tum
1024 4413 1211 4468 verbis
1256 4414 1636 4485 respondebat
1690 4431 1705 4469 :
1754 4416 1854 4469 llic

154 4506 297 4569 sunt,
323 4504 425 4571 qui
450 4517 542 4557 nec
563 4503 745 4556 venire
768 4517 975 4557 mecum
1004 4507 1224 4571 queant,
1256 4508 1306 4557 et
1336 4518 1467 4572 quos
1495 4503 1733 4557 deserere
1758 4518 1851 4556 ne-

154 4590 243 4655 fas
267 4596 475 4659 putem.
502 4593 582 4645 Tu
598 4593 741 4645 enim
765 4596 914 4661 potes
934 4595 984 4645 et
1012 4593 1164 4661 apud
1190 4596 1337 4646 tuam
1356 4596 1586 4647 mentem
1613 4594 1855 4647 suaviter

157 4675 434 4746 habitare;
458 4681 503 4733 ii
524 4694 647 4732 vero
674 4682 735 4732 ut
776 4679 918 4733 idem
950 4682 1165 4749 possint
1192 4682 1470 4748 satagitur
1505 4680 1710 4751 (Epist.
1766 4683 1850 4747 10,

156 4780 210 4820 n.
236 4768 308 4837 l).
326 4767 499 4823 Addit
518 4772 577 4823 et
594 4767 734 4823 illud
749 4768 909 4835 alibi,
934 4784 994 4823 se
1016 4769 1085 4823 ab
1106 4768 1231 4838 ipso
1252 4768 1442 4839 primo
1465 4767 1853 4823 conversionis

160 4870 273 4909 suas
301 4859 583 4928 tempore,
605 4860 981 4930 posteaquam
1004 4857 1065 4912 in
1082 4857 1326 4913 Africam
1350 4858 1665 4924 venit,cum
1685 4857 1854 4912 inter-

163 4950 508 5016 rogaretura
527 4933 815 5014 fratribus,
838 4946 1066 5019 quando
1085 4962 1217 5001 eum
1239 4949 1532 5001 vacantem
1559 4945 1846 5013 videbant,

158 5045 422 5104 responsa
448 5034 545 5089 illa
572 5035 829 5103 dictasse,
855 5052 924 5090 ex
952 5035 1161 5107 quibus
1181 5034 1470 5107 octoginta
1496 5034 1673 5089 trium
1690 5034 1852 5100 Quae-

160 5120 403 5178 stionum
434 5124 644 5179 librum
686 5125 804 5195 jam
844 5123 1145 5196 episcopus
1174 5123 1505 5179 conﬂaverit
1544 5126 1847 5186 (Retracta-

162 5211 362 5266 tionum
392 5213 489 5267 lib.
527 5216 576 5282 1,
605 5228 732 5283 cap.
769 5214 883 5284 26).
916 5214 1108 5269 Rebus
1146 5227 1377 5284 quoque
1415 5211 1648 5266 illorum
1694 5227 1907 5279 σθω-ο

164 5299 451 5372 modisque
479 5301 853 5357 consulebat:
882 5302 1127 5369 tametsi,
1169 5299 1455 5372 ejusmodi
1482 5316 1622 5355 cura
1649 5304 1707 5356 et
1735 5301 1846 5355 sol-

166 5384 451 5446 licitudine
466 5394 794 5462 exoptatum
819 5388 927 5444 sibi
954 5390 1138 5445 otium
1154 5390 1521 5445 adimeretur.
1541 5388 1683 5444 Hinc
1702 5389 1846 5445 forte

166 5473 455 5535 Nebridius
502 5495 634 5535 cum
680 5478 990 5550 aliquando
1031 5477 1341 5550 accepisset
1382 5476 1632 5533 amicum
1677 5493 1846 5533 suum

165 5565 398 5633 negotiis
461 5567 671 5623 civium
716 5566 1007 5638 impediri,
1059 5565 1370 5639 quominus
1411 5570 1607 5640 optata
1651 5564 1843 5639 quiete

1662 306 1873 362 LIBER
1902 306 2229 365 TERTIUS.

1988 429 2293 498 frueretur,
2315 432 2641 502 epistolium
2671 434 2821 489 istud
2854 436 2925 489 ad
2956 452 3089 491 eum
3112 438 3303 493 misit:
3336 442 3489 495 Itane
3508 446 3688 510 est,mi

1984 519 2308 587 Augustine,
2337 522 2716 589 fortitudinem
2756 539 2819 578 ac
2851 525 3194 580 tolerantiam
3221 530 3449 596 negotiis
3487 531 3681 585 civium

1978 615 2232 679 prmstas,
2275 611 2501 665 necdum
2546 612 2650 667 tibi
2685 614 2938 669 redditur
2985 616 3083 670 illa
3124 622 3382 686 exaptata
3418 619 3686 675 cessatio?

1985 699 2195 766 Quaeso,
2227 700 2325 767 qui
2353 703 2401 753 te
2430 704 2541 755 tam
2579 701 2774 757 bonum
2803 704 3041 757 homines
3073 706 3457 774 interpellant?
3487 708 3673 775 Credo,

1983 790 2082 857 qui
2102 790 2346 844 nesciunt
2372 790 2509 860 quid
2528 806 2690 854 ames,
2725 791 2861 860 quid
2897 796 3261 863 concupiscas.
3286 796 3549 851 Nullusne
3576 798 3682 852 tibi

1982 880 2063 931 est
2098 878 2413 943 amicorum,
2455 880 2553 948 qui
2589 881 2665 934 eis
2703 895 2907 935 amores
2945 884 3149 949 referat
3180 882 3338 938 tuos?
3367 899 3457 937 nec
3485 887 3680 941 Roma-

1982 965 2201 1032 nianus,
2223 982 2315 1020 nec
2340 966 2673 1024 Lucinianus
2688 968 2716 1024 ?
2738 970 2822 1024 Me
2841 974 2977 1024 certe
3005 971 3235 1025 audiant
3267 987 3279 1025 :
3303 987 3396 1039 ego
3419 973 3679 1036 clamabo,

1982 1069 2076 1122 ego
2102 1054 2355 1122 testabor,
2390 1060 2438 1110 te
2464 1059 2631 1111 Deum
2660 1074 2862 1125 amare,
2899 1060 2985 1113 illi
3011 1061 3212 1113 servire
3236 1064 3397 1129 atque
3424 1044 3682 1117 inhaerere

1982 1157 2192 1211 cupere.
2234 1145 2431 1200 Vellem
2472 1160 2565 1213 ego
2605 1149 2653 1200 te
2684 1148 2743 1201 in
2777 1162 2871 1202 rus
2918 1163 3091 1201 meum
3130 1164 3339 1217 vocare,
3378 1149 3560 1219 ibique
3587 1167 3677 1206 ac-

1983 1234 2266 1301 quiescere.
2315 1234 2435 1290 Non
2461 1236 2603 1289 enim
2650 1235 2841 1290 timebo
2880 1252 2962 1290 me
2991 1236 3318 1292 seductorem
3368 1240 3450 1291 tui
3490 1238 3602 1293 dici
3643 1256 3678 1293 a

1982 1320 2188 1374 civibus
2228 1322 2358 1388 tuis,
2407 1337 2540 1390 quos
2588 1324 2816 1377 nimium
2852 1339 3028 1393 amas,
3069 1329 3121 1379 et
3161 1340 3196 1378 a
3233 1325 3425 1393 quibus
3452 1328 3679 1382 nimium

1981 1410 2187 1464 amaris
2216 1409 2415 1479 (Epist.
2449 1414 2517 1472 5).
2550 1410 2772 1483 Quippe
2802 1428 2915 1466 non
2945 1427 3440 1484 quorumcumque
3470 1414 3679 1470 civium

1944 1496 1949 1507 '
1981 1491 2211 1562 negotia
2258 1494 2600 1563 procurabat
2631 1494 2725 1548 Vir
2753 1495 2868 1550 Deo
2901 1495 3147 1559 deditus,
3174 1494 3275 1550 sed
3303 1512 3504 1553 eorum
3550 1502 3679 1553 tan-

1982 1581 2277 1636 tummodo
2332 1582 2432 1653 qui
2488 1599 2547 1637 se
2598 1582 2658 1637 in
2715 1583 2837 1654 ejus
2893 1583 3254 1655 disciplinam
3300 1586 3678 1648 tradidissent.

1981 1684 2232 1739 quorum
2276 1670 2704 1726 necessitatibus
2739 1671 3005 1744 occupari
3033 1676 3091 1728 et
3119 1673 3329 1729 servire
3356 1675 3679 1731 tenebatur.

1981 1756 2321 1828 Quanquam
2364 1759 2517 1814 credi
2544 1759 2743 1831 possit,
2773 1759 2963 1830 ipsum
2992 1776 3098 1815 suo
3137 1760 3310 1815 etiam
3340 1760 3399 1815 in
3428 1777 3676 1828 secessu,

1981 1860 2111 1900 cum
2149 1846 2391 1902 nimium
2440 1847 2537 1903 ille
2584 1851 2640 1902 et
2681 1848 2971 1903 a'civibus
3014 1848 3133 1903 suis
3174 1852 3484 1916 amaretur,
3515 1854 3573 1904 et
3606 1865 3675 1904 ex

1979 1950 2145 2005 sequo
2176 1935 2323 1989 cives
2352 1952 2484 1990 suos
2532 1935 2872 2003 redamaret,
2913 1936 3225 2008 suscepisse
3253 1936 3541 1992 interdum
3571 1954 3671 1993 cu-

1978 2038 2102 2077 ram
2131 2023 2454 2094 graviorum
2484 2024 2864 2095 negotiorum,
2890 2041 3020 2097 quas
3044 2025 3115 2080 ab
3145 2025 3215 2080 iis
3236 2026 3307 2081 ad
3327 2025 3516 2097 ipsum
3539 2042 3672 2098 per-

1974 2111 2321 2166 ferebantur.
2346 2112 2629 2167 Casterum
2658 2112 2717 2167 in
2743 2129 2845 2167 sua
2869 2113 3133 2168 societate
3162 2113 3311 2168 cives
3340 2112 3493 2169 inter
3529 2114 3670 2169 alios

1976 2198 2179 2254 habuit
2199 2198 2270 2254 ab
2295 2199 2458 2255 initio
2486 2200 2757 2271 Alypium
2787 2205 2847 2256 et
2871 2201 3168 2269 Evodium,
3196 2204 3387 2273 atque,
3420 2205 3484 2256 ut
3512 2201 3672 2257 vide-

1976 2292 2091 2355 tur,
2127 2289 2396 2343 Severum
2425 2287 2757 2361 episcopum
2785 2294 2981 2361 postea
3009 2289 3672 2362 Milevitanum,quocum

1978 2376 2079 2431 diu
2108 2377 2446 2433 meditatum
2472 2394 2530 2432 se
2562 2377 2734 2432 fuisse
2756 2379 2993 2434 verbum
3024 2378 3144 2447 Dei,
3172 2379 3507 2435 recordatur
3535 2379 3672 2435 scri-

1976 2464 2116 2520 bons
2140 2465 2212 2520 ad
2252 2466 2531 2520 Novatum
2569 2464 2767 2537 (Epist.
2801 2467 2891 2532 84,
2921 2481 2980 2521 n.
3014 2465 3082 2537 1).

2049 2557 2100 2609 3.
2150 2554 2450 2609 Nebridius
2487 2553 2802 2609 Mediolano
2824 2554 2948 2625 jam
2985 2570 3265 2621 reversus,
3293 2557 3358 2609 ut
3386 2571 3454 2609 ex
3497 2571 3669 2626 supe—

1975 2642 2115 2697 riori
2133 2642 2396 2713 epistolio
2418 2642 2776 2715 intelligitur,
2795 2647 3065 2698 erattunc
3084 2643 3359 2716 temporis
3384 2643 3444 2698 iu
3465 2644 3669 2698 Africa.

1974 2730 2060 2785 Ibi
2112 2730 2451 2802 Carthagine
2499 2731 2586 2785 vel
2618 2730 2678 2785 in
2708 2730 2922 2801 praedio
2974 2731 3100 2786 urbi
3140 2731 3403 2803 proximo
3432 2732 3672 2804 degebat

1974 2835 2104 2874 cum
2127 2824 2308 2874 matre
2331 2823 2565 2890 totaque
2594 2819 2771 2874 domo
2802 2820 3005 2891 (Epist.
3034 2823 3116 2888 10,
3144 2836 3199 2876 n.
3231 2821 3302 2891 l),
3325 2837 3498 2892 quam
3522 2822 3670 2876 Deus

1973 2908 2128 2962 illius
2165 2906 2484 2961 ministerio
2515 2907 2586 2962 ad
2606 2906 2779 2961 ﬁdem
2796 2907 3032 2962 adduxit
3049 2909 3310 2980 (Confess.
3346 2909 3441 2965 lib.
3471 2912 3525 2977 9,
3547 2925 3667 2979 cap.

1975 2996 2029 3064 3,
2056 3009 2114 3048 η.
2145 2993 2214 3065 6).
2251 2996 2328 3059 Ac
2348 2992 2469 3064 ipse
2499 2993 2732 3065 quidem
2762 2994 2911 3065 apud
2946 3010 3075 3048 suos
3107 3011 3175 3049 ex
3199 3011 3314 3066 quo
3347 2994 3669 3066 baptizatus

1973 3086 2076 3147 est,
2119 3081 2180 3137 in
2221 3081 2475 3136 castitate
2522 3082 2773 3151 perfecta
2814 3087 2983 3154 atque
3026 3083 3377 3138 continentia
3410 3085 3521 3138 Deo
3551 3101 3666 3138 ser-

1977 3170 2128 3227 vivit.
2161 3171 2303 3227 Cum
2332 3170 2510 3242 igitur
2536 3171 2645 3226 hoc
2676 3176 2840 3242 pacto
2872 3173 3069 3242 procul
3102 3172 3170 3226 ab
3201 3172 3384 3227 amico
3425 3173 3664 3239 abesset,

1973 3277 2147 3334 seque
2172 3261 2504 3332 frequenter
2527 3261 2769 3316 invisere
2802 3277 2917 3316 non
2946 3264 3200 3333 possent,
3224 3266 3424 3317 mutuo
3455 3262 3671 3334 episto-

1972 3351 2157 3406 larum
2186 3350 2525 3406 commercio
2557 3366 2749 3406 secum
2777 3350 3019 3405 invicem
3050 3350 3534 3422 colloquebantur.
3566 3351 3668 3405 Ne-

1971 3439 2187 3495 bridius
2229 3438 2465 3511 quidem
2510 3456 2719 3510 magna
2748 3443 2804 3494 et
2833 3438 3090 3494 difficilia
3116 3455 3443 3511 proponens
3471 3441 3666 3510 Augu-

1971 3527 2146 3595 stino,
2168 3527 2273 3583 iste
2292 3532 2482 3583 autem
2504 3528 2658 3584 illius
2677 3527 2862 3583 nodos
2886 3544 2990 3599 per
3018 3527 3285 3599 epistolas
3314 3528 3627 3583 dissolvens
3650 3543 3663 3582 :

1970 3631 2127 3685 quas,
2151 3616 2231 3670 ait
2249 3616 2573 3687 Nebridius,
2588 3619 2862 3686 perplacet
2874 3619 2955 3671 ita
2975 3632 3209 3685 servare,
3232 3621 3293 3671 ut
3310 3618 3485 3672 oculos
3504 3631 3665 3671 meos.

1969 3707 2109 3762 Sunt
2136 3707 2276 3760 enim
2300 3722 2528 3772 magnae,
2558 3722 2664 3761 non
2688 3710 3011 3775 quantitate,
3038 3707 3133 3762 sed
3156 3707 3334 3774 rebus,
3366 3712 3418 3762 et
3443 3723 3667 3776 magna-

1967 3809 2090 3848 rum
2143 3809 2325 3848 rerum
2366 3808 2593 3859 magnas
2640 3797 2911 3849 continent
2950 3796 3315 3864 probationes.
3368 3797 3481 3851 Illa:
3528 3798 3669 3851 mihi

1968 3883 2261 3947 Christum,
2286 3882 2394 3936 illa
2420 3883 2713 3950 Platonem,
2740 3884 2848 3936 illa:
2875 3883 3146 3937 Plotinum
3172 3884 3458 3938 sonabunt.
3488 3887 3666 3939 Erunt

1965 3970 2138 4035 igitur
2162 3968 2320 4035 mihi,
2338 3974 2390 4024 et
2408 3969 2483 4023 ad
2500 3969 2832 4024 audiendum
2847 3977 3073 4039 propter
3085 3972 3445 4040 eloquentiam
3461 3972 3662 4039 dulces,

1966 4062 2017 4112 et
2043 4058 2117 4112 ad
2158 4057 2436 4123 legendum
2460 4063 2687 4127 propter
2728 4058 3042 4113 brevitatem
3083 4060 3295 4126 faciles,
3328 4063 3379 4113 et
3409 4058 3482 4112 ad
3509 4059 3662 4113 intel-

1966 4145 2241 4214 ligendum
2266 4150 2489 4215 propter
2517 4147 2843 4215 sapientiam
2881 4146 3122 4201 salubres
3171 4148 3368 4217 (Epist.
3416 4149 3469 4213 6,
3496 4163 3551 4202 η.
3584 4146 3658 4215 1).

1968 4235 2033 4288 In
2077 4233 2327 4305 quadam
2368 4233 2438 4288 ad
2485 4249 2619 4290 eum
2648 4234 2886 4304 epistola
2915 4235 3215 4290 observare
3259 4239 3366 4301 est,
3414 4234 3661 4290 Platonis

1964 4321 2446 4376 reminiscentiam
2476 4321 2892 4377 nobilissimum
2919 4322 3213 4377 inventum
3237 4322 3308 4377 ab
3337 4321 3659 4394 Augustino

1966 4410 2304 4482 nuncupari,
2337 4426 2584 4481 eumque
2622 4411 2800 4465 videri
2829 4428 3080 4466 asserere
3114 4412 3271 4466 velut
3310 4428 3376 4465 cx
3403 4428 3505 4466 sua
3531 4427 3659 4465 sen-

1963 4499 2163 4566 tentia,
2204 4500 2344 4554 olim
2380 4499 2635 4553 animam
2675 4515 2873 4553 verum
2919 4499 3251 4570 inspexisse,
3278 4515 3312 4553 a
3339 4516 3454 4571 quo
3500 4500 3660 4556 unita

1962 4587 2188 4659 corpori
2236 4604 2358 4643 sese
2406 4587 2744 4658 disjunxerit
2791 4590 2987 4657 (Epist.
3034 4592 3090 4654 7,
3130 4604 3186 4642 n.
3235 4589 3302 4657 2).
3352 4587 3655 4659 Quidpiam

1963 4676 2148 4731 simile
2195 4675 2447 4748 reperire
2487 4680 2571 4731 est
2615 4675 2675 4730 in
2714 4676 2941 4747 dialogo
2979 4675 3048 4730 de
3094 4674 3419 4740 Quantitate
3448 4676 3655 4731 animas

1965 4766 2057 4834 (De
2082 4770 2271 4833 quant.
2304 4767 2520 4831 animis,
2567 4780 2626 4819 n.
2655 4765 2761 4835 34),
2795 4764 2925 4819 licet
2953 4764 3096 4819 illud
3128 4764 3187 4818 in
3217 4763 3335 4819 suis
3363 4764 3653 4821 Detracta-

1961 4854 2189 4908 tionum
2229 4853 2391 4909 libris
2426 4852 2619 4907 sanius
2646 4851 3072 4923 interpretetur.
3104 4852 3212 4908 Sed
3241 4852 3455 4908 mirum
3475 4852 3656 4909 videri

1960 4958 2080 4997 non
2109 4940 2298 5008 debet,
2330 4941 2378 4995 si
2406 4940 2760 5012 Augustinus
2785 4958 2926 5013 quas
2954 4957 2985 4997 e
3023 4940 3496 5014 philosophorum
3526 4941 3653 4997 fon-

1960 5030 2112 5086 tibus
2167 5029 2468 5102 Opiuiones
2529 5029 2816 5098 hauserat,
2865 5045 2981 5085 non
3036 5029 3307 5086 continuo
3359 5030 3650 5103 abjecerit.

1961 5121 2209 5190 Ipsemet
2254 5118 2472 5183 asserit,
2521 5134 2654 5173 eum
2707 5118 2807 5190 qui
2850 5135 3024 5190 opera
3062 5118 3244 5191 ipsius
3291 5118 3491 5174 ordine
3537 5133 3651 5189 quo

1959 5207 2167 5278 scripta
2198 5210 2330 5263 sunt
2355 5208 2578 5278 legerit,
2611 5207 2774 5262 facile
2804 5207 3333 5263 animadversurum
3362 5205 3649 5277 quomodo

1958 5296 2255 5352 scribendo
2284 5296 2583 5369 profecerit
2614 5297 2866 5367 (Retract.
2909 5298 3150 5367 prologo,
3189 5312 3248 5353 η.
3292 5294 3365 5365 3).
3400 5293 3650 5348 Plurima

1958 5401 2188 5457 quoque
2216 5386 2375 5441 nullo
2413 5385 2647 5457 negotio
2677 5385 3067 5457 deprehendes
3092 5385 3153 5440 in
3182 5382 3467 5455 prioribus
3495 5381 3649 5437 illius

1957 5475 2247 5547 operibus,
2291 5491 2421 5548 qua:
2459 5475 2580 5546 ipse
2609 5474 2669 5530 in
2700 5474 3112 5547 posterioribus
3135 5470 3541 5527 emendaverit.
3584 5473 3649 5527 In

1959 5564 2107 5620 hanc
2141 5581 2264 5621 rem
2308 5565 2582 5621 adnotare
2611 5564 2763 5631 licet,
2793 5579 2925 5619 eum
2962 5562 3023 5617 in
3064 5558 3513 5617 Millenariorum
3543 5559 3646 5616 ali-

3579 324 3683 376 162
3768 354 3787 379 ο
