4060 6364
298 312 316 335 ‘
418 304 519 359 163

415 424 646 497 quando
694 421 866 479 fuisse
913 420 1228 489 sententia;
1267 436 1334 475 eo
1375 426 1571 477 tamen
1608 423 1803 487 modo,
1835 440 1953 495 quo
2002 422 2117 477 ista

416 512 611 586 opinio
652 517 965 583 utcumque
994 509 1224 565 tolerari
1264 515 1472 582 posset,
1514 511 1621 566 hoc
1659 517 1764 579 est,
1808 513 1855 566 si
1885 511 2116 566 nonnisi

416 601 742 674 spiritualcs
792 599 1009 655 deliciae
1038 599 1096 653 in
1128 600 1234 654 hoc
1266 599 1422 654 mille
1460 616 1745 655 annorum
1776 617 1954 672 regno
1985 617 2113 654 sau-

418 690 524 745 ctis
554 689 832 745 adfutura
862 689 1228 743 crederentur
1246 688 1440 757 (Serm.
1467 693 1593 759 259,
1622 706 1678 745 η.
1710 693 1776 758 2;
1797 690 1863 745 de
1885 692 2116 747 Civitate

419 782 538 847 Dei,
571 780 667 835 lib.
696 781 789 849 20,
812 793 932 847 cap.
957 783 1032 842 7).
1058 778 1216 842 Quod
1250 778 1319 832 ad
1347 779 1598 833 Nebridii
1616 779 1855 851 quaesita
1877 783 2110 850 spectat,

419 868 556 941 quia
572 884 689 923 non
719 866 914 922 omnia
932 866 1001 921 de
1027 866 1197 920 rebus
1223 865 1426 921 divinis
1451 871 1632 935 erant,
1656 866 1851 924 scribit
1877 868 1951 922 ad
1981 882 2113 921 eum

418 956 792 1029 Augustinus,
837 955 939 1009 illa
980 970 1109 1026 quae
1140 955 1208 1009 de
1236 955 1346 1009 hoc
1375 956 1588 1011 mundo
1621 960 1978 1027 quaeruntur,
2011 971 2115 1009 nec

417 1046 551 1101 satis
569 1045 637 1100 ad
654 1046 881 1100 beatam
894 1045 1066 1098 vitam
1080 1042 1447 1099 obtinendam
1465 1044 1569 1099 sibi
1596 1044 1771 1099 videri
1792 1044 2079 1115 pertinere
2098 1060 2112 1114 ;

416 1150 482 1189 ac
529 1133 576 1188 si
629 1132 846 1204 aliquid
892 1132 1139 1187 afferunt
1183 1133 1487 1203 voluptatis
1517 1149 1644 1188 cum
1676 1133 2111 1204 investigantur,

417 1223 794 1278 metuendum
842 1237 964 1276 esse
1010 1226 1225 1288 tamen,
1257 1238 1327 1276 ne
1367 1227 1646 1293 occupent
1673 1227 1902 1293 tempus
1945 1223 2114 1276 rebus

415 1312 869 1383 impendendum
900 1310 1250 1366 melioribus.
1284 1311 1496 1366 Idcirco
1527 1316 1756 1366 caeteras
1786 1311 1936 1365 inter
1956 1327 2114 1381 quae-

416 1402 648 1467 stiones,
680 1416 809 1472 quae
840 1399 1212 1455 dissolvendae
1234 1404 1589 1470 supererant,
1621 1416 1746 1454 eam
1774 1416 1903 1471 qua:
1927 1400 1997 1454 de
2028 1401 2115 1453 ln-

415 1489 761 1545 carnationis
780 1489 1050 1560 mysterio
1082 1488 1374 1560 proposita
1394 1493 1535 1555 erat,
1563 1487 1771 1559 seligit,
1795 1491 1859 1542 ut
1879 1492 2116 1541 conetur

414 1595 695 1651 exponere
712 1594 824 1649 quo
839 1581 1024 1648 pacto,
1044 1594 1172 1632 cum
1199 1577 1374 1632 trium
1393 1577 1717 1632 divinarum
1738 1592 2110 1647 personarum

413 1666 666 1720 actiones
685 1664 943 1720 indivisa?
962 1664 1097 1732 sint,
1117 1669 1315 1719 nostra
1335 1668 1526 1719 tamen
1543 1664 1815 1735 mysteria
1836 1667 1893 1719 et
1912 1663 2113 1734 religio

414 1770 527 1826 qua
553 1752 759 1808 imbuti
789 1769 1006 1815 sumus,
1036 1753 1303 1807 humanae
1324 1757 1546 1808 naturae
1567 1753 1981 1823 susceptionem
2012 1751 2109 1806 uni

414 1842 554 1898 Filio
584 1842 899 1896 attribuant
929 1842 1123 1913 (Epist.
1153 1842 1259 1911 Η).
1298 1843 1370 1895 Ex
1401 1858 1513 1912 qua
1537 1842 1852 1913 quaestione
1881 1841 2108 1896 videtur

410 1936 560 1985 certo
588 1928 779 2001 colligi
807 1945 996 2000 posse,
1020 1928 1141 1998 jam
1172 1928 1525 1999 baptizatum
1554 1929 1725 1982 fuisse
1752 1928 2107 1984 Nebridium.

414 2022 571 2074 Hunc
601 2018 896 2089 aliquanto
926 2021 1056 2072 ante
1087 2018 1542 2089 presbyteratum
1566 2017 1890 2087 Augustini,
1925 2034 2111 2089 neque

410 2107 471 2162 in
499 2106 669 2178 hujus
689 2105 1055 2173 monasterio,
1079 2106 1178 2160 sed
1203 2105 1359 2160 domi
1376 2122 1493 2160 suae
1511 2104 1665 2161 diem
1684 2106 2109 2177 obiisse,uperte

410 2194 694 2267 signiﬁcat
723 2194 880 2249 idem
908 2194 1030 2265 ipse
1059 2194 1428 2265 Augustinus,
1460 2195 1521 2249 in
1552 2194 1658 2249 hoc
1688 2194 1855 2250 amici
1883 2194 2107 2250 demor-

415 2284 504 2338 tui
538 2282 825 2355 pernobili
864 2282 1050 2354 elogio
1090 2299 1104 2337 :
1153 2284 1337 2352 Quem,
1384 2282 1482 2350 ait,
1516 2298 1622 2338 non
1658 2284 1824 2338 multo
1845 2288 1968 2352 post
1991 2298 2112 2337 con-

406 2375 707 2427 versionem
749 2374 990 2426 nostram
1027 2375 1079 2426 et
1123 2374 1576 2440 regenerationem
1616 2387 1719 2441 per
1770 2373 2108 2441 Baptismum

410 2466 582 2528 tuum,
613 2462 795 2530 ipsum
816 2461 979 2514 etiam
1006 2459 1217 2529 ﬁdelem
1237 2460 1577 2527 catholicum,
1603 2462 1850 2515 castitate
1868 2462 2108 2529 perfecta

409 2555 573 2619 atque
600 2550 931 2604 continentia
960 2548 1063 2603 tibi
1088 2550 1402 2603 servientem
1430 2550 1489 2602 in
1518 2548 1720 2615 Africa
1764 2549 1915 2619 apud
1960 2564 2103 2616 suos,

408 2654 529 2693 cum
550 2642 663 2693 tota
689 2638 876 2693 domus
891 2637 1007 2708 ejus
1028 2652 1131 2707 per
1148 2653 1267 2691 eum
1280 2637 1586 2691 christiana
1608 2639 1761 2703 facta
1787 2641 2107 2705 esset,carne

406 2730 651 2793 solvisti;
696 2732 746 2782 et
772 2742 913 2781 nunc
943 2727 1032 2780 ille
1059 2728 1197 2781 vivit
1240 2728 1298 2780 in
1328 2727 1451 2780 sinu
1478 2725 1780 2781 Abraham.
1827 2726 2107 2795 Quidquid

405 2817 547 2872 illud
576 2819 673 2882 est,
707 2814 852 2885 quod
877 2815 971 2869 illo
995 2816 1341 2884 signiﬁcatur
1368 2813 1511 2882 sinu,
1534 2814 1617 2869 ibi
1636 2814 1929 2872 Nebridius
1957 2830 2104 2869 meus

405 2908 558 2969 vivit,
593 2905 769 2959 dulcis
799 2905 1005 2958 amicus
1033 2918 1200 2970 meus,
1232 2908 1355 2957 tuus
1384 2908 1582 2971 autem,
1615 2906 1854 2972 Domine,
1885 2903 2102 2973 adopti-

405 3007 504 3047 vus
534 3008 601 3046 ea:
625 2992 814 3047 liberto
833 2992 1002 3061 ﬁlius,
1024 2991 1105 3045 ibi
1123 2992 1279 3045 vivit.
1301 2993 1443 3048 Nam
1464 2993 1587 3062 quis
1617 2992 1758 3047 alius
1786 2992 1888 3047 tali
1912 2994 2105 3047 animae

404 3080 590 3136 locus?
621 3081 701 3136 lbi
736 3082 893 3146 vivit,
923 3080 1066 3134 unde
1093 3095 1175 3134 me
1195 3080 1367 3134 multa
1395 3081 1768 3148 interrogabat
1792 3081 2099 3135 homuncio-

401 3185 521 3224 nem
549 3171 909 3238 inexpertum.
941 3170 1063 3222 Jam
1090 3182 1197 3221 non
1221 3169 1378 3236 ponit
1406 3183 1591 3222 aurem
1615 3168 1689 3221 ad
1716 3183 1773 3223 os
1798 3168 2103 3236 meum,sed

403 3258 691 3326 spirituale
721 3271 777 3311 os
803 3256 877 3310 ad
912 3257 1116 3322 fontem
1136 3259 1316 3321 tuum;
1348 3260 1398 3309 et
1428 3255 1583 3324 bibit,
1613 3262 1875 3325 quantum
1901 3261 2098 3327 potest,

402 3346 731 3415 sapientiam
758 3360 858 3414 pro
889 3343 1152 3397 aviditate
1178 3358 1279 3397 sua
1304 3345 1420 3397 sine
1437 3346 1541 3412 ﬁne
1562 3345 1721 3411 felix.
1753 3347 1860 3402 Nec
1882 3347 1961 3399 sic
1982 3361 2100 3400 eum

402 3434 643 3489 arbitror
686 3433 952 3487 inebriari
975 3447 1042 3486 ex
1071 3447 1152 3498 ea,
1184 3435 1245 3486 ut
1282 3432 1633 3486 obliviscatur
1671 3436 1807 3499 mei;
1853 3448 1971 3488 cum
2018 3438 2095 3501 tu,

402 3524 643 3589 Domine,
690 3536 845 3590 quem
887 3524 1042 3590 potat
1084 3520 1195 3587 ille,
1244 3522 1420 3574 nostri
1464 3522 1541 3576 sis
1583 3536 1783 3577 memor
1832 3521 2095 3592 (Confess.

402 3610 492 3666 lib.
519 3612 569 3677 9,
605 3626 725 3680 cap.
757 3612 810 3677 3,
838 3625 896 3664 n.
929 3611 997 3671 6).
1190 3656 1199 3661 -

1065 3696 1290 3753 CAPUT
1329 3697 1428 3753 ΙΙΙ.

403 3790 422 3842 1
460 3787 652 3843 Libros
681 3786 746 3841 de
780 3786 970 3843 Genesi
1004 3790 1191 3841 contra
1227 3788 1551 3842 Manicheeos
1581 3785 1887 3842 conscribit.
1917 3788 1950 3840 2
1982 3785 2096 3841 Ab-

469 3877 629 3932 solvit
656 3891 750 3930 seu:
781 3875 943 3930 libros
985 3875 1051 3929 de
1076 3877 1307 3930 Musiea.
1348 3878 1378 3931 3
1410 3876 1693 3944 Diutogum
1732 3874 1796 3929 de
1836 3876 2097 3943 Magistro

466 3965 599 4019 edit.
631 3967 664 4018 4
706 3964 908 4019 Deinde
950 3964 1148 4019 librum
1182 3964 1248 4018 de
1292 3965 1433 4021 Vera
1474 3962 1768 4032 Religione.
1821 3966 1852 4018 5
1893 3963 2098 4019 Scribit

467 4055 542 4109 ad
569 4057 872 4110 Maximum
907 4055 1342 4110 Madaurensem.
1373 4056 1404 4108 6
1429 4053 1523 4108 Ad
1553 4052 1912 4109 Cwlestinum.
1940 4055 1971 4105 7
2004 4050 2098 4105 Ad

467 4145 683 4200 Gaium.
715 4145 747 4197 8
776 4145 847 4198 Et
885 4142 960 4196 ad
996 4143 1351 4197 Antoninum.

469 4235 525 4288 1.
564 4233 693 4286 Non
721 4248 788 4286 eo
810 4230 926 4285 ﬁne
959 4247 1017 4284 se
1045 4229 1411 4284 saecularibus
1439 4227 1589 4283 curis
1618 4231 1676 4282 et
1702 4226 2093 4298 occupationi-

395 4320 501 4376 bus
552 4319 895 4376 subduxerat
930 4317 1305 4389 Augustinus,
1364 4320 1428 4371 ut
1470 4315 1532 4370 in
1577 4331 1799 4371 secessu
1828 4314 2095 4386 deinceps

394 4407 556 4462 inani
585 4423 648 4461 ac
688 4406 870 4462 sterili
899 4406 1015 4461 otio
1055 4406 1362 4460 frueretur.
1395 4403 1667 4470 Quocirca
1695 4420 1811 4458 non
1839 4419 2093 4474 priesen-

391 4496 546 4549 tibus
571 4496 766 4561 modo,
798 4495 964 4549 sociis
993 4494 1258 4549 videlicet
1295 4493 1430 4561 suis,
1463 4493 1558 4547 sed
1591 4491 1918 4547 absentibus
1947 4508 2092 4563 quo-

393 4600 505 4656 que
534 4600 598 4639 ac
639 4584 866 4650 exteris,
910 4584 1174 4656 prodesse
1222 4581 1457 4650 studuit,
1504 4581 1752 4646 tradens,
1782 4583 1925 4635 teste
1959 4582 2092 4635 Pos-

391 4672 556 4740 sidio,
589 4690 704 4745 qua
729 4672 911 4742 libris,
944 4690 1058 4745 qua
1081 4671 1465 4739 sermonibus,
1498 4686 1627 4742 quae
1652 4669 1762 4742 ipsi
1792 4668 2093 4725 meditanti

390 4765 445 4816 et
488 4761 674 4817 oranti
727 4768 913 4818 essent
958 4780 992 4817 a
1040 4763 1154 4817 Deo
1197 4762 1445 4816 revelata
1487 4760 1821 4831 (Possidius,
1869 4761 1928 4814 in
1964 4760 2092 4816 Vita

388 4850 650 4919 August.,
682 4867 729 4908 c.
765 4853 835 4922 3).
871 4852 1103 4906 Exstant
1133 4850 1448 4905 etiamnum
1491 4848 1828 4904 eorumdem
1871 4863 2092 4902 sermo-

389 4955 548 5006 num,
582 4956 726 5011 quos
752 4956 882 4995 cum
905 4940 1022 4995 suis
1040 4940 1261 5007 habuit,
1290 4938 1552 5011 quaedam
1572 4937 1813 5009 vestigia
1834 4935 1895 4991 in
1916 4951 2091 5008 supra

385 5032 707 5084 memorato
763 5028 1054 5084 volumine
1105 5028 1394 5098 octoginta
1445 5026 1624 5082 trium
1673 5025 2083 5091 Quaestionum.

388 5118 552 5184 Quod
582 5118 653 5173 ad
682 5117 855 5172 libros
883 5122 1021 5172 tunc
1049 5116 1118 5171 ab
1139 5117 1263 5187 ipso
1291 5115 1614 5171 lucubratos
1643 5114 1865 5180 attinet,
1896 5131 2093 5169 recen-

388 5211 474 5262 set
514 5206 578 5262 in
628 5205 745 5261 suis
799 5204 1316 5261 Retractationibus
1370 5204 1513 5258 duos
1566 5203 1742 5257 libros
1781 5202 1851 5257 de
1883 5204 2087 5259 Genesi
2124 5238 2161 5271 ο

386 5301 581 5351 contra
632 5294 989 5361 Manichaeos,
1022 5309 1120 5347 sex
1156 5292 1332 5347 libros
1360 5291 1429 5346 de
1469 5290 1697 5357 Musica,
1730 5291 1943 5345 librum
1987 5292 2087 5363 qui

384 5385 692 5457 inscriptus
723 5387 809 5439 est
850 5382 919 5438 de
960 5381 1248 5452 Magistro,
1290 5382 1347 5434 et
1393 5377 1605 5433 librum
1653 5378 1722 5433 de
1760 5380 1904 5433 Vera
1933 5380 2086 5435 Reli-

386 5474 575 5545 gione.
625 5473 808 5529 Libris
837 5489 983 5544 quos
1031 5471 1101 5526 de
1153 5467 1357 5525 Genesi
1398 5467 1643 5538 scripsit,
1676 5468 1844 5523 Vetus
1890 5469 2085 5525 Testa-

388 5566 650 5619 mentum
669 5562 737 5618 ab
758 5561 976 5617 insanis
1004 5558 1449 5617 Manichaeorum
1474 5555 1775 5611 calumniis
1797 5555 2085 5613 vindicare

1619 302 1783 358 VITA
1836 302 1901 358 S.
1950 298 2326 357 AUGUSTINI
2382 298 2712 356 EPISCOPI.

3828 302 3922 356 164

2222 427 2480 489 exorsus,
2510 420 2701 492 priore
2726 419 2961 493 quidem
3013 418 3242 475 initium
3287 422 3567 476 Geneseos
3591 420 3833 493 exponit
3859 421 3923 476 ad

2222 528 2356 567 eum
2377 526 2556 582 usque
2578 512 2785 577 locum,
2809 510 2871 564 in
2896 525 3009 581 quo
3031 512 3181 565 Deus
3201 510 3292 565 die
3309 510 3554 582 septimo
3576 510 3926 582 requievisse

2221 600 2445 656 dicitur.
2475 601 2538 654 In
2566 598 2883 670 posteriore
2902 615 3036 653 vero
3068 599 3329 654 eamdem
3359 599 3735 670 prosequitur
3757 615 3929 670 expo-

2222 689 2491 745 sitionem
2518 705 2701 760 usque
2722 689 2792 743 ad
2815 689 3026 750 locum,
3052 687 3112 742 in
3134 703 3247 759 quo
3278 688 3461 743 Adam
3490 692 3548 743 et
3567 687 3783 743 mulier
3807 689 3926 758 ejus

2223 778 2292 833 de
2341 778 2605 849 paradiso
2637 776 2862 832 dimissi
2893 792 3013 831 esse
3052 780 3378 831 narrantur.
3426 775 3639 831 Deinde
3684 776 3748 831 in
3800 776 3931 831 libri

2221 862 2335 917 ﬁne
2365 862 2655 917 erroribus
2685 860 3125 917 Manichzeorum
3153 860 3446 915 catholicae
3475 860 3729 916 veritatis
3755 860 3928 916 ﬁdem

2221 952 2466 1007 dilucide
2511 957 2567 1008 et
2604 951 3004 1024 compendiose
3043 952 3305 1023 opponit.
3339 952 3402 1006 In
3430 951 3537 1006 hac
3567 950 3930 1022 expositione

2222 1041 2592 1112 allegoricum
2632 1041 3030 1097 tantummodo
3069 1056 3298 1095 sensum
3347 1044 3572 1095 secutus
3610 1045 3697 1095 est
3735 1055 3751 1094 :
3808 1042 3928 1095 Non

2221 1146 2406 1199 ausus,
2440 1130 2648 1202 inquit,
2689 1132 3029 1185 naturalium
3070 1145 3252 1185 rerum
3292 1133 3448 1184 tanta
3475 1134 3678 1184 secreta
3705 1129 3783 1183 ad
3831 1130 3925 1183 lit-
4034 1188 4035 1201 χ

2220 1223 2391 1273 terum
2431 1235 2721 1288 ereponere;
2755 1220 2848 1273 hoc
2878 1223 2974 1280 est,
3015 1218 3463 1287 quemadmodum
3490 1222 3704 1287 possent
3733 1232 3923 1272 secun-

2222 1307 2351 1361 dum
2381 1308 2692 1361 historicum
2717 1309 3127 1377 proprietatem,
3151 1321 3271 1376 qua:
3296 1306 3377 1359 ibi
3392 1305 3541 1360 dicta
3568 1310 3715 1372 sunt,
3741 1307 3926 1374 accipi

2223 1394 2480 1466 (Retract.
2532 1397 2625 1451 lib.
2676 1400 2726 1459 1,
2777 1412 2898 1465 cap.
2956 1395 3063 1465 18).
3106 1396 3185 1449 De
3230 1394 3320 1449 his
3360 1393 3522 1450 libris
3562 1394 3923 1464 Augustinus

2222 1490 2422 1555 postea
2469 1485 2768 1552 disserens,
2817 1487 2984 1550 Duos,
3035 1483 3133 1551 ait,
3174 1485 3472 1553 conscripsi
3510 1484 3674 1538 libros
3720 1486 3925 1538 recenti

2223 1578 2454 1643 tempore
2498 1575 2856 1628 conversionis
2926 1588 3071 1639 mea,
3136 1573 3239 1627 cito
3300 1573 3480 1627 volens
3549 1571 3921 1643 (Manichaeo—

2223 1663 2372 1733 rum)
2415 1665 2696 1729 confutare
2750 1662 3125 1729 deliramenta,
3173 1662 3257 1716 vel
3312 1662 3516 1729 erigere
3568 1663 3921 1716 intentionem

2222 1750 2296 1804 ad
2324 1751 2669 1819 quaerendam
2692 1752 2749 1804 in
2778 1751 2994 1817 litteris,
3027 1764 3163 1819 quas
3201 1748 3449 1814 oderunt,
3482 1750 3842 1805 christianum
3870 1755 3920 1804 et

2220 1840 2580 1905 evangelicum
2607 1839 2787 1907 ﬁdem.
2830 1841 2901 1894 Et
2929 1840 3061 1908 quia
3091 1854 3197 1892 non
3227 1839 3365 1892 mihi
3408 1842 3532 1893 tunc
3569 1838 3921 1892 occurrebant

2219 1929 2421 1994 omnia,
2457 1927 2905 1997 quemadmodum
2932 1929 3153 1996 proprie
3177 1930 3394 1997 possent
3412 1927 3607 1996 accipi,
3637 1930 3922 1995 magisque

2218 2031 2325 2070 non
2347 2031 2504 2085 posse
2531 2017 2709 2085 accipi
2734 2016 3082 2084 videbantur,
3110 2020 3206 2069 aut
3231 2018 3328 2069 vis:
3351 2030 3508 2085 posse
3534 2019 3629 2069 aut
3656 2014 3918 2084 difﬁcile;

2217 2120 2283 2159 ne
2305 2105 2639 2172 retardarer,
2673 2105 2808 2175 quid
2832 2108 3065 2175 ﬁgurate
3083 2106 3454 2174 signiﬁcarent
3473 2119 3555 2171 ea,
3584 2118 3702 2172 qua
3721 2104 3797 2157 ad
3816 2106 3916 2159 lit-

2220 2198 2389 2248 teram
2414 2209 2521 2249 non
2548 2196 2703 2264 potui
2727 2196 2987 2261 invenire,
3019 2197 3228 2264 quanta
3251 2193 3404 2247 valui
3430 2192 3688 2248 brevitate
3714 2197 3767 2246 et
3787 2208 3914 2262 per-

2215 2286 2502 2353 spicuitate
2530 2285 2827 2354 explicavi;
2860 2300 2925 2339 ne
2967 2284 3051 2338 vel
3087 2283 3259 2338 multa
3287 2283 3507 2337 lectione
3538 2282 3623 2336 vel
3654 2280 3913 2351 disputa-

2216 2375 2379 2428 tionis
2418 2373 2744 2428 obscuritate
2781 2372 3053 2443 deterriti,
3105 2374 3166 2426 in
3205 2387 3398 2426 manus
3437 2386 3501 2425 ea
3543 2385 3753 2426 sumere
3807 2386 3913 2424 non

2215 2466 2484 2517 curarent.
2543 2464 2746 2517 Memor
2791 2465 2970 2516 tamen
3006 2461 3143 2530 quid
3193 2463 3433 2515 maxime
3485 2460 3767 2526 voluerim,
3820 2476 3912 2514 nec

2209 2554 2512 2621 potuerim;
2545 2556 2606 2606 ut
2632 2567 2739 2606 non
2775 2554 3026 2621 ﬁgurate.
3058 2551 3154 2606 sed
3176 2552 3401 2620 proprie
3426 2551 3687 2619 primitus
3718 2554 3915 2603 cuncta

2213 2641 2658 2707 intelligerentur,
2715 2655 2809 2694 nec
2864 2642 3081 2694 omnino
3118 2639 3411 2709 desperans
3455 2640 3617 2693 etiam
3654 2640 3732 2693 sic
3757 2653 3917 2708 posse

2212 2731 2467 2798 intelligi,
2495 2730 2738 2798 idipsum
2767 2731 2825 2783 in
2852 2732 3036 2799 prima
3054 2734 3211 2799 parte
3229 2728 3451 2784 secundi
3473 2729 3603 2782 libri
3621 2730 3701 2782 ita
3716 2731 3911 2797 posui:

2212 2820 2372 2886 Sane,
2403 2822 2648 2887 inquam,
2677 2820 2923 2887 quisquis
2951 2820 3197 2885 voluerit,
3225 2819 3405 2872 omnia
3433 2833 3550 2886 quae
3579 2816 3727 2872 dicta
3762 2822 3913 2885 sunt,

2211 2908 2501 2964 secundum
2522 2908 2759 2962 litteram
2790 2910 3050 2977 accipere,
3084 2907 3145 2962 id
3169 2910 3270 2977 est,
3293 2922 3399 2961 non
3428 2907 3590 2961 aliter
3612 2907 3917 2974 intelligere

2212 3012 2375 3067 quam
2429 2998 2613 3051 littera
2668 3001 2843 3063 sonat,
2898 3001 2949 3051 et
2981 3000 3157 3066 potest
3187 2998 3391 3050 evitare
3438 2994 3822 3065 blasphemias,
3864 3000 3914 3049 et

2210 3088 2390 3140 omnia
2418 3088 2767 3152 congruentia
2780 3085 2919 3154 ﬁdei
2946 3084 3218 3140 catholicae
3241 3083 3575 3154 praedicare;
3605 3099 3713 3138 non
3737 3084 3913 3138 solum

2210 3175 2260 3227 ei
2283 3188 2389 3228 non
2420 3177 2497 3227 est
2517 3172 2885 3239 invidendum,
2906 3173 3000 3227 sed
3022 3174 3332 3242 praecipuus
3357 3172 3688 3240 multumque
3692 3170 3913 3257 lauda-

2211 3262 2336 3317 bilis
2366 3262 2661 3317 intellector
2690 3261 2966 3316 habendus
2995 3266 3074 3315 est
3102 3263 3195 3329 (De
3220 3261 3409 3317 Genesi
3437 3260 3512 3314 ad
3538 3261 3696 3326 Litt.,
3729 3259 3829 3315 lib.
3853 3263 3910 3327 8,

2209 3366 2264 3405 n.
2325 3351 2399 3421 5).
2444 3349 2587 3404 Suos
2632 3349 2838 3404 deinde
2890 3349 3192 3404 duodecim
3242 3348 3417 3404 libros
3463 3348 3533 3403 de
3582 3348 3784 3404 Genesi
3837 3349 3909 3404 ad

2210 3438 2479 3493 Litteram
2529 3438 2700 3509 (quod
2757 3455 2872 3492 non
2924 3438 3112 3494 fuerat
3142 3454 3311 3493 ausus
3342 3436 3608 3509 primitus
3646 3437 3907 3509 aggredi)

2213 3528 2324 3582 Deo
2354 3527 2529 3581 fretus
2559 3527 2758 3593 edidit,
2788 3530 3161 3599 posteaquam
3191 3543 3349 3582 sacra
3379 3526 3532 3581 illius
3556 3526 3728 3581 verba
3774 3526 3907 3581 dili-

2207 3610 2431 3680 gentius
2466 3611 2666 3667 fuisset
2693 3612 2953 3667 intuitus.
2981 3613 3191 3667 Verum
3222 3610 3292 3666 ab
3322 3610 3447 3682 ipso
3476 3610 3676 3665 limine
3716 3609 3909 3681 operis

2205 3696 2358 3752 illius
2386 3698 2446 3753 in
2491 3699 2754 3755 Genesim
2782 3699 2974 3772 primi,
3008 3700 3163 3772 quod
3193 3705 3279 3755 est
3307 3703 3506 3754 contra
3544 3699 3904 3765 Manichaaos,

2206 3787 2419 3843 mirum
2439 3789 2604 3844 nobis
2632 3789 2991 3845 demissionis
3019 3789 3307 3862 specimen
3334 3788 3395 3843 in
3415 3805 3474 3843 se
3502 3787 3626 3859 ipso
3657 3787 3903 3843 exhibet.

2205 3876 2412 3932 Scribit
2440 3877 2595 3932 enim
2644 3879 2970 3946 nonnullos,
3020 3879 3122 3950 qui
3176 3877 3504 3934 liberalibus
3536 3875 3740 3930 litteris
3773 3893 3904 3931 cum

2205 3970 2395 4021 essent
2419 3966 2653 4034 eruditi,
2701 3967 2798 4022 sed
2846 3983 2977 4021 vere
3016 3964 3328 4031 christiani,
3364 3965 3693 4036 primasque
3723 3963 3906 4035 ipsius

2205 4057 2404 4107 contra
2441 4054 2670 4109 eosdem
2706 4055 3007 4109 haereticos
3032 4055 3458 4110 lucubrationes
3485 4054 3778 4125 legissent,
3807 4054 3907 4108 ob-

2204 4158 2456 4198 servasse
2502 4143 2626 4197 illas
2675 4144 2745 4198 ab
2791 4142 3244 4214 imperitioribus
3289 4147 3389 4198 aut
3426 4142 3517 4197 vix
3546 4146 3645 4198 aut
3672 4142 3904 4198 difﬁcile

2203 4228 2473 4301 intelligi.
2530 4234 2600 4286 Et
2633 4247 2734 4297 me,
2782 4231 2993 4304 inquit,
3025 4232 3507 4287 benevolentissime
3558 4236 3901 4298 monuerunt,

2201 4321 2262 4371 ut
2315 4333 2643 4373 communem
2700 4320 2954 4388 loquendi
2991 4320 3423 4375 consuetudinem
3450 4335 3556 4374 non
3584 4319 3899 4386 desererem,

2200 4408 2252 4461 si
2278 4422 2482 4461 errores
2519 4408 2639 4462 illos
2664 4412 2775 4463 tam
2798 4412 3128 4478 perniciosos
3168 4409 3235 4463 ab
3264 4410 3462 4464 animis
3487 4411 3649 4463 etiam
3677 4411 3900 4479 imperi-

2204 4500 2377 4551 torum
2404 4497 2664 4565 erpellere
2693 4499 3002 4564 cogitarem.
3033 4500 3188 4553 Hunc
3227 4500 3367 4552 enim
3402 4512 3699 4553 sermonem
3729 4499 3903 4553 usita-

2200 4589 2313 4639 tum
2334 4588 2384 4639 et
2403 4585 2699 4654 simplicem
2719 4587 2882 4641 etiam
2911 4586 3057 4641 docti
3077 4588 3408 4654 intelligunt,
3442 4586 3596 4641 illum
3615 4591 3801 4641 autem
3821 4589 3901 4642 in-

2199 4671 2345 4727 docti
2378 4688 2486 4727 non
2525 4674 2835 4744 intelligunt
2877 4677 2974 4746 (De
3016 4677 3145 4733 Gen.
3201 4680 3389 4731 contra
3428 4676 3771 4745 Manichaeos,
3803 4676 3898 4731 lib.

2204 4763 2253 4828 l,
2284 4776 2342 4816 n.
2379 4761 2448 4832 1).
2482 4764 2662 4834 Equo
2695 4780 2753 4819 se
2784 4763 2978 4819 animo
3008 4764 3230 4820 moneri
3258 4781 3460 4836 passus
3505 4769 3590 4819 est
3627 4765 3723 4819 Vir
3774 4781 3902 4820 san-

2196 4853 2337 4919 ctus,
2362 4854 2419 4905 et
2442 4850 2501 4906 id
2529 4852 2751 4907 consilii
2780 4852 3009 4909 reduxit
3036 4854 3107 4908 ad
3138 4852 3358 4925 praxim
3376 4853 3499 4924 jam
3523 4852 3658 4908 inde
3688 4851 3757 4907 ab
3788 4852 3902 4907 hoc

2196 4954 2389 5010 Opere,
2425 4939 2486 4995 in
2511 4956 2625 5012 quo
2656 4957 2715 4997 se
2738 4941 3180 4997 Manichazorum
3210 4941 3518 4996 vanitatem
3547 4956 3665 4996 non
3693 4944 3900 4996 ornato

2194 5028 2490 5100 politoque
2518 5045 2804 5098 sermone,
2834 5031 2931 5087 sed
2962 5031 3133 5086 rebus
3160 5029 3478 5086 manifestis
3503 5029 3899 5086 convicturum

2197 5132 2317 5170 esse
2346 5116 2670 5187 proﬁtetur.

2264 5208 2318 5259 2.
2352 5207 2460 5259 Per
2489 5204 2545 5260 id
2584 5206 2755 5261 breve
2807 5207 3081 5278 temporis
3109 5207 3379 5279 spatium,
3427 5223 3541 5280 quo
3570 5207 3897 5277 Mediolani,

2193 5297 2577 5348 commoratus
2609 5297 2692 5349 est
2742 5295 3096 5365 Baptismum
3140 5301 3536 5369 percepturus,
3580 5297 3901 5354 scribendis

2194 5380 2624 5452 disciplinarum
2649 5382 2831 5453 libris,
2861 5389 2927 5439 ut
2946 5384 3213 5453 vidimus,
3242 5401 3479 5457 operam
3508 5385 3745 5441 dederat
3784 5388 3902 5442 Au-

2196 5468 2477 5540 gustinus.
2511 5470 2667 5526 Inter
2717 5471 2855 5526 alias
2884 5472 3306 5529 lucubrationes
3336 5472 3556 5546 aliquid
3584 5473 3655 5529 de
3685 5474 3900 5530 Musica

2197 5557 2386 5615 fuerat
2413 5574 2648 5617 exorsus
2693 5576 2706 5617 :
2742 5577 2942 5619 verum
2982 5578 3275 5634 regressus
3314 5563 3377 5619 in
3420 5563 3669 5619 Africam
3699 5580 3796 5621 sex
3825 5564 3897 5621 de
