4060 6392
139 334 231 386 165
1594 325 1804 382 LIBER

2003 326 2168 385 I‘IUS.
3532 333 3630 386 166

133 451 232 506 hoc
277 451 612 521 argumento
667 448 864 520 libros,
920 449 1019 521 qui
1066 453 1285 507 exstant
1336 448 1644 520 hodieque,
1689 451 1824 519 post

135 539 464 612 opusculum
486 538 554 593 de
576 538 778 593 Genesi
799 539 1124 609 composuit
1145 540 1398 610 (Retract.
1421 538 1557 593 libro
1590 542 1635 604 l,
1660 552 1817 607 capp.

132 631 181 696 6,
208 628 307 697 11).
343 628 474 682 Illos
503 630 696 681 autem
726 626 902 681 libros
938 628 1100 698 quasi
1132 628 1442 699 proludens
1473 625 1696 698 scripsit
1724 641 1826 697 per

132 716 322 783 otium,
355 731 469 787 quo
502 715 623 787 jam
651 714 905 786 primum
934 715 1233 771 fruebatur
1250 718 1444 786 (Epist.
1468 718 1588 778 101,
1629 732 1684 770 n.
1717 715 1821 783 3.),

131 809 182 860 et
205 804 261 858 in
287 820 483 858 eorum
511 802 776 875 gratiam,
807 803 908 873 qui
938 820 1068 859 cum
1096 805 1247 860 bono
1278 803 1510 876 ingenio
1546 803 1820 859 divinitus

129 892 316 949 donati
362 892 495 959 sint,
544 892 1020 964 politioribusque
1049 893 1252 949 litteris
1304 893 1502 962 dediti,
1536 893 1826 948 erroribus

128 980 311 1036 saeculi
341 980 761 1052 prmstigiisque
789 981 1177 1053 implicantur,
1212 986 1269 1037 et
1296 983 1569 1053 prmelara
1598 980 1831 1053 ingenia

128 1070 183 1123 in
209 1068 376 1140 nugis
403 1073 726 1137 conterunt,
757 1071 1017 1142 quamvis
1048 1072 1192 1144 quid
1218 1071 1280 1126 in
1310 1071 1385 1126 iis
1407 1072 1646 1127 delectet
1674 1070 1829 1141 igno-

130 1162 277 1211 rent:
310 1173 439 1211 cum
469 1160 684 1221 tamen,
722 1158 769 1212 si
812 1160 965 1231 quod
1010 1159 1071 1215 in
1099 1164 1492 1215 creaturarum
1522 1159 1829 1214 harmonia

130 1245 231 1299 sibi
249 1246 454 1316 placet,
482 1251 884 1317 agnoscerent;
912 1247 1169 1303 viderent
1194 1265 1309 1320 qua
1330 1253 1388 1303 et
1405 1248 1505 1302 illa
1526 1246 1826 1313 lenocinia,

131 1333 328 1405 quibus
346 1333 704 1403 irretiuntur,
737 1335 1077 1407 effugerent,
1103 1341 1160 1392 et
1182 1337 1286 1391 ubi
1307 1337 1489 1391 beatae
1514 1334 1829 1391 securitatis

129 1427 182 1476 et
207 1421 480 1477 libertatis
526 1425 761 1493 portum
789 1428 1024 1494 possent
1056 1424 1307 1497 reperire
1340 1427 1438 1493 (De
1469 1426 1699 1492 Musica,
1733 1424 1826 1478 lib.

131 1513 180 1577 6,
220 1527 274 1565 n.
311 1512 385 1580 1).
420 1511 486 1565 In
514 1510 621 1566 hoc
663 1511 938 1567 nimirum
976 1529 1148 1584 opere
1196 1513 1446 1568 intendit
1494 1512 1826 1568 ostendere:

138 1613 377 1669 quonam
415 1601 582 1669 pacto
610 1615 640 1652 a
670 1599 1038 1653 mutabilibus
1080 1600 1356 1668 numeris,
1389 1600 1505 1655 sive
1536 1600 1829 1672 corporeis

105 1685 244 1741 'sive
285 1687 696 1758 spiritualibus,
739 1688 806 1743 ad
856 1688 1240 1744 immutabiles
1287 1706 1560 1744 numeros
1601 1689 1662 1743 in
1706 1690 1849 1743 sola

133 1774 471 1830 immutabili
500 1776 737 1830 veritate
777 1776 1098 1845 existentes,
1126 1778 1471 1849 quibusdam
1493 1777 1667 1833 veluti
1693 1794 1824 1848 gra-

132 1862 287 1917 dibus
316 1862 705 1935 perveniatur,
738 1868 794 1919 et
830 1864 910 1918 sic
953 1863 1265 1920 invisibilia
1294 1865 1417 1933 Dei,
1449 1881 1553 1936 per
1601 1881 1667 1920 ea
1694 1881 1824 1936 quas

132 1949 269 2005 facta
301 1956 455 2020 sunt,
500 1951 788 2006 intellecta
815 1952 1261 2024 conspiciantur.
1289 1954 1401 2009 Sed
1438 1954 1498 2008 id
1527 1970 1643 2008 non
1672 1970 1823 2025 prae-

132 2044 236 2095 stat
264 2040 371 2095 nisi
403 2040 464 2095 in
484 2045 642 2096 sexto
671 2040 839 2109 libro,
870 2041 931 2095 in
952 2058 1065 2113 quo
1085 2045 1170 2096 est
1196 2042 1381 2097 omnis
1411 2042 1628 2096 fructus
1651 2046 1822 2096 caste-

131 2147 318 2185 rorum
354 2131 572 2203 quique
601 2130 848 2185 maxime
877 2132 1193 2186 celebratus
1224 2132 1352 2199 fuit,
1385 2133 1537 2203 quod
1564 2148 1655 2185 res
1680 2132 1825 2187 scitu

130 2217 488 2289 dignissimas
521 2219 932 2290 complectatur
964 2221 1107 2290 ((Ep.
1142 2221 1262 2287 101,
1290 2235 1344 2274 n.
1370 2217 1450 2290 4).
1474 2220 1539 2273 In
1569 2219 1824 2290 quinque

131 2306 413 2378 prioribus
433 2307 581 2362 circa
596 2323 865 2362 numeros
886 2307 955 2362 ad
976 2323 1167 2362 moras
1187 2311 1514 2378 temporum
1533 2307 1824 2377 pertinen-

128 2400 225 2464 tes,
257 2413 403 2468 quos
430 2396 728 2467 rhythmos
754 2396 1021 2467 appellat,
1044 2395 1403 2451 immoratur.
1430 2397 1494 2450 Et
1508 2395 1570 2450 hi
1589 2395 1825 2466 quidem

130 2485 250 2539 libri
282 2484 623 2539 difficillime
650 2484 1071 2555 intelliguntur.
1095 2482 1446 2555 Augustinus
1470 2483 1592 2554 ipse
1616 2484 1826 2538 fatetur

131 2573 404 2644 plurimos
432 2573 573 2638 fore,
595 2573 695 2645 qui
723 2589 820 2628 eos
842 2576 903 2627 ut
921 2572 1172 2644 pueriles
1191 2589 1371 2643 nugas
1388 2571 1644 2627 habituri
1668 2571 1783 2626 sint
1805 2589 1818 2626 :

132 2667 315 2732 sperat
339 2666 536 2717 tamen
562 2662 706 2717 alios
734 2662 977 2717 arduum
1004 2661 1157 2716 hunc
1186 2661 1439 2716 laborem
1471 2660 1623 2732 aequi
1655 2661 1822 2715 boni-

131 2767 236 2821 que
264 2752 513 2806 facturos
536 2768 549 2806 :
585 2752 753 2817 Quem
777 2766 883 2805 non
908 2751 971 2806 ob
1001 2751 1158 2805 aliud
1175 2750 1581 2821 suscipiendum
1607 2752 1825 2819 putavi-

127 2855 256 2905 mus,
289 2839 480 2912 inquit
508 2839 844 2911 praefatione
873 2838 934 2893 in
965 2843 1185 2894 sextum
1214 2838 1448 2907 librum,
1478 2840 1589 2893 nisi
1604 2841 1665 2892 ut
1692 2838 1824 2892 ado-

127 2930 381 2995 lescentes,
418 2929 502 2983 vel
516 2929 804 2998 cujuslibet
821 2930 999 2984 aetatis
1028 2927 1284 2991 homines,
1308 2942 1439 2997 quos
1456 2927 1587 2982 bono
1609 2929 1823 2994 ingenio

126 3017 336 3072 donarit
364 3019 528 3084 Deus,
559 3033 664 3071 non
687 3032 1048 3087 prwpropere,
1075 3016 1169 3071 sed
1206 3015 1533 3085 quibusdam
1556 3014 1823 3082 gradibus

124 3121 155 3159 α
181 3106 419 3161 sensibus
444 3108 625 3161 carnis
641 3110 803 3175 atque
820 3105 1132 3159 carnalibus
1148 3105 1369 3171 litteris,
1399 3103 1594 3173 quibus
1619 3118 1702 3158 eos
1720 3120 1825 3158 non

126 3195 311 3249 haerere
334 3195 568 3264 difﬁcile
593 3199 690 3261 est,
723 3194 855 3248 duce
885 3195 1096 3247 ratione
1123 3192 1506 3259 avellerentur;
1536 3196 1701 3263 atque
1728 3194 1827 3247 uni

124 3284 219 3337 Deo
246 3287 295 3337 et
328 3286 554 3338 Domino
600 3299 780 3338 rerum
826 3284 1082 3349 omnium,
1128 3284 1226 3351 qui
1262 3283 1512 3336 humanis
1558 3281 1825 3337 mentibus

125 3372 267 3425 nulla
283 3376 491 3426 natura
509 3373 831 3442 interposita
848 3371 1127 3441 prasidet,
1143 3371 1599 3425 incommutabilis
1623 3372 1824 3424 verita-

128 3462 192 3514 tis
216 3476 393 3516 amore
424 3460 860 3516 adhaerescerent.
889 3461 1013 3516 Illos
1042 3462 1215 3527 igitur
1244 3460 1410 3515 libros
1440 3460 1539 3529 qui
1562 3460 1717 3527 leget,
1739 3460 1825 3513 in-

127 3551 289 3603 veniet
316 3564 411 3605 nos
444 3565 563 3604 cum
582 3551 955 3619 grammaticis
978 3553 1029 3603 et
1048 3550 1269 3618 poeticis
1297 3550 1516 3615 animis,
1542 3563 1647 3603 non
1668 3548 1825 3602 habi-

128 3637 276 3691 tandi
303 3639 575 3704 electione,
626 3637 720 3692 sed
760 3636 1061 3692 itinerandi
1095 3639 1409 3692 necessitate
1443 3640 1702 3691 versatos.
1734 3636 1829 3692 Ad

129 3724 257 3781 hunc
276 3731 458 3782 autem
485 3727 683 3781 librum
709 3741 827 3780 cum
860 3728 1083 3792 venerit,
1124 3727 1192 3793 si,
1225 3730 1285 3781 ut
1326 3741 1480 3795 spero
1517 3730 1568 3780 et
1596 3727 1829 3795 supplere

128 3811 390 3884 deprecor,
422 3818 562 3869 Deus
592 3820 642 3869 et
672 3815 927 3869 Dominus
959 3818 1138 3869 noster
1170 3816 1511 3884 propositum
1540 3829 1712 3869 meum
1736 3829 1827 3868 υο-

128 3902 488 3972 luntatemque
506 3903 907 3971 gubernaverit,
936 3908 987 3956 et
1014 3918 1071 3957 eo
1092 3919 1195 3973 quo
1226 3908 1303 3957 est
1324 3904 1533 3956 intenta
1550 3902 1828 3971 perduxe-

126 3994 213 4057 rit,
244 3994 510 4058 intelliget
546 4007 653 4045 non
680 3993 809 4045 vilis
840 3980 1195 4060 possessionis
1224 4006 1334 4046 esse
1361 3992 1521 4044 vilem
1558 3991 1704 4044 viam
1730 4006 1829 4059 per

127 4093 277 4147 quam
306 4096 451 4134 nunc
483 4095 603 4133 cum
632 4079 1091 4145 imbecillioribus,
1122 4095 1216 4133 nec
1244 4093 1341 4133 nos
1386 4080 1501 4148 ipsi
1537 4077 1829 4132 admodum

124 4168 310 4234 fortes,
358 4166 642 4221 ambulare
681 4166 994 4234 maluimus,
1028 4181 1193 4234 quam
1231 4168 1410 4219 minus
1437 4169 1698 4234 pennatus
1730 4182 1829 4235 per

127 4256 392 4311 liberiores
419 4270 587 4309 auras
616 4256 981 4324 praecipitare.
1013 4257 1099 4309 Ita
1124 4268 1239 4321 nos,
1274 4258 1538 4324 quantum
1566 4253 1825 4322 arbitror,

126 4350 213 4399 aut
240 4346 401 4411 nihil,
435 4349 531 4398 aut
553 4359 657 4397 non
676 4345 904 4397 multum
928 4358 1175 4412 peccasse
1193 4343 1471 4412 judicabit
1489 4343 1579 4413 (De
1597 4344 1824 4409 Musica,

129 4433 159 4486 l.
179 4437 223 4497 6,
239 4450 293 4489 η.
315 4436 391 4505 1).
414 4432 651 4499 Asserit,
675 4449 770 4487 eos
784 4431 884 4503 qui
905 4432 975 4486 ad
1000 4431 1456 4501 tenendumiter,
1475 4431 1699 4503 quodin
1720 4432 1828 4486 hoc

128 4536 289 4592 opere
318 4522 606 4593 patefacit,
629 4537 748 4575 non
770 4525 904 4576 sunt
923 4521 1060 4575 satis
1082 4519 1312 4587 eruditi,
1337 4520 1385 4574 si
1408 4523 1603 4575 tamen
1623 4536 1692 4574 ex
1712 4520 1825 4575 ﬁde

124 4608 244 4662 Iesu
263 4608 472 4664 Christi
490 4607 701 4675 vivant,
720 4609 869 4664 hanc
885 4608 1034 4663 viam
1052 4625 1168 4663 non
1188 4607 1453 4679 pedibus,
1470 4608 1569 4663 sed
1584 4607 1829 4662 charita-

126 4696 191 4749 tis
210 4698 414 4769 pennis
435 4696 725 4761 subnixos,
746 4697 994 4768 quodam
1015 4697 1187 4752 modo
1205 4697 1451 4752 volando
1467 4697 1629 4752 facile
1646 4697 1825 4752 confi-

126 4799 264 4853 cere,
296 4801 361 4840 ac
380 4784 615 4840 tandem
643 4790 773 4856 post
801 4786 971 4857 hujus
988 4784 1117 4840 vita:
1133 4785 1499 4850 curriculum,
1535 4784 1604 4839 ad
1633 4785 1822 4839 locum

126 4888 233 4944 quo
263 4875 362 4929 illa
380 4873 559 4943 ducit,
583 4874 803 4929 caeteris
825 4874 1035 4929 certius
1056 4880 1227 4946 atque
1248 4872 1470 4928 felicius
1489 4874 1824 4945 pervenire;

126 4977 245 5018 cum
290 4962 334 5018 ii
371 4962 473 5035 qui
500 4962 621 5017 hinc
652 4962 975 5035 intelligere
1015 4966 1275 5034 possunt,
1309 4961 1357 5016 si
1387 4962 1533 5017 desit
1571 4962 1654 5016 eis
1683 4962 1825 5017 ﬁdes

125 5051 460 5121 Mediatoris,
498 5068 627 5107 cum
657 5056 779 5108 tota
811 5052 1048 5107 scientia
1077 5068 1179 5107 sua
1210 5050 1531 5106 miserrime
1560 5054 1820 5122 pereant.

128 5140 231 5196 llos
259 5142 327 5197 de
368 5140 579 5196 Musica
619 5141 796 5197 libros
841 5140 1148 5197 Memorius
1177 5140 1479 5212 episcopus
1508 5139 1578 5193 ab
1623 5140 1820 5210 Augu-

130 5230 268 5284 stino
298 5230 610 5302 ﬂagitavit:
646 5230 745 5302 qui
790 5230 845 5285 ei
885 5247 988 5302 per
1016 5229 1346 5285 Possidium
1389 5227 1727 5295 rescribens,
1761 5241 1822 5282 se

128 5317 189 5372 ad
232 5335 325 5374 eos
373 5318 764 5374 emendandos
806 5319 1060 5374 nondum
1110 5334 1336 5373 vacasse
1383 5316 1709 5389 respondit;
1759 5332 1824 5371 ac

127 5411 332 5463 sextum
361 5408 548 5463 solum
577 5407 756 5474 misit,
788 5423 961 5480 quem
989 5406 1349 5479 recognitum
1386 5410 1444 5460 et
1480 5404 1819 5476 castigatum

126 5497 343 5567 reperit,
374 5511 618 5569 quemve
647 5510 828 5551 unum
860 5496 1128 5551 censebat
1156 5495 1398 5567 dignum
1429 5494 1818 5566 qui-mittere-

121 5598 200 5640 ur.
248 5585 417 5641 Addit
455 5584 565 5641 sibi
600 5584 776 5640 fuisse
824 5583 886 5640 in
914 5582 1129 5653 animo,
1175 5586 1388 5656 printer
1434 5599 1532 5638 sex
1568 5582 1700 5640 illos
1729 5582 1799 5638 de

1932 449 2220 521 Rhythmo
2260 449 2456 520 libros,
2496 466 2590 505 sex
2617 449 2760 505 alios
2789 449 2859 505 de
2890 451 3053 519 Melo,
3085 466 3217 507 cum
3258 456 3456 509 nactus
3486 458 3639 509 esset

1932 537 2138 605 otium,
2181 538 2574 593 conscribere:
2624 555 2823 593 verum
2873 554 2939 593 ex
2979 556 3092 610 quo
3131 540 3203 595 ad
3247 541 3629 597 sacerdotium

1940 631 2240 697 provectus
2269 626 2778 682 ecclesiasticarum
2811 643 3080 682 curarum
3110 645 3254 683 onus
3290 630 3628 697 sustinebat,

1934 731 2135 770 omnes
2165 716 2290 771 illas
2337 716 2567 771 delicias
2601 732 2630 771 e
2662 717 2927 771 manibus
2957 717 3167 788 fugisse
3215 719 3412 789 (Epist.
3466 719 3619 790 101).

2005 805 2055 859 3.
2091 804 2242 859 Libri
2271 805 2342 861 de
2372 806 2637 876 Magistro
2666 822 2840 876 supra
2871 806 3256 874 meminimus,
3287 807 3348 862 in
3378 823 3492 878 quo
3522 813 3633 863 Au-

1936 892 2196 962 gustinus
2224 910 2354 949 cum
2393 893 2511 949 filio
2549 894 2836 949 Adeodato
2866 895 3138 966 loquitur,
3172 900 3526 968 testaturque
3566 896 3631 950 il-

1934 980 2045 1035 lius
2077 996 2196 1036 esse
2218 998 2383 1037 sensa
2413 982 2624 1050 omnia,
2658 1000 2787 1055 quas
2824 983 3158 1038 inseruntur
3182 983 3261 1039 ibi
3292 1001 3355 1039 ex
3388 1000 3633 1055 persona

1936 1062 2061 1139 filii,
2089 1070 2348 1140 quamvis
2376 1075 2511 1125 tunc
2541 1087 2721 1125 annos
2752 1071 3037 1125 sexdecim
3069 1072 3428 1127 solummodo
3460 1077 3630 1127 natus

1935 1162 2079 1212 esset
2111 1157 2369 1229 (Confess.
2397 1160 2492 1214 lib.
2524 1162 2576 1227 9,
2608 1175 2726 1229 cap.
2761 1163 2814 1229 6,
2840 1176 2895 1214 η.
2934 1161 3038 1230 14).
3077 1161 3231 1215 Unde
3261 1160 3526 1231 colligere
3556 1161 3633 1215 li-

1936 1249 2045 1315 cet,
2077 1246 2288 1303 librum
2314 1248 2467 1303 hunc
2504 1248 2777 1319 scriptum
2815 1248 2988 1303 fuisse
3018 1265 3210 1304 versus
3260 1249 3508 1304 medium
3538 1266 3635 1304 au-

1937 1350 2077 1389 num
2120 1336 2581 1392 trecentesimum
2611 1336 3026 1407 octogesimum
3073 1353 3327 1405 nonum;
3374 1338 3632 1409 quando-

1937 1423 2169 1495 quidem
2208 1425 2536 1481 Adeodatus
2578 1442 2861 1480 annorum
2898 1431 3019 1481 erat
3059 1426 3241 1482 ferme
3281 1427 3632 1498 quindecim,

1936 1528 2067 1566 cum
2092 1513 2443 1584 Baptismum
2466 1530 2615 1568 anno
2640 1514 2848 1569 Christi
2873 1516 3265 1570 trecentesimo
3285 1515 3633 1587 octogesimo

1936 1599 2201 1671 septimo,
2234 1605 2429 1656 octavo
2460 1602 2736 1657 kalendas
2766 1603 2903 1658 maii
2931 1605 3186 1675 percepit
3213 1604 3424 1675 (Ibid).
3463 1605 3526 1659 In
3564 1621 3633 1660 eo

1934 1688 2080 1743 libro
2110 1706 2170 1744 re
2206 1690 2456 1746 discussa
2495 1691 2800 1763 diligenter
2839 1698 2896 1747 et
2936 1693 3177 1764 quaesita
3213 1692 3511 1764 comperit,
3543 1709 3634 1747 ve-

1934 1793 2063 1832 rum
2109 1779 2271 1834 nobis
2315 1779 2650 1851 magistrum
2680 1796 2798 1835 non
2847 1797 2969 1836 esse
3007 1781 3107 1851 qui
3148 1781 3307 1835 docet
3338 1781 3631 1835 hominem

1935 1865 2253 1935 scientiam,
2285 1866 2396 1921 nisi
2428 1868 2608 1921 Deum
2639 1868 2891 1938 (Retract.
2916 1868 3009 1922 lib.
3046 1871 3094 1936 1,
3128 1884 3247 1937 cap.
3278 1868 3381 1937 12).

2004 1956 2057 2008 4.
2090 1956 2247 2010 Tunc
2267 1954 2436 2010 etiam
2460 1956 2670 2010 librum
2695 1956 2765 2010 de
2786 1957 2931 2010 Vera
2952 1955 3251 2026 Religione
3272 1956 3629 2028 conscripsit,

1933 2042 1995 2096 in
2021 2060 2133 2115 quo
2163 2042 2357 2097 multis
2385 2043 2701 2098 rationibus
2717 2044 2840 2098 fuse
2856 2043 3209 2099 demonstrat
3227 2060 3408 2098 unum
3436 2061 3632 2099 rerum

1934 2134 2135 2198 Deum,
2168 2131 2225 2185 id
2255 2136 2360 2199 est,
2401 2131 2760 2199 Trinitatem,
2791 2133 3019 2186 Patrem
3048 2136 3102 2186 et
3134 2132 3340 2187 Filium
3369 2138 3425 2187 et
3455 2133 3633 2204 Spiri-

1933 2226 2056 2276 tum
2085 2225 2343 2273 sanctum
2374 2220 2653 2291 religione
2681 2236 2817 2275 vera
2844 2221 3183 2288 colendum;
3213 2236 3317 2275 nec
3347 2237 3465 2275 non
3503 2221 3633 2276 infi-

1933 2311 2055 2366 nita
2079 2308 2182 2364 Dei
2210 2308 2602 2364 misericordia
2630 2326 2844 2377 veram,
2871 2309 2979 2364 hoc
3008 2315 3114 2379 est,
3149 2310 3519 2365 christianam
3546 2326 3635 2365 re-

1932 2399 2229 2470 ligionem,
2252 2412 2355 2468 per
2380 2397 2753 2468 temporalem
2782 2396 3267 2468 dispensationem
3289 2402 3344 2452 et
3371 2397 3633 2453 incarna-

1933 2487 2151 2543 tionem
2218 2487 2347 2540 Jesu
2420 2485 2647 2552 Christi,
2707 2484 3038 2540 hominibus
3099 2501 3222 2541 esse
3287 2502 3630 2541 concessam.

1932 2575 2192 2632 Ostendit
2232 2574 2447 2645 pariter
2483 2574 2968 2645 quemadmodum
2997 2575 3171 2629 homo
3195 2574 3369 2646 hujus
3400 2575 3629 2645 religio-

1929 2664 2018 2720 nis
2069 2662 2355 2718 sanctitati
2390 2663 2565 2717 vitam
2612 2679 2775 2720 suam
2820 2669 3014 2735 aptare
3054 2668 3331 2719 teneatur.
3383 2664 3623 2719 Maxime

1934 2769 2065 2807 vero
2105 2753 2244 2807 duas
2274 2751 2715 2807 Manichaeorum
2745 2757 2997 2821 naturas,
3020 2752 3136 2807 sive
3160 2753 3393 2807 illorum
3414 2752 3484 2807 de
3512 2752 3623 2806 ori-

1933 2841 2065 2910 gine
2093 2857 2156 2895 ac
2174 2844 2378 2895 natura
2404 2840 2541 2895 mali
2564 2856 2817 2895 errorem
2844 2840 2937 2895 hic
2952 2840 3096 2895 liber
3117 2840 3423 2911 impugnat
3442 2841 3628 2911 (Ibid.

1931 2945 2052 2999 cap.
2084 2932 2168 2996 13,
2210 2945 2273 2983 n.
2312 2929 2387 2998 l).
2418 2930 2523 2983 Vix
2553 2929 2666 2982 ulla
2695 2933 2780 2983 est
2809 2928 3272 2983 lucubrationum
3301 2928 3630 2999 Augustini,

1932 3033 2061 3089 quas
2092 3017 2163 3071 ad
2201 3016 2354 3071 illius
2379 3016 2732 3071 incredibilis
2776 3016 2997 3086 ingenii
3034 3016 3495 3087 magnitudinem
3528 3015 3625 3070 de-

1932 3091 2365 3161 monstrandam
2387 3106 2520 3176 plus
2547 3106 2752 3160 valeat.
2784 3105 2939 3159 Nihil
2963 3104 3119 3158 enim
3149 3103 3525 3159 admiratione
3554 3103 3634 3158 di-

1933 3210 2113 3265 gnum
2142 3194 2230 3248 vel
2258 3194 2607 3264 stupendum
2636 3192 2840 3264 magis,
2872 3208 3046 3264 quam
3075 3191 3369 3247 hominem
3400 3190 3633 3263 religio—

1942 3282 2033 3337 nis
2068 3281 2393 3337 christianos
2428 3281 2713 3352 mysteriis
2739 3296 2937 3335 recens
2970 3280 3278 3347 imbutum,
3310 3295 3414 3335 nec
3452 3279 3635 3333 adhuc

1935 3371 2049 3426 alio
2080 3387 2255 3443 quam
2293 3369 2502 3425 Fidelis
2530 3369 2765 3424 nomine
2805 3369 2865 3423 iu
2904 3368 3147 3424 Ecclesia
3184 3368 3532 3435 decoratum,
3563 3368 3632 3423 dc

1939 3459 2131 3516 divina
2176 3460 2276 3514 illa
2330 3458 2610 3529 religione
2653 3462 2773 3513 tam
2819 3457 3024 3512 eximie
3065 3456 3361 3524 disserere,
3395 3461 3452 3511 et
3491 3456 3632 3511 adeo

1937 3548 2227 3620 egregiam
2252 3546 2407 3602 illius
2432 3546 2725 3619 dignitatis
2755 3563 2818 3601 ac
2835 3546 3183 3601 excellentiae
3202 3545 3515 3616 imaginem
3532 3544 3633 3599 de-

1935 3638 2177 3709 pingere
2215 3635 2490 3707 potuisse.
2537 3637 2604 3690 In
2644 3636 2751 3690 hoc
2792 3636 2939 3690 libro
2969 3638 3200 3690 cunctos
3225 3634 3487 3689 homines
3525 3633 3629 3688 ali-

1937 3726 2166 3798 quando
2186 3725 2508 3796 compellat,
2537 3724 2599 3777 in
2626 3723 2829 3795 primis
2853 3728 3047 3778 tamen
3067 3722 3484 3779 Romanianum
3504 3723 3637 3776 allo-

1938 3814 2151 3886 quitur,
2184 3813 2276 3867 cui
2295 3818 2426 3867 ante
2453 3812 2672 3883 aliquot
2694 3827 2894 3877 annos,
2917 3827 3070 3865 anno
3112 3811 3389 3865 nimirum
3417 3815 3637 3865 trecen-

1937 3901 2139 3957 tesimo
2165 3899 2510 3969 octogesimo
2550 3902 2727 3964 sexto,
2759 3897 3013 3968 aliquam
3044 3899 3150 3952 hac
3177 3898 3247 3952 de
3286 3914 3346 3952 re
3377 3898 3634 3969 disputa-

1935 3990 2152 4044 tionem
2172 4004 2231 4043 se
2261 3988 2570 4042 missurum
2598 3986 2936 4058 promiserat
2956 3987 3047 4056 (De
3068 3988 3207 4042 Vera
3227 3988 3425 4053 Relig.,
3445 4003 3501 4041 η.
3521 3986 3628 4058 12).

1940 4077 2214 4133 Evodium
2244 4076 2439 4131 multis
2469 4080 2603 4147 post
2629 4073 2795 4129 annis
2832 4074 3070 4129 remittit
3099 4075 3168 4129 ad
3206 4074 3357 4128 hunc
3393 4075 3626 4134 librum,

1938 4171 1998 4222 ut
2036 4166 2105 4221 de
2152 4164 2468 4237 quaestione
2512 4166 2662 4218 circa
2718 4163 2817 4218 Dei
2865 4162 3226 4218 existentiam
3274 4163 3495 4217 ratione
3539 4163 3635 4217 ad-

1935 4256 2265 4311 struendam
2310 4255 2487 4327 probe
2523 4254 2741 4326 judicet
2775 4256 2956 4323 Epist.
3007 4256 3126 4321 162,
3158 4269 3216 4307 n.
3272 4254 3345 4323 2).
3380 4253 3535 4309 Idem
3568 4252 3634 4309 li-

1934 4346 2036 4401 ber
2063 4344 2216 4400 inter
2247 4345 2353 4399 hos
2381 4344 2636 4416 quinque
2663 4342 3053 4397 numerandus
3092 4346 3194 4408 est,
3227 4357 3370 4413 quos
3398 4341 3636 4413 Alypius

1935 4433 2004 4488 ad
2052 4432 2357 4488 Paulinum
2399 4432 2556 4487 misit
2608 4447 2760 4486 anno
2812 4430 3211 4485 trecentesimo
3265 4430 3636 4501 nonagesimo

1935 4524 2137 4592 quarto
2168 4510 2365 4592 (Epist.
2400 4523 2491 4588 25,
2529 4535 2587 4574 n.
2642 4518 2716 4590 1.)
2766 4518 3191 4574 Romanianum
3222 4534 3453 4589 quoque
3502 4518 3636 4573 libri

1933 4609 2103 4680 hujus
2133 4625 2165 4662 a
2193 4625 2251 4663 se
2277 4607 2411 4663 editi
2453 4607 2752 4662 certiorem
2789 4606 2923 4661 facit
2948 4606 3312 4677 'Augustinus
3353 4622 3458 4677 per
3487 4607 3635 4661 litte-

1933 4712 2025 4751 ras
2053 4696 2126 4751 ad
2149 4712 2283 4750 eum
2308 4711 2374 4750 ex
2404 4694 2605 4749 itinere
2636 4694 2893 4764 scriptas,
2927 4710 3055 4748 cum
3084 4695 3407 4766 Tagastam,
3453 4711 3488 4749 a
3520 4710 3635 4766 qua

1932 4784 2075 4839 urbe
2104 4783 2396 4839 absentem
2427 4799 2485 4837 se
2514 4799 2634 4837 esse
2662 4782 2964 4854 significat,
2996 4787 3144 4837 esset
3172 4783 3513 4855 propediem
3543 4799 3632 4837 re-

1935 4872 2176 4928 diturus.
2227 4872 2370 4926 Eum
2423 4870 2813 4926 Romanianus
2850 4870 3117 4942 prosperi
3160 4888 3355 4927 rerum
3396 4887 3631 4927 suarum

1933 4960 2116 5015 exitus
2144 4958 2483 5031 participem
2502 4959 2754 5014 fecerat:
2784 4974 2898 5030 quo
2928 4958 3130 5014 nuntio
3164 4959 3389 5015 etiamsi
3411 4961 3638 5014 laetatur

1930 5048 2302 5121 Augustinus,
2348 5063 2483 5103 eum
2512 5051 2705 5103 tamen
2734 5048 3026 5116 admonet,
3068 5052 3133 5103 ut
3176 5049 3346 5103 fluxae
3374 5047 3633 5104 felicitati

1930 5137 2168 5192 minime
2199 5136 2464 5204 conﬁdat,
2489 5140 2544 5192 et
2572 5138 2754 5192 multo
2776 5136 2970 5192 minus
2992 5137 3302 5206 inhaereat;
3330 5137 3428 5193 sed
3450 5135 3628 5191 otium

1931 5226 2040 5281 sibi
2062 5225 2337 5280 divinitus
2364 5226 2560 5281 datum
2596 5225 2669 5280 ad
2705 5231 2918 5281 aeterna
2957 5226 3109 5282 bona
3138 5226 3321 5297 magis
3349 5240 3413 5280 ac
3443 5221 3630 5294 magis

1929 5314 2239 5388 quaerenda
2266 5315 2522 5369 conferat
2554 5315 2764 5386 (Epist.
2807 5315 2913 5385 15).

2000 5407 2051 5458 5.
2082 5403 2170 5459 Ad
2220 5404 2520 5475 Tagastam
2573 5403 2868 5458 habitabat
2904 5402 3057 5458 haud
3105 5400 3275 5457 dubie
3328 5414 3396 5454 eo
3441 5398 3630 5453 adhuc

1925 5496 2205 5564 tempore,
2257 5508 2370 5565 quo
2426 5492 2496 5547 ad
2562 5492 2867 5547 Maximum
2914 5490 3345 5546 Madaurensem
3395 5487 3628 5559 scripsit

1931 5580 2126 5652 (Epist.
2163 5581 2264 5651 17).
2298 5582 2438 5636 Nam
2462 5580 2560 5636 illa
2589 5596 2718 5652 quae
2754 5578 2865 5651 ipsi
2902 5594 3034 5635 cum
3060 5577 3166 5632 hoc
3193 5575 3418 5633 ethnico
3453 5576 3625 5634 fuisse
