4060 6366
454 284 554 335 167

443 405 696 461 cernitur
723 402 1096 470 consuetudo,
1122 417 1238 457 non
1260 401 1370 457 alia
1384 400 1496 456 nisi
1517 399 1822 455 vicinitatis
1847 400 2145 454 occasione

442 495 645 550 oborta
683 510 804 549 esse
851 493 1095 548 videtur.
1152 492 1419 548 Madaura
1464 490 1678 562 quippe
1728 494 1851 544 erat
1891 490 2144 560 Tagastm

442 582 690 637 ﬁnitima
722 584 979 653 (Confess.
1010 581 1102 637 lib.
1124 582 1178 648 2,
1204 595 1323 649 cap.
1349 582 1401 646 3,
1430 596 1486 633 η.
1515 583 1586 648 5).
1627 578 1839 633 Deinde
1866 593 1995 631 cum
2021 580 2148 631 nul-

442 672 575 739 lum
595 676 696 726 aut
732 671 1091 741 episcopatus
1122 673 1221 724 aut
1262 669 1688 740 presbyteratus
1714 667 1837 737 ejus
1866 670 2046 721 exstet
2086 665 2144 719 iu

443 777 511 816 ea
545 760 893 831 vestigium;
934 764 1106 830 atque
1136 758 1309 813 etiam
1347 756 1638 811 idolorum
1668 757 1875 822 cultus,
1911 754 2013 826 qui
2041 755 2145 808 sub

443 849 672 906 initium
699 848 837 904 anni
858 846 1243 904 trecentesimi
1264 845 1623 917 nonagesimi
1646 844 1819 914 primi
1836 845 2146 915 Imperato-

443 954 574 994 rum
604 938 729 1009 lege
760 937 967 993 vetitus
992 936 1119 1004 fuit,
1152 935 1338 991 adhuc
1365 934 1630 1007 publicus
1661 933 1827 1002 foret,
1853 938 1913 987 ut
1931 932 2142 1004 passim

445 1027 527 1082 ibi
551 1026 935 1099 signiﬁcatur;
967 1025 1103 1081 inde
1126 1025 1255 1080 licet
1289 1024 1497 1079 inferre
1528 1023 1798 1094 scriptam
1823 1022 1995 1077 fuisse
2022 1020 2143 1093 epi-

447 1117 649 1171 stolam
678 1132 827 1171 anno
858 1113 1261 1169 trecentesimo
1291 1112 1684 1183 nonagesimo.
1717 1109 2015 1180 Maximus,
2043 1109 2143 1181 qui

445 1205 853 1275 grammaticus
895 1207 1280 1274 nuncupatur,
1319 1202 1510 1272 palam
1540 1199 1916 1272 proﬁtebatur
1944 1215 2142 1270 super-

445 1293 735 1348 stitionem
802 1292 1108 1359 ethnicam,
1164 1290 1258 1345 cui
1308 1290 1702 1345 Madaurenses
1756 1287 1963 1354 adhuc,
2024 1287 2141 1341 imo

443 1381 618 1436 etiam
662 1380 857 1437 multis
902 1384 1033 1451 post
1072 1379 1256 1445 annis,
1315 1382 1481 1432 erant
1542 1392 1892 1448 magnopere
1946 1375 2141 1439 dediti,

443 1470 703 1542 quamvis
741 1468 1169 1526 Catliolicorum
1213 1466 1448 1522 ecclesia
1472 1466 1592 1537 jam
1620 1470 1745 1521 tum
1773 1469 1920 1520 esset
1951 1464 2052 1519 illo
2082 1464 2143 1518 in

442 1558 654 1631 oppido
683 1558 1011 1613 constituta.
1062 1557 1433 1612 Ethnicorum
1461 1556 1559 1610 ille
1590 1570 1780 1610 errore
1811 1558 2142 1626 occupatus,

442 1647 502 1701 in
531 1663 633 1702 sua
655 1647 728 1701 ad
756 1646 1143 1718 Augustinum
1168 1644 1410 1716 epistola
1441 1660 1620 1698 uuum
1646 1644 1826 1698 Deum
1852 1659 2142 1697 summum

440 1735 562 1791 sine
610 1735 797 1801 initio,
829 1735 993 1805 cujus
1036 1733 1277 1789 diversae
1316 1734 1553 1788 virtutes
1582 1737 1641 1788 et
1676 1732 1940 1804 quaedam
1969 1731 2145 1787 veluti

441 1822 699 1878 membra
734 1822 924 1877 caeteri
978 1821 1060 1877 dii
1098 1821 1234 1884 sint,
1284 1821 1558 1893 agnoscit.
1593 1823 1715 1877 Mox
1740 1820 1885 1890 jocis
1914 1819 2143 1874 insulsis

441 1917 498 1968 et
524 1911 749 1983 frigidis
777 1911 1161 1984 quorumdam
1193 1916 1511 1982 martyrum
1543 1909 2004 1966 Madaurensium
2043 1926 2144 1965 no—

439 2001 598 2056 mina
644 2001 982 2056 insectatur:
1031 1999 1241 2072 quibus
1269 2004 1462 2054 tamen
1502 2000 1699 2055 Jovem
1738 2015 1903 2054 suum
1949 1998 2141 2053 fulmi-

439 2094 696 2156 nantem,
748 2088 1112 2159 aliorumque
1171 2088 1408 2143 deorum
1456 2087 1871 2142 immortalium
1913 2087 2142 2142 turbam

437 2180 736 2251 postponi,
766 2178 858 2233 vel
902 2177 1114 2232 invitus
1150 2178 1378 2232 fatetur.
1412 2176 1527 2232 Sub
1568 2177 1691 2231 haec
1722 2178 1874 2231 velut
1901 2177 2142 2231 deorum

441 2284 679 2323 suorum
701 2266 1002 2322 veritatem
1029 2269 1349 2321 asserturus
1373 2266 1550 2334 addit,
1583 2282 1681 2320 eos
1708 2270 1765 2320 et
1788 2265 1980 2337 palam
2009 2265 2137 2331 coli,

440 2361 499 2411 et
530 2355 784 2410 victimas
829 2355 893 2409 in
946 2354 1127 2410 oculis
1179 2354 1440 2409 omnium
1477 2354 1591 2408 illis
1638 2353 1968 2422 immolari;
2010 2369 2141 2408 cum

441 2444 747 2501 Christiani
767 2446 949 2500 Deum
977 2460 1147 2498 suum
1168 2442 1229 2498 in
1263 2442 1402 2498 locis
1429 2443 1637 2498 abditis
1665 2448 2007 2515 praesentem
2028 2460 2062 2498 a
2082 2460 2141 2498 se

440 2533 598 2589 cerni
617 2537 957 2588 asseverent.
996 2534 1263 2588 Hortatur
1290 2528 1484 2604 itaque
1503 2533 1907 2603 Augustinum,
1931 2537 1992 2587 ut
2011 2537 2142 2603 post

438 2621 625 2691 posita
634 2620 934 2692 paululum
946 2619 1212 2675 facundia
1223 2635 1523 2691 sua,quam
1536 2618 1797 2674 omnium
1810 2617 2141 2674 mortalium

439 2712 591 2766 fama
620 2710 943 2765 celebrabat
967 2731 981 2778 ;
1005 2709 1230 2765 omissis
1256 2709 1449 2776 etiam,
1482 2708 1689 2781 quibus
1718 2724 1974 2780 pugnare
2003 2723 2139 2762 cou-

439 2804 716 2865 sueverat,
752 2798 931 2854 acutis
968 2802 1025 2853 et
1063 2797 1271 2870 pressis
1302 2797 1606 2869 Chrysippi
1636 2797 1985 2867 argumentis
2012 2813 2026 2861 ;
2059 2812 2142 2850 re-

437 2893 594 2944 mota
636 2887 884 2960 denique
917 2886 1228 2955 dialectica,
1262 2903 1391 2958 quae
1422 2886 1615 2941 omnia
1641 2886 1813 2941 efficit
1841 2885 2142 2958 aequaliter

433 2974 776 3045 probabilia,
845 2976 1112 3047 quisnam
1173 2975 1247 3030 sit
1297 2975 1751 3030 Christianorum
1805 2976 1972 3045 Deus,
2030 2973 2135 3029 sibi

431 3078 630 3133 reapse
662 3063 1012 3118 demonstret
1044 3062 1244 3135 (Epist.
1293 3064 1396 3132 16).
1445 3062 1537 3119 Sic
1574 3063 1659 3117 illi
1692 3063 2002 3134 respondet
2034 3065 2141 3116 Au-

433 3149 719 3220 gustinus,
749 3153 929 3204 totam
958 3153 1025 3205 ut
1052 3149 1173 3220 ejus
1204 3149 1528 3219 epistolam,
1558 3150 1715 3203 velut
1738 3148 2137 3220 joculatoriam

431 3237 710 3307 accipiat;
743 3237 908 3307 quasi
936 3237 1402 3308 superstitionem
1428 3237 1714 3292 ethnicam
1742 3237 1988 3292 voluerit
2018 3237 2136 3308 ipse

432 3325 706 3380 cavillari.
752 3327 961 3380 Verum
990 3325 1412 3396 amplissimum
1444 3327 1643 3380 saltem
1684 3325 2039 3381 demonstrat
2066 3325 2135 3380 ab

431 3429 500 3468 eo
529 3413 636 3467 sibi
668 3414 856 3468 locum
890 3413 1168 3485 pateﬁeri,
1199 3418 1266 3468 ut
1296 3414 1562 3469 ostendat
1589 3418 1805 3486 quanta
1836 3413 1895 3467 in
1939 3414 2134 3469 Ethni-

432 3518 635 3557 corum
666 3502 947 3574 religione
1001 3503 1238 3558 ridenda
1279 3502 1414 3568 sint,
1464 3509 1659 3559 caveat
1698 3508 1894 3558 tamen
1941 3520 2013 3558 ne
2066 3503 2134 3558 de

430 3592 545 3646 Deo
565 3592 765 3662 jocose
806 3592 1117 3664 loquendo,
1150 3592 1211 3647 in
1239 3592 1604 3664 blasphemas
1631 3609 1796 3648 voces
1827 3597 2092 3664 erumpat
2117 3609 2130 3649 :

430 3684 710 3735 castarum
738 3697 863 3736 rem
893 3698 1012 3736 esse
1042 3681 1191 3736 seria
1230 3680 1580 3737 discussione
1610 3681 1879 3752 dignam;
1912 3698 1972 3737 se
2003 3698 2134 3736 cum

433 3786 559 3825 eam
590 3769 686 3825 ille
712 3770 860 3826 serio
882 3771 1085 3842 egerit,
1118 3787 1389 3843 responso
1420 3787 1533 3826 non
1561 3770 1889 3826 defuturum
1916 3787 1929 3826 :
1955 3770 2135 3842 jocari

434 3859 545 3914 sibi
588 3859 762 3915 modo
792 3877 896 3931 per
925 3860 1109 3915 otium
1153 3877 1268 3915 non
1301 3861 1471 3915 licere
1499 3877 1513 3928 ;
1551 3860 1707 3915 aliud
1737 3860 1894 3915 enim
1920 3860 2135 3915 amicos

426 3963 596 4019 posse
624 3948 755 4019 jure
785 3948 1012 4020 exigere
1041 3949 1107 4004 de
1132 3949 1453 4019 nostro,ait,
1482 3952 1779 4019 proposito.
1808 3948 2007 4021 (Epist.
2045 3952 2130 4016 l7,

425 4053 481 4092 η.
513 4038 587 4107 5).
620 4036 836 4102 Quibus
866 4037 1054 4092 verbis
1083 4038 1391 4093 monasticn
1417 4037 1696 4109 professio
1728 4037 1818 4092 his
1849 4037 2123 4109 tempori-

430 4125 537 4180 bus
562 4124 857 4195 designari
884 4124 1122 4179 solebat.

498 4217 550 4268 6.
599 4212 901 4267 Caelestino
938 4213 1120 4267 amico
1166 4229 1269 4267 suo
1308 4213 1433 4284 jam
1475 4229 1605 4267 suas
1641 4213 1908 4267 adversus
1956 4214 2130 4269 Mani-

425 4302 613 4356 chaaos
642 4301 1370 4378 lucubrationeslegendas
1399 4301 1650 4357 miserat.
1683 4303 1839 4356 Hunc
1866 4302 2132 4373 perbrevi

425 4389 670 4460 epistola
703 4390 775 4444 ab
805 4388 931 4459 ipso
963 4388 1108 4444 forte
1139 4394 1272 4444 ante
1301 4389 1784 4461 presbyteratum,
1811 4390 1973 4460 cujus
2002 4392 2131 4446 nul-

425 4478 548 4532 lum
586 4476 645 4532 in
671 4493 739 4532 ea
767 4476 1064 4546 indicium,
1093 4477 1246 4545 data,
1276 4481 1444 4548 rogat
1471 4478 1844 4549 Augustinus,
1875 4495 1948 4533 ne
1977 4478 2133 4534 diffe-

425 4570 515 4621 rat
551 4581 647 4620 eas
688 4565 1013 4635 remittere;
1062 4566 1450 4638 rescribatque
1493 4567 1630 4638 quid
1660 4566 1729 4623 de
1759 4566 1872 4622 illis
1900 4568 2128 4633 sentiat,

424 4654 634 4728 quidve
664 4654 723 4709 in
764 4655 836 4709 iis
860 4655 931 4711 ad
958 4655 1263 4711 haereticos
1295 4656 1432 4710 istos
1460 4655 1693 4727 penitus
1721 4657 2130 4728 expugnandos

425 4742 736 4799 desiderari
784 4745 1116 4816 comperiat.
1170 4746 1379 4817 Optare
1429 4762 1489 4800 se
1531 4744 1688 4816 dicit,
1743 4746 1867 4817 ejus
1894 4746 2130 4802 auribus

425 4831 725 4904 quidpiam
752 4832 977 4890 assidue
998 4834 1280 4905 ingerere,
1313 4839 1379 4890 ut
1403 4852 1462 4889 se
1495 4834 1771 4891 nimirum
1796 4853 2128 4907 supervaca-

425 4920 546 4974 neis
567 4920 719 4975 curis
737 4927 992 4991 exueret,
1024 4940 1088 4979 ac
1117 4924 1355 4979 utilibus
1385 4929 1444 4979 et
1470 4924 1805 4981 necessariis
1823 4924 2116 4983 indueret.

424 5009 631 5065 Omnia
666 5010 961 5066 christiani
990 5012 1242 5067 hominis
1276 5013 1461 5068 oflicia
1493 5030 1606 5068 uno
1644 5014 1725 5069 ibi
1758 5014 1929 5070 verbo
1967 5031 2127 5070 com-

423 5097 719 5168 plectitur:
744 5097 1012 5154 intimum
1033 5100 1243 5155 scilicet
1260 5100 1476 5155 bonum
1500 5117 1617 5156 non
1645 5101 1902 5173 diligere,
1927 5103 1986 5157 in
2011 5119 2128 5159 me-

428 5187 522 5242 dio
561 5203 658 5242 seu
691 5186 752 5242 in
787 5203 890 5243 suo
928 5188 1083 5244 bono
1113 5205 1231 5243 non
1258 5188 1623 5259 insolescere,
1651 5206 1716 5244 ac
1742 5191 1821 5245 sic
1844 5192 1913 5246 ad
1945 5191 2127 5247 inhae-

430 5276 673 5332 rendum
692 5292 918 5331 summo
936 5276 1088 5332 bono
1122 5276 1397 5333 idoneum
1422 5294 1479 5332 se
1503 5278 1761 5349 praebere
1793 5281 1988 5351 (Epist.
2018 5280 2124 5350 18.)

490 5370 545 5420 7.
584 5366 712 5422 Non
746 5365 972 5421 videtur
1010 5366 1071 5420 in
1108 5365 1266 5421 aliud
1305 5370 1533 5437 tempus
1569 5366 1870 5424 referenda
1899 5369 2021 5441 ejus
2052 5371 2125 5426 ad
2156 5424 2161 5431 ,

422 5454 625 5511 Caium
658 5454 922 5528 epistola.
961 5454 1063 5511 Hic
1098 5455 1338 5511 fortasse
1366 5455 1708 5511 Manichmus
1736 5461 1859 5512 erat
1887 5463 1985 5514 aut
2013 5461 2123 5516 Do-

424 5544 669 5600 natista:
717 5548 869 5601 certe
898 5561 933 5601 a
960 5543 1237 5601 catholico
1278 5544 1482 5601 Christi
1520 5560 1694 5617 grege
1729 5545 1992 5616 alienus;
2024 5548 2124 5604 sed

1665 276 1837 333 VlTA
1876 276 1929 330 S.
1984 275 2371 334 AUGUSTINI
2426 277 2760 334 EPISCOPI.
3880 281 3971 333 168

2252 400 2299 455 is
2330 405 2546 471 tamen,
2576 400 2671 456 cui
2702 399 3134 455 misericordem
3167 400 3268 455 Dei
3299 399 3725 472 providentiam
3775 403 3969 469 Augu-

2253 489 2436 544 stinus
2453 494 2708 561 speraret
2728 489 3056 543 adfuturam
3068 531 3080 543 .
3098 489 3160 543 In
3178 488 3335 543 brevi
3356 488 3641 560 siquidem
3657 489 3970 560 colloquio,

2253 578 2406 650 quod
2432 594 2563 633 cum
2587 594 2654 632 eo
2683 578 2983 645 habuerat,
3017 578 3330 633 maximum
3363 576 3519 632 illius
3548 576 3609 632 in
3631 576 3969 648 vestiganda

2252 667 2493 722 veritate
2530 667 2793 722 ardorem
2832 667 3345 734 animadverterat;
3378 666 3700 738 plurimum
3736 683 3970 739 quoque

2253 756 2480 812 roboris
2519 774 2583 812 ac
2623 756 2921 827 sapientiae
2946 756 3005 812 in
3044 756 3302 824 veritate,
3347 772 3521 828 quam
3559 756 3738 811 semel
3786 771 3971 827 agno-

2251 845 2445 912 visset,
2478 862 2775 917 nunquam
2808 845 3137 901 deserenda.
3166 846 3484 913 Recolimus,
3527 843 3740 916 inquit,
3769 845 3969 899 ardore

2251 936 2624 1004 inquisitionis
2655 939 2778 1001 tuae,
2806 950 2926 990 cum
2972 939 3106 990 esset
3153 934 3446 1002 mirabilis,
3489 949 3595 988 non
3622 936 3805 1001 fuisse
3846 949 3964 1003 per-

2252 1024 2529 1078 turbatam
2556 1024 2871 1079 modestiam
2895 1022 3221 1094 disputandi
3246 1038 3258 1077 :
3287 1038 3416 1076 nam
3443 1037 3613 1091 neque
3629 1024 3965 1090 ﬂagrantius

2248 1117 2667 1181 percontantem,
2697 1127 2867 1181 neque
2900 1112 3254 1182 tranquillius
3287 1110 3595 1164 audientem
3632 1125 3963 1179 quamquam

2248 1203 2413 1268 facile
2430 1204 2741 1257 invenerim.
2768 1202 2890 1256 Non
2910 1205 3137 1272 poterat
3155 1198 3505 1271 Augustinus
3528 1202 3661 1253 tunc
3683 1198 3964 1269 temporis

2250 1306 2381 1344 cum
2411 1307 2479 1345 eo
2509 1292 2840 1362 frequenter
2878 1289 3125 1362 colloqui
3151 1304 3163 1346 :
3198 1288 3351 1362 quod
3383 1293 3446 1343 ut
3478 1287 3791 1359 suppleret,
3834 1286 3960 1358 epi-

2252 1379 2478 1447 stolam,
2507 1395 2618 1449 qua
2650 1379 2719 1432 de
2748 1377 2990 1448 agimus,
3015 1377 3083 1431 ad
3111 1393 3245 1432 eum
3267 1376 3442 1444 misit,
3475 1375 3763 1446 simulque
3794 1374 3961 1429 fratri

2251 1467 2506 1538 epistola!
2539 1466 2705 1521 latori
2733 1466 3068 1521 mandatum
3100 1464 3274 1525 dedit,
3317 1480 3432 1536 quo
3461 1464 3514 1518 ei
3546 1463 3792 1534 legenda
3820 1479 3962 1533 pra:-

2253 1556 2412 1609 bcret
2444 1554 2659 1621 omnia,
2684 1560 2814 1625 qum
2843 1558 3043 1608 contra
3070 1551 3360 1619 hmresim,
3385 1566 3558 1618 quam
3584 1550 3681 1604 ille
3703 1550 3960 1605 sectaba-

2254 1650 2369 1713 tur,
2401 1643 2831 1715 conscripserat.
2868 1645 2930 1698 ln
2964 1659 3137 1713 quam
3168 1657 3290 1696 rem
3328 1640 3409 1695 ita
3439 1639 3670 1694 scribit:
3697 1641 3821 1697 Non
3845 1641 3959 1694 ali-

2252 1732 2387 1801 quid
2408 1748 2580 1787 meum
2595 1732 2890 1786 inculcabit
2918 1733 3119 1796 invito;
3145 1731 3271 1784 novi
3283 1731 3424 1783 enim
3444 1728 3580 1798 quid
3601 1728 3958 1795 benignitatis

2252 1824 2310 1875 in
2340 1837 2434 1877 nos
2481 1824 2662 1875 animo
2692 1836 2884 1889 geras:
2934 1835 3052 1889 qua:
3082 1818 3259 1873 tamen
3302 1820 3354 1873 si
3380 1818 3516 1871 lecta
3535 1816 3877 1887 probaveris,
3908 1822 3957 1870 et

2249 1926 2380 1965 vera
2414 1910 2739 1980 pervideris,
2770 1913 2959 1964 nostra
2998 1922 3108 1962 esse
3154 1923 3260 1962 non
3285 1910 3462 1976 putes,
3504 1907 3616 1960 nisi
3654 1908 3790 1974 quia
3822 1905 3955 1959 data

2251 2005 2398 2066 sunt,
2429 2014 2589 2068 eoque
2623 2003 2672 2052 te
2695 2002 2972 2054 convertas
2998 1998 3137 2064 licet,
3192 1996 3333 2050 unde
3374 1995 3477 2050 tibi
3512 2009 3723 2063 quoque
3761 1999 3865 2063 est,
3893 1999 3955 2049 ut

2250 2103 2313 2141 ca
2349 2088 2631 2157 probares,
2676 2087 2885 2141 datum.
2926 2087 3085 2142 Nemo
3111 2086 3252 2139 enim
3291 2082 3436 2153 quod
3480 2084 3629 2151 legit.
3681 2084 3742 2137 iu
3778 2083 3956 2137 codice

2250 2179 2367 2246 ipso
2396 2177 2567 2230 cernit
2593 2191 2777 2230 verum
2796 2190 2928 2243 esse,
2961 2178 3058 2228 aut
3078 2175 3137 2227 in
3162 2189 3223 2228 eo
3250 2174 3347 2242 qui
3373 2174 3686 2241 scripserit;
3710 2172 3807 2226 sed
3826 2174 3884 2226 in
3901 2188 3954 2227 se

2246 2266 2448 2335 potius,
2480 2266 2531 2319 si
2557 2264 2675 2334 ejus
2704 2266 2870 2318 menti
2889 2262 3164 2333 quoddam
3181 2277 3288 2317 non
3316 2261 3617 2329 uulgariter
3635 2261 3949 2326 candidum,

2249 2352 2343 2408 sed
2371 2368 2406 2407 a
2448 2354 2579 2420 face
2626 2354 2863 2422 corporis
2889 2352 3303 2406 remotissimum
3346 2350 3521 2404 lumen
3561 2352 3813 2404 veritatis
3851 2351 3951 2404 im-

2243 2456 2492 2513 pressum
2536 2446 2631 2497 est.
2679 2441 2835 2508 Quod
2875 2442 2925 2496 si
2950 2441 3100 2507 falsa
3142 2440 3334 2508 aliqua
3383 2443 3546 2508 atque
3593 2439 3950 2509 improbanda

2248 2532 2587 2599 compereris,
2622 2529 2687 2584 de
2726 2530 2958 2584 humano
2986 2528 3171 2583 nubilo
3199 2530 3440 2583 irrorato
3466 2529 3628 2596 scias,
3662 2533 3713 2583 et
3748 2544 3813 2582 ea
3835 2543 3950 2582 om

2248 2622 2436 2679 nostra
2465 2632 2576 2673 esse
2604 2618 2824 2687 deputes
2852 2617 3051 2689 (Epist.
3084 2616 3191 2688 19).

2320 2709 2372 2761 8.
2398 2707 2538 2762 Cum
2562 2707 2633 2763 ab
2654 2706 2943 2763 Antonino
2976 2706 3080 2762 sub
3104 2706 3255 2762 idem
3288 2706 3427 2761 illud
3453 2710 3698 2777 tempus,
3719 2722 3788 2760 ac
3807 2705 3946 2760 forte

2249 2796 2508 2850 nondum
2544 2797 2842 2868 presbyter
2870 2796 3185 2864 ordinatus,
3237 2796 3456 2851 litteras
3486 2794 3797 2866 accepisset
3834 2796 3949 2850 ofti-

2248 2884 2320 2939 cii
2347 2889 2405 2939 et
2450 2884 2716 2940 amicitias
2754 2885 2974 2957 plenas,
3003 2884 3293 2955 rescripsit
3332 2884 3419 2938 illi
3458 2884 3671 2955 gratias
3701 2888 3950 2952 acturus,

2250 2974 2406 3045 quod
2453 2973 2523 3028 ab
2553 2989 2622 3028 eo
2652 2973 2835 3029 fidelis
2878 2973 2979 3029 Dei
3021 2989 3216 3028 servus
3260 2972 3587 3035 haberetur,
3619 2988 3809 3044 eoque
3855 2990 3947 3026 no-

2247 3062 2405 3116 mine
2424 3062 2743 3133 plurimum
2765 3062 3118 3132 diligeretur.
3153 3062 3217 3117 In
3248 3077 3421 3133 quam
3446 3076 3571 3116 rem
3593 3060 3731 3116 dicit
3771 3063 3948 3115 multa

2248 3150 2416 3223 longe
2447 3151 2851 3223 pulcherrima.
2886 3151 3066 3222 Hujus
3090 3150 3364 3206 Antonini
3393 3151 3596 3221 conjux
3622 3149 3949 3205 Donatista-

2247 3256 2377 3295 rum
2411 3240 2703 3295 schismati
2730 3240 3087 3296 adhaerebat:
3118 3240 3272 3295 illius
3310 3239 3506 3311 itaque
3536 3239 3723 3294 virum
3752 3243 3950 3294 monet

2245 3329 2756 3401 Augustinus,'Dei
2786 3331 3055 3385 timorem
3078 3329 3165 3385 vel
3196 3328 3388 3384 uxoris
3418 3346 3539 3384 suae
3568 3328 3752 3384 menti
3793 3328 3945 3383 inse-

2244 3421 2354 3481 rat,
2385 3419 2473 3474 vel
2502 3435 2635 3473 eum
2665 3418 2843 3474 divini
2872 3418 3031 3474 verbi
3057 3418 3325 3486 lectione,
3358 3417 3629 3490 gravique
3658 3416 3947 3490 colloquio

2244 3506 2480 3562 nutriat.
2516 3506 2817 3563 Neminem
2840 3506 3017 3575 enim,
3039 3506 3140 3579 qui
3162 3507 3232 3563 de
3263 3510 3413 3562 statu
3432 3506 3640 3561 animm
3658 3521 3777 3560 suae
3800 3506 3950 3561 solli-

2244 3596 2410 3663 citus,
2457 3600 2633 3668 atque
2663 3596 2736 3651 ob
2778 3597 2887 3652 hoc
2917 3596 3135 3652 sincere
3164 3612 3229 3651 ac
3257 3595 3379 3651 sine
3407 3594 3726 3667 pertinacia
3754 3595 3949 3667 inqui-

2243 3686 2440 3740 rendae
2471 3685 2752 3741 voluntati
2779 3685 2988 3740 divina:
3018 3685 3275 3740 intentus
3307 3683 3399 3752 sit,
3445 3700 3563 3739 non
3587 3682 3944 3756 dignoscere,

2244 3773 2291 3828 si
2322 3775 2492 3830 modo
2525 3776 2676 3830 bono
2706 3775 3158 3831 demonstratore
3187 3778 3404 3839 utatur,
3434 3772 3573 3845 quid
3602 3772 3712 3827 sibi
3746 3772 3837 3827 vel
3866 3773 3950 3827 fu-

2246 3862 2522 3934 giendum
2554 3864 2646 3932 sit,
2676 3864 2764 3920 vel
2794 3864 3147 3936 sequendum
3181 3865 3377 3934 (Epist.
3415 3863 3525 3934 20).

2918 3954 3143 4008 CAPUT
3176 3953 3268 4007 IV.

2246 4043 2265 4096 l
2302 4041 2589 4112 Presbyter
2632 4042 2989 4111 Hipponensis
3028 4056 3169 4096 anno
3206 4041 3410 4097 Christi
3439 4040 3800 4094 trecentesimo
3841 4054 3939 4094 no-

2308 4132 2583 4196 nagesimo
2638 4131 2818 4198 primo
2874 4129 3183 4185 ordinatur.
3243 4131 3277 4182 2
3336 4131 3408 4182 De
3468 4128 3941 4198 Hippone-Regio.

2312 4220 2342 4272 3
2369 4220 2442 4272 De
2480 4218 2700 4274 Valerio
2746 4219 2896 4273 illius
2932 4218 3086 4273 urbis
3126 4219 3390 4288 episcopo.
3424 4217 3459 4271 4
3497 4215 3585 4272 Ab
3615 4230 3674 4270 eo
3700 4217 3944 4285 postulat

2312 4308 2656 4373 Augustinus
2693 4307 2920 4376 aliquod
2957 4311 3184 4377 tempus,
3238 4321 3344 4375 quo
3386 4319 3496 4360 sese
3537 4306 3597 4358 in
3626 4318 3837 4360 secessu
3869 4304 3945 4359 ad

2315 4394 2647 4464 presbyterii
2679 4397 2867 4450 munia
2881 4395 3133 4466 precibus
3161 4398 3211 4448 et
3229 4409 3512 4449 sacrarum
3530 4393 3945 4463 Scripturarum

2310 4482 2492 4538 studio
2536 4488 2823 4554 comparet.
2858 4487 2889 4538 5
2938 4484 3095 4551 Quod
3122 4498 3423 4539 concessum
3466 4481 3682 4537 videtur
3709 4497 3745 4536 a
3780 4483 3944 4538 Vale—

2310 4574 2411 4626 rio.
2461 4574 2492 4627 6
2536 4572 2674 4641 Ejus
2691 4573 2856 4643 jussu
2896 4574 3240 4642 Augustinus
3276 4571 3563 4643 presbyter
3598 4570 3824 4626 verbum
3850 4572 3947 4625 Dei

2308 4663 2510 4715 tractat
2532 4661 2607 4715 ad
2629 4662 2858 4732 plebem,
2889 4664 3051 4717 etiam
3074 4665 3339 4732 prasente
3370 4662 3490 4730 ipso
3519 4661 3789 4730 episcopo.

2309 4753 2359 4804 l.
2390 4747 2727 4805 Triennium
2758 4750 2939 4805 ferme
2978 4750 3101 4822 jam
3142 4749 3460 4820 efﬂuxerat,
3490 4764 3557 4804 ex
3595 4764 3710 4821 quo
3740 4750 3936 4819 Augu-

2234 4837 2419 4893 stinus
2447 4854 2606 4893 more
2647 4854 2714 4894 ac
2750 4838 3011 4895 instituto
3060 4838 3472 4895 monachorum
3501 4853 3634 4893 cum
3669 4836 3841 4892 sociis
3869 4837 3929 4891 in

2234 4926 2564 4998 Tagastensi
2601 4943 2824 4983 secessu
2875 4927 3118 4995 vivebat,
3168 4944 3299 4983 cum
3339 4927 3661 4999 Hipponem
3704 4925 3945 4998 proﬁci-

2235 5016 2430 5071 scendi
2459 5016 2727 5088 quaedam
2747 5016 2800 5072 ei
2830 5016 2903 5072 ad
2924 5017 3167 5072 salutem
3196 5016 3367 5071 amici
3389 5015 3812 5089 procurandam
3841 5031 3944 5069 ne-

2232 5104 2459 5159 cessitas
2491 5105 2762 5177 imposita
2808 5109 2893 5160 est
2944 5106 3133 5176 (Serm.
3167 5109 3292 5175 355,
3330 5122 3386 5160 η.
3435 5103 3515 5176 2).
3564 5106 3753 5176 Usque
3799 5104 3943 5158 adeo

2232 5195 2525 5250 metuebat
2555 5196 2626 5251 ad
2655 5195 3053 5268 episcopatum
3099 5196 3359 5268 provehi,
3417 5200 3481 5251 ut
3518 5211 3650 5250 cum
3688 5194 3945 5249 nominis
4034 5202 4035 5209 ‘

2231 5280 2412 5352 ipsius
2440 5281 2592 5337 fama
2620 5282 2770 5339 inter
2798 5283 2900 5339 Dei
2929 5300 3124 5339 servos
3144 5284 3267 5357 jam
3298 5282 3545 5339 diffundi
3575 5286 3635 5338 et
3660 5281 3947 5337 celebrari

2230 5370 2511 5441 coepisset,
2543 5371 2614 5428 ad
2635 5388 2703 5426 ea
2721 5372 2845 5428 loca
2872 5373 3083 5445 quibus
3112 5374 3337 5428 deesset
3363 5372 3689 5443 episcopus,
3711 5375 3947 5427 caveret

2230 5459 2518 5516 accedere.
2551 5462 2661 5517 Pro
2698 5459 2852 5516 virili
2877 5464 3040 5533 parte
3096 5461 3323 5533 agebat,
3354 5463 3416 5515 ut
3462 5460 3525 5516 in
3560 5459 3776 5516 humili
3816 5459 3943 5515 loco

2234 5547 2569 5620 salvaretur,
2597 5552 2657 5605 et
2682 5547 2988 5605 eminentis
3017 5548 3229 5622 gradus
3254 5547 3508 5621 pericula
3547 5547 3813 5606 evitaret.
3847 5548 3945 5604 Ni-
