4060 6386
130 326 212 376 ltiti
1584 324 1790 381 LIBER
1828 325 2138 381 TERTIUS.

122 442 193 496 hil
221 456 333 495 esse
362 439 423 494 in
447 441 553 495 hac
578 440 711 509 vita,
735 445 789 496 et
809 441 1056 496 maxime
1076 442 1174 497 illo
1194 448 1471 515 tempore,
1495 446 1716 502 facilius
1737 453 1795 502 et

120 530 287 585 laetius
315 533 370 583 et
397 529 726 583 hominibus
765 529 1168 598 acceptabilius
1196 532 1484 598 cernebat,
1519 534 1788 605 episcopi,

121 623 207 672 aut
227 617 558 688 presbyteri,
587 623 686 671 aut
714 617 938 697 diaconi
972 618 1177 684 ofﬁcio,
1211 619 1258 672 si
1289 621 1672 691 perfunctorie
1701 629 1788 677 at-

120 724 219 780 que
247 706 554 761 adulatorie
584 722 674 761 res
700 711 933 777 agatur;
965 707 1060 762 sed
1102 707 1243 761 nihil
1277 710 1428 779 apud
1469 711 1646 764 Deum
1686 712 1792 764 mi-

119 796 284 851 serius
311 800 366 850 et
392 795 610 850 tristius
639 800 696 850 et
739 795 1139 850 damnabilius.
1183 798 1325 852 Item
1359 797 1502 852 nihil
1534 815 1655 854 esse
1686 801 1791 855 du-

117 885 266 939 cebat
291 883 348 938 in
378 884 483 939 hac
512 884 643 951 vita,
677 889 734 939 et
762 883 1009 939 maxime
1039 884 1139 939 illo
1179 889 1456 957 tempore,
1488 887 1793 956 difficilius,

118 973 458 1040 laboriosius,
490 973 860 1044 periculosius
900 973 1173 1045 episcopi,
1206 980 1306 1030 aut
1332 976 1666 1048 presbyteri,
1698 983 1797 1033 aut

117 1063 326 1118 diaconi
363 1062 578 1129 ofﬁcio;
623 1063 721 1117 sed
758 1062 910 1132 apud
954 1063 1135 1117 Deum
1172 1064 1318 1118 nihil
1358 1064 1599 1128 beatius,
1641 1066 1688 1120 si
1727 1083 1794 1121 eo

119 1152 271 1207 modo
299 1150 596 1219 militetur,
627 1167 742 1222 quo
774 1155 965 1205 noster
995 1152 1310 1221 Imperator
1333 1153 1516 1223 jubet.
1541 1135 1677 1219 Qdis
1699 1171 1798 1210 au-

117 1249 222 1297 tem
249 1240 319 1295 sit
346 1240 450 1294 iste
483 1241 708 1307 modus,
754 1240 841 1294 vix
877 1240 1093 1295 discere
1124 1241 1433 1312 incipiebat
1475 1243 1673 1312 (Epist.
1705 1247 1792 1310 21,

117 1347 164 1384 n.
209 1329 280 1399 1).
311 1328 401 1383 Sic
438 1334 561 1383 erat
599 1329 791 1384 animo
831 1333 1212 1400 comparatus,
1259 1347 1389 1385 cum
1430 1331 1499 1386 ad
1538 1331 1796 1386 ministe-

119 1418 274 1484 rium,
305 1417 458 1488 quod
496 1422 791 1488 tantopere
820 1417 1184 1485 formidabat,
1217 1418 1490 1473 divinitus
1531 1425 1615 1474 est
1642 1437 1799 1473 voca-

117 1512 228 1572 tus;
261 1506 329 1560 ad
359 1506 510 1576 quod
541 1523 655 1560 non
693 1506 966 1567 ascendit,
999 1506 1110 1560 nisi
1148 1507 1282 1577 quia
1325 1507 1572 1562 Domino
1605 1525 1798 1562 servus

119 1594 488 1650 contradicere
528 1611 638 1649 non
680 1595 866 1650 debet.
910 1597 1062 1661 Veni,
1091 1595 1170 1649 ait
1197 1595 1338 1667 ipse,
1371 1596 1447 1650 ad
1475 1599 1637 1651 istam
1665 1600 1797 1651 civi-

120 1689 269 1739 tatem
292 1689 514 1753 propter
541 1684 834 1738 videndum
860 1686 1114 1753 amicum,
1149 1701 1305 1753 quem
1328 1686 1594 1754 putabam
1618 1701 1699 1740 me
1727 1688 1800 1740 lu-

119 1775 254 1827 crari
274 1787 430 1842 posse
455 1775 580 1839 Deo,
614 1777 675 1827 ut
701 1773 972 1828 nobiscum
998 1778 1132 1828 esset
1159 1776 1217 1827 in
1248 1776 1566 1828 monasterio
1594 1791 1606 1840 ;
1641 1777 1801 1844 quasi

120 1876 340 1926 securus,
381 1864 514 1930 quia
564 1863 705 1916 locus
749 1862 977 1916 habebat
1015 1865 1339 1932 episcopum.
1390 1864 1796 1933 Apprehensus,

116 1950 377 2020 presbyter
417 1953 598 2017 factus
636 1966 775 2017 sum,
813 1956 863 2006 et
884 1968 984 2020 per
1026 1953 1164 2006 hunc
1202 1953 1438 2018 gradum
1472 1955 1699 2022 perveni
1727 1951 1801 2005 ad

118 2041 469 2108 episcopatum
501 2041 689 2107 (Serm.
719 2043 842 2106 353,
872 2055 928 2093 η.
961 2040 1032 2108 2).
1068 2041 1209 2094 Rem
1242 2041 1416 2111 paulo
1457 2040 1637 2094 fusius
1670 2057 1798 2094 nar-

120 2133 198 2182 rat
220 2127 508 2182 Possidius
541 2143 553 2181 :
590 2130 838 2196 Contigit
879 2132 1020 2196 forte
1065 2129 1244 2183 eodem
1293 2135 1544 2198 tempore,
1596 2129 1692 2195 ait,
1742 2135 1801 2183 ut

120 2217 327 2286 quidam
356 2231 427 2270 ear
446 2218 534 2281 iis,
572 2231 704 2285 quos
736 2216 924 2271 dicunt
944 2217 1177 2284 Agentes
1207 2219 1264 2270 in
1292 2217 1470 2287 rebus,
1497 2218 1648 2287 apud
1671 2220 1803 2286 Ilip-

115 2306 548 2374 ponem-Regium
593 2307 935 2373 constitutus,
986 2305 1111 2358 bene
1155 2305 1486 2360 christianus
1530 2309 1802 2374 Deumque

122 2397 319 2460 timens,
343 2397 613 2463 comperta
642 2394 758 2461 ejus
787 2394 921 2447 bona
952 2395 1107 2459 fama
1127 2399 1288 2463 atque
1309 2395 1575 2461 doctrina,
1597 2395 1802 2450 deside-

120 2486 253 2535 raret
272 2486 436 2552 atque
465 2487 674 2551 optaret
702 2498 820 2536 eum
847 2483 1049 2549 videre,
1064 2485 1384 2552 promittens
1403 2499 1458 2538 se
1474 2499 1631 2553 posse
1648 2500 1802 2538 mun-

122 2570 174 2623 di
200 2571 357 2640 hujus
386 2585 567 2625 omnes
597 2575 924 2625 contemnere
951 2571 1278 2640 cupiditates
1315 2577 1479 2640 atque
1506 2573 1803 2634 illecebras,

122 2661 165 2713 si
190 2660 484 2729 aliquando
515 2676 582 2712 ca-
603 2660 719 2728 ejus
763 2675 850 2713 ore
887 2661 986 2713 Dei
1023 2660 1242 2713 verbum
1285 2661 1478 2714 audire
1507 2663 1802 2715 meruisset.

125 2749 265 2813 Quod
293 2765 413 2803 cum
444 2749 519 2802 ad
544 2763 599 2802 se
616 2748 767 2818 ﬁdeli
789 2751 986 2814 fuiSset
1013 2748 1274 2803 relatione
1299 2747 1557 2814 delatura,
1582 2748 1809 2802 liberare

125 2839 349 2892 animam
369 2839 592 2906 cupiens
611 2836 679 2890 ab
701 2837 864 2905 hujus
884 2839 1010 2890 vitta
1024 2837 1279 2905 periculis
1299 2840 1570 2904 morteque
1587 2842 1805 2902 aeterna,

124 2925 191 2978 ad
216 2929 562 2980 memoratam
592 2925 734 2978 ultro
769 2928 932 2993 atque
960 2926 1239 2990 confestim
1267 2926 1413 2978 venit
1439 2926 1727 2988 civitatem,
1761 2928 1810 2976 et

125 3015 369 3069 hominem
399 3016 580 3068 visum
624 3014 886 3067 allocutus
924 3014 1263 3081 frequentius
1301 3017 1462 3080 atque
1495 3012 1809 3065 exhortatus

123 3107 211 3168 est,
241 3108 506 3172 quantum
536 3105 673 3156 Deus
703 3101 960 3169 donabat,
991 3105 1051 3155 ut
1076 3099 1219 3169 quod
1247 3103 1350 3154 Deo
1381 3105 1599 3154 voverat
1620 3099 1809 3153 redde-

124 3196 212 3246 ret.
242 3195 320 3247 Ac
349 3207 404 3247 se
438 3193 528 3245 ille
556 3191 620 3244 de
645 3191 730 3245 die
759 3192 816 3244 in
844 3190 986 3244 diem
1014 3192 1290 3256 facturum
1314 3188 1690 3258 pollicebatur,
1717 3204 1811 3244 nec

129 3282 290 3332 tamen
319 3282 377 3333 in
403 3279 524 3348 ejus
565 3284 687 3334 tunc
730 3280 825 3333 hoc
858 3279 1101 3348 implevit
1125 3279 1417 3347 praesentia
1449 3293 1462 3330 :
1493 3277 1587 3331 sed
1618 3293 1812 3332 vacare

126 3371 298 3435 utique
326 3373 375 3422 et
404 3371 568 3422 ina-ne
593 3382 701 3422 esse
731 3383 836 3420 non
862 3369 1059 3437 potuit,
1095 3367 1238 3435 quod
1265 3381 1362 3436 per
1391 3367 1496 3420 tale
1523 3381 1620 3421 vas
1649 3382 1808 3420 mun-

126 3456 243 3510 dum
271 3463 320 3510 et
349 3459 406 3511 in
441 3457 654 3523 honore,
686 3458 816 3512 utile
845 3458 1084 3522 Domino,
1111 3460 1160 3510 et
1189 3457 1262 3510 ad
1287 3471 1436 3510 omne
1461 3470 1594 3525 opus
1621 3456 1812 3509 bonum

125 3551 394 3613 paratum,
419 3548 480 3598 in
501 3547 646 3599 omni
666 3546 772 3600 loco
801 3545 992 3599 divina
1019 3544 1234 3614 gerebat
1250 3544 1599 3614 providentia
1621 3545 1813 3613 (Poss.,

124 3635 177 3687 in
211 3637 335 3689 Vita
372 3635 636 3700 August,
665 3650 710 3688 c.
745 3632 821 3705 3).
868 3634 1026 3688 Haud
1069 3633 1278 3687 scimus
1307 3649 1380 3686 an
1413 3631 1696 3686 Possidius
1726 3631 1815 3685 his

125 3721 299 3774 verbis
321 3725 524 3774 notare
547 3720 846 3787 studuerit,
866 3722 1145 3791 Agentem
1165 3719 1337 3773 istum
1359 3718 1665 3789 Augustini
1687 3734 1817 3772 con-

128 3808 241 3863 silio
269 3811 446 3880 paulo
474 3813 601 3880 post
631 3809 1082 3879 obtemperasse;
1115 3823 1189 3861 an
1228 3807 1528 3878 designare
1561 3823 1816 3861 commo-

129 3897 253 3950 dum
282 3898 444 3966 velit,
468 3897 622 3968 quod
655 3913 720 3950 ex
751 3897 858 3950 hoc
881 3896 1082 3950 itinere
1103 3895 1407 3966 Augustini
1430 3895 1498 3949 ad
1521 3895 1814 3966 presbyte-

129 3984 265 4039 rium
296 3991 498 4057 postea
528 3984 778 4056 promoti
807 3983 1064 4055 percepit
1104 3983 1372 4038 Ecclesia.
1411 3982 1651 4038 Securus
1679 3998 1815 4052 ergo

128 4074 440 4145 Hipponem
470 4077 723 4138 venerat,
755 4072 909 4142 quod
941 4072 1076 4125 urbs
1099 4071 1196 4124 illa
1222 4072 1573 4141 episcopum,
1608 4070 1817 4123 scilicet

126 4169 368 4218 sanctum
424 4176 620 4215 senem
667 4160 975 4227 Valerium,
1027 4159 1282 4213 haberet.
1333 4159 1444 4213 Sed
1491 4163 1628 4212 tunc
1671 4159 1815 4212 forte

127 4250 503 4323 Hipponensis
529 4248 771 4303 Ecclesia
799 4248 1131 4319 presbytero
1161 4245 1473 4318 indigebat,
1497 4246 1654 4318 quod
1682 4247 1818 4300 late-

126 4339 212 4394 bat
236 4339 647 4411 Augustinum.
677 4339 1027 4407 Congregato
1056 4336 1252 4407 itaque
1282 4336 1519 4407 populo,
1549 4335 1691 4389 nihil
1721 4335 1816 4388 ille

127 4429 301 4483 simile
333 4428 654 4499 suspicatus
684 4426 744 4480 in
785 4427 1066 4496 templum
1108 4424 1283 4495 venit,
1315 4430 1372 4479 et
1415 4424 1568 4495 plebi
1609 4441 1668 4478 se
1707 4423 1816 4477 im-

127 4517 362 4584 miscuit,
388 4532 518 4587 quae
539 4514 810 4570 virtutem
837 4515 960 4585 ejus
983 4512 1415 4584 doctrinamque
1439 4513 1822 4582 habebatper-

127 4609 405 4672 spectam;
437 4619 686 4674 eumque
717 4603 871 4674 quod
912 4602 1106 4657 relicto
1147 4601 1495 4673 patrimonio
1535 4605 1721 4656 totum
1761 4617 1819 4654 se

127 4691 231 4746 Deo
258 4692 587 4757 addixisset,
620 4692 930 4746 admodum
961 4691 1235 4762 diligebat
1260 4691 1468 4760 (Epist.
1503 4693 1623 4756 l26,
1657 4706 1711 4744 η.
1743 4689 1818 4758 7).

127 4781 260 4836 Cum
291 4788 490 4836 autem
513 4780 768 4835 Valerius
797 4779 968 4836 verba
997 4779 1209 4834 faceret
1225 4779 1293 4834 ad
1313 4779 1614 4850 populum,
1638 4779 1821 4848 deque

128 4869 428 4924 ordinandi
484 4869 801 4940 presbyteri
859 4869 1194 4923 necessitate
1253 4867 1578 4935 dissereret,
1633 4866 1820 4920 subito

126 4957 309 5024 rapuit
337 4957 728 5028 Augustinum
755 4958 1001 5029 populus
1033 4957 1285 5028 (Possid.,
1311 4958 1367 5010 in
1404 4959 1530 5012 Vita
1559 4958 1820 5024 August.,

128 5060 167 5098 c.
209 5047 259 5114 4)
305 5063 318 5101 :
365 5047 469 5113 qui
516 5046 792 5101 nimirum
840 5046 899 5101 id
939 5046 1069 5117 jure
1109 5049 1353 5116 poterat,
1405 5060 1534 5099 cum
1583 5043 1824 5099 Ecclesia

130 5134 483 5206 Tagastensis
511 5134 901 5206 Augustinum
930 5133 1177 5188 clericali
1210 5133 1433 5188 militiae
1463 5150 1578 5188 non
1609 5133 1822 5188 adscri-

128 5224 320 5292 psisset
343 5227 550 5295 (Epist.
584 5227 704 5294 126,
731 5241 786 5279 n.
821 5224 895 5287 7).
930 5224 1072 5277 Eum
1099 5223 1293 5294 itaque
1325 5222 1533 5278 laicum
1561 5222 1824 5294 episcopo

129 5311 192 5366 de
220 5329 380 5368 more
413 5313 745 5367 obtulerunt
760 5312 1167 5378 ordinandum,
1193 5312 1458 5366 omnibus
1480 5311 1536 5366 id
1559 5328 1674 5366 uno
1696 5327 1826 5366 con-

129 5414 291 5455 sensu
319 5405 378 5456 et
405 5399 692 5455 desiderio
721 5399 844 5452 fieri
874 5398 1188 5471 perficique
1217 5397 1566 5468 petentibus,
1589 5413 1824 5469 magno-

133 5503 236 5559 que
266 5489 457 5544 studio
490 5492 545 5542 et
574 5489 824 5541 clamore
844 5485 1248 5556 ﬂagitantibus.
1275 5486 1376 5541 Ille
1403 5502 1536 5540 vero
1567 5490 1824 5539 sanctum

130 5575 272 5630 istud
307 5575 700 5630 ministerium
723 5573 1270 5645 periculosissimum
1291 5573 1574 5643 judicans,
1593 5573 1828 5643 jamque

433 5674 712 5740 PATROL.
769 5671 1017 5739 XXXII.

3504 337 3601 390 170

1900 447 2095 503 animo
2124 449 2474 520 prospiciens
2499 455 2638 521 quot
2665 452 2929 506 ﬂuctibus
2959 457 3016 507 et
3042 456 3304 523 procellis
3331 456 3393 510 in
3419 459 3606 516 Eccle-

1902 535 2000 590 siae
2031 536 2309 606 regimine
2337 537 2485 592 foret
2512 554 2646 592 mox
2678 539 3054 611 objiciendus,
3084 541 3200 596 vim
3223 543 3602 614 lacrymarum

1902 624 2195 694 profundit
2225 625 2423 694 (Epist.
2466 628 2556 695 21,
2589 643 2644 681 n.
2678 628 2755 698 2).
2790 627 3336 685 Animadvertuntur
3365 632 3488 702 ejus
3517 635 3603 687 la-
3645 702 3648 707 ι

1902 727 2131 782 crymee,
2165 728 2268 765 nec
2298 713 2504 768 desunt
2520 713 2622 784 qui
2651 731 2781 769 cum
2807 715 3020 770 doloris
3043 716 3197 771 illius
3223 733 3423 773 causas
3446 719 3607 790 igno-

1903 805 2047 866 rent,
2070 801 2354 855 medelam
2377 801 2555 872 ipsius
2580 803 2801 858 vulneri
2820 806 3145 860 nullatenus
3166 813 3605 863 consentaneam

1903 888 2174 943 adhibere
2205 889 2485 944 studeant.
2521 891 2665 945 Nam
2695 908 2825 946 cum
2856 893 2978 964 ejus
3007 896 3288 966 lacrymas
3318 912 3384 950 ex
3414 897 3606 952 inanis

1904 978 2102 1050 glorias
2129 978 2439 1050 cupiditate
2469 997 2812 1051 promanare
2839 985 3218 1054 suspicentur,
3253 987 3405 1058 quod
3429 987 3604 1042 nimi-

1904 1083 2032 1121 rum
2063 1067 2133 1121 ad
2164 1067 2554 1138 episcopatum
2590 1086 2706 1124 non
2748 1072 3020 1126 continuo
3059 1075 3428 1143 provehatur,
3471 1092 3604 1146 sug-

1905 1159 2112 1224 gerunt
2130 1155 2546 1226 presbyterium
2563 1158 2798 1228 quidem
2821 1158 2970 1213 infra
2990 1160 3143 1215 illius
3167 1163 3434 1217 meritum
3460 1180 3603 1231 esse,

1904 1242 2163 1313 proxime
2189 1247 2381 1298 tamen
2412 1245 2483 1299 ad
2512 1245 2908 1317 episcopatum
2939 1249 3224 1304 accedere.

1975 1331 2029 1382 2.
2060 1329 2378 1399 Augustino
2407 1330 2598 1402 itaque
2627 1332 2834 1387 frustra
2865 1340 3219 1406 repugnante
3247 1338 3445 1409 populi
3472 1343 3602 1394 voto

1905 1417 2114 1471 factum
2149 1422 2234 1472 est
2257 1418 2392 1472 satis
2417 1420 2666 1480 (Possid.,
2690 1423 2749 1475 in
2786 1424 2914 1478 Vita
2933 1425 3189 1492 August,
3218 1441 3263 1480 ο.
3292 1428 3366 1494 4).
3404 1425 3609 1496 Hippo-

1907 1503 2097 1557 nensis
2124 1505 2386 1558 Ecclesiae
2420 1507 2716 1576 presbyter
2745 1514 2990 1577 creatus,
3013 1511 3160 1566 hanc
3181 1529 3295 1567 non
3321 1529 3460 1568 auro
3479 1513 3606 1585 qui-

1906 1592 2035 1646 dem
2075 1597 2130 1647 et
2165 1598 2402 1664 argento
2433 1595 2822 1666 locupletavit,
2854 1615 2984 1653 cum
3014 1605 3222 1671 praeter
3249 1602 3606 1669 vestimenta,

1907 1680 2114 1750 quibus
2139 1681 2505 1751 induebatur,
2530 1685 2686 1739 aliud
2716 1686 2858 1740 nihil
2889 1687 2958 1742 ad
2989 1703 3116 1742 eam
3143 1689 3400 1744 attulerit
3418 1692 3604 1760 (Serm.

1908 1773 2031 1835 335,
2061 1786 2114 1823 η.
2148 1770 2234 1840 2);
2266 1787 2466 1826 verum
2500 1777 2617 1827 tam
2649 1773 2859 1828 illustri
2899 1775 3155 1831 doctrina
3192 1782 3247 1831 et
3284 1778 3514 1847 pietate,
3547 1784 3611 1834 ut

1910 1860 2358 1931 Hippo-Hegias,
2393 1879 2597 1933 parum
2631 1863 2859 1918 aliunde
2900 1866 3160 1933 celebris,
3186 1866 3338 1922 inter
3364 1867 3603 1922 nobilis-

1910 1946 2082 2000 simas
2124 1948 2278 2002 orbis
2316 1949 2610 2003 christiani
2653 1949 2909 2005 civitates
2937 1952 3009 2006 ob
3054 1953 3357 2024 Augustini
3394 1954 3606 2009 famam

1909 2040 2263 2092 numeretur.
2301 2036 2440 2090 Urbs
2479 2037 2598 2104 illa,
2632 2039 2945 2094 secundum
2976 2041 3354 2112 geographos,
3390 2043 3451 2097 in
3481 2059 3606 2097 ma-

1911 2123 2102 2177 ritima
2146 2123 2427 2179 Numidia:
2473 2141 2573 2179 ora
2620 2125 2728 2180 sita
2769 2132 2906 2189 erat,
2951 2133 3159 2184 natura
3200 2146 3335 2185 sane
3385 2147 3448 2185 ac
3485 2133 3606 2187 loco

1911 2212 2154 2280 munita,
2187 2229 2318 2268 cum
2350 2213 2736 2269 Vandalorum
2778 2216 3136 2272 obsidionem
3177 2221 3609 2289 quatuordecim

1913 2299 2205 2355 mensibus
2235 2301 2572 2356 sustinuerit
2600 2302 2849 2374 (Possid.,
2881 2307 2941 2360 in
2977 2308 3106 2362 Vita
3133 2307 3392 2375 August,
3423 2325 3468 2364 c.
3497 2312 3608 2379 28).

1913 2391 1959 2440 A
1988 2389 2328 2461 Carthagine
2359 2395 2607 2461 quatuor
2627 2397 2682 2447 et
2707 2393 2994 2464 octoginta
3011 2393 3235 2448 circiter
3262 2395 3458 2461 leucis,
3483 2403 3608 2452 octo

1916 2479 1972 2529 et
1998 2476 2235 2546 triginta
2255 2495 2287 2532 a
2317 2479 2469 2533 Cirta
2494 2480 2776 2535 Numidiae
2799 2482 3101 2554 metropoli
3123 2483 3386 2538 distabat.
3407 2485 3610 2540 Obser-

1915 2567 2049 2617 vant
2077 2566 2390 2636 geographi
2418 2566 2564 2621 hanc
2589 2569 2814 2636 urbem,
2838 2585 2968 2640 quae
2999 2570 3170 2624 hodie
3203 2572 3358 2626 Bona
3385 2572 3611 2636 dicitur,

1918 2652 2020 2706 sub
2039 2654 2412 2708 Constantina
2431 2656 2490 2709 in
2511 2672 2688 2727 regno
2711 2657 3050 2728 Algeriensi,
3071 2659 3383 2715 etiamnum
3415 2662 3611 2731 magni

1919 2756 2039 2794 esse
2073 2741 2344 2796 nominis.
2381 2744 2613 2798 Colonia
2657 2751 2798 2811 erat,
2852 2751 2909 2800 et
2949 2746 3219 2816 regionis,
3269 2748 3360 2802 cui
3400 2765 3612 2804 nomen

1917 2829 2106 2895 dabat,
2141 2830 2362 2884 videtur
2387 2831 2559 2885 fuisse
2590 2833 2954 2904 metropolis;
2988 2850 3118 2888 cum
3156 2835 3218 2889 in
3259 2836 3612 2907 Hipponensi

1920 2917 2151 2987 regione
2177 2919 2498 2988 complures
2539 2920 2791 2990 episcOpi
2822 2927 3215 2978 numerentur.
3253 2925 3328 2978 Ea
3355 2925 3552 2979 civitas
3585 2943 3616 2980 a

1920 3005 2054 3059 Sillo
2085 3006 2280 3060 Italico
2305 3005 2376 3060 iis
2404 3007 2590 3061 verbis
2615 3009 2933 3063 celebratur
2957 3026 2970 3063 :
2990 3013 3253 3080 Antiquis
3283 3012 3509 3068 dilectus
3534 3030 3614 3069 re-

1920 3090 2076 3156 gibus
2103 3093 2283 3160 Hippo
2306 3093 2514 3162 (Punic.
2545 3095 2638 3149 lib.
2668 3097 2722 3164 3,
2751 3111 2891 3150 vers.
2925 3098 3068 3165 259).
3091 3101 3138 3152 Α
3159 3097 3370 3152 Latinis
3402 3099 3614 3170 Hippo-

1922 3178 2132 3249 Regius
2160 3180 2330 3250 vulgo
2358 3187 2742 3252 nuncupatur,
2764 3185 2834 3239 ad
2863 3184 3142 3255 Hipponis
3160 3187 3393 3253 alterius
3424 3188 3617 3243 discri-

1921 3282 2076 3334 men,
2099 3267 2199 3338 qui
2218 3268 2464 3323 Zarritus
2485 3269 2601 3324 sive
2623 3271 2942 3326 Diarrhitus
2964 3272 3188 3339 dicitur,
3215 3273 3278 3329 in
3296 3275 3497 3330 eadem
3517 3270 3617 3332 ora

1922 3356 2344 3410 Proconsularis
2392 3358 2718 3428 provinciae.
2768 3361 2831 3414 In
2879 3362 3130 3416 Concilio
3162 3364 3615 3436 Carthaginensi,

1923 3444 2076 3516 quod
2109 3445 2212 3499 sub
2234 3445 2500 3517 episcopo
2524 3447 2805 3519 Cypriane
2823 3451 3170 3506 celebratum
3190 3458 3292 3520 est,
3317 3454 3533 3508 mentio
3555 3455 3621 3509 ﬁt

1924 3533 2220 3603 cujusdam
2250 3535 2568 3605 Theogenis
2600 3537 2998 3607 Hipponensis,
3026 3541 3125 3611 qui
3153 3542 3426 3612 martyrio
3455 3559 3616 3597 coro-

1924 3627 2090 3676 natus
2134 3622 2306 3676 fuisse
2356 3623 2586 3680 dicitur.
2627 3626 2704 3679 De
2746 3627 3015 3681 Memoria
3057 3630 3234 3684 sancti
3279 3630 3616 3701 Theogenis,

1925 3715 2200 3782 tanquam
2230 3711 2299 3765 de
2328 3712 2452 3767 loco
2480 3713 2580 3768 ubi
2607 3714 2948 3770 sacriﬁcium
2989 3717 3204 3772 offerri
3228 3725 3616 3786 consueverat,

1926 3799 2190 3869 loquitun
2208 3800 2559 3870 Augustinus
2589 3801 2779 3872 (Serm.
2810 3807 2935 3869 273,
2967 3821 3022 3858 n.
3051 3806 3105 3875 7)
3129 3825 3144 3859 :
3169 3806 3363 3860 scribit
3391 3823 3620 3878 quoque

1927 3887 1996 3941 de
2027 3887 2307 3940 memoria
2337 3887 2538 3958 viginti
2577 3894 2896 3959 martyrum
2925 3892 3080 3960 apud
3113 3893 3437 3963 Hipponem
3471 3896 3621 3949 cele-

1925 3978 2177 4032 berrima
2208 3982 2303 4047 (De
2334 3981 2492 4036 Ci-vit.
2519 3983 2632 4045 Dei,
2657 3981 2750 4034 lib.
2777 3984 2865 4047 22,
2890 3997 3011 4051 cap.
3037 3985 3088 4048 8,
3111 3999 3165 4036 η.
3192 3987 3262 4046 9).
3284 3986 3624 4056 Quanquam

1927 4081 2059 4120 vero
2088 4066 2444 4121 celeberrimi
2471 4073 2634 4122 erant
2663 4069 3021 4140 episcopatus
3061 4071 3120 4124 in
3158 4071 3365 4138 Africa,
3404 4074 3616 4144 Hippo-

1926 4155 2120 4208 nensis
2150 4160 2340 4210 tamen
2382 4157 2494 4210 late
2523 4158 2790 4227 patebat;
2823 4175 2953 4212 cum
2983 4158 3172 4229 ipsum
3206 4160 3378 4214 etiam
3419 4163 3622 4215 Fussa-

1928 4243 2079 4298 lense
2110 4244 2482 4312 territorium,
2514 4246 2800 4300 sexdecim
2831 4247 3004 4302 leucis
3033 4250 3374 4320 sejunctum,
3398 4250 3466 4304 ad
3501 4250 3626 4321 Hip-

1927 4347 2238 4401 ponensem
2270 4334 2581 4390 Ecclesiam
2614 4335 2928 4406 pertineret
2959 4339 3151 4407 (Epist.
3183 4341 3309 4406 209,
3340 4355 3395 4394 η.
3426 4341 3500 4407 2).

1999 4423 2051 4475 3.
2101 4421 2355 4476 Valerius
2402 4422 2536 4476 huic
2583 4428 2720 4478 tunc
2779 4423 3036 4479 Ecclesiae
3091 4431 3357 4497 praeerat,
3394 4427 3626 4481 natione

1927 4510 2173 4578 Graecus,
2205 4510 2336 4581 pius
2364 4527 2427 4564 ac
2452 4511 2659 4566 timens
2690 4513 2870 4566 Deum
2897 4529 2910 4566 :
2933 4514 3032 4568 sed
3053 4530 3183 4568 cum
3214 4515 3381 4569 latini
3409 4532 3626 4570 sermo-

1927 4596 2016 4650 nis
2048 4614 2183 4651 usus
2212 4599 2510 4668 expeditus
2538 4599 2621 4653 illi
2647 4616 2762 4654 non
2791 4607 2958 4668 esset,
2983 4606 3152 4673 atque
3175 4603 3246 4657 ob
3277 4603 3336 4658 id
3356 4604 3546 4659 minus
3568 4622 3626 4659 se

1929 4684 2130 4738 utilem
2174 4685 2431 4739 Ecclesia:
2471 4686 2845 4757 intelligeret;
2883 4689 3093 4743 crebris
3134 4707 3166 4744 a
3207 4693 3320 4746 Deo
3365 4695 3628 4764 precibus

1931 4773 2288 4843 exposcebat,
2317 4778 2381 4828 ut
2408 4775 2703 4829 hominem
2749 4778 3066 4832 commissa:
3105 4778 3215 4834 sibi
3259 4782 3415 4852 plebi
3443 4785 3629 4855 provi-

1932 4863 2094 4917 deret
2121 4862 2413 4930 idoneum,
2449 4864 2549 4935 qui
2585 4881 2709 4920 eam
2740 4867 2910 4921 verbo
2943 4873 2996 4921 et
3028 4868 3283 4924 doctrina
3313 4877 3504 4943 posset
3532 4873 3626 4928 in-

1932 4953 2179 5008 formare
2213 4951 2532 5021 (Possidius,
2567 4954 2625 5007 in
2663 4956 2789 5009 Vita
2827 4957 3146 5025 Augustini,
3179 4975 3225 5014 c.
3260 4961 3334 5031 ὅ).
3371 4961 3477 5017 Ubi
3505 4965 3628 5016 Au-

1932 5040 2226 5112 gustinum
2257 5040 2520 5095 ordinare
2551 5041 2660 5096 sibi
2689 5043 2885 5098 datum
2916 5050 3016 5110 est,
3043 5063 3239 5118 preces
3269 5065 3399 5104 suas
3430 5050 3629 5105 divini-

1933 5134 2024 5183 tus
2079 5129 2370 5184 exauditae
2426 5130 2686 5201 credidit,
2740 5149 2804 5186 ac
2859 5135 2972 5189 voti
3025 5151 3260 5207 compos
3302 5139 3628 5210 gaudioque

1934 5215 2297 5287 triumphans
2318 5218 2529 5288 gratias
2550 5219 2664 5273 Deo
2685 5220 2963 5290 plurimas
2988 5223 3107 5294 egit
3128 5227 3321 5294 (Epist.
3345 5227 3434 5288 29,
3463 5242 3519 5280 n.
3550 5227 3628 5294 '7).

1935 5305 2266 5361 Tenerrimo
2297 5307 2482 5362 cordis
2501 5309 2705 5364 affectu
2727 5312 3208 5382 complectebatur
3225 5312 3630 5384 Augustinum,

1935 5396 1992 5448 et
2017 5393 2276 5465 quamvis
2306 5395 2547 5451 minime
2591 5413 2724 5454 eum
2760 5399 2987 5470 lateret,
3017 5417 3192 5472 quam
3227 5417 3494 5472 magnam
3524 5401 3633 5457 sibi

1937 5488 2166 5538 sanctus
2194 5486 2491 5557 presbyter
2515 5488 2756 5558 gloriam
2786 5495 3160 5561 compararet,
3192 5491 3348 5544 nulla
3375 5507 3631 5562 unquam

1939 5571 2161 5627 liventis
2190 5573 2416 5628 invidiae
2448 5574 2703 5630 labocula
2721 5577 3086 5646 purissimam
3115 5577 3267 5632 beati
3297 5579 3448 5634 senis
3477 5596 3636 5636 men-

3160 5673 3358 5760 (δέρε.)
