4060 6380
479 314 567 364 171
1696 304 1855 357 Vl'l‘A
1893 304 1946 356 S.
1992 302 2368 357 AUGUSTINI
2410 300 2739 356 EPISCOPI.

472 439 590 489 tem
620 430 979 504 inquinavit:
1004 445 1136 484 cum
1168 428 1443 500 gauderet
1461 427 1673 498 potius,
1692 426 2173 496 vehementerque

472 524 780 587 laetaretur,
804 519 1031 590 plebem
1061 535 1222 572 suam
1245 516 1560 571 ministerio
1582 515 1734 569 illius
1759 514 1995 570 erudiri.
2023 514 2173 579 Quin

472 611 647 666 etiam
673 609 1056 681 Augustinum
1088 606 1196 661 sibi
1225 621 1608 660 successorem
1631 605 2028 660 ardentissimo
2059 609 2173 658 stu-

472 700 564 755 dio
606 698 959 771 pemptavit;
992 713 1054 750 ac
1099 698 1245 750 Deus
1291 695 1362 749 ad
1391 681 1656 748 votorum
1703 694 1823 764 ejus
1853 694 2166 760 cumulum,

471 789 634 843 illum
663 787 772 858 ipsi
791 787 976 841 adhuc
1000 786 1059 839 in
1087 784 1230 838 vivis
1259 783 1473 855 agenti,
1497 787 1563 837 ut
1591 781 1739 836 infra
1759 782 2032 851 dicemus,
2053 782 2168 834 col-

471 879 656 949 legam
687 874 961 930 concessit
990 874 1186 944 (Epist.
1217 875 1306 942 32,
1335 889 1390 927 n.
1431 874 1511 942 2).
1553 871 1841 926 Valerium
1880 887 2051 940 porro
2081 869 2168 923 vi-

471 966 660 1020 cissim
689 979 873 1035 usque
903 963 1043 1017 adeo
1075 961 1296 1016 colebat
1335 965 1393 1015 et
1430 960 1766 1014 observabat
1792 959 2164 1029 Augustinus,

470 1054 614 1108 nihil
643 1057 708 1106 ut
737 1051 891 1123 quod
930 1051 984 1104 ei
1014 1049 1341 1120 displiceret
1375 1049 1672 1118 tantisper,
1703 1063 1870 1118 agere
1911 1048 2164 1113 auderet,

468 1157 542 1196 ne
571 1140 712 1194 illud
741 1139 978 1211 quidem
1008 1138 1159 1209 quod
1190 1138 1250 1191 in
1279 1137 1486 1191 anima:
1516 1152 1632 1189 sum
1673 1136 1912 1190 salutem
1943 1151 2007 1188 ac
2035 1151 2164 1205 pro-

469 1230 680 1284 fectum
720 1228 889 1282 sciret
926 1226 1244 1281 redundare
1286 1226 1481 1295 (Epist.
1524 1227 1612 1290 2t,
1643 1240 1697 1279 n.
1741 1224 1814 1294 6).
1851 1225 1902 1278 Is
1942 1225 2011 1278 ad
2049 1227 2164 1277 Au-

467 1317 675 1372 relium
706 1315 1212 1387 Carthaginensem
1243 1315 1495 1368 scribens
1525 1313 1595 1367 de
1635 1312 1902 1366 tollendis
1931 1328 2164 1383 compo-

465 1405 776 1460 tationibus
803 1405 874 1459 ad
905 1405 1165 1474 sepulcra
1188 1406 1508 1473 martyrum
1543 1401 1667 1454 fieri
1708 1401 1909 1464 solitis,
1943 1401 2065 1454 haec
2094 1400 2163 1454 de

467 1495 689 1548 Valerio
716 1493 886 1548 habet
913 1509 925 1547 :
949 1495 1018 1547 Et
1047 1506 1142 1546 nos
1173 1491 1388 1560 quidem
1419 1492 1640 1544 illarum
1665 1492 1910 1559 partium
1934 1489 2009 1557 (in
2040 1488 2164 1559 qui-

465 1581 572 1635 bus
601 1582 723 1635 hsec
762 1577 1206 1650 intemperantia
1236 1594 1349 1632 non
1388 1577 1582 1647 viget),
1616 1577 1880 1630 hominem
1910 1577 2163 1630 habemus

463 1674 790 1740 episcopum,
831 1669 973 1722 unde
1009 1683 1236 1734 magnas
1273 1669 1487 1735 agimus
1533 1669 1744 1735 gratias
1781 1669 1885 1720 Deo
1929 1684 1945 1719 :
1987 1681 2160 1734 quan-

463 1774 626 1826 quam
651 1758 768 1826 ejus
787 1757 1058 1810 modestiz
1075 1761 1238 1823 atque
1259 1755 1497 1808 lenitatis
1514 1760 1612 1821 est,
1637 1754 1752 1821 ejus
1775 1753 2004 1821 denique
2019 1769 2162 1822 pru-

461 1847 655 1900 dentiae
675 1850 725 1899 et
746 1844 1129 1899 sollicitudinis
1158 1845 1215 1896 in
1244 1845 1489 1907 Domino,
1513 1847 1572 1896 ut
1601 1844 1816 1897 etiamsi
1838 1842 1976 1908 Afer
2005 1846 2158 1900 esset,

461 1937 564 1989 cito
592 1934 678 1987 illi
697 1933 762 1986 de
791 1933 1089 2000 Scripturis
1117 1931 1536 2000 persuaderetur
1565 1929 1884 1994 curandum,
1918 1929 2062 1997 quod
2091 1930 2158 1982 li-

460 2025 695 2078 centiosa
721 2026 774 2076 et
801 2022 938 2074 male
959 2019 1130 2074 libera
1159 2018 1480 2073 consuetudo
1508 2018 1703 2071 vulnus
1731 2018 1942 2085 inﬂixit
1961 2018 2155 2085 (Epist.

460 2114 550 2178 22,
582 2128 638 2164 η.
670 2109 743 2179 4).
789 2109 931 2164 Cum
969 2123 1074 2178 per
1103 2107 1162 2160 id
1211 2111 1438 2175 tempus
1484 2104 1865 2176 Hipponensis
1902 2103 2160 2158 \Ecclesia

461 2198 888 2254 Donatistarum
939 2195 1244 2250 schismate
1301 2194 1728 2256 dilaceraretur,
1779 2192 2154 2262 Augustinus,

459 2287 563 2359 qui
591 2287 642 2340 ei
669 2286 740 2340 ad
777 2285 1080 2355 pristinam
1109 2282 1472 2337 concordiam
1511 2281 1842 2336 revocanda:
1874 2281 2153 2347 studebat,

460 2374 829 2429 Proculeiano
861 2373 1126 2444 episcopo
1157 2371 1463 2425 Donatistae
1503 2370 1822 2440 pollicetur,
1869 2369 2154 2423 Valerium

457 2470 593 2519 tunc
631 2463 943 2522 absentem,
975 2461 1168 2514 animo
1207 2457 1623 2524 lubentissimo,
1665 2455 1945 2527 quidquid
1984 2456 2156 2510 simul

459 2552 731 2623 egissent,
752 2549 1151 2621 probaturum.
1169 2550 1244 2601 De
1263 2549 1464 2612 animo,
1490 2546 1588 2608 ait,
1618 2546 1916 2599 beatissimi
1934 2549 1982 2598 et
2002 2561 2154 2598 vene-

455 2639 650 2692 rabilis
677 2639 813 2690 mihi
837 2637 1017 2705 patris
1056 2635 1263 2690 Valerii
1289 2649 1430 2686 nunc
1464 2634 1700 2687 absentis
1733 2637 1843 2686 tota
1871 2632 2156 2687 securitate

450 2728 726 2796 polliceor,
759 2726 855 2779 hoc
884 2741 1002 2778 eum
1031 2739 1150 2778 cum
1179 2738 1377 2790 magna
1400 2724 1589 2776 laetitia
1618 2723 1956 2789 cogniturum
1987 2738 1999 2775 :
2029 2724 2156 2776 novi

455 2817 596 2869 enim
623 2818 886 2883 quantum
915 2813 1116 2880 diligat
1135 2826 1345 2881 pacem,
1370 2815 1422 2864 et
1441 2811 1592 2864 nulla
1620 2812 1751 2863 vani
1768 2811 1948 2876 fastus
1979 2811 2156 2864 inani-

457 2909 568 2958 tate
613 2904 857 2972 jactetur
905 2901 1106 2970 (Epist.
1164 2902 1251 2965 33,
1301 2915 1357 2953 η.
1409 2899 1486 2969 4).
1545 2899 1748 2952 Narrat
1804 2898 2154 2968 Augustinus

458 2993 740 3062 (Epistola.v
786 2991 860 3045 ad
898 2993 1164 3046 Romanos
1195 2991 1400 3058 Empos.
1433 2989 1709 3054 inchoata,
1750 3003 1807 3040 n.
1855 2988 1956 3057 13).
1995 2987 2152 3040 Vale-

453 3081 628 3148 rium,
661 3097 792 3135 cum
832 3080 975 3134 duos
1017 3078 1325 3148 aliquando
1365 3076 1684 3131 rusticanos
1729 3075 1937 3146 punice
1977 3077 2154 3130 collo-

452 3175 709 3255 quentes,
726 3173 782 3223 et
802 3183 1014 3222 nomen
1041 3167 1204 3222 Salus
1222 3169 1421 3220 mutuo
1441 3170 1788 3234 usurpantes
1803 3163 2149 3225 offendisset,

453 3252 744 3329 quasiisse
771 3257 842 3310 ab
872 3271 939 3309 eo
969 3254 1071 3326 qui
1109 3253 1284 3308 latine
1314 3253 1485 3307 sciret
1520 3269 1585 3306 ac
1614 3252 1844 3323 punice,
1878 3253 2012 3323 quid
2046 3252 2153 3307 sibi

454 3347 627 3401 vellet
672 3345 727 3399 id
767 3343 1044 3410 nominis;
1079 3343 1468 3412 rusticumque
1513 3340 1894 3410 respondisse,
1928 3341 2036 3394 tria
2079 3341 2157 3394 si-

455 3434 728 3506 gniﬁcare
765 3449 778 3487 :
807 3436 931 3486 tum
961 3430 1246 3484 Valerium
1272 3446 1402 3484 cum
1426 3428 1635 3501 gaudio
1663 3429 2014 3498 cognovisse,
2037 3445 2154 3483 non

453 3519 690 3575 fortuita
715 3519 1133 3591 signiﬁcatione
1163 3517 1435 3584 nominis,
1469 3517 1566 3571 sed
1597 3516 1976 3571 occultissima
2006 3517 2152 3572 divi-

454 3625 543 3662 nae
572 3608 945 3679 providentia;
985 3605 1418 3678 dispensatione
1445 3608 1677 3669 factum,
1711 3609 1777 3659 ut
1813 3605 2013 3659 eodem
2052 3622 2151 3658 vo-

454 3698 675 3764 cabulo,
691 3714 804 3768 quo
829 3698 979 3751 salus
995 3696 1170 3751 latine
1192 3694 1562 3766 signiﬁcatur,
1583 3694 1830 3748 Trinitas
1848 3710 1980 3747 vera
2002 3694 2152 3748 salus

453 3791 645 3840 nostra
688 3785 895 3856 punice
934 3785 1326 3839 denotaretur.
1376 3785 1511 3837 Eam
1558 3782 2010 3836 observationem
2063 3782 2151 3836 di-

450 3877 871 3950 gnam'censuit
894 3875 1271 3947 Augustinus,
1301 3890 1478 3946 quam
1510 3873 1580 3928 ad
1607 3874 1890 3928 lectorum
1921 3873 2150 3926 animos

449 3967 812 4022 oblectandos
843 3965 901 4020 in
930 3982 1057 4020 suas
1083 3963 1507 4019 lucubrationes
1538 3963 1790 4016 referret.

519 4058 575 4111 4.
627 4055 959 4110 Existimare
1019 4053 1150 4108 licet
1192 4069 1260 4106 eo
1314 4053 1427 4106 ﬁne
1483 4052 1772 4105 Valerium
1829 4051 2149 4122 Augustino

447 4143 788 4216 presbyterii
826 4141 1067 4213 gradum
1109 4140 1438 4205 contulisse,
1471 4143 1536 4193 ut
1573 4139 1626 4193 ei
1661 4142 1848 4192 totum
1891 4139 2149 4193 Ecclesiae.

448 4249 567 4287 sum.
594 4231 856 4302 regimen
885 4229 1268 4283 committeret
1301 4245 1315 4282 :
1350 4243 1465 4298 quo
1505 4226 1588 4289 ﬁt,
1617 4232 1684 4280 ut
1711 4227 2060 4298 Augustinus
2091 4228 2149 4280 in

447 4319 687 4391 epistola
724 4319 792 4374 ad
823 4317 1192 4372 Maximinum
1227 4315 1578 4370 Donatistam
1603 4313 1939 4385 episcopum
1969 4331 2033 4369 ea
2064 4316 2149 4369 di-

449 4408 614 4465 cendi
642 4407 916 4479 gravitate
954 4407 1242 4476 loquatur,
1273 4419 1404 4474 quin
1433 4402 1625 4474 potius
1656 4402 1940 4473 episcopo,
1975 4420 2149 4474 quam

448 4495 776 4568 presbytero
832 4492 1132 4548 conveniat
1178 4494 1372 4562 (Epist.
1424 4495 1531 4561 23).
1595 4492 1866 4563 Baptismi
1921 4508 2147 4564 quoque

445 4581 776 4637 conferendi
805 4597 999 4646 curam
1050 4581 1328 4652 gerebat:
1363 4581 1515 4635 unde
1563 4597 1598 4634 a
1641 4580 1890 4634 Licentio
1939 4581 2148 4634 dicitur

445 4670 698 4726 fontibus
725 4669 1010 4724 infantum
1041 4669 1338 4740 prmfectus
1360 4671 1439 4738 (In
1461 4671 1635 4737 Epist.
1669 4671 1755 4732 26,
1782 4684 1838 4721 η.
1871 4672 1922 4734 3,
1949 4685 2001 4723 υ.
2029 4670 2142 4738 27).

445 4761 510 4814 In
541 4758 856 4813 ordinando
887 4763 1078 4812 tamen
1109 4757 1428 4828 Augustino
1451 4757 1510 4811 id
1532 4757 1898 4828 potissimum
1920 4757 2146 4812 videtur

445 4851 724 4917 spectasse
757 4847 1029 4914 Valerius,
1064 4852 1123 4901 ut
1155 4846 1312 4901 verbi
1343 4846 1694 4917 praedicandi
1727 4863 1938 4900 munus
1970 4847 2022 4900 ei
2053 4848 2145 4901 de-

443 4935 756 4990 mandaret.
793 4935 932 4989 Hinc
961 4935 1156 4990 scribit
1192 4934 1544 5005 Augustinus
1575 4951 1655 5001 se,
1688 4951 1818 4989 cum
1849 4935 1907 4989 id
1941 4950 2142 4989 mune-

442 5024 521 5078 ris
545 5023 701 5078 obire
732 5023 918 5092 caepit,
948 5024 1126 5077 multo
1146 5023 1393 5094 amplius
1413 5028 1717 5093 expertum
1745 5023 1939 5090 fuisse,
1968 5040 2140 5094 quam

443 5118 607 5168 antea
622 5116 826 5174 nosset,
853 5117 995 5182 quot
1014 5117 1069 5165 et
1087 5117 1314 5182 quantae
1337 5112 1792 5183 presbyteratum
1815 5112 2143 5168 circumcin-

440 5206 576 5275 gant
597 5201 956 5256 difﬁcultates
977 5205 1032 5254 et
1059 5199 1332 5270 pericula.
1360 5201 1480 5254 Sibi
1503 5205 1588 5254 sat
1609 5207 1973 5270 perspectum
1996 5207 2136 5264 erat,

441 5291 581 5362 quid
613 5291 680 5344 ad
713 5289 954 5343 salutem
986 5287 1296 5358 pertineret
1318 5305 1329 5342 :
1351 5289 1446 5343 sed
1477 5305 1590 5358 quo
1621 5294 1787 5357 pacto
1812 5289 1920 5344 hoc
1948 5290 2138 5359 ipsum

438 5378 508 5432 ad
539 5375 782 5430 aliorum
816 5375 1058 5428 salutem
1087 5372 1400 5426 ministrari
1426 5372 1680 5438 deberet,
1712 5373 1955 5426 necdum
1985 5373 2136 5427 didi-

438 5471 610 5519 cerat.
633 5467 740 5519 Tot
759 5464 1121 5518 difﬁcultates
1143 5460 1406 5525 intuitus,
1427 5476 1606 5529 usque
1623 5461 1766 5513 adeo
1784 5462 1852 5514 de
1877 5480 1934 5515 se
1952 5462 2137 5516 humi-

438 5553 565 5607 liter
591 5553 786 5621 sensit,
821 5556 882 5605 ut
910 5551 1022 5604 vim
1055 5550 1123 5604 ad
1156 5548 1614 5619 presbyteratum
1648 5548 1851 5602 factam
1882 5551 1986 5603 sibi
2018 5567 2132 5605 cre-

4019 65 4032 372 l

2281 424 2511 491 diderit,
2564 425 2677 478 Deo
2725 422 2781 477 id
2819 422 3190 494 permittente
3236 423 3298 478 in
3340 439 3565 495 poenam
3612 427 3965 494 peccatorum

2281 529 2538 580 suorum,
2572 518 2628 566 et
2665 512 3127 566 emendationem
3167 511 3424 583 pristinae
3461 512 3805 567 temeritatis
3842 529 3964 579 sum,

2280 601 2418 655 dum
2445 600 2909 670 presbyterorum
2931 604 2986 653 et
3007 600 3402 670 episcoporum
3429 601 3625 670 culpas
3645 600 3885 654 liberius
3905 616 3967 653 re-

2277 689 2678 758 prehenderet.
2708 690 2863 744 Vires
2890 703 3058 756 meas,
3089 687 3296 759 inquit,
3327 691 3538 743 omnino
3568 705 3677 743 non
3706 705 3966 755 noveram,

2276 749 2326 833 et
2355 779 2590 847 alicujus
2617 779 2872 832 momenti
2912 749 3228 832 arbitrabar
3261 749 3562 832 {Dominus
3592 786 3776 833 autem
4022 749 4027 838 λ

2275 882 2376 932 me,
2407 872 2457 920 et
2481 867 2637 921 rebus
2658 867 3080 936 ipsisostendere
3105 867 3272 920 voluit
3289 869 3551 936 meipsum
3572 869 3730 921 mihi.
3764 868 3967 921 Nihilo-
4023 897 4028 950 ἱ

2276 954 2466 1008 minus
2499 955 2596 1008 Dei
2636 954 3029 1008 misericordia
3057 955 3257 1021 fretus,
3290 956 3361 1009 ab
3394 972 3460 1009 eo
3492 972 3551 1009 se
3583 973 3697 1009 non
3735 957 3966 1010 damna-
4025 967 4028 1021 ί

2273 1043 2344 1108 ri,
2374 1043 2472 1098 sed
2510 1043 2804 1097 emendari
2834 1043 3116 1099 credebat.
3151 1043 3387 1114 Cognita
3426 1043 3602 1114 igitur
3633 1045 3969 1116 aegritudine

2273 1147 2396 1194 sua,
2429 1131 2630 1188 statuit
2659 1131 2718 1185 iu
2762 1131 2932 1185 sacris
2974 1131 3195 1186 Litteris
3232 1132 3651 1187 medicamenta
3694 1150 3967 1204 quaerere,

2272 1235 2337 1272 ac
2365 1219 2630 1274 idoneam
2662 1220 2734 1274 ad
2773 1224 2891 1274 tam
2919 1220 3310 1290 periculosum
3349 1221 3736 1275 ministerium
3769 1223 3968 1277 anima:

2271 1308 2658 1363 valetudinem
2689 1308 2817 1376 sibi,
2850 1325 2963 1379 qua
2992 1309 3277 1379 precibus,
3324 1326 3439 1380 qua
3470 1310 3712 1364 lectione
3743 1327 3968 1381 compa-

2274 1413 2426 1463 rare;
2459 1413 2590 1450 cum
2620 1397 2948 1451 nullatenus
2979 1396 3267 1451 dubitaret
3295 1398 3434 1467 quin
3467 1398 3641 1452 sacris
3672 1398 3732 1452 in
3763 1400 3967 1453 codici-

4022 441 4032 663 Ξ

4024 987 4029 1160 I

4022 1183 4029 1248 Ι

2272 1486 2377 1538 bus
2404 1490 2462 1539 et
2495 1485 2730 1539 consilia
2777 1490 2831 1539 et
2859 1490 3143 1556 prmcepta
3175 1491 3320 1540 esset
3360 1490 3727 1556 reperturus;
3763 1488 3966 1556 quibus
4026 1503 4033 1608 ὃ

2272 1573 2512 1608 manem
2543 1579 2596 1608 at
2628 1573 2998 1608 αηηνοιιοηρια
3030 1573 3206 1608 manu
3253 1575 3424 1608 1mm.
3467 1574 3560 1608 nn:
3597 1575 3765 1608 ..οιιηα
3799 1577 3966 1608 ωψει..

2271 1573 2514 1644 cognitis
2543 1579 2599 1628 et
2625 1573 3000 1644 apprehensis
3029 1573 3211 1644 possit
3252 1575 3424 1628 homo
3466 1574 3562 1628 Dei
3597 1575 3768 1628 rebus
3799 1577 3967 1628 eccle-

2270 1661 2510 1716 siasticis
2541 1662 2858 1716 ordinatius
2888 1661 3234 1728 ministrare,
3263 1669 3360 1716 aut
3390 1668 3542 1716 certe
3583 1663 3735 1716 inter
3764 1680 3964 1716 manus

2267 1751 2600 1822 iniquorum
2640 1751 2728 1804 vel
2771 1750 2956 1804 vivere
2999 1750 3350 1805 conscientia
3387 1751 3631 1816 saniore,
3668 1752 3756 1806 vel
3799 1752 3961 1816 mori,

2271 1845 2332 1893 ut
2359 1839 2459 1894 illa
2479 1839 2594 1893 vita
2623 1855 2740 1893 non
2761 1839 3077 1906 amittatur,
3097 1841 3190 1894 cui
3214 1839 3311 1892 uni
3333 1839 3642 1894 christiana
3665 1841 3840 1895 corda
3862 1842 3963 1895 hu-

2267 1927 2427 1981 milia
2476 1933 2532 1981 et
2580 1933 2877 1982 mansueta
2919 1929 3227 1998 suspirant.
3274 1929 3568 1993 Quomodo
3621 1934 3815 1983 autem
3859 1930 3962 1983 hoc
4030 1938 4032 2008 ξ

2267 2016 2390 2070 ﬁeri
2422 2021 2631 2087 potest,
2665 2016 2773 2070 nisi
2803 2017 3067 2088 petendo,
3092 2018 3420 2088 quaerendo,
3446 2019 3749 2087 pulsando,
3771 2019 3830 2072 id
3858 2025 3959 2087 est,

2266 2105 2503 2169 orando,
2538 2105 2800 2174 legendo,
2849 2105 3220 2176 plangendo‘?
3260 2107 3328 2160 Ut
3372 2106 3462 2159 his
3513 2106 3688 2176 igitur
3741 2113 3963 2162 vacaret
4029 2091 4035 2172 Ι

2265 2192 2568 2260 exercitiis,
2617 2192 2874 2246 inducias
2927 2194 3129 2247 saltem
3176 2194 3235 2247 in
3284 2210 3526 2265 sequens
3574 2195 3792 2248 Pascha
3840 2212 3963 2265 per-

2265 2281 2498 2350 optabat
2530 2297 2542 2335 :
2576 2297 2750 2352 quam
2795 2281 3121 2335 facultatem
3151 2299 3186 2336 a
3209 2282 3429 2335 Valerio
3459 2283 3697 2337 fratrum
3728 2300 3962 2338 suorum

2265 2375 2320 2424 et
2349 2369 2665 2423 amicorum
2687 2369 2953 2440 precibus
2983 2369 3281 2439 flagitavit.
3304 2374 3377 2424 At
3396 2387 3524 2424 cum
3549 2388 3680 2424 eum
3709 2371 3962 2426 Valerius

2265 2458 2531 2512 omnibus
2559 2457 2944 2526 praesidiisad
2971 2467 3173 2512 cuncta
3201 2459 3518 2529 presbyteri
3545 2459 3731 2513 ofﬁcia
3760 2466 3818 2514 et
3845 2478 3962 2516 mu-

2264 2546 2358 2599 nia
2385 2545 2728 2600 instructum
2759 2562 2878 2599 esse
2907 2551 3061 2601 certo
3083 2552 3470 2617 cognosceret,
3499 2564 3616 2602 non
3648 2549 3815 2602 aliter
3846 2552 3960 2620 ejus
4032 2549 4037 2624 ᾖ

2262 2634 2527 2705 petitioni
2557 2634 2870 2703 respondit,
2905 2651 3080 2706 quam
3121 2635 3407 2690 sincerum
3446 2653 3615 2690 suum
3653 2654 3796 2708 erga
3834 2655 3959 2692 eum
4029 2661 4034 2704 τ

2261 2739 2513 2776 amorem
2565 2727 2934 2790 contestatus,
2977 2724 3138 2794 cujus
3187 2726 3368 2778 Deum
3420 2725 3610 2795 ipsum
3668 2731 3722 2780 et
3772 2729 3959 2781 Jesum
4033 2695 4038 2774 l

2264 2811 2551 2866 Christum
2591 2816 2794 2865 testem
2846 2812 3163 2866 adhibebat.
3211 2795 3572 2884 Quapropter
3607 2817 3961 2886 Augustinus
4036 2867 4037 2906 ι

2260 2899 2600 2970 supplicem,
2634 2900 2813 2954 instar
2859 2900 3136 2970 epistolae,
3168 2901 3448 2968 libellum,
3484 2919 3596 2973 quo
3636 2903 3958 2958 facultatem

2260 2987 2559 3042 secedendi
2578 2989 2914 3059 aliquandiu
2935 2989 3006 3044 ad
3029 3005 3317 3043 sacrarum
3347 2991 3684 3045 Litterarum
3707 2994 3960 3047 studium
4035 3007 4037 3046 ι

2261 3077 2606 3146 postulabat,
2656 3076 2740 3131 illi
2785 3077 2988 3131 offerre
3037 3083 3261 3132 coactus
3293 3082 3394 3131 est.
3447 3080 3604 3133 Extat
3641 3080 3959 3136 etiamnum

2261 3163 2500 3235 insignis
2529 3165 2728 3219 isthaac
2765 3166 3006 3236 epistola
3037 3169 3232 3235 (Epist.
3280 3171 3395 3235 2|),
3429 3183 3557 3238 quae
3597 3184 3729 3222 cum
3768 3170 3963 3240 singu—
4035 3154 4038 3238 Ι

2259 3253 2440 3306 larem
2476 3253 2535 3307 in
2563 3255 2880 3325 Augustino
2911 3255 3089 3308 animi
3127 3255 3527 3310 demissionem
3569 3255 3808 3323 indicet,
3842 3275 3961 3312 mo-
4033 3260 4038 3274 '

2262 3346 2360 3396 net
2379 3359 2551 3413 porro
2575 3359 2668 3396 eos
2689 3343 2790 3413 qui
2820 3359 3032 3397 munus
3054 3344 3393 3414 evangelicae
3419 3346 3849 3415 praedicationis
3877 3365 3965 3400 co-

2261 3429 2444 3500 gitant
2475 3432 2622 3501 (qua:
2653 3436 2740 3485 est
2766 3431 2874 3484 viri
2908 3449 3023 3485 non
3052 3432 3330 3503 dignitate
3357 3433 3545 3496 modo,
3576 3434 3686 3508 sed‘
3703 3435 3965 3489 doctrina

2261 3535 2490 3590 quoque
2523 3536 2585 3573 ac
2616 3520 2825 3590 pietate
2850 3520 3218 3574 illustrissimi
3249 3521 3566 3575 observatio
3585 3509 3841 3591 [Antonii
3871 3526 3966 3580 Go—

2260 3609 2419 3673 deau,
2473 3610 2780 3664 Grassensis
2819 3612 3075 3680 episcopi,
3124 3612 3184 3664 in
3237 3612 3366 3665 Vita
3411 3614 3586 3665 sancti
3638 3613 3965 3680 Augustini,

2261 3697 2353 3750 lib.
2393 3700 2443 3764 l,
2476 3713 2597 3766 cap.
2631 3697 2763 3766 28]),
2797 3703 2863 3751 ut
2891 3698 2960 3752 ad
2997 3699 3104 3752 hoc
3141 3697 3526 3752 ministerium
3565 3699 3845 3767 oratione,
3881 3718 3966 3754 se-

2260 3801 2441 3852 cessu,
2466 3790 2520 3839 et
2543 3785 2722 3839 divini
2743 3785 2900 3840 verbi
2920 3786 3288 3841 meditatione
3316 3803 3374 3841 se
3405 3795 3755 3858 comparent.
3775 3793 3967 3860 Atque

2261 3877 2323 3926 ut
2350 3889 2415 3928 ex
2446 3873 2645 3928 eadem
2675 3879 2853 3944 patet,
2885 3880 3166 3946 quantum
3194 3876 3547 3946 Augustinus
3572 3877 3725 3930 illius
3751 3895 3965 3932 mune-
4036 3905 4037 3954 χ

2261 3961 2357 4027 ris,
2392 3978 2505 4032 quo
2538 3965 2654 4015 tam
2687 3963 2853 4017 multi
2883 3968 3079 4018 nostra
3116 3969 3281 4018 aetate
3312 3965 3451 4019 citra
3491 3966 3875 4021 reverentiam
3909 3973 3966 4020 et

2258 4051 2610 4104 vocationem
2643 4050 2896 4105 divinam
2927 4068 2986 4106 se
3011 4057 3224 4107 temere
3253 4053 3569 4124 implicant,
3600 4055 3964 4110 sanctitatem

2259 4153 2322 4191 ac
2351 4138 2744 4193 difficultatem
2777 4139 3015 4194 haberet
3043 4141 3331 4211 cognitam
3357 4157 3369 4194 :
3395 4141 3473 4195 ita
3503 4142 3762 4197 studium
3793 4149 3854 4198 et
3880 4161 3967 4198 ar-

2259 4226 2364 4279 dor
2391 4226 2510 4295 ille,
2542 4244 2658 4298 quo
2699 4227 2965 4299 exiguam
2996 4229 3272 4299 temporis
3308 4246 3552 4298 moram,
3586 4247 3691 4301 pro
3736 4233 3966 4304 ingenti

2257 4314 2554 4380 beneﬁcio,
2578 4317 2815 4387 supplex
2837 4317 3134 4387 efﬂagitat,
3159 4318 3511 4389 praecipitem
3538 4319 3786 4375 aliorum
3809 4322 3967 4376 festi-

2257 4402 2547 4457 nationem
2587 4406 2939 4460 severissime
2979 4408 3340 4462 condemnat.
3374 4409 3656 4463 Caaterum
3695 4411 3829 4480 pius
3869 4412 3967 4466 ille

2255 4495 2371 4546 tam
2416 4493 2644 4562 augusti
2689 4511 2753 4548 ac
2791 4495 3097 4564 periculosi
3146 4496 3451 4551 ministerii
3496 4503 3707 4564 metus,
3761 4515 3967 4555 eorum

2255 4581 2521 4652 proprius
2545 4587 2648 4648 est,
2679 4583 2779 4653 qui
2809 4588 3086 4638 vocantur
3112 4600 3146 4637 a
3178 4586 3290 4640 Deo
3319 4590 3556 4640 :contra
3584 4602 3714 4639 vero
3744 4588 3967 4658 pleros-
4034 4610 4037 4621 ι

2254 4686 2365 4740 que
2395 4686 2615 4740 omnes,
2648 4671 2744 4742 qui
2778 4689 2890 4726 non
2921 4672 3165 4743 Spiritus
3195 4673 3398 4742 sancti,
3435 4674 3532 4728 sed
3563 4691 3666 4729 suo
3699 4676 3964 4744 ipsorum

2250 4757 2506 4828 impulsu
2535 4765 2772 4814 sumunt
2801 4760 2910 4815 sibi
2931 4762 3233 4829 honorem,
3259 4763 3387 4817 illos
3405 4763 3619 4816 imitari
3647 4763 3870 4832 vidéas,
3894 4767 3964 4820 de

2251 4847 2459 4916 quibus
2485 4848 2782 4914 Dominus,
2811 4851 2928 4905 Non
2954 4851 3231 4905 mittebam
3259 4852 3574 4922 prophetas,
3607 4857 3658 4907 et
3686 4855 3804 4922 ipsi
3834 4871 3961 4909 cur-

2248 4935 2437 4989 rebant
2469 4937 2673 5005 (Jerem.
2708 4954 2862 5003 xxm,
2892 4937 3006 5008 21).

2320 5026 2371 5077 5.
2406 5023 2687 5078 Credibile
2709 5031 2796 5079 est
2827 5026 3113 5082 Valerium
3141 5032 3258 5082 tam
3285 5029 3542 5085 sollicitis
3572 5031 3818 5102 etjustis
3838 5035 3962 5087 Au-

2249 5110 2464 5180 gustini
2524 5113 2795 5182 precibus
2849 5115 3140 5181 annuisse,
3188 5116 3355 5188 eique
3397 5119 3712 5190 presbyteri
3754 5124 3964 5177 munia

2247 5197 2393 5252 forte
2423 5200 2493 5253 ad
2511 5205 2735 5270 tempus
2757 5203 3078 5257 traditionis
3100 5205 3374 5275 Symboli,
3403 5209 3557 5278 quod
3585 5210 3964 5266 Paschalibus
4033 5216 4038 5230 '

2245 5286 2401 5369 feriis
2431 5288 2679 5344 vicinum
2710 5296 2851 5358 erat,
2886 5291 3184 5348 differendi
3207 5299 3548 5363 potestatem
3575 5297 3777 5355 fecisse
3804 5321 3817 5355 :
3846 5320 3963 5372 quo

2243 5378 2500 5445 tempore
2524 5380 2879 5448 Augustinus
2904 5381 3070 5436 illum
3095 5382 3162 5436 de
3196 5382 3463 5454 Symbolo
3495 5402 3828 5443 sermonem
3864 5391 3964 5444 ha-

2244 5464 2388 5530 buit,
2420 5466 2581 5535 cujus
2610 5469 2910 5523 exordium
2940 5475 3024 5524 est
3051 5487 3064 5525 :
3088 5474 3192 5527 Pro
3223 5473 3434 5528 modulo
3464 5477 3643 5529 aetatis
3672 5478 3965 5533 rudimen-

2248 5558 2524 5621 turumque
2542 5560 2866 5626 nostrorum,
2881 5573 2986 5628 pro
3009 5561 3254 5615 tirocinio
3275 5565 3508 5632 suscepti
3523 5568 3764 5621 muneris
3788 5573 3963 5637 atque
