4060 6388
146 319 230 369 I73
1580 320 1786 375 LIBER
1823 321 2131 376 TERTIUS.
3520 324 3616 378 174

140 438 193 490 in
211 451 301 490 vos
320 435 620 491 dilectionis
641 437 853 505 aﬂ‘ectu,
884 440 983 508 qui
988 440 1110 508 jam
1134 441 1503 495 ministrantes
1522 442 1711 508 altari,
1734 443 1831 510 qui

136 526 395 578 accessuri
435 527 582 592 estis,
622 527 950 592 assistimus,
989 542 1082 581 nec
1122 530 1422 584 ministerio
1451 532 1708 584 sermonis
1736 546 1829 584 cos

134 612 394 679 fraudare
445 612 694 668 debemus
744 615 929 682 (Serm.
964 617 1089 682 224,
1132 632 1189 670 n.
1245 616 1311 686 1).
1368 618 1566 671 Paucis
1599 634 1828 690 quoque

132 700 258 755 inde
285 700 494 772 elapsis
524 701 727 756 diebus
756 703 1149 773 Competentes
1179 710 1309 775 post
1333 706 1714 760 exorcismum
1742 707 1829 760 in-

135 788 296 842 stitue
308 805 374 842 ns
398 789 480 843 sic
508 789 823 861 alloquitur
846 807 859 844 :
882 792 1209 847 Rudimenta
1237 795 1531 848 ministerii
1558 797 1749 861 nostri,
1783 800 1831 848 et

133 879 291 931 castri
315 883 594 947 conceptus
629 879 822 947 (Serm.
858 882 984 946 216,
1033 896 1090 935 n.
1124 881 1196 951 l).
1232 881 1514 946 Quoniam
1546 899 1679 937 vero
1705 889 1835 953 post

134 970 456 1035 susceptum
504 966 978 1037 'presbyteratum
1035 969 1267 1041 aliquod
1326 987 1393 1025 eo
1458 971 1520 1025 in
1568 987 1832 1038 munere,

148 1053 389 1107 maxime
420 1058 609 1108 autem
636 1054 699 1108 in
729 1055 907 1110 divini
929 1057 1085 1111 verbi
1105 1058 1533 1127 praedicatione,
1550 1060 1670 1129 jam
1693 1060 1835 1131 peri'

132 1143 317 1197 culum
347 1143 563 1197 fecerat
591 1160 826 1199 suarum
865 1144 1094 1211 virium,
1127 1147 1360 1219 quando
1387 1164 1480 1201 eas
1510 1152 1668 1203 tanto
1704 1164 1832 1202 mu-

139 1230 256 1285 neri
302 1230 552 1301 impares
590 1238 875 1302 expertus,
919 1233 1244 1290 facultatem
1279 1236 1349 1290 ad
1386 1237 1553 1290 breve
1582 1242 1828 1308 tempus,

136 1320 329 1373 saltem
360 1320 429 1374 ad
476 1321 688 1374 Pascha
718 1337 920 1392 usque,
962 1324 1260 1378 secedendi
1287 1326 1565 1394 poposcit,
1602 1342 1715 1396 quo
1745 1343 1832 1379 sa-

138 1407 240 1461 cris
272 1407 495 1461 Litteris
527 1425 760 1479 operam
800 1415 1066 1476 navaret;
1110 1412 1274 1466 facile
1308 1412 1666 1483 intelligitur,
1698 1430 1827 1468 eum

136 1512 241 1550 non
271 1497 459 1550 solum
488 1497 558 1551 ab
589 1497 823 1552 ineunte
858 1499 1323 1570 Quadragesima,
1369 1505 1433 1554 ut
1461 1502 1581 1555 vult
1610 1501 1827 1569 Rivius,

136 1584 229 1638 sed
259 1583 431 1638 etiam
480 1584 775 1656 aliquanto
822 1591 953 1640 ante
989 1591 1245 1657 tempore
1275 1588 1447 1642 fuisse
1479 1589 1825 1644 ordinatum.

134 1673 485 1743 Quapropter
502 1673 625 1727 haec
653 1673 807 1727 illius
838 1674 1138 1728 ministerii
1159 1674 1474 1744 primordia
1501 1677 1731 1731 nonnisi
1759 1679 1829 1733 ad

138 1760 271 1815 illud
306 1765 556 1831 tempus,
591 1777 706 1832 quo
734 1778 801 1815 ex
839 1761 1118 1832 permisso
1147 1762 1254 1817 sibi
1292 1779 1516 1819 secessu
1544 1781 1826 1837 egressus,

138 1848 264 1904 huic
288 1849 515 1904 muneri
544 1866 603 1904 se
634 1854 817 1905 totum
858 1850 1094 1918 addixit,
1125 1857 1365 1923 possunt
1393 1854 1691 1908 commode
1738 1871 1827 1909 re-

134 1938 342 2004 vocari;
376 1938 456 1992 sic
483 1954 692 2008 nempe
723 1943 785 1992 ut
812 1938 1169 2011 intelligatur
1196 1940 1318 2011 ipse
1348 1941 1519 1995 missa
1547 1943 1731 1997 facere
1762 1959 1827 1997 ea

136 2026 343 2091 munia,
386 2043 515 2097 quae
564 2031 695 2081 ante
746 2027 900 2081 hunc
925 2044 1205 2082 secessum
1231 2028 1467 2084 obierat.
1497 2031 1619 2095 Quo
1646 2047 1828 2085 seces-

135 2116 284 2181 serit,
316 2115 645 2185 ignoratur;
686 2119 837 2169 certe
868 2115 1104 2187 quidem
1142 2132 1258 2170 non
1287 2119 1487 2186 procul
1520 2118 1779 2189 Hippone
1812 2134 1827 2174 :

132 2220 260 2259 nam
308 2204 701 2275 Hipponenses
742 2205 851 2259 hoc
903 2204 1091 2275 primo
1125 2222 1227 2259 seu
1255 2206 1515 2276 proxime
1569 2208 1830 2278 sequenti

133 2297 388 2364 tempore
405 2292 781 2364 longinquam
802 2292 1109 2363 Augustini
1129 2293 1443 2347 absentiam
1467 2294 1831 2349 vehementer

137 2380 415 2452 nimisque
447 2381 796 2443 metuebant,
824 2385 878 2433 et
904 2380 990 2435 illi
1018 2382 1124 2437 hac
1152 2381 1209 2435 in
1240 2397 1301 2435 re
1330 2399 1696 2454 nequaquam
1723 2400 1828 2437 vo-

135 2470 319 2523 lebant
347 2468 581 2523 credere
609 2469 812 2540 (Epist.
836 2472 926 2537 22,
956 2485 1021 2523 n.
1061 2471 1142 2540 9).
1184 2471 1258 2523 Ex
1290 2470 1379 2524 his
1409 2488 1537 2541 quin
1563 2471 1827 2539 diximus,

136 2556 554 2612 ordinationem
576 2555 882 2628 Augustini
911 2558 1111 2611 saltem
1140 2557 1198 2611 in
1229 2557 1353 2628 ipso
1384 2559 1519 2612 anni
1552 2559 1830 2630 principio

137 2661 480 2716 reponamus
508 2661 737 2699 necesse
759 2648 860 2699 est.
886 2645 971 2699 Ad
1000 2662 1217 2700 annum
1249 2647 1708 2702 trecentesimum
1730 2665 1833 2702 no-

136 2733 490 2803 nagesimum
521 2733 774 2804 primum
796 2734 966 2805 vulgo
989 2734 1251 2801 refertur,
1277 2736 1445 2805 juxta
1465 2752 1531 2790 ea
1552 2753 1681 2807 quae
1703 2738 1832 2790 Pos-

136 2820 307 2875 sidius
337 2821 553 2887 scribit,
581 2822 746 2875 illum
786 2821 1049 2876 videlicet
1077 2839 1144 2877 ex
1179 2823 1338 2877 Italia
1367 2823 1429 2877 in
1466 2824 1713 2879 Africam
1743 2841 1830 2879 re-

134 2926 389 2980 gressum
422 2909 602 2964 tribus
631 2909 796 2964 annis
824 2911 1077 2981 Tagastae
1112 2910 1332 2978 vixisse,
1365 2912 1423 2966 in
1445 2913 1711 2967 clericatu
1737 2930 1831 2967 au-

138 3004 248 3053 tem
282 2999 358 3067 (id
390 3002 495 3063 est,
529 2999 948 3070 presbyteratu)
979 2999 1067 3052 vel
1097 2998 1624 3070 episcopatu,annis
1654 3001 1831 3055 ferme

139 3086 517 3158 quadraginta
552 3102 732 3157 usque
781 3086 848 3141 ad
878 3086 1146 3157 quintum
1195 3087 1463 3142 kalendas
1493 3088 1834 3158 septembris

137 3174 268 3230 anni
297 3174 851 3247 quadringentesimi
875 3173 1158 3245 trigesimi
1190 3176 1409 3246 (Possid.
1428 3216 1442 3243 ,
1473 3178 1531 3230 in
1566 3178 1694 3233 Vita
1714 3178 1830 3232 Au-

135 3268 299 3333 gust.,
331 3279 376 3318 c.
417 3266 447 3318 3
479 3268 598 3317 etc.
634 3262 748 3330 31).
784 3264 960 3317 Porro
987 3279 1137 3317 anno
1166 3265 1565 3318 trecentesimo
1589 3282 1829 3336 nonage

136 3352 274 3407 simo
302 3351 494 3422 primo
534 3351 746 3405 Pascha
774 3350 836 3405 in
865 3356 1091 3406 sextum
1123 3352 1322 3422 aprilis
1349 3352 1655 3408 incidebat.
1688 3356 1831 3408 Tum

135 3458 261 3495 vero
291 3440 501 3513 agebat
526 3440 878 3510 Augustinus
906 3456 1122 3494 annum
1152 3440 1337 3494 aetatis
1365 3458 1483 3495 suae
1515 3443 1829 3513 quadrage-

139 3528 367 3585 simum.

198 3622 249 3673 6.
285 3619 418 3673 Erat
444 3621 579 3673 tunc
607 3616 668 3672 in
697 3634 857 3672 more
888 3617 1263 3690 institutoque
1292 3618 1544 3689 positum
1575 3621 1832 3675 Ecclesiae

136 3706 434 3772 Africanae,
483 3710 548 3761 ut
590 3705 908 3778 presbyteri
956 3706 1190 3760 verbum
1239 3707 1338 3761 Dei
1386 3710 1485 3761 aut
1532 3724 1831 3779 nunquam

134 3793 532 3862 praedicarent,
566 3798 630 3848 ut
659 3793 954 3849 nonnullis
982 3811 1047 3849 ex
1080 3796 1284 3866 Optato
1312 3796 1381 3850 de
1412 3796 1833 3866 praedicationis

135 3897 364 3936 munere
404 3883 561 3936 velut
602 3882 670 3936 de
717 3882 906 3937 officio
955 3882 1263 3953 episcopali
1304 3884 1571 3954 loquente
1604 3884 1829 3953 (0ptat.,

136 3970 223 4023 lib.
258 3974 330 4039 3),
382 3969 578 4040 colligi
608 3986 776 4039 posse
819 3970 1073 4036 videtur;
1111 3976 1210 4024 aut
1249 3972 1451 4025 saltem
1481 3987 1671 4024 coram
1704 3972 1830 4041 cpi-

134 4058 308 4128 scopis
356 4057 506 4112 illud
530 4056 592 4110 in
623 4057 858 4111 ecclesia
886 4074 1005 4112 non
1044 4063 1371 4113 tractarent.
1415 4050 1671 4113 Meminit
1701 4059 1829 4112 Hie-

134 4162 407 4218 ronymus
440 4145 871 4200 consuetudinis
898 4147 1088 4218 hujus.
1122 4163 1249 4217 qua:
1275 4146 1337 4200 in
1367 4147 1708 4218 quihusdam
1736 4149 1831 4201 Ec-

134 4235 309 4290 clesiis
342 4234 598 4305 vigebat,
630 4238 696 4288 ut
721 4234 1038 4304 presbyteri
1065 4238 1337 4297 tacerent,
1370 4252 1432 4289 ac
1456 4235 1832 4305 praesentibus

137 4322 416 4394 episcopis
445 4337 563 4375 non
600 4322 972 4392 loquerentur
1000 4338 1012 4376 :
1047 4339 1219 4394 quam
1249 4322 1371 4395 ipse
1398 4324 1708 4393 pessimam
1737 4340 1832 4377 vo-

136 4415 239 4478 cat,
272 4416 328 4465 et
357 4426 491 4481 quae
522 4409 874 4463 occasionem
902 4411 1155 4480 praebeat
1183 4411 1510 4482 suspicandi
1539 4410 1835 4482 episcopos

137 4503 231 4553 aut
270 4499 742 4569 presbyterorum
782 4514 1018 4553 suorum
1063 4498 1260 4570 gloriae
1291 4499 1566 4566 invidere,
1598 4505 1698 4554 aut
1736 4517 1832 4554 eo-

138 4602 262 4643 rum
305 4603 604 4642 sermones
650 4586 906 4641 fastidire
956 4587 1311 4658 (Hieronym.,
1344 4588 1522 4659 Epist.
1554 4588 1591 4641 2
1628 4588 1701 4642 ad
1726 4591 1835 4643 Ne-

136 4676 387 4745 potian.).
424 4674 677 4729 Valerius
706 4675 775 4729 ab
806 4674 957 4729 hisce
995 4675 1185 4746 pravis
1210 4676 1604 4731 affectionibus
1622 4676 1835 4730 immu-

136 4764 242 4833 nis,
270 4780 406 4819 cum
454 4762 515 4817 in
549 4762 932 4818 Orientalibus
962 4763 1224 4818 Ecclesiis
1248 4765 1609 4835 presbyteros
1640 4780 1834 4818 coram

137 4852 417 4924 episcopis
447 4867 513 4906 ex
543 4868 653 4906 usu
672 4857 899 4933 recepto
929 4852 1210 4922 populum
1239 4851 1439 4906 docere
1469 4868 1589 4906 non
1616 4854 1837 4923 ignora-

139 4945 242 5009 ret,
271 4940 606 4995 Africanum
636 4940 798 4994 illum
829 4956 1050 4995 morem
1081 4941 1298 4994 solvere
1339 4956 1454 4994 non
1485 4944 1571 4995 est
1600 4940 1831 4995 veritus.

141 5029 276 5084 Nam
305 5028 447 5100 quia
476 5028 583 5082 sibi
611 5028 835 5083 facilem
882 5027 1048 5083 latini
1089 5027 1369 5082 sermonis
1414 5044 1580 5082 usum
1608 5028 1676 5083 ad
1716 5028 1837 5098 ple—

140 5115 263 5171 bem
290 5115 705 5171 instituendam
737 5133 852 5171 non
876 5121 1179 5188 suppetere
1209 5116 1495 5183 cernebat,
1529 5115 1679 5171 vices
1708 5133 1838 5171 suas

140 5206 458 5277 Augustino
497 5204 804 5274 commisit,
854 5222 1100 5276 eumque
1150 5220 1342 5259 coram
1392 5221 1451 5258 se
1497 5204 1557 5258 in
1605 5204 1840 5259 ecclesia

145 5293 511 5364 Evangelium
550 5292 718 5363 jussit
755 5293 1214 5364 frequentissime
1245 5297 1488 5348 tractare
1521 5292 1834 5362 (Possidius,

140 5383 197 5435 in
230 5384 359 5438 Vita
388 5383 650 5449 August.,
683 5397 729 5436 c.
762 5381 844 5451 5).
880 5381 939 5435 Id
971 5381 1236 5436 nonnulli
1259 5386 1594 5452 carpserunt
1619 5381 1837 5451 episco-

140 5469 197 5538 pi
242 5486 256 5524 :
310 5469 408 5525 sed
437 5468 778 5524 venerabilis
815 5469 911 5523 ille
958 5486 1021 5525 ac
1049 5470 1318 5541 providus
1354 5486 1522 5525 senex
1555 5468 1839 5524 minorem

144 5557 362 5629 putavit
387 5557 712 5615 habendam
754 5573 877 5614 esse
920 5556 1363 5614 obtrectantium
1391 5557 1719 5629 linguarum
1748 5573 1836 5611 ra-

1937 442 2180 511 tionem,
2211 458 2383 514 quam
2407 442 2587 514 ipsius
2618 441 2874 497 utilitatis
2903 446 2959 496 et
2983 442 3219 510 fructus,
3247 460 3420 515 quem
3449 446 3631 500 Eccle-

1939 530 2037 586 siae
2066 547 2185 586 sum
2221 548 2326 602 per
2375 530 2753 586 ministerium
2801 531 3119 602 presbyteri
3157 548 3284 587 eam
3322 534 3634 589 erudientis

1940 620 2174 691 (quippe
2211 637 2340 675 cum
2368 637 2473 691 per
2502 636 2561 675 se
2593 619 2783 674 minus
2814 620 2873 674 id
2896 620 3107 691 posset)
3132 622 3497 691 procurabat.
3545 621 3635 677 Sic

1938 709 2312 779 Augustinus.
2344 713 2406 763 ut
2444 709 2677 774 lucerna
2705 709 2911 763 ardens
2940 713 2998 762 et
3024 708 3220 763 lucens
3248 725 3419 780 super
3448 710 3633 764 Eccle-

1940 797 2038 851 size
2077 797 2481 852 candelabrum
2523 796 2728 868 posita,
2763 796 3028 851 omnibus
3073 797 3173 868 qui
3217 796 3279 851 in
3332 797 3503 852 domo
3535 798 3636 853 Dei

1941 890 2123 955 erant,
2150 885 2423 939 doctrinm
2453 901 2570 939 suae
2596 884 2769 939 radiis
2791 884 3081 941 illucebat.
3111 886 3253 940 Cum
3269 890 3460 940 autem
3481 887 3634 941 fama

1941 989 2230 1029 sacrarum
2275 974 2638 1039 concionum,
2665 989 2808 1044 quas
2839 973 2910 1027 ad
2943 973 3338 1044 Hipponenses
3366 974 3632 1042 habebat,

1939 1062 2109 1133 longe
2153 1062 2379 1133 lateque
2420 1061 2857 1127 diffunderetur,
2904 1062 3196 1115 nonnullas
3240 1062 3499 1117 Ecclesiae
3529 1063 3633 1117 bo-

1939 1166 2084 1205 num
2104 1152 2430 1221 exemplum
2448 1155 2655 1205 secutae
2685 1153 2836 1211 sunt,
2869 1154 2933 1202 ut
2955 1149 3017 1203 in
3041 1149 3111 1203 iis
3136 1150 3470 1221 presbyteri,
3492 1151 3637 1206 facta

1938 1238 2047 1292 sibi
2076 1240 2147 1292 ab
2179 1239 2447 1309 episcopo
2487 1255 2589 1292 suo
2628 1243 2929 1309 potestate,
2959 1254 3151 1292 coram
3180 1254 3246 1292 eo
3278 1239 3513 1293 verbum
3546 1258 3637 1294 sa-

1938 1326 2075 1380 lutis
2105 1330 2348 1380 tractare
2368 1326 2703 1397 inciperent.
2731 1327 2921 1380 Exstat
2939 1326 3224 1397 hodieque
3253 1326 3557 1397 Augustini
3580 1333 3638 1382 et

1937 1413 2127 1485 Alypii
2141 1416 2263 1485 jam
2293 1414 2689 1485 episcoporum
2722 1414 2960 1485 epistola
2987 1414 3057 1468 ad
3089 1415 3386 1468 Aurelium
3413 1415 3639 1469 Cartha-

1937 1503 2258 1573 ginensem,
2288 1503 2381 1557 cui
2409 1504 2481 1557 ob
2505 1503 2651 1557 hanc
2671 1503 2961 1573 praecipue
2989 1518 3222 1556 causam
3250 1504 3634 1573 gratulantur,

1939 1590 2091 1660 quod
2121 1590 2465 1661 presbyteris
2495 1606 2553 1644 se
2582 1593 2862 1661 praesente
2895 1606 3221 1644 sermonem
3251 1590 3323 1647 ad
3352 1592 3633 1661 populum

1938 1677 2148 1732 habere
2171 1678 2295 1749 jam
2324 1678 2572 1749 primum
2605 1678 2962 1748 permitteret
2991 1679 3182 1748 (Epist.
3209 1679 3299 1744 41,
3320 1694 3376 1732 n.
3415 1678 3482 1747 1).
3511 1680 3639 1734 Haec

1937 1765 2194 1836 epistola,
2228 1771 2288 1820 ut
2323 1766 2566 1833 videtur,
2612 1766 2899 1836 prioribus
2929 1765 3094 1819 annis
3125 1766 3483 1835 episcopatus
3512 1768 3631 1820 Au-

1939 1854 2153 1924 gustini
2173 1854 2494 1926 conscripta
2526 1859 2628 1908 est.
2651 1854 3002 1924 Augustinus
3026 1852 3150 1923 ipse
3179 1858 3306 1923 post
3335 1853 3510 1909 ﬁnem
3548 1855 3637 1910 sui

1937 1941 2243 2012 aliquando
2276 1942 2570 2010 sermonis,
2606 1942 2889 2013 populum
2919 1942 3249 1995 cohortatus
3278 1947 3387 2011 est,
3423 1946 3483 1996 ut
3507 1959 3628 2013 pre-

1937 2029 2194 2100 sbyteros
2222 2035 2350 2101 post
2392 2046 2452 2084 se
2498 2030 2669 2084 verba
2711 2030 2810 2084 Dei
2841 2028 3261 2083 ministraturos
3290 2030 3487 2085 audire
3516 2046 3633 2085 non

1938 2117 2165 2189 pigeret
2194 2119 2382 2188 (Serm.
2414 2120 2505 2184 20,
2536 2134 2593 2171 n.
2628 2117 2711 2188 5).

2626 2206 2852 2260 CAPUT
2892 2206 2957 2260 V.

1942 2299 1961 2351 1
1997 2297 2384 2351 Monasterium
2412 2297 2657 2364 Hippone
2688 2296 2985 2349 constituit.
3018 2297 3052 2350 2
3081 2297 3155 2349 De
3183 2295 3296 2364 ejus
3316 2295 3628 2364 discipulis.

2010 2387 2040 2438 3
2070 2387 2158 2439 Ea:
2186 2385 2252 2437 iis
2300 2386 2480 2452 plures
2529 2382 2603 2437 ad
2647 2383 3012 2452 episcopatum
3060 2382 3345 2450 assumpti.
3380 2384 3409 2433 4
3442 2382 3636 2435 Mona-

2009 2475 2147 2526 stica
2182 2472 2299 2525 vita
2335 2471 2636 2536 Augustini
2670 2470 2850 2524 studio
2884 2486 2984 2538 per
3016 2471 3271 2535 Africam
3301 2474 3629 2539 propagata.

2010 2564 2040 2614 5
2072 2560 2450 2615 Monachorum
2477 2560 2833 2628 quorumdam
2865 2574 2931 2611 ca:
2961 2574 3179 2613 suorum
3210 2574 3427 2612 numero
3452 2559 3636 2627 lapsus

2011 2664 2172 2716 quam
2199 2651 2442 2716 graviter
2469 2649 2612 2702 tulit.
2639 2650 2670 2701 6
2701 2651 3042 2702 Demonstrat
3061 2649 3208 2716 efﬁci
3247 2662 3351 2701 non
3376 2661 3531 2716 posse
3578 2651 3638 2701 ut

2009 2740 2307 2790 monastica
2332 2738 2599 2804 professio
2618 2736 2793 2789 nullos
2821 2735 2971 2789 bonis
2993 2736 3160 2788 malos
3186 2737 3384 2789 mixtos
3415 2735 3632 2790 habeat.

2008 2828 2039 2876 7
2069 2826 2270 2892 Inﬁma?
2298 2826 2458 2877 sortis
2491 2824 2726 2877 homines
2755 2823 2829 2876 ad
2857 2838 2974 2876 eam
3002 2822 3225 2876 admitti
3244 2823 3419 2890 jubet,
3460 2838 3630 2890 neque

2011 2913 2271 2966 divitibus
2301 2912 2520 2965 admitti
2547 2911 2883 2979 cupientibus
2925 2910 3118 2964 haberi
3142 2912 3374 2963 minores
3404 2912 3637 2977 gratias,

2010 3015 2129 3054 cum
2157 2999 2379 3053 ubilibet
2407 3001 2605 3065 egenis,
2638 3014 2801 3068 quam
2830 3014 2949 3051 cum
2978 2999 3301 3051 monasterio
3332 3012 3459 3052 suas
3486 2997 3645 3051 dede-

2011 3091 2126 3143 rint
2147 3088 2454 3155 facultates.
2492 3090 2522 3140 8
2552 3090 2626 3141 De
2655 3086 3155 3149 sanctimonialibus
3196 3085 3643 3156 Hipponensibus

2010 3178 2300 3231 communis
2330 3179 2453 3230 vitae
2477 3176 2790 3229 institutum
2810 3176 2867 3228 in
2894 3175 3219 3229 monasterio
3248 3189 3352 3244 per
3380 3190 3499 3229 eum
3527 3190 3641 3228 ere-

2011 3268 2093 3318 cto
2122 3265 2410 3333 professis.

2016 3356 2063 3407 1.
2099 3352 2212 3406 Etsi
2234 3351 2559 3406 faustusille
2591 3350 3107 3407 diesordinationis
3135 3350 3257 3421 ejus
3281 3350 3456 3405 vitam
3472 3350 3641 3405 aliam

1941 3441 2169 3507 afferre,
2188 3446 2361 3511 atque
2389 3440 2532 3495 alios
2552 3456 2741 3495 mores
2759 3438 3079 3511 presbyteri
3108 3439 3326 3511 gradus
3356 3440 3645 3510 postulare

1943 3528 2201 3583 videatur
2233 3530 2401 3600 (quod
2430 3529 2738 3584 Martianus
2770 3529 2956 3584 amico
2988 3545 3090 3583 suo
3120 3545 3189 3583 ea
3212 3527 3449 3582 forsitan
3479 3544 3637 3581 occa-

1941 3614 2121 3681 sione,
2149 3615 2207 3670 id
2236 3620 2339 3681 est,
2382 3617 2681 3685 Tagastam
2708 3615 2854 3670 forte
2892 3631 3118 3669 reverso
3162 3619 3292 3685 post
3333 3613 3643 3668 ordinatio-

1944 3719 2088 3764 nem,
2137 3708 2307 3775 atque
2363 3703 2495 3758 inde
2545 3704 2862 3775 Hipponem
2920 3704 3245 3774 profecturo
3296 3703 3646 3773 suggerebat

1946 3794 2152 3863 [Epist.
2185 3796 2309 3858 258,
2343 3810 2399 3846 η.
2432 3794 2536 3863 5]);
2582 3794 2650 3848 de
2691 3792 3037 3847 monasterio
3065 3792 3438 3847 nihilominus
3469 3808 3641 3863 quam

1941 3880 2191 3952 primum
2222 3881 2620 3935 constituendo
2645 3881 2859 3952 cogitat
2881 3880 2975 3934 Vir
2996 3886 3241 3945 sanctus,
3258 3879 3356 3937 ubi
3375 3896 3505 3934 cum
3539 3880 3638 3933 Dei

1941 3968 2116 4045 servis
2140 3972 2468 4023 constanter
2504 3969 2722 4023 humile
2767 3972 2822 4023 et
2851 3968 3133 4039 abjectum
3179 3966 3404 4021 vivendi
3460 3983 3643 4037 genus

1942 4061 2135 4111 tenere
2156 4062 2378 4127 pergat.
2406 4057 2528 4121 Quo
2559 4056 2791 4128 quidem
2822 4060 3118 4127 comperto
3147 4054 3402 4109 Valerius
3432 4055 3646 4125 episco~

1943 4162 2047 4216 pus
2072 4146 2218 4200 votis
2238 4144 2390 4199 illius
2420 4145 2835 4211 obsecundans,
2867 4145 3097 4199 hortum
3120 4143 3230 4214 ipsi
3264 4144 3410 4197 hanc
3431 4141 3493 4196 in
3521 4159 3642 4197 rem

1940 4233 2237 4288 concessit.
2280 4233 2343 4288 ld
2376 4233 2434 4288 in
2464 4233 2692 4304 publica
2716 4233 2989 4288 concione
3018 4232 3169 4303 plebi
3192 4249 3307 4286 suae
3335 4235 3532 4286 narrat
3560 4231 3645 4286 di-

1943 4319 2106 4375 cendi
2131 4321 2304 4377 modo
2335 4337 2614 4392 perquam
2644 4320 2936 4389 familiari,
2962 4337 3027 4374 ac
3057 4319 3258 4375 ordine
3291 4335 3484 4373 rerum
3513 4323 3640 4373 tan-

1942 4409 2118 4481 tisper
2143 4411 2431 4481 neglecto;
2458 4410 2609 4465 unde
2631 4408 2924 4464 nonnullis
2946 4408 3077 4463 data
3090 4407 3308 4463 occasio
3329 4407 3640 4474 asserendi,

1943 4515 2074 4552 eum
2115 4504 2418 4570 postquam
2448 4498 2590 4553 illud
2618 4498 2749 4552 vitae
2775 4513 2957 4567 genus
2976 4497 3131 4567 apud
3152 4497 3451 4565 Tagastam
3482 4512 3641 4549 exco-

1941 4588 2147 4653 luerat,
2171 4603 2290 4640 sese
2319 4585 2650 4640 monasterii
2670 4584 2926 4656 erigendi
2955 4583 3137 4656 gratia
3167 4583 3488 4655 Hipponem
3509 4600 3644 4638 con-

1944 4673 2159 4740 tulisse,
2191 4673 2328 4745 quia
2351 4673 2607 4728 nondum
2631 4674 2863 4745 aliquod
2882 4672 2952 4727 ab
2974 4689 3041 4726 eo
3073 4671 3414 4727 instructum
3439 4671 3639 4726 fuisset

1944 4762 2352 4815 monasterium
2401 4763 2706 4829 (Baronius,
2739 4762 2813 4815 ad
2859 4777 2988 4815 ann.
3023 4764 3148 4826 39l,
3186 4777 3244 4814 η.
3284 4762 3398 4828 24).
3431 4762 3503 4815 At
3527 4759 3648 4815 veri

1943 4865 2061 4902 non
2090 4847 2312 4902 videtur
2358 4848 2563 4914 simile,
2595 4853 2650 4902 et
2687 4865 2817 4902 eum
2857 4847 3082 4902 circiter
3110 4851 3224 4902 tres
3255 4864 3435 4901 annos
3463 4847 3521 4901 in
3554 4864 3641 4901 se-

1943 4955 2106 4993 cessu
2133 4937 2463 4992 monasticae
2485 4937 2616 4992 vitae
2646 4937 2927 4992 exercitiis
2955 4953 3087 4991 cum
3119 4936 3293 4990 servis
3324 4936 3425 4991 Dei
3448 4953 3651 4991 vacan-

1942 5033 2055 5082 tem
2079 5026 2327 5081 caruisse
2358 5026 2723 5091 monasterio,
2754 5030 2811 5080 et
2838 5025 2981 5079 illud
2997 5026 3339 5096 Tagastense
3363 5029 3646 5078 monaste-

1945 5116 2117 5178 rium,
2176 5114 2335 5183 cujus
2383 5113 2585 5169 incolis
2634 5130 2785 5168 anno
2833 5113 3232 5168 trecentesimo
3264 5110 3636 5182 nonagesimo

1946 5207 2148 5275 quarto
2176 5204 2416 5258 salutem
2448 5208 2708 5274 precatus
2737 5207 2821 5258 est
2851 5202 3122 5257 Paulinus
3150 5199 3329 5272 (apud
3375 5201 3633 5265 August.,

1946 5294 2119 5361 Epist.
2171 5293 2260 5360 24,
2290 5308 2347 5346 n.
2376 5292 2452 5362 6),
2502 5292 2702 5364 quovis
2748 5291 2856 5346 alio
2888 5291 3078 5362 potius
3118 5304 3290 5360 quam
3320 5287 3642 5355 Augustino

1947 5379 2249 5434 fundatore
2275 5385 2554 5435 erectum.
2594 5379 2684 5434 Sic
2710 5395 2847 5449 ergo
2873 5377 3150 5448 legendus
3181 5373 3551 5443 Augustinus,
3584 5378 3649 5427 ut

1947 5468 2100 5539 quod
2131 5468 2210 5523 ait
2242 5483 2255 5522 :
2280 5471 2392 5535 Ego
2420 5483 2575 5538 quem
2600 5470 2702 5523 Deo
2729 5468 2968 5538 propitio
2995 5464 3190 5518 videtis
3219 5463 3525 5531 episcopum
3552 5477 3647 5515 ve—

1947 5559 2142 5620 strum,
2170 5557 2386 5626 juvenis
2416 5558 2538 5611 veni
2553 5554 2627 5610 ad
2646 5557 2808 5610 istam
2836 5554 3125 5616 civitatem,
3149 5553 3209 5604 ut
3228 5547 3386 5603 multi
3413 5552 3649 5605 vestrum
