4060 6372
454 314 522 365 75
1654 308 1811 362 'v'lTA
1847 307 1904 362 S.
1945 306 2317 362 AUGUSTINI
2359 304 2689 361 EPISCOPI.

417 440 700 492 noverunt.
755 435 1071 501 Quaerebam
1114 433 1211 488 ubi
1235 435 1611 488 constituerem
1636 434 2042 501 monasterium,
2071 435 2121 486 et

416 529 649 581 viverem
669 540 790 580 cum
807 523 1080 590 fratribus
1096 524 1256 593 meis;
1283 527 1415 593 post
1432 521 1771 593 praedictum
1792 521 1952 586 illud,
1974 522 2123 589 Qua-

418 614 623 679 rebam,
653 611 845 667 animo
880 612 1164 683 suppleas,
1194 626 1313 666 cum
1340 612 1480 666 mihi
1499 611 1621 681 jam
1644 611 1956 681 presbytero
1976 613 2121 680 Hip—

415 704 642 773 ponensi
680 704 739 755 in
779 702 880 755 hac
928 702 1149 755 civitate
1185 699 1514 754 manendum
1542 702 1680 754 esset
1710 715 1724 754 :
1754 714 2004 770 moxque
2033 697 2122 753 his

418 807 549 863 quae
572 790 835 862 proxime
864 792 1187 860 sequuntur
1209 804 1315 859 per
1339 788 1733 860 parenthesim
1754 784 2121 858 sejunctis,ad

419 879 716 950 superiora
737 882 1004 933 annectas
1036 893 1052 931 :
1076 880 1149 933 Et
1176 880 1311 948 quia
1339 872 1434 933 hoc
1455 877 1823 948 disponebam,
1849 878 1907 931 in
1935 890 2124 930 mona-

418 970 583 1022 sterio
612 983 721 1022 esse
749 982 869 1022 cum
904 966 1198 1035 fratribus,
1248 969 1460 1034 cognito
1493 968 1743 1021 instituto
1771 970 1823 1021 et
1849 966 2123 1020 voluntate

417 1071 554 1125 mea,
589 1056 754 1111 beata:
780 1056 1049 1110 memorie
1078 1070 1241 1111 senes:
1276 1056 1529 1112 Valerius
1565 1055 1718 1110 dedit
1747 1055 1885 1109 mihi
1907 1054 2122 1108 hortum

417 1145 593 1213 illum,
620 1146 680 1197 in
706 1158 810 1213 quo
840 1160 982 1198 nunc
999 1148 1077 1198 est
1097 1146 1500 1199 monasterium.
1530 1144 1677 1213 ϐαερί
1705 1144 1829 1197 boni
1851 1141 2125 1213 propositi

415 1234 626 1299 fratres
654 1233 924 1299 colligere,
964 1246 1238 1301 compares
1271 1247 1431 1293 meos,
1474 1232 1615 1286 nihil
1652 1231 1923 1299 habentes,
1981 1232 2121 1285 sicut

333 1323 342 1355 τ
417 1322 560 1376 nihil
589 1321 868 1389 habebam,
894 1325 945 1376 et
967 1322 1240 1375 imitantes
1262 1336 1344 1375 me
1370 1336 1384 1374 :
1413 1325 1473 1375 ut
1500 1320 1760 1390 quomodo
1789 1335 1882 1388 ego
1914 1323 2120 1374 tenuem

412 1411 860 1480 paupertatulam
888 1425 1061 1464 meam
1079 1408 1325 1475 vendidi,
1343 1412 1393 1463 et
1408 1408 1746 1479 pauperibus
1776 1408 2012 1475 erogavi,
2041 1409 2119 1462 sic

416 1499 659 1564 facerent
687 1501 738 1552 et
761 1498 849 1553 illi
868 1499 1181 1567 quimecum
1208 1512 1319 1552 esse
1346 1497 1658 1564 voluissent,
1688 1500 1749 1551 ut
1770 1497 1836 1551 de
1854 1498 2121 1550 communi

416 1588 744 1653 viveremus;
776 1600 1049 1641 commune
1066 1589 1245 1639 autem
1263 1585 1418 1640 nobis
1439 1590 1574 1640 esset
1599 1601 1857 1653 magnum
1882 1588 1932 1638 et
1960 1585 2117 1638 uber-

413 1676 616 1729 rimum
653 1674 929 1744 praedium
956 1676 1071 1744 ipse
1097 1676 1238 1729 Deus
1290 1674 1479 1743 (Serm.
1523 1677 1647 1743 355,
1678 1690 1740 1729 n.
1779 1672 1852 1743 2).
1885 1672 1975 1728 Sic
2004 1689 2118 1727 una

416 1778 546 1817 cum
570 1762 745 1817 servis
776 1761 897 1826 Dei,
928 1777 1071 1833 quos
1099 1766 1563 1834 congregaverat,
1599 1762 1752 1817 idem
1776 1761 1908 1816 vitae
1938 1778 2119 1833 genus

413 1851 776 1923 sequebatur,
810 1850 966 1922 quod
1015 1849 1382 1922 Jerosolymis
1411 1851 1815 1921 Apostolorum
1842 1850 2115 1921 tempori—

413 1940 521 1995 bus
548 1938 722 2010 primi
768 1939 1243 1994 consectabantur
1268 1939 1611 2007 Christiani;
1644 1939 1815 2011 quale
1847 1938 2011 1994 nobis
2055 1938 2117 1993 in

413 2027 565 2083 Actis
592 2028 997 2099 Apostolorum
1026 2027 1347 2095 exhibetur,
1380 2031 1436 2082 et
1464 2027 1620 2099 quod
1652 2027 1774 2099 ipse
1797 2027 1983 2082 adhuc
2011 2025 2116 2081 lai-

412 2133 513 2171 cus
541 2117 727 2172 colere
752 2117 873 2188 jam
900 2120 1167 2188 coeperat.
1192 2115 1577 2188 Hipponensis
1600 2116 1758 2171 illius
1780 2113 2118 2170 monasterii

415 2204 762 2261 creationem
800 2209 959 2260 notat
1010 2203 1297 2259 Possidius
1339 2203 1429 2259 his
1478 2203 1666 2259 verbis
1717 2220 1731 2259 :
1769 2206 1963 2260 Factus
1991 2219 2115 2271 ergo

413 2293 697 2364 presbyter
724 2295 1109 2348 monasterium
1134 2295 1286 2348 intra
1312 2293 1584 2348 ecclesiam
1610 2308 1737 2348 more
1764 2294 2035 2363 instituit;
2066 2297 2116 2346 et

415 2398 537 2437 cum
565 2385 663 2437 Dei
690 2384 858 2437 servis
885 2384 1067 2438 vivere
1080 2384 1239 2452 coepit
1253 2382 1544 2437 secundum
1571 2382 1787 2437 modum
1806 2386 1857 2436 et
1873 2383 2115 2449 regulam

414 2472 514 2527 sub
539 2474 740 2527 sanctis
763 2472 1040 2541 Apostolis
1055 2473 1401 2527 constitutam
1423 2473 1691 2526 :mamime
1712 2476 1933 2526 utnemo
1954 2471 2115 2541 quid-

413 2576 576 2631 quam
604 2560 891 2629 proprium
933 2563 991 2613 in
1027 2560 1129 2614 illa
1155 2562 1404 2615 societate
1432 2560 1667 2627 haberet,
1706 2560 1801 2615 sed
1837 2562 1914 2615 eis
1946 2564 2116 2614 essent

411 2650 595 2704 omnia
616 2648 943 2716 communia,
977 2652 1028 2702 et
1054 2647 1474 2703 distribueretur
1497 2649 1787 2718 unicuique
1815 2648 1954 2702 sicul
1981 2663 2113 2718 opus

412 2740 561 2804 erat;
610 2735 754 2806 quod
774 2736 896 2806 jam
925 2739 1042 2806 ipse
1068 2738 1223 2806 prior
1242 2737 1466 2803 fecerat,
1487 2736 1616 2791 dum
1635 2736 1701 2791 de
1727 2738 2113 2792 transmarinis

410 2825 487 2880 ad
530 2840 632 2880 sua
668 2829 953 2880 remeasset
983 2824 1303 2897 (Possidius,
1335 2827 1395 2880 in
1438 2827 1568 2882 Vita
1593 2825 1916 2895 Augustini,
1958 2840 2003 2880 c.
2033 2824 2107 2894 5).

409 2914 746 2970 C(enobium
791 2914 944 2970 istud
990 2914 1144 2970 intra
1181 2914 1475 2970 ecclesiam
1506 2913 1679 2969 fuisse
1709 2913 1905 2969 scribit
1937 2913 2108 2968 Possi-

409 3001 558 3070 dius,
592 3001 664 3057 ob
695 3018 824 3057 eam
852 3002 1106 3058 fortassis
1137 3019 1389 3075 causam,
1419 3003 1572 3076 quod
1601 3003 1804 3058 hortus
1832 3005 1866 3056 ἐι
1888 3001 2109 3057 Valerio

404 3090 494 3146 illi
522 3107 823 3147 concessus
852 3092 922 3147 ad
968 3092 1269 3147 ecclesiam
1298 3092 1730 3164 Hipponensem
1770 3090 2108 3162 pertineret,

406 3182 466 3233 et
491 3178 625 3233 huic
644 3178 818 3234 etiam
846 3178 993 3233 foret
1018 3179 1336 3250 proximus.
1372 3182 1516 3235 Nam
1545 3179 1695 3250 quod
1717 3179 1778 3233 in
1799 3178 2110 3250 episcopali

407 3267 582 3323 domo
613 3268 796 3346 erexit
819 3268 1255 3337 monasterium,
1287 3268 1444 3324 aliud
1464 3272 1639 3324 erata
1669 3267 1982 3340 superiori;
2005 3285 2110 3324 nec

408 3355 563 3411 istud
591 3355 701 3411 nisi
726 3357 847 3428 jam
866 3357 1165 3429 episcopus
1187 3362 1410 3413 creatus
1440 3356 1612 3428 ccepit
1631 3362 1941 3413 exstruere.
1974 3358 2107 3412 Pos-

408 3442 621 3499 sidiam
667 3444 788 3500 haec
825 3444 939 3500 duo
974 3445 1231 3501 coenobia
1254 3445 1577 3501 confudisse
1605 3445 1802 3501 scribit
1831 3445 2108 3501 Baronius

407 3532 722 3604 (Baronius,
761 3532 836 3588 ad
864 3549 1067 3589 annum
1110 3536 1235 3605 391,
1260 3551 1326 3592 n.
1379 3539 1491 3606 25),
1524 3535 1679 3607 quod
1702 3539 1897 3590 tamen
1922 3534 2105 3590 credi-

403 3619 520 3675 bile
549 3636 665 3675 non
693 3621 946 3689 videtur;
980 3637 1083 3677 nec
1110 3626 1197 3677 est
1224 3622 1376 3694 quod
1406 3638 1508 3677 nos
1537 3626 1703 3694 cogat
1738 3621 1797 3677 id
1830 3639 2101 3678 asserere.

403 3709 637 3765 Aurelio
685 3710 1218 3783 Carthaginensium
1247 3711 1513 3784 episcopo
1543 3711 1894 3783 Augustinus
1923 3711 2106 3767 adhuc

403 3799 701 3871 presbyter
732 3799 944 3872 gratias
991 3799 1130 3872 agit,
1179 3800 1335 3872 quod
1364 3801 1487 3873 ejus
1516 3803 1574 3856 et
1602 3800 1752 3877 curis
1783 3804 1840 3856 et
1863 3799 2103 3856 muniﬁ-

401 3886 587 3942 centia
613 3887 899 3960 praedium
936 3888 1173 3961 aliquod
1201 3888 1399 3945 datum
1429 3893 1578 3945 esset
1603 3888 1875 3945 fratribus
1904 3890 2098 3961 (Epist.

401 3979 487 4043 22,
529 3995 585 4033 η.
626 3978 679 4049 9)
723 3995 737 4034 :
769 3994 882 4051 quo
913 3978 1148 4033 nomine
1180 3977 1591 4050 intelligendus
1618 3978 1776 4033 venit
1803 3979 1894 4033 vel
1920 3979 2103 4050 Taga-

401 4066 604 4121 stensis
631 4070 825 4132 coetus,
868 4067 959 4121 vel
990 4066 1399 4139 Hipponensis;
1438 4083 1574 4122 nam
1604 4083 1736 4122 cum
1762 4071 2005 4139 uterque
2030 4067 2101 4120 ab

398 4154 719 4226 Augustino
765 4160 1143 4226 congregatus
1172 4159 1340 4222 esset,
1386 4155 1458 4210 ad
1488 4155 1612 4227 ejus
1640 4170 1870 4227 quoque
1899 4170 2094 4209 curam

398 4247 643 4315 uterque
670 4243 1097 4315 quodammodo
1136 4242 1481 4314 pertinebat.
1523 4244 1693 4299 Illum
1722 4260 1860 4316 ergo
1890 4247 2099 4315 emtum

397 4330 643 4386 fratrum
670 4346 1034 4401 summopere
1064 4331 1391 4387 devinctum
1422 4347 1544 4387 esse
1573 4331 1709 4387 dicit
1749 4332 1969 4387 Aurelii
1997 4332 2098 4388 be-

397 4417 623 4486 neﬁcio,
678 4418 777 4491 qui
806 4418 923 4474 suis
964 4417 1179 4474 scilicet
1217 4434 1354 4490 erga
1392 4435 1527 4474 eum
1569 4419 1721 4474 curis
1751 4419 2097 4488 ostenderet,

398 4511 677 4580 quantum
707 4507 792 4562 illi
819 4506 1025 4580 spiritu
1045 4508 1510 4580 coniungeretur,
1541 4524 1575 4563 a
1600 4524 1715 4581 quo
1746 4507 1921 4564 tantis
1949 4509 2098 4564 loco-

394 4610 527 4651 rum
557 4594 873 4667 disjunctus
902 4599 1049 4651 esset
1072 4594 1405 4651 intervallis.

466 4687 519 4739 2.
554 4684 753 4739 Nullus
779 4683 841 4739 in
869 4684 1109 4741 dubium
1151 4688 1333 4752 vocat,
1372 4683 1514 4756 quin
1566 4683 1824 4757 Alypius,
1857 4685 2095 4740 Severus

396 4776 455 4828 et
484 4771 727 4828 Evodius
763 4760 1085 4845 Augustino
1117 4773 1302 4829 adhuc
1329 4773 1473 4829 laico
1502 4777 1622 4829 tam
1650 4778 1819 4830 arcta:
1848 4774 2092 4830 necessi-

392 4860 607 4916 tudinis
651 4860 878 4918 vinculo
922 4863 1155 4933 astricti,
1194 4862 1329 4918 huic
1356 4867 1563 4918 sanctae
1594 4864 1848 4920 societati
1879 4880 2094 4919 nomen

394 4948 676 5006 dederint.
708 4952 835 5023 Ipse
863 4952 1127 5007 Aurelius
1147 4952 1614 5024 Carthaginensis
1636 4952 1960 5025 Augustino
1990 4968 2094 5025 per

391 5039 607 5095 litteras
662 5040 1076 5111 gratulabatur,
1106 5041 1265 5113 quod
1306 5041 1368 5096 in
1412 5041 1535 5112 ejus
1596 5043 1998 5113 conjunctione
2026 5058 2091 5096 ac

392 5127 658 5185 societate
703 5128 1006 5185 mansisset
1049 5129 1307 5202 Alypius,
1337 5134 1404 5185 ut
1448 5131 1707 5202 exemplo
1737 5134 1885 5187 esset
1926 5147 2091 5185 curas

389 5217 584 5274 seculi
640 5217 819 5273 vitare
871 5218 1232 5291 cupientibus
1286 5219 1483 5291 (Ibid.,
1540 5235 1605 5275 n.
1690 5219 1764 5289 1).
1818 5218 2088 5290 Augusti-

390 5322 497 5361 nus
525 5306 587 5362 in
617 5307 839 5363 duobus
867 5305 1281 5378 posterioribus
1310 5307 1472 5363 libris
1491 5307 1561 5363 de
1583 5306 1783 5362 Libero
1810 5308 2087 5376 Arbitrio,

390 5411 531 5467 quos
576 5396 748 5469 paulo
793 5400 927 5451 ante
956 5394 1345 5469 episcopatum
1373 5412 1541 5452 suum
1567 5396 1920 5468 conscripsit,
1949 5397 2087 5452 Evo-

390 5484 551 5539 dium
597 5502 790 5541 secum
841 5485 1178 5558 loquentem
1230 5485 1473 5551 inducit,
1514 5484 1999 5557 quemadmodum
2026 5485 2089 5553 in

389 5571 600 5642 priore,
635 5590 807 5646 quem
858 5575 1056 5630 Romae
1082 5579 1500 5647 composuerat.
1529 5572 1829 5630 Enimvero
1861 5577 2082 5630 constat

3849 315 3945 366 176

2232 428 2509 484 Evodium
2536 428 2598 483 in
2626 428 2973 484 monasterio
2996 429 3219 502 degissc
3251 432 3447 503 (Epist.
3468 435 3591 499 158,
3620 447 3679 488 η.
3709 432 3817 502 11),
3842 449 3948 487 nec

2227 519 2515 574 habitasse
2541 519 2739 590 procul
2767 518 3029 590 Hippone
3052 536 3065 575 :
3091 519 3352 576 videlicet
3369 537 3504 577 casu
3523 523 3783 594 quodam
3812 539 3945 578 cum

2231 607 2600 662 Proculeiano
2626 607 2957 663 Donatianm
2986 609 3163 680 partis
3191 610 3460 682 episcopo
3492 610 3856 683 Hipponensi
3884 612 3946 666 in

2230 712 2409 752 unam
2458 697 2695 751 domum
2724 696 3091 763 conveniens,
3138 699 3577 755 collocationem
3633 717 3771 755 cum
3818 700 3943 773 ipso

2230 784 2452 852 habuit,
2503 784 2961 857 sententiamque
2999 786 3184 857 ipsius
3228 791 3285 842 et
3328 792 3584 843 mentem
3614 786 3942 860 Augustino

2230 873 2471 929 subinde
2518 872 2783 929 indicavit
2824 875 3020 945 (Epist.
3073 878 3161 944 33,
3220 892 3275 930 n.
3332 877 3414 947 2).
3477 877 3771 933 Possidius
3816 894 3944 949 per-

2231 962 2468 1019 illustris
2517 961 2815 1034 episcopus
2858 962 3225 1032 Calamensis,
3279 965 3382 1037 qui
3424 965 3735 1038 Augustini
3779 972 3945 1038 gesta

2230 1050 2529 1106 memorias
2554 1052 2824 1123 prodidit,
2855 1052 2917 1107 in
2945 1052 3150 1124 primis
3176 1053 3329 1108 haud
3352 1053 3526 1110 dubie
3554 1055 3615 1110 in
3648 1054 3776 1127 ejus
3825 1072 3945 1110 mo~

2231 1138 2546 1194 uastarium
2593 1157 2652 1195 se
2694 1140 2936 1211 recepit;
2980 1158 3112 1197 cum
3158 1143 3281 1214 ejus
3331 1161 3390 1198 se
3442 1144 3707 1200 charitati
3760 1161 3942 1218 quam

2230 1226 2497 1297 plurimis
2537 1228 2701 1283 annis
2745 1229 3059 1298 inhaesisse,
3097 1236 3268 1304 atque
3300 1232 3361 1287 in
3402 1233 3558 1289 illius
3583 1233 3855 1290 societate
3884 1240 3943 1289 et

2230 1316 2481 1371 amicitia
2510 1316 2765 1388 jucunde
2800 1335 2865 1373 ac
2893 1319 3272 1387 familiariter,
3303 1322 3446 1377 citra
3468 1323 3648 1377 ullam
3676 1339 3939 1378 amaram

2230 1402 2662 1474 dissensionem,
2711 1406 2876 1462 annis
2913 1408 3092 1464 ferme
3130 1410 3510 1482 quadraginta
3539 1411 3748 1468 vixisse
3779 1429 3938 1467 com-

2228 1498 2507 1549 memoret
2525 1494 2789 1566 (Possid.,
2809 1498 2868 1551 in
2895 1500 3024 1553 Vita
3041 1499 3211 1568 Aug.,
3235 1501 3479 1569 Praefat.,
3503 1505 3619 1556 etc.
3641 1502 3753 1572 31).
3785 1502 3939 1572 Ipse-

2227 1586 2346 1636 met
2372 1583 2737 1654 Augustinus
2765 1586 2959 1641 scribit
2989 1603 3122 1642 eum
3152 1604 3255 1643 suo
3294 1588 3617 1644 ministerio
3644 1590 3935 1645 nutritum

2227 1667 2422 1736 fuisse,
2438 1685 2552 1724 non
2581 1669 2781 1725 litteris
2792 1672 3025 1743 quidem
3045 1672 3181 1743 illis,
3200 1690 3341 1746 quas
3367 1675 3675 1731 libidinum
3695 1693 3935 1732 suarum

2228 1756 2377 1811 servi
2410 1757 2674 1812 liberales
2715 1764 3069 1832 nuncupant,
3108 1762 3206 1817 sed
3250 1763 3546 1818 Dominico
3591 1781 3741 1836 pane
3782 1766 3935 1821 cibo-

2228 1861 2340 1917 que
2370 1845 2604 1912 caelesti,
2645 1852 2902 1917 quantus;
2938 1849 3144 1921 inquit,
3173 1853 3223 1905 ei
3245 1854 3424 1921 potuit
3449 1868 3547 1923 per
3574 1859 3789 1909 nostras
3829 1871 3931 1909 an-

2226 1937 2436 2001 gustias
2468 1935 2778 2005 dispensari
2819 1937 3021 2009 (Epist.
3070 1942 3189 2009 101,
3239 1957 3297 1996 n.
3346 1940 3416 2012 1).
3465 1942 3728 1997 Testatur
3772 1943 3929 1999 idem

2228 2022 2313 2076 vir
2355 2022 2478 2091 Dei,
2507 2024 2786 2095 profuisse
2835 2041 2894 2080 se
2934 2027 3235 2083 conatibus
3276 2028 3395 2084 suis
3424 2029 3587 2085 fratri
3616 2031 3929 2088 Profuturo

2229 2110 2422 2181 (Epist.
2448 2114 2539 2181 28,
2567 2128 2632 2167 n.
2666 2112 2732 2182 1),
2766 2113 2868 2186 qui
2898 2115 2967 2170 ad
2999 2115 3314 2172 Cirtensem
3352 2118 3746 2191 episcopatum
3776 2137 3930 2177 anno

2226 2199 2427 2255 saltem
2456 2202 2851 2257 trecentesimo
2889 2204 3264 2277 nonagesimo
3312 2207 3514 2278 quinto
3555 2212 3782 2264 evectus
3818 2216 3925 2266 est.

2227 2288 2471 2344 Evodius
2512 2293 2704 2344 autem
2745 2291 2939 2347 scribit
2983 2293 3056 2348 ad
3087 2296 3466 2366 Augustinum
3495 2297 3564 2352 de
3599 2298 3928 2370 Profuturo,

2226 2377 2450 2432 Privato
2482 2383 2539 2433 et
2566 2379 2827 2448 Servilio,
2859 2381 2960 2452 qui
2989 2383 3168 2437 sancti
3189 2384 3297 2438 viri
3322 2385 3392 2440 de
3415 2387 3765 2442 monasterio
3785 2405 3929 2459 pra:-

2225 2471 2531 2532 cesserant,
2575 2471 2632 2521 et
2661 2484 2805 2539 quos
2843 2469 2952 2524 sibi
2981 2476 3110 2542 post
3136 2471 3359 2527 obitum
3386 2474 3607 2529 locutos
3632 2474 3811 2531 fuisse
3841 2495 3925 2531 as-

2224 2558 2445 2607 severat
2473 2556 2669 2624 (Epist.
2716 2558 2837 2624 158,
2885 2574 2945 2613 η.
3001 2558 3071 2628 9).
3121 2560 3378 2617 Meminit
3421 2563 3777 2633 Augustinus
3829 2581 3923 2620 cu-

2217 2641 2450 2712 jusdam
2483 2643 2693 2698 Privati
2735 2647 3025 2713 monachi,
3058 2648 3158 2720 qui
3187 2649 3438 2706 moriens
3467 2652 3685 2725 aliquot
3713 2653 3925 2709 solidos

2227 2745 2332 2800 per
2360 2730 2728 2788 donationem
2749 2733 2810 2789 in
2833 2736 3165 2809 quempiam
3182 2754 3300 2793 non
3321 2741 3697 2796 transtulerat
3719 2741 3919 2811 (Epist.

2225 2822 2315 2887 83,
2344 2835 2401 2874 n.
2451 2820 2524 2891 4).
2559 2821 2839 2890 Urbanus,
2871 2828 3070 2894 postea
3113 2825 3390 2882 Siccensis
3429 2827 3751 2900 episcopus,
3801 2830 3922 2885 fue-

2221 2911 2311 2962 rat
2359 2909 2656 2981 presbyter
2726 2911 3104 2983 Hipponensis
3168 2915 3505 2986 (Sermonum
3551 2920 3881 2986 Fragmenta
3904 2960 3920 2987 ,

2219 3011 2276 3051 n.
2305 2999 2325 3050 1
2352 2999 2527 3067 primi
2553 2999 2804 3072 fragm.)
2831 3001 3151 3058 Verisimile
3181 3020 3409 3077 quoque
3435 3010 3520 3061 est
3551 3007 3924 3079 Peregrinum

2220 3084 2575 3156 episcopum,
2603 3087 2769 3142 illum
2813 3088 3003 3161 ipsum
3033 3108 3154 3147 esse
3184 3092 3285 3165 qui
3312 3093 3619 3166 Augustini
3648 3095 3923 3152 diaconus

2219 3177 2351 3228 ante
2373 3174 2555 3231 fuerat
2585 3177 2788 3246 (Epist.
2831 3182 2952 3246 171,
2983 3184 3034 3235 et
3083 3184 3265 3252 Epist.
3311 3187 3432 3248 139,
3478 3202 3533 3240 n.
3563 3185 3639 3255 4).
3677 3186 3922 3241 Tantam

2218 3258 2574 3329 Augustinus
2619 3259 2729 3315 sibi
2775 3277 2906 3317 cum
2955 3263 3246 3321 Bonifacio
3276 3268 3620 3340 Cataquensi
3650 3270 3922 3341 episcopo

2215 3346 2694 3404 necessitudinem
2718 3349 2890 3406 fuisse
2915 3352 3129 3425 ubique
3168 3359 3408 3411 testatur
3436 3359 3634 3428 (Epist.
3666 3361 3756 3427 96,
3781 3375 3839 3414 η.
3860 3361 3917 3422 2,

2217 3438 2268 3489 et
2290 3437 2467 3506 Epist.
2497 3439 2584 3505 97,
2602 3453 2656 3493 η.
2683 3439 2764 3509 3),
2794 3444 2859 3495 ut
2877 3446 3026 3497 certe
3058 3443 3251 3516 colligi
3279 3445 3618 3518 possit,eum
3641 3463 3709 3502 ex
3739 3450 3920 3516 sancti

2216 3523 2335 3578 Viri
2374 3524 2548 3580 fuisse
2603 3526 2918 3599 discipulis.
2977 3530 3132 3587 Idem
3175 3533 3245 3588 de
3305 3535 3612 3591 Fortunato
3670 3536 3917 3593 Cirtensi

2216 3612 2485 3684 episcopo
2505 3617 2877 3672 asserendum
2896 3619 3119 3675 videtur
3136 3621 3334 3694 (Epist.
3364 3627 3381 3679 1
3402 3626 3481 3693 15,
3497 3629 3549 3679 et
3568 3626 3746 3695 Epist.
3776 3626 3918 3697 116).

2287 3705 2339 3757 3.
2373 3702 2483 3759 Sed
2527 3720 2699 3760 nemo
2748 3722 2812 3761 ex
2858 3708 3025 3763 nobis
3062 3712 3342 3783 requirat,
3382 3717 3449 3768 ut
3487 3719 3916 3784 recenseantur,
3980 3761 3986 3769 .

2214 3790 2315 3863 qui
2344 3807 2412 3846 ex
2436 3794 2742 3863 Augustini
2772 3796 2967 3852 schola
2989 3799 3255 3870 prodiere
3284 3818 3494 3874 magno
3515 3819 3758 3859 numero
3775 3820 3919 3876 pra:-

2212 3883 2426 3934 stantes
2474 3879 2609 3949 viri;
2661 3884 2892 3954 quando
2924 3886 3236 3953 Possidius,
3278 3890 3380 3962 qui
3415 3907 3512 3946 eos
3535 3893 3712 3964 probe
3741 3910 3917 3951 nove-

2210 3972 2321 4035 rat,
2353 3983 2580 4023 curasse
2609 3969 2885 4041 videatur,
2917 3978 2977 4030 ut
2997 3975 3226 4032 illorum
3249 3995 3354 4034 nos
3383 3979 3627 4036 laterent
3654 3983 3914 4053 nomina,

2211 4074 2459 4128 quorum
2490 4059 2724 4129 egregia
2760 4060 2822 4115 in
2851 4063 3153 4120 Ecclesiam
3185 4067 3390 4122 merita
3413 4069 3759 4140 publicabat.
3786 4074 3917 4129 Pro-

2207 4145 2417 4216 ﬁciente
2458 4162 2643 4215 porro,
2694 4148 2903 4221 inquit,
2956 4153 3205 4210 doctrina
3250 4156 3438 4212 divina
3487 4159 3586 4213 sub
3622 4165 3809 4217 sancto
3867 4170 3917 4218 et

2209 4250 2329 4289 cum
2373 4240 2557 4291 sancto
2603 4237 2928 4310 Augustino,
2977 4244 3036 4297 in
3078 4249 3401 4302 monasterio
3447 4250 3551 4303 Deo
3601 4253 3911 4320 servientes,

2207 4323 2454 4377 Ecclesiae
2483 4326 2820 4394 Hipponensi
2847 4330 3031 4386 clerici
3068 4333 3321 4389 ordinari
3358 4340 3645 4406 cceperunt.
3700 4339 3784 4393 Ac
3813 4340 3913 4394 dc-

2207 4411 2335 4465 inde
2382 4413 2736 4470 innotescente
2777 4421 2828 4472 et
2856 4420 3175 4477 clarescente
3215 4423 3281 4478 de
3327 4423 3415 4478 die
3460 4426 3521 4479 in
3550 4425 3694 4479 diem
3723 4429 3911 4483 Eccle—

2205 4501 2302 4554 siae
2321 4501 2598 4557 catholica
2605 4505 3015 4573 praedicationis
3039 4513 3266 4566 veritate
3288 4518 3702 4583 sanctorumque
3730 4531 3910 4572 servo—

2204 4604 2326 4643 rum
2355 4592 2454 4644 Dei
2480 4596 2778 4662 proposito,
2820 4600 3143 4654 continentia
3173 4605 3223 4657 et
3254 4606 3578 4672 paupertate
3599 4607 3908 4674 profunda,

2204 4692 2273 4732 ea:
2321 4682 2646 4736 monasterio
2692 4683 2837 4753 quod
2880 4701 2983 4755 per
3028 4689 3183 4744 illum
3220 4692 3620 4748 memorabilem
3650 4695 3831 4749 virum
3861 4703 3910 4751 et

2203 4781 2314 4821 esse
2342 4772 2395 4822 et
2424 4783 2656 4824 crescere
2684 4780 2933 4842 coeperat,
2963 4791 3159 4845 magno
3193 4779 3460 4835 desiderio
3497 4796 3717 4850 poscere
3747 4789 3911 4853 atque

2202 4857 2443 4927 accipere
2475 4860 2748 4929 episcopos
2777 4866 2827 4917 et
2852 4864 3067 4921 clericos
3100 4882 3219 4937 pam
3251 4870 3499 4925 Ecclesiae
3527 4875 3689 4939 atque
3718 4876 3911 4929 unitas

2201 4948 2251 4999 et
2281 4948 2439 5016 coepit
2474 4950 2674 5018 primo,
2707 4956 2758 5006 et
2779 4958 2971 5021 postea
3001 4962 3284 5013 consecuta
3317 4963 3416 5013 est.
3447 4961 3590 5017 Nam
3614 4962 3790 5027 ferme
3815 4963 3909 5017 de-

2201 5049 2328 5103 cem,
2371 5052 2503 5105 quos
2547 5040 2663 5109 ipse
2699 5043 2845 5109 novi,
2885 5049 3097 5100 sanctos
3126 5062 3188 5101 ac
3216 5047 3545 5103 venerabiles
3586 5050 3747 5116 viros,
3782 5065 3910 5105 con-

2201 5125 2424 5181 tinentes
2462 5132 2512 5182 et
2549 5129 2902 5203 doctissimos,
2946 5135 3130 5192 beatus
3159 5135 3504 5207 Augustinus
3536 5138 3767 5194 diversis
3797 5143 3910 5196 Ec-

2198 5214 2393 5282 clesiis,
2425 5219 2702 5275 nonnullis
2742 5237 2952 5291 quoque
2979 5227 3446 5295 eminentioribus,
3476 5231 3702 5297 rogatus
3728 5228 3907 5285 dedit.

2196 5301 2568 5374 Similiterque
2595 5312 2646 5361 et
2674 5310 2786 5377 ipsi
2812 5327 2880 5365 ea:
2908 5313 3127 5369 illorum
3151 5320 3461 5371 sanctorum
3498 5315 3780 5387 proposito
3809 5335 3911 5374 ve—

2197 5390 2431 5457 nientes,
2495 5396 2707 5450 Domini
2771 5400 3021 5457 Ecclesiis
3059 5407 3386 5474 propagatis
3413 5446 3429 5473 ,
3479 5409 3529 5460 et
3574 5410 3911 5465 monasteria

2197 5478 2569 5552 instituerunt,
2603 5491 2653 5541 et
2692 5487 2874 5543 studio
2905 5497 3167 5548 crescente
3193 5491 3571 5563 zdiﬁcationis
3601 5496 3757 5551 verbi
3786 5500 3906 5561 Dei,

2197 5577 2399 5631 caeteris
2427 5575 2682 5641 Ecclesiis
2706 5582 2978 5645 promotos
3005 5582 3211 5648 fratres
3239 5582 3315 5638 ad
3359 5584 3767 5653 suscipiendum
3802 5602 3909 5641 sa-
