4060 6352
138 324 238 373 177

1607 335 1815 391 LIBER
1850 337 2173 394 TERTIUS.

3561 349 3658 405 178

126 440 456 536 οετςῴϋψῃ
472 448 869 536 praestiterunt.
910 450 1061 506 Unde
1096 467 1200 522 per
1239 454 1434 510 multos
1477 459 1528 509 et
1563 458 1623 510 in
1664 459 1850 514 multis
1958 460 2174 529 scribit,
2204 460 2591 532 Augustinum
2620 476 2686 517 ex
2718 462 2957 518 hacvita
2978 438 3323 536 migrantem
3348 468 3529 524 multa
3555 470 3655 525 Ec-

126 530 385 587 salubris
424 533 575 602 ﬁdei,
620 538 739 605 spei
780 540 831 590 et
881 538 1169 594 charitatis
1205 541 1454 597 Ecclesiae
1493 545 1848 602 innotescente

129 616 419 687 doctrina,
466 638 572 677 non
607 624 778 678 solum
815 641 915 694 per
950 641 1127 683 omnes
1168 632 1379 697 Africae
1413 637 1624 702 partes,
1662 649 1847 689 verum

127 709 301 762 etiam
351 711 417 763 in
467 715 874 777 transmarinis,
907 720 958 769 et
994 731 1097 785 per
1143 717 1308 773 libros
1349 719 1540 787 editos,
1581 726 1744 791 atque
1788 726 1847 778 in

126 812 377 863 graecum
416 814 708 854 sermonem
754 803 1070 869 translatos,
1111 805 1180 858 ab
1231 806 1325 860 illo
1369 822 1477 862 uno
1523 809 1751 876 homine,
1796 815 1846 865 et

124 900 228 954 per
272 888 440 942 illum
484 889 689 956 multis,
726 891 945 957 favente
983 895 1108 959 Deo,
1154 896 1328 949 multa
1371 898 1694 952 innotescere
1741 915 1846 953 me-

125 980 369 1032 ruerunt
416 976 715 1046 (Possidius
758 981 818 1033 in
854 982 984 1035 Vita
1019 983 1336 1052 Augustini,
1380 1000 1434 1041 c.
1494 986 1599 1057 ll).
1650 988 1727 1042 Ex
1757 988 1845 1042 bis

128 1062 333 1117 decem
386 1065 690 1137 episcopis,
747 1066 849 1139 qui
894 1068 966 1123 ab
1015 1071 1317 1140 Augustini
1377 1075 1725 1131 monasterio
1770 1077 1841 1130 ad

127 1151 535 1223 episcopatum
570 1155 843 1225 arcessiti,
875 1158 1187 1213 sanctitatis
1217 1160 1696 1218 existimationem
1726 1164 1844 1219 suis

127 1240 239 1296 sibi
268 1241 500 1297 meritis
528 1244 924 1306 conciliarunt.
958 1250 1083 1301 octo
1106 1248 1229 1318 jam
1259 1266 1292 1304 a
1322 1250 1486 1305 nobis
1516 1269 1688 1323 supra
1717 1254 1842 1308 lau-

128 1329 248 1384 dati
279 1329 344 1384 in
378 1331 645 1387 notitiam
677 1338 929 1388 nostram
967 1342 1282 1404 venerunt;
1309 1338 1570 1395 videlicet
1606 1341 1842 1414 Alypius

124 1418 519 1489 Tagastensis,
566 1421 810 1477 Evodius
851 1424 1157 1491 Uzalensis,
1205 1425 1540 1483 Profuturus
1571 1429 1842 1486 Cirtensis

128 1506 424 1563 Numidia:
454 1511 949 1582 metropolitauus,
976 1514 1315 1570 Fortunatus
1345 1516 1597 1587 ejusdem
1628 1535 1841 1575 succes-

126 1612 241 1662 sor,
289 1597 539 1652 Severus
581 1598 955 1669 Milevitanus,
1000 1602 1287 1658 Possidius
1326 1603 1695 1673 Calamensis,
1743 1607 1844 1661 Ur-

127 1684 313 1739 banus
369 1684 669 1755 Siccensis,
718 1692 775 1743 et
823 1690 1186 1760 Peregrinus.
1246 1692 1622 1748 Ecclesiarum
1667 1695 1837 1765 longe

127 1774 455 1843 positarum
494 1776 923 1833 necessitatibus
952 1778 1316 1835 charissimos
1347 1781 1652 1852 discipulos
1679 1799 1835 1850 suos,

127 1879 271 1933 quos
299 1868 369 1918 ut
398 1863 669 1919 alumnos
694 1866 1049 1921 strictissime
1074 1868 1516 1941 dulcissimaque
1542 1872 1838 1926 familiari-

126 1956 240 2006 tate
272 1950 387 2006 sibi
417 1953 755 2024 conjunctos
779 1954 1074 2026 diligebat,
1104 1958 1415 2013 concedere
1440 1975 1557 2014 non
1587 1964 1833 2031 poterat,

129 2040 270 2113 quin
300 2057 369 2096 ex
400 2058 606 2098 eorum
649 2043 930 2099 desiderio
968 2045 1268 2114 laboraret,
1308 2065 1372 2101 ac
1416 2048 1625 2103 doloris
1663 2050 1835 2105 veluti

127 2130 375 2185 stimulis
418 2130 737 2188 foderetur.
780 2133 1040 2189 Publicas
1083 2138 1278 2189 tamen
1318 2137 1693 2192 Ecclesiarum
1731 2155 1835 2194 ne-

126 2218 418 2275 cessitates
472 2220 708 2291 privatis
766 2223 1082 2279 commodis
1137 2225 1540 2295 anteponebat,
1597 2243 1836 2297 sperans

127 2309 267 2377 fore,
295 2312 365 2363 ut
413 2324 548 2365 cum
592 2310 725 2376 illis,
760 2327 905 2382 quos
951 2311 1013 2366 in
1061 2312 1230 2366 terris
1270 2317 1508 2384 propter
1546 2315 1834 2371 Christum

125 2395 193 2451 ab
221 2412 281 2451 se
322 2396 525 2452 divelli
569 2403 881 2469 pateretur,
913 2398 975 2454 in
1021 2400 1178 2455 caelis
1205 2416 1309 2472 per
1355 2402 1641 2458 Christum
1685 2409 1836 2460 esset

126 2489 409 2541 internum
440 2486 801 2542 convicturus
825 2488 1025 2558 (Epist.
1055 2491 1145 2555 84,
1176 2505 1233 2544 η.
1268 2490 1339 2559 1).
1363 2491 1488 2562 Ipse
1515 2507 1647 2546 vero
1676 2508 1832 2547 crea-

123 2578 211 2627 tus
231 2574 561 2645 episcopus,
596 2590 661 2629 ex
685 2574 775 2630 his
802 2576 905 2647 qui
933 2577 1115 2632 sancti
1139 2578 1421 2649 propositi
1446 2584 1670 2635 tenaces
1699 2597 1831 2652 per-

126 2664 437 2717 manebant
466 2663 527 2717 in
552 2664 925 2730 monasterio,
955 2665 1185 2720 nonnisi
1204 2666 1471 2722 meliores
1499 2672 1671 2739 atque
1701 2686 1831 2741 pro-

126 2751 373 2806 batiores
394 2751 462 2806 in
492 2752 706 2807 clerum
735 2769 903 2808 suum
931 2753 1149 2809 solebat
1173 2755 1472 2812 asciscere.
1514 2757 1704 2812 Nihilo
1743 2764 1828 2812 ta-

125 2855 254 2894 men
275 2840 899 2912 minus-experiebatur
925 2842 1256 2914 aliquando,
1282 2860 1345 2898 ex
1366 2844 1518 2899 bono
1546 2846 1828 2901 monacho

124 2928 210 2982 vix
239 2927 463 2984 bonum
503 2929 774 2985 clericum
804 2929 952 2996 ﬁeri,
982 2931 1029 2985 si
1058 2930 1208 2986 adsit
1234 2931 1288 2987 ei
1326 2933 1613 2989 sufﬁciens
1643 2934 1827 2989 conti-

127 3021 319 3076 nentia
354 3026 413 3077 et
439 3026 634 3078 tamen
677 3023 823 3077 desit
851 3022 1149 3078 instructio
1193 3025 1529 3089 necessaria,
1562 3031 1662 3082 aut
1697 3043 1826 3099 per-

127 3125 276 3165 sonas
306 3110 591 3183 regularis
619 3111 920 3183 integritas
948 3113 1139 3183 (Epist.
1174 3115 1263 3180 60,
1289 3129 1352 3168 η.
1396 3116 1470 3183 l).

192 3202 244 3254 4.
279 3196 413 3254 Non
438 3200 628 3254 solum
658 3205 848 3255 autem
878 3201 1150 3271 praesules
1178 3201 1248 3255 ab
1289 3202 1595 3273 Augustini
1624 3219 1826 3259 mona-

127 3286 293 3341 sterio
322 3288 601 3356 arcessiti,
636 3288 749 3343 alia
785 3288 1043 3343 caenobia
1085 3288 1147 3344 in
1182 3306 1285 3344 sua
1326 3290 1569 3363 quisque
1599 3291 1827 3348 dicacesi

129 3375 582 3445 constituerunt;
626 3393 824 3432 verum
866 3377 1043 3433 etiam
1082 3378 1409 3434 existimare
1447 3379 1597 3448 licet,
1644 3383 1824 3437 Aure-

128 3462 264 3519 lium
292 3470 350 3519 et
376 3466 705 3537 complures
733 3466 873 3521 alios
904 3466 1078 3521 etiam
1108 3471 1241 3522 ante
1271 3468 1576 3539 Augustini
1606 3470 1824 3541 episco-

129 3558 324 3623 patum
345 3554 504 3609 idem
519 3554 819 3611 factitasse.
845 3556 986 3610 Nam
1009 3572 1138 3611 cum
1164 3556 1561 3628 episcopatum
1585 3558 1826 3630 adeptus

131 3645 229 3706 est,
252 3641 375 3712 jam
402 3658 593 3697 annus
620 3645 741 3697 erat
766 3646 822 3696 et
867 3643 1115 3713 amplius
1151 3659 1219 3697 ex
1263 3660 1377 3715 quo
1408 3645 1679 3700 Paulinus
1707 3661 1827 3701 non

130 3729 290 3784 modo
307 3746 415 3801 per
429 3731 701 3803 Alypium
713 3747 772 3785 se
788 3732 1049 3803 precibus
1061 3737 1384 3787 sanctorum
1400 3733 1827 3789 commendave—

130 3820 223 3881 rat,
257 3821 356 3886 qui
382 3823 532 3885 sunt,
558 3818 764 3891 inquit,
794 3821 854 3873 in
879 3821 1016 3874 clero
1044 3820 1364 3876 Sanctitatis
1394 3825 1498 3876 tuae
1520 3824 1754 3888 comites,
1775 3828 1825 3877 et

128 3906 182 3958 in
199 3909 546 3962 monasteriis
564 3907 698 3979 fidei
715 3923 777 3962 ac
794 3909 1017 3963 virtutis
1030 3912 1134 3963 tua
1150 3910 1485 3964 mulatores
1504 3927 1518 3976 ;
1533 3909 1630 3965 sed
1652 3909 1824 3963 etiam

131 3991 185 4047 in
226 3998 481 4050 extrema
526 3999 688 4066 parte
725 3996 984 4066 epistolae
1020 3995 1223 4050 fratres
1259 4001 1385 4051 tum
1426 3995 1825 4066 Ecclesiarum,

129 4087 241 4139 tum
272 4083 759 4140 monasteriorum
792 4083 1171 4155 Carthaginis,
1202 4085 1481 4155 Tagastae,
1514 4084 1823 4156 Hipponis-

134 4171 285 4245 Regii
313 4174 682 4245 aliorumque
720 4172 925 4228 Africa:
963 4173 1223 4227 locorum
1263 4173 1472 4227 salutat
1500 4173 1697 4245 (Epist.
1728 4176 1821 4244 2i,

130 4276 181 4314 n.
218 4264 287 4330 2).
330 4262 394 4317 Ei
434 4277 665 4334 quoque
705 4261 1057 4332 Augustinus
1086 4260 1271 4316 verbis
1302 4263 1564 4329 fratrum,
1593 4277 1698 4317 non
1737 4277 1822 4317 so-

134 4349 231 4404 lum
260 4355 359 4421 qui
383 4352 681 4418 nobiscum,
715 4349 926 4421 inquit,
963 4350 1233 4416 habitant,
1270 4355 1320 4404 et
1348 4353 1445 4419 qui
1468 4351 1693 4405 ubilibet
1722 4352 1823 4405 ha-

135 4436 354 4494 bitantes
398 4443 499 4495 Deo
531 4441 746 4509 pariter
781 4442 1045 4507 serviunt,
1084 4439 1327 4493 salutem
1361 4439 1588 4494 nuntiat
1626 4440 1818 4510 (Epist.

133 4527 216 4591 27,
252 4544 316 4584 n.
363 4532 438 4599 ti).
474 4529 617 4600 Ipsae
659 4528 832 4583 etiam
870 4527 1023 4582 cedri
1063 4527 1291 4600 Libani,
1312 4528 1420 4582 hoc
1457 4532 1562 4591 est,
1602 4528 1823 4583 nobiles

135 4618 184 4667 et
208 4615 407 4672 divites
436 4618 609 4689 hujus
641 4617 851 4685 saeculi,
882 4617 1156 4688 praeclare
1197 4633 1388 4672 secum
1439 4622 1624 4671 actum
1656 4621 1820 4688 puta-

134 4700 280 4771 bant,
329 4705 376 4759 si
425 4707 532 4761 sub
578 4707 783 4761 umbra
840 4721 1127 4761 ramorum
1177 4722 1413 4761 suorum
1467 4706 1823 4761 nidiﬁcantes

136 4792 459 4865 colligerent
475 4812 733 4867 passeres
759 4800 816 4850 et
834 4810 1137 4866 pauperes,
1162 4794 1261 4867 qui
1280 4799 1518 4866 prOpter
1537 4795 1822 4850 Christum

136 4884 562 4957 communisque
591 4884 723 4939 vitae
761 4883 1171 4957 professionem
1200 4884 1398 4939 omnia
1426 4884 1819 4956 reliquerant;

139 4982 293 5037 agros
318 4970 433 5027 illis
482 4976 538 5027 et
565 4973 760 5028 hortos
798 4973 1201 5042 concedebant,
1233 4972 1494 5027 ecclesias
1535 4976 1592 5027 et
1622 4988 1823 5027 mona-

138 5056 296 5111 steria
338 5061 744 5115 construebant
784 5061 1009 5129 (Enarr.
1061 5062 1121 5114 in
1167 5062 1315 5115 Psal.
1371 5063 1494 5123 103,
1545 5075 1705 5115 serm.
1766 5062 1820 5127 3,

139 5156 223 5197 nn.
266 5148 348 5214 16,
379 5149 486 5220 17).
521 5149 679 5204 Unde
718 5149 978 5221 contigit,
1011 5140 1072 5204 in
1109 5165 1227 5204 una
1264 5154 1320 5204 et
1357 5149 1559 5204 eadem
1597 5148 1823 5203 civitate

141 5235 418 5305 complura
441 5237 751 5311 aliquando
781 5237 1038 5293 cmnobia
1064 5238 1322 5309 reperiri.
1353 5240 1495 5292 Nam
1523 5242 1733 5309 praeter
1761 5237 1825 5291 il-

143 5315 251 5385 lud,
280 5324 434 5393 quod
461 5324 814 5396 Augustinus
842 5340 876 5378 a
904 5340 1007 5379 sua
1046 5324 1237 5379 statim
1279 5323 1639 5379 ordinatione
1672 5324 1821 5396 apud

145 5404 448 5480 Hipponem
485 5413 764 5482 condidit,
793 5413 1039 5468 alterum
1068 5429 1101 5468 a
1132 5414 1367 5485 Leporio
1395 5413 1730 5485 presbytero
1760 5411 1821 5467 in

148 5495 325 5553 eadem
349 5501 509 5570 urbe,
530 5502 764 5557 tertium
785 5501 994 5557 ibidem
1019 5502 1087 5556 ab
1115 5502 1379 5558 Eleusino
1404 5502 1630 5557 videtur
1648 5501 1820 5557 fuisse

148 5586 500 5645 constitutum
534 5592 726 5659 (Serm.
767 5593 888 5658 356,
919 5607 1020 5646 nn.
1073 5592 1157 5657 10,
1203 5591 1307 5660 l5).
1349 5590 1487 5645 llinc
1534 5590 1817 5646 Possidius

1955 548 2141 604 clesiaa
2172 566 2291 605 sua:
2321 550 2669 606 monasteria
2704 551 2959 607 virorum
2997 568 3062 607 ac
3098 552 3443 610 feminarum
3471 557 3653 614 conti-

1954 637 2215 693 nentium
2242 638 2413 709 plena
2439 637 2721 694 dimisisse
2752 639 3072 711 (Possidius,
3093 644 3154 697 in
3178 644 3308 699 Vita
3332 644 3653 714 Augustini,

1953 741 1999 781 c.
2020 726 2105 795 3t)
2121 744 2139 792 ;
2154 741 2282 798 quae
2300 726 2361 781 in
2384 728 2527 782 urbe
2549 728 2855 784 constituta
2868 729 3041 785 fuisse
3063 735 3320 802 oportet;
3348 732 3603 805 alioquin
3620 751 3656 789 a

1954 814 2240 882 Vandalis,
2274 815 2410 887 quia
2435 815 2633 871 multis
2663 833 2789 871 eam
2822 818 3115 874 mensibus
3144 819 3500 889 obsidebant,
3523 822 3657 878 fuis-

1954 908 2082 959 sent
2110 904 2423 962 devastata.
2463 904 2532 960 Hi
2570 909 2704 960 sunt
2731 905 3008 961 uberrimi
3036 907 3274 974 fructus,
3306 909 3407 981 qui
3434 910 3506 966 ab
3532 912 3651 966 Au-

1954 993 2169 1064 gustini
2204 994 2416 1064 pietate
2444 993 2600 1049 velut
2628 1011 2661 1048 a
2698 994 2887 1049 radice
2926 996 3283 1067 p'rodierunt.
3317 998 3503 1063 Quare
3535 1015 3653 1056 non

1953 1080 2241 1135 immerito
2273 1086 2331 1135 et
2358 1082 2779 1137 monachorum
2817 1087 2874 1137 et
2912 1085 3392 1140 monasteriorum
3420 1086 3651 1143 institu-

1952 1174 2045 1223 tor
2064 1168 2414 1239 habebatur;
2448 1186 2577 1224 cum
2602 1170 2788 1241 reipsa
2806 1172 3105 1228 monastici
3126 1172 3353 1229 Ordinis
3377 1175 3437 1229 in
3464 1175 3653 1231 Africa

1950 1258 2314 1314 fundatorem
2340 1275 2474 1314 eum
2502 1259 2675 1315 fuisse
2694 1260 3016 1317 videamus.
3043 1262 3253 1317 Verum
3279 1263 3535 1319 Ecclesiae
3554 1265 3653 1321 ad-

1948 1346 2203 1412 versarii,
2239 1347 2339 1419 qui
2368 1347 2476 1402 hoc
2503 1348 2823 1418 Augustino
2851 1349 2911 1403 in
2939 1350 3165 1422 magnis
3191 1350 3526 1408 criminibus
3553 1353 3650 1408 ob-

1942 1432 2157 1503 jectare
2186 1449 2304 1488 non
2339 1434 2703 1503 verebantur,
2735 1435 2880 1492 illud
2921 1436 3049 1491 vitae
3076 1453 3259 1509 genus
3293 1437 3559 1509 ignorare
3588 1455 3647 1493 se

1948 1522 2435 1591 demonstrabant,
2462 1524 2551 1579 vel
2586 1524 2779 1595 potius
2815 1529 2937 1580 toto
2974 1526 3110 1580 orbe
3148 1525 3514 1581 notissimum
3550 1541 3647 1581 ne-

1948 1610 2091 1665 scire
2129 1626 2188 1666 se
2228 1611 2577 1667 simulabant
2613 1613 2834 1682 (Contra
2863 1615 3099 1669 Litteras
3135 1616 3410 1682 Petiliani,
3452 1615 3547 1669 lib.
3590 1617 3645 1683 3,

1946 1715 2003 1753 n.
2034 1701 2143 1769 48).
2185 1700 2354 1767 Quid,
2395 1701 2549 1772 quod
2585 1702 2726 1756 adeo
2765 1702 3044 1774 pudorem
3083 1719 3312 1759 omnem
3343 1702 3640 1771 emebant,

1946 1792 2011 1841 ut
2037 1787 2460 1843 sanctissimum
2491 1788 2821 1844 institutum
2849 1806 2980 1845 cum
3010 1791 3129 1845 suis
3158 1790 3639 1846 Circumcellioni-

1944 1874 2052 1929 bus
2080 1875 2359 1931 auderent
2396 1879 2772 1948 comparare?
2801 1877 2924 1942 Qua
2966 1878 3036 1933 de
3074 1894 3136 1932 re
3174 1877 3253 1933 sic
3290 1878 3643 1950 Augustinus

1946 1962 2016 2017 ad
2048 1962 2362 2018 Catholicos
2391 1981 2405 2018 :
2437 1964 2500 2020 Si
2527 1965 2884 2035 comparandi
2909 1971 3054 2035 sunt,
3085 1981 3178 2021 vos
3205 1967 3408 2035 videte;
3439 1970 3491 2023 si
3512 1983 3635 2033 ver-

1947 2052 2027 2105 bis
2050 2054 2245 2106 vestris
2274 2066 2408 2121 opus
2433 2057 2532 2121 est,
2559 2053 2682 2123 jam
2710 2053 2989 2110 laboratis.
3023 2056 3144 2111 Non
3180 2070 3313 2125 opus
3341 2060 3419 2111 est
3443 2058 3555 2111 nisi
3580 2061 3642 2111 ut

1944 2139 2279 2195 admonentis
2315 2155 2745 2210 unumquemque
2773 2145 2833 2195 ut
2878 2142 3152 2210 attendat;
3183 2127 3354 2198 solu'm
3393 2144 3641 2199 attendat

1943 2232 1993 2281 et
2021 2231 2309 2296 comparet.
2341 2228 2485 2294 Quid
2513 2243 2647 2298 opus
2676 2234 2754 2284 est
2775 2229 2954 2284 verbis
2976 2232 3171 2286 uestris
3193 2231 3221 2287 7
3251 2232 3641 2301 Comparentur

1942 2314 2140 2369 ebriosi
2164 2330 2284 2369 cum
2315 2316 2532 2382 sobriis,
2558 2318 2867 2387 praecipites
2896 2332 3016 2373 cum
3044 2319 3418 2388 consideratis,
3445 2322 3639 2387 furen-

1944 2408 2019 2457 tes
2048 2419 2168 2458 cum
2194 2405 2555 2474 simplicibus,
2582 2411 2841 2473 vagantes
2870 2422 2989 2461 cum
3018 2411 3375 2477 congregatis.
3415 2410 3638 2464 Verum-

1944 2496 2143 2561 tamen,
2172 2493 2503 2560 charissimi,
2541 2499 2668 2549 sunt
2695 2499 2746 2547 et
2789 2497 2887 2563 qui
2926 2498 3175 2552 monachi
3217 2498 3354 2565 falsi
3397 2503 3555 2565 sunt;
3590 2504 3641 2553 et

1939 2596 2035 2636 nos
2062 2584 2308 2637 novimus
2338 2584 2470 2637 tales
2496 2599 2509 2637 :
2541 2582 2637 2637 sed
2670 2599 2774 2637 non
2802 2586 2970 2653 periit
2997 2576 3477 2655 fraternitas-pia,
3504 2602 3636 2655 pro-

1934 2674 2061 2740 pter
2088 2685 2172 2725 eos
2200 2672 2298 2740 qui
2318 2670 2650 2742 profitentur
2677 2671 2822 2740 quod
2849 2687 2955 2726 non
2983 2678 3110 2727 sunt
3138 2675 3358 2741 (Enarr.
3394 2676 3453 2729 in
3484 2676 3630 2729 Psal.

1944 2761 2065 2819 132,
2095 2774 2189 2815 nn.
2220 2762 2273 2825 3,
2302 2758 2376 2827 4).

2011 2850 2062 2901 5.
2104 2847 2265 2901 Tales
2302 2846 2453 2901 inter
2488 2863 2622 2901 suos
2658 2864 2791 2903 cum
2828 2848 3025 2904 dolore
3062 2849 3197 2904 tulit
3232 2866 3349 2905 non
3386 2850 3634 2920 ignotos,

1940 2950 2044 2989 nec
2068 2934 2379 2990 levioribus
2401 2937 2801 2991 tantummodo
2841 2936 3177 2993 criminibus
3214 2938 3529 2994 obstrictos.
3565 2940 3637 2995 Ut

1939 3021 2093 3076 enim
2120 3021 2242 3093 ipse
2271 3021 2427 3093 plebi
2454 3038 2573 3077 sua:
2600 3021 2917 3078 identidem
2945 3024 3172 3095 repetit,
3200 3039 3317 3079 non
3345 3028 3427 3079 est
3456 3029 3634 3080 status

1938 3111 2078 3165 adeo
2106 3111 2408 3182 perfectus,
2440 3110 2501 3165 in
2527 3127 2643 3183 quo
2672 3127 2791 3166 non
2819 3110 2934 3167 sint
2960 3112 3195 3183 debiles,
3216 3111 3333 3167 imo
3358 3116 3416 3167 et
3439 3112 3637 3184 prodi-

1936 3202 2116 3266 tores;
2151 3214 2341 3271 neque
2368 3199 2606 3254 societas
2643 3200 2784 3256 adeo
2812 3205 3006 3256 sancta
3034 3204 3139 3269 est,
3165 3200 3226 3255 in
3256 3217 3371 3273 qua
3398 3201 3632 3257 scanda-

1937 3286 2059 3341 lum
2080 3286 2370 3343 interdum
2389 3304 2508 3343 non
2532 3288 2871 3361 reperiatur.
2901 3291 3066 3360 Nam,
3084 3290 3186 3345 ubi
3208 3289 3482 3345 Dominus
3511 3306 3634 3345 om-

1937 3391 2037 3429 nes
2064 3376 2250 3431 tribus
2277 3376 2586 3448 generibus
2613 3377 2919 3433 hominum
2946 3378 3403 3449 comprehendit,
3424 3378 3635 3433 scilicet

1936 3464 2299 3519 existentium
2316 3465 2490 3520 autin
2511 3482 2672 3537 agro,
2688 3466 2859 3521 autin
2878 3466 3231 3534 molendino,
3251 3470 3350 3522 aut
3370 3466 3431 3521 in
3448 3468 3595 3523 lecto
3615 3488 3631 3535 ;

1933 3554 1999 3608 In
2023 3554 2153 3608 lecto
2190 3558 2371 3609 autem
2409 3569 2516 3621 eos,
2546 3555 2739 3627 inquit
2773 3555 3145 3627 Augustinus,
3176 3556 3412 3624 intelligi
3438 3557 3634 3624 voluit,

1937 3644 2035 3710 qui
2058 3648 2377 3697 amaverunt
2403 3646 2662 3713 quietem;
2690 3660 2791 3714 per
2818 3645 3009 3699 lectum
3036 3646 3177 3699 enim
3209 3647 3437 3714 quietem
3460 3646 3633 3699 voluit

1936 3732 2201 3799 intelligi;
2230 3747 2336 3786 non
2361 3747 2418 3787 se
2444 3734 2727 3787 miscentes
2766 3733 2963 3799 turbis,
3000 3748 3108 3788 non
3137 3734 3393 3787 tumultui
3418 3732 3632 3800 generis

1936 3819 2179 3886 humani,
2215 3822 2274 3874 in
2309 3822 2415 3875 otio
2445 3823 2733 3875 servientes
2763 3823 2867 3875 Deo
2895 3837 2909 3875 :
2936 3825 2988 3874 et
3024 3820 3152 3875 inde
3180 3825 3357 3875 tamen
3381 3835 3522 3874 unus
3546 3835 3632 3875 as-

1932 3911 2191 3975 sumetur,
2220 3912 2271 3962 et
2295 3922 2435 3962 unus
2464 3910 2818 3977 relinquetur.
2852 3909 2991 3964 Sunt
3014 3908 3093 3962 ibi
3110 3907 3288 3978 probi,
3321 3913 3371 3963 et
3400 3913 3527 3963 sunt
3551 3908 3632 3963 ibi
3692 3982 3695 3985 γ

1930 3996 2149 4066 reprobi
2178 3996 2366 4068 (lbid.,
2388 4012 2446 4053 n.
2477 3998 2559 4067 4).
2590 3998 2747 4053 Unde
2780 3997 2858 4052 sic
2882 3996 3091 4052 alicubi
3118 3997 3373 4069 loquitur
3399 4014 3413 4052 :
3445 3998 3628 4064 Quan-

1933 4085 2178 4139 tumlibet
2220 4088 2407 4154 vigilet
2452 4087 2756 4157 disciplina
2793 4087 2982 4141 domus
3021 4102 3167 4153 mea,
3214 4086 3365 4140 homo
3406 4101 3548 4155 sum,
3577 4090 3629 4139 et

1931 4175 2075 4227 inter
2102 4174 2339 4229 homines
2365 4177 2525 4243 vivo;
2557 4191 2652 4230 nec
2680 4177 2818 4229 mihi
2846 4190 3103 4243 arrogare
3130 4174 3320 4241 audeo,
3352 4179 3413 4229 ut
3439 4174 3628 4229 domus

1932 4277 2050 4315 mea
2072 4265 2262 4318 melior
2284 4266 2357 4319 sit
2380 4280 2545 4333 quam
2574 4279 2707 4319 arca
2734 4266 2864 4331 Noe,
2894 4263 2991 4317 ubi
3020 4268 3197 4318 tamen
3224 4266 3364 4317 inter
3387 4268 3499 4318 octo
3529 4264 3630 4317 ho-

1930 4353 2099 4405 mines
2126 4352 2385 4420 reprobus
2412 4367 2554 4407 unus
2582 4355 2830 4407 inventus
2858 4357 2955 4420 est,
2977 4357 3073 4406 etc.
3098 4368 3113 4406 :
3135 4357 3233 4406 aut
3249 4353 3437 4406 melior
3466 4367 3630 4420 quam

1931 4440 2258 4495 cohabitatio
2285 4443 2461 4511 ipsius
2490 4443 2707 4496 Domini
2730 4441 2955 4508 Christi,
2985 4443 3044 4495 in
3084 4457 3194 4509 qua
3228 4440 3476 4494 undecim
3506 4440 3631 4493 boni

1926 4528 2197 4598 perfidum
2225 4533 2276 4584 et
2314 4532 2496 4597 furem
2523 4530 2722 4584 Iudam
2758 4530 3122 4584 toleraverunt
3158 4544 3171 4583 :
3208 4533 3304 4582 aut
3331 4530 3521 4583 melior
3556 4530 3631 4583 sit

1925 4621 2193 4686 postremo
2221 4633 2385 4686 quam
2416 4618 2630 4683 caelum;
2661 4617 2803 4671 unde
2833 4618 3033 4686 Angeli
3059 4616 3379 4672 ceciderunt.
3410 4616 3632 4685 Simpli-

1930 4708 2063 4760 citer
2090 4711 2267 4761 autem
2294 4710 2472 4774 fateor
2507 4708 2781 4763 Charitati
2810 4711 3017 4774 vestrae,
3051 4721 3230 4760 coram
3270 4707 3494 4760 Domino
3522 4707 3627 4759 Deo

1929 4798 2130 4860 nostro,
2146 4796 2243 4862 qui
2266 4796 2416 4848 testis
2435 4799 2514 4849 est
2532 4809 2696 4864 super
2715 4796 2955 4848 animam
2974 4809 3166 4861 meam,
3188 4808 3255 4847 ear:
3274 4808 3379 4864 quo
3398 4795 3502 4848 Deo
3522 4809 3629 4848 ser-

1929 4883 2045 4935 vire
2062 4884 2199 4951 coepi
2211 4900 2228 4935 :
2252 4882 2513 4950 quomodo
2532 4882 2764 4954 difﬁcile
2787 4898 2906 4937 sum
2925 4887 3178 4951 expertus
3197 4882 3439 4937 meliores
3461 4897 3625 4952 quam

1931 4973 2028 5040 qui
2064 4973 2121 5024 in
2159 4972 2499 5025 monasteriis
2533 4973 2909 5041 profecerunt;
2949 4973 3034 5025 ita
3070 4986 3176 5025 non
3213 4985 3329 5025 sum
3369 4974 3623 5040 expertus

1924 5060 2158 5130 pejores,
2189 5074 2353 5127 quam
2378 5061 2476 5128 qui
2502 5062 2560 5113 in
2580 5062 2921 5114 monasteriis
2951 5059 3289 5125 ceciderunt;
3310 5062 3393 5113 ita
3410 5062 3472 5112 ut
3499 5059 3625 5111 hinc

1931 5148 2168 5202 arbitrer
2187 5149 2246 5202 in
2265 5148 2600 5218 Apocalypsi
2618 5151 2903 5218 scriptum,
2930 5167 2959 5199 α
2988 5148 3179 5203 Justus
3200 5146 3411 5217 justior
3426 5146 3548 5210 fiat,
3570 5149 3628 5198 et

1931 5236 2192 5291 sordidus
2221 5237 2507 5291 sordescat
2525 5237 2708 5292 adhuc
2728 5256 2755 5287 ι)
2781 5237 2968 5306 (Apoc.
2996 5252 3131 5301 xm,
3157 5235 3262 5305 Η).
3287 5234 3628 5302 Quapropter

1930 5326 2037 5379 etsi
2062 5327 2447 5385 contristamur
2473 5324 2539 5379 de
2562 5326 2837 5394 aliquibus
2859 5325 3258 5395 purgamentis,
3287 5321 3627 5375 consolamur

1931 5417 2108 5467 tamen
2133 5416 2296 5468 etiam
2324 5412 2391 5468 de
2412 5414 2665 5484 pluribus
2694 5416 3044 5467 ornamentis.
3063 5411 3241 5468 Nolite
3260 5421 3386 5475 ergo
3400 5411 3629 5476 propter

1928 5518 2225 5567 amurcam,
2256 5518 2366 5571 qua
2410 5503 2553 5556 oculi
2578 5503 2745 5555 vestri
2783 5500 3149 5571 oﬂ'enduntur,
3201 5495 3496 5551 toreularia
3527 5496 3622 5549 de-

1931 5592 2136 5657 testari,
2166 5590 2310 5645 unde
2337 5592 2605 5660 apothecae
2634 5592 2919 5644 Dominica'
2944 5590 3129 5653 fructu
3159 5584 3262 5638 olei
3305 5584 3627 5639 luminosio-
