4060 6358
399 342 499 394 179

390 464 470 518 ris
500 462 797 534 implentur
819 461 1027 531 (Epist.
1062 462 1154 526 78,
1182 475 1278 514 nn.
1310 461 1365 529 8,
1395 460 1472 529 9).
1510 461 1624 514 Hoc
1647 460 1768 530 jam
1797 459 2094 530 episcopus

393 550 460 605 ad
487 551 769 623 populum
797 549 1224 620 Hipponensem
1254 548 1557 614 scribebat,
1585 549 1880 601 occasione
1905 549 2093 617 cujus-

392 640 527 695 dam
565 639 837 701 scandali,
872 644 929 692 in
970 638 1147 709 ipsius
1184 638 1354 691 domo
1394 637 1544 691 inter
1584 636 1932 690 Bonifacium
1972 651 2097 706 pre-

391 730 688 801 sbyterum
718 732 775 781 et
804 727 978 781 alium
1011 725 1240 780 nomine
1270 725 1441 796 Spem
1473 724 1670 779 exorti.
1707 724 1801 778 His
1833 724 2097 777 utebatur

392 816 800 889 experimentis
829 820 893 869 ut
922 816 1137 885 abjecte
1165 815 1236 868 de
1264 831 1323 868 se
1354 813 1611 880 sentiret,
1640 812 1895 883 aliosque
1926 811 2096 865 simul

391 907 813 971 cohortaretur,
835 920 907 958 ne
928 903 1200 958 ﬁduciam
1220 902 1281 956 in
1310 902 1454 974 ipso,
1477 907 1578 956 aut
1606 901 1667 955 in
1690 902 1892 955 domus
1918 900 2097 971 ipsius

392 993 763 1067 quantumvis
792 992 940 1047 bona
980 991 1300 1062 disciplina,
1335 990 1434 1045 sed
1472 991 1531 1043 in
1570 1006 1685 1044 uno
1718 991 1827 1044 Deo
1856 990 2094 1043 colloca-

391 1087 538 1136 rent.
572 1084 699 1136 Fuit
728 1081 976 1150 quidam,
1015 1080 1115 1145 ait,
1152 1081 1212 1133 in
1243 1083 1426 1133 nostro
1465 1080 1808 1144 monasterio,
1841 1079 1938 1145 qui
1971 1093 2094 1130 cor-

390 1170 717 1240 ripientibus
745 1170 1037 1236 fratribus,
1060 1184 1155 1222 cur
1184 1167 1432 1237 quaedam
1458 1182 1565 1220 non
1593 1166 1848 1232 facienda
1871 1167 2092 1231 faceret,

390 1264 440 1314 et
484 1259 743 1326 facienda
786 1274 893 1313 non
939 1260 1159 1325 faceret,
1206 1256 1563 1324 respondebat
1618 1274 1634 1310 :
1685 1256 2098 1323 Qualiscumque

389 1363 535 1402 nunc
563 1350 688 1411 sim,
722 1348 849 1401 talis
879 1361 987 1411 ero,
1020 1346 1232 1415 qualem
1260 1360 1342 1398 me
1373 1348 1512 1398 Deus
1540 1345 1792 1411 futurum
1819 1357 1929 1397 esse
1950 1359 2095 1411 prae-

393 1438 569 1491 sciuit.
606 1436 712 1502 Qui
752 1437 992 1505 profecto
1030 1439 1081 1488 et
1121 1449 1305 1487 verum
1350 1433 1584 1498 dicebat,
1615 1436 1665 1486 et
1707 1434 1802 1486 hoc
1830 1448 1953 1486 vero
1989 1447 2095 1485 non

386 1526 709 1595 proﬁciebat
737 1527 796 1577 in
837 1524 1029 1577 bonum
1067 1539 1081 1577 :
1112 1522 1206 1576 sed
1238 1537 1407 1590 usque
1440 1522 1572 1575 adeo
1607 1522 1839 1590 profecit
1877 1523 1933 1574 in
1971 1536 2094 1573 ma-

394 1614 523 1679 lum,
557 1618 618 1667 ut
644 1613 858 1666 deserta
886 1614 1203 1665 monasterii
1231 1613 1481 1665 societate
1492 1610 1649 1680 ﬁeret
1671 1611 1822 1662 canis
1850 1623 2094 1662 reversus

393 1700 468 1753 ad
496 1715 655 1755 suum
682 1702 940 1754 vomitum
971 1718 988 1753 :
1026 1704 1077 1753 et
1106 1703 1283 1753 tamen
1320 1698 1498 1751 adhuc
1528 1699 1708 1766 qualis
1746 1699 1820 1751 sit
1847 1699 2091 1765 futurus,

390 1792 652 1841 incertum
680 1792 759 1841 est
802 1788 891 1855 (De
930 1790 1078 1842 Dono
1121 1789 1559 1856 perseverantiae,
1596 1801 1652 1839 n.
1704 1787 1810 1856 38).
1860 1786 1933 1839 Ex
1971 1785 2095 1854 ejus

393 1875 739 1930 monasterio
782 1876 1033 1929 Donatus
1062 1891 1193 1928 cum
1231 1874 1406 1929 fratre
1446 1890 1548 1928 suo
1585 1874 1772 1928 fuerat
1809 1889 2092 1944 egressus,

390 1971 453 2018 ut
483 1963 793 2018 ambitione
816 1962 1146 2017 stimulante
1170 1963 1237 2017 ad
1259 1961 1591 2016 clericatum
1621 1962 1757 2016 alibi
1785 1961 2093 2032 suscipieno

392 2053 532 2107 dum
562 2057 801 2124 uterque
838 2052 1165 2106 convolaret
1197 2050 1405 2122 (Epist.
1451 2052 1561 2121 60).
1597 2051 1840 2105 Paulum
1875 2050 2091 2119 episco-

390 2156 554 2211 pum,
582 2140 672 2193 cui
705 2139 1031 2194 Bonifacius
1051 2139 1111 2193 in
1140 2139 1335 2193 sedem
1366 2140 1779 2210 Cataquensem
1805 2138 2092 2206 successit,

396 2230 453 2282 in
481 2228 701 2282 Christo
731 2231 858 2282 Jesu
891 2243 996 2298 per
1036 2226 1404 2297 Evangelium
1437 2231 1745 2297 genuerat;
1778 2227 1875 2281 sed
1907 2243 2093 2297 neque

394 2316 737 2370 salutaribus
789 2316 906 2368 suis
943 2314 1215 2381 consiliis,
1261 2330 1449 2385 neque
1492 2314 1867 2383 benignitate,
1910 2331 2094 2385 neque

392 2404 689 2457 severitate
739 2403 922 2457 facere
971 2404 1175 2474 potuit,
1219 2403 1358 2473 quin
1402 2402 1498 2459 ille
1540 2403 1862 2457 universam
1912 2404 2092 2456 Eccle-

394 2490 538 2545 siam
571 2491 998 2562 Hipponensem
1029 2490 1308 2561 perversis
1334 2490 1451 2543 suis
1472 2489 1729 2543 moribus
1748 2490 2089 2544 vulneraret.

396 2580 756 2650 Quapropter
783 2579 855 2633 ab
884 2579 1007 2649 ejus
1039 2578 1442 2633 communione
1465 2579 1767 2648 sejungere
1789 2594 1847 2632 se
1869 2583 2094 2631 coactus

392 2670 477 2722 est
523 2666 875 2736 Augustinus
915 2669 1121 2736 (Epist.
1162 2668 1269 2737 85).
1312 2666 1646 2732 Antonium,
1689 2682 1862 2738 quem
1903 2683 2094 2721 secum

392 2754 640 2810 habebat
668 2755 729 2809 in
759 2755 1105 2809 monasterio
1132 2771 1234 2808 suo
1266 2771 1297 2808 a
1334 2756 1572 2826 parvula
1596 2760 1758 2809 aetate
1790 2756 2092 2823 nutritum,

391 2843 465 2899 ad
495 2844 884 2898 Fussalensem
914 2843 1309 2914 episcopatum
1334 2844 1631 2915 provexit:
1654 2860 1721 2897 eo
1749 2848 1942 2898 tamen
1974 2860 2095 2897 mu-

394 2947 529 2986 nere
558 2931 637 2985 sic
665 2930 761 2985 ille
784 2937 1135 3002 praepostere
1174 2932 1402 2987 functus
1441 2936 1544 2997 est,
1569 2937 1636 2986 ut
1665 2932 1786 3003 ipse
1824 2933 2092 3003 Augusti-

396 3036 504 3074 nus
533 3035 776 3075 mmrore
812 3020 1203 3087 discruciatus,
1232 3021 1382 3092 quod
1424 3022 1549 3092 ejus
1588 3020 1935 3093 episcopatui
1976 3022 2093 3075 suf-

396 3106 649 3178 fragatus
694 3108 914 3175 fuisset,
967 3108 1038 3162 de
1080 3108 1397 3162 abdicanda
1446 3108 1754 3179 episcopali
1795 3108 2094 3179 dignitate,

395 3200 463 3250 ut
504 3212 563 3250 se
610 3196 874 3250 lamentis
919 3195 1102 3249 errori
1149 3212 1252 3249 suo
1307 3195 1779 3249 convenientibus
1837 3196 2091 3263 dederet,

393 3283 658 3354 cogitarit
699 3284 899 3353 (Epist.
947 3286 1072 3350 209,
1120 3299 1217 3338 nn.
1269 3285 1322 3349 3,
1377 3284 1486 3352 lO).
1521 3284 1663 3338 Rem
1705 3284 1775 3338 de
1813 3287 2093 3340 monacho

392 3372 545 3442 apud
574 3388 634 3425 se
662 3372 875 3443 pariter
904 3388 937 3425 a
965 3372 1207 3441 pueritia
1238 3371 1491 3426 enutrito
1521 3371 1726 3426 miram
1759 3372 1829 3427 ad
1859 3374 2094 3428 modum

393 3464 617 3526 narrat;
650 3476 764 3531 qua
809 3465 1042 3514 narrata
1070 3459 1339 3514 eumdem
1388 3463 1581 3513 tamen
1630 3460 1769 3515 dicit
1814 3477 1928 3515 non
1958 3478 2092 3532 per-

389 3548 667 3602 mansisse
702 3549 763 3602 in
794 3548 1089 3619 proposito
1118 3548 1433 3603 sanctitatis
1465 3549 1563 3621 (De
1599 3549 1790 3605 Genesi
1819 3551 1894 3604 ad
1932 3552 2091 3618 Litt.,

391 3636 485 3692 lib.
523 3639 609 3704 42,
637 3652 732 3691 nn.
766 3640 855 3704 37,
883 3638 995 3707 38).

460 3727 513 3780 6.
564 3724 789 3790 Quanto
838 3724 1160 3780 chariorem
1202 3725 1453 3783 habebat
1507 3727 1776 3783 Ordinem
1815 3728 2091 3782 monasti-

389 3828 541 3879 cum,
574 3816 736 3867 tanto
770 3813 1185 3869 monachorum
1225 3814 1416 3885 lapsus
1457 3818 1515 3869 et
1554 3816 1767 3886 probra
1798 3815 2094 3871 molestius

388 3898 633 3965 ferebat;
661 3914 790 3954 cum
822 3916 890 3954 ea
913 3900 1192 3954 nimirum
1221 3902 1661 3955 adversarentur
1687 3900 1876 3955 studio
1912 3900 2092 3971 ipsius

388 3992 445 4042 et
473 3992 626 4056 voto,
658 4005 773 4060 quo
805 3994 1064 4043 sanctum
1098 3989 1238 4044 illud
1269 3990 1598 4044 institutum
1628 4005 1735 4060 per
1762 3990 2090 4044 universam

384 4076 654 4145 Africam,
684 4082 750 4132 ut
783 4077 906 4148 jam
949 4078 1009 4131 in
1038 4077 1167 4131 aliis
1197 4078 1352 4131 orbis
1390 4078 1686 4131 christiani
1715 4079 2000 4148 partibus,
2034 4085 2093 4134 et

386 4164 691 4235 propagari
720 4170 776 4218 et
798 4164 1003 4218 ﬂorere
1029 4166 1311 4235 cupiebat.
1348 4166 1553 4219 Verum
1585 4165 1841 4219 dolorem
1878 4171 2088 4237 tempe-

384 4252 568 4319 rabat,
599 4252 701 4306 ubi
729 4252 1061 4307 attendebat
1105 4269 1232 4306 eam
1280 4269 1423 4320 esse,
1476 4254 1592 4307 Deo
1641 4254 1723 4307 ita
1762 4254 2087 4323 ordinante,

385 4342 557 4411 hujus
584 4340 717 4394 vitae
757 4340 1166 4405 conditionem,
1197 4345 1262 4395 ut
1301 4357 1585 4412 nusquam
1614 4341 1730 4395 sint
1758 4358 1935 4412 grana
1963 4344 2089 4399 sine

384 4431 569 4500 palea,
595 4444 881 4499 nusquam
926 4428 1215 4484 frumenta
1251 4429 1362 4483 nisi
1392 4430 1543 4484 inter
1581 4429 1799 4485 zizania
1829 4447 1843 4486 :
1878 4432 2089 4503 ubique

383 4520 578 4572 autem
623 4516 863 4576 animas.
908 4516 1083 4571 etiam
1123 4519 1238 4572 Deo
1286 4519 1359 4572 ob
1398 4518 1740 4573 munditiem
1781 4520 2084 4589 proximas,

382 4605 444 4659 in
469 4604 663 4659 medio
690 4604 936 4659 ﬁliarum
968 4605 1114 4660 sicut
1150 4605 1271 4660 lilia
1299 4605 1451 4660 inter
1488 4606 1681 4677 spinas
1711 4606 1954 4672 versari;
1983 4610 2088 4662 hoc

385 4697 488 4760 est,
520 4708 651 4746 cum
696 4692 768 4746 iis
815 4693 1133 4748 necessario
1164 4694 1341 4749 vitam
1392 4711 1583 4766 agere,
1617 4712 1745 4766 quae
1792 4696 1925 4750 licet
1955 4696 2086 4750 tilias

382 4784 619 4851 propter
649 4788 1002 4836 sacramenta
1027 4782 1279 4850 Domini,
1298 4783 1477 4854 spinae
1501 4788 1693 4837 tamen
1716 4784 1827 4838 sint
1853 4790 2087 4855 propter

383 4884 570 4922 mores
612 4884 741 4922 suos
782 4868 1001 4939 (Enarr.
1047 4873 1105 4925 in
1146 4872 1287 4926 Psal.
1325 4886 1477 4940 xmx,
1507 4889 1561 4927 n.
1604 4874 1686 4942 8).
1728 4874 2086 4944 Quapropter

381 4953 528 5008 sicut
556 4954 774 5008 nullam
795 4955 1180 5009 conditionem
1208 4958 1430 5011 volebat
1459 4957 1540 5011 ita
1567 4958 1808 5027 laudari,
1842 4964 1906 5014 ut
1935 4961 2085 5014 mala

379 5046 706 5097 tacerentur
732 5058 862 5113 quin
900 5043 981 5096 ibi
1018 5043 1197 5098 mixta
1232 5050 1397 5111 sunt;
1439 5046 1518 5099 ita
1557 5062 1662 5100 nec
1699 5047 2001 5116 probabat,
2036 5050 2083 5102 si

381 5130 482 5202 qui
510 5130 886 5185 monasticam
914 5131 1332 5201 professionem
1361 5133 1535 5187 nimis
1564 5135 1727 5189 valde
1753 5126 2078 5204 laudarent,

378 5223 444 5274 ut
467 5235 536 5272 ea
560 5218 678 5274 sola
706 5218 942 5290 proprio
964 5219 1126 5290 quasi
1156 5222 1530 5291 praerogativo
1553 5221 1683 5292 jure
1713 5224 1971 5293 reprobis
1996 5242 2081 5279 ca-

379 5324 505 5363 rere
532 5308 863 5363 hominibus
889 5308 1078 5379 putari
1110 5313 1320 5379 posset.
1358 5311 1438 5363 Tu
1474 5312 1573 5379 qui
1609 5311 1825 5377 laudas,
1865 5313 1963 5379 ait,
1992 5314 2078 5368 dic

375 5398 577 5451 mixtos
604 5397 808 5462 malos;
842 5400 901 5450 tu
929 5398 1028 5466 qui
1055 5400 1354 5466 vituperas,
1377 5399 1501 5451 vide
1529 5400 1608 5452 ibi
1636 5406 1684 5454 et
1716 5401 1892 5455 bonos.
1915 5403 2007 5455 Sic
2028 5407 2079 5455 et

378 5486 436 5537 in
469 5485 570 5538 illa
596 5488 716 5539 vita
755 5487 1023 5539 communi
1048 5487 1313 5552 fratrum,
1347 5502 1466 5555 quae
1500 5492 1577 5541 est
1611 5503 1666 5540 in
1704 5493 2025 5544 monasterio
2056 5510 2073 5545 :

378 5576 563 5637 magni
591 5577 702 5626 viri
729 5576 924 5634 sancti,
948 5574 1189 5642 quotidie
1210 5577 1265 5628 in
1299 5575 1533 5642 hymnis,
1558 5579 1614 5628 in
1638 5578 1994 5641 orationibus,
2016 5582 2074 5632 in

1650 338 1802 391 VlTA
1849 336 1885 391 S
1951 335 2326 391 AUGUSTINI
2370 334 2698 390 EPISCOPI.
3822 338 3915 389 180

2205 458 2457 513 laudibus
2486 460 2601 524 Dei,
2634 457 2761 512 inde
2784 458 2994 523 vivunt,
3025 470 3147 511 cum
3175 456 3394 511 lectione
3418 454 3531 511 illis
3555 471 3643 512 res
3672 461 3792 523 est;
3827 457 3918 511 la-

2207 547 2399 601 borant
2426 548 2677 601 manibus
2705 548 2840 612 suis,
2873 545 2999 599 inde
3028 560 3082 599 se
3112 548 3452 613 transigunt;
3484 561 3592 601 non
3619 561 3793 599 avare
3822 547 3920 599 ali-

2207 636 2343 704 quid
2368 641 2578 704 petunt,
2609 635 2884 705 quidquid
2912 638 2985 688 eis
3015 635 3254 700 infertur
3276 650 3310 686 a
3330 636 3442 703 piis
3470 635 3773 701 fratribus,
3800 650 3917 687 cum

2206 727 2539 793 sufﬁcientia
2567 727 2617 777 et
2646 740 2766 777 cum
2794 725 3061 777 charitate
3089 727 3348 788 utuntur;
3369 738 3520 777 nemo
3547 723 3658 777 sibi
3680 727 3919 792 usurpat

2207 813 2443 881 aliquid,
2460 812 2603 881 quod
2626 813 2765 865 alter
2784 827 2890 865 non
2911 812 3104 865 habeat
3127 831 3142 878 ;
3166 826 3343 865 omnes
3368 826 3424 866 se
3448 811 3710 878 diligunt,
3733 827 3917 866 omnes

2206 904 2430 954 invicem
2454 916 2509 953 se
2535 902 2820 954 sustinent.
2844 900 3130 965 Laudasti,
3162 899 3442 953 laudasti:
3468 902 3567 968 qui
3586 902 3755 953 nescit
3778 899 3920 969 quid

2207 991 2437 1043 interius
2470 993 2690 1055 agatur,
2722 990 2820 1058 qui
2852 990 3019 1041 nescit
3048 988 3309 1055 quomodo
3346 989 3441 1041 illo
3475 992 3631 1042 vento
3670 991 3919 1043 intrante

2207 1080 2371 1131 etiam
2399 1092 2561 1131 naves
2588 1092 2642 1130 se
2668 1078 2728 1130 in
2752 1081 2915 1145 portu
2940 1076 3221 1139 collidunt,
3256 1078 3430 1129 intrat
3459 1079 3621 1144 quasi
3647 1080 3917 1131 securita-

2210 1170 2311 1219 tem
2339 1181 2582 1234 sperans,
2606 1168 2865 1218 neminem
2888 1180 3042 1234 quem
3068 1166 3248 1218 tolerct
3265 1166 3585 1231 habiturus;
3605 1168 3764 1221 inren
3774 1168 3821 1220 it
3838 1166 3920 1219 ibi

2206 1256 2409 1321 fratres
2439 1255 2625 1317 malos,
2652 1255 2749 1322 qui
2775 1256 2910 1307 mali
2933 1255 3173 1307 inveniri
3190 1268 3295 1306 non
3312 1258 3547 1322 possent,
3569 1255 3679 1308 nisi
3705 1255 3919 1308 admit-

2208 1348 2445 1396 terentur
2478 1340 2547 1412 (et
2574 1357 2780 1397 necesse
2808 1347 2886 1396 est
2912 1346 2973 1395 ut
2996 1344 3174 1410 primo
3205 1342 3515 1409 tolerentur,
3538 1358 3603 1395 ne
3629 1345 3775 1409 forte
3801 1359 3922 1397 cor-

2204 1435 2487 1500 rigantur;
2515 1447 2609 1485 nec
2646 1430 2865 1485 excludi
2900 1432 3063 1498 facile
3091 1434 3340 1499 possunt,
3369 1432 3480 1485 nisi
3503 1433 3662 1500 prius
3697 1434 3915 1499 fuerint

2207 1522 2437 1588 tolerati)
2474 1537 2487 1574 :
2518 1524 2570 1573 et
2604 1523 2666 1588 ﬁt
2706 1522 2821 1588 ipse
2858 1519 3208 1573 intolerandae
3248 1521 3621 1589 impatientia.
3665 1521 3804 1586 Quis
3833 1537 3921 1574 me

2205 1610 2307 1663 huc
2342 1609 2658 1677 quaerebat?
2698 1611 2811 1675 Ego
2836 1608 3100 1677 putabam
3140 1609 3271 1676 quia
3311 1609 3555 1662 charitas
3591 1613 3670 1662 est
3698 1611 3808 1665 hic.
3846 1612 3916 1663 Et

2202 1712 2501 1767 paucorum
2539 1696 2813 1749 hominum
2843 1696 3089 1749 molestia
3127 1698 3395 1760 irritatus,
3429 1696 3560 1750 dum
3586 1711 3694 1750 non
3718 1712 3913 1766 perse-

2206 1788 2473 1838 veraverit
2502 1785 2724 1853 implere
2743 1783 2887 1852 quod
2906 1787 3069 1849 vovit,
3092 1783 3161 1854 ﬁt
3181 1784 3420 1838 desertor
3442 1789 3552 1838 tam
3582 1789 3761 1839 sancti
3780 1802 3912 1855 pro-

2204 1876 2391 1943 positi,
2423 1881 2473 1926 et
2501 1888 2623 1926 reus
2652 1875 2765 1925 roti
2793 1888 2899 1925 non
2929 1872 3153 1925 redditi.
3185 1874 3307 1925 Jam
3335 1888 3458 1926 vero
3488 1889 3606 1927 cum
3634 1874 3764 1927 inde
3791 1879 3914 1928 eri-

2205 1965 2328 2027 erit,
2358 1966 2419 2031 fit
2444 1965 2493 2014 et
2514 1962 2629 2029 ipse
2658 1962 2995 2028 vituperator
3024 1964 3072 2012 et
3096 1960 3389 2014 maledicus
3413 1979 3430 2015 :
3462 1966 3511 2015 et
3540 1961 3675 2015 dicit
3702 1978 3768 2015 ea
3794 1964 3915 2017 sola

2206 2064 2324 2117 quae
2352 2050 2512 2116 quasi
2546 2063 2601 2101 se
2625 2050 2749 2117 pati
2776 2064 2879 2101 non
2913 2050 3155 2117 potuisse
3192 2054 3497 2115 asseverat;
3528 2054 3580 2103 et
3607 2052 3914 2118 aliquando

2204 2152 2349 2191 vera.
2383 2138 2488 2191 Sed
2514 2153 2643 2190 vera
2672 2138 2935 2190 malorum
2965 2136 3249 2190 toleranda
3277 2143 3405 2191 sunt
3430 2143 3655 2208 propter
3684 2143 3916 2193 societa-

2208 2230 2309 2278 tem
2337 2226 2609 2280 bonorum.
2639 2228 2778 2279 Dicit
2806 2227 2894 2279 illi
2915 2227 3199 2294 Scriptura
3220 2242 3233 2279 :
3258 2244 3287 2276 α
3310 2227 3401 2279 Vm
3421 2226 3509 2280 bis
3530 2226 3630 2297 qui
3650 2229 3916 2297 perdide-

2208 2318 2342 2367 runt
2362 2313 2794 2367 sustinentiam!
2822 2332 2849 2364 ι)
2871 2314 3050 2383 (Eccli.
3080 2331 3137 2374 ιι,
3165 2314 3273 2384 l6).
3297 2317 3367 2369 Et
3383 2315 3527 2383 quod
3546 2321 3623 2370 est
3646 2319 3912 2387 amplius,

2205 2406 2384 2455 ructat
2414 2401 2813 2470 indignationis
2837 2404 3040 2456 malum
3069 2403 3303 2469 odorem,
3336 2404 3477 2457 unde
3505 2405 3809 2459 absterreat
3833 2410 3917 2460 in-

2208 2494 2475 2556 traturos;
2503 2492 2637 2559 quia
2664 2492 2781 2559 ipse
2809 2506 2927 2544 cum
2958 2492 3235 2556 intrasset,
3255 2491 3558 2559 perdurare
3576 2508 3683 2546 non
3699 2498 3909 2562 potuit.

2207 2579 2401 2644 Quales
2457 2578 2581 2633 illi?
2617 2579 2819 2646 Invidi,
2869 2580 3191 2645 litigatores,
3239 2583 3503 2635 neminem
3553 2584 3907 2648 sustinentes,

2207 2668 2397 2732 avari;
2424 2666 2516 2720 ille
2543 2666 2624 2719 ibi
2650 2667 2792 2720 illud
2819 2669 2971 2735 fecit,
3003 2673 3051 2721 et
3082 2669 3172 2721 ille
3200 2668 3281 2721 ibi
3307 2668 3447 2722 illud
3474 2672 3631 2736 fecit.
3671 2671 3714 2726 Ο
3747 2673 3912 2737 male,

2209 2769 2377 2823 quare
2410 2758 2549 2808 taces
2590 2754 2793 2809 bonos?
2821 2755 2961 2821 Quos
3004 2757 3230 2809 tolerare
3261 2772 3367 2810 non
3398 2761 3648 2827 potuisti,
3674 2760 3866 2828 jactas
3897 2779 3915 2814 :

2208 2844 2305 2910 qui
2335 2846 2382 2895 te
2409 2842 2614 2896 malum
2642 2843 3025 2911 toleraverunt,
3056 2848 3216 2898 taces.
3258 2845 3414 2898 Hanc
3455 2844 3649 2917 itaque
3690 2849 3919 2918 profes-

2207 2929 2426 2983 sionem
2457 2946 2588 2984 cum
2618 2935 2786 3001 portu
2805 2933 3191 3002 comparabat,
3211 2932 3269 2987 in
3295 2950 3407 3004 quo
3436 2934 3654 2989 felicius
3672 2936 3914 3006 quidem

2208 3034 2382 3089 quam
2408 3018 2467 3072 in
2496 3019 2698 3090 pelago
2728 3036 2919 3084 naves,
2943 3026 3002 3074 at
3030 3037 3143 3074 non
3166 3038 3293 3075 cum
3325 3028 3440 3076 tota
3461 3024 3758 3079 securitate
3780 3042 3916 3079 con-

2207 3106 2431 3160 sistunt.
2474 3108 2645 3161 Habet
2683 3111 2845 3175 enim,
2882 3109 3200 3179 inquiebat,
3232 3112 3481 3166 alicunde
3506 3116 3557 3166 et
3581 3118 3776 3182 portus
3807 3116 3912 3168 ad-

2206 3198 2343 3249 itum
2373 3214 2389 3249 :
2420 3197 2469 3249 si
2495 3201 2683 3265 portus
2709 3197 2924 3251 aditum
2953 3213 3020 3251 ea:
3050 3200 3202 3252 nulla
3226 3205 3384 3267 parte
3409 3201 3644 3267 haberet,
3665 3204 3823 3256 nulla
3854 3207 3913 3256 in

2207 3300 2325 3337 eum
2346 3287 2505 3338 navis
2535 3287 2800 3351 intraret;
2831 3291 3035 3355 oportet
3065 3302 3188 3353 ergo
3215 3292 3275 3341 ut
3306 3304 3371 3342 ea:
3401 3290 3592 3357 aliqua
3618 3296 3778 3359 parte
3807 3307 3917 3360 pa-

2206 3378 2314 3426 teat
2347 3389 2360 3427 :
2388 3373 2687 3443 aliquando
2716 3379 2895 3429 autem
2914 3391 3011 3443 per
3030 3391 3146 3429 eam
3169 3381 3385 3445 partem
3404 3393 3513 3447 qua
3527 3383 3703 3448 patet,
3718 3387 3913 3434 ventus

2207 3462 2399 3527 irruit;
2430 3466 2479 3515 et
2509 3463 2603 3516 ubi
2632 3463 2839 3532 scopuli
2867 3478 2972 3517 non
3000 3469 3145 3531 sunt,
3176 3480 3340 3519 naves
3369 3481 3425 3520 se
3453 3469 3681 3522 invicem
3710 3469 3913 3524 collisa

2206 3552 2577 3619 confringant.
2607 3552 2707 3607 Ubi
2724 3569 2849 3621 ergo
2864 3556 3147 3621 securitas,
3168 3557 3220 3608 si
3239 3571 3331 3610 nec
3347 3558 3404 3611 in
3424 3561 3624 3624 portu?
3641 3561 3712 3613 Et
3731 3564 3912 3613 tamen

2204 3644 2490 3708 utcumque
2517 3642 2783 3707 feliciores
2812 3644 2871 3695 in
2902 3648 3069 3711 portu
3096 3659 3260 3712 quam
3288 3645 3348 3699 in
3373 3647 3589 3715 pelago,
3618 3648 3910 3713 fatendum

2204 3734 2301 3793 est,
2342 3729 2729 3784 concedendum
2776 3734 2870 3795 est,
2924 3747 3108 3785 verum
3159 3737 3255 3787 est.
3303 3735 3500 3787 Ament
3544 3749 3600 3788 se
3636 3750 3800 3789 naves
3852 3739 3912 3789 in

2198 3821 2384 3886 portu,
2416 3819 2542 3871 bene
2569 3798 2679 3872 sibi
2702 3821 3064 3888 applicentur,
3096 3836 3203 3874 non
3237 3822 3346 3874 sibi
3380 3822 3711 3877 collidantur
3748 3840 3761 3877 :
3793 3840 3910 3879 ser-

2204 3910 2358 3959 vetur
2377 3906 2456 3959 ibi
2474 3908 2737 3975 parilitas
2756 3909 3167 3976 azquabilitatis,
3187 3913 3492 3965 constantia
3515 3912 3837 3977 charitatis;
3860 3920 3912 3967 et

2203 3993 2421 4061 quando
2439 3998 2581 4061 forte
2598 4003 2786 4049 ventus
2807 4012 2873 4049 ea:
2899 3998 2997 4050 illa
3019 4003 3200 4066 parte,
3229 4015 3339 4068 qua
3363 4005 3535 4069 patet,
3565 4002 3811 4067 irrueril,
3836 4006 3909 4055 sit

2201 4082 2281 4135 ibi
2309 4087 2469 4136 cauta
2496 4084 2833 4149 gubernatio.
2866 4087 3008 4139 Nam
3033 4087 3169 4154 quid
3197 4087 3442 4142 dicturus
3468 4094 3544 4142 est
3573 4091 3729 4157 mihi,
3758 4096 3906 4158 quis-

2202 4169 2324 4239 quis
2362 4171 2559 4225 talibus
2592 4172 2720 4226 locis
2748 4175 2890 4239 forte
2918 4180 3128 4242 praeest,
3160 4178 3268 4229 imo
3306 4178 3471 4231 servit
3507 4179 3809 4249 fratribus,
3847 4184 3905 4233 in

2202 4260 2286 4313 his
2316 4275 2433 4328 quae
2460 4265 2788 4314 monasteria
2809 4262 3110 4318 dicuntur?
3138 4265 3273 4333 quid
3294 4265 3540 4320 dicturus
3560 4267 3680 4322 est?
3701 4269 3907 4324 Cautus

2201 4362 2309 4413 ero,
2357 4348 2818 4402 nullum'malum
2863 4350 3171 4405 admittam.
3223 4352 3491 4418 Quomodo
3535 4355 3747 4409 nullum
3794 4373 3907 4411 ma-

2203 4434 2313 4487 lum
2352 4433 2648 4488 admittes?
2688 4438 2912 4492 Nullum
2954 4440 3219 4493 hominem
3258 4442 3480 4508 malum,
3522 4444 3732 4497 nullum
3780 4448 3906 4512 fra-

2201 4525 2335 4574 trem
2379 4523 2582 4577 malum
2622 4526 2915 4580 intrantem
2961 4528 3301 4583 admissurus
3342 4544 3498 4597 sum;
3548 4546 3667 4585 cum
3709 4537 3907 4601 paucis

2200 4608 2349 4663 bonis
2385 4610 2511 4664 bene
2542 4613 2681 4666 mihi
2717 4616 2837 4668 erit.
2877 4617 2978 4669 Ubi
3015 4621 3285 4685 cognoscis
3325 4635 3479 4687 quem
3515 4621 3657 4686 forte
3694 4623 3780 4674 vis
3810 4638 3902 4676 e12-

2198 4698 2452 4755 cludere?
2486 4702 2552 4753 Ut
2589 4707 2938 4767 cognoscatur
2978 4707 3173 4773 matus,
3224 4709 3372 4761 intus
3415 4709 3736 4777 probandus
3776 4717 3855 4766 est
3888 4730 3901 4766 :

2198 4788 2458 4854 quomodo
2482 4804 2604 4855 ergo
2621 4792 2865 4846 emetudis
2886 4794 3243 4861 intraturum,
3267 4798 3364 4864 qui
3380 4802 3568 4865 postea
3583 4798 3904 4866 probandus

2196 4879 2292 4940 est,
2317 4880 2366 4928 et
2390 4877 2622 4944 probari
2644 4880 2757 4933 nisi
2780 4881 3069 4937 intraverit
3096 4898 3202 4937 non
3218 4888 3437 4953 potest?
3460 4887 3696 4955 Repelles
3723 4903 3903 4941 omnes

2194 4962 2401 5017 malos?
2432 4967 2575 5020 Dicis
2607 4969 2767 5033 enim,
2795 4973 2846 5022 et
2873 4972 3020 5024 nosti
3044 4973 3326 5041 inspicere.
3359 4974 3548 5027 Omnes
3575 4974 3741 5028 nudis
3770 4992 3898 5030 cor-

2194 5050 2352 5105 dibus
2380 5053 2456 5106 ad
2484 5058 2533 5107 te
2559 5056 2822 5111 veniunt?
2852 5058 2957 5123 Qui
2985 5061 3252 5113 intraturi
3280 5067 3426 5125 sunt,
3454 5064 3564 5131 ipsi
3591 5078 3647 5117 se
3668 5080 3774 5117 non
3801 5082 3895 5119 no-

2193 5144 2418 5203 verunt;
2451 5149 2653 5209 quanto
2683 5146 2861 5198 minus
2889 5146 2986 5201 tu?
3015 5149 3182 5203 Multi
3206 5151 3347 5203 enim
3375 5151 3483 5204 sibi
3505 5155 3896 5222 promiserunt,

2193 5228 2337 5295 quod
2364 5231 2644 5299 impleturi
2681 5223 2853 5287 essent
2881 5236 3034 5290 illam
3064 5238 3234 5291 vitam
3263 5244 3507 5294 sanctam
3534 5243 3594 5293 in
3627 5257 3903 5299 commune

2192 5317 2471 5372 habentem
2500 5323 2704 5388 omnia,
2747 5322 2843 5375 ubi
2882 5338 3033 5377 nemo
3073 5325 3210 5380 dicit
3244 5327 3462 5395 aliquid
3491 5344 3668 5394 suum,
3701 5332 3900 5399 quibus

2190 5410 2267 5458 est
2295 5421 2406 5459 una
2434 5410 2620 5461 anima
2649 5415 2699 5462 et
2727 5425 2816 5463 cor
2844 5427 3011 5466 unum
3041 5416 3097 5467 in
3128 5418 3291 5469 Deum
3328 5432 3340 5469 ε
3366 5419 3521 5470 missi
3548 5424 3674 5471 sunt
3700 5421 3759 5472 in
3786 5423 3895 5487 for-

2189 5510 2395 5559 nacem,
2452 5500 2502 5548 et
2554 5503 2893 5565 crepuerunt.
2947 5501 3216 5567 Quomodo
3271 5519 3395 5571 ergo
3442 5509 3714 5571 cognoscis
3756 5525 3894 5577 eum,

2187 5585 2284 5650 qui
2310 5583 2417 5636 sibi
2445 5585 2559 5651 ipse
2587 5584 2763 5640 adhuc
2788 5588 3004 5655 ignotus
3036 5590 3154 5645 est?
3182 5592 3455 5646 Emetudes
3486 5595 3657 5650 malos
3684 5598 3894 5661 fratres

2154 6350 2218 6358 -——
