4060 6348
128 307 216 358 181

117 442 150 477 u
182 431 451 481 conventu
478 426 778 485 bonorum?
822 432 899 485 De
926 429 1083 485 corde
1111 435 1223 501 tuo,
1255 435 1503 502 quisquis
1534 438 1642 490 ista
1665 435 1824 503 dicis,

118 529 303 569 omnes
335 516 509 570 malas
539 518 908 585 cogitationes,
937 522 988 574 si
1012 524 1180 589 potes,
1212 521 1452 577 exclude.
1487 524 1589 578 Ubi
1604 539 1728 591 ergo
1755 540 1828 580 se-

117 605 337 657 curitas
353 607 382 659 ?
408 607 508 658 Hic
535 620 826 675 nusquam,
846 608 905 660 in
933 609 1043 663 ista
1067 611 1186 663 vita
1200 625 1469 679 nusquam
1489 614 1602 666 nisi
1625 615 1684 666 in
1712 614 1826 667 sola

116 707 211 761 spe
232 695 634 761 promissorum
664 697 761 749 Dei
788 694 1009 765 (Enarr.
1042 699 1100 751 in
1135 698 1280 753 Psal.
1314 714 1456 767 xcrx,
1495 715 1589 756 nn.
1616 702 1821 766 10,11).

186 784 243 834 7.
281 781 570 836 Caeterum
605 782 945 838 humillimae
980 784 1145 839 sortis
1174 785 1459 858 homines,
1488 788 1621 843 licet
1649 788 1719 844 de
1748 790 1824 843 il-
1852 794 1859 801 '

116 866 186 921 lis
235 868 436 923 minus
463 876 749 925 constaret
785 888 857 926 an
886 889 1018 928 vere
1047 873 1240 929 animo
1272 876 1385 930 Deo
1415 876 1717 945 serviendi,
1751 894 1823 932 an

116 956 313 1027 potius
361 958 764 1014 commodioris
804 961 1221 1033 ornatiorisque
1272 963 1403 1019 vitae
1446 980 1641 1020 amore
1664 966 1823 1020 veni-

118 1047 265 1105 rent,
327 1045 557 1100 excludi
610 1047 815 1103 noluit.
876 1050 1031 1104 Nunc
1082 1055 1279 1119 autem,
1338 1051 1554 1123 inquit,
1603 1055 1825 1107 ueniunt

112 1134 440 1202 plerumque
481 1134 557 1188 ad
608 1136 745 1190 hanc
784 1140 1173 1206 professionem
1214 1141 1493 1195 servitutis
1536 1142 1635 1195 Dei
1680 1146 1730 1195 et
1757 1158 1824 1195 ea:

116 1222 427 1276 conditio-ne
464 1225 670 1292 servili,
703 1227 787 1279 vel
814 1229 985 1280 etiam
1034 1228 1234 1294 liberti,
1279 1230 1362 1283 vel
1392 1234 1619 1298 propter
1665 1230 1759 1284 hoc
1788 1247 1824 1283 ιι

118 1310 360 1364 dominis
392 1310 612 1366 liberati
639 1316 749 1367 sive
790 1313 1079 1383 liberandi,
1118 1320 1169 1370 et
1205 1331 1273 1370 ea:
1297 1319 1415 1370 vita
1442 1320 1742 1383 rusticana,
1772 1322 1823 1373 et

117 1414 182 1452 ea:
207 1401 466 1467 opiﬁcum
496 1402 880 1457 exercitatione
917 1407 966 1457 et
985 1404 1192 1472 plebeio
1221 1404 1419 1469 labore,
1449 1408 1599 1460 tanto
1637 1408 1823 1475 utique

115 1488 357 1553 felicius,
382 1494 587 1556 quanto
603 1492 805 1556 fortius
830 1490 1045 1546 educati
1075 1507 1090 1545 :
1119 1494 1217 1560 qui
1238 1495 1289 1547 si
1310 1509 1415 1547 non
1434 1492 1819 1559 admittuntur,

116 1592 288 1642 grave
315 1577 573 1633 delictum
601 1584 698 1634 est.
725 1582 888 1635 Multi
910 1583 1050 1636 enim
1071 1598 1138 1635 ea:
1158 1598 1217 1637 eo
1241 1598 1462 1638 numero
1488 1599 1609 1638 vere
1634 1586 1822 1652 magni

117 1671 167 1718 et
203 1666 468 1721 imitandi
514 1671 861 1723 exstiterunt.
917 1671 1059 1726 Nam
1101 1674 1391 1740 propterea
1444 1690 1474 1724 α
1505 1676 1562 1726 et
1589 1671 1820 1726 inﬁrma

117 1754 321 1808 mundi
369 1755 542 1825 elegit
590 1758 759 1826 Deus,
792 1761 855 1812 ut
898 1758 1271 1813 confunderet
1298 1759 1496 1826 fortia;
1546 1763 1604 1815 et
1644 1760 1818 1815 stulta

119 1842 320 1897 mundi
352 1843 547 1914 elegit,
581 1849 644 1900 ut
684 1845 1057 1901 confunderet
1104 1847 1415 1918 sapientes;
1449 1852 1505 1903 et
1540 1847 1819 1919 ignobilia

117 1930 336 1993 mundi,
370 1936 430 1986 et
460 1948 527 1986 ea
555 1949 685 2004 quas
724 1950 838 1988 non
870 1939 1002 1989 sunt
1028 1939 1299 2007 tanquam
1332 1935 1463 2003 sint,
1495 1940 1561 1991 ut
1588 1951 1656 1991 ea
1684 1952 1815 2008 quas

119 2022 250 2073 sunt
290 2026 643 2076 evacuentur
699 2038 713 2076 :
763 2027 826 2076 ut
866 2038 981 2077 non
1021 2023 1302 2093 glorietur
1329 2023 1513 2079 omnis
1549 2040 1679 2079 caro
1727 2041 1818 2080 co-

119 2122 237 2162 ram
276 2108 396 2162 Deo
432 2130 455 2157 ι
484 2110 525 2178 (Ι
552 2110 676 2166 Cor.
716 2127 755 2176 ι,
786 2111 997 2181 27-29).
1028 2113 1151 2166 Ηεεο
1197 2114 1381 2181 itaque
1414 2114 1513 2184 pia
1541 2118 1592 2168 et
1625 2119 1817 2168 sancta

117 2198 371 2263 cogitatio
399 2198 560 2263 facit,
592 2203 654 2253 ut
691 2201 855 2253 etiam
893 2201 1025 2255 tales
1058 2200 1442 2270 admittuntur,
1485 2203 1583 2271 qui
1608 2202 1816 2257 nullum

117 2288 353 2352 afferunt
398 2289 620 2341 mutatz
667 2288 726 2341 in
778 2288 969 2342 melius
1023 2290 1148 2342 vita:
1194 2288 1585 2344 documentum.
1632 2292 1817 2360 Neque

118 2374 254 2426 enim
273 2379 509 2443 apparet
529 2379 711 2428 utrum
736 2391 803 2428 ea:
826 2378 1104 2445 proposito
1128 2379 1406 2432 servitutis
1438 2380 1531 2431 Dei
1548 2380 1813 2445 uenerint,

119 2477 185 2515 an
220 2464 396 2515 vitam
425 2464 636 2531 inopem
677 2468 729 2516 et
772 2463 1098 2518 laboriosam
1122 2466 1392 2530 fugientes
1440 2467 1621 2531 vacui,
1658 2469 1818 2535 pasci

119 2554 275 2617 atque
318 2552 514 2604 vestiri
555 2551 841 2616 voluerint,
894 2556 945 2606 et
976 2553 1198 2621 insuper
1227 2552 1485 2607 honorari
1532 2553 1601 2607 ab
1652 2555 1749 2619 eis,
1781 2570 1817 2607 α

121 2638 311 2705 quibus
341 2642 610 2693 contemni
632 2641 936 2708 conterique
969 2645 1349 2695 consueverant
1387 2642 1479 2711 (De
1509 2642 1608 2711 0p.
1641 2643 1812 2709 Mon.,

119 2743 171 2781 η.
204 2729 314 2798 25).
351 2729 551 2799 Neque
580 2728 753 2783 etiam
783 2728 1007 2783 volebat
1030 2745 1309 2800 pauperes
1332 2728 1393 2784 in
1424 2745 1527 2783 sua
1548 2729 1814 2784 societate

114 2816 180 2870 ab
208 2816 276 2870 iis
300 2832 561 2887 unquam
585 2817 878 2887 distingui,
903 2816 1002 2887 qui
1026 2817 1583 2893 aliquidattulissent
1605 2818 1801 2887 (Serm.

119 2906 235 2970 356,
276 2920 333 2959 n.
382 2904 468 2974 9.)
518 2906 629 2959 Hac
676 2909 869 2959 mente
896 2904 1194 2975 praeditus,
1225 2905 1482 2975 profecto
1512 2921 1630 2960 non
1656 2922 1811 2959 com-

118 2992 394 3055 mittebat,
431 2998 497 3046 ut
523 2992 594 3047 ab
621 2992 719 3047 illa
747 2992 1064 3048 discederet
1091 3009 1347 3065 unquam
1378 2993 1447 3047 de
1470 2992 1813 3063 recipiendis

122 3079 482 3134 credentibus
512 3079 572 3134 in
599 3079 803 3135 Christi
847 3079 1123 3135 familiam
1152 3080 1371 3150 regula.
1399 3096 1573 3152 quam
1602 3080 1664 3136 in
1690 3082 1813 3136 haec

122 3167 284 3222 verba
309 3167 557 3238 protulit
587 3184 601 3223 :
632 3168 793 3223 Absit
819 3172 879 3222 ut
901 3170 957 3222 in
979 3168 1322 3223 tabernaculo
1356 3172 1445 3222 tuo
1471 3184 1587 3238 prae
1609 3184 1813 3239 paupe-

118 3256 264 3311 ribus
306 3258 654 3326 accipiantur
671 3271 915 3326 persona:
943 3256 1195 3319 divitum,
1223 3261 1320 3311 aut
1339 3272 1456 3327 prz
1486 3257 1810 3324 ignobilibus

116 3344 308 3399 nobiles
341 3362 355 3400 :
390 3345 612 3414 quando
636 3348 818 3414 potius
846 3344 1070 3415 inﬁrma
1099 3345 1291 3399 mundi
1320 3346 1549 3413 elegisti,
1587 3349 1649 3399 ut
1687 3362 1809 3399 con-

116 3433 368 3499 funderes
396 3436 603 3500 fortia;
627 3439 678 3488 et
702 3434 967 3500 ignobilia
989 3433 1154 3502 hujus
1172 3433 1369 3488 mundi
1392 3434 1601 3502 elegisti
1623 3437 1673 3488 et
1686 3448 1810 3488 con-

118 3521 457 3590 temptibilia,
478 3526 529 3576 et
557 3538 620 3575 ea
649 3537 767 3590 qua:
794 3538 899 3576 non
923 3526 1049 3577 sunt
1077 3527 1339 3591 tanquam
1367 3523 1501 3592 sint,
1521 3526 1583 3576 ut
1610 3537 1673 3576 ea
1692 3537 1811 3590 qua:

117 3613 236 3663 sunt
275 3625 568 3665 evacuares
617 3608 876 3679 (Con/ess.
927 3610 1022 3664 lib.
1070 3612 1123 3677 8,
1171 3626 1294 3679 cap.
1337 3611 1391 3676 4,
1439 3626 1478 3664 n
1539 3609 1615 3679 9).
1647 3609 1809 3673 Quod

119 3695 310 3752 attinet
362 3697 436 3752 ad
498 3697 719 3763 divites,
776 3697 877 3769 qui
926 3697 1142 3753 relictis
1195 3697 1313 3752 suis
1363 3698 1724 3752 facultatibus
1755 3702 1811 3751 et

123 3783 174 3838 in
219 3802 506 3856 pauperes
545 3786 813 3857 erogatis,
863 3802 979 3841 non
1024 3802 1268 3857 parvum
1295 3785 1475 3841 animi
1500 3787 1586 3840 sui
1631 3785 1807 3841 docu-

124 3879 372 3930 mentum
418 3875 667 3929 ali‘erunt
702 3891 715 3930 :
746 3877 867 3931 Non
898 3879 975 3929 est
1004 3873 1422 3939 attendendum,
1479 3872 1693 3944 inquit,
1749 3875 1810 3927 in

122 3962 304 4029 quibus
339 3965 689 4018 monasteriis
741 3963 825 4017 vel
870 3964 928 4016 in
975 3977 1079 4031 quo
1119 3961 1250 4026 loco,
1283 3961 1652 4027 indigentibus
1679 3962 1806 4027 Ira-

124 4051 281 4106 tribus
329 4054 562 4120 quisque
606 4050 667 4103 id
708 4050 851 4119 quod
894 4050 1122 4103 habebat
1170 4048 1511 4118 impenderit.
1560 4048 1810 4104 Omnium

125 4140 253 4193 enim
291 4140 730 4196 Christianorum
782 4153 894 4192 una
940 4137 1246 4207 respublica
1274 4140 1377 4192 est.
1413 4139 1482 4191 Et
1511 4136 1629 4190 ideo
1659 4139 1809 4205 quis-

125 4229 236 4293 quis
281 4228 617 4285 Christianis
668 4228 971 4280 necessaria
1016 4225 1240 4280 ubilibet
1289 4227 1587 4293 erogaverit
1616 4265 1632 4292 ,
1682 4225 1810 4279 ubi-

125 4330 334 4385 cumque
379 4318 545 4371 etiam
574 4317 706 4385 ipse,
740 4314 884 4383 quod
926 4314 1034 4368 sibi
1078 4315 1433 4368 necessarium
1461 4316 1558 4378 est,
1590 4315 1809 4382 accipit,

127 4404 185 4458 de
209 4406 413 4461 Christi
441 4406 591 4460 bonis
625 4406 844 4473 accipit.
879 4404 1022 4469 Quia
1051 4402 1369 4470 ubicumque
1396 4406 1446 4455 et
1468 4402 1583 4470 ipse
1612 4402 1811 4456 talibus

127 4492 287 4562 dedit,
317 4496 440 4562 quis
479 4495 589 4547 nisi
618 4493 864 4549 Christus
894 4492 1096 4561 accepit
1123 4493 1214 4560 (De
1256 4491 1356 4559 0p.
1395 4491 1561 4557 Mon.,
1604 4506 1667 4546 n.
1698 4492 1806 4560 33).

127 4581 198 4633 Ac
250 4584 529 4651 praeterea
584 4580 841 4635 animum
892 4578 1193 4633 induxerat
1246 4579 1340 4632 Vir
1395 4582 1642 4649 sanctus,
1669 4595 1813 4649 opus

129 4666 356 4724 istorum
387 4671 604 4724 bonum
626 4668 891 4723 nonnihil
917 4667 1186 4739 prodesse
1206 4667 1636 4735 monasterio,in
1660 4668 1813 4738 quod

131 4772 183 4809 se
222 4756 519 4828 recipiunt,
566 4756 684 4811 imo
721 4760 778 4810 et
806 4756 879 4810 ad
908 4755 1053 4810 illud
1080 4754 1393 4825 pertinere,
1423 4754 1468 4808 si
1499 4755 1670 4809 modo
1700 4756 1810 4809 fra-

130 4843 301 4899 tribus
343 4850 570 4916 gratum
617 4844 942 4900 haberetur.
998 4842 1139 4897 llinc
1186 4842 1282 4897 ubi
1318 4842 1601 4898 enarravit
1631 4844 1811 4915 Lepo-

134 4930 292 4999 rium,
323 4934 582 5004 quamvis
610 4931 805 4988 saeculi
833 4931 1121 4986 natalibus
1150 4930 1368 4985 clarum
1400 4935 1457 4984 ct
1486 4931 1639 5002 apud
1683 4948 1814 4985 suos

133 5017 517 5077 honestissimo
552 5022 675 5075 loco
701 5024 920 5087 natum,
945 5023 1135 5074 tamen
1166 5019 1280 5072 Deo
1305 5019 1426 5089 jam
1454 5019 1811 5086 servientem,

136 5110 336 5163 cunctis
365 5126 491 5182 qum
523 5110 771 5165 habebat
796 5108 1025 5170 relictis.
1054 5107 1284 5179 inopem
1312 5112 1639 5177 susceptum
1669 5122 1811 5174 esse,

136 5195 261 5265 quia
293 5199 413 5269 jam
461 5215 550 5253 res
589 5214 719 5252 suas
754 5197 818 5251 in
855 5212 1137 5268 pauperes
1168 5200 1497 5267 erogaverat
1528 5211 1542 5249 :
1574 5197 1695 5262 Hic,
1725 5195 1814 5249 in-

140 5284 273 5352 quit,
327 5302 433 5341 non
476 5289 626 5354 fecit,
682 5285 777 5341 sed
806 5300 900 5339 nos
957 5288 1155 5339 scimus
1194 5291 1244 5338 et
1295 5284 1390 5338 ubi
1434 5286 1581 5351 fecit.
1628 5286 1816 5339 Unitas

140 5370 328 5427 Christi
372 5380 421 5429 et
464 5375 713 5429 Ecclesia:
742 5388 853 5426 una
897 5377 973 5426 est
1016 5390 1031 5425 :
1063 5372 1381 5441 ubicumque
1406 5373 1539 5438 fecit
1562 5386 1693 5440 opus
1725 5371 1817 5424 bo-

141 5473 277 5527 num,
298 5464 529 5529 pertinet
575 5466 624 5516 et
666 5460 740 5514 ad
778 5474 893 5521 nos.
936 5462 987 5514 si
1008 5459 1435 5526 congaudeamus
1468 5459 1657 5530 (Serm.
1691 5461 1813 5527 356,

144 5560 197 5600 ιι.
253 5550 353 5619 l0).
395 5552 568 5606 Porro
598 5553 812 5621 praeter
855 5548 995 5603 illud
1027 5547 1438 5618 monachorum
1470 5547 1816 5611 coenobium,

1552 312 1755 369 LIBER
1791 314 2087 370 TERTIUS

3519 320 3618 372 182

1938 438 2090 508 quod
2126 437 2260 492 huic
2301 438 2615 492 narrationi
2667 438 2851 493 locum
2906 438 3079 504 dedit,
3130 443 3184 493 et
3213 440 3363 510 quod
3409 440 3631 495 videtur

1936 526 2291 599 Augustinus
2339 526 2408 581 ad
2463 543 2663 581 eorum
2707 528 3017 598 exemplar,
3066 542 3195 598 quae
3242 527 3545 583 Mediolani
3574 535 3630 583 et

1939 616 2135 669 Romae
2177 615 2359 670 multa
2389 614 2623 679 viderat,
2662 615 3007 670 constituere
3033 614 3300 683 voluisse,
3332 616 3487 671 aliud
3516 617 3628 670 cle-

1935 705 2067 759 ricis
2091 706 2211 776 jam
2239 704 2560 777 episcopus,
2589 709 2655 760 ut
2679 722 2782 760 suo
2814 706 2939 760 loco
2965 705 3295 767 videbimus,
3323 706 3519 761 erexit.

2005 795 2059 849 8.
2092 792 2215 858 Quo
2246 798 2435 848 autem
2456 794 2646 849 studio
2676 800 2734 848 et
2758 794 2993 848 consilio
3023 794 3159 848 viris
3190 796 3302 849 Deo
3332 794 3627 850 servienti-

1936 881 2043 936 bus
2072 882 2395 936 communis
2423 883 2554 936 vitaa
2572 882 2899 937 institutum
2925 882 3255 950 tradiderat,
3270 882 3469 937 eodem
3484 900 3628 954 quo-

1936 985 2048 1042 que
2069 975 2294 1025 sanctus
2319 970 2648 1042 Episcopus,
2671 970 2731 1025 in
2750 970 3008 1026 omnium
3038 972 3280 1026 salutem
3298 974 3418 1026 tota
3438 977 3628 1027 mente

1935 1058 2211 1126 intentus,
2244 1063 2307 1113 ut
2328 1059 2644 1130 virginibus
2665 1059 2887 1115 Christo
2907 1059 3105 1115 dicatis
3120 1059 3179 1115 id
3204 1059 3457 1131 praesidii
3488 1077 3631 1131 pras—

1933 1146 2114 1213 beret,
2147 1146 2428 1217 impulsus
2456 1151 2559 1202 est.
2605 1148 2747 1202 Nam
2785 1147 2892 1202 etsi
2933 1147 3177 1203 Ecclesia
3203 1148 3451 1219 virgines
3479 1166 3626 1203 sem-

1935 1251 2038 1306 per
2058 1235 2497 1307 habuerit,;quas
2524 1235 2760 1307 perinde
2790 1252 2854 1290 ac
2884 1236 3301 1291 nobilissimam
3331 1236 3627 1291 christiani

1934 1323 2123 1395 gregis
2169 1328 2391 1396 partem
2445 1328 2751 1395 spectaret;
2795 1324 2952 1379 haud
2998 1329 3191 1379 tamen
3247 1324 3363 1379 illae
3401 1340 3628 1396 semper

1931 1410 2121 1466 vixere
2150 1410 2320 1467 simul
2354 1411 2414 1466 in
2444 1411 2822 1475 monasteriis,
2855 1411 2955 1466 ubi
2985 1428 3042 1466 se
3072 1416 3272 1467 mutuo
3301 1412 3625 1467 inﬂamma-

1932 1504 2061 1554 rent
2076 1500 2148 1555 ad
2159 1498 2385 1571 pietatis
2398 1498 2848 1571 studium,atque
2861 1500 2932 1554 ab
2948 1499 3250 1555 hominum
3268 1499 3625 1556 daemonum-

1931 1604 2042 1660 que
2085 1587 2307 1642 insidiis
2343 1586 2585 1643 invicem
2634 1592 2953 1645 tuerentur.
3001 1589 3197 1660 Neque
3245 1604 3421 1660 porro
3459 1590 3623 1643 nobis

1928 1683 2285 1747 compertum
2338 1681 2443 1737 est.
2491 1692 2565 1731 an
2612 1680 2742 1731 ante
2782 1676 3168 1747 Augustinum
3206 1677 3324 1731 ulla
3352 1678 3624 1731 horumce

1928 1765 2408 1820 monasteriorum
2454 1763 2693 1835 vestigia
2730 1764 3092 1835 reperiantur
3141 1764 3202 1819 in
3239 1763 3444 1819 Africa.
3477 1766 3623 1820 Con-

1928 1857 2037 1907 stat
2064 1857 2254 1907 antem
2284 1852 2437 1905 illius
2464 1852 2818 1923 temporibus
2845 1851 3062 1923 aliquot
3090 1852 3393 1918 exstitisse;
3426 1868 3622 1923 quam-

1926 1940 2010 1995 vis
2038 1956 2153 1994 non
2183 1956 2382 1993 omnes
2409 1956 2538 2010 quae
2566 1938 2952 2009 virginitatem
2972 1938 3403 2009 profitebantur,
3425 1939 3486 1995 in
3513 1940 3624 1994 illis

1927 2045 2047 2082 sese
2098 2027 2456 2082 includerent
2500 2027 2695 2096 (Serm.
2750 2029 2874 2091 355,
2922 2042 2979 2082 n.
3028 2029 3099 2096 6).
3142 2028 3433 2081 Permulta
3462 2031 3625 2081 erant

1926 2117 2079 2188 apud
2129 2113 2725 2187 Hipponem-Regium
2757 2113 3070 2183 (Possidius,
3109 2116 3170 2168 in
3205 2116 3332 2170 Vita
3360 2116 3620 2182 August,

1926 2220 1972 2260 c.
2008 2205 2113 2273 31),
2147 2208 2204 2258 et
2226 2218 2410 2258 unum
2436 2202 2724 2273 praecipue
2752 2203 2908 2274 quod
2927 2202 3279 2274 Augustinus
3309 2204 3465 2258 velut
3489 2203 3620 2258 hor-

1925 2299 2049 2349 tum
2074 2293 2449 2359 dominicum,
2480 2296 2545 2347 ut
2580 2291 2700 2363 ipse
2731 2292 3008 2362 loquitur,
3038 2292 3396 2362 plantaverat
3425 2292 3617 2362 (Epist.

1925 2386 2049 2449 211,
2081 2398 2140 2437 n.
2195 2384 2270 2452 3).
2314 2380 2474 2435 Illius
2528 2396 2690 2434 soror
2736 2379 2879 2434 huic
2920 2379 3261 2434 monasterio
3298 2380 3622 2450 complures

1924 2487 2107 2526 annos
2132 2470 2459 2542 praefuerat,
2489 2468 2560 2523 ad
2586 2468 2808 2523 obitum
2836 2484 3018 2540 usque
3050 2483 3218 2522 suum
3250 2468 3310 2522 in
3335 2472 3526 2522 sancta
3545 2469 3622 2522 vi-

1926 2558 2143 2614 duitate
2174 2558 2289 2612 Deo
2318 2557 2658 2612 deserviens.
2694 2555 2960 2627 Ejusdem
2991 2572 3057 2609 ex
3089 2556 3259 2610 fratre
3291 2559 3488 2627 neptes
3516 2556 3620 2611 ibi-

1926 2647 2055 2702 dem
2111 2645 2394 2717 degebant
2437 2644 2756 2713 (Possidius,
2805 2646 2864 2698 in
2915 2645 3043 2698 Vita
3078 2645 3398 2710 Augustini,
3429 2660 3477 2699 c.
3508 2646 3615 2713 26).

1928 2735 2105 2805 Hujus
2151 2731 2397 2788 coenobii
2456 2730 2986 2787 sanctimonialibus
3036 2731 3262 2802 scripsit
3316 2730 3617 2802 epistolam

1926 2824 2133 2892 (Epist.
2165 2823 2261 2874 211
2282 2819 2465 2891 ),quie
2495 2819 2566 2873 ad
2587 2822 2899 2889 postremos
2926 2833 3104 2872 annos
3132 2817 3436 2889 Augustini
3461 2833 3616 2872 com-

1925 2910 2089 2964 mode
2138 2911 2451 2963 revocatur.
2504 2906 2636 2976 Ejus
2692 2905 2848 2960 enim
2896 2921 3055 2959 soror
3091 2921 3219 2976 qua:
3253 2904 3406 2958 illius
3434 2920 3618 2959 caeno.

1923 2996 2004 3052 bii
2032 2995 2339 3068 praeposita
2366 2993 2465 3048 diu
2494 2993 2856 3064 multumque
2886 2991 3012 3060 fuit,
3044 3008 3075 3047 e
3106 2992 3244 3046 vivis
3271 2993 3387 3064 jam
3417 3008 3613 3048 exces-

1923 3088 2090 3148 scrat,
2121 3087 2179 3137 et
2206 3081 2265 3135 in
2290 3080 2412 3151 ejus
2435 3080 2626 3134 locum
2652 3079 2762 3133 alia
2786 3083 3125 3134 successerat
3152 3079 3476 3150 prteposita,
3509 3080 3615 3134 sub

1923 3186 2038 3242 qua
2054 3170 2211 3224 velut
2237 3184 2339 3223 sua
2361 3172 2541 3223 matre
2559 3166 3017 3223 sanctimoniales
3045 3167 3127 3222 ibi
3147 3168 3268 3237 jam
3300 3183 3403 3239 per
3420 3182 3612 3227 annos

1921 3259 2130 3315 multos
2175 3261 2468 3312 creverant
2500 3258 2693 3327 (Epist.
2727 3258 2852 3321 211,
2882 3271 2938 3310 n.
2971 3256 3049 3324 4).
3102 3256 3168 3309 In
3196 3255 3303 3309 hoc
3331 3259 3614 3319 monaste-

1918 3347 2005 3402 rio
2034 3346 2349 3418 plurimum
2383 3345 2569 3400 solatii
2607 3344 2870 3415 capiebat
2895 3343 3270 3414 Augustinus,
3297 3343 3367 3397 de
3395 3358 3507 3414 quo
3532 3342 3613 3395 ita

1920 3435 2175 3507 loquitur
2224 3450 2238 3490 :
2270 3435 2418 3491 Soleo
2458 3433 2695 3503 gaudere
2722 3432 2788 3486 de
2813 3432 2982 3497 vobis,
3015 3436 3065 3486 et
3096 3434 3239 3486 inter
3266 3436 3422 3486 tanta
3448 3446 3612 3485 scan-

1918 3524 2068 3590 dala,
2113 3522 2309 3591 quibus
2354 3522 2551 3590 ubique
2595 3520 2839 3576 abundat
2880 3521 2966 3575 hic
3011 3520 3265 3587 mundus,
3315 3520 3613 3589 aliquando

1918 3612 2206 3676 consolari,
2229 3612 2471 3679 cogitans
2512 3612 2781 3680 copiosam
2822 3612 3303 3677 congregationem,
3330 3614 3379 3663 et
3408 3612 3614 3662 castam

1918 3700 2274 3767 dilectionem,
2316 3703 2367 3752 et
2390 3702 2632 3753 sanctam
2656 3700 3106 3752 conversationem
3140 3702 3396 3762 vestram,
3427 3701 3477 3750 et
3506 3697 3614 3751 lar-

1917 3790 2117 3855 giorem
2146 3788 2387 3852 gratiam
2425 3786 2542 3853 Dei,
2585 3800 2703 3853 qua
2744 3784 2878 3838 data
2922 3789 3001 3839 est
3023 3784 3194 3851 vobis,
3224 3788 3286 3838 ut
3313 3800 3418 3837 non
3441 3784 3613 3837 solum

1918 3876 2160 3930 carnales
2203 3875 2429 3943 nuptias
2476 3874 2897 3938 contemneretis,
2945 3888 3131 3926 verum
3160 3874 3322 3925 etiam
3347 3873 3612 3937 eligeretis

1919 3966 1978 4018 in
2006 3963 2159 4017 domo
2186 3962 2489 4016 societatem
2508 3961 2786 4014 unanimes
2815 3958 3123 4024 habitandi,
3147 3964 3208 4013 ut
3225 3961 3298 4014 sit
3320 3959 3468 4013 vobis
3487 3961 3610 4012 ani-

1918 4068 2009 4106 ma
2037 4066 2147 4105 una
2176 4055 2227 4104 et
2253 4065 2343 4104 cor
2378 4064 2545 4103 unum
2572 4050 2631 4102 in
2667 4051 2858 4103 Deum.
2893 4050 3012 4103 Haec
3049 4050 3108 4101 in
3136 4048 3286 4102 vobis
3316 4047 3470 4114 bona,
3503 4047 3613 4101 haec

1919 4141 2015 4193 Dei
2055 4138 2197 4192 dona
2226 4136 2591 4203 considerans,
2624 4138 2765 4191 inter
2800 4138 2999 4191 multas
3030 4141 3384 4206 tempestates,
3416 4135 3611 4204 quibus

1919 4244 1987 4281 ea:
2015 4228 2140 4281 aliis
2181 4228 2342 4281 malis
2385 4228 2633 4295 quatitur
2674 4241 2763 4279 cor
2808 4241 3001 4293 meum,
3046 4226 3176 4279 solet
3216 4229 3499 4294 utcumque
3534 4239 3614 4277 re-

1921 4317 2187 4386 quiescere
2241 4314 2421 4383 (Ibid.,
2450 4329 2551 4370 nn.
2589 4316 2640 4382 2,
2674 4314 2751 4383 3).
2790 4312 3055 4378 Quamvis
3083 4314 3238 4367 hunc
3262 4312 3611 4367 dominicum

1920 4403 2169 4463 hortum,
2213 4418 2386 4473 quem
2416 4417 2518 4455 suo
2564 4401 2685 4471 ipse
2726 4400 2920 4456 labore
2959 4400 3331 4471 plantaverat,
3362 4400 3613 4459 studiose

1922 4492 2131 4545 coleret
2159 4506 2222 4544 ac
2249 4490 2555 4560 diligenter
2584 4488 2877 4560 irrigaret:
2905 4489 3072 4543 illum
3097 4492 3291 4543 tamen
3319 4488 3394 4542 ad
3420 4488 3613 4543 visen-

1923 4580 2024 4634 das
2062 4577 2518 4633 sanctimoniales
2547 4594 2678 4632 raro
2718 4577 3026 4632 admodum
3064 4576 3257 4632 adibat
3284 4592 3299 4631 :
3332 4592 3435 4631 nec
3457 4577 3615 4632 enim

1922 4667 2263 4722 feminarum
2295 4665 2639 4720 monasteria
2675 4665 2851 4736 (quod
2885 4663 3173 4720 Possidius
3199 4664 3500 4720 observatu
3528 4666 3614 4720 di-

1923 4771 2102 4826 gnum
2125 4753 2423 4825 judicavit)
2445 4753 2556 4808 nisi
2582 4753 2910 4808 necessitate
2931 4768 3155 4807 summa
3182 4754 3511 4824 compulsus
3538 4754 3617 4808 vi-

1924 4843 2131 4898 sitabat
2161 4841 2478 4913 (Possidius,
2518 4844 2578 4895 in
2615 4842 2745 4897 Vita
2772 4842 3093 4908 Augustini,
3120 4856 3165 4896 ο.
3193 4840 3309 4912 26).
3344 4840 3489 4897 Sunt
3515 4840 3618 4912 qui

1926 4931 2253 4985 existiment
2281 4929 2428 4984 hanc
2454 4928 2827 5000 praepositam
2847 4928 3021 4983 fuisse
3042 4927 3225 5007 ipsam
3249 4929 3615 4999 Felicitatem,

1925 5019 2017 5073 cui
2042 5017 2396 5089 Augustinus
2427 5016 2727 5088 epistolam
2757 5033 2887 5071 cum
2903 5018 3073 5072 haece
3103 5016 3467 5089 inscriptione
3493 5035 3620 5088 per-

1927 5106 2219 5160 ferendam
2244 5105 2399 5160 dedit
2429 5122 2443 5159 :
2474 5107 2843 5160 Dilectissimae
2872 5112 2921 5160 et
2946 5108 3300 5161 sanctissima
3327 5107 3493 5160 matri
3517 5108 3617 5160 Fe-

1926 5195 2144 5263 licitati,
2169 5198 2219 5248 et
2236 5196 2411 5262 fratri
2423 5196 2661 5262 Rustico,
2685 5199 2735 5249 et
2758 5194 3031 5250 sororibus
3060 5210 3179 5264 qua
3202 5194 3472 5249 vobiscum
3490 5198 3619 5248 sunt

1929 5283 2123 5351 (Epist.
2154 5284 2298 5351 210).
2348 5284 2433 5337 An
2468 5282 2730 5338 Rusticus
2768 5281 2921 5337 illius
2959 5280 3291 5338 monasterii
3320 5279 3620 5351 presbyter

1927 5369 2118 5436 fuerit,
2158 5370 2322 5425 nobis
2350 5387 2464 5425 non
2496 5370 2693 5443 liquet.
2730 5372 2860 5426 Erat
2886 5370 3120 5443 quidam
3161 5370 3332 5439 hujus
3369 5366 3619 5422 nominis

1929 5458 2077 5513 inter
2106 5459 2464 5529 presbyteros
2494 5460 2904 5531 Hipponenses,
2937 5474 3086 5514 anno
3124 5456 3618 5528 quadringentesi-

1930 5563 2024 5602 mo
2066 5546 2340 5618 vigesimo
2381 5552 2536 5603 sexto
2590 5548 2782 5617 (Epist.
2828 5550 2955 5613 213,
2993 5562 3049 5598 n.
3097 5546 3162 5611 l).
3197 5544 3262 5597 In
3292 5544 3388 5597 illo
3426 5549 3620 5600 autem
