4060 6348
391 305 484 358 183
1625 299 1787 352 VITA
1825 297 1880 352 S.
1921 297 2094 352 AUGl

2275 297 2294 350 Ι
2337 294 2673 351 EPISCOPI.
3808 291 3899 342 184

385 426 454 480 de
509 441 624 496 quo
677 423 836 496 prius
881 421 1232 490 dicebamus,
1285 421 1546 476 coenobio
1605 421 2090 475 tumultuantibus

383 513 698 584 plurimum
719 510 1271 579 sanctimonialibus,
1296 515 1360 565 ut
1390 510 1498 564 sibi
1521 513 1838 564 mutaretur
1865 527 2088 580 praepo-

386 604 513 667 sita,
557 603 630 656 ob
660 602 835 673 idque
875 600 1181 671 Augustini
1211 604 1576 670 conspectum
1608 615 1958 670 magnopere
1997 615 2090 653 ex-

387 691 735 762 petentibus,
777 695 862 744 sat
903 689 1104 744 habuit
1145 693 1373 742 sanctus
1419 687 1730 759 Episcopus
1760 689 2089 758 objurgato-

390 780 536 834 riam
566 781 633 834 ad
666 779 790 833 illas
823 778 1122 849 epistolam
1153 777 1307 843 dare,
1341 777 1399 831 in
1429 793 1544 848 qua
1572 777 1941 831 vehementer
1970 777 2093 847 qui-

387 869 538 934 dem,
570 868 670 922 sed
702 871 894 922 tamen
923 871 1185 933 amanter
1213 865 1276 920 in
1296 881 1494 920 earum
1525 866 1755 934 culpam
1781 865 2086 920 invehitur.

389 956 627 1012 Easdem
652 955 1004 1018 cohortatur,
1031 959 1094 1008 ut
1119 955 1178 1007 in
1199 954 1672 1024 bono,proposito
1697 957 2086 1024 perseverent;

389 1045 540 1116 quod
572 1043 622 1099 si
650 1043 877 1120 faciant,
912 1045 980 1120 de
1010 1043 1285 1097 mutanda
1309 1043 1632 1114 praeposita,
1664 1058 1781 1096 non
1801 1042 1952 1096 ultra
1972 1058 2091 1096 esse

389 1133 695 1187 locuturas.
733 1119 1070 1201 Tranquillet
1091 1135 1246 1196 Deus,
1278 1131 1484 1203 inquit,
1515 1135 1565 1185 et
1585 1136 1864 1200 componat
1883 1134 2092 1185 animos

389 1227 631 1292 vestros;
664 1238 769 1276 non
815 1224 874 1275 in
920 1222 1069 1275 vobis
1113 1223 1405 1290 praedicat
1434 1236 1567 1290 opus
1600 1220 1828 1285 diaboli,
1859 1220 1954 1274 sed
1974 1236 2092 1288 pas:

392 1311 599 1365 Christi
622 1313 804 1364 vincat
824 1313 881 1364 in
911 1311 1159 1364 cordibus
1179 1312 1372 1364 vestris
1396 1324 1408 1362 :
1437 1325 1530 1363 nec
1559 1309 1738 1363 dolore
1769 1310 1941 1362 animi
1961 1311 2094 1375 quia

390 1415 498 1453 non
537 1399 606 1469 ﬁt
645 1400 794 1470 quod
832 1401 1020 1467 vultis,
1068 1399 1150 1452 vel
1180 1401 1313 1467 quia
1337 1398 1506 1467 pudet
1532 1399 1763 1451 voluisse
1792 1397 1936 1466 quod
1967 1397 2095 1450 velle

390 1503 497 1541 non
527 1487 806 1555 debuistis,
839 1488 1189 1541 erubescendo
1220 1489 1455 1541 curratis
1501 1489 1561 1540 in
1588 1491 1844 1548 mortem;
1879 1486 1973 1539 sed
2009 1501 2096 1554 po-

393 1578 501 1629 tius
525 1576 833 1644 pcenitendo
854 1578 1160 1644 ,resumatis
1201 1578 1472 1642 virtutem,
1516 1591 1608 1629 nec
1639 1575 1885 1628 habeatis
1913 1577 2093 1645 panti—

395 1667 618 1717 tentiam
644 1664 812 1718 Judae
847 1665 1151 1729 traditoris,
1184 1664 1278 1717 sed
1303 1667 1483 1732 potius
1515 1664 1785 1734 lacrymas
1815 1665 1962 1717 Petri
1987 1679 2095 1730 pa-

393 1755 556 1805 storis
583 1752 781 1821 (Epist.
811 1755 939 1818 2H,
986 1768 1048 1806 η.
1084 1754 1156 1819 4).
1199 1752 1313 1806 Sub
1361 1751 1557 1805 isthmc
1602 1753 1774 1805 verba
1820 1751 2093 1804 continuo

395 1838 598 1908 incipit
628 1839 844 1909 Regula
883 1838 1413 1893 sanctimonialibus
1437 1839 1772 1910 praescripta
1799 1839 1869 1893 ab
1907 1842 2097 1909 Augu-

395 1927 564 1995 stino,
599 1943 783 1998 eoque
813 1931 1043 1981 a'uctore
1073 1943 1308 1998 prorsus
1332 1927 1522 1998 digna.

1069 2017 1293 2072 CAPUT
1334 2018 1426 2070 VI.

399 2109 418 2158 t
455 2105 714 2159 Aurelius
744 2107 960 2159 creatur
987 2107 1265 2173 episcopus
1291 2106 1760 2173 Carthaginensis,
1791 2121 1858 2159 ea:
1882 2120 1986 2174 quo
2015 2107 2097 2158 in-

467 2198 647 2262 gentes
676 2195 736 2246 in
776 2194 1043 2247 Ecclesias
1092 2193 1390 2259 Africanas
1447 2193 1756 2247 redundant
1793 2195 2086 2249 utilitates.

467 2284 501 2334 2
528 2283 620 2336 Ad
643 2297 762 2334 eum
789 2281 976 2335 scribit
1013 2282 1375 2347 Augustinus,
1409 2297 1512 2350 quo
1541 2283 1609 2335 ab
1638 2284 1869 2336 ecclesiis
1899 2298 2095 2337 comes-

467 2372 698 2424 sationes
729 2373 779 2421 et
804 2370 944 2422 alias
975 2370 1248 2435 fmditates
1287 2373 1524 2436 auferat.
1567 2374 1596 2424 3
1626 2372 1774 2424 Dolet
1804 2373 2098 2425 contentio-

467 2474 586 2512 nem
615 2463 664 2512 et
685 2473 836 2511 vana
865 2458 1043 2512 laudis
1073 2461 1374 2527 appetitum
1402 2461 1459 2512 in
1480 2461 1612 2528 ipsis
1645 2475 1854 2529 quoque
1889 2461 2096 2513 clericis

467 2550 725 2601 inveniri.

474 2640 525 2691 1.
574 2636 712 2690 Cum
749 2635 1097 2707 Augustinus
1140 2651 1206 2688 ex
1252 2634 1413 2688 Italia
1459 2634 1628 2689 rediit
1673 2640 1915 2691 exeunte
1948 2653 2098 2692 anno

400 2724 801 2780 trecentesimo
865 2723 1214 2794 octogesimo
1259 2728 1476 2786 octavo,
1529 2725 1796 2778 Aurelius
1852 2731 1975 2780 erat
2029 2743 2095 2781 eo

396 2817 653 2884 tempore
686 2813 956 2868 diaconus
985 2812 1444 2884 Carthaginensis
1471 2813 1563 2883 (De
1579 2813 1694 2870 Civ.
1729 2817 1845 2881 Dei,
1881 2816 1972 2868 lib.
2004 2818 2094 2881 22,

392 2919 511 2972 cap.
547 2905 600 2970 8,
638 2919 693 2956 n.
730 2903 803 2972 3).
860 2901 960 2956 Hic
995 2901 1054 2955 in
1089 2917 1156 2955 eo
1196 2902 1379 2956 adhuc
1408 2902 1748 2956 constitutus
1778 2904 1983 2974 gradu,
2013 2904 2094 2958 vi-

390 2991 564 3045 tiosas
588 2991 885 3062 quasdam,
917 3007 1045 3062 quae
1077 3007 1180 3061 per
1207 2991 1457 3045 Africam
1486 2991 1723 3062 impune
1755 2994 2092 3063 regnabant,

393 3079 839 3134 consuetudines
868 3079 1240 3133 intoleranter
1259 3079 1506 3142 dolebat,
1540 3080 1657 3133 imo
1676 3082 2092 3136 exsecrabatur.

397 3169 555 3223 Unde
609 3184 739 3222 cum
785 3168 857 3222 ad
903 3167 1407 3238 Carthaginensem
1438 3168 1766 3222 cathedram
1797 3176 2097 3239 provectus

399 3261 508 3324 est,
537 3256 732 3309 nullus
760 3271 827 3310 eo
858 3255 1087 3325 dignior
1106 3256 1278 3322 visus,
1303 3256 1403 3325 qui
1433 3273 1549 3310 sua:
1580 3257 1730 3311 sedis
1761 3259 2096 3313 auctoritate

392 3345 508 3398 illis
539 3344 884 3399 mederetur.
911 3345 1018 3408 Qui
1033 3344 1332 3399 Ecclesiam
1366 3361 1431 3399 ex
1464 3346 1655 3399 animo
1675 3346 2008 3417 diligebant,
2032 3352 2098 3401 ut

391 3432 767 3502 Augustinus,
821 3435 878 3486 et
907 3437 1072 3487 antea
1097 3433 1397 3503 desperare
1427 3433 1768 3488 videbantur
1796 3434 1985 3506 turpia
2013 3437 2094 3490 vi-

390 3521 492 3586 tia,
528 3537 658 3591 qua:
689 3520 962 3591 pleraque
1015 3521 1167 3574 illius
1217 3522 1477 3576 membra
1529 3522 1947 3592 deformabant,
1979 3529 2036 3578 et
2063 3542 2095 3579 a

389 3609 586 3680 paucis
637 3609 764 3662 aliis
793 3610 1041 3679 gemitus
1072 3610 1395 3677 eliciebant,
1429 3627 1493 3664 ex
1537 3627 1603 3665 ea
1644 3628 1901 3683 unquam
1930 3629 2094 3684 posse

390 3697 701 3767 proscribi;
740 3697 839 3752 ubi
875 3699 1272 3752 auctoritatem
1324 3699 1596 3753 divinitus
1641 3700 1871 3754 Aurelio
1902 3700 2094 3754 videre

389 3787 684 3853 tributam,
730 3787 852 3858 jam
891 3803 1005 3841 non
1052 3788 1354 3858 desperare
1395 3793 1707 3859 coeperunt.
1741 3789 1890 3853 Quin
1919 3789 2090 3843 etiam

390 3891 519 3929 cum
572 3892 700 3930 eum
733 3877 862 3947 plus
904 3877 1144 3931 interius
1169 3893 1273 3948 per
1299 3877 1591 3944 virtutem,
1624 3893 1798 3948 quam
1825 3877 1964 3931 foris
1991 3894 2095 3948 per

390 3963 729 4033 dignitatem
779 3965 1030 4020 eminere
1058 3966 1377 4033 crederent,
1425 3966 1485 4019 in
1525 3982 1685 4036 spem
1712 3966 2091 4020 certissimam

389 4053 615 4106 adducti
646 4057 800 4119 sunt,
833 4054 955 4108 fore
992 4058 1054 4108 ut
1083 4054 1248 4108 foedae
1279 4055 1390 4108 illae
1419 4055 1862 4108 consuetudines
1891 4060 1949 4108 et
1976 4055 2090 4109 hu—

381 4141 476 4210 jus
495 4141 749 4211 episcopi
777 4141 1104 4210 prudentia,
1130 4147 1186 4196 et
1205 4142 1579 4196 conciliorum
1603 4159 1732 4212 quae
1753 4148 2091 4197 convocatu-

388 4245 485 4282 rus
515 4234 636 4282 erat
665 4230 1000 4284 auctoritate
1037 4231 1392 4283 tollerentur.
1426 4231 1536 4283 Nec
1569 4247 1700 4284 vero
1731 4247 1858 4301 spes
1887 4247 1981 4284 eos
2009 4232 2085 4285 fe-

389 4315 550 4371 fellit.
585 4317 852 4370 Aurelius
865 4317 1019 4371 enim
1043 4322 1503 4388 quantocumque
1518 4322 1775 4388 tempore
1795 4319 2091 4388 Carthagi-

390 4419 624 4458 nensem
673 4405 816 4458 rexit
852 4405 1179 4468 Ecclesiam,
1213 4422 1438 4477 semper
1467 4423 1525 4460 se
1558 4406 1960 4476 dignissimum
1993 4409 2095 4478 Cy-

387 4491 577 4560 priani
607 4508 988 4546 successorem
1015 4494 1282 4563 praebuit.
1317 4495 1476 4548 Haud
1514 4495 1652 4548 alias
1681 4495 1886 4566 magis,
1919 4513 2090 4567 quam

389 4596 456 4633 eo
494 4583 762 4650 praesule,
796 4581 991 4656 floruit
1019 4582 1282 4636 Africana
1328 4584 1589 4637 Ecclesia.
1633 4585 1796 4638 Nulla
1827 4601 1960 4656 pars
1992 4589 2090 4640 Ερ-

389 4668 571 4721 clesia:
602 4668 888 4722 catholicae
917 4655 1046 4740 plus
1085 4671 1282 4740 gratia:
1315 4675 1370 4725 et
1414 4671 1644 4741 pietatis
1679 4689 1796 4744 prae
1841 4690 1899 4728 se
1949 4675 2090 4729 fere-

389 4755 487 4809 bat
517 4773 529 4810 :
562 4761 619 4810 et
652 4757 791 4811 citra
837 4760 1174 4813 temeritatis
1205 4764 1399 4814 notam
1438 4760 1661 4815 videtur
1697 4763 1872 4816 asseri
1903 4779 2084 4834 posse,

389 4845 700 4899 secundum
727 4847 1029 4916 apostolica
1049 4853 1311 4920 tempora
1331 4867 1611 4921 nusquam
1627 4851 1923 4923 religionis
1938 4852 2086 4905 chri-

388 4933 586 4987 stiana:
600 4933 958 5004 dignitatem,
975 4938 1368 4993 ecclesiastica:
1386 4940 1657 4994 doctrinas
1679 4941 2085 5008 eruditionem,

387 5026 441 5074 et
471 5021 809 5092 episcopalis
839 5025 1132 5093 regiminis
1163 5026 1405 5081 formam
1441 5032 1599 5082 tanta
1627 5045 1757 5082 cum
1785 5029 1953 5084 laude
1979 5030 2088 5083 cla-

387 5110 589 5177 ruisse,
639 5116 853 5181 quanta
896 5114 1072 5168 eluxit
1117 5115 1176 5168 in
1218 5116 1481 5170 Africana
1512 5117 1754 5170 Ecclesia
1785 5117 2087 5171 fortunatis

387 5198 500 5252 illis
529 5200 902 5270 temporibus,
933 5203 1142 5272 quibus
1162 5209 1332 5273 caput
1359 5205 1561 5259 habuit
1585 5205 1903 5271 Aurelium,
1954 5207 2085 5260 aui-

390 5303 542 5342 mam
573 5290 974 5360 Augustinum.
1019 5291 1086 5344 Hi
1117 5292 1397 5347 nimirum
1425 5294 1538 5348 duo
1567 5294 1757 5348 eximii
1792 5296 2083 5364 praesules,

387 5376 455 5430 ad
482 5376 723 5431 fratrum
751 5393 986 5432 suorum
1018 5379 1347 5434 subsidium
1390 5387 1543 5436 tanta
1593 5397 1818 5452 semper
1847 5383 2088 5436 necessi-

385 5469 584 5525 tudine
613 5472 845 5526 fuerunt
894 5471 1135 5526 invicem
1175 5475 1484 5544 conjuncti,
1529 5480 1591 5528 ut
1629 5491 1731 5528 nec
1759 5474 1905 5528 sedis
1936 5476 2086 5529 illius

387 5561 731 5627 praestantia,
765 5577 867 5615 nec
910 5561 1145 5615 illustris
1175 5567 1230 5616 et
1259 5568 1561 5633 pervagata
1596 5563 1758 5616 istius
1788 5564 1958 5628 fama,
1991 5582 2084 5617 eo-

2199 435 2329 474 rum
2368 417 2678 473 amicitiam
2709 417 2827 471 ullo
2872 429 3129 487 unquam
3156 413 3539 469 aemulationis
3578 418 3636 468 et
3676 413 3902 468 invidiae

2199 512 2360 562 motu
2392 508 2509 561 visa
2536 507 2607 561 sit
2635 507 2877 560 elevare.
2983 527 3006 540 ν

2269 599 2321 650 2.
2355 596 2612 650 Primum
2641 599 2858 649 mutua:
2888 594 3117 648 illorum
3149 593 3417 648 amicitiae
3448 593 3782 664 symbolum
3812 607 3905 646 no-

2199 685 2285 740 bis
2327 685 2595 753 occurrit,
2645 683 2883 755 epistola
2926 700 3100 754 quam
3138 683 3403 737 Aurelius
3450 684 3570 754 jam
3604 682 3904 751 Carthagi-

2171 775 2392 828 ‘nensis
2440 773 2742 844 episcopus
2791 772 3016 843 scripsit
3061 771 3411 843 Augustino;
3469 771 3570 842 qui
3601 770 3908 842 respondet

2199 861 2282 916 illi
2331 861 2570 932 epistola
2599 860 2875 931 vigesima
2914 861 3182 926 secunda,
3219 877 3393 932 quam
3419 859 3544 931 ipse
3573 861 3752 930 paulo
3781 864 3910 930 post

2200 950 2616 1005 ordinationem
2643 966 2804 1004 suam
2829 949 3054 1004 videtur
3079 948 3498 1019 conscripsisse,
3530 948 3766 1019 quando
3793 965 3914 1002 mo-

2200 1039 2510 1094 nasterium
2554 1054 2722 1092 suum
2774 1037 3139 1108 Hipponense
3195 1037 3412 1106 erigere
3457 1037 3794 1107 incipiebat,
3857 1043 3915 1090 et

2201 1128 2322 1199 ipso
2354 1127 2712 1198 episcopatus
2767 1127 2985 1181 Aurelii
3032 1126 3296 1190 exordio;
3353 1126 3568 1197 quippe
3598 1142 3731 1179 cum
3767 1125 3911 1196 spei,

2203 1233 2376 1288 quam
2399 1231 2597 1270 omnes
2627 1216 2764 1269 boni
2802 1216 2870 1270 de
2908 1216 3009 1270 illo
3039 1219 3438 1286 conceperant,
3481 1216 3538 1268 in
3569 1232 3637 1269 ea
3668 1214 3917 1279 mentio-

2204 1321 2337 1358 nem
2367 1304 2554 1358 faciat.
2577 1303 2935 1375 Quapropter
2959 1303 3248 1358 afﬁrmare
3268 1304 3418 1370 licet,
3443 1304 3747 1358 Aurelium
3780 1309 3912 1357 ante

2203 1409 2421 1447 annum
2451 1392 2915 1447 trecentesimum
2943 1393 3381 1463 nonagesimum
3407 1409 3520 1446 non
3550 1393 3724 1447 fuisse
3757 1409 3913 1446 crea-

2203 1487 2328 1536 tum
2355 1482 2710 1552 episcopum.
2745 1483 2810 1536 Et
2831 1498 2890 1535 re
2918 1481 3042 1552 ipsa
3070 1487 3487 1536 antecessorem
3517 1483 3636 1551 ejus
3667 1481 3918 1536 Geneth-

2207 1571 2348 1625 lium
2370 1571 2429 1624 in
2457 1571 2707 1624 secundo
2729 1570 2966 1624 concilio
2991 1570 3443 1641 Carthaginensi,
3459 1571 3680 1625 decimo
3701 1575 3915 1643 quarto

2204 1659 2476 1713 kalendas
2499 1659 2674 1730 junii,
2705 1675 2856 1714 anno
2885 1659 3285 1714 trecentesimo
3314 1659 3688 1730 nonagesimo
3715 1661 3918 1730 praesi-

2205 1749 2338 1802 dere
2385 1747 2786 1817 conspicimus.
2836 1748 3099 1802 Aurelius
3155 1752 3344 1802 autem
3393 1748 3909 1819 Carthaginensem

2206 1837 2400 1891 sedem
2431 1837 2661 1890 tenebat
2690 1853 2839 1890 anno
2870 1837 3266 1891 trecentesimo
3296 1837 3668 1906 nonagesimo
3701 1839 3910 1903 tertio;

2205 1940 2336 1979 cum
2369 1925 2727 1996 Hipponense
2767 1923 3072 1978 concilium
3115 1929 3310 1977 octavo
3357 1923 3447 1978 die
3475 1923 3725 1978 octobris
3755 1923 3916 1976 illius

2205 2012 2342 2067 anni
2384 2013 2744 2084 inscriptum,
2794 2029 2860 2067 ex
2891 2029 3089 2067 eorum
3119 2012 3191 2067 sit
3220 2029 3484 2079 numero,
3515 2029 3644 2084 qua:
3675 2013 3782 2066 sub
3810 2013 3914 2067 illo

2205 2105 2338 2156 sunt
2367 2103 2581 2157 habita.
2614 2104 2737 2156 Non
2768 2106 2991 2156 exstant
3014 2102 3216 2156 littera:
3251 2119 3390 2174 quas
3420 2102 3515 2156 ille
3539 2101 3764 2172 scripsit
3793 2105 3914 2156 Au-

2207 2191 2434 2260 gustino
2469 2208 2481 2245 :
2512 2192 2568 2245 id
2600 2191 2786 2245 solum
2817 2191 3088 2261 colligere
3117 2206 3442 2261 possumus,
3475 2206 3607 2244 eum
3636 2206 3696 2244 se
3727 2191 3913 2262 preci-

2207 2279 2312 2333 bus
2336 2280 2642 2351 Augustini
2665 2281 3118 2346 commendasse;
3145 2281 3494 2350 gratulatum
3522 2279 3707 2334 eidem
3733 2279 3913 2333 fuisse

2206 2368 2360 2438 quod
2405 2369 2643 2440 Alypius
2687 2369 2770 2422 illi
2817 2369 3171 2435 conviveret;
3205 2373 3261 2423 et
3304 2368 3426 2439 agri
3476 2368 3574 2439 qui
3603 2367 3913 2439 Augustini

2206 2457 2550 2511 monasterio
2615 2457 2780 2511 datus
2839 2458 3052 2520 fuerat,
3104 2457 3163 2510 in
3194 2457 3266 2511 iis
3308 2457 3512 2512 litteris
3555 2457 3909 2512 meminisse.

2205 2547 2470 2600 Sanctum
2486 2547 2637 2600 hunc
2666 2547 2971 2616 praesulem
2993 2547 3116 2617 jam
3134 2551 3264 2600 ante
3285 2547 3507 2601 colebat
3521 2547 3912 2618 diligebatque

2204 2635 2586 2704 Augustinus;
2621 2641 2678 2689 et
2709 2635 2861 2690 illius
2891 2636 3113 2698 litteris,
3145 2635 3206 2689 in
3246 2636 3454 2707 quibus
3484 2635 3763 2706 impressa
3793 2637 3912 2688 sin-

2207 2724 2322 2776 ceri
2352 2724 2564 2778 amoris
2618 2723 2832 2778 indicia
2860 2725 3018 2795 legit,
3063 2725 3203 2780 adeo
3241 2729 3438 2796 captus
3468 2731 3570 2791 est,
3603 2729 3668 2779 ut
3699 2724 3912 2796 quibus

2207 2811 2258 2866 ei
2289 2813 2476 2866 verbis
2507 2814 2896 2884 respondisset,
2928 2814 3028 2868 diu
3058 2814 3264 2868 dubius
3289 2814 3536 2868 haeserit.
3568 2814 3825 2868 Tandem
3853 2829 3910 2866 se

2209 2901 2320 2954 Deo
2352 2902 2661 2969 commisit,
2694 2907 2756 2956 ut
2788 2903 2909 2972 ipse
2962 2919 3297 2973 responsum
3346 2906 3696 2973 suggereret,
3751 2901 3906 2974 quod

2209 2989 2504 3061 utriusque
2535 3007 2671 3060 erga
2703 2991 2964 3045 Ecclesia:
3010 2992 3226 3045 bonum
3275 2991 3464 3044 studio
3505 2992 3741 3062 zeloque
3773 3007 3910 3044 con-

2207 3081 2455 3146 grueret.
2491 3076 2782 3131 Fiduciam
2814 3078 2866 3131 ei
2886 3077 3167 3132 dederunt
3195 3077 3406 3131 Aurelii
3439 3079 3663 3143 litterte,
3691 3082 3758 3132 ut
3778 3095 3912 3132 cum

2209 3165 2306 3218 illo
2325 3169 2599 3236 tanquam
2622 3183 2813 3220 secum
2837 3167 3071 3220 auderet
3085 3166 3354 3237 colloqui.
3383 3168 3686 3236 Postquam
3710 3167 3911 3237 itaque

2206 3251 2507 3307 certiorem
2537 3253 2698 3307 illum
2721 3255 2851 3308 fecit
2873 3254 3218 3317 orationum,
3247 3271 3387 3325 quas
3417 3254 3537 3325 ipse
3559 3271 3687 3309 cum
3718 3255 3914 3310 fratri-

2204 3341 2310 3394 bus
2344 3342 2455 3395 Deo
2502 3341 2793 3407 fundebat,
2848 3348 2908 3397 ut
2939 3343 3058 3414 spei
3103 3343 3172 3396 de
3202 3343 3355 3397 illius
3385 3343 3713 3414 episcopatu
3767 3360 3912 3398 con—

2205 3435 2384 3499 cepta:
2435 3431 2804 3501 reSponderet
2856 3437 3111 3497 eventus,
3167 3447 3299 3486 eum
3349 3433 3681 3486 adhortatur
3720 3436 3787 3486 ut
3817 3449 3914 3486 co-

2205 3519 2593 3583 messationes,
2631 3520 2838 3590 quibus
2880 3519 3000 3574 Afri
3044 3520 3216 3574 etiam
3247 3521 3487 3575 obducta
3517 3521 3742 3591 pietatis
3771 3538 3913 3592 spe-

2205 3606 2288 3660 cie
2311 3607 2368 3660 in
2397 3608 2645 3662 ecclesiis
2686 3609 2984 3677 vacabant,
3017 3609 3346 3680 proscribat.
3383 3610 3686 3664 Pollicetur
3732 3609 3911 3664 etiam

2204 3695 2306 3759 illi,
2343 3697 2514 3750 modo
2545 3697 2705 3768 prior
2745 3697 2906 3768 operi
2951 3714 3188 3752 manum
3248 3698 3567 3764 admoveat,
3618 3698 3910 3753 Valerium

2206 3785 2631 3855 Hipponensem
2654 3803 2771 3840 non
2795 3787 3145 3841 defuturum.
3166 3786 3270 3841 Ubi
3292 3789 3470 3841 multa
3489 3787 3658 3841 habet
3677 3787 3738 3841 in
3760 3788 3910 3842 hanc

2204 3889 2325 3928 rem
2358 3875 2611 3945 egregia,
2656 3880 2711 3929 et
2748 3879 2832 3930 est
2867 3876 3022 3930 locus
3067 3876 3136 3930 de
3183 3875 3568 3930 oblationibus
3615 3891 3719 3946 pro
3750 3893 3906 3930 mor-

2202 3963 2314 4016 tuis
2361 3964 2758 4018 observatione
2789 3964 3156 4035 dignissimus
3188 3965 3385 4036 (Epist.
3416 3967 3504 4030 22,
3534 3980 3592 4019 n.
3632 3966 3762 4033 1-6).
3791 3968 3908 4020 Au-

2201 4052 2376 4105 relius
2405 4052 2555 4108 haud
2585 4053 2756 4108 dubie
2785 4069 2887 4107 suo
2915 4069 3052 4121 erga
3082 4054 3386 4107 Ecclesium
3414 4053 3599 4108 ofﬁcio
3621 4053 3725 4107 hac
3751 4053 3812 4108 in
3847 4071 3908 4108 re

2201 4141 2530 4210 perfunctus
2559 4146 2667 4197 est.
2723 4144 2984 4196 Testatur
3009 4143 3364 4212 Augustinus
3394 4143 3454 4196 in
3491 4143 3737 4214 quadam
3769 4159 3907 4196 con-

2201 4229 2362 4283 cione
2391 4230 2460 4284 ad
2492 4231 2769 4300 populum
2799 4231 3014 4301 habita,
3044 4249 3123 4298 se,
3157 4248 3286 4286 cum
3322 4232 3623 4286 ebrietates
3653 4231 3723 4285 de
3753 4232 3910 4286 basi-

2202 4317 2308 4370 lica
2338 4317 2399 4371 in
2451 4335 2566 4389 qua
2605 4321 3068 4387 concionabatur,
3109 4321 3279 4374 vellet
3323 4320 3605 4390 expellere
3663 4321 3814 4390 (quae
3843 4337 3907 4374 re

2200 4404 2325 4474 ipsa
2353 4406 2668 4461 carnalium
2707 4408 3007 4463 hominum
3041 4408 3319 4462 seditione
3348 4409 3743 4480 nequidquam
3803 4409 3906 4462 ob-

2202 4498 2385 4547 stante
2425 4495 2659 4548 sublataa
2711 4497 2885 4566 sunt),
2944 4497 3157 4568 grande
3206 4497 3528 4568 periculum
3571 4497 3901 4551 incurrisse.

2199 4583 2434 4637 Videtur
2485 4584 2539 4637 id
2581 4585 2847 4640 accidisse
2880 4585 3244 4656 Carthagine,
3293 4603 3422 4640 cum
3466 4587 3535 4640 de
3567 4587 3907 4657 spectaculis

2199 4672 2258 4726 in
2280 4690 2345 4727 eo
2367 4691 2626 4728 sermone
2646 4675 2894 4730 multum
2915 4676 3171 4743 disserat,
3187 4682 3244 4730 et
3266 4680 3672 4746 argumentum
3695 4681 3898 4731 tractet

2196 4763 2266 4816 ab
2297 4763 2422 4816 aliis
2453 4764 2558 4818 sibi
2587 4765 2945 4835 propositum
2981 4767 3170 4835 (Serm.
3203 4768 3327 4832 232,
3351 4782 3406 4820 n.
3433 4767 3506 4836 4).

2267 4855 2316 4906 3.
2351 4852 2459 4906 Sed
2473 4857 2536 4906 ut
2565 4855 2688 4924 ejus
2718 4853 2786 4908 ad
2815 4854 3112 4908 Aurelium
3143 4854 3442 4925 epistolam
3470 4853 3751 4925 reliquam
3770 4871 3906 4925 per-

2195 4940 2530 5007 lustremus,
2553 4942 2621 4996 de
2640 4943 2797 4996 inani
2826 4959 3054 5014 quoque
3084 4942 3266 5013 gloria
3296 4947 3351 4996 et
3380 4943 3563 4997 laudis
3590 4943 3907 5014 cupiditate

2195 5029 2412 5083 ibidem
2442 5032 2716 5100 praeclara
2745 5031 2899 5099 dicit,
2930 5031 3233 5103 subditque
3275 5048 3333 5085 se
3379 5032 3487 5085 ista
3516 5047 3634 5086 non
3663 5037 3781 5086 tam
3814 5033 3904 5108 in-

2195 5119 2467 5172 struendo
2488 5121 2717 5174 Aurelio
2747 5121 3024 5191 proferre,
3054 5138 3226 5193 quam
3249 5121 3478 5175 sibimet
3498 5121 3800 5175 excitando
3829 5128 3902 5177 ad

2194 5215 2425 5268 strenue
2465 5229 2594 5266 cum
2617 5214 2776 5267 hoste
2821 5215 3250 5278 decertandum,
3294 5215 3456 5284 cujus
3493 5214 3642 5268 vires
3670 5214 3717 5268 is
3746 5231 3903 5270 unus

2194 5301 2379 5366 sentit,
2408 5302 2507 5371 qui
2537 5301 2589 5355 ei
2621 5303 2834 5355 bellum
2866 5303 3154 5357 indixerit.
3190 5305 3533 5357 Vehementer
3563 5319 3682 5357 cum
3709 5305 3907 5358 adver-

2193 5391 2338 5443 sario
2387 5389 2674 5456 dimicans,
2723 5389 2928 5460 inquit,
2962 5406 3101 5460 saepe
3131 5392 3197 5444 ab
3228 5407 3286 5446 eo
3315 5393 3540 5445 vulnera
3571 5394 3747 5460 capio,
3777 5409 3898 5447 cum

2194 5477 2593 5531 delectationem
2618 5478 2808 5532 oblatae
2848 5480 3029 5534 laudis
3075 5482 3215 5535 mihi
3244 5482 3462 5546 auferre
3504 5495 3610 5534 non
3655 5496 3899 5549 possum.

2195 5568 2320 5618 Haec
2338 5570 2623 5634 propterea
2643 5568 2854 5635 scripsi,
2882 5573 2943 5621 ut
2969 5571 3018 5621 si.
3045 5573 3149 5622 tua.v
3180 5569 3472 5622 Sanctitati
3491 5569 3608 5636 jam
3633 5584 3738 5623 non
3771 5578 3899 5625 sunt
