4060 6384
127 371 211 422 185
848 426 851 429 ν
1565 363 1771 419 LIBER

1974 362 2122 418 flUS.

120 489 419 553 necessaria,
445 487 559 541 sive
587 486 731 555 quod
754 487 924 556 plura
951 485 1266 555 hujusmodi
1282 487 1401 556 ipse
1415 488 1614 555 cogites
1634 491 1798 557 atque

120 581 347 646 utiliora,
365 578 480 631 sive
499 575 644 645 quod
664 579 768 630 tua:
789 576 1087 631 Sanctitati
1125 575 1396 630 medicina
1418 577 1526 631 ista
1543 592 1650 631 non
1664 591 1798 646 opus

121 671 203 734 sit,
230 667 373 721 mala
403 669 579 719 tamen
623 679 741 718 mea
778 667 908 719 nota
945 667 1058 719 sint
1096 664 1216 729 tibi,
1257 667 1503 733 sciasque
1531 665 1672 720 unde
1697 680 1799 735 pro

121 773 226 813 mea
252 756 568 826 infirmitate
600 756 763 807 Deum
785 768 978 821 rogare
1007 754 1251 822 digneris
1282 769 1296 808 :
1329 754 1474 821 quod
1501 757 1562 808 ut
1590 756 1797 823 impen-

121 848 315 902 sissime
340 845 540 912 facias,
580 842 791 896 obsecro
815 857 917 912 per
944 842 1337 896 humanitatem
1362 843 1511 897 illius
1537 844 1635 911 qui
1657 858 1798 912 prx-

123 939 319 1004 ceptum
346 931 518 999 dedit,
538 935 599 985 ut
627 932 855 985 invicem
883 945 1047 986 onera
1065 934 1253 986 nostra
1268 935 1539 1000 portemus
1562 931 1683 1001 (Ep.
1706 934 1796 997 22,

120 1040 205 1077 nn.
251 1024 304 1091 8,
344 1024 414 1090 9).
456 1019 630 1074 Addit
658 1020 839 1073 multa
866 1035 1181 1091 superesse,
1213 1035 1343 1091 quae
1373 1019 1444 1074 de
1472 1019 1586 1075 vita
1615 1036 1717 1074 sua
1745 1024 1801 1075 et

124 1109 538 1166 conversatione
568 1109 883 1163 deﬂeturus
911 1112 1078 1175 esset,
1125 1108 1173 1162 si
1210 1124 1339 1163 cum
1370 1124 1437 1163 eo
1467 1124 1659 1163 coram
1687 1125 1799 1179 po-

124 1201 224 1255 tius
262 1213 429 1269 quam
460 1212 564 1267 per
600 1196 819 1250 litteras
858 1196 1103 1267 colloqui
1144 1196 1254 1251 sibi
1298 1196 1369 1251 de
1413 1196 1528 1251 illis
1556 1197 1794 1253 liceret:

127 1288 499 1358 Hipponenses
530 1300 703 1356 porro
732 1283 842 1355 ipsi
889 1300 1006 1339 non
1035 1285 1288 1353 credere,
1321 1285 1574 1358 dumque
1616 1286 1800 1341 deseri

123 1377 386 1440 metuunt,
414 1372 791 1445 longinquam
820 1389 983 1428 suam
1003 1373 1182 1444 ipsius
1210 1374 1524 1429 absentiam
1556 1376 1798 1430 tolerare

123 1480 226 1520 non
245 1477 406 1534 posse
420 1504 435 1518 .
465 1463 647 1533 Rogat
657 1466 847 1516 tamen
859 1461 1153 1516 Aurelium
1168 1466 1232 1517 ut
1247 1478 1278 1516 a
1292 1462 1798 1535 Saturnino,quem

120 1558 346 1624 uterque
373 1550 593 1605 sincere
617 1550 908 1622 diligebat,
939 1566 1131 1605 secum
1152 1550 1317 1605 enixe
1341 1552 1611 1621 postulet,
1635 1556 1700 1606 ut
1728 1552 1798 1607 ad

124 1658 177 1696 se
204 1640 388 1695 venire
404 1655 477 1694 ne
500 1644 799 1711 gravetur;
822 1642 1126 1710 propterea
1146 1639 1296 1711 quod
1318 1655 1448 1694 cum
1473 1639 1623 1694 senis
1643 1640 1798 1694 illius

120 1731 184 1784 sit
217 1727 764 1795 observantissimus,
811 1732 868 1783 et
907 1728 1032 1799 ejus
1081 1727 1142 1783 in
1183 1727 1476 1787 Aurelium
1508 1728 1799 1799 singulare

121 1817 355 1873 studium
382 1831 637 1887 praesens
664 1816 787 1886 ipse
815 1815 1189 1887 perspexerit,
1234 1816 1320 1870 vix
1352 1816 1570 1888 aliquid
1599 1816 1797 1872 discri-

122 1904 277 1960 minis
300 1904 448 1959 inter
476 1903 848 1975 colloquium,
881 1903 1036 1974 quod
1064 1904 1153 1957 vel
1182 1919 1311 1958 cum
1340 1903 1669 1970 Saturnino,
1709 1905 1799 1959 vel

121 2009 239 2048 cum
266 1993 384 2064 ipso
424 1991 659 2047 Aurelio
706 1996 852 2047 esset
883 1991 1204 2059 habiturus,
1252 1996 1602 2063 agnosceret.
1637 1992 1798 2047 Haud

118 2082 307 2136 scimus
334 2096 406 2136 an
433 2080 542 2136 iste
570 2080 936 2150 Saturninus,
980 2096 1152 2152 quem
1182 2080 1515 2153 episcopum
1558 2084 1615 2135 et
1650 2080 1797 2135 anti-

120 2186 280 2242 quum
308 2175 365 2225 et
388 2170 675 2225 celebrem
701 2170 894 2231 fuisse,
935 2169 1197 2224 dubitare
1223 2186 1341 2224 non
1368 2185 1693 2241 possumus,
1727 2168 1799 2223 sit

118 2260 202 2314 ille
225 2259 426 2331 praesul
454 2258 743 2313 Uzalensis
758 2258 937 2313 beatae
954 2257 1245 2311 memoriae
1266 2257 1606 2313 Saturninus
1624 2273 1799 2329 quem

118 2348 448 2419 Augustinus
490 2346 833 2417 Carthagine
861 2346 1080 2401 viderat
1116 2362 1230 2401 una
1267 2361 1397 2400 cum
1436 2345 1668 2400 Aurelio
1700 2346 1799 2415 (De

120 2438 219 2492 Civ.
242 2438 350 2502 Dei,
383 2436 479 2490 lib.
511 2437 602 2501 22,
632 2450 755 2505 cap.
804 2433 881 2505 8),
930 2449 1080 2489 anno
1128 2434 1528 2489 trecentesimo
1574 2440 1798 2506 octoge-

120 2525 249 2579 simo
277 2529 495 2579 octavo.

752 2612 978 2666 CAPUT
1016 2612 1134 2666 VII.

122 2706 137 2755 ί
174 2702 383 2757 Librum
404 2701 475 2756 de
495 2702 739 2756 Utilitate
757 2700 1013 2755 credendi
1029 2700 1105 2755 ad
1122 2702 1455 2755 Honoratum
1482 2700 1797 2755 Manichaeis

176 2789 445 2844 addictum
472 2789 682 2845 scribit.
713 2792 748 2844 2
780 2792 912 2844 Tum
929 2789 1129 2843 librum
1153 2789 1220 2844 de
1246 2790 1466 2845 Duabus
1490 2789 1796 2844 Animabus

173 2878 423 2933 diversus
470 2877 680 2933 eosdem
724 2879 1068 2933 Manichavos.
1122 2881 1181 2953 3_
1211 2882 1570 2933 Fortunatum
1619 2880 1798 2934 Mani-

159 2968 364 3032 ,chaeum
386 2968 766 3038 presbyterum
794 2969 1059 3021 convincit
1085 2969 1145 3020 in
1162 2967 1382 3036 publica
1405 2967 1791 3035 disputatione.

175 3057 207 3109 4
232 3055 590 3110 Adimantum
609 3057 899 3111 Manichaei
923 3056 1250 3125 discipulum
1269 3056 1491 3121 refellit.

181 3148 221 3199 l.
267 3144 415 3199 Licet
441 3145 801 3216 Augustinus
838 3143 1043 3198 Valerii
1078 3144 1245 3215 jussu
1270 3144 1552 3215 pupulum
1581 3142 1792 3215 Hippo-

115 3248 333 3288 nensem
364 3234 540 3289 verbo
567 3233 912 3294 institueret,
940 3233 1183 3304 aliisque
1203 3231 1548 3304 presbyterii
1569 3231 1655 3286 sui
1676 3247 1797 3286 mu-

120 3321 333 3377 naribus
359 3322 563 3377 sedulo
593 3322 958 3393 fungeretur;
983 3322 1136 3376 haud
1164 3326 1358 3375 tamen
1378 3321 1501 3375 hinc
1530 3320 1798 3375 obstitere

120 3411 406 3479 quominus
446 3410 776 3465 universam
808 3410 1114 3465 Ecclesiam
1157 3409 1403 3480 publicis
1446 3408 1798 3464 lucubratio-

120 3497 268 3552 nibus
296 3499 410 3553 suis
440 3498 715 3554 erudiret.
765 3498 982 3554 Primas
1007 3498 1249 3554 contulit
1277 3498 1346 3552 ad
1376 3496 1798 3568 impugnandos

119 3586 452 3655 Manichmos,
494 3587 597 3659 qui
639 3587 793 3658 apud
843 3585 1439 3657 Hipponem-Regium
1469 3586 1798 3658 frequentes

119 3680 281 3743 erant,
321 3676 392 3730 ob
433 3676 831 3748 presbyterum
878 3675 1186 3747 quemdam
1227 3674 1601 3730 Manichaeum
1643 3676 1796 3746 (For-

118 3764 295 3817 tunato
323 3779 539 3819 nomen
584 3763 737 3835 fuit),
786 3764 887 3835 qui
917 3763 1232 3835 permultos
1259 3763 1341 3818 ibi
1370 3763 1516 3817 cives
1546 3768 1601 3817 et
1629 3763 1795 3817 adve-

119 3864 206 3903 nas
246 3868 441 3923 pravm
486 3868 605 3907 sum
656 3852 928 3907 doctrinae
955 3868 1176 3907 veneno
1214 3852 1487 3907 infecerat
1535 3851 1792 3923 (Retract.

119 3936 200 3991 lib.
230 3942 277 4005 l,
308 3956 434 4011 cap.
470 3939 544 4009 1).
579 3939 838 3994 Primum
881 3955 1026 4010 opus
1073 3955 1240 3993 suum
1290 3939 1582 4011 inscripsit
1609 3938 1793 3993 amico

117 4040 206 4080 suo
233 4028 552 4093 Honorato,
579 4027 1020 4083 Manichaeorum
1048 4027 1271 4082 irretito
1293 4026 1535 4098 laqueis,
1564 4025 1625 4080 in
1652 4042 1798 4097 quos

117 4129 232 4169 eum
258 4116 503 4186 ipsemet
531 4115 884 4186 Augustinus
914 4115 1053 4169 olim
1078 4115 1399 4186 conjecerat
1427 4116 1519 4185 (De
1550 4116 1799 4170 Utilitate

118 4204 369 4273 credendi,
429 4221 488 4259 n.
547 4205 621 4271 2).
671 4205 812 4259 Cum
860 4209 1008 4259 esset
1046 4206 1363 4258 Honoratus
1401 4203 1514 4258 acri
1555 4203 1792 4274 judicio,

119 4305 274 4359 quam
301 4292 569 4347 invalidae
614 4292 803 4347 forent
846 4293 1141 4347 nonnullae
1170 4291 1607 4347 Manichaeorum
1637 4292 1796 4346 solu—

117 4379 300 4443 tiones,
344 4381 481 4436 satis
528 4382 872 4453 agnoscebat
908 4386 965 4436 et
1000 4382 1217 4436 eisdem
1257 4397 1404 4453 pene
1434 4396 1702 4436 curarum
1731 4396 1796 4435 ac

118 4468 551 4525 sollicitudinum
594 4470 882 4540 ﬂuctibus,
922 4470 1131 4541 quibus
1159 4469 1299 4525 alias
1324 4469 1632 4540 Augustini
1663 4485 1794 4524 nec-

119 4553 237 4611 dum
274 4558 529 4613 conversi
575 4558 823 4626 animus,
867 4559 1210 4630 jactabatur.
1257 4560 1467 4613 Verum
1525 4558 1796 4630 deceptus

119 4642 286 4700 fuerat
323 4646 595 4718 speciosis
637 4646 753 4702 illis
798 4648 1236 4703 Manichaeorum
1266 4647 1792 4718 pollicitationibus,

118 4734 310 4803 quibus
338 4753 395 4791 se
422 4736 565 4792 nihil
606 4737 715 4791 nisi
742 4738 892 4809 quod
922 4738 1159 4804 clarum,
1190 4736 1420 4791 evidens
1448 4741 1507 4791 et
1533 4741 1794 4807 apertum

117 4820 264 4889 foret,
309 4829 626 4880 asserturos
681 4825 1113 4896 promittebant.
1170 4825 1447 4880 lrridebat
1490 4825 1707 4895 pariter
1736 4825 1796 4880 in

117 4911 389 4968 catholicae
416 4914 553 4969 ﬁdei
582 4914 904 4985 disciplina,
937 4916 1091 4986 quod
1135 4914 1278 4969 fides
1315 4912 1649 4968 hominibus
1693 4913 1797 4968 im-

118 5007 416 5070 peraretur,
464 5019 571 5058 nec
614 5019 812 5059 verum
866 5003 978 5057 illis
1016 5002 1237 5058 ratione
1283 5003 1791 5058 demonstraretur.

118 5087 240 5144 Cum
266 5090 443 5163 igitur
488 5091 630 5147 falsa
656 5092 909 5147 veritatis
955 5092 1139 5165 specie
1177 5092 1469 5163 deceptus,
1500 5107 1617 5145 non
1648 5096 1795 5145 tem-

117 5178 305 5244 poralis
332 5180 618 5235 commodi
663 5180 847 5252 gratia
892 5181 1188 5252 pellectus,
1231 5180 1554 5235 adhaereret
1590 5179 1792 5247 errori,

118 5264 291 5337 Sicque
328 5269 516 5339 magis
559 5269 790 5324 delusus
821 5270 891 5324 ab
921 5268 1221 5335 haereticis,
1277 5284 1449 5340 quam
1493 5268 1796 5323 haereticus

119 5358 274 5423 esset;
304 5357 544 5412 credidit
568 5357 923 5428 Augustinus
953 5357 1070 5412 fore
1099 5362 1162 5412 ut
1198 5357 1361 5412 illum
1392 5357 1463 5411 ad
1500 5356 1621 5411 veri
1651 5356 1799 5411 noti-

119 5440 239 5497 tiam
266 5445 463 5500 eadem
490 5446 584 5500 via
612 5462 726 5518 qua
747 5445 868 5516 ipse
894 5448 1248 5517 pervenerat,
1270 5449 1465 5515 posset
1486 5444 1789 5499 adducere.

120 5528 173 5582 lu
198 5530 341 5588 hunc
369 5534 545 5589 finem
576 5535 644 5590 ad
677 5550 807 5589 eum
838 5534 1062 5605 scripsit
1096 5534 1383 5604 insignem
1430 5534 1661 5600 librum,
1701 5532 1793 5588 cui

117 5618 329 5675 titulum
359 5622 511 5689 fecit,
543 5624 621 5677 De
652 5622 905 5676 Utilitate
936 5621 1226 5688 credendi,
1250 5625 1313 5675 ut
1336 5622 1663 5676 ostenderet
1680 5621 1791 5675 Ma-

3501 373 3603 426 186

1908 486 2156 542 nichteos
2177 490 2393 543 temere
2423 502 2487 542 ac
2511 488 2781 561 sacrilege
2811 488 2873 544 in
2906 504 3003 544 eos
3040 489 3255 559 invehi,
3287 491 3388 564 qui
3415 494 3607 548 catho-

1908 576 2031 632 licae
2085 576 2222 631 fidei
2265 577 2662 632 auctoritatem
2710 582 3032 649 sequentes,
3090 579 3160 634 ad
3197 580 3602 651 mysteriorum

1908 665 2346 737 intelligentiam
2393 682 2452 721 se
2507 671 2859 739 comparant,
2909 667 3047 722 dum
3086 684 3152 722 ea
3181 669 3438 739 credunt,
3472 686 3602 742 quin

1907 755 2169 833 nondum
2205 755 2432 810 valeant
2469 754 2665 810 animo
2694 755 3009 827 percipere,
3041 761 3411 833 mentemque
3440 775 3603 813 suam

1910 830 1979 898 ad
2010 842 2199 899 radios
2237 843 2417 898 divini
2464 844 2702 899 luminis
2743 844 3105 917 excipiendos
3150 830 3487 901 emundant.
3526 848 3605 902 De

1908 932 2015 986 hoc
2044 947 2159 986 uno
2188 935 2528 1003 argumento
2558 933 2680 1003 agit
2699 933 2759 988 in
2787 933 2895 988 hoc
2920 950 3118 1005 opere.
3143 934 3604 991 Confutationem

1910 1019 2066 1075 enim
2108 1020 2434 1075 fabularum
2477 1037 2619 1093 quas
2662 1021 2957 1077 Manichazi
3001 1023 3602 1092 comminiscebantur,

1910 1113 1965 1163 et
1992 1108 2315 1163 uberiorem
2344 1109 2414 1163 de
2445 1109 2722 1176 catholica
2751 1110 3009 1165 doctrina
3039 1127 3380 1179 sermonem,
3415 1112 3462 1167 si
3490 1115 3602 1168 Ho-

1911 1201 2112 1252 norato
2161 1197 2233 1251 ad
2279 1198 2519 1252 salutem
2559 1199 2828 1268 prodesse
2852 1199 3157 1269 judicaret,
3185 1201 3257 1254 ad
3287 1201 3398 1255 alia
3425 1218 3605 1257 reser-

1909 1288 2005 1339 vat
2030 1300 2220 1355 opera,
2248 1284 2485 1356 jamque
2515 1284 2651 1340 idin
2674 1286 2799 1340 aliis
2817 1287 3204 1342 voluminibus
3227 1288 3395 1343 editis
3419 1290 3605 1344 fuerat

1910 1377 2221 1428 exsecutus.
2271 1373 2362 1427 Ait
2395 1389 2453 1427 se
2504 1389 2635 1428 cum
2682 1389 2774 1442 eo,
2817 1375 2971 1429 velut
3008 1391 3141 1429 cum
3178 1375 3447 1431 familiari
3476 1394 3602 1443 suo,
3700 1390 3725 1413 ο

1908 1461 2152 1533 simplici
2200 1461 2330 1516 stilo
2384 1477 2576 1533 agere,
2620 1462 2680 1517 id
2731 1467 2836 1531 est,
2882 1462 3042 1533 sicut
3068 1463 3190 1535 ipse
3228 1469 3364 1519 tunc
3391 1469 3601 1536 posset,

1910 1550 2121 1604 omissa
2165 1548 2416 1603 scientiae
2459 1550 2779 1614 altitudine,
2830 1568 3005 1623 quam
3060 1551 3121 1606 in
3167 1552 3294 1607 aliis
3347 1553 3604 1608 doctissi-

1908 1637 2018 1692 mis
2064 1637 2200 1692 viris
2252 1637 2450 1692 fuissst
2507 1638 2821 1693 admiratus
2877 1639 3063 1711 (Ibid,
3114 1656 3168 1695 η.
3244 1643 3349 1704 10).
3411 1641 3600 1709 Addit,

1908 1743 1968 1782 se
2029 1727 2201 1781 sacris
2250 1727 2309 1781 in
2364 1727 2587 1800 Litteris
2636 1730 2880 1783 necdum
2936 1746 3087 1784 essse
3144 1730 3279 1784 satis
3330 1730 3601 1785 exercita-

1907 1821 2052 1871 tum.
2089 1817 2268 1870 Deum
2298 1821 2597 1885 rogaverat
2623 1822 2689 1871 ut
2724 1816 2876 1871 istud
2906 1832 3048 1888 opus
3074 1817 3215 1872 utile
3244 1818 3389 1873 foret
3419 1820 3605 1874 Hono-

1909 1907 2053 1970 rato,
2081 1903 2323 1974 aliisque
2371 1912 2619 1975 quorum
2661 1904 2722 1959 in
2759 1904 2963 1960 manus
3000 1905 3309 1961 deveniret.
3341 1910 3414 1962 Et
3449 1923 3605 1977 spero

1908 1995 1991 2047 ita
2038 1995 2175 2059 fore,
2214 1992 2424 2063 inquit,
2456 1995 2507 2047 si
2547 1993 2674 2047 bene
2720 1995 2859 2048 mihi
2885 1997 3123 2049 conscius
3158 2009 3300 2064 sum,
3340 1996 3485 2066 quod
3528 1997 3605 2052 ad

1909 2082 2049 2136 hunc
2077 2082 2262 2136 stilum
2297 2084 2388 2151 pio
2433 2086 2484 2136 et
2530 2085 2767 2152 ofﬁcioso
2801 2086 3004 2151 animo,
3041 2099 3149 2138 non
3202 2088 3334 2140 vani
3369 2088 3604 2142 nominis

1909 2172 2236 2239 appetitione
2263 2185 2331 2225 ac.
2360 2173 2667 2239 nugatoria:
2694 2173 3089 2238 ostentationis,
3110 2175 3323 2227 accessi.
3354 2173 3468 2228 Scit
3495 2188 3604 2227 au-

1909 2263 2012 2312 tem
2044 2260 2201 2323 Deus,
2233 2260 2324 2311 cui
2347 2262 2476 2312 nota
2514 2262 2642 2312 sunt
2682 2272 2887 2313 arcana
2914 2261 3245 2314 conscientias
3279 2275 3425 2327 meae,
3463 2261 3605 2315 nihil

1907 2361 1989 2400 me
2013 2348 2072 2400 in
2100 2347 2196 2400 hoc
2223 2361 2462 2401 sermone
2508 2348 2775 2402 malitiose
2818 2363 3007 2414 agere,-
3033 2348 3128 2403 sed
3157 2352 3219 2402 ut
3244 2351 3494 2404 existimo
3523 2364 3605 2403 ac-

1908 2436 2217 2505 cipiendum
2237 2451 2367 2502 esse,
2396 2438 2514 2490 veri
2540 2436 2816 2505 probandi
2843 2453 3006 2492 causa
3040 2454 3055 2491 :
3086 2439 3176 2492 cui
3203 2440 3302 2492 uni
3326 2440 3410 2493 rei
3425 2441 3604 2493 vivere

1900 2526 2122 2595 jamdiu
2149 2527 2461 2592 statuimus,
2509 2529 2560 2579 et
2604 2526 2915 2581 incredibili
2950 2526 3343 2593 sollicitudine;
3372 2541 3438 2580 ne
3464 2528 3604 2580 mihi

1907 2629 2089 2669 errare
2124 2615 2396 2669 vobiscum
2430 2615 2757 2682 facillimum
2796 2616 2987 2684 fuerit,
3030 2618 3135 2670 iter
3184 2620 3363 2670 autem
3398 2620 3600 2670 rectum

1909 2708 2081 2757 tenere
2108 2703 2372 2757 vobiscum
2387 2704 2479 2768 sit,
2510 2719 2574 2757 ne
2597 2704 2788 2758 durius
2815 2705 3025 2773 loquar,
3048 2704 3463 2775 difﬁcillimum.
3496 2703 3603 2760 Sed

1903 2805 2175 2861 presumo
2195 2791 2341 2859 quod
2368 2796 2422 2847 et
2448 2794 2507 2845 in
2537 2793 2637 2847 hac
2656 2808 2770 2862 spe,
2792 2809 2901 2861 qua
2926 2808 3081 2863 spero
3109 2808 3201 2848 vos
3228 2796 3375 2848 viam
3391 2795 3603 2862 sapien-

1908 2879 1997 2931 tiae
2024 2893 2227 2932 mecum
2255 2880 2585 2949 obtenturos,
2612 2896 2720 2935 non
2747 2896 2829 2935 me
2857 2881 3061 2935 deseret
3090 2882 3179 2935 ille
3219 2884 3308 2935 cui
3353 2885 3600 2935 sacratus

1907 2979 2025 3019 sum
2074 2980 2089 3019 :
2130 2981 2285 3033 quem
2329 2966 2443 3020 dies
2486 2972 2767 3036 noctesque
2793 2970 2998 3022 intueri
3041 2984 3218 3035 conor,
3249 2973 3301 3023 et
3346 2971 3601 3037 quoniam

1904 3058 2128 3123 propter
2156 3059 2375 3124 peccata
2418 3070 2557 3121 mea,
2592 3061 2925 3126 propterque
2949 3057 3381 3112 consuetudinem
3410 3056 3600 3127 plagis

1906 3146 2314 3197 veternosarum
2326 3146 2637 3213 opinionum
2651 3147 2953 3199 sauciatum
2968 3147 3176 3200 oculum
3187 3147 3381 3200 anime
3390 3161 3597 3214 gerens,

1906 3231 2211 3286 invalidum
2256 3248 2338 3286 me
2378 3248 2489 3288 esse
2536 3248 2805 3302 cognosco,
2845 3249 2983 3304 saepe
3021 3249 3151 3301 rogo
3174 3250 3292 3289 cum
3322 3235 3597 3303 lacrymis.

1909 3322 1979 3376 Et
2007 3321 2454 3390 quemadmodum
2492 3326 2617 3392 post
2661 3324 2876 3391 longam
2924 3325 3211 3378 caecitatem
3245 3338 3308 3377 ac
3356 3324 3600 3378 tenebras

1909 3408 2201 3463 luminibus
2227 3411 2323 3462 vim
2352 3412 2577 3479 apertis,
2610 3415 2659 3464 et
2696 3411 2875 3464 adhuc
2901 3411 3068 3464 lucem
3086 3410 3410 3480 palpitando
3438 3415 3602 3479 atque

1908 3498 2226 3563 aversando,
2259 3513 2422 3566 quam
2454 3503 2629 3552 tamen
2666 3498 2996 3567 desiderant,
3037 3500 3428 3568 recusantibus,
3458 3514 3596 3569 pra:-

1907 3587 2091 3639 sertim
2118 3588 2168 3639 si
2194 3588 2269 3639 eis
2303 3587 2464 3641 solem
2491 3590 2657 3642 istum
2688 3589 2962 3657 quispiam
3014 3593 3231 3643 conetur
3269 3589 3542 3643 ostendere
3580 3606 3597 3643 :

1907 3675 1988 3726 ita
2015 3673 2153 3726 mihi
2178 3688 2320 3727 nunc
2333 3676 2526 3734 euenit.
2549 3689 2655 3728 non
2674 3677 2896 3742 neganti
2913 3690 3023 3729 esse
3042 3674 3317 3743 ineﬂ’abite
3337 3676 3599 3744 quiddam

1907 3766 1958 3815 et
1985 3762 2261 3829 singulare
2297 3764 2491 3817 anime
2521 3762 2713 3816 bonum
2742 3763 2887 3832 quod
2922 3769 3093 3818 mente
3133 3763 3413 3830 videatur;
3444 3769 3495 3818 et
3519 3779 3601 3818 me

1907 3850 1983 3904 ad
2031 3850 2498 3919 contemplandum
2530 3850 2769 3904 nondum
2809 3865 2920 3905 esse
2959 3851 3208 3905 idoneum
3251 3868 3370 3906 cum
3396 3855 3522 3920 fletu
3550 3858 3601 3906 et

1907 3940 2110 4007 gemitu
2149 3939 2440 4007 conﬁtenti.
2472 3939 2589 3994 Non
2616 3954 2698 3992 me
2726 3954 2850 4006 ergo
2881 3939 3104 4005 deseret,
3152 3941 3203 3993 si
3245 3940 3388 3993 nihil
3432 3941 3596 4008 fingo,

1907 4030 1959 4081 si
1975 4029 2153 4096 ofﬁcio
2181 4027 2363 4093 ducor,
2398 4028 2449 4081 si
2467 4029 2747 4081 ueritatem
2776 4042 2916 4094 amo,
2946 4030 2997 4081 si
3014 4029 3314 4082 amicitiam
3343 4028 3529 4097 diligo,
3550 4030 3602 4082 si

1906 4117 2134 4169 multum
2152 4119 2326 4169 metuo
2353 4129 2420 4169 ne
2446 4116 2669 4182 fallaris
2692 4114 2876 4183 (Ibid.,
2897 4131 2992 4169 nn.
3021 4118 3068 4181 l,
3091 4114 3166 4185 4).
3194 4114 3498 4186 Augustini
3516 4116 3599 4169 la-

1907 4204 2142 4259 boribus
2167 4207 2393 4275 optatus
2422 4219 2558 4269 erga
2584 4204 2935 4258 Honoratum
2964 4204 3263 4274 respondit
3290 4204 3599 4268 eventus,si

1907 4292 2077 4347 modo
2096 4292 2144 4346 is
2156 4297 2259 4359 est,
2282 4297 2348 4347 ut
2366 4295 2592 4363 putant,
2617 4292 2716 4364 qui
2735 4292 3055 4364 Augustino
3066 4293 3212 4347 circa
3229 4307 3444 4347 annum
3466 4309 3602 4365 qua-

1906 4379 2419 4451 dringentesimum
2450 4380 2854 4436 duodecimum
2878 4381 3059 4435 varias
3089 4380 3434 4453 quaestiones
3463 4396 3600 4435 eno-

1908 4468 2124 4522 dandas
2144 4469 2219 4523 ub
2241 4469 2380 4523 urbe
2401 4469 2740 4540 Carthagine
2758 4469 3021 4524 mittebat
3041 4472 3234 4539 (Epist.
3261 4471 3460 4538 140,21.
3484 4470 3595 4540 83).

1974 4560 2026 4610 2.
2056 4558 2187 4611 Post
2214 4557 2425 4612 librum
2456 4558 2525 4612 de
2558 4558 2807 4613 Utilitate
2833 4557 3123 4624 credendi,
3156 4556 3380 4627 scripsit
3405 4559 3601 4627 Augu-

1907 4644 2089 4700 stinus
2139 4645 2208 4700 de
2251 4645 2478 4700 Duabus
2507 4646 2822 4701 Animabus
2854 4647 3106 4715 (Retract.
3140 4646 3235 4700 lib.
3270 4649 3316 4711 l,
3342 4661 3462 4715 cap.
3490 4644 3599 4715 l5),

1906 4749 2048 4804 quas
2096 4734 2282 4787 inesse
2325 4733 2545 4787 homini
2573 4733 2771 4788 dicunt
2808 4732 3120 4801 Manichmi,
3149 4748 3394 4804 quarum
3424 4748 3600 4787 unam

1906 4822 2139 4889 bonam,
2173 4822 2409 4875 alteram
2439 4821 2624 4876 carnis
2644 4823 2934 4893 propriam
2959 4825 3014 4876 et
3039 4822 3108 4876 de
3138 4826 3306 4892 gente
3336 4822 3601 4877 tenebra-

1906 4926 2061 4979 rum,
2109 4926 2281 4981 quam
2323 4911 2437 4964 Deo
2482 4917 2784 4981 opponunt
2817 4927 2830 4964 :
2863 4910 3057 4964 omnia
3087 4910 3321 4982 quidem
3351 4910 3600 4965 hominis

1908 4999 2056 5053 bona
2090 4998 2174 5052 illi
2209 4999 2379 5053 bonas
2419 4999 2649 5067 animm,
2695 4998 2888 5053 omnia
2933 5015 3065 5053 vero
3099 4998 3251 5053 mala
3290 4999 3381 5054 illi
3432 5000 3599 5053 malm

1908 5087 2114 5142 animm
2150 5087 2485 5142 tribuentes.
2525 5088 2680 5142 Hanc
2728 5088 3068 5143 sententiam
3114 5088 3241 5142 falsi
3269 5088 3552 5142 convincit
3582 5104 3597 5142 :

1909 5175 2271 5247 rationesque
2301 5191 2444 5248 quas
2473 5176 2725 5246 adhibet,
2766 5193 2833 5232 eo
2868 5177 2998 5248 plus
3038 5177 3107 5233 ad
3139 5176 3597 5248 persuadendum

1908 5269 1965 5318 et
1993 5264 2338 5320 movendum
2359 5265 2627 5336 ponderis
2652 5282 2714 5320 ac
2742 5266 3022 5321 momenti
3044 5265 3481 5335 obtinent,quod
3504 5280 3599 5319 eas

1907 5370 2022 5409 non
2062 5354 2407 5423 disputando
2452 5354 2706 5424 exponit,
2754 5355 2850 5410 sed
2892 5355 3077 5409 solum
3123 5354 3387 5415 dolendo,
3418 5368 3476 5406 se
3505 5352 3597 5418 iis,

1907 5443 2043 5497 dum
2100 5460 2132 5497 a
2170 5444 2493 5501 Manichteis
2533 5443 2700 5499 illudi
2740 5443 2847 5498 sibi
2895 5459 3094 5514 passus
3147 5445 3250 5510 est,
3282 5455 3451 5494 usum
3481 5456 3598 5496 non

1907 5532 2100 5598 fuisse,
2133 5532 2278 5587 sicut
2305 5549 2363 5586 se
2394 5534 2475 5587 uti
2529 5532 2781 5604 potuisse
2824 5532 3204 5595 demonstrat;
3246 5544 3376 5582 cum
3401 5545 3467 5583 ex
3495 5545 3597 5584 na-

1906 5624 2049 5672 turae
2070 5619 2269 5689 ipsius,
2285 5619 2691 5690 communique
2719 5618 3019 5672 hominum
3041 5631 3210 5670 sensu
3240 5616 3599 5689 depromptae
