4060 6360
433 341 525 394 18⁸7
1667 331 1826 384 VITA
1865 330 1916 383 S.
1962 329 2130 383 AUGl

2314 329 2332 382 l
2377 326 2684 382 EPISCOPI
2699 364 2712 378 .
3391 356 3402 366 ε
3861 322 3952 372 188

427 463 539 517 sint
571 461 662 531 (De
690 460 911 515 Duabus
949 457 1276 522 Am’mabus,
1306 472 1361 510 η.
1402 457 1508 523 22).
1543 453 1756 508 Asserit
1787 469 1845 506 se
1875 469 1907 506 a
1938 467 2126 506 rerum

427 555 544 604 tam
569 547 920 603 evidentium
945 544 1399 599 consideratione
1422 542 1693 613 peccandi
1718 541 2127 595 consuetudine

427 639 598 694 fuisse
629 653 912 701 aversum,
946 651 1121 706 seque
1151 632 1359 688 sentire
1393 649 1542 686 nunc
1571 631 1630 684 in
1659 628 2128 684 familiarissimo-

429 744 559 782 rum
589 741 825 781 suorum
858 725 1086 789 damno,
1121 722 1273 793 quod
1300 727 1433 775 tunc
1455 719 1514 774 in
1544 736 1645 773 suo
1674 718 1852 789 ipsius
1874 716 2126 787 periculo

430 816 669 870 minime
698 813 996 868 sentiebat.
1031 813 1394 882 Quapropter
1442 810 1602 879 operi
1642 809 1818 862 ﬁnem
1862 805 2126 876 imponit,

436 907 613 959 Deum
639 919 808 957 orans
838 907 1012 971 atque
1041 899 1362 965 obsecrans,
1398 903 1461 952 ut
1491 897 1748 968 ejusdem
1794 895 1990 966 gratiae
2022 910 2128 964 ope

431 1009 604 1065 quam
635 992 755 1063 ipse
782 999 1049 1061 expertus
1081 993 1185 1053 est,
1219 988 1349 1042 illos
1388 988 1458 1041 ab
1488 1002 1681 1040 errore
1722 996 1944 1038 revocet
1977 999 1990 1036 :
2020 983 2127 1036 sic-

433 1099 542 1153 que
575 1097 744 1135 orans
793 1079 1067 1149 agnoscit,
1114 1093 1233 1130 non
1274 1078 1459 1130 solum
1503 1090 1799 1128 conversos
1847 1075 1914 1127 ad
1949 1074 2127 1126 Deum

433 1171 617 1240 gratia
657 1169 779 1239 ejus
819 1165 1098 1236 adjuvari,
1148 1170 1212 1218 ut
1239 1163 1566 1235 proﬁciant;
1600 1178 1797 1215 verum
1843 1162 2015 1213 etiam
2069 1163 2132 1212 ut

431 1261 854 1321 convertantur,
880 1254 948 1308 ad
967 1254 1149 1323 ipsam
1174 1252 1269 1306 Dei
1289 1251 1528 1322 gratiam
1555 1249 1839 1320 pertinere
1861 1249 2124 1318 (Rctract.

432 1347 526 1400 lib.
556 1350 602 1412 1,
629 1360 749 1413 cap.
778 1347 863 1409 15,
897 1358 952 1398 n.
987 1343 1063 1412 8).
1099 1341 1269 1412 Spem
1298 1340 1431 1394 facit
1468 1339 1528 1393 in
1559 1340 1666 1392 hoc
1696 1354 1886 1408 opere,
1922 1353 1979 1389 se
2005 1336 2129 1388 aliis

431 1434 492 1488 in
524 1432 1018 1499 lucubrationibus
1047 1435 1433 1494 ostensurum,
1464 1443 1712 1498 quonam
1743 1429 1904 1497 pacto
1944 1425 2129 1478 catho-

430 1521 555 1576 licae.
607 1521 912 1592 Scripturze
959 1537 990 1573 a
1038 1517 1480 1573 Manichaeorum
1527 1513 2021 1569 criminationibus
2075 1516 2128 1566 et

431 1609 734 1664 calumniis
782 1608 1002 1680 possint
1043 1605 1319 1661 vindicari
1359 1622 1373 1660 :
1418 1604 1571 1676 quod
1619 1607 1816 1657 contra
1859 1604 2129 1656 Faustum

431 1700 675 1753 maxime
729 1698 979 1752 scribens
1025 1695 1309 1767 praestitit.
1358 1694 1509 1747 Varii
1541 1698 1673 1747 sunt
1702 1692 1760 1746 in
1790 1692 1898 1745 hoc
1931 1690 2128 1744 eodem

431 1803 600 1859 opere
631 1786 740 1840 loci
767 1801 911 1856 quos
934 1783 1225 1855 Pelagiani
1253 1782 1466 1853 aliique
1496 1767 1694 1852 gratiae.
1727 1778 2032 1834 adversarii
2059 1778 2130 1832 ad

431 1891 688 1929 errorum
733 1889 968 1926 suorum
1014 1871 1398 1942 patrocinium
1460 1871 1803 1939 detorquere
1843 1871 2124 1938 poterant.

431 1964 691 2017 Julianus
720 1961 1081 2024 nominatim,
1113 1960 1172 2014 in
1201 1958 1582 2029 Augustinum
1615 1957 1884 2022 scribens,
1917 1956 2128 2026 produ-

431 2059 520 2108 cto
553 2052 803 2124 quodam
832 2051 1036 2105 exinde
1066 2051 1190 2104 loco
1221 2048 1594 2120 gratulandus
1628 2048 1902 2100 exclamat
1932 2062 1943 2099 :
1979 2045 2020 2099 Ο
2046 2046 2127 2097 lu-

430 2157 551 2196 cens
580 2157 777 2195 au-r-um
802 2142 860 2192 in
888 2140 1146 2193 stercore!
1183 2137 1318 2205 quid
1341 2138 1543 2202 verius,
1565 2134 1702 2204 quid
1718 2137 1933 2203 plenius
1955 2134 2067 2187 dici
2095 2149 2130 2186 a

431 2245 702 2300 quoquam
738 2230 820 2283 vel
846 2226 1143 2282 orthodowo
1166 2224 1472 2294 potuisset?
1500 2223 1607 2277 Sed
1631 2223 1734 2276 hos
1762 2222 1916 2275 locos
1941 2224 2132 2290 Augu-

429 2319 612 2372 stinus
659 2317 781 2387 ipse
826 2316 1152 2370 nullatenus
1201 2312 1280 2366 eis
1310 2310 1608 2381 suffragari
1641 2310 1890 2364 ostendit
1921 2309 2129 2378 (Operis

428 2409 648 2475 imper/1
683 2406 776 2460 lib.
814 2408 862 2470 1,
895 2419 1016 2472 cap.
1049 2404 1137 2469 44,
1161 2404 1272 2468 45).
1311 2400 1464 2455 Libri
1495 2401 1563 2454 de
1586 2399 1834 2454 Utilitate
1865 2397 2130 2452 credendi

429 2501 486 2550 et
511 2497 579 2550 de
607 2495 839 2550 Duabus
866 2493 1178 2548 Animabus
1200 2491 1271 2546 ad
1296 2506 1513 2545 annum
1539 2488 2006 2543 trecentesimum
2035 2503 2130 2540 no-

429 2584 790 2654 nagesimum
807 2582 1082 2653 primum,
1105 2581 1192 2634 vel
1205 2579 1671 2634 trecentesimum
1694 2576 2129 2647 nonagesimum

433 2673 748 2728 secundum
791 2669 1076 2725 referendi
1106 2673 1266 2735 sunt;
1299 2684 1429 2722 cum
1460 2684 1555 2721 eos
1595 2665 1943 2736 Augustinus
1982 2681 2127 2735 prie-

435 2761 626 2815 mittat
642 2758 1215 2830 disputationi,quam
1240 2773 1368 2810 cum
1390 2758 1699 2810 Fortunato
1715 2754 1916 2809 habuit
1931 2753 2129 2824 quinto

431 2849 704 2903 kalendas
734 2845 1087 2918 Septembris,
1129 2861 1279 2898 anno
1323 2841 1721 2898 trecentesimo
1752 2840 2128 2911 nonagesimo

437 2938 706 2992 secundo.

503 3029 560 3080 3.
593 3026 717 3080 Jam
752 3023 996 3078 diximus
1025 3023 1177 3077 hunc
1203 3023 1578 3076 Fortunatum
1602 3019 1774 3074 fuisse
1798 3018 2130 3073 Manichaeo-

427 3130 558 3169 rum
586 3113 1008 3184 presbyterum,
1059 3112 1159 3182 qui
1187 3111 1340 3181 apud
1372 3109 1966 3180 Hipponem-Regium
1998 3123 2128 3160 cum

422 3204 544 3274 jam
575 3201 798 3272 pridem
829 3199 1144 3271 plurimum
1182 3197 1454 3267 temporis
1503 3196 1748 3262 vixisset,
1781 3195 1861 3248 ibi
1892 3196 2129 3249 seduxe-

431 3295 518 3344 rat
547 3290 626 3342 ila
655 3289 886 3354 multos,
915 3293 979 3342 ut
1007 3291 1243 3358 propter
1272 3287 1398 3339 illos
1421 3289 1640 3339 amaret
1669 3284 1727 3337 in
1760 3300 1826 3338 ea
1858 3285 1998 3338 urbe
2030 3284 2132 3337 ha-

430 3379 608 3433 bitare
641 3381 896 3443 (Retract.
937 3377 1030 3430 lib.
1083 3379 1129 3442 1,
1172 3390 1292 3443 cap.
1347 3374 1451 3444 l6).
1493 3373 1748 3428 Tandem
1789 3377 1984 3426 tamen
2053 3373 2132 3425 ci-

429 3466 616 3522 vitatis
643 3465 795 3519 illius
825 3463 1100 3519 Catholici
1131 3479 1349 3528 omnes,
1385 3466 1440 3515 et
1471 3461 1570 3532 qui
1599 3465 1733 3515 tunc
1762 3460 1823 3513 in
1854 3476 1918 3514 ea
1949 3476 2130 3514 mora-

433 3558 646 3611 bantur
674 3553 988 3625 peregrini,
1021 3569 1083 3606 ac
1117 3551 1224 3622 ipsi
1251 3567 1479 3622 quoque
1513 3549 1838 3614 Donatistae,
1870 3548 2131 3603 adierunt

434 3643 843 3715 Augustinum,
873 3645 1262 3712 rogaruntque
1295 3644 1356 3694 ut
1384 3655 1510 3693 cum
1546 3640 1873 3707 Fortunato,
1902 3638 2000 3708 qui
2028 3639 2128 3692 do—

432 3738 556 3787 ctus
596 3732 666 3785 ab
697 3729 777 3785 eis
816 3730 1153 3795 habebatur,
1187 3729 1255 3783 de
1287 3730 1434 3798 Lege
1465 3731 1748 3782 tractaret.
1777 3727 2132 3797 Augustinus

431 3826 664 3893 paratus
711 3835 937 3890 semper
986 3819 1057 3874 ad
1093 3818 1447 3873 reddendam
1495 3816 1631 3871 ﬁdei
1681 3833 1794 3871 sum
1826 3816 2128 3882 rationem,

431 3910 668 3982 speique
711 3925 776 3963 ac
819 3907 1040 3963 ﬁduciae
1084 3923 1257 3978 quam
1301 3905 1364 3960 in
1413 3907 1526 3960 Deo
1555 3906 1878 3971 collocarat,
1912 3908 1968 3958 et
1996 3921 2130 3958 sane

429 4004 628 4070 potens
686 3997 975 4052 exhortari
1029 3997 1089 4050 in
1119 3995 1380 4050 doctrina
1407 4011 1566 4063 sana,
1598 3998 1652 4047 et
1683 3992 2131 4048 contradicentes

430 4102 822 4157 arguere,non
849 4083 1178 4138 detrectavit
1206 4082 1558 4152 colloquium
1587 4082 1714 4136 :sed
1747 4086 1940 4135 utrum
1959 4082 2129 4134 etiam

434 4179 775 4231 Fortunatus
807 4173 862 4226 id
889 4175 1200 4242 expeteret,
1233 4169 1548 4223 sciscitatus
1571 4173 1678 4224 est.
1713 4168 1875 4232 Quod
1905 4168 1985 4222 illi
2005 4185 2132 4222 con-

433 4263 624 4318 festim
653 4261 726 4315 ad
763 4262 1139 4314 Fortunatum
1171 4259 1519 4323 detulerunt,
1553 4261 1812 4326 petentes
1843 4263 1900 4310 et
1929 4257 2128 4310 cohor-

431 4355 617 4405 tantes
639 4365 702 4403 ac
728 4347 1051 4418 ﬂagitantes
1079 4361 1149 4399 ne
1171 4361 1544 4414 congressum
1575 4348 1881 4398 recusaret.
1910 4345 2006 4398 Ille
2034 4344 2132 4415 qui

433 4437 858 4492 formidandum
890 4435 1043 4488 hunc
1070 4433 1480 4500 adversarium,
1526 4433 1663 4486 dum
1693 4432 2132 4487 Manichaeorum

433 4532 625 4598 partes
655 4529 1010 4596 sequeretur.
1035 4521 1377 4592 Carthagine
1416 4527 1670 4588 noverat,
1694 4521 1791 4576 diu
1816 4521 1983 4592 inops
2008 4538 2135 4574 con-

435 4613 547 4668 silii
577 4613 888 4668 fluctuavit.
934 4615 1138 4666 Verum
1169 4611 1392 4682 magnis
1417 4610 1694 4681 ipsorum,
1728 4609 1976 4664 maxime
2021 4611 2131 4664 Illa-

433 4702 807 4767 nichazorum,
843 4703 1106 4773 precibus
1137 4700 1405 4756 reluctari
1436 4717 1553 4753 non
1583 4699 1806 4769 potuit;
1835 4716 1905 4752 ne
1937 4698 2133 4768 dispu-

432 4791 665 4846 tationis
696 4797 984 4846 certamen
1030 4790 1420 4852 detractando,
1454 4807 1636 4844 causa:
1669 4806 1787 4844 sua:
1826 4788 2133 4843 inﬁrmita-

433 4883 548 4931 tem
573 4878 740 4932 tacite
761 4879 1048 4948 proderet.
1074 4881 1272 4949 Itaque
1295 4879 1425 4932 sein
1445 4895 1677 4932 arenam
1701 4879 2130 4944 descensurum,

436 4972 492 5020 et
518 4970 706 5037 partes
753 4983 884 5019 suas
915 4972 1413 5037 propugnaturum
1445 4971 1528 5021 est
1557 4967 1844 5038 pollicitus
1878 4968 2128 5036 (Possid.,

435 5057 494 5108 in
525 5058 652 5111 Vita
680 5056 940 5122 August,
974 5070 1020 5108 c.
1053 5057 1126 5125 6).
1164 5056 1501 5124 Designatus
1531 5056 1640 5108 fuit
1667 5055 1787 5109 dies
1817 5061 1873 5109 et
1893 5057 2132 5121 locus,et

434 5143 810 5198 constitutum
842 5147 904 5196 ut
941 5143 1161 5196 ratione
1195 5143 1592 5209 discuteretur,
1634 5161 1704 5197 an
1733 5149 1966 5214 possent
2012 5161 2131 5198 esse

436 5231 682 5303 geminae.
726 5236 966 5298 naturae,
1015 5236 1311 5285 ceteterna:
1343 5237 1399 5285 et
1442 5232 1767 5301 contrarias,
1799 5237 1968 5303 prout
1996 5250 2132 5286 con-

434 5321 746 5376 tendebant
777 5319 1088 5374 Manichaei.
1122 5320 1260 5373 Cum
1293 5318 1446 5373 enim
1478 5320 1562 5374 illi
1599 5320 1851 5374 haaretici
1882 5321 2136 5391 Scriptu-

439 5425 634 5463 rarum
683 5409 873 5478 plures
906 5424 1008 5478 pro
1041 5407 1206 5461 libitu
1248 5413 1436 5477 partes
1465 5409 1785 5476 rejicerent,
1828 5426 2131 5478 Operosum

438 5502 558 5550 erat
584 5512 680 5550 eos
703 5497 1039 5550 auctoritate
1070 5495 1432 5549 convincere.
1473 5498 1635 5566 Apud
1673 5497 1991 5566 Hipponem
2026 5499 2133 5568 igi-

440 5591 533 5639 tur
559 5591 944 5641 conveueruut
973 5586 1029 5640 in
1056 5585 1292 5639 Balneas
1316 5585 1484 5639 Sossii
1513 5586 1712 5658 quinto
1743 5586 2018 5640 kalendas
2049 5603 2135 5641 se-

2240 467 2536 539 ptembris,
2586 481 2738 518 anno
2783 461 3185 518 trecentesimo
3247 460 3622 530 nonagesimo
3675 459 3951 522 secundo,

2240 554 2662 609 confluentibus
2687 552 2802 606 illic
2831 566 3005 622 quam
3038 549 3301 622 plurimis
3334 548 3468 602 viris
3499 548 3772 612 eruditis,
3803 548 3951 600 aliis-

2242 659 2353 716 que
2383 645 2496 698 sive
2526 641 2776 697 discendi
2807 640 3138 700 studio,sive
3168 639 3494 693 curiositate
3514 639 3701 693 ductis
3735 639 3954 708 (Contra

2242 737 2552 800 Fortunat,
2581 733 2788 800 disput.
2829 734 2877 796 l,
2920 746 2975 784 π.
3017 728 3084 794 1).
3120 729 3234 781 Sub
3267 732 3537 782 Actorum
3569 728 3752 781 tinem
3783 726 3954 796 signi-

2244 822 2404 876 ﬁcari
2435 821 2630 876 credas
2659 821 2805 873 solos
2844 819 3040 873 ﬁdeles
3070 817 3382 888 baptizatos
3408 816 3657 870 adfuisse
3690 816 3949 885 disputa-

2240 911 2392 966 tioni
2440 908 2701 963 secundm
2749 907 2933 976 (lbid.,
2967 906 3172 975 disput.
3207 909 3260 973 2,
3293 922 3350 958 η.
3399 909 3486 970 3‘7)
3521 921 3536 960 :
3570 904 3954 958 nihilominus

2244 1000 2426 1070 liquet
2455 1014 2517 1051 ex
2550 995 2826 1063 Possidio,
2867 994 3201 1049 Manichzeos
3241 993 3661 1063 etiamplures,
3708 1009 3851 1046 cum
3898 992 3952 1044 in

2240 1103 2306 1140 ea
2354 1088 2697 1140 Fortunatus
2727 1083 3033 1148 obmutuit,
3068 1085 3376 1152 praesentes
3416 1081 3588 1135 fuisse
3636 1082 3839 1148 (Poss.,
3902 1087 3954 1132 in

2246 1178 2375 1231 Vita
2425 1177 2686 1240 August.,
2735 1188 2780 1226 c.
2836 1176 2924 1238 6);
2963 1171 3168 1241 vixque
3199 1186 3262 1224 ac
3291 1186 3361 1223 ne
3401 1169 3493 1223 vix
3523 1169 3763 1240 quidem
3799 1171 3953 1223 credi

2238 1263 2426 1330 potest
2468 1275 2588 1312 rem
2622 1273 2680 1310 se
2711 1256 2876 1310 aliter
2906 1255 3187 1309 habuisse.
3227 1254 3522 1324 Utrimque
3553 1253 3703 1307 dicta
3737 1255 3950 1306 notarii

2239 1348 2395 1401 velut
2425 1347 2484 1399 in
2516 1346 2655 1399 actis
2676 1343 2918 1416 publicis
2939 1342 3312 1413 excipiebant.
3333 1343 3715 1396 Fortunatum
3741 1341 3954 1412 pressit

2239 1435 2590 1507 Augustinus
2610 1435 2738 1501 hoc,
2769 1432 2921 1503 quod
2949 1449 2982 1485 a
3012 1431 3281 1485 Nebridio
3303 1435 3618 1501 acceperat,
3643 1446 3954 1500 argumen-

2239 1527 2298 1577 to
2334 1540 2347 1577 :
2372 1522 2431 1577 Si
2470 1523 2616 1576 Deus
2641 1538 2673 1574 a
2701 1525 2870 1590 gente
2891 1519 3280 1583 tenebrarum,
3310 1534 3484 1589 quam
3501 1518 3953 1572 comminiscun-

2238 1617 2332 1666 tur
2361 1609 2677 1673 Manichz—ei,
2710 1607 2855 1662 nihil
2897 1607 3016 1678 pati
3043 1607 3252 1678 potuit,
3295 1607 3429 1678 quia
3457 1606 3811 1661 inviolabilis
3843 1611 3949 1670 est,

2239 1717 2357 1754 non
2394 1699 2592 1753 debuit
2615 1697 2857 1761 animas,
2890 1697 2999 1750 hoc
3029 1700 3132 1762 est,
3167 1696 3328 1765 juxta
3348 1711 3545 1749 eorum
3577 1695 3951 1756 sententiam.

2239 1793 2463 1860 partem
2491 1803 2607 1841 sua:
2639 1785 2989 1851 substantiae,
3019 1785 3131 1838 huc
3159 1784 3405 1850 mittere,
3430 1788 3492 1838 ut
3519 1800 3815 1837 aerumnas
3845 1801 3949 1854 pa-

2239 1881 2534 1942 terentur;
2579 1875 2666 1928 siu
2697 1881 2886 1928 autem
2919 1891 2952 1926 a
2984 1874 3349 1927 tenebrarum
3376 1877 3543 1943 gente
3573 1872 3793 1943 aliquid
3829 1872 3950 1942 pati

2239 1968 2450 2038 potuit,
2490 1965 2834 2020 inviolabilis
2872 1980 2988 2018 non
3020 1967 3126 2017 est.
3161 1964 3236 2017 Ex
3267 1961 3473 2033 quibus
3501 1961 3712 2014 inferre
3744 1961 3947 2022 voluit,

2240 2057 2457 2110 malum
2504 2071 2571 2108 ex
2620 2054 2801 2107 libero
2849 2051 3156 2106 voluntatis
3204 2049 3439 2105 arbitrio
3470 2065 3770 2115 emanare;
3806 2065 3941 2103 cum

2243 2145 2584 2197 Fortunatus
2616 2146 2877 2195 naturam
2911 2140 3049 2193 mali
3077 2155 3140 2192 ac
3169 2139 3536 2193 tenebrarum
3565 2139 3681 2192 Deo
3712 2137 3826 2209 ipsi
3851 2154 3946 2191 co-

2241 2236 2514 2286 aeternam
2543 2229 2888 2300 persuadere
2918 2228 3235 2282 moliretur.
3272 2227 3551 2281 Producta
3577 2231 3665 2280 est
3685 2225 3946 2296 disputa-

2240 2320 2320 2374 tio
2339 2319 2658 2390 usquedum
2688 2319 3030 2372 Fortunatus
3061 2316 3119 2369 in
3149 2315 3295 2369 hanc
3324 2315 3719 2385 blasphemam
3747 2330 3944 2368 vocem

2241 2409 2431 2477 erupit
2464 2425 2476 2462 :
2510 2407 2841 2460 Sermonem
2877 2404 2975 2458 Dei
3005 2403 3241 2474 ligatum
3265 2419 3384 2457 esse
3410 2402 3470 2456 in
3489 2407 3659 2473 gente
3682 2403 3948 2456 tenebra-

2241 2513 2388 2550 rum.
2425 2495 2587 2560 Quod
2618 2511 2747 2548 cum
2775 2492 3202 2547 exhorruissent
3222 2491 3323 2562 qui
3344 2491 3598 2556 aderant,
3630 2490 3944 2544 discessum

2241 2590 2346 2639 est.
2391 2584 2500 2639 Sed
2548 2583 2818 2654 postridie
2851 2582 3299 2651 redintegratum
3331 2585 3415 2633 est
3440 2579 3510 2634 de
3541 2578 3744 2633 eodem
3777 2595 3943 2649 argu-

2243 2677 2435 2728 mento
2466 2671 2838 2742 colloquium,
2889 2669 2949 2724 in
2995 2685 3108 2740 quo
3141 2670 3483 2723 Fortunatus
3526 2667 3587 2720 in
3623 2683 3720 2722 eas
3770 2684 3945 2738 augu-

2245 2760 2379 2814 stias
2410 2759 2479 2812 ab
2499 2758 2816 2829 Augustino
2843 2758 3168 2828 compulsus
3190 2761 3294 2823 est,
3314 2763 3379 2810 ut
3400 2757 3469 2810 ab
3492 2755 3640 2826 ipso,
3668 2755 3944 2826 quidnam

2240 2849 2493 2903 dicturus
2543 2853 2710 2912 esset,
2761 2846 3008 2917 petierit,
3057 2845 3344 2899 confessus
3393 2844 3537 2898 nihil
3584 2860 3643 2897 se
3682 2845 3943 2899 invenire

2240 2937 2394 3008 quod
2415 2936 2646 2990 diceret.
2681 2937 2825 2989 Tum
2854 2934 3207 3005 Augustinus
3236 2935 3387 2987 ultro
3418 2933 3470 2987 ei
3507 2932 3800 3002 pollicitus
3839 2936 3941 2990 est.

2240 3043 2298 3080 se
2326 3026 2665 3079 catholicam
2712 3023 2904 3088 ﬁdem,
2952 3023 2998 3076 si
3031 3023 3200 3076 modo
3233 3022 3515 3076 auditores
3545 3020 3946 3091 permitterent

2241 3119 2298 3167 et
2322 3114 2553 3178 vellent,
2586 3112 2995 3182 expositurum.
3031 3110 3348 3180 Respondit
3389 3111 3750 3176 Fortunatus,
3786 3126 3846 3163 se
3877 3111 3942 3164 de

2241 3200 2546 3270 Augustini
2577 3203 2917 3269 argumento
2947 3197 3018 3252 ad
3047 3197 3421 3268 peritissimos
3448 3203 3614 3250 sectae
3639 3213 3764 3251 suae
3798 3198 3939 3251 rela-

2239 3293 2435 3342 turum
2469 3305 2481 3342 :
2515 3287 2614 3358 qui
2637 3288 2683 3341 si
2704 3287 2894 3341 minus
2917 3285 3349 3356 interrogationi
3379 3302 3496 3339 suae
3515 3285 3772 3339 facerent
3789 3286 3944 3352 satis,

2241 3393 2321 3442 se,
2344 3376 2618 3447 quoniam
2659 3375 2865 3429 animae
2905 3391 3021 3429 sua:
3049 3375 3342 3428 consulere
3363 3375 3550 3440 vellet,
3583 3373 3652 3427 ad
3691 3373 3830 3428 ﬁdei
3863 3390 3949 3426 ca-

2240 3465 2466 3519 tholicae
2511 3464 2963 3536 inquisitionem,
3013 3479 3185 3534 quam
3240 3462 3594 3533 Augustinus
3645 3462 3945 3528 offerebat,

2242 3569 2361 3606 esse
2391 3557 2718 3606 venturum.
2753 3553 2895 3606 Cum
2925 3552 2972 3604 is
3001 3551 3202 3606 fuisset
3229 3551 3401 3621 hujus
3423 3549 3827 3621 disputationis
3849 3567 3946 3604 ex-

2242 3641 2381 3709 itus;
2418 3641 2518 3712 qui
2551 3640 2843 3694 Fortunati
2875 3639 3257 3694 eruditionem
3289 3643 3457 3710 atque
3478 3637 3794 3693 doctrinam
3829 3640 3950 3709 plu-

2243 3730 2374 3784 rimi
2401 3731 2675 3797 fecerant,
2723 3728 2866 3782 nihil
2898 3744 3031 3781 eum
3081 3727 3141 3781 in
3172 3743 3362 3781 errore
3391 3743 3495 3780 suo
3525 3726 3949 3796 propugnando

2240 3817 2481 3872 valuisse
2508 3816 2859 3888 judicarunt.
2901 3817 3004 3869 Ille
3036 3832 3165 3869 vero
3212 3831 3342 3869 cum
3391 3814 3564 3868 ﬁdem
3607 3813 3946 3867 catholicam

2241 3905 2508 3976 amplecti
2539 3903 2844 3968 debuisset,
2878 3903 2948 3956 ob
2976 3903 3264 3973 publicam
3296 3902 3591 3956 infamiam
3614 3918 3787 3972 quam
3817 3918 3950 3954 con-

2242 4010 2484 4066 coquere
2515 4009 2628 4046 non
2659 3996 2898 4063 poterat,
2931 3991 3225 4062 aliquanto
3257 3996 3385 4062 post
3415 4008 3483 4044 ex
3518 3991 3655 4044 urbe
3687 3990 3948 4044 discessit

2242 4084 2451 4137 rubore
2483 4081 2752 4147 suffusus,
2783 4096 2887 4134 nec
2918 4081 2986 4134 ad
3027 4097 3154 4134 eam
3185 4079 3432 4150 amplius
3463 4078 3756 4132 remeavit.
3792 4081 3950 4132 llanc

2242 4172 2685 4242 disputationem
2716 4170 2775 4223 in
2807 4169 3016 4224 librum
3050 4169 3345 4223 memoriae
3392 4168 3778 4222 mandandam
3819 4185 3952 4222 cou-

2244 4261 2392 4315 ferre
2424 4258 2640 4313 curavit
2667 4258 3044 4328 Augustinus,
3071 4259 3299 4328 Deoque
3330 4257 3438 4328 piis
3468 4257 3619 4310 illius
3650 4257 3945 4311 laboribus

2244 4350 2491 4415 favente,
2532 4350 2814 4417 quotquot
2843 4346 2978 4400 huic
3018 4346 3326 4400 interfuere
3365 4343 3668 4416 colloquio,
3701 4345 3790 4398 vel
3821 4346 3948 4414 ejus

2241 4440 2376 4491 Acta
2403 4436 2786 4506 perlegerunt,
2841 4436 3061 4505 ejurato
3093 4451 3306 4501 errore,
3355 4435 3632 4488 sinceram
3664 4437 3720 4487 et
3751 4434 3948 4486 ortho-

2246 4527 2447 4580 doxam
2482 4523 2740 4578 Ecclesia:
2772 4523 3063 4578 catholicae
3092 4523 3270 4577 ﬁdem
3300 4522 3546 4594 amplexi
3568 4526 3702 4576 sunt
3733 4522 3839 4592 (Ibi
3857 4516 3945 4592 1.).

2247 4613 2539 4669 Manichaei
2594 4612 2832 4668 subinde
2867 4614 3186 4684 Hipponem
3226 4612 3510 4666 miserunt
3557 4610 3731 4664 alium
3782 4615 3950 4665 secta:

2244 4720 2362 4758 suae
2399 4703 2816 4773 presbyterum,
2851 4703 3014 4772 cujus
3045 4717 3257 4756 nomen
3287 4701 3572 4754 reticetur.
3607 4700 3953 4769 Conjectura

2245 4797 2438 4846 tamen
2483 4807 2601 4844 non
2647 4792 2822 4856 deest,
2871 4807 3002 4844 eum
3036 4807 3155 4844 esse
3199 4789 3440 4844 Felicem
3482 4789 3668 4856 illum,
3715 4789 3787 4842 de
3835 4805 3952 4859 quo

2245 4897 2443 4935 sumus
2489 4879 2673 4934 acturi
2722 4896 2874 4934 anno
2931 4878 3498 4949 quadringentesimo
3545 4881 3770 4948 quarto.
3808 4877 3955 4931 Scri-

2244 4969 2358 5038 psit
2398 4969 2482 5022 illi
2511 4969 2886 5038 Augustiuus,
2935 4968 3204 5039 idemque
3247 4971 3671 5037 argumentum,
3719 4982 3838 5036 quo
3894 4984 3953 5019 se

2247 5059 2591 5110 Fortunatus
2649 5058 2915 5128 expedire
2973 5056 3329 5127 nequiverat,
3388 5054 3718 5126 proposuit;
3779 5055 3952 5108 simul

2245 5145 2328 5199 illi
2384 5145 2749 5214 denuntians,
2807 5151 2869 5200 ut
2934 5151 3035 5199 aut
3089 5145 3467 5216 quaestionem
3501 5144 3793 5210 solveret,
3856 5150 3957 5199 aut

2245 5233 2558 5288 discederet
2587 5233 2786 5302 (Epist.
2818 5236 2928 5304 79).

2313 5324 2362 5375 4.
2399 5323 2478 5375 Ne
2507 5328 2700 5375 autem
2727 5339 2811 5389 ea,
2843 5339 2971 5393 quas
3002 5326 3197 5376 contra
3230 5319 3566 5376 Manichaeos
3596 5321 3959 5391 Augustinus

2245 5410 2428 5464 adhuc
2473 5410 2765 5480 presbyter
2796 5410 3040 5481 scripsit,
3073 5410 3491 5480 disjungamus,
3534 5409 3828 5478 agendum
3863 5428 3960 5464 no-

2245 5498 2330 5552 bis
2360 5501 2445 5551 est
2472 5498 2579 5550 hoc
2609 5498 2732 5550 loco
2763 5498 2830 5552 de
2863 5497 3121 5569 ejusdem
3171 5497 3316 5551 libro
3365 5496 3634 5550 adversus
3681 5497 3962 5552 Adiman-

2249 5592 2372 5642 tum
2403 5588 2659 5656 (Retract.
2695 5588 2789 5641 lib.
2845 5593 2894 5654 1,
2927 5604 3046 5656 cap.
3097 5587 3208 5657 22),
3253 5586 3381 5641 licet
3431 5586 3478 5640 is
3526 5587 3638 5640 alia
3686 5589 3958 5658 quaedam
