4060 6386
98 366 184 416 189
650 380 657 387 ·
1532 363 1733 418 LIBER

1959 364 2087 418 IUS.

90 480 369 551 opuscula,
411 478 480 533 de
519 479 728 550 quibus
768 480 1030 535 nondum
1067 480 1331 547 diximus,
1373 482 1773 554 subsequatur.

90 569 417 623 Adimantus
454 567 580 633 iste,
615 585 714 622 seu
752 569 961 636 Addas,
994 585 1142 623 unus
1179 586 1210 625 e
1249 571 1448 641 primis
1487 576 1544 626 et
1580 572 1777 643 praeci-

90 657 207 728 puis
246 656 539 711 Manicliaai
578 656 889 727 discipulis,
934 658 1112 711 multa
1165 676 1233 713 ex
1292 663 1531 731 utroque
1579 662 1772 714 Testa-

92 752 273 801 mento
312 746 432 800 loca
469 749 804 812 corraserat,
845 763 975 818 quas
1014 748 1168 801 velut
1206 748 1357 803 inter
1394 765 1453 802 se
1490 750 1775 804 contraria

90 834 420 888 veteratorie
447 850 765 904 opponens,
786 835 857 888 ab
888 851 1003 889 uno
1033 835 1353 907 eodemque
1378 837 1490 891 Deo
1514 853 1634 891 esse
1659 855 1775 892 non

88 940 239 993 posse
268 922 665 977 contendebat.
694 923 834 976 Cum
865 922 1040 993 igitur
1061 923 1233 993 hujus
1261 923 1554 979 Adimanti
1585 925 1776 996 dispu-

88 1011 321 1065 tationes
350 1010 411 1064 in
441 1026 644 1064 manus
673 1010 978 1081 Augustini
1008 1010 1314 1077 venissent,
1348 1028 1441 1065 eas
1467 1029 1500 1065 a
1530 1030 1587 1067 se
1615 1014 1774 1068 refel-

89 1101 271 1153 lendas
300 1100 520 1169 putavit
542 1115 555 1154 :
580 1114 645 1152 co
657 1099 1020 1170 nscriptoque
1041 1099 1101 1153 in
1123 1100 1351 1154 easdem
1374 1101 1537 1166 libro,
1563 1102 1773 1155 utrius-

87 1204 189 1258 que
236 1187 376 1257 legis
417 1187 477 1241 in
526 1187 594 1241 iis
646 1186 798 1250 locis,
850 1204 979 1258 quas
1027 1188 1135 1241 sibi
1192 1188 1435 1244 invicem
1491 1191 1774 1245 adversari

88 1277 304 1331 volebat
356 1276 714 1341 Adimantus,
767 1292 1111 1330 consensum
1158 1282 1214 1330 et
1266 1278 1624 1334 concordiam
1674 1281 1773 1335 de-

90 1363 431 1419 monstravit.
464 1364 530 1418 In
562 1364 669 1418 hoc
712 1363 857 1418 libro
897 1364 1308 1435 quaestionibus
1348 1366 1570 1437 aliquot
1598 1369 1773 1422 semel

92 1459 140 1507 et
163 1453 364 1507 iterum
394 1452 719 1522 respondet,
760 1453 1036 1524 quoniam
1076 1469 1205 1524 quae
1245 1454 1433 1524 primo
1464 1456 1773 1526 responde-

91 1547 186 1606 rat,
224 1540 653 1606 interciderant,
696 1557 826 1612 quas
866 1546 1060 1596 tamen
1090 1547 1222 1613 post
1257 1543 1497 1597 alteram
1536 1560 1772 1615 respon-

90 1630 295 1683 sionem
326 1633 551 1698 reperta
579 1632 713 1683 sunt
745 1644 759 1683 :
790 1629 1063 1700 quasdam
1105 1628 1277 1683 etiam
1320 1630 1381 1683 in
1412 1630 1528 1684 suis
1557 1634 1627 1687 ad
1656 1634 1775 1702 ple‘

91 1720 207 1772 bem
257 1717 629 1772 Sermonibus
683 1717 953 1772 enodavit
1002 1719 1192 1788 (Serm.
1246 1722 1332 1784 l2,
1382 1735 1475 1773 nn.
1540 1724 1589 1785 1,
1646 1722 1695 1790 2)
1755 1740 1768 1777 :

90 1805 377 1861 nonnullas
403 1806 675 1877 denique,
697 1806 796 1860 sed
818 1822 1028 1876 paucas
1050 1806 1380 1872 admodum,
1407 1807 1616 1876 partim
1636 1807 1775 1861 obli-

91 1894 260 1961 vione,
292 1892 505 1965 partim
536 1893 782 1965 negotiis
814 1894 1152 1966 urgentibus
1195 1895 1491 1949 distractus
1532 1902 1771 1967 prmter-

93 1982 248 2038 misit.

709 2070 936 2126 CAPUT
978 2073 1117 2126 VIII.

96 2166 109 2215 t
144 2160 386 2215 Generale
419 2159 707 2213 concilium
736 2162 906 2213 totius
934 2160 1144 2226 Africae
1172 2161 1472 2215 celebratur
1502 2164 1768 2231 Hippone,

150 2251 205 2302 in
247 2263 348 2317 quo
396 2249 744 2315 Augustinus
784 2249 915 2317 ﬁdei
959 2250 1257 2315 symbolum
1305 2252 1555 2319 exponit.
1609 2253 1642 2302 2
1681 2250 1774 2304 Ad

152 2338 526 2403 Hieronymum
574 2337 784 2390 scribit.
837 2341 867 2389 3
920 2338 1048 2391 Ειίἰι
1095 2338 1293 2392 librum
1342 2339 1404 2392 de
1466 2339 1654 2394 Genesi
1700 2339 1777 2392 ad

152 2426 402 2479 Litteram
449 2426 843 2493 imperfectum.
891 2427 925 2478 4
964 2426 1154 2480 Libros
1191 2432 1376 2495 postea
1419 2427 1484 2480 de
1526 2428 1775 2482 Sermone

154 2516 359 2567 Domini
381 2516 442 2566 in
481 2517 673 2566 monte.
717 2516 747 2566 5
789 2513 993 2567 Scribit
1029 2516 1087 2567 in
1126 2516 1427 2583 Epistolam
1469 2515 1542 2568 ad
1580 2517 1772 2570 Roma-

152 2616 260 2656 nos.
290 2604 321 2654 6
349 2603 567 2657 Necnon
611 2604 669 2654 in
708 2603 1007 2671 Epistulam
1047 2602 1122 2655 ad
1162 2602 1407 2657 Galatas.
1448 2608 1479 2657 7
1526 2606 1773 2674 Opuscu-

153 2692 255 2743 lum
283 2689 347 2742 de
374 2689 676 2744 Mendacio.

154 2782 207 2835 1.
257 2781 420 2833 Anno
468 2778 678 2833 Christi
728 2778 1126 2833 trecentesimo
1163 2779 1534 2850 nonagesimo
1581 2780 1770 2846 tertio,

94 2870 271 2921 octavo
307 2867 435 2921 idus
477 2866 726 2922 octobris
773 2867 1038 2922 habitum
1078 2872 1163 2922 est
1206 2868 1515 2923 concilium
1560 2868 1772 2940 Hippo-

91 2970 249 3009 nense
276 2954 336 3009 in
361 2955 597 3010 ecclesia
627 2955 807 3015 Pacis,
836 2956 997 3026 cujus
1027 2956 1276 3010 ecclesias
1301 2972 1417 3011 non
1447 2957 1622 3011 semel
1651 2973 1772 3011 me-

93 3042 241 3097 minit
269 3043 621 3115 Augustinus
652 3047 849 3114 (Epist.
882 3046 1009 3111 2t3,
1043 3060 1098 3098 n.
1145 3044 1215 3114 1).
1250 3044 1355 3099 llla
1383 3048 1488 3111 est,
1519 3044 1605 3099 uti
1635 3062 1771 3099 con-

88 3132 278 3199 jectare
314 3133 473 3197 libet,
516 3148 688 3203 quam
727 3133 997 3202 Majorem
1043 3131 1335 3187 basilicam
1385 3134 1767 3204 appellabant.

94 3221 341 3274 Iienerale
384 3220 492 3275 fuit
520 3220 695 3275 totius
735 3221 939 3275 Africae
983 3221 1309 3288 concilium,
1360 3221 1422 3275 in
1461 3234 1575 3293 quo
1619 3222 1770 3277 haud

93 3306 246 3361 dubie
271 3309 538 3379 praesedit
564 3309 849 3375 Aurelius,
882 3325 1013 3363 cum
1042 3309 1237 3364 sedem
1267 3309 1769 3381 Carthaginensem

94 3399 209 3449 tunc
236 3396 540 3451 obtineret.
569 3398 826 3467 Magnam
858 3398 1110 3468 profecto
1142 3397 1625 3452 existimationem
1664 3398 1772 3452 sibi

90 3484 193 3551 jam
220 3486 569 3556 Augustinus
598 3491 918 3557 pepererat.
951 3488 1091 3541 Nam
1113 3502 1245 3541 cum
1267 3486 1500 3542 biennio
1527 3491 1660 3541 ante
1685 3504 1771 3541 res

94 3577 222 3627 esset
248 3574 483 3629 omnino
520 3574 797 3641 inaudita,
838 3576 1237 3646 presbyterum
1277 3591 1469 3629 coram
1502 3575 1770 3645 episcopo

95 3659 294 3729 dicere;
324 3663 520 3733 jussus
560 3663 657 3717 ille.
698 3668 785 3718 est
821 3664 893 3717 ab
928 3663 1189 3734 ipsismet
1227 3662 1507 3734 episcopis
1552 3663 1613 3716 in
1659 3662 1769 3715 isto

95 3749 280 3804 celebri
307 3767 593 3814 consessu,
628 3752 695 3805 de
726 3751 859 3805 Fide
888 3756 945 3805 et
973 3751 1241 3822 Symbolo
1271 3751 1567 3805 disserere.
1589 3750 1769 3814 Quam

98 3837 245 3892 etiam
270 3839 716 3911 disputationem
746 3839 944 3893 amicis
970 3838 1382 3894 studiosissime
1406 3838 1768 3905 instantibus,

98 3924 148 3978 in
171 3926 369 3982 librum
405 3927 508 4000 qui
537 3927 853 3981 etiamnum
883 3931 1083 3990 exstat,
1124 3927 1385 3997 redigere
1425 3929 1653 3979 coactus
1686 3932 1772 3979 est

100 4011 335 4093 (Retract.
375 4016 469 4070 lib.
508 4020 558 4081 1,
591 4031 717 4083 cap.
762 4015 864 4083 t7).
899 4016 965 4068 In
995 4015 1102 4068 hoc
1132 4030 1304 4085 opere
1333 4014 1588 4083 singulos
1616 4014 1773 4083 Sym-

98 4099 196 4154 boli
222 4104 489 4158 articulos
518 4103 772 4173 exponit,
805 4118 949 4172 quos
977 4106 1171 4156 tamen
1198 4118 1316 4156 non
1345 4101 1552 4155 iisdem
1582 4101 1771 4155 verbis

98 4190 264 4254 refert,
297 4192 510 4263 quibus
541 4190 872 4245 memoriter
892 4190 1131 4244 tenendi
1162 4189 1628 4261 Competentibus
1654 4195 1768 4244 tra-

96 4276 349 4334 debantur
393 4297 405 4335 :
441 4279 514 4333 ob
544 4279 600 4332 id
631 4278 795 4343 forte,
826 4279 977 4349 quod
1008 4277 1235 4332 nonnisi
1263 4278 1323 4332 in
1357 4278 1526 4333 corde
1555 4295 1618 4333 ac
1648 4295 1767 4332 mc-

104 4368 259 4423 moria
313 4369 511 4424 liceret
556 4369 672 4423 sive
728 4370 932 4423 soleret
983 4368 1315 4438 Symbolum
1367 4368 1534 4423 scribi
1587 4370 1769 4440 (Serm.

98 4457 203 4522 212,
228 4472 286 4512 η.
323 4461 376 4525 2,
408 4462 458 4512 et
486 4458 657 4512 Serm.
695 4458 822 4523 214,
854 4473 910 4511 n.
948 4456 1017 4523 t).
1052 4457 1116 4511 In
1155 4457 1355 4511 eodem
1400 4457 1547 4512 libro
1573 4474 1771 4511 conce-

100 4542 191 4610 ptis
212 4545 393 4599 verbis
440 4545 799 4611 Manichasos,
829 4545 1000 4599 tacito
1041 4549 1233 4600 tamen
1273 4561 1471 4600 eorum
1511 4545 1770 4612 nomine,

98 4632 283 4699 passim
314 4633 644 4688 insectatur.
677 4632 943 4697 Quamvis
972 4633 1094 4687 haec
1121 4633 1428 4705 Augustini
1448 4633 1646 4704 gloria
1672 4650 1771 4688 vo-

99 4717 353 4788 luptatem
397 4725 616 4777 crearet
661 4737 781 4791 prie
821 4721 1039 4775 caeteris
1085 4720 1329 4783 Valerio,
1377 4721 1532 4775 hunc
1582 4725 1771 4775 tamen

100 4805 245 4861 simul
277 4826 389 4863 non
418 4810 525 4865 levi
553 4809 934 4864 sollicitudine
966 4808 1168 4865 affecit.
1205 4810 1345 4863 Nam
1377 4825 1492 4879 quo
1521 4810 1772 4863 tenerius

100 4908 209 4947 eum
238 4896 554 4963 adamabat,
583 4913 651 4951 eo
675 4896 966 4951 metuebat
995 4895 1197 4966 magis,
1220 4911 1293 4949 ne
1316 4896 1485 4949 alicui
1509 4897 1769 4950 Ecclesia:

102 4983 494 5049 prteﬁciendus,
527 4985 846 5055 eriperetur
870 4984 1256 5055 Hipponensi:
1290 4984 1438 5055 quod
1470 4989 1623 5039 certe
1647 4984 1769 5055 jam

102 5082 258 5140 prope
285 5078 406 5127 erat
441 5078 508 5128 ut
554 5072 826 5140 eveniret,
860 5072 970 5126 nisi
1017 5088 1077 5126 re
1124 5072 1355 5142 cognita
1400 5073 1655 5127 Valerius
1694 5074 1773 5127 sic

104 5171 214 5212 eum
243 5166 452 5216 secreto
482 5162 809 5229 abdidisset,
842 5166 903 5216 ut
932 5178 962 5215 a
990 5161 1380 5233 querentibus
1407 5161 1646 5216 minime
1676 5179 1774 5234 po-

103 5246 253 5302 tuerit
278 5250 535 5320 reperiri.
568 5252 680 5304 Hoc
721 5249 1112 5320 experimento
1138 5249 1404 5305 inductus
1431 5255 1516 5304 est
1542 5256 1771 5305 sanctus

102 5348 271 5400 senex,
299 5343 363 5393 ut
386 5356 519 5395 eum
546 5339 653 5394 sibi
678 5339 861 5394 adhuc
888 5338 1098 5393 viventi
1129 5340 1189 5393 in
1217 5338 1549 5410 episcopatu
1578 5340 1773 5395 subro-

103 5425 330 5489 gendum
378 5433 621 5484 curaret.
672 5426 833 5491 Quod
886 5442 1137 5496 quanam
1184 5428 1406 5483 ratione
1448 5427 1768 5500 contigerit,

108 5506 234 5564 infra
263 5515 458 5570 dicturi
499 5532 714 5570 sumus.
762 5514 1080 5569 Concilium
1117 5515 1506 5585 Hipponense,
1548 5516 1617 5570 de
1656 5533 1771 5587 quo

106 5610 217 5652 mox
246 5602 478 5671 egimus,
499 5604 714 5675 aliquot
735 5602 890 5657 haud
914 5601 1085 5656 dubie
1106 5606 1319 5657 statuta
1349 5603 1606 5672 sancivit,
1633 5620 1766 5674 qua!

3474 367 3572 418 190

1886 485 2099 555 majore
2129 500 2194 538 ex
2218 488 2380 554 parte
2410 482 2606 538 intres
2635 489 2690 538 et
2717 484 2953 555 triginta
2970 484 3187 556 primos
3216 486 3576 543 Collectiouis

1884 572 2161 627 Africante
2192 588 2438 626 canones
2467 573 2677 627 inserta
2715 579 2866 628 sunt.
2905 574 2961 628 [d
2998 574 3251 644 primum
3297 574 3467 628 fuisse
3511 577 3580 629 vi.

1883 660 2049 715 detur
2077 660 2146 713 ab
2175 660 2407 715 Aurelio
2439 678 2503 715 ex
2533 665 2650 716 tota
2688 662 2874 716 Africa
2899 668 3327 733 congregatum,
3369 668 3435 718 ut
3462 664 3577 718 col-

1882 749 2100 820 lapsam
2122 750 2182 804 in
2201 749 2306 804 hac
2327 750 2679 821 amplissima
2700 752 2989 821 provincia
3019 751 3375 823 disciplinam
3408 752 3580 807 eccle-

1884 837 2166 891 siasticam
2198 837 2256 892 in
2296 838 2583 908 integrum
2623 839 2965 894 restitueret.
3002 840 3112 893 Nec
3142 839 3572 910 ambigendum,

1883 926 2025 998 quin
2054 927 2405 998 Augustinus
2435 927 2672 982 decretis
2701 927 2761 981 in
2792 928 3041 983 Concilio
3082 927 3401 982 sanciendis
3440 944 3577 998 ope-

1882 1031 2008 1069 ram
2039 1031 2199 1070 suam
2220 1021 2432 1086 printer
2458 1020 2689 1070 caeteros
2718 1016 3065 1086 praestiterit.
3088 1016 3397 1070 Concilium
3426 1016 3573 1070 istud

1885 1104 2162 1157 Baronius
2202 1104 2563 1175 Archetypon
2606 1105 2857 1175 appellat
2896 1107 3132 1171 (Baron.,
3167 1106 3241 1158 ad
3287 1120 3414 1159 ann.
3451 1107 3573 1171 393,

1882 1208 2001 1261 cap.
2038 1193 2146 1257 33),
2180 1208 2245 1245 ex
2274 1208 2386 1262 quo
2418 1192 2548 1258 alia,
2579 1208 2707 1263 qua:
2747 1197 2941 1263 postea
2976 1193 3034 1246 in
3074 1192 3260 1246 Africa
3298 1192 3580 1247 celebrata

1881 1285 2034 1339 sunt.
2066 1281 2363 1351 complura
2395 1280 2610 1334 fuerint
2639 1286 2917 1347 mutuata,
2944 1280 3015 1334 iis
3043 1280 3298 1351 adjectis,
3330 1296 3457 1352 quas
3487 1297 3576 1334 sa-

1883 1368 2136 1423 lubriora
2166 1368 2287 1422 fore
2318 1369 2662 1440 experiendo
2694 1369 3051 1424 didicerant.-

1951 1459 2010 1510 2.
2048 1456 2135 1510 Ad
2180 1457 2332 1511 hunc
2375 1473 2592 1512 annum
2643 1458 3110 1513 trecentesimum
3141 1457 3577 1529 nonagesimum

1880 1546 2115 1601 tertium
2146 1548 2319 1602 refert
2349 1544 2626 1603 Baronius
2653 1549 2864 1621 Alypii,
2902 1550 3158 1604 nondum
3188 1549 3423 1621 quidem
3454 1548 3577 1619 epi-

1880 1634 2061 1706 scopi,
2093 1635 2188 1690 sed
2214 1637 2332 1706 jam
2366 1637 2697 1709 episcopatu
2727 1638 2888 1709 digni
2919 1640 3113 1711 (Epist.
3145 1639 3236 1706 28,
3265 1653 3321 1693 η.
3359 1637 3416 1708 1)
3442 1653 3577 1707 pro-

1880 1722 2184 1778 fectionem
2214 1724 2275 1778 in
2305 1725 2686 1780 Palaestinam.
2717 1727 2783 1780 Et
2809 1725 2995 1797 reipsa
3015 1742 3164 1786 eum,
3186 1741 3315 1779 cum
3335 1726 3406 1780 ad
3437 1726 3578 1779 Pau-

1880 1810 2063 1865 linum
2087 1813 2359 1867 scriberet
2376 1829 2527 1867 anno
2540 1813 2938 1867 trecentesimo
2956 1812 3327 1882 nonagesimo
3346 1816 3572 1882 quarto,

1874 1900 1997 1969 jam
2028 1901 2359 1972 episcopum
2400 1906 2655 1955 creatum
2691 1901 2864 1955 fuisse
2903 1900 3221 1954 videbimus
3252 1901 3451 1970 (Epist.
3483 1903 3574 1965 Ἡ,

1879 2004 1934 2042 n.
1973 1991 2021 2055 1,
2051 1993 2101 2042 et
2145 1991 2204 2043 in
2243 1989 2441 2058 titulo).
2484 1988 2635 2043 Nihil
2675 1989 2744 2043 de
2783 1990 2888 2043 hac
2927 1988 3386 2060 peregrinatione
3424 2004 3578 2041 com--

1881 2081 2129 2147 pertum,
2182 2076 2291 2131 nisi
2334 2077 2518 2131 visum
2574 2076 2747 2131 fuisse
2793 2077 2863 2131 ab
2912 2077 3114 2147 Alypio
3168 2076 3576 2146 Hieronymum

1878 2165 2082 2234 (Epist.
2114 2167 2204 2231 28,
2235 2181 2292 2219 η.
2328 2165 2400 2236 1),
2433 2164 2533 2236 qui
2579 2166 2733 2236 apud
2780 2165 3113 2219 Bethlehem
3155 2164 3275 2235 jam
3321 2163 3456 2219 inde
3507 2164 3577 2217 ab

1881 2269 2033 2307 anno
2071 2254 2469 2307 trecentesimo
2507 2253 2854 2324 octogesimo
2894 2259 3052 2308 sexto
3098 2254 3360 2323 degebat,
3392 2257 3450 2307 et
3499 2252 3577 2306 ibi

1881 2341 2053 2395 variis
2097 2341 2313 2412 ingenii
2359 2343 2446 2396 sui
2496 2341 3007 2409 lucubrationibus,
3039 2342 3245 2413 quibus
3293 2356 3479 2395 sacros
3517 2341 3579 2395 iu

1882 2429 2084 2500 primis
2133 2430 2350 2484 codices
2406 2431 2742 2501 exponebat,
2794 2446 3059 2501 magnam
3126 2429 3233 2483 sibi
3286 2429 3575 2484 existima-

1884 2518 2095 2571 tionem
2125 2521 2444 2588 pepererat.
2482 2518 2594 2571 Hoc
2624 2515 3009 2588 placidissimo
3051 2516 3429 2587 Hieronymus
3457 2515 3573 2570 otio

1883 2609 1938 2659 et
1968 2605 2368 2659 exercitatione
2393 2622 2518 2659 vere
2550 2604 2770 2660 liberali
2800 2604 3116 2674 Augustino
3140 2605 3390 2674 primum
3413 2603 3577 2657 inno-

1884 2693 2012 2748 tuit.
2048 2694 2305 2764 Cumque
2348 2694 2480 2748 huic
2510 2710 2574 2748 ex
2614 2692 2832 2763 ingenii
2875 2693 3084 2747 fetibus
3124 2698 3268 2747 esset
3296 2693 3576 2763 cognitus,

1884 2786 2179 2851 supererat
2208 2787 2271 2835 ut
2296 2781 2366 2835 de
2395 2781 2537 2835 facie
2567 2785 2916 2835 nosceretur.
2945 2781 3075 2835 Erat
3092 2780 3213 2834 haec
3240 2780 3432 2834 minor
3453 2780 3580 2833 Hie-

1880 2870 2107 2939 ronymi
2124 2885 2255 2939 pars
2280 2885 2292 2922 :
2318 2874 2570 2923 attamen
2590 2872 2747 2922 tanta
2767 2868 2986 2923 indoles
3013 2867 3071 2920 in
3094 2867 3410 2938 Augustino
3435 2871 3576 2933 erat,

1882 2957 2147 3011 utetiam
2179 2955 2436 3009 videndis
2480 2955 2678 3009 amicis
2716 2954 2875 3009 avide
2914 2954 3163 3009 inhiaret
3200 2955 3422 3024 (Ibid.).
3472 2955 3575 3007 Ve-

1882 3061 2009 3100 rum
2040 3045 2189 3116 quod
2224 3060 2325 3114 per
2373 3060 2432 3097 se
2475 3060 2593 3097 non
2641 3043 2848 3113 potuit,
2878 3058 2982 3113 per
3025 3042 3316 3113 Alypium,
3347 3041 3579 3113 quicum

1880 3148 2031 3186 unus
2061 3131 2250 3185 animo
2280 3136 2421 3198 erat,
2453 3131 2563 3185 fuit
2581 3135 2934 3187 consecutus.
2967 3131 3123 3185 Illius
3150 3129 3577 3184 familiarissimi

1881 3220 1970 3274 sui
1999 3221 2197 3285 oculis,
2238 3236 2463 3274 neenon
2494 3220 2748 3289 ejusdem
2779 3219 3003 3274 reducis
3047 3218 3344 3284 relatione,
3382 3218 3575 3272 Hiero-

1880 3324 2119 3380 nymum
2149 3307 2307 3363 vidit.
2336 3310 2478 3363 Tum
2508 3309 2762 3378 primum
2783 3307 2953 3362 etiam
2985 3307 3362 3377 Hieronymus
3383 3309 3583 3377 Augu-

1881 3396 2096 3451 stinum
2143 3413 2210 3450 ex
2257 3396 2367 3463 his,
2410 3413 2538 3467 quia
2578 3397 2649 3450 ab
2698 3396 2900 3467 Alypio
2943 3396 3011 3450 de
3060 3395 3159 3449 illo
3204 3395 3403 3450 didicit
3428 3410 3580 3449 anno

1880 3486 2277 3540 trecentesimo
2302 3484 2674 3556 nonagesimo
2700 3491 2923 3556 quarto,
2959 3488 3015 3539 et
3041 3484 3324 3555 cognovit,
3352 3487 3408 3537 et
3437 3483 3580 3537 dile-

1880 3575 1962 3629 xit
1995 3590 2009 3629 :
2044 3574 2187 3628 adeo
2226 3578 2291 3628 ut
2318 3589 2448 3628 cum
2479 3574 2709 3644 quidam
2740 3573 3077 3627 Profuturus
3114 3573 3174 3626 in
3215 3570 3576 3626 Palaestinam

1877 3664 2234 3733 profecturus
2264 3667 2430 3728 esset,
2461 3661 2814 3733 Augustinus
2857 3662 3033 3732 (cujus
3076 3661 3193 3729 ille,
3220 3665 3287 3714 ut
3324 3659 3568 3724 videtur,

1880 3751 2193 3821 discipulus
2214 3750 2349 3819 erat)
2368 3750 2502 3803 satis
2533 3754 2685 3803 arcta
2710 3748 3127 3803 necessitudine
3147 3765 3205 3801 se
3230 3747 3574 3818 Hieronymo

1880 3840 2248 3909 conjunctum
2272 3838 2509 3907 putarit,
2531 3843 2595 3892 ut
2616 3853 2748 3891 eum
2769 3837 2877 3906 ipsi
2897 3836 3348 3901 commendaret,
3372 3841 3427 3890 et
3447 3826 3581 3890 suos

1880 3926 2066 3981 eidem
2099 3942 2319 3991 sensus,
2364 3940 2495 3979 cum
2534 3941 2708 3995 super
2736 3924 2904 3978 variis
2944 3923 3082 3977 locis
3118 3938 3361 3992 operum
3397 3922 3571 3991 hujus

1881 4014 2058 4069 sancti
2106 4013 2374 4082 doctoris,
2415 4017 2536 4068 tum
2569 4013 2625 4066 in
2677 4013 2877 4084 primis
2906 4028 3077 4083 super
3118 4011 3270 4065 Petri
3315 4014 3372 4065 et
3419 4009 3581 4065 Pauli
3615 4086 3619 4091 .

1880 4102 2287 4174 disceptatione
2329 4103 2638 4173 detegeret.
2678 4102 2848 4172 Optat
2876 4102 3046 4155 etiam
3079 4106 3141 4154 ut
3169 4099 3414 4154 vicissim
3448 4099 3580 4153 Hie-

1880 4208 2156 4263 ronymus
2187 4192 2242 4245 in
2276 4191 2500 4263 scriptis
2548 4191 2664 4245 suis
2706 4190 2982 4261 legendis,
3025 4205 3270 4261 quorum
3301 4189 3580 4243 nonnulla

1878 4297 1983 4353 per
2011 4282 2376 4335 Profuturum
2408 4279 2515 4350 ipsi
2540 4280 2816 4345 mittebat,
2843 4278 3045 4333 eadem
3075 4278 3303 4332 licentia
3325 4293 3390 4331 ac
3414 4277 3581 4331 liber-

1878 4373 1992 4424 tate
2022 4369 2248 4423 fruatur
2278 4369 2438 4437 (Ibid.
2459 4410 2473 4437 ,
2513 4384 2569 4424 n.
2606 4368 2678 4435 6).
2721 4369 2874 4422 Hanc
2903 4366 3201 4437 epistolam
3232 4365 3420 4420 adhuc
3446 4381 3580 4436 pre-

1881 4458 2071 4528 sbyter
2104 4457 2327 4529 scripsit
2358 4460 2552 4527 (Epist.
2590 4460 2682 4518 7t,
2720 4473 2776 4511 n.
2807 4456 2882 4527 2),
2915 4472 2977 4510 ac
3005 4455 3249 4525 proinde
3284 4470 3436 4508 anno
3469 4460 3581 4508 tre-

1880 4544 2191 4599 centesimo
2221 4544 2594 4613 nonagesimo
2627 4548 2845 4615 quarto.
2870 4546 2953 4597 vel
2973 4540 3369 4597 trecentesimo
3399 4557 3579 4595 nona-

1880 4633 2098 4703 gesimo
2130 4633 2348 4704 quinto.
2401 4634 2607 4688 Verum
2640 4631 2869 4688 nonnisi
2898 4633 3072 4702 longo
3119 4634 3249 4702 post
3284 4629 3583 4683 intervallo

1883 4721 2104 4776 reddita
2127 4721 2235 4775 fuit
2258 4720 2595 4792 Hieronymo
2619 4738 2633 4776 :
2658 4720 2941 4791 siquidem
2963 4719 3319 4788 Profuturus,
3342 4718 3434 4771 cui
3456 4734 3583 4772 eam

1881 4808 2211 4873 tradiderat,
2262 4825 2377 4863 non
2430 4815 2509 4863 est
2553 4809 2857 4880 profectus.
2897 4806 3039 4862 Cum
3090 4807 3245 4860 enim
3283 4822 3342 4861 se
3389 4806 3583 4861 itineri

1879 4899 2287 4953 commissurus
2318 4904 2483 4962 esset,
2518 4898 2819 4967 episcopus
2849 4896 3262 4961 creatus,liaud
3293 4896 3369 4951 ita
3402 4896 3582 4950 multo

1878 4992 2011 5058 post
2038 5004 2068 5041 e
2095 4987 2207 5040 vita
2235 4986 2492 5040 discessit
2529 4986 2725 5057 (Epist.
2759 4988 2852 5054 72,
2877 5002 2935 5041 n.
2973 4987 3041 5054 1).
3090 4985 3325 5040 Videtur
3366 4984 3414 5038 is
3458 5000 3581 5037 esse

1880 5075 2238 5143 Profuturus,
2277 5075 2377 5147 qui
2416 5074 2686 5130 Cirtensis
2724 5074 2832 5129 fuit
2869 5074 3189 5145 episcopus,
3221 5073 3416 5145 paucis
3446 5077 3577 5125 ante

1881 5165 2046 5218 annis
2081 5164 2402 5231 defunctus,
2435 5179 2610 5235 quam
2636 5163 2989 5234 Augustinus
3026 5162 3095 5216 de
3127 5162 3416 5233 Baptismo
3445 5176 3581 5213 con-

1879 5257 1966 5306 tra
1997 5252 2338 5307 Petilianum
2369 5251 2643 5307 scriberet
2667 5252 2760 5324 (De
2795 5254 2957 5307 Unico
2985 5254 3171 5321 Bapt.,
3195 5266 3251 5304 n.
3279 5248 3398 5319 29).

1951 5344 2003 5396 3.
2033 5342 2172 5396 Cum
2214 5340 2518 5411 Augustini
2566 5340 2955 5411 episcopatum
3000 5340 3066 5393 ad
3111 5338 3247 5391 anni
3284 5333 3574 5406 sequentis

1881 5428 2118 5493 exitum,
2160 5429 2269 5482 hoc
2312 5433 2397 5483 est
2444 5430 2515 5484 ad
2560 5445 2777 5483 annum
2821 5426 3280 5482 trecentesimum
3330 5437 3578 5492 nonage-

1881 5517 2087 5570 simum
2115 5516 2403 5587 quintum,
2438 5516 2672 5571 relaturi
2704 5516 2900 5580 simus,
2927 5529 3100 5584 opera
3129 5526 3258 5582 qua:
3286 5512 3418 5579 post
3444 5524 3581 5563 con-

1881 5604 2077 5659 cilium
2128 5604 2489 5677 Hipponensc
2536 5604 2873 5673 conscripsit
2917 5598 3251 5671 presbyterii
3300 5599 3389 5653 sui
3435 5601 3586 5651 tem-
