4060 6352
463 331 554 383 491
1705 319 1868 372 VITA
1906 317 1960 372 s.
2003 314 2380 372 AUGUSTINI
2425 314 2766 370 EPISCOPI.
3891 325 3976 376 ,9.)

455 465 596 523 pore
620 448 681 503 in
709 446 980 520 presenti
1009 460 1160 500 anno
1191 442 1628 499 recensebimus.
1662 441 1852 497 Primo
1883 442 2004 513 ipse
2033 442 2156 496 loco

456 541 669 595 librum
697 538 768 594 de
807 535 1012 593 Genesi
1055 535 1123 589 ad
1167 534 1434 589 Litteram
1469 533 1869 604 imperfectum
1899 533 2154 586 collocat.

454 628 714 684 Primum
745 626 920 682 etiam
952 629 1035 680 est
1059 623 1222 678 istius
1246 623 1474 693 generis
1500 639 1644 694 opus
1665 622 1820 694 quod
1847 621 1908 675 in
1939 636 2156 675 sacram

455 717 808 788 Scripturam
847 711 1182 784 conscripsit
1213 729 1227 766 :
1259 712 1370 766 duo
1401 711 1687 782 siquidem
1731 709 1886 779 libri,
1915 725 2058 780 quos
2086 710 2156 763 de

455 805 657 861 Genesi
685 808 881 858 contra
919 801 1256 857 Manichaeos
1285 798 1999 870 scripserat,,allegoricam
2029 802 2155 852 tan-

453 893 752 949 tummodo
818 890 1234 962 expositionem
1299 888 1687 943 continebant.
1757 889 1916 941 Hunc
1979 886 2158 957 igitur

452 981 770 1054 composuit
805 981 1218 1052 exploraturus,
1252 994 1390 1032 num
1423 977 1495 1032 ad
1524 975 1923 1047 perspicienda
1961 991 2154 1029 rerum

456 1071 807 1127 naturalium
837 1084 1064 1136 arcana,
1097 1083 1276 1138 eaque
1307 1066 1379 1121 ad
1410 1066 1680 1128 litteram,
1703 1065 1812 1118 hoc
1841 1068 1925 1118 est
1955 1079 2156 1117 secun-

454 1161 591 1216 dum
616 1158 942 1214 historicam
974 1155 1386 1227 prOprietatem
1419 1154 1588 1225 (quod
1623 1170 1766 1223 opus
1807 1152 2155 1222 negotiosis-

455 1251 666 1303 simum
689 1252 867 1314 vocat,
883 1263 946 1300 ac
957 1245 1402 1313 difficillimum),
1418 1242 1753 1314 exponenda
1767 1242 1899 1294 satis
1920 1240 2152 1294 valeret.

453 1337 654 1393 Subdit
678 1353 736 1391 se
767 1335 938 1390 etiam
967 1338 1103 1388 tunc
1131 1333 1404 1404 temporis
1443 1333 1592 1386 vires
1631 1349 1761 1386 suas
1798 1331 1933 1384 huic
1971 1328 2156 1384 labori

453 1427 594 1482 adeo
627 1425 875 1496 impares
906 1422 1271 1494 comperisse,
1302 1426 1365 1476 ut
1388 1425 1560 1476 tanta!
1591 1419 1728 1475 moli
1759 1419 2152 1484 succumbens,

455 1516 795 1586 Opusculum
826 1512 1222 1584 imperfectum
1253 1509 1572 1582 reliquerit,
1602 1525 1706 1564 nec
1735 1509 1796 1562 in
1825 1509 2010 1562 lucem
2041 1507 2156 1562 edi-

454 1604 619 1659 derit.
645 1603 792 1668 Quin
823 1602 996 1656 etiam
1021 1618 1151 1656 cum
1177 1601 1350 1654 libros
1371 1616 1504 1654 suos
1523 1602 1976 1670 recognosceret,
2002 1598 2155 1651 hunc

452 1693 678 1746 abolere
710 1691 1055 1757 decreverat,
1085 1678 1158 1744 ob
1189 1705 1313 1743 eam
1335 1687 1700 1759 potissimum
1720 1703 1970 1752 causam,
1999 1685 2153 1756 quod

451 1797 596 1852 opus
636 1779 818 1850 magis
855 1779 1115 1850 amplum
1153 1780 1209 1832 et
1251 1777 1576 1831 absolutum
1618 1777 1688 1830 de
1737 1775 1936 1830 eodem
1983 1790 2153 1844 argu-

449 1875 641 1924 mento
667 1867 1015 1923 confecisset.
1053 1865 1439 1920 Nihilominus
1480 1865 1821 1936 opusculum
1853 1863 2005 1918 istud
2036 1879 2154 1916 non

449 1959 714 2013 inutilem
744 1957 866 2011 fore
907 1955 1367 2010 rudimentorum
1411 1970 1649 2008 suorum
1694 1953 1754 2008 in
1785 1951 2154 2007 enucleandis

449 2051 621 2119 atque
652 2044 974 2100 scrutandis
1004 2044 1212 2098 divinis
1253 2043 1496 2114 eloquiis
1534 2042 1782 2097 indicem
1824 2047 2000 2108 ratus,
2035 2057 2151 2095 ser-

447 2152 580 2190 vare
608 2134 923 2190 constituit.
956 2132 1262 2187 Dimidiain
1307 2133 1482 2186 etiam
1525 2131 1750 2186 circiter
1785 2131 2057 2202 paginam
2083 2130 2153 2185 ad

448 2225 661 2280 calcem
717 2222 850 2277 libri
901 2221 1127 2292 adjecit,
1184 2237 1373 2292 neque
1429 2225 1625 2275 tamen
1679 2220 1940 2274 absolvit.
2000 2220 2152 2284 Qua-

449 2318 687 2385 propter
727 2313 882 2366 hunc
910 2315 983 2366 De
1014 2312 1204 2367 Genesi
1249 2311 1324 2365 ad
1352 2313 1616 2366 Litteram
1655 2311 2033 2379 imperfectum
2063 2308 2152 2362 in-

454 2402 703 2473 scripsit.

521 2491 576 2545 4.
613 2492 718 2544 Per
746 2489 898 2543 idem
930 2492 1155 2560 tempus
1189 2488 1259 2543 de
1299 2487 1571 2542 Sermone
1612 2487 1839 2542 Domini
1867 2487 1928 2541 in
1958 2491 2152 2542 monte

453 2579 768 2634 secundum
797 2577 1126 2634 Matthazum
1155 2578 1298 2632 duos
1323 2577 1498 2632 libros
1527 2577 1659 2631 fecit
1685 2578 1943 2648 (Retract.
1968 2577 2062 2630 lib.
2101 2580 2150 2643 1,

452 2684 573 2738 cap.
630 2667 742 2738 l9);
783 2666 842 2721 in
887 2667 1096 2738 quibus
1134 2682 1354 2721 morem
1394 2666 1650 2736 quotidie
1691 2663 2155 2720 communicandi

453 2773 630 2811 caena:
663 2755 994 2822 Dominicaa,
1029 2771 1202 2827 quem
1229 2755 1349 2826 ipse
1374 2771 1503 2809 cum
1532 2753 1752 2808 caeteris
1779 2754 1983 2808 Africa:
2015 2754 2154 2808 tide-

450 2845 599 2900 libus
648 2845 1010 2917 sequebatur,
1057 2844 1351 2910 observat;
1381 2843 1513 2898 licet
1558 2843 1657 2897 illa
1698 2843 2046 2897 consuetudo
2094 2842 2154 2897 in

449 2934 713 2989 orientali
760 2933 1006 2988 Ecclesia
1052 2949 1169 2986 non
1209 2931 1430 3003 vigeret
1475 2933 1569 3003 (De
1613 2934 1782 2987 Serm.
1835 2933 2051 2986 Domini
2097 2933 2154 2984 in

447 3029 641 3086 monte,
691 3023 789 3078 lib.
841 3025 893 3090 2,
943 3038 1002 3077 n.
1047 3022 1156 3089 26).
1209 3022 1403 3076 Refert
1438 3021 1676 3090 ibidem,
1716 3038 1774 3075 se
1823 3037 1858 3074 a
1905 3021 2153 3086 quodam

449 3114 686 3167 Hebraeo
716 3111 1029 3184 quaasiisse,
1064 3110 1201 3181 quid
1243 3110 1351 3165 sibi
1393 3110 1566 3164 vellet
1607 3110 1948 3164 vocabulum
1987 3109 2151 3176 illud,

450 3201 664 3270 Racha,
695 3206 750 3254 et
778 3203 1070 3270 acceptam
1101 3199 1172 3252 ab
1199 3215 1265 3252 eo
1286 3198 1816 3269 interpretationem
1845 3197 1973 3252 aliis
2001 3202 2155 3252 ante-

447 3288 614 3360 ponit
643 3288 828 3358 (lbid.,
859 3288 953 3352 lib,
991 3291 1042 3354 1,
1061 3303 1118 3340 n.
1150 3289 1262 3357 23).
1288 3287 1528 3351 Quidam
1555 3286 1864 3340 Pollentius
1892 3286 2154 3356 plurimis

447 3381 577 3449 post
608 3376 773 3431 annis
802 3377 911 3430 hoc
941 3391 1085 3446 opus
1115 3376 1401 3442 evolvens,
1434 3375 1656 3446 aliquot
1693 3375 2056 3429 diflicultates
2083 3376 2152 3429 de

448 3466 724 3520 uxoribus
769 3464 1087 3536 repudiatis
1133 3465 1393 3533 offendit,
1441 3481 1648 3536 easque
1695 3470 1888 3519 sancto
1928 3466 2154 3520 Doctori

447 3553 768 3627 proposuit,
801 3570 943 3626 quas
971 3553 1067 3608 ille
1097 3553 1288 3624 priore
1319 3553 1466 3609 libro
1501 3554 1571 3608 de
1606 3553 1958 3609 Adulterinis
2000 3555 2151 3609 Con-

438 3644 620 3716 jugiis
651 3643 935 3698 enodavit.

519 3737 572 3788 5.
617 3734 817 3788 Adhuc
856 3731 1153 3804 presbyter
1205 3732 1609 3804 Carthaginem
1649 3749 1708 3786 se
1755 3732 2015 3802 contulit,
2054 3733 2153 3787 ubi

447 3814 578 3877 cum
608 3823 758 3877 inter
785 3822 987 3876 fratres
1020 3821 1269 3892 Epistola
1301 3822 1462 3877 Pauli
1490 3822 1560 3877 ad
1603 3823 1891 3878 Romanos
1935 3823 2151 3894 legere-

446 3917 559 3977 tur,
595 3910 894 3965 occasione
916 3910 1104 3965 oblata
1133 3909 1308 3965 variae
1339 3910 1683 3982 quaestiones
1703 3927 1875 3982 super
1894 3911 2150 3981 implica-

445 4000 679 4055 tissimis
711 3999 884 4070 hujus
915 3999 1180 4070 Epistolas
1211 3999 1353 4054 locis
1381 3999 1618 4054 fuerunt
1646 4000 1699 4053 ei
1734 3999 2066 4071 propositae,
2099 4003 2155 4053 et

444 4105 474 4141 a
505 4086 799 4152 fratribus,
848 4085 1191 4156 quibuscum
1230 4085 1312 4139 ibi
1351 4085 1700 4151 versabatur,
1735 4086 2000 4140 inductus
2046 4091 2150 4152 est,

450 4179 511 4228 ut
538 4173 939 4245 responsiones
969 4189 1098 4226 suas
1129 4173 1351 4244 scriptis
1385 4173 1569 4244 excipi
1605 4179 1914 4244 pateretur.
1949 4174 2151 4246 Sicque

448 4260 841 4331 superioribus
871 4261 1157 4330 opusculis
1203 4261 1349 4315 liber
1377 4277 1526 4315 unus
1558 4261 1805 4329 accessit,
1841 4263 1940 4334 qui
1971 4265 2150 4333 Expo-

449 4350 580 4404 sitio
610 4348 990 4420 quarumdam
1022 4348 1483 4419 propositionum
1515 4366 1582 4403 ex
1614 4350 1861 4420 Epistola
1891 4352 2050 4406 Pauli
2081 4352 2152 4406 ad

452 4439 758 4503 Romanos,
792 4435 1138 4492 inscribitur.
1173 4438 1404 4491 Fatetur
1435 4438 1495 4492 in
1524 4439 1639 4493 suis
1669 4440 2153 4495 Retractationum

443 4527 637 4593 libris,
678 4526 936 4580 nondum
973 4542 1080 4597 per
1116 4525 1173 4581 id
1217 4531 1446 4598 tempus
1484 4527 1617 4582 satis
1657 4528 1960 4599 diligenter
1997 4547 2151 4601 quaa-

447 4616 606 4669 siisse
638 4632 715 4682 se,
751 4615 937 4686 qualis
979 4619 1124 4670 esset
1156 4615 1356 4670 electio
1386 4616 1611 4686 gratias.
1654 4617 1809 4672 Unde
1840 4619 1917 4672 sic
1951 4619 2031 4672 ibi
2068 4619 2149 4673 lo-

449 4703 663 4773 quitur,
692 4703 854 4774 quasi
883 4721 996 4758 non
1027 4721 1061 4758 a
1090 4705 1296 4775 gratia,
1330 4706 1427 4760 sed
1465 4721 1498 4760 a
1539 4705 1703 4760 nobis
1733 4707 2150 4762 esset.initium

451 4792 586 4847 fidei
618 4796 872 4863 (Retract.
905 4795 997 4848 lib.
1036 4798 1085 4860 1,
1117 4810 1239 4864 cap.
1272 4797 1364 4858 23,
1406 4811 1468 4850 n.
1507 4795 1583 4865 2).
1616 4796 1800 4860 Quare
1838 4797 2150 4868 Semipela-

442 4881 600 4953 giani
632 4881 840 4937 librum
870 4883 1024 4937 hunc
1051 4887 1328 4954 tanquam
1355 4883 1462 4937 sibi
1499 4884 1907 4956 suifragantem
1938 4888 2147 4956 proba-

445 4972 604 5037 bant,
637 4975 694 5024 et
726 4971 786 5024 in
829 4972 1130 5026 sententia:
1162 4989 1279 5026 sua!
1321 4973 1704 5044 patrocinium
1743 4974 2100 5029 adducebant
2133 4993 2148 5031 :

444 5076 548 5114 nec
578 5059 791 5130 injuria
819 5077 975 5130 sane,
1009 5066 1071 5114 ut
1097 5062 1216 5132 ipse
1246 5062 1458 5117 fatetur
1484 5065 1859 5135 Augustinus,
1884 5066 1982 5136 qui
2013 5066 2146 5120 sub-

441 5150 526 5206 dit
554 5167 651 5204 cos
681 5154 737 5204 et
763 5151 952 5221 ipsum
983 5152 1229 5222 legendo
1261 5169 1450 5208 secum
1482 5155 1780 5226 prolicere,
1811 5161 1868 5211 et
1893 5173 2146 5212 errorem

444 5240 531 5294 sui
571 5241 828 5311 exemplo
869 5240 1156 5311 deponere
1207 5241 1472 5298 debuisse
1508 5247 1604 5311 (De
1639 5245 1896 5301 Praedest.
1945 5251 2144 5314 sanct.,

437 5345 532 5383 nn.
569 5333 620 5396 6,
656 5332 736 5400 7).

516 5421 569 5472 6.
600 5419 715 5474 Sub
745 5419 868 5473 haec
896 5418 1154 5489 ejusdem
1184 5420 1423 5490 apostoli
1455 5421 1762 5491 Epistolam
1793 5421 1861 5475 ad
1898 5423 2143 5491 Galatas,

441 5523 556 5560 non
605 5507 867 5579 carptim,
899 5513 966 5562 ut
1008 5507 1313 5578 Epistulam
1359 5510 1429 5564 ad
1479 5511 1784 5576 Romanos,
1825 5510 1920 5564 sed
1969 5511 2141 5565 conti-

441 5600 642 5648 nenter
672 5603 726 5650 et
754 5602 929 5652 totam
964 5598 1256 5667 exposuit;
1291 5585 1463 5667 quam
1503 5602 1698 5652 tamen
1729 5598 2141 5668 expositionem

2267 456 2383 494 uno
2412 439 2701 494 volumine
2731 440 3061 512 complexus
3089 445 3174 496 est
3203 443 3456 511 (Retract.
3487 443 3583 498 lib.
3623 447 3673 509 1,
3705 459 3836 514 cap.
3876 447 3979 516 14).

2267 528 2599 601 Hieronymi
2645 529 2706 583 in
2759 530 2908 584 hanc
2953 530 3262 601 Epistolam
3320 532 3824 587 Commentarium
3865 533 3977 604 jam

2266 624 2388 673 tum
2420 618 2624 673 vidisse
2651 623 2899 689 poterat.
2938 620 3078 674 Eum
3123 624 3274 674 certe
3311 621 3526 692 legerat
3562 621 3833 676 nondum
3865 623 3977 692 epi-

2267 724 2472 779 scopus
2491 710 2688 778 (Epist.
2712 711 2804 778 28,
2826 724 2882 764 n.
2910 710 2985 779 3).
3012 709 3321 779 Epistolam
3343 726 3570 782 quoque
3591 710 3663 765 ad
3686 711 3975 766 Romanos

2267 797 2472 852 eodem
2508 797 2682 852 modo
2715 799 3217 853 commentandam
3247 805 3600 871 susceperat,
3633 800 3799 872 quod
3837 816 3977 872 opus

2265 886 2441 940 libros
2491 886 2776 941 attulisset
2813 886 3114 957 plurimos.
3149 889 3359 942 Verum
3405 889 3586 960 ipsius
3629 889 3828 960 operis
3867 907 3977 944 ma-

2267 975 2568 1044 gnitudine
2613 991 2677 1028 ac
2716 975 2913 1030 labore
2958 975 3285 1044 deterritus,
3317 976 3380 1031 in
3431 977 3541 1032 alia
3586 977 3852 1032 faciliora
3880 980 3979 1034 de-

2265 1064 2420 1118 exit
2447 1067 2707 1132 (Retract.
2744 1065 2840 1118 lib.
2877 1068 2928 1127 l,
2979 1081 3101 1134 cap.
3135 1069 3245 1132 25).
3280 1066 3370 1121 Sic
3412 1066 3665 1136 primum
3717 1072 3980 1123 tantum-

2265 1154 2437 1208 modo
2466 1153 2678 1208 librum
2710 1153 2767 1207 in
2791 1155 2906 1207 sola
2937 1153 3116 1226 ipsius
3159 1155 3516 1210 salutationis
3545 1173 3609 1210 ac
3638 1157 3800 1212 velut
3824 1158 3979 1212 tituli

2268 1243 2531 1314 Epistolas
2583 1243 2943 1314 expositione
2979 1243 3244 1311 confecit,
3292 1261 3423 1299 cum
3463 1245 3561 1300 diu
3594 1245 3654 1300 in
3701 1247 3979 1302 solvenda

2265 1331 2552 1386 incidente
2583 1332 2834 1386 sermoni
2862 1348 2966 1386 suo
3015 1332 3332 1401 quastione
3380 1333 3450 1388 de
3493 1339 3726 1404 peccato
3757 1336 3824 1390 in
3853 1337 3980 1407 Spi-

2264 1420 2440 1476 ritum
2467 1425 2726 1476 sanctum
2750 1425 2976 1476 coactus
3009 1421 3211 1477 fuisset
3238 1422 3557 1479 immorari.

2337 1513 2388 1562 7.
2421 1510 2749 1562 Postremus
2794 1509 2964 1576 liber,
3014 1525 3187 1580 quem
3237 1510 3590 1580 Augustinus
3632 1516 3794 1567 notat
3841 1530 3876 1566 a
3916 1529 3974 1567 se

2264 1597 2596 1668 presbytero
2661 1597 3068 1668 compositum,
3139 1600 3216 1653 De
3284 1600 3572 1656 Mendacio
3639 1601 3980 1657 inscribitur

2267 1685 2452 1752 (Ibid.,
2496 1701 2616 1756 cap.
2659 1687 2784 1756 27);
2817 1703 3013 1756 quem,
3047 1692 3108 1742 ut
3145 1688 3407 1744 illicitum
3447 1707 3566 1744 esse
3608 1693 3978 1748 mendacium

2265 1774 2610 1841 ostenderet,
2644 1776 2977 1831 elaboravit.
3010 1777 3120 1832 Sed
3150 1779 3324 1848 hujus
3353 1796 3563 1850 magna
3595 1797 3724 1851 pars
3756 1782 3818 1835 in
3851 1782 3979 1853 ipsa

2265 1863 2583 1933 quaestione
2611 1865 2763 1919 ultro
2795 1864 3050 1937 citroque
3083 1865 3459 1932 discutienda,
3491 1873 3549 1922 et
3575 1868 3977 1939 investiganda

2263 1951 2500 2005 veritate
2530 1957 2805 2008 versatur.
2828 1954 3059 2008 Fatetur
3079 1954 3200 2025 ipse
3221 1955 3430 2010 librum
3457 1957 3608 2011 hunc
3637 1958 3977 2029 obscurum,

2265 2040 2610 2095 anfractibus
2663 2041 3042 2112 implicatum,
3093 2047 3150 2098 et
3204 2044 3440 2099 omnino
3497 2046 3809 2102 molestum
3870 2049 3974 2102 sibi

2263 2128 2443 2183 videri
2494 2146 2507 2184 :
2550 2130 2796 2202 ideoque
2837 2147 2940 2186 nec
2987 2149 3120 2187 eum
3163 2132 3443 2200 ediderat;
3485 2133 3626 2206 quin
3683 2136 3864 2190 etiam
3911 2153 3975 2192 ex

2265 2233 2505 2288 operum
2537 2235 2773 2274 suorum
2822 2236 3086 2287 numero,
3119 2222 3365 2276 maxime
3395 2239 3525 2277 cum
3569 2229 3772 2279 contra
3824 2228 3976 2281 Meno

2263 2307 2488 2362 dacium
2555 2313 2754 2378 postea
2819 2309 3154 2381 scripsisset,
3223 2327 3551 2383 expungere
3615 2313 3968 2370 decreverat.

2264 2398 2473 2450 Verum
2502 2413 2632 2451 cum
2660 2399 2934 2467 opuscula
2973 2414 3075 2453 sua
3107 2399 3520 2470 recogniturus,
3553 2401 3708 2456 hunc
3754 2403 3972 2459 librum

2264 2485 2613 2540 incolumem
2671 2487 3062 2558 comperisset,
3109 2489 3282 2543 etiam
3341 2488 3531 2560 ipsum
3595 2496 3970 2548 retractatum

2265 2591 2498 2629 manere
2540 2576 2830 2646 permisit;
2861 2577 3018 2648 quod
3048 2577 3107 2632 in
3149 2593 3216 2632 eo
3255 2578 3531 2633 nonnulla
3573 2579 3971 2649 reperirentur

2266 2665 2605 2732 necessaria,
2639 2682 2766 2736 qua:
2805 2666 2865 2720 in
2910 2667 3090 2721 altero
3135 2668 3452 2738 posteriore
3491 2668 3777 2736 deessent,
3812 2677 3969 2726 ratus

2265 2753 2539 2808 nimirum
2560 2753 2712 2808 hunc
2735 2755 2968 2821 librum,
2987 2755 3248 2827 quamvis
3273 2773 3509 2827 operose
3523 2756 3972 2829 intelligeretur,

2265 2858 2381 2896 non
2411 2842 2674 2898 inutilem
2699 2847 2893 2899 tamen
2921 2848 2978 2898 et
3006 2844 3226 2915 ingenii
3265 2850 3322 2900 et
3359 2846 3569 2900 mentis
3612 2849 3977 2902 exercitatio-

2265 2947 2395 2985 nem
2430 2931 2781 2999 habiturum,
2811 2949 2992 3004 eoque
3023 2933 3204 3004 magis
3235 2935 3304 2988 ad
3335 2933 3795 3005 ingenerandum
3827 2939 3974 2992 veri-

2263 3020 2398 3076 tatis
2449 3037 2703 3076 amorem
2750 3022 2872 3076 fore
2921 3022 3216 3079 idoneum.
3270 3025 3383 3078 Nec
3430 3024 3584 3079 enim
3625 3025 3686 3080 in
3738 3043 3809 3080 eo
3852 3029 3976 3081 vult

2265 3107 2446 3178 quaeri
2469 3109 2878 3180 eloquentiam,
2893 3127 3021 3164 cum
3044 3110 3104 3165 in
3127 3112 3246 3165 sola
3268 3129 3326 3167 re
3351 3112 3721 3182 discutienda,
3743 3120 3808 3170 ut
3827 3133 3975 3188 opus

2266 3197 2636 3253 moderandze
2668 3198 2799 3252 vitae
2831 3199 3324 3270 pernecessarium
3366 3203 3624 3258 celeriter
3652 3204 3975 3260 absolvere-

2263 3288 2376 3351 tur,
2411 3287 2672 3356 neglecta
2718 3288 3026 3343 verborum
3065 3305 3224 3357 cura,
3273 3290 3622 3347 desudasset.
3669 3294 3733 3347 ln
3779 3295 3974 3366 operis

2263 3374 2514 3428 clausula
2561 3392 2658 3430 eos
2707 3376 2915 3432 acriter
2973 3378 3302 3445 insectatur,
3351 3380 3452 3450 qui
3509 3382 3848 3452 Apostolum
3911 3384 3969 3437 in

2266 3463 2513 3533 Epistola
2540 3465 2613 3519 ad
2654 3466 2876 3520 Galatas
2914 3466 3234 3522 ofciosum
3273 3468 3565 3524 admisisse
3603 3471 3970 3527 mendacium

2263 3553 2687 3609 contendebant
2728 3571 2741 3608 :
2785 3554 2940 3625 quod
2979 3571 3100 3610 non
3139 3556 3312 3611 dubie
3353 3557 3683 3630 Hieronymi
3720 3559 3781 3614 in
3821 3561 3972 3616 hanc

2265 3641 2573 3711 Epistolam
2623 3642 3115 3698 Commentarium
3162 3645 3408 3716 respicit.
3458 3648 3524 3702 Et
3565 3648 3820 3703 fortassis
3867 3651 3970 3705 illo

2262 3731 2386 3801 ipso
2427 3734 2686 3800 tempore
2726 3749 2871 3803 opus
2909 3732 3061 3787 istud
3099 3735 3433 3806 elaboravit,
3473 3753 3588 3808 quo
3627 3737 3965 3809 vigesimam

2263 3824 2513 3874 octavam
2539 3821 2839 3891 epistolam
2861 3821 2933 3876 ad
2961 3823 3227 3877 eumdem
3257 3824 3328 3878 de
3349 3824 3454 3879 hoc
3469 3832 3809 3897 argumento
3829 3830 3967 3883 scri-

2262 3909 2391 3980 psit.
2426 3910 2491 3962 In
2530 3911 2782 3980 quodam
2821 3926 2993 3982 opere
3038 3912 3262 3968 circiter
3307 3929 3523 3969 annum
3567 3916 3776 3971 Christi
3823 3935 3967 3990 qua-

2265 3998 2779 4069 dringentesimum
2821 3999 3108 4056 decimum
3147 4018 3364 4058 nonum
3405 4005 3740 4076 composito,
3785 4007 3967 4079 signi-

2261 4089 2430 4142 care
2475 4087 2702 4143 videtur
2746 4105 2805 4143 se
2855 4089 3111 4144 nondum
3155 4092 3460 4164 Scriptura:
3507 4095 3838 4151 testimonia
3897 4098 3967 4152 de

2262 4178 2561 4232 mendacio
2593 4178 2946 4248 discussisse;
2975 4195 3105 4235 cum
3129 4199 3335 4254 nempe
3356 4183 3507 4238 hunc
3535 4184 3768 4253 librum,
3794 4203 3968 4258 quem

2262 4267 2545 4337 supprimi
2576 4268 2845 4338 jusserat,
2878 4269 3038 4324 nullo
3086 4271 3206 4326 loco
3248 4277 3595 4330 numeraret.
3631 4275 3965 4331 Sermonem

2260 4355 2634 4410 centesimum
2663 4357 2723 4410 in
2752 4359 2926 4413 verba
2956 4360 3205 4427 Domini,
3237 4363 3400 4417 Lucae
3430 4363 3612 4434 capite
3642 4380 3823 4431 nono,
3856 4366 3968 4420 for-

2260 4444 2424 4498 tassis
2455 4445 2638 4500 adhuc
2663 4447 2961 4517 presbyter
2986 4448 3189 4505 habuit
3216 4466 3229 4504 :
3255 4467 3384 4504 cum
3416 4451 3474 4506 in
3504 4468 3570 4506 eo
3602 4452 3755 4508 dicat
3787 4456 3966 4509 Deum

2259 4535 2560 4606 Apostolos
2599 4539 2656 4590 et
2693 4537 3006 4592 secundum
3049 4538 3292 4609 gratiam
3341 4557 3524 4607 snam,
3557 4546 3613 4595 et
3649 4543 3964 4598 secundum

2261 4625 2490 4678 illorum
2506 4623 2793 4694 justitiam
2815 4625 3076 4696 elegisse,
3104 4642 3250 4697 quos
3272 4643 3478 4699 nempe
3498 4645 3613 4682 non
3631 4629 3701 4684 de
3721 4645 3782 4683 se
3805 4631 3964 4700 ipsis,

2260 4714 2354 4768 sed
2407 4713 2478 4768 de
2524 4712 2704 4782 ipsius
2748 4718 2972 4769 tantum
3029 4715 3216 4786 gratia
3271 4723 3686 4788 praesumentes
3738 4719 3968 4775 videbat

2262 4801 2454 4871 (Serm.
2491 4804 2612 4868 100,
2643 4819 2699 4859 n.
2733 4805 2808 4873 3).

2935 4893 3158 4948 CAPUT
3196 4895 3282 4948 IX.

2265 4983 2282 5034 l
2321 4982 2570 5035 Ilistmiw
2596 4983 3002 5036 Donatistarum
3032 4985 3282 5052 epitome.
3318 4987 3350 5038 2
3382 4987 3652 5053 Quantum
3696 4989 3741 5040 ii
3767 4989 3968 5042 multi-

2332 5069 2518 5123 tudine
2537 5070 2809 5138 pollebant
2834 5072 2891 5124 in
2911 5072 3130 5138 Africa,
3156 5089 3276 5127 cum
3295 5073 3372 5127 ad
3386 5075 3825 5143 presbyteratum
3842 5094 3970 5147 per-

2328 5160 2473 5211 venit
2501 5159 2866 5229 Augustinus,
2895 5165 2945 5213 et
2972 5163 3069 5229 qui
3093 5177 3176 5216 eos
3208 5163 3301 5216 ille
3329 5166 3576 5217 continuo
3603 5164 3832 5220 adortus
3862 5173 3960 5222 est.

2329 5248 2358 5300 3
2389 5247 2655 5315 Congredi
2684 5263 2804 5302 cum
2851 5248 2946 5304 illo
2988 5265 3094 5304 non
3132 5251 3333 5305 audent
3378 5254 3696 5307 Donatista.
3746 5256 3779 5308 4
3814 5258 3965 5310 Psal-

2325 5351 2473 5390 mum
2536 5337 2911 5392 abecedarium
2972 5341 3031 5393 in
3085 5355 3169 5394 eos
3219 5344 3506 5411 componit.
3569 5346 3599 5396 5
3656 5346 3961 5412 Epistolam

2328 5428 2524 5480 Donati
2556 5428 2784 5493 refellit.
2824 5430 2854 5482 6
2886 5429 2979 5483 Ad
3015 5432 3379 5486 Maximinum
3417 5433 3742 5489 Sinitensem
3781 5438 3960 5491 Dona-

2329 5517 2581 5568 tistarum
2605 5517 2910 5585 episcopum
2939 5519 3150 5585 scribit,
3183 5520 3246 5574 ob
3285 5521 3568 5575 diaconum
3608 5523 3677 5576 ab
3707 5526 3847 5593 ipso,
3879 5529 3963 5580 uti

2324 5602 2623 5668 ferebatur,
2652 5604 3072 5673 rebaptizatum.
