4060 6348
83 307 176 356 193
1552 309 1756 364 LIBER

1980 311 2101 364 lUS.
3510 319 3604 370 194

149 426 199 476 1.
237 424 533 478 Hactenus
574 425 958 496 Augustinum
1006 442 1134 480 cum
1183 427 1318 482 solis
1362 427 1684 483 Manichaais
1730 428 1790 482 in

73 528 254 566 arena
297 513 691 568 decertantem
723 513 1008 569 vidimus:
1043 521 1100 569 at
1138 517 1302 587 longe
1332 516 1517 570 acrius
1549 517 1656 571 fuit
1685 517 1793 587 ipsi

73 617 208 654 cum
243 602 567 656 Donatistis
604 603 1059 673 confligendum.
1092 606 1156 659 lli
1185 605 1440 659 hmretici
1471 623 1528 660 se
1559 624 1588 659 a
1619 607 1791 661 Caeci-

75 689 215 742 liani
230 689 706 761 Carthaginensis
723 691 976 763 episcopi
992 694 1394 748 communione
1408 695 1786 765 sejunxerant,

77 794 231 832 anno
265 779 486 834 Christi
517 780 1156 836 circitertrecentesimo
1191 782 1511 849 undecimo,
1543 799 1609 838 eo
1640 783 1788 837 scili-

76 871 164 921 cet
213 866 487 934 obtentu,
521 869 672 940 quod
706 869 857 923 Felix
888 871 1327 941 Aptungitanus,
1379 888 1412 925 a
1465 888 1577 943 quo
1607 873 1789 927 fuerat

79 956 417 1022 ordinatus,
458 957 517 1010 in
548 958 941 1028 persecutione
973 976 1159 1012 sacros
1187 961 1410 1015 codices
1446 961 1785 1016 tradidisset.

79 1045 326 1116 lpsimet
359 1062 396 1098 a
429 1045 798 1100 Constantino
831 1048 1087 1116 Augusto
1104 1047 1324 1118 judices
1348 1049 1790 1120 postulaverant,

77 1152 110 1187 a
139 1133 363 1205 quibus
396 1133 650 1204 primum
683 1135 955 1202 damnati,
990 1135 1121 1190 dein
1149 1137 1218 1190 ab
1244 1138 1366 1207 ipso
1397 1155 1624 1209 quoque
1647 1140 1790 1193 Con-

81 1221 340 1277 stantino
367 1223 738 1294 imperatore,
781 1239 884 1278 suo
915 1240 1142 1296 semper
1176 1225 1466 1280 schismati
1492 1226 1792 1297 pertinaci-

80 1317 166 1365 ter
193 1312 587 1368 adhaaserant.
623 1314 693 1368 Ut
714 1316 904 1367 autem
921 1313 1380 1384 pervicaciaasutc
1409 1315 1790 1386 patrocinium

81 1406 438 1472 quaterent,
472 1401 578 1456 hoc
619 1401 799 1456 veluti
842 1402 1028 1473 posito
1069 1419 1101 1457 a
1137 1420 1195 1457 se
1225 1404 1598 1459 fundamento
1637 1405 1788 1459 nite-

83 1491 296 1543 bantur
342 1505 357 1543 :
397 1489 692 1562 Quotquot
737 1506 867 1545 cum
909 1507 1008 1545 reo
1055 1489 1554 1553 communicarent,
1587 1493 1790 1548 eodem

81 1578 324 1633 crimine
356 1577 567 1634 teneri.
623 1580 764 1634 Cum
817 1583 968 1634 totus
1015 1580 1208 1652 itaque
1263 1581 1602 1636 christianus
1641 1583 1791 1637 orbis

83 1685 213 1723 cum
255 1667 569 1722 Caeciliano
599 1668 1066 1736 communicaret,
1107 1686 1166 1724 se
1209 1688 1242 1724 a
1287 1671 1504 1726 caeteris
1525 1671 1792 1726 omnibus

85 1757 421 1827 disjunxere
452 1754 781 1822 Catholicis,
798 1759 853 1810 et
875 1755 1164 1828 integrum
1186 1758 1430 1813 schisma
1450 1759 1786 1814 conﬂarunt.

86 1845 275 1900 Scelus
316 1843 564 1916 insuper
599 1844 812 1899 scelere
869 1847 1245 1914 cumulantes,
1297 1847 1504 1902 iterum
1542 1848 1790 1919 baptiza-

87 1937 221 1989 bant
250 1939 544 2006 quotquot
572 1935 632 1988 in
662 1951 860 1989 eorum
893 1940 1042 1989 secta
1077 1936 1426 2006 Baptismum
1455 1953 1570 1991 non
1601 1954 1792 1992 susce-

89 2028 321 2096 perant;
381 2040 515 2078 cum
544 2023 901 2095 Baptismum
933 2026 1089 2078 extra
1120 2025 1432 2096 legitimam
1465 2027 1790 2096 Ecclesium,

89 2130 259 2184 quam
291 2129 462 2167 suam
485 2129 606 2166 esse
632 2112 1071 2178 contendebant,
1103 2113 1372 2168 collatum
1393 2131 1623 2185 prorsus
1641 2115 1792 2168 inva-

88 2202 264 2256 lidum
305 2218 433 2256 esse
465 2204 780 2256 tuerentur.
821 2201 1007 2255 Errori
1050 2205 1324 2272 praeterea
1351 2203 1464 2256 vim
1494 2203 1792 2257 crudelita-

89 2295 198 2345 tem
246 2289 670 2362 adjungebant.
735 2289 842 2354 Qui
894 2289 1046 2343 enim
1103 2289 1253 2344 inter
1307 2307 1404 2344 eos
1452 2291 1790 2346 Circumcel-

92 2379 270 2433 liones
301 2377 666 2444 dicebantur,
697 2376 903 2447 plagis,
923 2377 1158 2448 rapinis,
1192 2377 1492 2445 incendiis,
1521 2379 1788 2447 caedibus,

94 2473 288 2522 contra
317 2481 559 2522 omnem
603 2465 751 2536 juris
800 2465 1058 2520 ordinem
1091 2467 1326 2538 impune
1367 2469 1788 2539 grassabantur.

95 2556 348 2628 Cumque
381 2571 503 2610 non
532 2554 725 2609 minus
757 2553 816 2608 in
843 2571 918 2618 se,
953 2571 1127 2626 quam
1157 2555 1213 2608 in
1245 2556 1387 2610 alios
1418 2557 1792 2625 desaevirent;

98 2647 238 2700 ultro
255 2661 314 2699 se
342 2644 407 2699 in
430 2658 609 2715 aquas
631 2643 860 2714 etignes
882 2643 1288 2711 immittebant,
1313 2645 1406 2699 sed
1432 2645 1791 2716 potissimum

97 2751 123 2787 e
151 2733 394 2788 summis
442 2731 730 2786 montium
781 2731 1177 2787 cacuminibus
1222 2750 1280 2787 se
1311 2733 1602 2788 turmatim
1635 2735 1793 2805 plus:

97 2839 262 2894 quam
290 2821 554 2877 belluina
578 2819 799 2875 feritate
821 2821 1142 2892 praecipites
1171 2837 1336 2892 agere
1361 2827 1790 2878 consueverant.

100 2912 276 2966 Exillo
294 2911 422 2983 ipso
437 2926 556 2965 uno
586 2909 887 2964 schismate
913 2909 1164 2980 plurima
1184 2911 1393 2964 sensim
1411 2911 1789 2981 pullularunt.

99 3003 158 3056 ln
190 3001 280 3057 his
325 3000 778 3056 famosissimum
807 2999 915 3055 fuit
944 2999 1187 3054 schisma
1228 3000 1791 3068 Maximianistarum,

99 3090 190 3162 qui
215 3108 364 3146 anno
392 3089 796 3144 trecentesimo
839 3089 1213 3159 nonagesimo
1239 3089 1408 3144 tertio
1439 3089 1794 3144 Primianum

104 3178 524 3234 Donatistarum
547 3177 887 3247 Carthagine
919 3177 1250 3248 epiSCOpum
1279 3177 1706 3246 damnarunt,et
1735 3177 1795 3232 in

106 3267 216 3336 ejus
264 3267 456 3322 locum
520 3265 926 3321 Maximianum
994 3266 1286 3322 sutl‘ecere.
1339 3267 1548 3321 Verum
1605 3267 1794 3321 caeteri

107 3356 397 3410 Donatistae
439 3355 500 3409 in
544 3354 822 3425 Bagaiana
868 3353 1094 3409 civitate
1148 3355 1455 3426 provinciae
1517 3355 1794 3411 Numidia:

106 3445 427 3516 congregati
467 3444 578 3498 hoc
608 3443 755 3514 ipso,
789 3443 858 3497 de
890 3459 1004 3514 quo
1050 3443 1296 3515 agimus,
1330 3461 1482 3499 anno
1513 3449 1793 3500 trecente-

106 3533 238 3588 simo
269 3533 647 3606 nonagesimo
678 3536 904 3604 quarto,
934 3533 1287 3588 Primianum
1318 3533 1378 3588 in
1409 3533 1600 3589 sedem
1633 3551 1792 3589 suam

108 3622 492 3688 restituerunt,
523 3626 577 3675 et
606 3621 664 3675 in
695 3637 792 3675 eos
817 3637 850 3674 a
878 3621 1087 3692 quibus
1115 3621 1236 3692 ipse
1265 3622 1567 3677 damnatus
1588 3623 1792 3690 fuerat,

106 3710 358 3766 dixerunt
406 3710 775 3775 sententiam,
834 3708 892 3763 in
942 3709 1241 3764 duodecim
1302 3711 1538 3782 quidem
1589 3728 1654 3765 ex
1683 3711 1795 3766 illis

109 3800 249 3852 nullo
297 3799 390 3854 die
422 3798 728 3870 praeﬁnito,
780 3797 840 3851 in
872 3803 1107 3852 caeteros
1137 3815 1290 3865 vero,
1323 3798 1435 3852 nisi
1480 3804 1611 3853 ante
1641 3799 1794 3854 diem

111 3887 351 3942 Natalem
409 3886 643 3942 Domini
687 3886 757 3940 ad
790 3903 951 3940 suam
1007 3887 1470 3941 communionem
1519 3887 1791 3943 redirent.

112 3975 321 4043 Verum,
351 3975 460 4029 etsi
487 3974 885 4044 hujuscemodi
916 3974 1299 4028 damnationis
1320 3975 1664 4029 sententiam
1701 3980 1796 4029 tu-

111 4062 306 4131 lissent,
341 4063 658 4118 nonnullos
709 4062 949 4116 subinde
978 4067 1104 4134 post
1149 4063 1442 4134 expletum
1486 4063 1795 4134 praestituti

111 4141 365 4222 temporis
397 4150 649 4222 spatium
683 4149 1073 4216 admiserunt;
1121 4151 1236 4205 imo
1263 4156 1320 4205 et
1358 4150 1574 4223 aliquot
1605 4168 1672 4206 ex
1699 4152 1791 4217 iis,

111 4239 298 4308 quibus
325 4241 551 4295 nullam
587 4243 984 4294 concesserant
1013 4255 1256 4306 moram,
1290 4240 1460 4294 etiam
1487 4240 1641 4295 velut
1669 4241 1793 4311 epi-

115 4342 296 4398 scopos
343 4333 720 4400 receperunt;
754 4327 923 4382 nullis
952 4332 1147 4382 tamen
1179 4343 1397 4394 eorum,
1431 4345 1572 4400 quos
1623 4329 1796 4384 iidem

116 4412 193 4466 isti
220 4415 279 4470 in
301 4417 602 4472 schismate
638 4415 1081 4488 baptizaverant,
1119 4416 1328 4471 iterum
1359 4416 1675 4488 baptizatis.
1707 4419 1796 4473 Sic

116 4502 372 4560 nimirum
419 4507 503 4561 illi
542 4505 776 4560 hazresis
805 4522 924 4560 sua:
961 4505 1331 4560 fundamenta
1363 4507 1787 4561 labefactabant.

175 4595 221 4646 2.
256 4596 382 4649 Haec
411 4600 564 4650 secta
595 4596 753 4649 nullo
797 4594 925 4648 licet
971 4595 1348 4649 fundamento
1379 4596 1631 4662 suffulta,
1665 4601 1790 4650 tan~

116 4669 223 4733 tum
253 4686 444 4737 tamen
477 4683 536 4736 in
566 4682 752 4738 Africa
783 4683 1023 4748 valebat,
1065 4699 1196 4736 cum
1216 4683 1570 4753 Augustinus
1601 4683 1662 4737 in
1694 4685 1794 4737 Ec-

117 4766 267 4821 clesia
295 4771 468 4841 coepit
495 4770 767 4837 eminere,
795 4775 858 4824 ut
880 4770 1119 4824 trecenti
1141 4774 1196 4823 et
1225 4770 1420 4825 decem
1451 4771 1702 4842 episcopi
1727 4770 1792 4824 ad

117 4856 376 4920 synodum
433 4860 803 4930 Bagaiensem
859 4858 1255 4925 convenerint,
1314 4864 1523 4931 praeter
1564 4863 1796 4915 centum

116 4940 238 4996 alios
265 4945 363 5016 qui
393 4947 731 5002 Maximiano
761 4947 1147 5002 adhaerebant.
1196 4948 1330 5002 Eam
1361 4964 1462 5002 suo
1495 4948 1797 5018 complexu

119 5030 372 5099 majorem
430 5035 694 5090 Afrorum
746 5035 1180 5090 multitudinem
1229 5034 1574 5090 continuisse
1633 5036 1796 5091 docet

130 5115 396 5176 Possidius
435 5125 751 5195 (Possidius,
810 5127 868 5179 in
918 5127 1044 5180 Vita
1097 5125 1444 5192 Augustini,
1495 5142 1539 5179 c.
1600 5127 1676 5195 3).
1733 5127 1798 5180 Et

121 5206 328 5275 quidem
377 5213 840 5285 Hippone-Regio
886 5217 1005 5268 tam
1045 5212 1281 5285 exiguus
1322 5217 1442 5267 erat
1472 5214 1792 5268 Catholica-

125 5309 234 5351 rum
272 5316 562 5372 numerus,
609 5307 666 5357 et
707 5319 774 5357 ea
812 5301 1149 5357 auctoritate
1193 5301 1500 5356 Donatista:
1531 5302 1793 5357 domina-

123 5381 325 5456 bantur,
365 5395 426 5444 ut
468 5391 766 5446 Faustinus
815 5406 1012 5445 eorum
1044 5389 1104 5444 in
1151 5391 1256 5445 hac
1287 5391 1427 5445 urbe
1467 5390 1792 5462 episcopus,

127 5474 276 5542 paulo
299 5483 424 5534 ante
446 5478 750 5552 Augustini
778 5479 1109 5544 adventum,
1139 5495 1348 5549 panem
1379 5478 1678 5534 Catholicis
1709 5496 1798 5534 co-

129 5563 212 5631 qui
237 5568 588 5637 prohiberet;
638 5569 718 5624 ita
745 5574 810 5624 ut
839 5567 1064 5623 diaconi
1083 5568 1376 5639 cujusdam
1414 5567 1794 5640 Hipponensis

1899 426 2161 483 catholici
2190 427 2479 481 furnarius
2507 427 2824 498 inquilinus
2847 428 3027 499 ipsius
3053 431 3364 486 domnaedii
3384 433 3471 486 sui
3495 450 3599 504 pa-

1902 532 2035 570 nem
2085 515 2368 570 incoctum
2424 516 2692 587 abjecerit
2743 516 2965 587 (Contra
3016 521 3250 574 Litteras
3314 522 3592 589 Petiliani,

1903 605 1999 658 lib.
2063 608 2118 670 2,
2182 621 2236 658 η.
2294 603 2436 674 184).
2492 605 2846 676 Augustinus
2894 605 3218 677 Hipponem
3275 609 3602 676 adveniens,

1902 709 2099 747 omnes
2128 693 2471 764 eloquentia:
2506 710 2623 748 sua:
2655 711 2855 749 nervos
2883 695 3192 763 contendit,
3225 701 3287 751 ut
3315 713 3608 752 exsecran-

1900 781 2031 835 dam
2057 782 2401 836 convelleret
2428 781 2731 836 hominum
2773 783 3274 850 consuetudinem,
3317 783 3418 854 qui
3449 784 3598 838 chri-

1901 870 2084 924 stiana
2103 870 2335 924 nomine
2365 870 2693 940 gloriantes,
2728 871 3078 926 Christianos
3102 872 3457 942 rebaptizare
3489 889 3603 926 non

1901 958 2226 1013 dubitarent
2254 959 2448 1029 (Epist.
2482 960 2588 1026 23).
2624 960 2688 1013 Et
2717 959 2886 1013 simul
2918 977 2982 1014 ac
3009 961 3248 1014 verbum
3279 960 3478 1015 salutis
3499 977 3603 1014 an-

1903 1046 2202 1113 nuntiavit,
2231 1048 2347 1101 Deo
2390 1047 2680 1101 laboribus
2709 1048 2833 1118 ejus
2866 1047 3111 1117 favente,
3144 1049 3386 1102 Ecclesia
3417 1049 3604 1104 catho-

1901 1135 2028 1201 lica,
2075 1152 2202 1206 quae
2235 1136 2446 1190 aftlicta
2489 1140 2543 1190 et
2582 1153 2855 1208 oppressa
2879 1137 3122 1206 jacebat,
3157 1142 3344 1208 caput,
3370 1143 3433 1191 ut
3475 1155 3603 1192 cum

1903 1224 2156 1278 Possidio
2195 1224 2519 1296 loquamur,
2566 1227 2774 1291 levare,
2825 1224 3170 1296 illorumque
3211 1226 3310 1296 qui
3357 1225 3602 1280 schisma

1903 1313 2202 1382 ejurabant
2229 1313 2514 1384 frequenti
2539 1329 2801 1379 numero,
2824 1313 2994 1383 coepit
3022 1313 3082 1367 in
3114 1313 3236 1368 dies
3263 1331 3598 1368 accrescere.

1904 1403 2064 1456 Hunc
2097 1401 2343 1455 fructum
2387 1401 2609 1473 peperit
2650 1402 2972 1472 Augustini,
3015 1403 3296 1473 populum
3339 1402 3604 1473 privatim

1903 1495 1959 1545 et
1985 1491 2231 1561 publice,
2278 1491 2428 1544 intra
2467 1490 2808 1545 domesticos
2851 1491 3096 1560 parietes
3139 1496 3197 1545 et
3243 1491 3301 1544 in
3349 1491 3602 1558 ecclesia,

1903 1596 2035 1635 voce
2065 1595 2128 1632 ac
2161 1578 2370 1648 scripto
2398 1579 2671 1645 docentis,
2710 1579 2872 1632 labor
2903 1579 3179 1633 assiduus.
3214 1581 3462 1634 Verbum
3503 1579 3602 1634 Dei

1905 1667 2169 1721 audacter
2193 1667 2485 1738 libereque
2514 1667 2882 1737 praedicabat,
2910 1673 2966 1722 et
3007 1669 3251 1723 haereses
3291 1685 3547 1739 quasque
3571 1686 3603 1722 a

1904 1755 2152 1810 veritatis
2184 1756 2410 1810 tramite
2441 1755 2727 1810 deviantes
2762 1757 3133 1826 oppugnabat
3165 1757 3461 1811 acerrime.
3504 1759 3603 1812 Ca-

1904 1841 2100 1896 tholici
2162 1842 2553 1913 Hipponenses
2621 1841 2945 1896 incredibili
3009 1841 3219 1912 gaudio
3275 1840 3601 1896 mirabundi

1902 1935 2355 2006 triumphabant,
2388 1937 2781 2007 agebanteque
2807 1940 2871 1990 ut
2896 1936 3003 1990 hoc
3028 1937 3215 2008 ipsum
3247 1953 3604 2008 quoquover-

1904 2041 1998 2077 sus
2027 2026 2479 2095 pervulgaretur,
2529 2025 2911 2089 Quamobrem
2949 2024 3294 2079 admirandis
3323 2025 3438 2079 illis
3476 2027 3600 2096 ejus

1901 2113 2254 2180 tractatibus,
2289 2129 2535 2184 quorum
2558 2113 2875 2167 doctrinam
2898 2130 2964 2168 ex
2993 2113 3198 2168 divina:
3227 2114 3426 2184 gratiae
3446 2115 3600 2170 fonte

1903 2199 2234 2265 derivatam,
2267 2199 2748 2255 validissimarum
2775 2216 3003 2271 semper
3028 2200 3315 2255 rationum
3339 2218 3597 2257 momen-

1903 2289 1994 2353 tis,
2029 2293 2084 2342 et
2113 2293 2435 2342 sanctarum
2466 2289 2886 2360 Scripturarum
2912 2289 3251 2344 auctoritate
3282 2290 3597 2354 roborabat,

1903 2377 2010 2447 ipsi
2033 2378 2199 2431 etiam
2236 2377 2491 2432 haeretici
2513 2394 2644 2432 cum
2671 2378 2975 2434 Catholicis
2995 2380 3382 2448 convolantes,
3404 2381 3603 2436 avidis-

1903 2466 2045 2519 sime
2067 2465 2363 2520 inhiabant
2386 2469 2476 2532 ;et
2496 2467 2752 2539 quisquis
2775 2466 3027 2522 notarios
3057 2468 3326 2523 adhibere
3355 2474 3598 2540 poterat,

1903 2571 2030 2626 qua:
2070 2554 2406 2608 dicebantur
2436 2555 2599 2609 lectus
2630 2555 2966 2626 excipiebat.
3000 2556 3088 2611 Sic
3116 2557 3420 2627 singularis
3449 2557 3602 2613 illius

1903 2641 2176 2704 doctrina.
2213 2648 2268 2696 et
2311 2643 2455 2696 odor
2487 2644 2694 2698 Christi
2742 2645 3107 2699 suavissimus
3150 2663 3252 2716 per
3276 2645 3600 2701 universam

1901 2730 2149 2784 Africam
2207 2730 2444 2785 diffusus
2499 2737 2598 2786 est.
2661 2733 2854 2803 Neque
2920 2733 3091 2788 etiam
3135 2734 3438 2788 Ecclesiam
3499 2735 3597 2790 Dei

1902 2819 2342 2872 transmarinam
2364 2819 2460 2872 diu
2481 2819 2662 2881 latuit,
2692 2837 2820 2892 quas
2849 2825 3069 2875 tantum
3089 2823 3306 2876 bonum
3323 2823 3599 2877 fratribus

1904 2906 2042 2972 suis,
2075 2907 2415 2977 quibuscum
2443 2923 2648 2978 corpus
2671 2924 2851 2962 unum
2894 2909 3294 2975 constituebat,
3330 2909 3602 2965 divinitus

1904 2994 2170 3048 collatum
2202 2995 2482 3066 gratulata
2520 2999 2604 3048 est
2647 2995 2961 3065 (Possidius,
3010 2999 3067 3050 in
3123 2999 3250 3052 Vita
3280 2999 3596 3064 Augustini,

1903 3092 1950 3137 c'.
1980 3082 2062 3153 ‘7).
2110 3083 2216 3148 Qui
2265 3099 2557 3138 sermones
2596 3084 2844 3156 ejusﬁaut
2873 3090 3143 3140 tractatus
3175 3085 3462 3140 habebant
3503 3103 3600 3140 ex-

1906 3169 2165 3241 scriptos,
2187 3169 2294 3242 ipsi
2317 3187 2543 3242 quoque
2575 3173 2879 3228 Donatista:
2910 3175 3322 3246 Hipponenses,
3347 3181 3446 3230 aut
3469 3175 3599 3229 tini-

1904 3258 2052 3328 timi,
2091 3276 2186 3314 eos
2229 3260 2300 3314 ad
2347 3261 2644 3332 episcopos
2693 3263 3011 3318 Donatistas
3056 3263 3403 3318 deferebant.
3449 3268 3602 3334 Qum-

1905 3363 2024 3402 cum
2062 3349 2362 3419 audissent,
2397 3354 2447 3404 et
2476 3355 2663 3404 contra
2699 3353 2841 3418 forte
2882 3353 3097 3422 aliquid
3135 3354 3388 3418 dicerent,
3433 3357 3528 3407 aut
3569 3369 3603 3406 (ι

1904 3440 2019 3492 suis
2052 3439 2456 3506 refellebantur,
2488 3444 2585 3494 aut
2613 3439 2795 3494 eadem
2826 3457 3081 3511 responsa
3113 3442 3187 3496 ad
3215 3447 3457 3496 sanctum
3483 3442 3602 3495 Au-

1904 3529 2183 3594 gustinum
2226 3528 2622 3596 deferebantur,
2667 3531 2848 3599 eisque
2885 3533 3188 3600 compertis,
3229 3534 3500 3600 patienter
3541 3546 3602 3584 ac

1906 3615 2113 3684 leniter,
2142 3620 2212 3684 et,
2246 3622 2306 3670 ut
2335 3619 2598 3686 scriptum
2627 3621 2722 3685 est,
2757 3633 2875 3672 cum
2908 3621 3096 3674 timore
3121 3625 3170 3674 et
3196 3625 3423 3674 tremore
3451 3621 3602 3674 salu-

1907 3707 2008 3758 tem
2055 3703 2291 3757 omnium
2337 3705 2664 3773 cperabatur
2710 3704 2972 3775 (Philipp.
3023 3725 3081 3771 ιι,
3138 3708 3261 3777 t2);
3319 3708 3600 3762 ostendens

1906 3808 2070 3860 quam
2097 3793 2237 3846 nihil
2269 3793 2354 3846 illi
2389 3794 2631 3859 refellere
2661 3795 2947 3860 voluerint,
2989 3811 3050 3849 ac
3083 3797 3375 3864 valuerint,
3421 3812 3604 3866 quam-

1908 3896 2009 3949 que
2037 3896 2221 3934 verum
2255 3882 2707 3949 manifestumque
2746 3885 2837 3949 sit,
2886 3884 3032 3952 quod
3062 3885 3310 3938 Ecclesiae
3348 3887 3445 3938 Dei
3472 3885 3604 3953 fides

1908 3972 2046 4022 tenet
2097 3984 2159 4022 ac
2204 3969 2352 4022 docet
2395 3968 2710 4038 (Possidius,
2757 3972 2812 4024 in
2860 3972 2987 4025 Vita
3033 3972 3353 4040 Augustini.
3403 3987 3454 4026 c.
3511 3972 3597 4037 9).

1907 4057 2152 4127 Ipsemet
2178 4057 2552 4128 Augustinus,
2581 4060 2833 4113 referens
2861 4065 3142 4131 quantum
3163 4060 3234 4114 ab
3264 4059 3377 4114 illis
3409 4059 3602 4130 exagi-

1906 4150 2125 4199 taretur
2177 4145 2453 4200 Ecclesia:
2512 4147 2786 4216 Videmus,
2839 4148 3044 4219 inquit.
3087 4154 3137 4203 et
3185 4150 3492 4214 toleramus,
3553 4155 3600 4202 et

1905 4239 2168 4302 quantum
2192 4249 2476 4304 possumus
2498 4238 2785 4305 reprimere
2824 4254 3078 4292 conamur
3102 4237 3456 4308 disputando,
3489 4254 3601 4291 con-

1904 4324 2144 4389 vicendo,
2189 4324 2564 4392 conveniendo,
2609 4326 2852 4380 terrendo
2880 4327 3060 4396 (idque
3089 4331 3211 4397 post
3239 4343 3440 4380 annum
3466 4343 3604 4396 qua-

1905 4412 2384 4480 dringentesimum
2429 4415 2721 4482 quintum),
2754 4419 2929 4469 tamen
2967 4417 3025 4469 in
3051 4415 3296 4470 omnibus
3327 4415 3603 4483 diligendo

1909 4499 2127 4569 (Enarr.
2151 4503 2207 4554 in
2235 4502 2380 4556 Psal.
2406 4517 2531 4567 xxx,
2563 4517 2618 4556 η.
2649 4503 2715 4572 1).

1980 4592 2035 4644 3.
2063 4592 2135 4644 Et
2162 4590 2270 4644 haec
2300 4590 2487 4644 diebus
2503 4607 2564 4645 ac
2593 4591 2857 4660 noctibus,
2889 4590 2969 4644 ait
3008 4591 3310 4659 Possidius,
3330 4593 3397 4646 ab
3427 4593 3605 4647 eodem

1898 4677 2109 4747 jugiter
2130 4679 2448 4746 agebantur.
2480 4681 2617 4733 Nam
2644 4684 2693 4732 et
2711 4680 2964 4748 epistolas
2989 4683 3238 4749 privatas
3260 4681 3333 4734 ad
3370 4697 3606 4750 quosque

1905 4765 2142 4834 ejusdem
2171 4769 2369 4820 erroris
2416 4769 2708 4836 episcopos,
2764 4772 2813 4822 et
2859 4770 3144 4823 eminentes
3192 4771 3392 4824 scilicet
3443 4771 3606 4824 laieos

1906 4855 2076 4921 dedit,
2100 4858 2308 4910 ratione
2336 4856 2554 4912 reddita
2584 4857 2871 4911 admonens
2893 4862 3056 4926 atque
3094 4860 3406 4924 exhortans,
3437 4864 3496 4914 ut
3525 4861 3606 4914 vel

1906 4943 1972 4997 ab
2002 4945 2095 4998 illa
2120 4959 2175 4998 se
2205 4946 2478 5012 pravitate
2504 4946 2849 5012 corrigerent,
2884 4947 2970 5000 vel
2998 4951 3135 5002 certe
3165 4947 3238 5000 ad
3276 4947 3606 5017 disputatio-

1904 5048 2024 5086 nem
2067 5035 2327 5087 venirent.
2361 5034 2436 5088 At
2465 5033 2550 5086 illi
2577 5049 2752 5088 causae
2779 5033 3118 5104 difﬁdentia,
3162 5052 3226 5090 ne
3254 5037 3469 5106 quidem
3501 5053 3602 5090 un-

1905 5137 2071 5190 quam
2098 5122 2388 5176 rescribere
2415 5123 2734 5177 voluerunt:
2770 5124 2865 5177 sed
2896 5127 3030 5178 irati
3062 5127 3276 5192 furiosa
3309 5125 3604 5193 loqueban-

1907 5221 2015 5282 tur,
2059 5222 2221 5285 atque
2250 5217 2577 5272 seductorem
2616 5223 2664 5272 et
2702 5218 3028 5288 deceptorem
3062 5223 3368 5274 animarum
3408 5220 3603 5285 Anqu-

1903 5306 2105 5358 stinum
2134 5320 2262 5373 esse,
2293 5311 2342 5358 et
2365 5308 2629 5375 privatim
2658 5312 2709 5361 et
2731 5309 2947 5377 publice
2981 5309 3412 5373 conclamabant;
3445 5313 3495 5359 et
3535 5311 3593 5360 ut

1905 5395 2090 5462 lupum
2119 5394 2466 5472 occidendum
2495 5411 2606 5450 esse
2635 5398 2692 5450 in
2724 5395 3082 5463 defensionem
3110 5398 3288 5464 gregis
3319 5396 3425 5460 sui,
3460 5395 3600 5448 dicc-

1909 5480 2037 5534 bant
2066 5486 2116 5535 et
2147 5483 2454 5538 tractabant
2473 5501 2504 5561 ;.
2519 5487 2803 5554 omniaque
2832 5489 3049 5554 peccata
3080 5500 3112 5537 a
3141 5487 3243 5538 Deo
3278 5483 3603 5538 indubitan-

1910 5573 1988 5622 ter
2016 5585 2126 5624 esse
2153 5571 2473 5627 credendum
2503 5589 2656 5642 posse
2697 5573 2906 5628 dimitti
2946 5574 3037 5632 iis,
3087 5573 3184 5639 qui
3212 5573 3304 5626 hoc
3333 5573 3512 5639 facere
3542 5589 3605 5628 ac
