4060 6362
477 277 570 328 195
1711 269 1868 324 νιτΑ
1907 270 1963 329 S,
2004 271 2080 324 Al

2371 271 2380 324 Ι
2423 269 2760 325 EPISCOPL
3894 275 3974 325 ltiti

457 401 714 470 perﬁcere
749 398 1086 466 potuissent;
1129 411 1224 450 nec
1271 399 1434 451 Deum
1491 396 1754 462 timentes,
1795 411 1888 448 nec
1927 395 2164 449 homines

464 487 844 542 erubescentes.
874 487 945 541 Et
964 489 1024 540 ut
1045 499 1228 539 eorum
1251 498 1424 540 causa
1443 483 1756 551 difﬁdentia
1783 486 1990 538 cunctis
2021 486 2164 538 inno-

467 579 681 630 tesceret
707 574 1043 628 elaboravit:
1079 577 1128 626 et
1153 571 1390 642 publicis
1409 571 1582 628 Gestis
1611 571 1874 635 conventi,
1904 585 2010 623 non
2039 575 2165 623 sunt

459 667 584 720 ausi
623 666 866 730 conferre
919 663 1237 732 (Possidius,
1288 663 1348 715 in
1403 663 1534 716 Vita
1590 661 1914 727 Augustini,
1975 676 2020 712 c.
2078 659 2154 729 9).

473 752 790 822 Aliquando
831 754 1070 806 venimus
1101 750 1175 804 ad
1215 751 1356 812 illos,
1404 749 1484 803 ait
1511 749 1884 820 Augustinus,
1910 747 2160 814 dicentes,

459 844 770 910 Quaeramus
797 857 1002 908 verum,
1029 843 1370 894 inveniamus
1395 855 1600 894 verum.
1632 841 1704 894 Et
1728 840 1836 908 illi,
1867 841 1972 895 Vos
1997 843 2164 895 tenete

457 930 602 1000 quod
643 931 872 984 tenetis:
906 943 1025 983 oves
1070 933 1193 981 tuas
1237 927 1420 993 habes,
1451 942 1570 981 oves
1619 942 1764 980 meas
1814 927 2012 993 habeo;
2051 927 2165 982 noli

456 1019 704 1074 molestus
731 1033 842 1072 esse
869 1017 1054 1071 ovibus
1084 1017 1239 1082 meis,
1267 1017 1399 1086 quia
1425 1020 1478 1070 et
1505 1031 1599 1084 ego
1621 1030 1729 1070 non
1765 1030 1884 1070 sum
1911 1017 2164 1070 molestus

457 1107 644 1162 ovibus
699 1109 825 1162 tuis.
875 1109 977 1160 Deo
1021 1107 1266 1173 gratias:
1313 1120 1440 1158 mea:
1482 1108 1609 1158 sunt
1648 1119 1788 1168 oves,
1838 1105 1988 1158 illius
2036 1107 2164 1158 sunt

456 1211 618 1252 oves:
665 1197 910 1252 Christus
959 1193 1095 1263 quid
1143 1195 1318 1248 emit?
1371 1192 1591 1263 (Enarr.
1645 1195 1679 1247 2
1733 1195 1792 1246 in
1837 1193 1990 1247 Psal.
2049 1209 2158 1252 xxx,

452 1300 511 1340 n.
545 1283 658 1354 3|.)
692 1283 1050 1338 Litteraturaa
1080 1298 1145 1336 ac
1173 1281 1519 1352 eloquentiae
1563 1279 1855 1352 peritiam,
1887 1297 2001 1352 qua
2031 1282 2154 1352 plu-

457 1372 670 1427 rimum
711 1371 932 1426 valebat
967 1370 1341 1442 Augustinus,
1385 1368 1786 1424 detrectationi
1825 1384 2162 1440 congressus

457 1461 724 1516 videntur
778 1449 1069 1514 interdum
1135 1457 1463 1513 obtendisse
1517 1457 1714 1528 (Epist.
1787 1459 1874 1524 3i,
1920 1474 1978 1512 n.
2033 1458 2082 1525 6)
2144 1473 2157 1511 :

459 1551 718 1622 quamvis
769 1555 977 1617 totum,
1033 1565 1148 1620 quo
1193 1547 1452 1620 superior
1495 1545 1608 1602 illis
1659 1552 1802 1614 erat,
1857 1546 2047 1618 potius
2100 1547 2160 1601 in

455 1640 760 1710 Scriptura:
791 1638 976 1693 verbis
993 1643 1050 1692 et
1071 1638 1584 1692 instrumentorum
1610 1635 2014 1707 rationemque
2044 1652 2163 1690 mo-

455 1728 685 1793 mentis,
727 1742 903 1798 quam
933 1725 994 1780 in
1035 1725 1315 1780 orationis
1351 1725 1645 1780 venustate
1692 1725 1994 1796 nervisque
2023 1740 2160 1778 con-

455 1815 696 1870 sisteret.
733 1815 891 1868 Vires
941 1815 1152 1886 quibus
1192 1815 1317 1885 ejus
1354 1813 1416 1868 in
1455 1829 1551 1868 ore
1593 1812 1847 1868 veritatis
1886 1813 2156 1884 pollebat.

455 1903 611 1958 illius
640 1903 922 1958 facundiae
953 1901 1302 1956 tribuebant.
1337 1901 1398 1956 Id
1429 1901 1480 1955 ei
1511 1900 1697 1972 specie
1724 1899 1911 1955 laudis
1942 1899 2162 1954 Petilia-

456 2007 565 2046 nus
611 1995 669 2046 et
714 1989 1052 2046 Cresconius
1111 1989 1474 2061 objectarunt
1525 1989 1852 2061 aliquando,
1899 1993 2161 2044 sanctum

457 2078 654 2134 Virum
693 2095 824 2133 cum
873 2079 1124 2132 Tertullo
1171 2077 1337 2133 Pauli
1380 2082 1704 2132 accusatore
1741 2083 2160 2148 comparantes.

457 2168 599 2222 Eum
629 2182 858 2238 quoque
886 2171 1165 2238 tanquam
1195 2165 1554 2220 dialecticum
1587 2165 2076 2234 criminabantur;
2105 2169 2162 2221 et

457 2255 621 2326 quasi
649 2255 975 2310 christiana
1004 2254 1233 2309 veritati
1279 2271 1370 2308 ars
1400 2255 1500 2309 illa
1527 2254 1766 2308 minime
1797 2260 2157 2325 congrueret,

457 2359 589 2397 eum
628 2343 822 2413 potius
866 2343 1226 2413 fugiendum,
1271 2358 1448 2414 quam
1492 2343 1868 2397 refellendum
1895 2343 2162 2398 censebat

455 2431 682 2503 (Contra
707 2433 942 2486 Litteras
976 2432 1256 2496 Petiliani,
1285 2432 1378 2485 lib.
1416 2433 1466 2495 3,
1497 2447 1553 2485 η.
1598 2434 1691 2498 19;
1725 2433 1924 2488 Contra
1946 2433 2158 2489 Cresco-

454 2522 628 2589 nium,
653 2521 754 2575 lib.
796 2523 842 2588 Ι,
866 2536 960 2574 nn.
989 2522 1046 2586 2,
1072 2519 1176 2584 l6).
1200 2519 1526 2574 Difﬁdentia
1541 2519 1638 2573 illa
1657 2536 1877 2586 eorum,
1910 2536 2024 2591 qua
2049 2521 2161 2574 col-

457 2608 715 2678 loquium
745 2607 1166 2662 Catholicorum
1197 2607 1606 2673 detrectabant,
1633 2606 1705 2662 ad
1726 2623 1870 2678 quos
1891 2613 2082 2662 tamen
2101 2625 2159 2663 se

454 2699 751 2767 tamquam
779 2691 1089 2767 prophetas
1118 2695 1322 2749 missos
1353 2711 1472 2748 esse
1491 2695 1804 2765 jactabant,
1833 2699 1992 2750 tanta
2015 2699 2157 2761 erat,

459 2789 522 2838 ut
560 2784 732 2839 etiam
782 2788 1138 2851 vererentur,
1179 2799 1254 2838 ne
1300 2799 1402 2838 sua
1428 2783 1645 2854 ipsorm
1687 2785 1896 2854 scripta
1941 2785 2000 2838 in
2031 2785 2157 2839 illo-

455 2889 585 2927 rum
613 2889 816 2927 manus
845 2872 1198 2929 devenirent.
1227 2874 1367 2928 Nam
1399 2889 1531 2927 cum
1561 2871 1872 2945 aliquando
1893 2873 2160 2944 Augusti-

453 2977 562 3015 nus
581 2961 958 3032 posteriorem
988 2966 1212 3033 partem
1236 2961 1493 3032 epistolas
1521 2978 1554 3015 a
1580 2960 1874 3032 praecipuo
1905 2962 2158 3033 quodam

452 3048 682 3104 illorum
729 3049 1014 3122 episcopo,
1050 3049 1326 3104 Petiliano
1377 3049 1610 3118 scilicet,
1641 3050 1890 3121 scriptas,
1925 3054 2160 3122 cuperet

450 3138 744 3208 accipere;
785 3139 980 3194 nullus
1018 3155 1052 3193 a
1093 3155 1208 3210 quo
1248 3138 1430 3208 petita
1470 3142 1576 3206 est,
1619 3155 1745 3192 eam
1777 3139 1912 3194 dare
1955 3139 2152 3206 voluit,

451 3231 822 3298 posteaquam
867 3230 1255 3296 cognoverunt
1298 3225 1464 3280 illum
1512 3225 1690 3296 priori
1731 3225 1876 3297 parti
1929 3243 2162 3298 respon-

452 3317 589 3371 dere
609 3317 625 3386 (
645 3317 844 3372 Contra
860 3317 1098 3371 Litteras
1115 3317 1393 3382 Petiliani,
1422 3315 1516 3383 lib,
1542 3315 1638 3369 lib.
1666 3317 1713 3383 l,
1743 3331 1803 3370 n.
1831 3315 1941 3384 2|).
1965 3316 2158 3386 Neque

455 3419 588 3457 vero
633 3407 862 3457 sanctus
920 3403 1129 3458 Doctor
1169 3402 1426 3474 putabat,
1481 3402 1530 3457 si
1571 3406 1874 3474 urgeretur
1917 3402 2159 3474 ipsemet

457 3493 713 3565 epistola:
737 3493 892 3548 illius
917 3497 1134 3560 auctor,
1162 3497 1228 3548 ut
1255 3493 1308 3548 ei
1335 3509 1512 3548 manu
1541 3493 1772 3564 propria
1796 3493 2157 3550 subscribens

456 3599 620 3636 suam
647 3599 769 3637 esse
795 3582 1087 3646 fateretur,
1113 3581 1170 3636 id
1201 3597 1334 3636 eum
1357 3597 1614 3653 unquam
1641 3581 1828 3635 facere
1857 3597 2152 3635 ausurum.

455 3671 566 3725 Nec
595 3676 683 3725 sat
719 3669 830 3726 illis
856 3671 963 3726 fuit
992 3670 1246 3726 veritatis
1287 3671 1490 3725 oblata:
1519 3670 1716 3724 lumen
1746 3686 1972 3741 semper
1996 3686 2154 3724 avor-

453 3759 586 3826 sari,
627 3759 738 3814 nisi
775 3759 947 3815 etiam
978 3759 1130 3814 illius
1165 3775 1457 3830 praecones
1487 3758 1692 3814 acriter
1719 3759 2150 3814 insectarentur.

453 3849 663 3904 Verum
695 3865 801 3904 nec
843 3864 1042 3904 eorum
1070 3849 1304 3915 duritia,
1346 3865 1452 3903 nec
1484 3847 1663 3916 furor,
1703 3848 2006 3904 ardentem
2044 3851 2156 3902 Au-

450 3937 666 4009 gustini
714 3938 904 3992 zelum
959 3937 1318 4010 restinguere
1364 3941 1465 3992 aut
1511 3937 1786 3992 remorari
1825 3937 2150 3991 valuerunt.

450 4026 608 4082 Unde
651 4025 731 4081 sic
771 4026 894 4098 ipse
943 4027 1228 4098 populum
1272 4042 1444 4082 suum
1481 4026 1828 4096 compellat:
1871 4027 1970 4080 Hic
2008 4028 2152 4080 inter

445 4130 638 4170 manus
669 4116 940 4168 latronum
968 4120 1017 4168 el
1043 4114 1226 4168 dentes
1257 4115 1510 4182 luporum
1532 4115 1835 4180 furentium
1864 4117 2154 4182 utcumque

446 4217 752 4269 versamur,
779 4207 830 4256 et
858 4218 957 4272 pro
986 4201 1070 4256 his
1093 4203 1354 4271 periculis
1381 4203 1581 4256 nostris
1613 4205 1674 4255 ut
1701 4203 1883 4267 oretis,
1916 4217 2151 4256 oramus.

451 4293 883 4344 Etcontumaces
911 4293 1038 4344 sunt
1057 4304 1210 4345 oves:
1240 4291 1371 4358 quia
1399 4294 1718 4359 quaeruntur
1741 4293 2000 4350 errantes,
2021 4291 2154 4343 alie-

447 4392 548 4432 nas
571 4393 628 4432 se
655 4378 858 4432 anobis
885 4377 1076 4433 dicunt
1111 4393 1290 4432 errore
1317 4393 1412 4432 suo
1443 4382 1494 4432 et
1517 4377 1823 4446 perditione
1853 4392 1968 4431 sua.
2013 4378 2156 4444 Quid

445 4480 542 4520 nos
569 4466 782 4521 vultis?
811 4467 948 4536 quid
973 4481 1068 4520 nos
1097 4469 1344 4535 quaeritis
1360 4469 1388 4520 ?
1413 4465 1587 4532 Quasi
1609 4481 1714 4520 non
1737 4467 1862 4536 ipsa
1886 4481 2054 4520 causa
2081 4469 2154 4520 sit

448 4569 618 4622 quare
645 4569 735 4609 eas
779 4555 1028 4616 velimus,
1068 4559 1118 4610 et
1147 4571 1316 4624 quare
1350 4569 1676 4626 quaeramus,
1709 4556 1843 4624 quia
1879 4561 2066 4609 errant
2105 4559 2156 4610 et

445 4647 690 4712 pereunt.
734 4643 798 4699 Si
822 4645 882 4698 in
911 4658 1116 4711 errore,
1155 4645 1355 4713 inquit,
1401 4658 1541 4710 sum,
1585 4645 1636 4698 si
1657 4645 1716 4698 in
1743 4645 1986 4712 interitu,
2022 4643 2156 4714 quid

445 4746 528 4785 me
556 4731 684 4786 vis?
717 4732 854 4800 quid
895 4749 978 4788 me
1016 4735 1216 4802 quaeris
1237 4732 1266 4788 ?
1294 4735 1428 4803 quia
1481 4734 1542 4787 in
1583 4747 1763 4788 errore
1799 4747 1873 4799 es,
1906 4749 2156 4788 revocare

445 4819 609 4874 volo:
659 4821 796 4888 quia
832 4823 1049 4891 peristi,
1095 4823 1334 4876 invenire
1382 4823 1515 4876 volo.
1550 4822 1639 4877 Sic
1679 4822 1796 4876 volo
1825 4837 2028 4886 errare,
2076 4823 2154 4877 sic

443 4908 564 4962 volo
607 4912 805 4978 perire.
837 4909 924 4965 Sic
954 4911 1036 4964 vis
1069 4926 1270 4978 errare,
1303 4913 1381 4966 sic
1427 4913 1512 4966 vis
1547 4911 1754 4980 perire!
1803 4915 2008 4980 quanto
2055 4925 2156 4965 me-

449 4995 554 5050 lius
581 5011 674 5063 ego
707 4999 866 5052 nolo!
909 4999 1133 5052 Prorsus
1164 4999 1335 5054 audeo
1374 4998 1570 5066 dicere,
1617 5001 1968 5068 Importunas
2010 5013 2150 5054 sum.

445 5084 632 5139 Audio
667 5087 810 5139 enim
849 5084 1110 5140 dicentem
1157 5087 1498 5156 Apostolum,
1532 5107 1560 5138 (ι
1593 5087 1845 5142 Prmdica
1880 5087 2148 5154 verbum;

445 5171 597 5228 iusta
624 5177 964 5244 opportune,
988 5175 1314 5244 importune
1349 5196 1371 5224 ι
1424 5174 1490 5245 (ιι
1537 5177 1678 5230 Tem.
1721 5191 1796 5242 ιν,
1829 5179 1910 5246 2).
1943 5176 2147 5242 Quibus

449 5281 476 5314 α
499 5267 820 5334 opportune
834 5265 862 5316 ?
879 5281 905 5313 »
931 5263 1126 5331 quibus
1145 5261 1512 5334 «importune
1528 5263 1555 5319 ?
1576 5263 1906 5333 Opportune
1925 5283 1951 5314 ι)
1965 5265 2154 5332 utique

443 5351 764 5420 volentibus,
784 5371 810 5400 α
829 5349 1156 5422 importune
1179 5371 1205 5402 »
1223 5350 1543 5406 nolentibus.
1566 5353 1792 5406 Prorsus
1811 5355 2151 5421 importunus

445 5453 584 5507 sum,
622 5441 794 5495 audeo
833 5439 1028 5494 dicere.
1083 5440 1164 5494 Tu
1199 5441 1286 5495 vis
1331 5454 1536 5506 errare,
1581 5445 1641 5495 tu
1680 5441 1763 5494 vis
1791 5443 2003 5510 perire:
2055 5455 2150 5508 ego

446 5527 586 5584 nolo.
617 5529 736 5586 Non
773 5529 893 5584 vult
920 5533 1186 5598 postremo
1233 5529 1324 5584 ille
1365 5529 1463 5596 qui
1490 5535 1574 5582 m’e
1604 5532 1790 5583 terret.
1829 5528 1893 5582 Si
1911 5529 2146 5595 voluero,

2270 393 2394 448 vide
2423 393 2558 462 quid
2601 393 2768 459 dicat,
2813 391 2939 446 vide
2976 393 3112 462 quid
3157 395 3430 462 increpet:
3467 413 3496 446 α
3523 394 3686 458 Quod
3733 393 3974 461 errabat,

2272 497 2390 536 non
2442 482 2770 546 revocastis;
2825 485 2883 534 et
2931 481 3087 551 quod
3147 481 3336 552 periit,
3377 497 3496 536 non
3555 481 3912 554 inquisiistis
3953 505 3976 533 ι

2275 571 2489 640 (Ezech.
2552 586 2734 631 xxxn',
2793 572 2865 637 4).
2935 571 3004 623 Te
3055 572 3231 638 magis
3297 571 3488 625 timebo
3541 587 3706 639 quam
3766 572 3979 640 ipsum?

2277 681 2296 706 α
2335 661 2564 731 Oportet
2593 676 2698 713 nos
2724 675 2924 712 omnes
2969 658 3224 712 exhiberi
3257 663 3384 712 ante
3419 659 3670 714 tribunal
3709 659 3928 713 Christi
3955 681 3976 710 ο

2273 748 2342 819 (ll
2389 749 2509 805 Cor.
2552 764 2602 810 v,
2654 747 2760 816 10).
2807 749 2924 802 Non
2964 752 3012 801 te
3064 749 3253 814 timeo;
3303 754 3424 802 non'
3459 751 3600 802 enim
3645 755 3804 818 potes
3840 766 3978 802 ever-

2271 841 2378 892 tere
2405 838 2645 891 tribunal
2666 837 2891 902 Christi,
2915 841 2965 890 et
2995 839 3316 891 constituere
3335 837 3578 891 tribunal
3605 839 3840 893 Donati.
3881 841 3979 893 Re-

2270 926 2467 980 vocabo
2513 931 2798 990 errantem,
2848 927 3128 993 requiram
3171 925 3484 995 perditam:
3517 927 3650 980 velis
3700 928 3875 996 nolis,
3925 926 3978 978 id

2271 1031 2451 1083 agam.
2479 1018 2550 1070 Et
2573 1017 2624 1069 si
2641 1030 2722 1068 me
2751 1016 3110 1083 inquirentem
3138 1015 3342 1069 lanient
3360 1029 3544 1084 vepres
3564 1016 3858 1080 silvarum,
3891 1032 3982 1084 per

2270 1106 2450 1160 omnia
2492 1107 2726 1172 angusta
2767 1118 2869 1157 me-
2891 1103 3193 1172 coarctabo,
3242 1119 3419 1158 omnes
3468 1119 3617 1173 sepes
3667 1107 3978 1171 excutiam;

2277 1198 2543 1263 quantum
2581 1193 2721 1247 mihi
2757 1194 2959 1246 virium
3011 1197 3214 1246 terrens
3260 1193 3516 1247 Dominus
3562 1193 3750 1259 donat,
3801 1196 3980 1248 omnia

2265 1282 2591 1350 peragrabo,
2621 1283 2876 1336 revocabo
2915 1286 3206 1346 errantem,
3237 1283 3516 1350 requiram
3539 1287 3880 1351 pereuntem.
3922 1284 3978 1338 Si

2268 1386 2350 1424 me
2398 1373 2520 1440 pati
2547 1387 2653 1426 non
2697 1373 2801 1438 vis,
2851 1372 2964 1424 noli
3007 1385 3210 1437 errare,
3257 1371 3371 1424 noli
3409 1369 3588 1440 perire
3638 1371 3840 1442 (Serm.
3890 1375 3975 1436 46,

2268 1474 2322 1512 n.
2365 1458 2468 1529 14).
2505 1459 2716 1514 Deinde
2745 1464 2908 1514 notat
2936 1458 2990 1512 id
3027 1460 3206 1512 etiam
3243 1459 3625 1513 necessarium
3651 1459 3855 1524 fuisse,
3900 1476 3967 1513 ne

2271 1546 2542 1600 Catholici
2581 1547 2829 1602 schisma
2859 1551 2924 1603 ut
2969 1546 3265 1619 quidpiam
3297 1545 3630 1602 indifferens
3677 1547 3965 1613 arbitrati,

2267 1634 2574 1704 proclivius
2629 1635 2689 1689 in
2737 1635 2877 1690 illud
2923 1636 3382 1706 prolaberentur.
3441 1637 3506 1692 Si
3543 1637 3833 1704 neglexero
3881 1653 3968 1689 er-

2267 1728 2496 1786 rantem,
2523 1723 2624 1791 ait,
2653 1728 2816 1794 atque
2857 1729 3186 1793 pereuntem,
3229 1728 3278 1779 et
3307 1740 3426 1778 eum
3453 1725 3549 1792 qui
3573 1725 3743 1790 fortis
3775 1732 3862 1779 est
3890 1725 3976 1778 de-

2269 1811 2486 1866 lectabit
2508 1826 2691 1866 errare
2718 1817 2882 1881 atque
2916 1815 3117 1882 perire.
3152 1813 3321 1883 Cupio
3369 1813 3523 1867 lucra
3560 1815 3862 1878 exteriora,
3890 1812 3979 1867 sed

2270 1901 2427 1954 timeo
2463 1901 2591 1970 plus
2633 1900 2837 1955 damna
2877 1903 3156 1956 interiora.
3212 1901 3275 1958 Si
3314 1901 3710 1970 indi/ferentem
3743 1901 3980 1954 [rubuere

2269 2004 2500 2044 errorem
2529 1993 2698 2057 tuum,
2730 1989 2965 2044 attendit
2985 1991 3084 2059 qui
3109 1992 3273 2056 fortis
3300 1995 3397 2058 est,
3415 1995 3578 2059 putat
3603 1991 3750 2044 nihil
3767 2005 3884 2044 esse
3906 1992 3980 2043 ire

2268 2080 2324 2131 in
2349 2079 2614 2134 haeresim.
2659 2077 2884 2144 Quando
2923 2077 3150 2146 aliquod
3187 2077 3519 2132 commodum
3557 2077 3623 2132 de
3654 2078 3853 2132 saeculo
3897 2093 3977 2132 re-

2268 2167 2472 2221 lumerit
2501 2166 2642 2222 unde
2665 2171 2921 2233 mutetur,
2947 2168 3135 2220 statim
3156 2167 3294 2220 mihi
3316 2166 3452 2220 dicit
3465 2168 3630 2233 fortis
3661 2167 3758 2220 ille
3775 2168 3980 2236 peritu-

2265 2270 2381 2321 rus,
2413 2271 2533 2310 cum
2580 2260 2629 2309 te
2653 2255 2930 2324 perditum
2957 2270 3064 2309 non
3099 2256 3335 2324 requiro.
3367 2257 3438 2309 Et
3470 2255 3572 2309 hac
3600 2259 3653 2309 et
3699 2255 3805 2310 hac
3831 2257 3970 2310 Deus

2267 2347 2366 2412 est,
2397 2343 2531 2414 quid
2571 2345 2840 2398 interest?
2869 2345 3116 2398 Homines
3146 2345 3290 2398 inter
3315 2358 3371 2398 se
3400 2344 3677 2410 litigantes
3722 2344 3821 2400 hoc
3845 2347 3975 2410 fece-

2265 2438 2414 2501 runt,
2447 2433 2765 2503 ubicumque
2801 2433 3050 2488 colendus
3079 2437 3158 2487 est
3185 2436 3344 2488 Deus.
3376 2434 3439 2490 Si
3463 2435 3604 2499 forte
3635 2433 3728 2489 illi
3767 2435 3974 2489 di.th

2267 2521 2470 2589 aliquis
2501 2524 2800 2588 Donatista,
2827 2523 2944 2578 Non
2969 2521 3072 2575 tibi
3101 2521 3242 2575 dubo
3278 2525 3452 2591 filiam
3475 2538 3664 2590 meum,
3696 2525 3816 2576 nisi
3849 2525 3971 2589 fue-

2265 2612 2346 2664 ris
2375 2609 2441 2664 de
2473 2617 2634 2680 parte
2663 2627 2816 2666 mea:
2863 2613 2949 2665 illi
2975 2625 3108 2680 opus
3153 2616 3231 2665 est
3265 2615 3326 2665 ut
3351 2611 3596 2665 attendat
3623 2616 3676 2665 et
3704 2611 3881 2681 dicat,
3915 2615 3971 2669 Si

2264 2700 2408 2754 nihil
2436 2701 2570 2754 mali
2610 2705 2744 2754 esset
2787 2715 2897 2754 esse
2935 2699 3002 2754 de
3040 2704 3200 2769 parte
3240 2716 3438 2762 eorum,
3479 2716 3586 2754 non
3623 2705 3818 2754 contra
3855 2702 3970 2756 illos

2267 2792 2422 2841 tanta
2439 2788 2676 2844 dicerent
2699 2795 2946 2858 pastores
2967 2791 3161 2854 nostri,
3187 2805 3291 2844 non
3309 2805 3410 2858 pro
3431 2791 3646 2844 illorum
3666 2805 3850 2844 civ-ore
3867 2795 3972 2844 sat-

2266 2881 2502 2944 aqerent.
2535 2878 2596 2932 Si
2633 2893 2758 2945 ergo
2797 2892 3054 2932 cessemus
3101 2881 3152 2931 et
3181 2883 3472 2946 taceamus,
3511 2880 3797 2933 contraria
3823 2879 3969 2933 locu—

2265 2971 2420 3020 turus
2445 2965 2732 3035 est;(lbid.,
2763 2981 2817 3021 η.
2842 2966 2956 3036 l5).
2994 2967 3226 3021 Multum
3249 2969 3427 3027 timeo,
3461 2966 3645 3037 inquit
3665 2965 3808 3021 alibi
3833 2983 3971 3022 non-

2267 3053 2403 3109 dum
2461 3054 2781 3125 episcopus,
2828 3071 2894 3108 ne
2945 3071 3026 3110 me
3071 3060 3274 3109 tacente
3320 3061 3372 3108 et
3423 3055 3823 3122 dissimulante,
3876 3056 3975 3108 alii

2266 3158 2476 3211 quoque
2520 3144 2924 3212 rcbaptizentur
2968 3161 3003 3198 a
3031 3144 3199 3198 vobis.
3249 3146 3466 3198 Decrevi
3513 3159 3658 3212 ergo,
3708 3149 3973 3214 quantum

2263 3233 2407 3285 vires
2432 3236 2483 3285 et
2522 3233 2840 3300 facultatem
2881 3234 3138 3286 Dominus
3175 3233 3415 3302 praebere
3443 3232 3708 3301 digna.ur
3751 3248 3971 3287 causam

2265 3321 2428 3374 istam
2455 3322 2531 3375 sic
2565 3337 2741 3388 agere,
2773 3325 2834 3375 ut
2860 3321 3102 3389 paciﬁcis
3133 3321 3506 3376 collationibus
3535 3322 3740 3376 nostris
3769 3337 3968 3379 omnes.

2265 3410 2363 3478 qui
2415 3409 2567 3463 nobis
2619 3411 3036 3475 communicant,
3087 3411 3336 3464 noverint
3400 3410 3468 3462 ab
3522 3409 3816 3464 hm-esibus
3873 3415 3971 3462 aut

2263 3497 2642 3552 schismatibus
2665 3503 2929 3566 quantum
2957 3499 3224 3553 catholica
3250 3497 3414 3553 distet
3435 3499 3694 3566 Ecclesia,
3722 3502 3772 3551 et
3803 3514 3973 3567 quan-

2263 3588 2378 3637 tum
2407 3587 2478 3638 sit
2505 3585 2745 3639 cavenda
2769 3587 3058 3655 pernicies,
3087 3587 3170 3640 vel
3207 3587 3562 3651 zizaniorum,
3592 3586 3676 3640 vel
3709 3588 3971 3655 praeciso—

2263 3688 2385 3726 rum
2428 3673 2493 3726 de
2535 3676 2644 3728 vite
2690 3676 2910 3729 Domini
2955 3679 3368 3729 sarmentorum.
3421 3675 3598 3740 Quam
3635 3675 3972 3728 collationem

2261 3770 2463 3815 mecum
2490 3763 2541 3816 si
2569 3761 2757 3816 libenti
2785 3765 2964 3816 animo
3007 3765 3324 3832 susceperis,
3353 3766 3414 3816 ut
3439 3761 3788 3817 concordibus
3817 3761 3966 3817 nobis

2232 3849 2540 3906 lumborum
2568 3851 2760 3906 litterae
2785 3853 3003 3920 populis
3044 3854 3354 3916 recitantur,
3386 3851 3657 3920 ineffabili
3691 3851 3971 3906 exsultatio

2263 3938 2486 3993 latitia:
2529 3940 2580 3993 si
2607 3944 2788 3993 autem
2826 3939 2888 3993 id
2919 3955 3070 4008 atque
3097 3942 3277 3994 animo
3316 3955 3421 3994 non
3446 3940 3672 4008 accipis,
3703 3939 3848 4008 quid
3875 3942 3966 4005 fa-

2261 4027 2420 4093 ciam,
2451 4029 2644 4092 frater,
2687 4027 2799 4080 nisi
2826 4031 2886 4081 ut
2929 4031 2978 4082 te
3007 4043 3216 4097 quoque
3245 4029 3411 4082 invito
3455 4028 3710 4097 epistolas
3748 4033 3963 4082 nostras

2258 4115 2454 4183 populo
2499 4115 2759 4169 catholico
2803 4114 2995 4183 legam,
3059 4131 3164 4184 quo
3207 4131 3316 4170 esse
3365 4117 3538 4184 possit
3585 4115 3954 4170 instructior?

2260 4201 2413 4268 Quod
2439 4203 2488 4256 si
2523 4203 2813 4257 rescribere
2859 4203 3120 4271 dignatus
3149 4219 3255 4258 non
3285 4205 3458 4270 fueris
3496 4203 3578 4258 vel
3617 4219 3768 4258 meas
3822 4204 3964 4258 solas

2262 4291 2430 4358 legere
2460 4291 2688 4358 decrevi,
2711 4295 2773 4345 ut
2788 4292 2979 4346 saltem
3007 4291 3321 4360 difﬁdentia
3336 4296 3542 4346 vestras
3567 4293 3788 4360 cognita
3817 4292 3966 4346 reba-

2255 4380 2466 4448 ptizari
2492 4379 2807 4434 erubescant
2837 4378 3033 4451 (Epist.
3068 4382 3159 4446 23,
3189 4397 3244 4435 n.
3279 4384 3350 4442 6).

2331 4468 2383 4522 4.
2427 4466 2684 4521 Primum
2733 4484 2895 4538 opus,
2958 4468 3112 4539 quod
3159 4469 3230 4523 ab
3272 4485 3340 4523 eo
3387 4471 3585 4524 contra
3633 4468 3959 4524 Donatistas

2261 4555 2537 4626 scriptum
2567 4556 2976 4627 comperimus,
3018 4557 3276 4612 Psalmus
3317 4561 3418 4627 est,
3463 4573 3631 4628 quem
3672 4558 3963 4613 Abeceda-

2261 4645 2414 4699 rium
2448 4645 2677 4716 appetat
2700 4644 3023 4716 (Retractat.
3057 4645 3151 4700 lib.
3191 4649 3239 4711 l,
3281 4661 3404 4715 cap.
3437 4645 3550 4716 20),
3590 4645 3748 4716 quod
3789 4646 3969 4700 varias

2259 4733 2320 4789 in
2348 4737 2561 4804 partes,
2594 4749 2839 4805 quarum
2863 4732 3104 4804 singula:
3136 4750 3170 4788 a
3197 4733 3390 4788 latinis
3418 4733 3620 4788 litteris
3647 4735 3966 4790 secundum

2260 4822 2546 4894 alphabeti
2567 4822 2828 4877 ordinem
2843 4821 3071 4877 initium
3089 4823 3327 4892 ducunt,
3351 4821 3564 4876 divisus
3576 4821 3665 4877 sit.
3691 4822 3968 4894 Rhythmi

2257 4927 2437 4982 genus
2467 4916 2551 4966 est
2571 4915 2628 4964 et
2653 4910 2974 4980 cantilenas,
2998 4911 3069 4966 ad
3100 4911 3264 4982 cujus
3295 4909 3551 4981 singulas
3579 4917 3771 4983 partes
3795 4911 3966 4984 hypo-

2258 5000 2474 5070 psalma
2498 4998 2826 5054 succinitur.
2860 4999 2976 5053 Hoc
3006 5002 3199 5054 autem
3225 4999 3452 5054 Psalmo
3484 4999 3656 5054 totius
3685 4999 3969 5056 schisma-

2258 5083 2333 5138 tis
2361 5083 2680 5152 historiam,
2713 5099 2888 5154 quam
2915 5098 2986 5138 ex
3025 5083 3230 5155 Optato
3263 5083 3684 5154 deprompsisse
3715 5083 3966 5151 videtur,

2260 5189 2324 5227 ac
2355 5171 2758 5226 refutationem
2797 5171 3010 5226 erroris
3049 5170 3571 5232 schismaticorum,
3625 5189 3742 5243 qua
3779 5171 3970 5244 potuit

2259 5259 2539 5315 sermonis
2586 5259 3014 5332 perspicuitate,
3072 5259 3304 5332 slilique
3362 5259 3756 5332 simplicitate,
3811 5278 3968 5316 com-

2259 5349 2458 5420 plexus
2482 5353 2587 5404 est.
2621 5349 2679 5404 Id
2700 5348 2856 5402 enim
2883 5349 3075 5420 operis
3103 5349 3177 5404 ad
3206 5348 3543 5420 imperitum
3571 5354 3628 5404 et
3659 5351 3805 5404 rude
3845 5352 3967 5405 vul-

2259 5453 2364 5507 gus
2395 5437 2776 5493 erudiendum
2795 5436 3165 5508 conscripsit:
3191 5441 3548 5509 quapropter
3568 5437 3714 5492 illud
3738 5444 3801 5493 ut
3832 5455 3967 5494 con-

2258 5525 2374 5580 cini
2394 5531 2602 5598 posset,
2618 5541 2682 5581 ac
2699 5525 2996 5582 memoriae
3035 5524 3255 5581 facilius
3289 5525 3620 5593 inhaereret,
3659 5527 3969 5598 rhythmus
