4060 6352
118 290 216 342 I97

105 414 433 469 conclusit.
487 415 612 469 Non
651 417 844 469 tamen
886 413 1124 485 poeticis
1160 415 1416 470 numeris
1443 416 1707 488 illigavit,
1754 434 1827 473 ne

106 502 374 557 metrica
406 502 712 557 necessitas
741 519 874 557 eum
903 502 974 557 ad
1005 504 1195 575 aliqua
1226 506 1497 559 vocabula
1525 508 1695 577 vulgo
1720 508 1829 561 mi-

105 606 222 644 nus
264 592 488 646 usitata
531 592 917 663 compelleret.
957 591 1307 647 Prooemium
1338 594 1511 648 etiam
1556 596 1706 665 quod
1745 612 1831 650 ca-

106 684 386 746 neretur,
439 686 636 734 tamen
692 684 849 734 extra
892 681 1210 735 litterarum
1258 681 1540 749 ordinem,
1590 688 1832 739 testatur

103 766 247 821 huic
290 768 525 822 Psalmo
558 768 728 823 fuisse
770 768 1089 838 praefixum.
1131 769 1243 823 Hoc
1284 770 1623 840 prooemium
1655 772 1832 842 hypo-

103 856 395 925 psalmati
420 856 798 927 'subjunctum
828 856 887 910 in
922 857 1166 924 Psalmo,
1198 873 1370 928 quem
1399 875 1520 929 pra
1568 861 1830 914 manibus

102 944 428 1010 habemus,
460 960 576 998 non
606 944 942 1016 reperimus.
965 946 1091 999 Jam
1119 944 1553 1017 {observavimus
1572 947 1718 1001 hanc
1750 949 1832 1002 lu-

102 1032 544 1101 cubrationem,
596 1038 944 1103 caterasque
1000 1033 1071 1087 de
1118 1034 1327 1104 quibus
1379 1051 1530 1089 nunc
1579 1036 1827 1107 agimus,

104 1124 243 1189 post
282 1120 507 1174 librum
550 1120 620 1174 de
661 1120 794 1173 Fide
833 1124 890 1173 et
916 1120 1185 1190 Symbolo
1225 1137 1419 1175 mense
1446 1123 1666 1177 octobri
1694 1124 1830 1178 anni

102 1207 510 1262 trecentesimi
540 1207 900 1278 nonagesimi
929 1207 1084 1262 tertii
1111 1210 1512 1280 compositum,
1540 1211 1609 1265 ab
1632 1228 1699 1265 eo
1720 1213 1831 1266 col-

107 1296 312 1352 locari.
357 1297 585 1351 Nullam
614 1294 677 1350 in
702 1297 812 1350 hoc
849 1295 1073 1350 Psalmo
1102 1296 1353 1351 historia
1384 1297 1827 1352 Maximianista-

106 1400 245 1439 rum
287 1383 655 1439 mentionem
693 1383 853 1451 facit;
886 1400 991 1439 nec
1017 1384 1171 1438 enim
1200 1386 1434 1455 proprie
1464 1386 1726 1440 absoluta
1744 1391 1829 1440 est

107 1472 222 1527 nisi
265 1488 428 1526 anno
450 1472 850 1527 trecentesimo
880 1472 1253 1543 nonagesimo
1284 1473 1555 1542 septimo.

176 1565 232 1615 5.
287 1561 560 1615 Alterum
609 1561 796 1616 adhuc
856 1578 1000 1632 opus
1047 1561 1389 1633 presbyterii
1430 1562 1519 1616 sui
1565 1566 1824 1632 tempore

104 1654 315 1704 contra
348 1650 674 1704 Donatistas
703 1650 933 1720 scripsit
958 1649 1311 1720 Augustinus
1335 1667 1349 1716 ;
1374 1650 1826 1705 confutationem

104 1738 384 1791 videlicet
430 1737 630 1807 magni
673 1738 875 1791 Donati
921 1737 1405 1809 Carthaginensis,
1450 1738 1623 1792 totius
1675 1738 1822 1792 schi-

106 1825 311 1879 smatis
347 1825 624 1897 principis
656 1829 711 1878 et
738 1824 1050 1892 architecti,
1094 1825 1188 1880 cui
1224 1825 1400 1881 etiam
1426 1842 1639 1881 nomen
1670 1826 1820 1881 indi-

105 1913 256 1967 disse
287 1913 550 1967 creditur
579 1912 761 1980 (Ibid..
794 1928 916 1983 cap.
945 1914 1058 1980 2t).
1089 1914 1213 1968 Jam
1241 1913 1468 1984 pridem
1496 1914 1591 1969 ille
1621 1929 1820 1985 supre-

104 2016 268 2055 mum
296 2001 457 2055 diem
480 2001 702 2056 obierat
726 2017 740 2055 :
774 2001 871 2055 sed
911 2000 1064 2055 inter
1086 2017 1260 2072 opera
1285 2017 1415 2073 qua
1444 2002 1693 2057 moriens
1731 2019 1819 2056 re-

105 2089 299 2161 liquit,
338 2090 579 2144 iuventa
606 2094 692 2143 est
720 2089 980 2160 epistola,
1012 2088 1074 2143 in
1112 2106 1228 2161 qua
1270 2090 1622 2161 Baptismum
1662 2096 1822 2145 extra

105 2184 324 2233 sectam
355 2194 523 2233 suam
561 2178 807 2233 conferri
848 2194 968 2232 non
995 2194 1161 2248 posse
1201 2178 1607 2233 contendebat.
1662 2180 1815 2233 Hanc

106 2266 420 2337 epistolam
463 2266 781 2321 confutavit
826 2266 1213 2336 Augustinus;
1242 2282 1443 2321 verum
1492 2283 1638 2337 opus
1668 2267 1818 2322 istud

105 2354 423 2410 intercidit.
453 2355 689 2410 Sanctus
736 2356 944 2409 Doctor
973 2354 1033 2408 in
1066 2355 1183 2408 suis
1225 2355 1711 2409 Retractationum
1748 2355 1817 2409 li-

109 2443 223 2498 bris
247 2447 421 2498 notat
451 2444 667 2515 aliquot
692 2443 816 2497 loca
841 2442 1003 2497 istius
1032 2442 1218 2513 operis
1245 2441 1353 2508 sui,
1381 2442 1443 2496 in
1461 2443 1668 2514 quibus
1698 2443 1818 2513 ipse

106 2532 471 2603 deliquerat:
522 2531 771 2585 maxime
820 2546 953 2585 vero
1009 2546 1234 2585 summa
1287 2547 1417 2584 cum
1474 2530 1817 2585 demissione

109 2621 443 2686 confitetur,
467 2637 525 2673 se
555 2619 841 2673 immerito
867 2619 927 2673 in
951 2619 1115 2673 illum
1146 2624 1418 2690 tauquam
1437 2618 1500 2673 in
1527 2619 1714 2673 furem
1737 2618 1818 2674 di-

110 2709 227 2762 vini
258 2708 483 2779 eloquii
512 2708 598 2761 vel
625 2707 959 2762 violatorem
1000 2707 1171 2762 fuisse
1218 2707 1526 2774 invectum,
1571 2722 1817 2778 eumque

110 2798 249 2853 falso
278 2798 647 2852 insimulasse
686 2796 849 2868 quasi
880 2796 950 2851 de
977 2796 1123 2851 libro
1155 2795 1522 2850 Ecclesiastici
1550 2796 1814 2866 quadam

110 2887 283 2942 verba
330 2887 404 2941 ad
454 2901 577 2940 rem
623 2884 939 2940 necessaria
980 2884 1050 2939 de
1106 2884 1297 2939 media
1335 2884 1620 2938 sententia
1664 2900 1816 2954 pra-

112 2975 373 3043 cidisset;
426 2990 555 3028 cum
609 2974 671 3028 in
715 2972 982 3044 plurimis
1031 2971 1345 3038 codicibus,
1398 2971 1524 3040 ipso
1582 2971 1815 3026 Donati-

112 3068 330 3117 starum
361 3062 667 3116 schismate
685 3060 1124 3132 antiquioribus,
1148 3058 1302 3114 idem
1321 3058 1595 3113 mendum
1614 3063 1818 3129 postea

113 3150 412 3222 repererit.

178 3245 232 3296 6.
273 3239 633 3312 Augustinus
682 3239 942 3294 nondum
993 3238 1290 3310 episcopus
1327 3237 1400 3292 ad
1446 3235 1812 3294 Maximinum

114 3331 545 3385 Donatistarum
580 3328 926 3383 Sinitensem
957 3328 1287 3399 episcopum
1320 3327 1538 3381 litteras
1567 3326 1811 3396 scripsit,

112 3419 317 3489 quibus
358 3418 769 3472 induceremur
796 3417 865 3471 ad
899 3416 1268 3483 credendum,
1307 3414 1592 3470 Maximini
1621 3415 1813 3468 sedem

109 3507 258 3576 apud
318 3507 646 3578 Hipponem
697 3504 893 3571 fuisse,
955 3503 1063 3557 nisi
1102 3506 1411 3558 testaretur
1458 3501 1813 3572 Augustinus

112 3592 551 3648 Proculeianum
579 3610 686 3664 pro
719 3591 1028 3647 Donatistis
1059 3591 1119 3645 in
1145 3591 1252 3645 hac
1281 3590 1406 3661 ipsa
1436 3590 1574 3643 urbe
1605 3590 1813 3643 multo-

110 3692 231 3732 rum
254 3680 433 3735 t‘uisse
488 3696 774 3735 annorum
832 3680 1186 3750 episcopum,
1254 3694 1385 3732 cum
1441 3677 1562 3748 ipse
1616 3692 1810 3729 recens

112 3766 500 3839 episcopatum
543 3768 756 3823 ibidem
787 3772 1011 3839 gereret
1041 3768 1234 3836 (Epist.
1278 3768 1365 3832 34,
1391 3782 1448 3821 τι.
1483 3765 1557 3834 6).
1600 3765 1809 3828 Quam-

112 3854 304 3910 obrem
359 3857 606 3911 libenter
659 3856 812 3911 imus
850 3856 912 3910 in
968 3854 1241 3910 Holstenii
1287 3852 1651 3916 sententiam,
1709 3850 1809 3921 qui

112 3941 255 3998 hunc
307 3944 688 4001 Maximinum
733 3944 1046 3998 arbitratur
1092 3958 1216 3997 esse
1263 3941 1597 4011 episcopum
1644 3939 1809 3993 illum

111 4028 472 4099 Sinitensem,
520 4047 694 4102 quem
735 4030 1091 4102 Augustinus
1139 4030 1209 4084 ad
1249 4028 1527 4083 unitatem
1575 4026 1812 4081 catholi-

111 4134 226 4172 cam
252 4122 496 4175 tandem
525 4118 853 4189 aliquando,
885 4134 1036 4172 anno
1067 4117 1279 4172 scilicet
1297 4116 1519 4170 circiter
1538 4115 1809 4186 quadrin-

111 4209 425 4275 gentesimo
486 4207 749 4277 septimo,
796 4205 1032 4261 rediisse
1098 4208 1379 4260 memorat
1425 4203 1627 4273 (Epist.
1688 4206 1808 4270 105,

110 4296 267 4367 12.4.)
306 4295 557 4352 Sinitum
600 4300 794 4350 autem
822 4294 1120 4349 castellum
1166 4298 1288 4347 erat
1330 4290 1681 4362 Hipponensi
1711 4307 1806 4343 co-

113 4382 273 4439 lonia
309 4385 585 4453 vicinum,
611 4384 704 4438 cui
732 4399 869 4438 suus
903 4386 1143 4453 praerat
1174 4380 1477 4452 episcopus
1518 4382 1615 4449 (De
1640 4380 1805 4434 Civit.

113 4472 217 4535 Dei,
242 4472 337 4527 lib.
380 4475 469 4535 22,
501 4488 623 4542 cap.
665 4474 718 4539 8,
757 4488 819 4528 η.
861 4475 965 4539 ll).
1001 4471 1236 4525 Videtur
1264 4474 1458 4524 tamen
1503 4468 1609 4521 hoc
1639 4466 1804 4537 oppi-

114 4558 263 4626 dum,
296 4575 429 4614 cum
458 4560 790 4631 episcopum
838 4558 1185 4614 catholicum
1222 4574 1340 4612 non
1378 4556 1635 4621 haberet,
1671 4556 1806 4625 Hip-

112 4647 374 4714 ponensis
410 4648 668 4703 dioecesis
696 4648 892 4714 fuisse,
933 4652 1035 4703 aut
1078 4651 1230 4701 certe
1271 4644 1681 4699 catholicorum
1724 4642 1806 4695 ibi

114 4733 436 4806 degentium
487 4753 624 4793 cura
652 4738 738 4793 'ad
787 4737 1213 4807 Hipponensem
1266 4732 1581 4788 antistitem
1628 4730 1806 4802 perti-

116 4822 337 4879 nuisse:
370 4824 838 4896 quandoquidem
867 4821 1223 4892 Augustinus
1260 4836 1324 4873 ea
1367 4819 1643 4886 referens,
1677 4833 1807 4888 qua

116 4923 255 4965 anno
284 4912 851 4984 quadringentesimo
891 4915 1047 4964 sexto
1079 4913 1211 4963 ante
1240 4904 1532 4963 Maximini
1562 4920 1800 4959 conver-

121 4996 331 5055 sionem
350 5005 511 5072 gesta
539 5002 785 5066 fuerant,
814 5000 907 5056 Ad
922 4998 1058 5068 quid
1084 4996 1259 5057 aliud,
1292 4994 1498 5067 inquit,
1531 4992 1805 5063 presbyte-

116 5099 227 5140 rum
254 5090 427 5145 Siniti
441 5094 782 5156 miseramus,
812 5090 924 5143 nisi
942 5091 1001 5142 ut
1019 5087 1161 5141 nulli
1182 5086 1458 5151 molestus,
1491 5086 1702 5137 nostros
1723 5083 1804 5135 vi-

119 5175 314 5243 situret,
337 5183 389 5232 et
419 5181 477 5232 in
503 5179 677 5243 domo,
703 5178 852 5247 juris
879 5178 968 5231 sui
995 5176 1232 5245 positus,
1267 5187 1458 5243 pacem
1486 5171 1808 5225 catholicam

128 5264 413 5322 volentibus
439 5266 807 5336 praedicaret?
827 5280 982 5333 quem
998 5278 1092 5317 vos
1113 5262 1239 5316 inde
1267 5276 1388 5315 cum
1417 5260 1575 5327 gravi
1595 5258 1808 5326 injuria

119 5352 408 5418 Projecistis
437 5355 645 5426 (Epist.
690 5355 812 5423 105,
855 5368 910 5407 n.
941 5352 1016 5421 4).
1040 5352 1282 5405 Causam
1311 5346 1630 5419 Augustino
1668 5346 1803 5398 scri-

120 5434 277 5494 bendi
308 5442 377 5497 ad
426 5442 734 5498 Maximum
776 5439 1025 5512 prabuit
1077 5437 1349 5492 diaconus
1386 5434 1645 5491 Ecclesia
1687 5434 1808 5488 Mu-

123 5526 500 5599 tugennensis,
520 5530 683 5601 cujus
701 5529 856 5583 velut
885 5525 1141 5583 Ecclesia
1165 5522 1514 5597 Hipponensi
1536 5520 1804 5592 subjectae

1594 293 1800 349 LIBER
1839 294 2152 348 TERTIUS.

3538 302 3633 354 l98

1936 418 2200 474 meminit
2240 420 2432 489 (Epist.
2474 423 2566 484 23,
2598 436 2653 474 η.
2686 420 2764 489 2),
2804 424 2859 473 et
2885 435 3059 490 quam
3087 419 3225 474 alibi
3270 421 3463 476 villam
3488 438 3635 477 nun-

1937 513 2106 578 cupat
2134 508 2336 577 (Epist.
2391 511 2511 575 l73,
2551 525 2606 563 η.
2647 508 2723 578 7).
2763 509 3060 563 Collationi
3103 513 3299 562 tamen
3337 510 3632 581 Carthagi-

1937 596 2100 650 nensi
2137 596 2334 651 aderat
2380 596 2613 667 quidam
2653 596 2934 651 Antonius
2970 596 3300 659 catholicus,
3346 598 3633 669 simulque

1936 684 2316 754 Splendonius
2346 684 2639 739 Donatista
2668 684 3131 755 Mutugennensis
3161 684 3491 755 episcopus;
3518 686 3632 740 sive

1937 773 2093 844 quod
2123 774 2490 844 postmodum
2509 772 2568 826 in
2590 789 2656 827 ea
2675 772 2806 827 villa
2828 772 3084 827 collocati
3104 773 3344 827 fuissent
3363 773 3631 845 episcopi,

1937 862 2054 916 sive
2085 862 2239 933 quod
2270 867 2415 915 esset
2445 862 2580 916 urbs
2608 866 2666 915 et
2692 861 2826 915 villa
2868 860 3247 931 cognominis.
3285 863 3353 915 Ut
3375 860 3629 931 primum

1938 948 2115 1019 igitur
2136 949 2455 1020 Hipponem
2485 950 2712 1004 advenit
2732 949 3107 1019 Augustinus,
3138 947 3377 1019 impiam
3399 949 3633 1003 Donati-

1938 1040 2153 1091 starum
2191 1038 2669 1108 rebaptizantium
2716 1037 3192 1092 consuetudinem
3233 1037 3439 1119 acritgr
3475 1038 3631 1092 inse-

1938 1124 2077 1178 ctari
2105 1125 2292 1196 capit.
2330 1127 2394 1180 Et
2424 1126 2659 1197 quidem
2698 1126 2964 1180 nonnulli
2997 1126 3385 1192 Maximinum,
3417 1126 3486 1180 de
3516 1143 3631 1198 quo

1936 1212 2249 1283 loquimur,
2266 1214 2413 1268 hanc
2423 1214 2822 1269 exsecrandam
2845 1213 3316 1268 consuetudinem
3327 1230 3442 1268 non
3461 1231 3629 1269 usur-

1935 1316 2093 1370 pare,
2146 1301 2255 1372 ipsi
2311 1308 2688 1356 asseruerunt.
2749 1301 2859 1357 Sed
2914 1318 3044 1356 cum
3094 1306 3295 1372 postea
3339 1302 3629 1357 auditione

1935 1389 2261 1459 accepisset,
2302 1390 2609 1445 diaconum
2659 1392 3169 1461 Mutugennensem
3209 1390 3552 1445 catholicum
3598 1407 3632 1445 a

1936 1477 2238 1532 Maximino
2276 1478 2718 1548 rebaptizatum;
2770 1484 2825 1533 et
2870 1478 3023 1533 illius
3072 1479 3315 1548 lapsum,
3365 1483 3419 1533 et
3454 1479 3629 1549 hujus

1934 1565 2150 1619 crimen
2171 1566 2535 1620 vehementer
2558 1566 2759 1621 doluit.
2789 1565 3172 1620 Nihilominus
3191 1572 3385 1620 tamen
3416 1572 3478 1621 ut
3505 1583 3628 1621 rem

1933 1652 2116 1723 magis
2135 1655 2485 1725 exploratam
2506 1654 2763 1720 haberet,
2783 1655 3191 1725 Mutugennam
3208 1654 3328 1725 ipse
3338 1654 3588 1725 perrexit
3607 1671 3620 1709 :

1932 1746 1990 1794 et
2016 1741 2181 1796 illum
2212 1743 2445 1813 quidem
2474 1742 2871 1812 turpissimum
2893 1743 3029 1797 lidei
3058 1743 3409 1797 desertorem
3438 1742 3628 1798 videre

1931 1845 2045 1884 non
2074 1830 2280 1901 potuit,
2310 1831 2381 1885 ab
2412 1831 2535 1901 ejus
2556 1846 2689 1884 vero
2716 1830 3051 1901 parentibus
3079 1831 3277 1899 audiit,
3303 1831 3424 1901 jam
3453 1846 3486 1883 a
3518 1832 3626 1885 Do-

1930 1918 2154 1973 natistis
2173 1919 2384 1973 factum
2401 1918 2572 1973 fuisse
2600 1918 2923 1973 diaconum.
2938 1919 3150 1973 Aberat
3168 1923 3305 1972 tunc
3329 1918 3584 1973 Valerius
3609 1935 3622 1973 :

1929 2022 2127 2061 verum
2178 2006 2550 2078 Augustinus,
2581 2023 2753 2077 quem
2792 2007 2965 2077 hujus
3008 2007 3230 2061 diaconi
3259 2007 3450 2077 lapsus
3478 2022 3628 2061 acer-

1929 2095 2151 2150 bissimi
2180 2095 2390 2150 doloris
2417 2095 2627 2149 aculeis
2650 2095 2997 2163 lancinabat,
3019 2100 3077 2150 et
3095 2095 3194 2166 qui
3215 2095 3461 2155 similem
3488 2095 3626 2149 alio-

1929 2200 2060 2239 rum
2094 2201 2288 2239 casum
2322 2185 2631 2254 metuebat,
2662 2184 2926 2255 prasulis
2965 2185 3055 2239 sui
3092 2185 3339 2239 reditum
3379 2190 3480 2239 aut
3497 2185 3622 2256 jus-

1930 2289 2054 2326 sum
2088 2272 2193 2327 sibi
2224 2272 2667 2343 exspectandum
2695 2288 2815 2327 esse
2836 2288 2954 2326 non
2984 2273 3225 2343 putavit.
3251 2274 3361 2327 Nec
3382 2273 3536 2327 enim
3557 2289 3623 2327 eo

1929 2361 2042 2414 line
2073 2359 2488 2432 presbyterium
2520 2363 2864 2430 susceperat,
2900 2363 2961 2413 ut
2997 2360 3253 2414 mortalis
3282 2360 3456 2430 hujus
3494 2360 3623 2414 vita

1928 2448 2326 2503 brevissimum
2354 2452 2581 2518 tempus
2609 2447 2670 2501 in
2699 2446 3089 2501 ecclesiasticis
3110 2447 3422 2501 honoribus
3447 2452 3628 2502 trans-

1929 2537 2352 2607 igeretzverum
2376 2552 2434 2590 se
2461 2552 2728 2606 supremo
2752 2538 3045 2606 pastorum
3072 2533 3322 2605 Principi
3340 2534 3620 2589 rationem

1894 2636 1903 2645 '
1928 2624 1998 2678 de
2026 2624 2341 2679 commissis
2361 2624 2558 2678 ovibus
2577 2623 2936 2678 redditurum
2958 2622 3258 2693 cogitabat.
3285 2623 3425 2678 Cum
3446 2622 3622 2693 igitur

1926 2713 2067 2767 citra
2094 2713 2291 2767 salutis
2319 2729 2436 2767 sua
2476 2711 2779 2766 discrimen
2819 2712 2985 2765 silere
3015 2727 3074 2765 se
3112 2728 3228 2765 non
3267 2727 3433 2781 posse
3473 2710 3626 2765 arbi-

1924 2806 2192 2868 traretur,
2215 2801 2533 2871 epistolam,
2559 2816 2688 2871 qua
2717 2800 2901 2854 adhuc
2929 2803 3130 2865 exstat,
3153 2800 3222 2853 ad
3251 2798 3618 2853 Maximinum

1926 2889 2153 2960 scripsit
2178 2892 2370 2959 (Epist.
2405 2891 2516 2957 23),
2560 2904 2735 2958 quam
2781 2887 3015 2957 quidem
3055 2886 3278 2940 orditur
3318 2903 3352 2940 a
3398 2886 3620 2941 ratione

1924 2976 2146 3031 reddita
2168 2975 2466 3030 honoriﬁci
2495 2974 2669 3038 tituli,
2701 2991 2816 3045 quo
2842 2990 2976 3029 eum
3004 2973 3065 3027 in
3094 2973 3220 3044 ipsa
3248 2973 3503 3045 epistola
3530 2974 3619 3028 in-

1924 3062 2231 3133 scriptione
2278 3066 2531 3129 exornat,
2573 3061 2944 3133 expositaque
2987 3062 3222 3133 querela
3270 3078 3393 3130 sua,
3449 3066 3614 3133 rogat

1924 3151 2062 3222 quid
2090 3151 2348 3223 gesserit,
2380 3150 2648 3222 dignetur
2666 3149 2775 3205 sibi
2803 3149 3142 3218 rescribere;
3163 3149 3318 3221 quod
3340 3149 3612 3204 nimirum

1922 3244 2042 3293 tam
2078 3239 2222 3293 bene
2263 3238 2332 3293 de
2376 3238 2476 3292 illo
2510 3237 2736 3304 sentiat,
2781 3239 2844 3291 ut
2884 3252 3018 3291 eum
3063 3237 3457 3307 rebaptizasse,
3507 3237 3615 3291 sibi

1924 3327 2259 3397 persuadere
2298 3342 2415 3380 non
2458 3326 2648 3397 possit.
2687 3325 2857 3381 Addit
2894 3325 3082 3379 eidem
3122 3326 3362 3393 animos,
3404 3330 3466 3379 ut
3502 3326 3619 3380 {ra-

1922 3424 2076 3469 trum
2105 3431 2339 3470 suorum
2370 3414 2618 3469 consiliis
2658 3413 2894 3468 minime
2924 3418 3234 3475 terreatur;
3268 3413 3315 3467 si
3347 3413 3517 3468 modo
3548 3414 3618 3467 de

1920 3503 2222 3558 iteratione
2249 3503 2606 3575 Baptismatis
2636 3503 2706 3557 ab
2734 3502 2847 3557 illis
2872 3502 3183 3557 dissentiat.
3221 3503 3490 3556 [lortatur
3516 3518 3617 3572 pa-

1922 3591 2078 3655 riter,
2108 3596 2173 3646 ut
2198 3607 2390 3646 secum
2423 3590 2682 3646 Ecclesia
2712 3589 3008 3645 catholica
3036 3589 3348 3654 veritatem,
3377 3606 3490 3660 quo
3516 3590 3621 3644 im-

1920 3680 2080 3751 pium
2102 3680 2241 3733 illud
2268 3678 2512 3733 schisma
2527 3679 2837 3745 auferatur,
2852 3693 2969 3732 non
2990 3682 3258 3748 gravetur
3278 3693 3379 3748 per
3404 3677 3619 3734 litteras

1921 3768 2259 3837 expendere.
2302 3767 2579 3834 Postulat,
2619 3770 2682 3819 ut
2719 3782 2862 3836 quas
2909 3765 3062 3819 ultro
3103 3764 3361 3834 citroque
3410 3764 3617 3818 scribe-

1921 3856 2056 3921 rint,
2106 3854 2333 3925 utrique
2381 3854 2593 3924 populo
2643 3852 2870 3906 recitari
2917 3852 3200 3921 patiatur;
3251 3851 3297 3905 si
3345 3868 3510 3922 aquo
3556 3852 3614 3906 id

1920 3944 2114 3997 animo
2134 3958 2253 3997 non
2277 3941 2532 4011 accipiat,
2558 3957 2616 3994 se
2637 3939 2817 3993 nihilo
2844 3938 3024 3993 secius
3044 3938 3101 3993 id
3130 3940 3429 3993 facturum.
3452 3939 3616 4004 Quod

1860 4034 1863 4039 λ
1920 4032 1966 4085 si
2004 4031 2311 4085 rescribere
2351 4045 2467 4083 non
2505 4028 2795 4097 dignetur,
2836 4044 2895 4082 se
2938 4032 3130 4081 tamen
3169 4027 3436 4098 epistolas
3483 4044 3613 4081 suas

1919 4120 2110 4189 palam
2158 4120 2457 4183 lecturum,
2504 4122 2565 4171 ut
2609 4115 2880 4171 Catholici
2917 4114 3147 4185 cognita
3192 4115 3615 4171 Donatistarum

1918 4207 2258 4276 difﬁdentia,
2280 4204 2622 4276 rebaptizari
2644 4221 2705 4259 se
2726 4203 2965 4259 minime
2987 4205 3293 4274 patiantur.
3312 4204 3619 4259 Pollicetur

1919 4302 2133 4364 tamen,
2160 4295 2304 4350 nihil
2335 4311 2393 4349 se
2422 4294 2635 4365 populo
2661 4294 2964 4359 lecturum,
2994 4291 3271 4363 quamdiu
3291 4293 3456 4346 miles
3489 4292 3618 4364 llip-

1917 4403 2067 4457 pone
2093 4400 2347 4456 prasens
2375 4387 2524 4438 esset
2555 4399 2570 4437 :
2603 4398 2675 4436 ne
2702 4381 2829 4454 quis
2855 4380 3278 4435 Donatistarum
3307 4381 3617 4435 arbitretur

1897 4473 2324 4529 tumultuosius
2349 4472 2541 4544 ipsum
2571 4486 2738 4542 agere
2766 4469 3033 4535 voluisse,
3071 4474 3128 4524 et
3165 4469 3233 4523 ad
3261 4486 3423 4524 suam
3458 4485 3615 4524 com-

1916 4563 2251 4617 munionem
2281 4561 2602 4615 Donatistas
2623 4558 2833 4613 invitos
2858 4559 3220 4628 compellere,
3245 4558 3394 4628 quod
3424 4574 3456 4611 a
3482 4575 3614 4628 pro-

1917 4651 2098 4723 posito
2119 4668 2222 4705 suo
2243 4649 2560 4720 plurimum
2586 4648 2894 4702 abhorrere
2922 4651 3180 4700 testatur.
3200 4648 3326 4700 Hac
3350 4645 3614 4716 epistola,

1920 4744 1981 4793 ut
2001 4738 2267 4804 diximus,
2300 4736 2511 4806 scripta
2541 4744 2627 4790 est
2650 4734 2803 4790 haud
2837 4734 3008 4789 dubie
3033 4739 3292 4804 tempore
3321 4734 3616 4804 presbyte-

1917 4834 2074 4882 ratus
2110 4824 2421 4897 Augustini
2462 4840 2476 4879 :
2518 4824 2586 4878 de
2624 4840 2773 4878 anno
2816 4839 2934 4877 non
2972 4822 3172 4893 liquet,
3213 4822 3357 4877 sicut
3398 4838 3501 4877 nec
3541 4822 3611 4877 de

1913 4918 2104 4974 fructu
2134 4929 2306 4987 quem
2336 4913 2434 4967 illa
2473 4911 2718 4983 peperit.
2759 4910 2817 4967 Si
2860 4909 3201 4966 Maximinus
3234 4911 3350 4978 ille,
3378 4910 3483 4965 \cui
3523 4910 3614 4965 in-

1916 5004 2201 5070 scribitur,
2225 5000 2520 5057 Sinitensis
2545 5000 2617 5054 sit
2643 4999 2962 5071 episcopus,
2985 5003 3052 5053 ut
3070 4998 3270 5053 merito
3300 4997 3614 5054 existimari

1913 5097 2127 5165 potest;
2155 5092 2277 5163 jam
2315 5089 2735 5144 observavimus
2764 5104 2897 5142 eum
2929 5088 3000 5143 ab
3042 5103 3235 5141 errore
3278 5104 3380 5141 suo
3421 5102 3609 5141 emer-

1914 5198 2038 5235 sum
2067 5180 2137 5234 ad
2168 5177 2629 5233 communionem
2659 5175 2997 5230 catholicam
3029 5176 3281 5244 rediisse,
3303 5178 3607 5246 postquam

1915 5271 1985 5325 de
2012 5265 2410 5324 transmarinis
2437 5264 2699 5336 partibus
2739 5264 3014 5319 remeavit
3050 5280 3222 5328 anno,
3262 5267 3327 5316 ut
3364 5261 3607 5322 videtur,

1913 5354 2478 5430 quadringentesimo
2500 5353 2724 5425 quinto,
2739 5353 2913 5423 paulo
2926 5357 3234 5422 antequam
3255 5347 3610 5418 Augustinus

1913 5446 2211 5518 epistolam
2236 5442 2603 5499 centesimam
2627 5440 2892 5513 quintam
2922 5440 2989 5494 ad
3016 5435 3338 5493 Donatistas
3366 5434 3608 5490 conscri-

1915 5535 2092 5589 beret.
2138 5535 2281 5587 Ante
2333 5529 2755 5586 conversionem
2799 5529 2943 5599 ejus,
2998 5530 3055 5580 et
3104 5522 3301 5579 eodem
3346 5522 3602 5591 absente,
3660 5588 3667 5599 1
