4060 6348
417 277 514 327 199
1655 269 1808 322 Vl'l‘A
1849 268 1903 323 S.
1946 269 2321 323 AUGUSTINI
2366 266 2693 322 EPISCOPI.
3833 264 3923 312 200

412 394 712 461 Catholici,
754 411 820 448 ac
856 393 1227 466 probabiliter
1267 393 1388 464 ipse
1429 392 1804 462 Augustinus,
1845 392 1917 446 ad
1959 391 2107 446 Sini-

411 487 569 538 tense
599 483 917 553 castellum,
949 487 1012 537 ut
1040 499 1172 538 mox
1204 481 1468 548 diximus,
1501 482 1898 553 presbyterum
1940 482 2113 536 mise-

413 575 561 626 rant.
618 572 831 626 Eodem
883 573 949 626 ad
1019 571 1277 626 Ecclesia:
1332 569 1798 624 communionem
1863 587 2108 636 reverso,

416 661 722 716 Donatista:
753 676 1076 730 praeconem
1109 660 1446 730 allegarunt,
1479 659 1576 730 qui
1605 660 1875 713 clamaret
1902 660 2068 713 Siniti
2096 675 2108 713 :

416 750 678 818 Quisquis
717 752 1020 805 Mamimino
1059 751 1549 814 communicat-erit,
1582 749 1896 802 incendetur
1925 749 2112 802 domus

413 839 533 908 ejus
573 840 772 908 (Epist.
828 841 950 904 105,
1000 855 1056 893 η.
1108 839 1181 906 4).
1237 839 1402 892 Notat
1445 837 1734 891 Possidius
1777 837 2112 890 Sermonem

415 929 686 982 adversus
735 927 1056 981 Donatistas
1105 931 1163 981 et
1212 930 1408 980 contra
1452 924 1626 990 idola,
1671 923 1836 978 Siniti
1878 925 1948 978 ab
1995 929 2112 978 Au-

415 1015 932 1095 gustino.habitum
965 1015 1283 1083 (Possidius,
1327 1016 1386 1067 in
1422 1013 1686 1074 Indiculo,
1730 1028 1850 1080 cap.
1884 1013 1954 1078 3).
2000 1013 2112 1066 Do-

417 1109 616 1158 natum
643 1104 844 1157 Africa:
886 1103 1289 1175 proconsulem
1329 1107 1526 1156 monet
1566 1100 1919 1173 Augustinus
1961 1117 2112 1156 anno

417 1192 983 1264 quadringentesimo
1004 1209 1156 1247 nono
1177 1193 1263 1246 vel
1284 1191 1844 1264 quadringentesimo
1869 1192 2111 1258 decimo,

417 1285 480 1336 ut
517 1297 612 1336 eos
660 1298 804 1353 quos
847 1281 910 1335 in
955 1297 1090 1352 agro
1133 1280 1402 1335 Sinitensi
1447 1279 1702 1348 haberet,
1735 1281 1806 1334 ad
1855 1280 2114 1335 Ecclesiae

414 1370 705 1424 catholicae
736 1370 1199 1425 communionem
1231 1370 1557 1424 hortaretur
1577 1370 1775 1440 (Epist.
1804 1373 1923 1437 H2,
1949 1386 2004 1424 n.
2036 1372 2112 1440 3).

414 1459 570 1513 Idem
617 1463 845 1514 sanctus
894 1461 1100 1513 Doctor
1145 1458 1485 1513 miraculum
1530 1475 1788 1520 narrans.
1837 1459 1994 1531 quod
2053 1459 2114 1513 in

413 1546 593 1618 ipsius
632 1548 859 1602 dioecesi
894 1548 1235 1619 contigerat,
1277 1548 1472 1602 scribit
1510 1565 1702 1603 secum
1735 1547 1905 1603 fuisse
1943 1548 2112 1603 Maxi-

416 1635 639 1691 minum
669 1638 948 1708 collegam
973 1653 1162 1704 suum,
1195 1637 1494 1692 Sinitensis
1523 1638 1779 1692 Ecclesia:
1813 1639 2112 1708 praesulem

417 1725 511 1794 (De
540 1727 709 1782 Civit.
738 1728 859 1793 Dei,
893 1727 988 1780 lib.
1020 1729 1108 1792 2'2,
1140 1742 1262 1795 cap.
1287 1728 1338 1791 8,
1361 1742 1416 1780 η.
1451 1729 1521 1793 6).
1557 1726 1730 1780 Paulo
1758 1729 1889 1796 post
1919 1724 2117 1780 Lucilli

413 1814 696 1881 meminit,
727 1814 826 1885 qui
867 1814 1082 1868 castelli
1123 1813 1422 1868 Sinitensis
1462 1814 1916 1885 llipponi-Regio
1945 1815 2116 1869 vicini

413 1902 714 1973 episcopus
752 1906 874 1956 erat
905 1902 1093 1972 (Ibid.,
1124 1918 1180 1955 η.
1220 1903 1326 1970 11),
1356 1918 1424 1955 ex
1456 1919 1570 1972 quo
1605 1903 1881 1972 Stephani
1918 1907 2114 1973 proto-

415 1985 679 2061 martyris
727 1990 1012 2062 reliquiaa,
1063 2007 1215 2044 anno
1272 1990 1841 2062 quadringentesimo
1896 1991 2116 2046 decimo

415 2083 589 2145 sexto,
623 2079 827 2134 delata:
856 2079 1084 2132 fuerant
1113 2078 1172 2132 in
1201 2078 1470 2133 Africam.
1502 2080 1556 2132 Is
1595 2080 1787 2133 forsan
1825 2079 2116 2134 Maximini

416 2183 706 2221 successor
744 2171 846 2222 est.
881 2168 944 2220 In
984 2167 1286 2221 collatione
1325 2167 1758 2238 Carthagiuensi
1795 2169 1988 2223 nullus
2026 2185 2116 2223 re~

416 2255 638 2326 peritur
677 2255 978 2326 episcopus
1027 2255 1326 2310 Sinitensis
1374 2257 1704 2312 catholicus.
1735 2257 1944 2312 Aderat
1985 2259 2116 2313 Cre-

418 2343 645 2398 sconius
691 2360 759 2397 ex
802 2349 965 2414 parte
1015 2344 1459 2411 Donatistarum,
1511 2345 1610 2417 qui
1648 2362 1782 2400 eum
1818 2346 1971 2400 haud
2011 2346 2116 2400 du-

418 2430 508 2484 bie
541 2430 844 2485 Maximino
885 2447 1159 2486 converso
1201 2433 1668 2504 subrogaverant.
1713 2436 2118 2489 Verumtamen

419 2518 525 2574 iste
576 2520 909 2575 Cresconius
955 2521 1180 2576 nullum
1233 2521 1565 2592 episcopum
1618 2523 1959 2576 catholicum
2011 2523 2118 2578 sibi

420 2624 487 2662 ex
527 2607 763 2661 adverso
811 2608 1115 2665 consistere
1165 2625 1278 2664 non
1321 2609 1461 2665 dixit
1506 2612 1712 2680 (Collat.
1759 2612 2016 2678 Carthag.
2071 2615 2115 2679 l,

420 2713 538 2767 cap.
573 2700 713 2766 202).

1109 2789 1332 2843 CAPUT
1370 2791 1426 2843 X.

425 2879 440 2929 l
481 2875 820 2942 Augustinus
842 2891 910 2930 ea:
938 2876 1404 2933 lucubrationibus
1430 2881 1543 2940 suis
1573 2884 1622 2934 et
1649 2880 1842 2949 Alypii
1861 2881 2120 2935 relatione

488 2967 771 3019 innotescit
796 2967 1044 3020 Paulino.
1078 2969 1110 3019 2
1140 2969 1240 3022 Hic
1269 2969 1344 3022 ad
1371 2970 1636 3038 Alypium
1665 2974 1714 3023 et
1745 2969 1818 3024 ad
1847 2971 2119 3039 Augusti-

487 3069 616 3107 num
644 3055 889 3120 singulas
911 3054 1008 3109 dat
1027 3057 1301 3125 epistolas.
1335 3060 1365 3112 3
1394 3058 1667 3111 Licentius
1687 3073 1901 3112 carmen
1917 3058 1991 3113 ad
2012 3059 2119 3113 Au-

487 3144 762 3208 gustinum
793 3145 1135 3198 transmittit.
1170 3145 1204 3198 4
1232 3146 1577 3214 Augustinus
1606 3147 1892 3216 respondet
1922 3148 2119 3202 litteris

489 3232 728 3284 Paulini.
763 3234 793 3284 5
825 3233 876 3286 Is
905 3247 1010 3285 non
1039 3237 1251 3301 accepto
1283 3234 1583 3301 Augustini
1605 3250 1880 3304 reslionso,
1909 3237 2118 3291 litteras

491 3318 565 3371 ad
589 3319 742 3373 illum
767 3319 1028 3374 secundas
1059 3322 1268 3375 scribit.

497 3410 546 3460 1.
579 3406 702 3470 Quo
733 3411 992 3477 tempore
1026 3409 1176 3463 Deus
1205 3409 1264 3462 in
1303 3409 1617 3481 Augustino
1647 3411 1845 3482 gratia:
1876 3410 2119 3465 miracu-

420 3496 543 3549 lum
589 3494 790 3548 At‘ricaa
822 3496 1174 3562 ostendebat,
1211 3498 1408 3552 eodem
1446 3500 1690 3554 alterum
1719 3499 2120 3553 misericordia:

423 3599 540 3636 suae
566 3582 856 3653 specimen
884 3584 989 3638 toti
1021 3585 1281 3642 Ecclesiae
1310 3587 1612 3642 exhibebat
1642 3587 1700 3642 in
1735 3588 1987 3642 Paulino.
2024 3587 2121 3642 llic

421 3671 762 3726 nobilissimi
779 3673 1004 3744 generis
1027 3673 1336 3744 splendore
1362 3681 1708 3748 contempto,
1731 3675 2122 3747 amplissimis-

421 3777 530 3833 que
559 3760 830 3816 abdicatis
858 3761 1083 3834 opibus,
1120 3763 1227 3818 hoc
1258 3764 1380 3835 ipso
1409 3781 1561 3819 anno
1592 3765 1992 3820 trecentesimo
2024 3781 2122 3820 no-

423 3850 715 3920 nagesimo
747 3855 950 3922 quarto
989 3852 1190 3906 Nolam
1230 3853 1554 3924 Campaniae
1595 3857 1920 3920 secesserat,
1953 3857 2016 3907 ut
2042 3851 2122 3906 ibi

420 3953 549 3990 cum
587 3938 858 3993 Therasia
904 3940 1146 4012 conjuge
1187 3957 1307 4008 sua,
1339 3942 1758 3996 veriussorore
1802 3959 1866 3996 ac
1895 3941 2122 4012 pietatis

420 4043 537 4080 suae
565 4027 732 4089 socia,
767 4027 1048 4083 humilem
1079 4035 1137 4084 et
1177 4047 1494 4100 pauperem
1527 4030 1793 4084 monachi
1825 4029 1999 4084 vitam
2031 4029 2123 4083 de-

421 4120 599 4185 geret.
633 4115 870 4186 Alypius
899 4117 999 4187 qui
1043 4117 1368 4184 Mediolani,
1397 4135 1530 4172 cum
1559 4119 1674 4172 illic
1697 4119 2118 4192 baptizaretur,

423 4203 492 4256 de
527 4203 762 4257 Paulino
786 4203 909 4273 jam
938 4209 1060 4258 tum
1094 4205 1354 4259 audierat
1382 4206 1581 4276 (Epist.
1611 4209 1708 4274 24,
1729 4223 1786 4261 n.
1818 4209 1891 4274 4),
1923 4211 1984 4260 ut
2009 4207 2123 4276 pri-

423 4307 581 4344 mum
610 4291 737 4344 vita:
769 4291 924 4345 illius
957 4293 1106 4362 apud
1135 4293 1333 4347 Nolam
1365 4294 1692 4349 institutum
1723 4295 1955 4365 accepit,
1989 4312 2122 4349 eum

423 4379 658 4450 alloqui,
687 4383 742 4434 et
784 4380 996 4434 amoris
1045 4380 1221 4435 oculis
1270 4381 1486 4454 illoque
1531 4382 1737 4453 spiritu
1782 4399 1928 4438 vera:
1975 4384 2118 4438 dile-

424 4467 649 4535 ctionis,
682 4468 782 4539 qui
821 4468 1034 4539 ubique
1065 4473 1120 4524 et
1156 4474 1421 4540 penetrat
1450 4475 1506 4526 et
1544 4471 1876 4539 effunditur,
1910 4472 2121 4527 intueri

423 4557 749 4628 properavit
788 4558 980 4628 (Epist.
1011 4562 1184 4628 25,11.
1223 4559 1293 4630 l).
1328 4561 1524 4632 Itaque
1565 4560 1823 4632 quamvis
1861 4562 2122 4616 nondum

425 4663 557 4700 eum
585 4645 949 4716 peculiariter
977 4653 1328 4718 agnosceret,
1360 4653 1416 4703 et
1444 4649 1514 4704 ab
1545 4650 1642 4704 illo
1672 4650 1989 4722 longinqua
2018 4651 2124 4706 soli

425 4739 482 4788 et
510 4734 611 4788 sali
640 4734 1066 4807 intercapedine
1099 4739 1514 4810 sejungeretur,
1547 4740 1617 4794 ad
1645 4755 1777 4794 eum
1801 4744 1993 4794 tamen
2018 4757 2124 4810 per

423 4824 712 4878 lulianum
753 4825 1009 4896 ejusdem
1051 4826 1275 4880 Paulini
1316 4827 1714 4895 domesticum,
1751 4829 1954 4883 Nolam
1994 4830 2124 4883 Car-

425 4911 656 4984 thagine
684 4919 1083 4982 revertentem,
1109 4916 1376 4971 amicitia:
1397 4918 1665 4972 ineundae
1697 4918 1879 4988 gratia
1904 4918 2123 4972 litteras

425 5001 650 5073 scripsit
682 5004 874 5072 (Epist.
906 5007 996 5071 24,
1035 5021 1088 5059 η.
1136 5005 1206 5076 1).
1241 5007 1305 5060 In
1341 5007 1429 5061 his
1466 5008 1853 5079 Augustinum
1883 5025 2121 5064 ornave-

426 5096 514 5146 rat
551 5088 844 5159 laudibus;
887 5096 942 5146 et
982 5097 1044 5147 ut
1095 5094 1276 5164 qualis
1315 5111 1378 5149 ac
1427 5101 1674 5167 quantus
1721 5096 1808 5150 vir
1847 5101 2013 5163 esset,
2055 5114 2122 5153 ex

424 5179 603 5250 ipsius
642 5180 909 5251 operibus
947 5186 1226 5249 nosceret,
1269 5199 1519 5255 eumque
1560 5201 1674 5239 non
1713 5185 1991 5240 mediocri
2031 5187 2125 5241 be-

425 5268 749 5324 nevolentia
786 5274 1248 5339 prosequeretur,
1289 5271 1540 5343 primum
1584 5289 1730 5326 novo
1768 5273 1902 5327 huic
1939 5274 2122 5328 amico

426 5374 634 5412 munus
665 5357 818 5412 velut
846 5358 1202 5428 exploratum
1243 5376 1358 5413 suae
1390 5376 1526 5430 erga
1555 5377 1690 5414 eum
1729 5360 2126 5416 sollicitudinis

427 5451 854 5518 argumentum,
886 5447 1151 5518 perfecta:
1177 5449 1464 5504 charitatis
1502 5449 1817 5516 vinculum,
1851 5454 1907 5503 et
1931 5451 2124 5504 certis-

427 5533 636 5588 simum
675 5535 887 5590 amoris
926 5534 1015 5591 sui
1052 5535 1280 5607 pignus,
1313 5537 1619 5608 Augustini
1658 5537 1831 5592 libros
1869 5539 2123 5610 quinque

2223 391 2492 446 adversus
2524 388 2865 445 Manichaeos
2894 386 3076 450 misit;
3109 385 3260 439 inter
3289 400 3434 455 quos
3471 389 3671 438 tamen
3702 386 3833 437 erat
3860 381 3924 435 li-

2225 481 2326 534 ber
2355 481 2424 535 de
2458 481 2598 533 Vera
2619 477 2936 548 Religione,
2961 475 3061 546 qui
3080 474 3422 530 Manichaeos
3447 473 3664 528 directe
3688 488 3814 526 non
3841 489 3928 542 op-

2224 575 2470 639 pugnat.
2497 567 2801 622 Paulinum
2829 581 3059 637 quoque
3081 564 3322 635 rogabat
3343 562 3567 617 Eusebii
3591 560 3926 618 Chronicon.

2224 659 2293 712 ab
2327 660 2668 727 Hieronymo
2701 671 2852 710 anno
2883 654 3107 708 circiter
3137 651 3538 707 trecentesimo
3570 650 3929 720 octogesimo

2223 746 2396 801 latine
2428 746 2736 810 redditum,
2771 743 2842 798 ad
2873 760 2930 797 se
2979 742 3410 808 transmitteret,
3441 744 3497 794 et
3539 740 3609 794 ad
3651 738 3931 794 Comitem

2225 852 2288 890 ac
2335 835 2628 900 Evodium,
2677 832 2777 905 qui
2822 831 2966 886 illud
3010 830 3351 901 exscripturi
3399 834 3580 905 erant,
3632 828 3930 899 dirigeret.

2226 923 2488 979 Monebat
2533 903 2724 987 etiam,
2771 921 2925 976 hunc
2971 920 3225 974 codicem
3275 921 3472 974 Romae
3518 903 3823 988 repertum
3866 916 3934 970 iri

2224 1013 2375 1084 apud
2404 1017 2662 1067 sanctum
2701 1010 3078 1065 Domnionem
3111 1009 3456 1080 Hieronymo
3491 1005 3934 1062 amicissimum.

2223 1101 2460 1172 Alypius
2505 1101 2719 1172 pariter
2759 1099 3002 1154 Paulino
3042 1098 3169 1153 loca
3208 1114 3331 1163 sua,
3374 1097 3480 1151 hoc
3529 1103 3632 1164 est,
3675 1111 3796 1167 quo
3847 1111 3937 1147 re-

2226 1205 2499 1258 sponsum
2529 1189 2600 1243 ad
2640 1204 2698 1242 se
2739 1187 2984 1258 dirigere
3017 1189 3225 1257 posset,
3266 1185 3584 1252 indicabat;
3623 1188 3682 1240 et
3714 1183 3789 1239 ad
3829 1184 3939 1238 hoc

2227 1277 2623 1350 Carthaginem
2651 1277 2736 1331 vel
2780 1274 3370 1350 Hipponem-Regium
3410 1273 3634 1328 videtur
3672 1272 3760 1327 illi
3791 1273 3937 1326 desi-

2226 1384 2447 1438 gnasse.
2480 1368 2718 1437 Tagasta
2747 1365 3034 1436 siquidem
3063 1365 3222 1418 locus
3251 1367 3374 1418 erat
3403 1362 3647 1416 nimium
3676 1360 3936 1428 dissitus,

2227 1473 2327 1510 nec
2361 1457 2496 1510 satis
2526 1457 2598 1510 ad
2628 1457 2750 1510 haec
2779 1455 3098 1508 litterarum
3129 1452 3468 1507 commercia
3489 1451 3748 1505 celebris.
3785 1451 3938 1504 Con—

2227 1551 2336 1601 stat
2364 1551 2558 1600 tamen
2597 1562 2664 1599 ex
2713 1544 2937 1599 Paulini
2987 1544 3054 1598 ad
3087 1541 3471 1614 Augustinum
3511 1540 3805 1611 prioribus
3838 1541 3935 1594 lit-

2226 1635 2381 1701 teris,
2415 1634 2685 1706 Alypium
2717 1633 2839 1704 jam
2879 1637 3026 1702 tum,
3055 1647 3183 1686 cum
3223 1647 3306 1686 eas
3343 1629 3748 1695 scriberentur,
3780 1629 3937 1683 illius

2225 1721 2384 1776 urbis
2423 1722 2596 1776 fuisse
2635 1721 2992 1792 episcopum.
3031 1721 3329 1791 Adjecerat
3372 1717 3627 1790 Alypius,
3673 1734 3733 1771 se
3775 1733 3935 1772 com-

2227 1810 2481 1882 plurium
2546 1815 2869 1865 sanctorum
2935 1809 3198 1880 precibus
3265 1824 3397 1862 eum
3474 1806 3932 1861 commendasse.

2230 1899 2436 1970 llymni
2467 1915 2695 1970 quoque
2733 1899 3096 1964 meminerat,
3141 1913 3312 1969 quem
3357 1914 3391 1951 a
3432 1895 3670 1951 Paulino
3715 1897 3939 1964 legerat

2228 1989 2634 2059 conscriptum.
2676 1987 2948 2042 Paulinus
2989 1988 3236 2040 multum
3285 2002 3343 2039 se
3391 1984 3599 2038 sanctis
3651 1983 3938 2054 episcopis

2228 2077 2457 2132 Aurelio
2481 2082 2536 2131 et
2557 2077 2758 2148 Alypio
2777 2077 2984 2131 debere
3003 2075 3325 2146 proﬁtetur,
3349 2073 3502 2145 quod
3522 2089 3725 2128 eorum
3753 2073 3932 2127 bene-

2230 2166 2357 2220 licio
2389 2166 2774 2237 Augustinum
2794 2182 2858 2220 ex
2883 2165 3064 2236 ipsius
3081 2169 3281 2219 contra
3301 2163 3640 2220 Manichaeos
3659 2162 3934 2217 lucubra-

2229 2255 2480 2310 tionibus
2502 2255 2851 2325 cognoverit.
2873 2253 3149 2319 Quocirca
3170 2253 3435 2308 Aurelius
3463 2251 3932 2322 Carthaginensis

2229 2345 2428 2398 eodem
2455 2349 2713 2415 tempore
2739 2360 2852 2415 quo
2875 2343 3110 2414 Alypius
3132 2343 3201 2397 ad
3227 2342 3532 2397 Paulinum
3553 2339 3784 2395 videtur
3802 2339 3930 2394 scri-

2228 2433 2406 2504 psisse
2445 2432 2660 2489 litteras
2697 2451 2714 2487 :
2747 2433 2818 2487 ad
2851 2449 2992 2504 quas
3022 2432 3166 2487 illud
3195 2429 3569 2503 probabiliter
3597 2429 3806 2484 referri
3836 2446 3932 2500 po-

2229 2526 2356 2587 test,
2399 2521 2555 2592 quod
2596 2521 2868 2575 Paulinus
2919 2520 2990 2575 ad
3027 2521 3298 2575 Severum
3349 2518 3656 2590 Sulpitium
3706 2517 3936 2588 scripsit

2229 2609 2452 2664 circiter
2481 2626 2696 2664 annum
2727 2610 3191 2664 trecentesimum
3223 2607 3660 2679 nonagesimum
3687 2612 3935 2673 sextum,

2229 2699 2552 2769 complures
2584 2698 2795 2753 amicos
2825 2699 2912 2753 vel
2947 2697 3007 2752 in
3043 2698 3256 2770 ignotis
3285 2697 3616 2769 regionibus
3645 2695 3756 2750 sibi
3791 2696 3931 2751 divi-

2231 2787 2384 2842 nitus
2414 2787 2596 2855 datos,
2631 2804 2874 2860 quorum
2901 2787 3356 2842 benevolentiam
3395 2787 3515 2840 loco
3543 2785 3770 2856 patriai,
3801 2802 3938 2840 con-

2231 2876 2696 2947 sanguineorum,
2731 2880 2786 2930 et
2815 2875 3145 2947 patrimonii
3182 2875 3271 2929 sui
3300 2875 3536 2930 haberet
3566 2875 3760 2945 (Apud
3788 2877 3936 2930 Pau-

2231 2966 2422 3032 linum,
2449 2967 2627 3035 Epist.
2658 2967 2786 3020 olim
2815 2968 2866 3031 5,
2893 2981 3032 3019 nunc
3069 2969 3152 3034 l-l,
3183 2980 3240 3018 η.
3273 2966 3344 3028 4).

2300 3056 2353 3108 2.
2388 3055 2451 3108 Et
2488 3070 2622 3108 sane
2660 3054 2903 3124 acceptis
2938 3053 3127 3124 Alypii
3157 3052 3382 3114 litteris,
3423 3067 3794 3122 summopere
3825 3051 3935 3105 sibi

2232 3143 2548 3213 gratulatus
2588 3147 2673 3198 est
2709 3142 3000 3209 Paulinus,
3034 3141 3524 3212 amplissimasque
3564 3141 3680 3196 Deo
3719 3141 3936 3211 gratias

2232 3231 2368 3302 egit,
2400 3232 2499 3304 qui
2529 3248 2647 3299 eos,
2680 3231 2780 3303 qui
2803 3248 2861 3286 se
2885 3231 2954 3286 de
2983 3231 3120 3287 facie
3150 3247 3267 3285 non
3291 3234 3544 3297 nossent,
3577 3234 3633 3285 et
3657 3235 3820 3286 tanto
3850 3231 3934 3284 lo-

2231 3338 2429 3376 corum
2469 3321 2766 3376 intervallo
2804 3320 3290 3391 disjungerentur,
3316 3323 3436 3373 tam
3473 3324 3626 3373 arcto
3664 3318 3935 3374 amicitiae

2231 3410 2458 3464 vinculo
2496 3410 2808 3481 colligaret.
2843 3409 2948 3464 Sed
2989 3409 3049 3463 in
3086 3408 3288 3480 primis
3325 3406 3635 3485 Augustini
3672 3407 3837 3462 libris
3862 3407 3934 3460 ab

2230 3499 2431 3570 Alypio
2457 3499 2565 3553 sibi
2593 3499 2742 3554 dono
2773 3497 2959 3552 missis
2990 3498 3214 3552 laztatus
3244 3501 3346 3551 est.
3380 3498 3492 3550 Hoc
3522 3495 3715 3566 ipsum
3741 3495 3825 3550 illi
3851 3512 3938 3549 re-

2232 3588 2482 3642 scribens
2522 3592 2783 3655 testatur,
2841 3587 3124 3658 simulque
3171 3585 3391 3651 asserit,
3441 3602 3500 3640 se
3540 3584 3722 3639 sancti
3759 3585 3936 3654 hujus

2233 3680 2289 3730 et
2326 3677 2562 3746 perfecti
2610 3676 2719 3730 viri
2756 3676 2926 3730 verba
2963 3680 3260 3746 tantOpere
3307 3674 3598 3740 demira'ri,
3640 3679 3706 3728 ut
3743 3677 3938 3728 credat
3991 3669 4002 3677 ”

2232 3764 2442 3818 dictata
2471 3764 2645 3818 fuisse
2685 3763 2956 3818 divinitus
2989 3763 3178 3834 (Apud
3215 3762 3602 3829 Augustinum,
3634 3763 3810 3831 Epist.
3843 3763 3932 3825 24,

2231 3868 2286 3906 η.
2321 3851 2392 3923 2).
2426 3852 2631 3923 Alypio
2662 3852 3009 3923 respondere
3046 3851 3328 3921 tantisper
3366 3849 3604 3916 distulit,
3640 3849 3790 3920 quod
3835 3851 3936 3903 Eu-

2233 3941 2374 3995 sebii
2401 3941 2720 3996 Chronicon
2751 3942 2822 3996 ab
2854 3957 2920 3996 eo
2950 3941 3302 4013 postulatum
3326 3955 3503 4011 penes
3533 3955 3591 3993 se
3622 3955 3737 3993 non
3769 3939 3936 3993 habe-

2231 4034 2342 4085 ret.
2377 4031 2737 4101 Quapropter
2760 4029 2903 4084 illud
2935 4047 2966 4084 a
2999 4034 3193 4084 sancto
3224 4028 3546 4084 Domnione
3581 4028 3779 4082 Romae
3806 4043 3932 4081 mu-

2233 4118 2382 4173 tuari
2427 4123 2652 4174 coactus
2687 4123 2791 4186 est,
2828 4118 2928 4190 qui
2972 4119 3220 4173 codicem
3266 4134 3332 4172 eo
3381 4116 3648 4172 libentius
3687 4132 3939 4170 commo-

2233 4207 2405 4274 davit,
2467 4208 2619 4279 quod
2674 4209 2878 4279 Alypio
2936 4207 3106 4262 sciret
3156 4223 3275 4261 esse
3331 4205 3720 4262 deferendum.
3778 4205 3938 4258 Hunc

2237 4296 2430 4366 itaque
2451 4297 2534 4355 .ad
2563 4297 2861 4352 Aurelium
2892 4296 3406 4367 Carthaginensem-
3429 4295 3630 4350 direxit
3658 4310 3778 4348 una
3807 4309 3935 4347 cum

2234 4384 2474 4454 epistola
2526 4385 2728 4456 Alypio
2777 4385 3070 4456 inscripta,
3113 4389 3176 4439 ut
3222 4382 3850 4455 Hipponem-Regium,
3891 4381 3936 4434 si

2231 4475 2425 4527 forsan
2454 4473 2572 4526 illic
2603 4474 2855 4544 degeret,
2887 4473 3140 4528 codicem
3169 4478 3228 4528 et
3258 4473 3471 4527 litteras
3497 4471 3566 4526 ad
3597 4487 3729 4526 eum
3762 4476 3938 4525 trans-

2234 4561 2507 4616 mitteret.
2541 4561 2722 4617 Simul
2763 4563 3040 4618 Comitem
3073 4567 3128 4617 et
3167 4561 3439 4616 Evodium
3481 4560 3723 4631 rogavit,
3759 4560 3934 4615 Chro-

2237 4650 2407 4705 nicon
2423 4651 2563 4705 illud
2584 4650 2784 4722 Alypio
2810 4651 3265 4712 transcriberent,
3289 4666 3360 4704 ne
3386 4646 3692 4703 Domnioni
3720 4646 3939 4700 diutius

2236 4741 2413 4795 codex
2454 4757 2590 4795 suus
2637 4741 2877 4796 deferet.
2920 4742 3130 4795 Verum
3179 4741 3250 4794 ab
3300 4738 3501 4810 Alypio
3549 4737 3799 4792 vicissim
3839 4754 3944 4807 po—

2234 4830 2410 4884 stulat
2445 4834 2527 4896 ut,
2569 4846 2672 4900 pro
2711 4830 2816 4884 hac
2854 4829 3090 4884 historia
3142 4834 3491 4900 temporum,
3533 4842 3764 4881 omnem
3807 4825 3940 4880 vita:

2234 4935 2350 4973 sua:
2381 4918 2678 4973 historiam
2709 4919 3026 4991 seriemque
3057 4919 3165 4973 sibi
3187 4918 3481 4983 rescribat,
3504 4933 3618 4988 quo
3645 4915 3705 4970 in
3733 4915 3943 4987 primis

2235 5007 2443 5063 certior
2470 5008 2589 5076 fiat,
2619 5013 2890 5064 utrumne
2931 5009 3308 5079 Baptismum,
3342 5023 3413 5061 an
3453 5004 3835 5060 sacerdotium
3869 5007 3939 5060 de

2237 5096 2502 5152 manibus
2531 5097 2818 5152 Ambrosii
2845 5097 3176 5168 susceperit,
3211 5113 3342 5150 eum
3377 5099 3441 5150 ut
3477 5093 3772 5149 ardentius
3811 5094 3941 5148 dili-

2237 5189 2331 5255 gat
2374 5187 2444 5240 ob
2494 5186 2867 5241 arctissimam
2916 5187 3415 5252 necessitudinem,
3471 5201 3600 5256 quae
3647 5184 3772 5251 sibi
3804 5201 3939 5240 cuni

2239 5278 2431 5327 sancto
2464 5274 2561 5328 illo
2592 5276 2857 5345 praesule,
2889 5275 3074 5329 adhuc
3104 5275 3164 5330 in
3193 5274 3332 5329 vivis
3359 5279 3582 5345 agente,
3616 5273 3941 5328 intercede-

2237 5366 2345 5417 ret.
2381 5363 2565 5434 Rogat
2587 5364 2821 5435 pariter,
2856 5365 3073 5419 litteras
3107 5381 3249 5436 quas
3275 5364 3346 5420 ad
3378 5368 3639 5418 sanctum
3669 5363 3945 5434 Augusti-

2240 5467 2376 5506 num
2403 5453 2645 5507 scribere
2673 5471 2843 5508 ausus
2865 5455 2955 5521 sit,
2980 5453 3061 5508 illi
3086 5471 3186 5508 sua
3211 5453 3708 5507 commendatione
3741 5459 3797 5507 et
3818 5469 3944 5524 gra-

2239 5539 2319 5594 tia
2347 5540 2514 5596 faciat
2545 5546 2816 5614 acceptas.
2851 5543 2920 5598 Se
2951 5559 3160 5613 nempe
3183 5542 3561 5597 admiratione
3587 5543 3941 5612 perculsum,
