4060 6374
136 302 242 355 20l

135 422 217 478 ob
243 439 310 478 ea
343 439 473 496 quae
499 425 559 479 in
604 424 759 480 illius
805 425 982 481 sancti
1031 426 1284 482 Doctoris
1327 426 1596 498 operibus
1642 428 1846 500 depre-

138 512 436 568 hendebat
463 513 671 568 divinas
713 514 1005 586 sapientiae
1035 515 1329 587 miracula,
1369 518 1491 587 ejus
1522 533 1716 572 amore
1745 533 1850 588 pe-

138 601 307 656 nitus
356 602 730 670 inﬂammari;
781 620 885 658 nec
923 603 1179 660 dubitare
1226 622 1284 660 se
1331 606 1473 676 quin
1524 606 1754 677 Alypius
1784 622 1850 660 ea

136 691 446 754 charitate,
493 709 609 763 qua
652 692 806 746 illius
837 693 1098 749 notitiam
1129 693 1236 749 sibi
1283 695 1548 762 dedisset,
1595 697 1848 766 ejusdem

137 795 382 852 quoque
424 781 541 852 jam
579 781 888 836 amicitiam
933 782 1038 837 sibi
1079 783 1455 839 conciliasset.
1488 786 1686 856 Itaque
1717 802 1850 840 eum

135 885 344 923 amore
366 869 488 940 jam
515 873 638 923 tum
661 871 990 941 complexus
1019 877 1119 938 est,
1153 877 1218 927 ut
1245 889 1362 927 non
1392 890 1598 927 novam
1623 890 1752 928 cum
1783 889 1850 928 eo

134 957 460 1013 amicitiam
493 957 659 1026 inire,
692 959 787 1013 sed
821 964 1068 1014 veterem
1097 976 1373 1015 renovare
1406 961 1712 1016 videretur.
1763 962 1851 1018 Sic

133 1044 415 1116 Spiritus,
484 1046 583 1118 qui
647 1063 743 1102 eos
801 1047 1108 1115 adunabat,
1169 1050 1540 1122 ejusdemque
1595 1051 1851 1122 corporis

142 1134 415 1189 membra
445 1134 745 1204 efﬁciebat,
767 1136 1069 1192 Paulinum
1099 1137 1340 1206 induxit,
1375 1144 1434 1193 ut
1465 1140 1534 1194 ad
1566 1155 1695 1194 eum
1729 1139 1850 1209 epi-

143 1224 361 1277 stolam
391 1224 769 1278 conscriberet
799 1225 987 1295 (Ibid.,
1017 1228 1194 1296 Epist.
1227 1229 1337 1295 25),
1368 1227 1428 1282 in
1453 1245 1567 1300 qua
1596 1229 1851 1299 ejusdem

144 1327 350 1382 opera,
384 1328 513 1383 quae
547 1312 666 1384 ipse
697 1315 932 1385 legerat,
967 1315 1125 1369 miris
1155 1315 1417 1370 laudibus
1448 1317 1626 1372 effert.
1669 1317 1853 1386 Rogat

145 1402 197 1456 si
243 1418 391 1473 quos
419 1402 560 1456 alios
599 1403 889 1473 scripserit
919 1403 1116 1470 libros,
1167 1405 1240 1459 ad
1282 1421 1343 1459 se
1373 1404 1737 1459 transmittat.
1768 1405 1852 1459 Ad

146 1507 291 1545 eum
335 1490 582 1546 vicissim
625 1507 855 1563 panem,
906 1495 968 1546 ut
995 1491 1103 1563 ipsi
1133 1508 1255 1546 mos
1300 1497 1440 1561 erat,
1473 1493 1624 1548 dono
1656 1493 1850 1560 mittit,

147 1580 423 1635 amicitia:
465 1585 522 1635 et
551 1581 806 1652 ejusdem
852 1581 1272 1636 communionis
1299 1582 1640 1653 symbolum.
1673 1581 1852 1637 Simul

147 1669 221 1724 ad
274 1669 570 1724 Aurelium
629 1669 1131 1740 Carthaginensem
1176 1671 1393 1725 litteras
1439 1671 1598 1726 dedit
1646 1687 1658 1724 :
1713 1687 1854 1742 quas

145 1774 358 1812 omnes
397 1774 499 1830 per
539 1775 722 1812 unum
760 1775 790 1813 e
821 1759 1146 1814 domesticis
1176 1759 1292 1814 suis
1341 1759 1515 1827 misit,
1569 1776 1737 1832 quem
1784 1759 1854 1814 ad

144 1847 542 1918 Augustinum
571 1847 830 1919 aliosque
871 1847 970 1902 Dei
1001 1848 1211 1903 amicos
1239 1848 1425 1903 verbis
1453 1848 1570 1902 suis
1598 1849 1852 1903 salutan-

148 1939 260 1993 dos
302 1937 604 1992 direxerat.
651 1937 754 1991 Illo
801 1941 992 1992 autem
1021 1937 1082 1992 in
1113 1937 1298 1993 reditu
1339 1942 1618 2005 morante,
1665 1938 1852 1993 denuo

144 2026 386 2097 scripsit
400 2025 470 2080 ad
487 2025 870 2096 Augustinum
893 2027 1081 2095 (Ibid,
1107 2029 1285 2097 Epist.
1315 2028 1424 2098 30),
1443 2027 1531 2082 cui
1553 2043 1612 2082 se
1637 2027 1855 2098 priores

146 2116 376 2172 litteras
404 2120 532 2170 ante
560 2115 808 2170 hiemem
835 2115 1056 2171 misisse
1079 2120 1337 2171 testatur.
1364 2117 1639 2172 Videntur
1658 2115 1854 2187 itaque

148 2203 496 2277 posteriores
520 2204 643 2259 ista)
674 2204 897 2271 litterae,
921 2219 1050 2276 quas
1081 2205 1284 2259 eodem
1314 2221 1484 2269 anno,
1518 2221 1631 2276 quo
1661 2207 1853 2275 Augu-

145 2294 339 2349 stinus
365 2298 584 2348 creatus
614 2300 698 2349 est
724 2294 1044 2365 episcopus,
1087 2299 1327 2348 exarataa
1356 2298 1510 2363 sunt,
1541 2294 1688 2348 circa
1723 2311 1855 2348 ver-

147 2399 301 2438 num
343 2388 568 2454 tempus
615 2382 788 2438 fuisse
835 2382 1188 2453 conscriptas,
1246 2381 1466 2452 priores
1515 2386 1708 2437 autem
1751 2399 1854 2436 au-

146 2471 404 2526 tumnali
422 2473 779 2542 tempestate.
799 2469 1155 2540 Quapropter
1181 2469 1301 2523 haec
1321 2468 1512 2524 omnia
1543 2470 1613 2524 ad
1641 2484 1854 2524 annum

147 2559 628 2618 trecentesimum
657 2559 1094 2630 nonagesimum
1125 2563 1397 2630 quartum
1422 2559 1744 2614 referimus.

229 2655 282 2707 3.
313 2651 426 2707 Sub
455 2650 609 2704 idem
644 2653 870 2719 tempus
916 2647 1196 2703 Licentius
1228 2647 1564 2703 Romaniani
1603 2647 1755 2702 ﬁlius
1785 2647 1855 2702 ab

149 2741 303 2796 urbe
333 2742 514 2795 Roma
556 2737 782 2809 scripsit
827 2737 896 2792 ad
939 2737 1342 2808 Augustinum,
1375 2741 1433 2792 et
1461 2737 1531 2792 ad
1561 2752 1694 2791 eum
1727 2753 1854 2790 car-

146 2846 296 2887 men
340 2829 558 2901 pariter
599 2827 917 2883 transmisit
954 2829 1156 2898 (Epist.
1188 2829 1278 2893 26,
1319 2842 1377 2880 n.
1407 2828 1461 2896 3)
1495 2843 1508 2880 :
1541 2826 1633 2880 cui
1661 2828 1854 2897 Augu-

148 2920 344 2974 stinus
372 2917 572 2974 litteris
595 2916 888 2988 aliquanto
913 2919 1042 2986 post
1072 2915 1371 2970 intervallo
1404 2913 1590 2968 missis
1618 2929 1854 2984 respon-

149 3008 264 3079 dit,
309 3022 438 3062 cum
479 3006 600 3078 ipse
647 3003 999 3060 occasionem
1038 3003 1111 3058 ad
1155 3018 1287 3057 eum
1337 3001 1618 3057 scribendi
1666 3002 1758 3056 vix
1795 3018 1854 3056 se

149 3097 437 3169 reperisse
477 3099 741 3149 testetur.
796 3094 861 3147 In
889 3093 995 3147 hac
1024 3091 1287 3163 epistola,
1321 3091 1542 3145 Paulini
1582 3096 1854 3162 tanquam

150 3185 270 3240 sibi
301 3185 374 3240 ob
405 3183 631 3239 virtutis
661 3183 870 3238 famam
888 3180 1170 3236 notissimi
1199 3180 1465 3234 meminit
1487 3180 1673 3250 (Ibid,
1695 3195 1749 3233 η.
1778 3179 1854 3250 5.)

151 3274 547 3341 Quamobrem
594 3271 886 3342 scripsisse
915 3271 1073 3325 illam
1116 3269 1362 3337 videtur,
1392 3285 1522 3324 cum
1545 3270 1667 3338 jam
1698 3283 1853 3322 acce-

149 3363 338 3437 pisset
384 3361 609 3418 Paulini
640 3360 878 3427 litteras,
911 3374 1158 3430 eumque
1187 3358 1417 3413 vidisset
1445 3374 1618 3429 quem
1655 3357 1752 3411 ille
1783 3357 1855 3412 ad

148 3453 546 3525 Augustinum
566 3449 929 3506 salutandum
948 3447 1359 3504 transmiserat.
1381 3448 1445 3501 In
1461 3446 1715 3501 confesso
1735 3461 1855 3500 esse

149 3545 352 3612 debet,
384 3541 682 3615 epistolam
722 3539 793 3594 ad
833 3537 1148 3594 Licentium
1192 3536 1352 3608 prius
1404 3535 1672 3608 scriptam
1712 3550 1854 3602 esse,

151 3649 339 3707 quam
368 3648 498 3705 quae
527 3631 599 3686 ad
630 3629 932 3685 Paulinum
972 3643 1120 3682 anno
1162 3625 1558 3681 trecentesimo
1605 3639 1856 3694 nonage-

153 3724 310 3779 simo
357 3720 558 3794 quinto
596 3734 700 3790 per
747 3715 1166 3773 Romanianum
1209 3713 1383 3768 missa
1411 3717 1492 3768 est
1525 3729 1538 3768 :
1573 3711 1856 3784 siquidem

151 3815 269 3870 hoc
293 3813 484 3885 ipsum
515 3814 573 3865 et
599 3807 951 3879 Augustinus
971 3805 1106 3860 satis
1130 3802 1535 3875 signiﬁcat,ubi
1552 3801 1856 3856 Paulinum

152 3903 377 3967 monet,
403 3897 543 3971 quid
571 3897 692 3969 ipse
723 3895 792 3950 de
811 3893 1060 3950 Licentio
1089 3893 1295 3960 doleat,
1317 3891 1455 3963 quid
1481 3891 1696 3956 timeat,
1721 3889 1857 3961 quid

153 3989 379 4061 cupiat,
409 4005 477 4042 ex
518 3987 642 4057 ejus
670 3983 922 4039 carmine
960 3986 1017 4036 et
1046 3997 1111 4035 ex
1135 3979 1374 4052 epistola
1401 3995 1575 4050 quam
1613 3977 1687 4032 ad
1726 3993 1857 4032 eum

153 4080 339 4142 misit,
371 4075 549 4149 probe
579 4073 1002 4128 intellecturum
1031 4069 1228 4140 (Epist.
1259 4070 1349 4134 27,
1375 4083 1470 4122 nn.
1502 4069 1555 4133 4,
1589 4068 1661 4134 6.)

233 4171 288 4224 4.
321 4162 698 4232 Quantumvis
741 4160 1094 4230 exploratam
1119 4155 1426 4228 Augustini
1453 4154 1724 4209 virtutem
1753 4152 1858 4207 ha-

156 4259 327 4314 beret
363 4253 657 4315 Paulinus,
693 4263 932 4319 eamque
973 4244 1169 4316 magni
1209 4245 1436 4310 faceret,
1479 4243 1738 4297 nondum
1779 4248 1860 4298 ta-

156 4362 303 4403 men
331 4347 590 4398 sanctum
617 4339 813 4393 Virum
840 4338 1010 4408 plene
1046 4334 1391 4406 penitusque
1421 4337 1683 4399 noverat;
1729 4348 1858 4386 cum

156 4433 357 4506 Alypii
397 4427 951 4486 commendationem
1003 4423 1113 4478 sibi
1163 4422 1540 4478 necessariam
1593 4437 1713 4477 esse
1763 4421 1862 4475 du-

157 4528 341 4589 ceret,
387 4525 448 4576 ut
494 4535 622 4573 suas
665 4515 1016 4587 Augustinus
1061 4513 1276 4567 litteras
1312 4510 1551 4565 haberet
1583 4513 1858 4579 acceptas,

159 4627 344 4684 seque
373 4611 442 4666 de
471 4606 778 4678 imperitia,
811 4611 872 4658 ut
897 4603 996 4669 ait,
1031 4602 1340 4656 excusaret.
1367 4600 1490 4654 Non
1525 4603 1644 4653 erat
1671 4601 1862 4667 Augu-

159 4703 322 4758 stino
353 4700 412 4753 in
441 4697 655 4752 amicos
685 4710 838 4761 suos,
866 4691 1082 4747 nedum
1111 4690 1173 4744 in
1201 4687 1524 4754 Paulinum,
1571 4685 1779 4741 dubius
1808 4689 1863 4738 et

161 4805 378 4859 anceps
409 4786 654 4840 animus.
683 4784 747 4838 Et
769 4798 830 4837 re
859 4779 1094 4852 quidem
1113 4778 1237 4848 ipsa
1263 4776 1406 4830 nihil
1422 4775 1739 4846 excogitare
1758 4790 1861 4845 po-

161 4884 277 4936 test
305 4877 392 4932 vel
426 4873 732 4940 ardentius,
787 4871 875 4924 vel
918 4866 1172 4923 tenerius
1209 4863 1430 4930 litteris,
1475 4879 1616 4934 quas
1658 4861 1743 4916 illi
1772 4878 1862 4917 re-

163 4965 428 5038 scripsit;
452 4963 594 5018 nihil
614 4960 770 5034 quod
790 4960 919 5031 plus
937 4957 1000 5012 in
1023 4954 1462 5011 admirationem
1480 4951 1864 5022 rapiat,quam

163 5055 478 5111 vehemens
508 5056 564 5105 et
587 5050 1007 5104 inﬂammatum
1036 5043 1180 5099 illud
1210 5041 1484 5104 studium,
1504 5056 1619 5112 quo
1639 5040 1761 5110 ejus
1789 5039 1867 5093 vi-

166 5141 345 5200 dendi
369 5140 613 5212 ﬂagrare
636 5153 694 5192 se
723 5136 1043 5208 proﬁtetur.
1071 5132 1306 5204 Majores
1326 5130 1512 5185 adhuc
1536 5128 1588 5183 ei
1606 5127 1870 5200 rependit

168 5231 390 5296 laudes,
421 5243 592 5300 quam
620 5225 690 5280 ab
713 5241 779 5279 eo
808 5226 1118 5294 receperat.
1144 5223 1258 5276 Nec
1287 5224 1482 5274 tamen
1506 5217 1692 5274 dicere
1716 5217 1867 5285 licet,

169 5337 265 5376 eas
284 5323 387 5374 aut
413 5333 478 5372 ex
496 5314 875 5370 assentatione
904 5317 1001 5366 aut
1023 5326 1092 5366 ex
1118 5308 1435 5375 mendacio,
1459 5307 1557 5362 sed
1581 5323 1648 5361 ex
1676 5321 1869 5360 amore

171 5427 288 5467 non
334 5408 524 5463 minus
567 5405 739 5475 igneo
785 5417 960 5473 quam
1001 5399 1206 5470 lynceo
1238 5398 1411 5453 fuisse
1441 5396 1738 5468 profectas.
1771 5396 1869 5450 Le-

171 5503 367 5572 gerunt
410 5498 637 5564 fratres,
702 5491 913 5562 inquit,
962 5493 1013 5544 et
1060 5487 1297 5556 gaudent
1341 5485 1770 5553 infatigabititer
1822 5487 1872 5538 et

170 5586 450 5659 ineffabili
455 5587 674 5651 ter,tam
692 5579 944 5635 uberibus
971 5581 1022 5632 et
1043 5581 1153 5632 tam
1170 5575 1546 5632 excellentibus
1574 5572 1730 5629 donis
1749 5573 1867 5636 Dei,

531 5682 806 5748 PATROL.
857 5674 1107 5744 XXXII.

1607 304 1820 362 LIBER
1858 303 2187 360 TERTIUS.

3547 311 3652 363 202

1958 428 2109 483 bonis
2130 430 2256 485 tuis.
2279 430 2548 500 Quotquot
2561 444 2651 484 eas
2663 429 2920 497 legerunt,
2940 433 3186 500 rapiunt,
3203 435 3335 501 quia
3353 435 3649 503 rapiuntur

1957 532 2076 572 cum
2102 519 2300 585 legunt.
2337 519 2512 584 Quam
2539 521 2725 574 suavis
2754 519 2884 572 odor
2911 521 3136 589 Christi,
3157 524 3208 574 et
3231 535 3394 589 quam
3420 522 3648 588 fragrat

1957 621 2024 660 ea:
2069 609 2163 674 eis,
2221 606 2334 661 dici
2379 621 2488 661 non
2523 611 2699 676 potest
2743 607 2933 678 (Ibid,
2976 624 3032 662 η.
3073 610 3152 679 2.)
3203 609 3426 664 Habent
3465 610 3647 664 admi-

1956 695 2239 749 rationem
2274 695 2500 765 singula
2529 695 2784 766 epistolae
2815 697 3008 752 verba.
3060 698 3124 752 In
3153 696 3240 752 his
3269 697 3472 752 litteris
3497 699 3647 753 salu-

1955 785 2071 838 tem
2099 783 2234 838 dicit
2260 783 2561 851 Therasiaa,
2607 802 2779 856 quam
2827 787 2896 840 de
2941 802 3101 840 more
3140 786 3410 842 Paulinus
3437 787 3496 842 in
3526 789 3646 860 epi-

1958 872 2111 926 stolae
2140 871 2508 942 inscriptione
2538 889 2730 928 secum
2756 875 3159 945 fconjunxerat.
3212 876 3296 930 Ad
3345 893 3478 931 eum
3516 878 3648 932 scri-

1956 960 2071 1030 psit
2114 977 2220 1031 per
2264 961 2686 1016 Romanianum
2755 963 3264 1019 familiarissimum
3303 981 3492 1034 suum,
3549 968 3648 1038 qui

1957 1053 2153 1103 tamen
2192 1050 2262 1104 ad
2290 1067 2437 1117 eam,
2471 1067 2646 1122 quam
2674 1051 2785 1122 ipsi
2813 1053 3168 1123 peroptabat,
3201 1053 3408 1108 mentis
3437 1057 3648 1111 consti-

1958 1135 2237 1190 tutionem
2288 1137 2532 1192 necdum
2586 1144 2940 1209 pervenerat.
2987 1139 3342 1212 Quapropter
3385 1142 3651 1197 omnibus

1957 1225 2224 1295 precibus
2254 1230 2378 1280 orat
2406 1231 2462 1281 et
2505 1227 2817 1281 obtestatur
2855 1228 3177 1295 Paulinum,
3212 1232 3270 1283 ut
3307 1228 3392 1283 illi
3421 1229 3652 1300 ﬁlioque

1963 1313 2212 1369 Licentio
2257 1315 2420 1379 adsit,
2473 1319 2528 1370 et
2574 1316 2874 1388 utriusque
2905 1318 3146 1371 salutem
3175 1333 3280 1388 pro
3313 1317 3460 1371 virili
3489 1322 3653 1388 parte

1959 1407 2314 1472 promoveat.
2363 1404 2446 1458 Ab
2491 1403 2590 1458 illo
2635 1410 2830 1458 tamen
2876 1407 3146 1476 postulat,
3203 1422 3275 1460 ne
3319 1405 3447 1460 huic
3473 1406 3654 1460 amico

1961 1492 2168 1558 credat,
2201 1509 2330 1564 quae
2356 1493 2425 1548 de
2455 1493 2579 1564 ipso
2609 1493 2842 1548 fortasse
2873 1494 3113 1549 laudans
3143 1494 3374 1550 amandi
3403 1511 3655 1567 propen-

1961 1581 2119 1636 sione
2157 1581 2388 1637 dixerit.
2427 1582 2570 1637 Cum
2596 1583 2984 1638 Romanianus
3012 1600 3212 1638 omnes
3239 1583 3548 1655 Augustini
3578 1585 3659 1638 lu-

1960 1670 2319 1725 cubrationes
2347 1687 2538 1726 secum
2571 1671 2836 1736 deferret,
2869 1688 3003 1727 eum
3036 1673 3270 1727 Paulino
3293 1673 3513 1744 copiam
3535 1673 3658 1727 illa-

1960 1775 2092 1814 rum
2139 1759 2422 1815 facturum
2468 1761 2791 1832 pollicetur.
2846 1763 2956 1817 Sed
3002 1766 3145 1829 orat,
3184 1767 3249 1817 ut
3278 1779 3370 1817 eas
3400 1766 3658 1817 accurate

1961 1849 2241 1920 perlegat,
2283 1865 2397 1921 quo
2438 1849 2628 1920 ipsum
2667 1851 2736 1905 de
2775 1851 2994 1918 erratis,
3029 1867 3158 1921 quae
3187 1850 3654 1922 deprehenderit,

1962 1937 2268 1992 admoneat
2300 1954 2315 1992 :
2347 1955 2520 2009 quam
2559 1939 2619 1993 in
2647 1954 2770 1994 rem
2808 1939 2981 1993 habet
3007 1940 3179 2012 longe
3236 1939 3651 2010 pulcherrima.

1965 2025 2159 2080 Eidem
2205 2027 2467 2096 spondet,
2512 2044 2570 2082 se
2617 2027 2771 2082 beati
2810 2028 3059 2100 episcopi
3101 2028 3293 2100 Alypii
3333 2027 3656 2095 historiam,

1963 2129 2137 2185 quam
2169 2115 2238 2168 ab
2264 2114 2390 2185 ipso
2417 2115 2619 2187 Alypio
2652 2116 2921 2172 Paulinus
2960 2120 3385 2188 expoposcerat,
3413 2116 3661 2171 conscri-

1963 2207 2221 2273 pturum.
2253 2204 2524 2274 Alypium
2546 2205 2832 2276 siquidem
2862 2222 2967 2260 sua
2995 2222 3130 2277 erga
3161 2206 3461 2260 Paulinum
3492 2206 3660 2260 bene-

1964 2291 2210 2346 volentia
2239 2293 2308 2347 ad
2347 2292 2406 2347 id
2442 2295 2833 2364 praestandum
2880 2288 3285 2367 compellebat;
3337 2295 3436 2350 sed
3481 2294 3660 2349 animi

1962 2381 2050 2435 sui
2081 2381 2358 2437 modestia
2386 2382 2683 2439 retinebat.
2722 2385 2859 2439 Cum
2892 2383 3070 2454 igitur
3097 2400 3229 2438 eum
3258 2383 3658 2439 verecundiam

1962 2469 2112 2524 inter
2141 2475 2198 2525 et
2225 2471 2535 2526 amicitiam
2566 2472 2918 2543 Augustinus
2946 2472 3314 2528 ﬂuctuantem
3333 2472 3572 2539 videret,
3599 2471 3657 2527 id

1963 2559 2152 2612 oneris
2198 2559 2269 2614 ab
2297 2560 2395 2614 illo
2421 2559 2480 2614 in
2510 2561 2778 2615 humeros
2808 2578 2938 2616 suos
2968 2562 3281 2629 transtulit,
3314 2578 3444 2616 cum
3485 2561 3657 2616 ofﬁcii

1963 2647 2147 2717 gratia
2195 2647 2468 2720 (namque
2497 2649 2555 2704 id
2584 2649 2820 2721 Alypius
2861 2667 2965 2721 per
2983 2651 3213 2706 .litteras
3244 2651 3312 2706 ab
3337 2667 3404 2706 eo
3431 2649 3658 2720 ﬂagita-

1965 2738 2168 2806 verat),
2200 2741 2322 2790 tum
2349 2737 2636 2808 praecipue
2667 2743 2730 2792 ut
2757 2739 2904 2793 dona
2921 2739 3193 2794 divinitus
3213 2739 3274 2809 in
3301 2755 3432 2794 eum
3457 2739 3662 2794 collata

1962 2823 2144 2877 fusius
2184 2827 2242 2878 et
2269 2824 2503 2878 uberius
2542 2826 2666 2896 ipso
2709 2825 2912 2896 Alypio
2961 2832 3288 2897 exponeret,
3335 2826 3435 2898 qui
3478 2827 3660 2881 multa

1962 2912 2161 2982 procul
2201 2911 2375 2966 dubio
2405 2917 2462 2967 et
2488 2929 2593 2984 pro
2633 2913 2811 2968 animi
2848 2915 3128 2969 modestia
3173 2914 3441 2978 siluisset,
3488 2917 3544 2968 et
3585 2929 3658 2968 ne

1964 2995 2088 3050 aliis
2114 2997 2218 3051 hoc
2249 3013 2393 3068 opus
2421 2998 2655 3053 fortasse
2682 3000 2933 3067 lecturis,
2965 3017 3068 3055 nec
3113 3018 3227 3072 qua
3270 3004 3462 3054 mente
3500 3000 3568 3063 de
3599 3016 3658 3054 se

1962 3083 2086 3154 ipso
2113 3086 2462 3157 loqueretur,
2495 3086 2884 3155 intellecturis,
2917 3089 3321 3144 oﬂ‘endiculum
3351 3088 3656 3159 praeberet.

1964 3174 2312 3244 Augustinus
2342 3175 2590 3230 scribens
2620 3177 2692 3232 ad
2721 3178 3046 3245 Paulinum,
3079 3177 3137 3232 id
3177 3176 3367 3248 operis
3395 3176 3480 3231 illi
3521 3176 3657 3230 mit-

1963 3264 2083 3315 tere
2109 3264 2347 3333 parabat
2372 3283 2388 3318 :
2420 3265 2517 3319 sed
2544 3265 2596 3319 ei
2624 3281 2728 3336 per
2753 3265 3121 3336 improvisam
3156 3264 3497 3321 Romaniani
3525 3281 3658 3336 pro-

1963 3349 2268 3405 fectionem
2297 3353 2661 3408 solummodo
2685 3354 2847 3408 licuit
2875 3371 3050 3426 quam
3077 3353 3332 3426 primum
3357 3353 3501 3410 illud
3523 3355 3661 3408 Pau-

1966 3438 2081 3492 lino
2113 3440 2456 3496 mittendum
2486 3442 2760 3513 polliceri.
2791 3435 3057 3498 Attamen
3075 3459 3180 3498 nec
3205 3443 3358 3514 apud
3387 3441 3661 3513 Augusti-

1967 3543 2126 3595 num,
2149 3545 2252 3584 nec
2265 3530 2418 3600 apud
2441 3531 2759 3586 Possidium
2778 3531 3023 3600 legimus
3043 3531 3101 3587 id
3120 3532 3286 3587 aliter
3304 3531 3376 3586 ab
3397 3548 3462 3586 eo
3479 3531 3654 3586 fuisse

1963 3617 2304 3687 praestitum,
2345 3635 2520 3690 quam
2547 3619 2617 3673 iis
2643 3637 2772 3692 quas
2813 3619 3108 3695 deAlypio
3138 3619 3200 3674 in
3229 3619 3659 3674 Confessionum

1965 3723 2199 3762 suarum
2228 3708 2386 3762 libris
2414 3713 2844 3765 commemorat.
2877 3709 3150 3764 Fortassis
3191 3710 3332 3765 illud
3361 3709 3424 3764 in
3469 3709 3664 3782 aliqua

1965 3795 2272 3866 posteriori
2297 3795 2560 3867 epistola,
2593 3813 2721 3868 qum
2743 3797 3112 3864 interciderit,
3139 3797 3325 3852 fuerat
3343 3803 3659 3853 exsecutus.

1967 3885 2032 3938 ln
2070 3888 2358 3957 postrema
2383 3885 2637 3955 epistolae
2665 3889 2828 3956 parte
2866 3885 3171 3940 Paulinum
3201 3890 3364 3956 rogat
3391 3886 3663 3956 Augusti-

1967 3987 2092 4037 nus,
2126 3975 2210 4040 ut,
2255 3972 2301 4026 si
2345 3971 2455 4042 ipsi
2496 3973 2568 4029 ab
2598 3973 2988 4028 ecclesiasticis
3023 3973 3354 4028 muneribus
3385 3978 3560 4040 vacet,
3600 3973 3663 4028 in

1965 4060 2212 4115 Africam
2263 4061 2536 4132 trajiciat;
2581 4063 2805 4118 visurus
2834 4063 2953 4135 ipse
2985 4067 3266 4134 quantum
3307 4061 3376 4117 ab
3398 4063 3664 4117 omnibus

1966 4149 2237 4205 fratribus
2268 4148 2384 4204 illic
2423 4151 2538 4205 Deo
2570 4150 2947 4206 servientibus
2976 4156 3034 4205 et
3064 4155 3308 4216 ametur,
3341 4154 3394 4206 et
3423 4151 3660 4206 colatur.

2039 4242 2092 4293 5.
2143 4239 2273 4294 Haec
2323 4239 2580 4310 epistola,
2614 4256 2742 4312 quae
2771 4243 3026 4295 extrema
3055 4239 3244 4294 hieme
3271 4239 3410 4294 anni
3439 4245 3661 4294 trecen-

1967 4327 2159 4382 tesimi
2205 4328 2564 4398 nonagesimi
2615 4328 2806 4400 quinti
2860 4329 3085 4384 videtur
3113 4332 3360 4396 exarata,
3394 4327 3573 4383 serius
3600 4344 3666 4383 ac

1967 4417 2138 4471 vellet
2166 4417 2539 4488 Augustinus,
2571 4417 2682 4472 fuit
2713 4418 2953 4473 Paulino
2981 4418 3202 4474 reddita
3227 4434 3241 4472 :
3271 4418 3374 4473 sed
3402 4418 3524 4472 haec
3544 4418 3668 4489 ipsa

1969 4506 2022 4561 ei
2051 4522 2209 4560 mora
2238 4506 2469 4577 profuit.
2506 4507 2646 4561 Cum
2677 4507 2833 4562 enim
2858 4507 3128 4562 Paulinus
3157 4524 3310 4578 eum,
3340 4523 3511 4578 quem
3534 4512 3666 4562 ante

1968 4595 2218 4649 hiemem
2264 4594 2326 4649 in
2368 4594 2615 4650 Africam
2657 4595 3070 4664 transmiserat,
3117 4595 3179 4650 in
3215 4595 3422 4651 itinere
3451 4595 3670 4651 videret

1969 4682 2268 4747 remorari,
2300 4699 2363 4737 ac
2391 4683 2460 4738 de
2491 4683 2695 4737 litteris
2724 4683 2841 4737 suis
2868 4683 3100 4754 perlatis
3129 4683 3338 4738 dubius
3365 4683 3541 4752 foret;
3574 4685 3668 4739 of-

1971 4771 2165 4827 ﬁcium
2215 4787 2386 4826 suum
2437 4770 2651 4826 diutius
2699 4771 3047 4842 suspendere
3091 4787 3210 4826 non
3237 4771 3446 4842 potuit,
3478 4773 3576 4828 sed
3600 4773 3668 4828 ad

1971 4862 2355 4934 Augustinum
2383 4861 2587 4917 iterato
2612 4862 2856 4934 scripsit,
2891 4866 2957 4918 ut
2985 4879 3148 4918 suam
3177 4879 3313 4934 erga
3336 4879 3469 4919 eum
3495 4865 3669 4920 bene-

1969 4951 2303 5020 volentiam,
2331 4965 2614 5021 suumque
2642 4949 2798 5004 illius
2817 4949 3039 5007 visendi
3065 4951 3318 5007 studium
3347 4957 3666 5009 testaretur.

1973 5041 2090 5096 Non
2126 5038 2296 5092 solum
2342 5037 2627 5092 desideriis
2672 5041 2900 5106 nostris,
2925 5038 3134 5112 inquit,
3164 5057 3423 5110 magnum
3459 5044 3669 5110 confer-

1972 5130 2125 5182 retur
2151 5124 2451 5194 gaudium;
2479 5125 2574 5180 sed
2601 5128 2764 5181 etiam
2793 5128 3059 5183 mentibus
3079 5129 3256 5184 lumen
3283 5133 3671 5198 accresceret,et

1973 5232 2041 5271 ea:
2057 5219 2152 5269 tua
2172 5216 2327 5284 copia
2348 5215 2763 5284 locupletaretur
2778 5218 2966 5287 inopia
2981 5223 3167 5273 nostra
3192 5218 3378 5290 (Apud
3401 5218 3668 5285 August,

1975 5306 2152 5374 Epist.
2195 5305 2284 5370 30,
2314 5319 2369 5359 η.
2402 5303 2478 5375 3.)
2510 5304 2748 5376 Scripsit
2773 5304 2828 5361 ei
2858 5321 2963 5377 per
2990 5307 3312 5362 Romanum
3343 5309 3398 5360 et
3423 5305 3669 5378 Agilem,

1977 5409 2122 5465 quos
2151 5392 2222 5447 ad
2246 5392 2477 5464 aliquod
2505 5393 2796 5449 charitatis
2821 5411 2966 5466 opus
2999 5395 3056 5450 in
3083 5394 3332 5450 Africam
3359 5393 3661 5452 mittebat:

1979 5482 2042 5537 in
2067 5497 2182 5553 qua
2210 5481 2454 5553 epistola
2481 5483 2848 5539 commendat
2887 5501 2983 5540 eos
3025 5481 3364 5553 Augustino,
3394 5487 3671 5556 rogatque

1982 5573 2048 5626 ut
2064 5586 2162 5626 eos
2183 5575 2529 5628 revertentes
2548 5571 2899 5643 (injunxerat
2909 5575 3100 5628 autem
3118 5573 3182 5624 ut
3193 5585 3366 5642 quam
3377 5571 3672 5631 celerrime

3116 5667 3352 5756 (Sept.)
