4060 6348
449 302 550 355 203

448 421 720 493 redirent)
769 421 962 493 aliquo
991 419 1260 492 dignetur
1290 433 1580 489 responso.
1610 415 1840 471 Gavisus
1862 419 1948 470 est
1975 415 2142 468 vehe-

450 517 674 568 menter
711 510 1087 582 Augustinus,
1135 509 1281 562 hanc
1335 522 1556 561 moram
1605 505 1948 574 litterarum,
2007 519 2147 575 quas

450 601 631 675 priori
660 600 911 672 epistolas
943 596 1165 652 Paulini
1188 596 1568 665 rescripserat,
1600 594 1773 663 hujus
1794 592 2147 663 posterioris,

453 706 628 763 quam
659 705 774 743 non
806 687 994 742 minus
1023 686 1282 739 lmtanter
1321 682 1583 753 perlegit,
1633 683 1856 735 lucrum
1889 681 1995 734 sibi
2024 696 2152 734 con-

453 779 673 836 tulisse.
720 779 1039 832 Romanum
1087 777 1144 827 et
1193 772 1415 843 Agilem
1459 771 1629 840 hujus
1660 769 1915 839 epistola:
1944 770 2152 822 latores

455 881 522 920 eo
552 865 922 920 cumulatiore
963 861 1172 934 gaudio
1218 860 1454 931 excepit,
1487 875 1600 930 quo
1633 857 1784 912 illius
1815 857 2031 912 auctori
2069 857 2152 910 vi-

457 955 631 1009 sendo
662 952 879 1007 avidius
909 951 1184 1015 inhiabat,
1219 966 1392 1020 quem
1441 948 1615 1002 etiam
1665 947 1726 1001 in
1765 947 2154 1018 spiritualibus

456 1043 591 1098 ﬁliis
629 1046 972 1114 praesentem
1010 1039 1354 1094 intuebatur.
1389 1039 1521 1092 lllos
1554 1037 1724 1090 aliam
1765 1035 1990 1090 Paulini
2029 1035 2152 1105 epi-

457 1133 660 1186 stolam
691 1133 1006 1200 nuncupat,
1051 1145 1118 1182 eo
1157 1126 1579 1198 jucundiorem,
1614 1125 1770 1195 quod
1812 1141 1926 1177 non
1977 1123 2150 1177 modo

453 1219 779 1290 vulgarium
823 1217 1002 1271 instar
1029 1216 1349 1270 litterarum
1398 1214 1504 1267 ista
1537 1213 1644 1267 sibi
1673 1213 2004 1283 loqueretur
2032 1211 2152 1282 epi-

455 1310 621 1370 stola,
643 1308 736 1362 sed
761 1322 924 1361 voces
946 1305 1117 1360 etiam
1137 1304 1360 1358 audiret
1381 1319 1444 1356 ac
1471 1302 1747 1356 redderet.
1776 1302 1962 1371 Longe
1989 1301 2154 1370 plura

457 1397 528 1452 de
560 1395 796 1451 Paulino
829 1410 894 1447 ex
923 1408 1121 1446 eorum
1144 1407 1241 1445 ore
1273 1389 1492 1455 didicit,
1527 1405 1698 1460 quam
1728 1389 1825 1442 ille
1855 1387 2154 1442 scribendo

457 1485 668 1540 referre
698 1481 1000 1554 potuisset.
1032 1480 1171 1534 Hinc
1196 1477 1550 1548 Augustinus
1583 1477 1642 1531 in
1673 1477 1898 1543 litteris,
1931 1493 2071 1547 quas
2103 1476 2154 1529 ei

454 1573 766 1644 rescripsit,
796 1573 918 1626 haec
939 1569 1135 1640 adjicit
1165 1585 1177 1623 :
1205 1569 1407 1622 Aderat
1427 1569 1610 1632 etiam,
1635 1566 1779 1634 quod
1800 1567 1937 1620 nulli
1956 1567 2156 1620 chartae

456 1664 643 1718 adesse
666 1666 859 1732 potest,
910 1665 1120 1713 tantum
1156 1660 1214 1711 in
1256 1656 1610 1711 narrantibus
1656 1655 1937 1723 gaudium,
1969 1659 2028 1708 ut
2057 1670 2157 1723 per

456 1751 637 1816 ipsum
657 1747 820 1799 etiam
840 1744 1050 1798 vultum
1062 1742 1342 1810 oculosque
1361 1742 1694 1808 loquentium
1715 1754 1806 1794 vos
1827 1741 1886 1792 in
1904 1739 2154 1792 cordibus

455 1850 639 1892 eorum
685 1835 915 1902 scriptos
961 1847 1080 1885 cum
1124 1829 1394 1898 ineffabili
1439 1830 1631 1882 laetitia
1678 1829 1986 1896 legeremus.
2044 1830 2152 1881 Hoc

457 1939 667 1994 quoque
697 1923 933 1992 amplius
970 1925 1106 1987 erat,
1133 1918 1278 1989 quod
1297 1920 1510 1987 pagina
1533 1918 1780 1986 qualibet
1807 1922 2158 1985 quantacum-

458 2029 560 2082 que
591 2013 728 2066 bona
774 2011 979 2079 scripta
1009 2009 1296 2071 contineat,
1327 2006 1468 2059 nihil
1498 2008 1620 2074 ipsa
1638 2007 1874 2074 proﬁcit,
1908 2007 2157 2074 quamvis

455 2103 531 2158 ad
546 2104 850 2172 profectum
879 2099 1176 2167 emplicetur
1205 2097 1435 2149 aliorum
1468 2111 1480 2148 :
1507 2095 1643 2148 hanc
1675 2099 1851 2148 autem
1876 2095 2157 2163 epistolam

455 2195 712 2257 vestram,
741 2188 1049 2254 fraternam
1085 2185 1285 2238 scilicet
1323 2184 1583 2247 animam,
1633 2185 1709 2235 sic
1752 2183 1812 2234 in
1841 2197 2021 2235 eorum
2050 2183 2154 2236 col-

459 2280 639 2347 loquio
680 2277 998 2342 legebamus,
1059 2277 1119 2325 ut
1168 2277 1316 2326 tanto
1363 2271 1570 2324 beatior
1632 2275 1918 2339 appareret
1979 2271 2155 2336 nobis,

459 2370 664 2436 quanto
692 2365 907 2418 uberius
934 2359 1239 2430 conscripta
1267 2363 1399 2412 esset
1428 2375 1495 2411 ea:
1523 2359 1689 2412 vobis.
1709 2361 1897 2427 Itaque
1914 2361 2064 2413 illam
2085 2359 2159 2412 ad

460 2454 701 2524 ejusdem
750 2452 1024 2506 beatitatis
1071 2450 1444 2508 imitationem,
1485 2447 1876 2501 studiosissime
1915 2447 1979 2502 de
2007 2449 2156 2502 vobis

460 2545 645 2598 omnia
682 2539 1107 2612 percunctando,
1156 2540 1216 2592 in
1259 2541 1446 2591 nostra
1493 2537 1658 2591 corda
1716 2539 2158 2607 transcripsimus

463 2632 668 2702 (Epist.
700 2633 788 2696 31,
819 2646 874 2683 n.
905 2630 979 2697 2).

1129 2714 1354 2769 CAPUT
1392 2713 1480 2767 ΧΙ.

463 2813 484 2864 l
524 2809 724 2866 Contra
757 2808 1048 2878 pessimam
1076 2803 1508 2858 consuetudinem
1536 2803 1593 2856 in
1621 2803 1840 2856 ecclesia
1870 2804 2157 2856 convivan-

530 2897 594 2952 di
616 2911 906 2953 sermonem
945 2895 1102 2948 habet
1141 2893 1216 2947 ad
1245 2892 1459 2962 plebem
1487 2894 1900 2960 Hipponensem.
1934 2894 1967 2945 2
1991 2895 2156 2946 Eam-

531 2987 652 3041 dem
681 2983 1114 3041 consuetudinem
1151 2982 1511 3036 vehementius
1541 2985 1820 3049 oppugnat
1848 2981 2016 3034 altero
2049 2980 2153 3035 die.

531 3079 561 3131 3
582 3075 836 3143 Sequenti
855 3073 942 3127 die
957 3073 1174 3141 penitus
1196 3069 1359 3125 tollit.
1382 3071 1416 3123 4
1438 3069 1600 3138 Operi
1622 3069 1687 3122 de
1706 3070 1895 3123 Libero
1910 3069 2158 3124 Arbitrio

529 3178 836 3233 supremam
874 3175 1095 3214 manum
1135 3159 1381 3228 apponit.
1426 3161 1456 3212 5
1515 3158 1788 3214 Nonnulla
1822 3159 1882 3211 in
1911 3173 1966 3211 eo
2005 3173 2160 3226 opere

529 3267 632 3322 pro
652 3266 706 3305 se
731 3253 912 3317 facere
926 3249 1212 3317 jactarunt
1241 3247 1527 3312 Pelagiani
1552 3261 1613 3299 ac
1643 3247 2085 3314 Semipelagiani.

535 3343 584 3395 1.
620 3341 766 3394 Dum
795 3337 856 3391 in
877 3337 1029 3390 hunc
1050 3334 1288 3388 modum
1315 3350 1416 3404 per
1439 3333 1654 3414 litteras
1684 3333 1894 3404 pietate
1923 3335 2156 3389 refertas

450 3427 708 3500 jucunde
729 3425 880 3480 inter
905 3441 963 3478 se
989 3424 1392 3494 colloquuntur
1415 3421 1686 3475 Paulinus
1708 3426 1765 3476 et
1784 3421 2155 3492 Augustinus,

460 3517 593 3573 huic
621 3516 840 3570 interea
863 3511 1167 3584 voluptatis
1197 3512 1492 3566 cumulum
1522 3510 1688 3565 affert
1715 3527 1978 3565 concessa
2015 3512 2154 3566 divi-

459 3607 614 3662 nitus
639 3605 762 3676 ejus
788 3603 932 3658 votis
961 3619 1049 3656 res
1095 3601 1275 3655 multo
1330 3599 1637 3655 laztissima.
1678 3601 1804 3654 Jam
1858 3605 1987 3654 ante
2021 3617 2155 3655 nar-

458 3701 649 3750 ratum
689 3697 772 3748 est
795 3693 1022 3763 (Supra,
1062 3706 1181 3760 cap.
1216 3693 1267 3756 6,
1299 3706 1356 3743 n.
1385 3690 1464 3758 2),
1491 3705 1664 3760 quam
1695 3687 1930 3759 indigne
1961 3691 2158 3745 tulerit

459 3787 686 3838 sanctus
718 3781 1036 3852 Presbyter,
1081 3795 1237 3834 sacra
1281 3780 1404 3832 loca
1445 3778 1762 3848 ignominia
1792 3778 1938 3832 affici
1969 3779 2154 3849 specie

457 3871 773 3944 religionis,
801 3887 932 3926 cum
951 3870 1012 3924 in
1042 3867 1380 3923 czemeteriis
1405 3873 1836 3940 martyrumque
1864 3867 2155 3922 memoriis

455 3959 806 4034 frequentari
851 3963 1108 4015 cerneret
1151 3957 1444 4012 vinolenta
1473 3955 1748 4022 convivia,
1782 3956 1943 4027 queis
1993 3957 2154 4027 plebs

455 4051 722 4123 imperita
749 4066 867 4104 non
896 4053 1120 4103 tantum
1145 4047 1424 4100 honorem
1449 4045 1655 4099 sanctis
1687 4046 2154 4115 martyribus,sed

454 4140 628 4194 etiam
657 4139 774 4194 suis
803 4137 1070 4190 solatium
1102 4133 1341 4188 mortuis
1371 4132 1618 4186 conferri
1648 4133 1903 4202 putabat.
1938 4135 2050 4186 Hac
2083 4134 2152 4188 de

453 4245 516 4282 re
547 4228 613 4281 ad
645 4224 941 4282 Aurelium
963 4223 1314 4293 episcopum,
1338 4221 1529 4275 statim
1553 4225 1720 4289 atque
1751 4221 1915 4274 illum
1937 4221 1997 4274 in
2019 4223 2151 4275 Car-

453 4313 784 4386 thaginensi
813 4313 944 4367 sede
972 4312 1308 4366 collocatum
1339 4308 1576 4375 audivit,
1606 4309 1852 4362 scribere
1886 4327 1999 4363 non
2039 4310 2151 4365 dis-

452 4403 663 4458 tulerat
691 4401 889 4472 (Epist.
943 4401 1052 4469 22),
1115 4398 1419 4469 ipsumque
1479 4397 1717 4457 hortari,
1768 4402 1831 4452 ut
1879 4398 2024 4451 hanc
2081 4400 2150 4453 ab

450 4491 641 4546 Africa
670 4490 978 4545 foeditatem
1009 4487 1344 4543 auctoritate
1374 4485 1832 4552 conciliorum,et
1859 4487 2151 4558 proposito

451 4580 671 4635 caeteris
717 4579 976 4649 exemplo
1036 4575 1293 4632 Ecclesiae
1352 4574 1814 4645 Carthagincnsis
1869 4577 2141 4631 auferret.

449 4672 614 4724 Anno
645 4674 844 4740 postea
883 4665 1280 4721 trecentesimo
1330 4665 1700 4734 nonagesimo
1730 4664 1896 4718 tertio
1937 4665 2149 4735 llippo-

450 4773 628 4812 nense
672 4755 976 4812 concilium
1023 4755 1288 4826 generale
1335 4758 1545 4808 statuto
1593 4769 1811 4807 canone
1851 4755 2048 4822 vetuit,
2079 4771 2148 4808 ne

449 4847 554 4902 ulli
605 4846 862 4918 Episcopi
897 4846 985 4901 vel
1029 4844 1217 4899 clerici
1264 4843 1324 4898 in
1376 4843 1611 4897 ecclesia
1653 4843 2089 4897 convivarentur
2132 4859 2144 4897 :

444 4935 612 5005 jussit
629 4935 844 5006 pariter
871 4939 935 4989 ut
961 4933 1160 5005 populi
1189 4933 1258 4987 ab
1288 4932 1616 5004 hujusmodi
1647 4931 1941 5001 conviviis,
1972 4931 2149 5002 quan-

448 5028 574 5078 tum
621 5023 747 5078 ﬁeri
800 5027 1009 5095 posset,
1081 5021 1522 5092 prohiberentur
1594 5022 1802 5079 (Codice
1871 5023 2146 5078 Canonum

446 5113 660 5181 Afric.,
706 5127 826 5166 can.
869 5111 978 5180 42.)
1017 5113 1106 5164 An
1153 5115 1346 5164 autem
1388 5109 1732 5180 Carthagine
1758 5110 2143 5180 corruptelam

445 5201 592 5257 hanc
613 5205 730 5256 tam
773 5199 884 5254 cito
918 5199 1222 5254 emendare
1252 5198 1482 5252 Aurelio
1516 5197 1760 5267 licuerit,
1800 5199 1954 5252 haud
1981 5199 2144 5254 nobis

445 5295 651 5345 notum
675 5292 797 5344 est:
831 5290 982 5342 certe
1010 5284 1361 5356 Augustinus
1385 5301 1553 5350 anno,
1587 5284 1656 5337 de
1680 5301 1792 5355 quo
1821 5301 2140 5350 narramus,

421 5433 424 5436 .
443 5377 845 5434 trecentesimo
858 5373 1232 5446 nonagesimo
1246 5372 1445 5444 quinto
1457 5372 1864 5428 feliciterillam
1884 5374 2142 5445 Hippone

446 5468 710 5525 abolevit.
726 5468 788 5523 Id
805 5483 873 5522 ex
894 5465 1138 5538 epistola
1154 5462 1455 5518 didicimus
1467 5462 1674 5518 anobis
1687 5479 1874 5534 nuper
1893 5469 2138 5535 reperta,

447 5572 626 5628 quam
653 5561 883 5615 sanctus
927 5555 1022 5612 Vir
1067 5553 1252 5610 adhuc
1289 5551 1586 5625 presbyter
1614 5552 1685 5608 ad
1713 5552 1982 5624 Alypium
2019 5554 2140 5625 jam

1653 292 1824 348 VlTA
1864 292 1916 345 S.
1969 289 2366 347 AUGUSTINI
2422 286 2760 344 EPlSCOPl.

3868 282 3974 334 204

2254 413 2581 484 episcopum
2613 409 2836 480 scripsit
2877 409 3070 477 (Epist.
3122 409 3211 474 29,
3251 407 3334 477 2).
3385 405 3606 476 Nempe
3655 405 3784 458 erat
3821 401 3978 472 apud

2256 503 2576 572 Hipponem
2617 499 2708 552 die
2753 497 2931 551 sancti
2977 496 3219 566 alicujus
3268 494 3560 549 memoriae
3614 507 3783 546 sacro
3828 491 3975 544 sole-

2257 591 2668 660 mnitas,quam
2687 588 2836 641 cives
2860 585 3139 640 Laetitiam
3161 583 3560 652 nominabant,
3576 582 3687 636 hoc
3711 579 3982 634 videlicet

2259 679 2450 733 minus
2469 678 2735 731 indecoro
2758 675 3030 729 vocabulo
3051 674 3376 728 vinolentia
3397 671 3829 742 turpitudinem
3849 683 3980 722 con-

2258 771 2532 837 tegentes.
2552 767 2744 836 Neque
2762 780 2932 834 porro
2950 762 3253 817 Donatistis
3275 759 3748 832 Hipponen‘sibus
3765 757 3981 822 minor,

2261 871 2433 927 quam
2457 854 2778 920 Catholicis,
2813 869 2880 907 eo
2902 852 2993 906 die
3015 851 3315 906 celebritas
3340 853 3482 916 erat,
3509 864 3700 919 neque
3741 847 3981 901 illorum

2260 943 2608 1000 moderatior
2658 941 3119 1012 intemperantia.
3173 945 3497 1011 Antequam
3537 936 3826 992 solemnis
3856 935 3983 988 dies

2260 1033 2613 1098 recurrisset,
2661 1047 2791 1085 cum
2820 1029 3147 1084 nuntiatum
3187 1032 3334 1082 esset
3363 1026 3704 1098 Augustino,
3760 1023 3987 1078 tumul-

2262 1119 2413 1175 tuari
2439 1119 2722 1182 homines,
2758 1121 2814 1172 et
2841 1117 3049 1183 dicere,
3078 1133 3136 1170 se
3162 1115 3311 1171 ferre
3329 1131 3444 1169 non
3473 1131 3639 1187 posse
3671 1117 3738 1168 ut
3769 1113 3871 1166 illa
3890 1129 3984 1164 so-

2267 1208 2534 1262 lemnitas
2563 1207 2998 1278 prohiberetur;
3051 1209 3374 1276 opportune
3417 1203 3619 1258 accidit
3664 1207 3733 1257 ut
3765 1207 3983 1273 quarta

2261 1298 2404 1352 feria
2441 1301 2573 1351 ante
2613 1295 2764 1350 diem
2800 1294 3261 1365 Quadragesimaa
3314 1293 3626 1364 capitulum
3677 1291 3982 1361 Evangelii

2263 1403 2330 1442 ex
2361 1385 2558 1440 ordine
2585 1401 2685 1439 seu
2715 1389 3130 1455 consequenter
3159 1382 3522 1438 tractandum
3553 1397 3676 1435 sese
3709 1379 3858 1433 illud
3891 1379 3979 1433 of-

2263 1475 2437 1530 ferret
2489 1490 2502 1528 :
2537 1475 2713 1530 Nolite
2765 1473 2897 1526 dare
2947 1477 3193 1526 sanctum
3238 1471 3462 1526 canibus
3503 1469 3722 1540 (Matth.
3758 1485 3860 1535 vn,
3894 1469 3979 1536 6).

2266 1566 2343 1619 Eo
2375 1563 2445 1617 ad
2475 1561 2831 1633 propositum
2862 1561 3114 1616 adhibito
3147 1559 3352 1625 elfecit,
3397 1563 3456 1612 ut
3501 1558 3763 1612 viderent
3795 1572 3981 1626 quam

2265 1655 2412 1706 esset
2440 1650 2743 1715 nefarium,
2780 1649 2933 1704 intra
2970 1649 3222 1704 ecclesiae
3253 1647 3496 1719 parietes
3525 1646 3582 1701 id
3611 1644 3981 1717 agere,quod

2262 1741 2323 1795 in
2353 1739 2469 1793 suis
2507 1739 2772 1793 domibus
2803 1737 2850 1791 si
2895 1753 3064 1808 agere
3111 1739 3558 1808 perseverarent.
3605 1751 3638 1788 a
3689 1739 3890 1787 sancto
3925 1737 3984 1786 et

2265 1827 2589 1900 margaritis
2616 1826 3004 1881 ecclesiasticis
3033 1842 3128 1880 eos
3147 1825 3327 1880 arceri
3357 1827 3668 1895 oporteret.
3700 1823 3820 1878 Sed
3849 1821 3977 1876 haec

2267 1915 2527 1989 quamvis
2556 1921 2716 1986 grate
2748 1919 2976 1985 accepta
3015 1918 3222 1981 essent,
3255 1919 3446 1967 tamen
3473 1912 3608 1984 quia
3637 1911 3711 1965 ad
3737 1900 4012 1964 concio?

2267 2022 2398 2060 nem
2429 2006 2596 2076 pauci
2625 2007 3027 2070 convenerant,
3077 2019 3192 2057 non
3234 2006 3356 2057 erat
3400 2001 3752 2056 satisfactum
3807 2003 3980 2053 tanto

2266 2095 2544 2166 negotio:
2587 2098 2972 2166 praeterquam
3022 2093 3176 2164 quod
3221 2091 3326 2146 iste
3369 2107 3579 2159 sermo,
3621 2105 3755 2144 cum
3786 2089 3863 2143 ab
3894 2089 3982 2142 eis

2267 2184 2368 2255 qui
2395 2183 2696 2238 adfuerant
2739 2198 2845 2253 pro
2893 2182 3168 2252 cujusque
3206 2177 3472 2235 facultate
3513 2183 3570 2233 et
3607 2178 3802 2233 studio
3835 2178 3980 2233 foris

2266 2272 2658 2338 ventilaretur,
2692 2270 3136 2325 contradictores
3163 2270 3372 2323 multos
3401 2267 3620 2322 habuit.

2337 2365 2391 2415 2.
2427 2363 2624 2432 Itaque
2646 2365 3020 2430 posteaquam
3041 2358 3160 2413 dies
3183 2356 3643 2428 Quadragesimae
3665 2354 3975 2420 illuxisset,

2268 2466 2382 2521 quo
2412 2449 2767 2518 frequentior
2805 2448 3109 2502 multitudo
3149 2447 3219 2501 ad
3256 2447 3457 2502 horam
3493 2444 3859 2500 tractationis
3888 2461 3978 2498 oc-

2267 2539 2461 2604 currit,
2495 2539 2707 2593 lectum
2737 2543 2821 2592 est
2849 2537 2998 2591 istud
3026 2536 3086 2590 in
3118 2535 3444 2606 Evangelio,
3469 2535 3568 2589 ubi
3594 2533 3876 2588 Dominus
3905 2534 3973 2588 de

2267 2627 2481 2698 templo
2526 2626 2746 2696 expulit
2789 2625 3114 2680 venditores
3151 2624 3510 2690 animalium,
3551 2628 3607 2679 et
3634 2625 3972 2678 nummula-

2269 2715 2491 2771 riorum
2529 2731 2756 2770 mensas
2791 2714 2992 2770 evertit
3020 2715 3122 2784 (ια.
3168 2729 3280 2782 XXI,
3317 2712 3421 2784 l2).
3452 2713 3615 2778 Quod
3646 2713 3970 2784 capitulum

2266 2803 2389 2876 ipse
2433 2821 2664 2876 quoque
2697 2803 3049 2875 Augustinus
3093 2802 3385 2874 proposita
3427 2801 3755 2856 vinolentia;
3813 2817 3976 2873 qua:-

2267 2894 2452 2949 stione
2483 2891 3150 2964 recitavit,adjunxitque
3173 2891 3766 2964 disputationem,qua
3788 2894 3975 2944 osten-

2269 2984 2446 3049 deret,
2479 2988 2694 3055 quanto
2736 2981 3076 3036 commotius
3134 2986 3192 3037 et
3231 2980 3625 3036 vehementius
3655 2979 3972 3035 Dominum

2268 3077 2525 3127 nostrum
2554 3073 2571 3108 ί
2604 3071 2829 3126 ebriosa
2855 3071 3132 3138 convivia,
3165 3086 3296 3143 quae
3325 3070 3536 3142 ubique
3583 3074 3719 3125 sunt
3753 3069 3968 3140 turpia,

2269 3160 2337 3214 de
2366 3161 2582 3231 templo
2614 3160 2940 3231 expelleret,
2984 3160 3136 3215 unde
3166 3160 3246 3215 sic
3276 3160 3495 3232 expulit
3523 3174 3793 3214 concessa
3821 3173 3973 3212 com-

2266 3248 2497 3303 mercia.
2542 3250 2694 3302 Tum
2746 3265 2813 3302 ex
2861 3248 3196 3320 praeparatis
3226 3248 3334 3302 sibi
3371 3247 3711 3303 lectionibus
3734 3245 3971 3317 adjecit,

2267 3337 2457 3408 ipsum
2509 3337 2694 3392 adhuc
2737 3338 3024 3392 carnalem
3069 3337 3352 3410 populum
3387 3337 3742 3403 Judaaorum,
3778 3335 3843 3390 in
3870 3335 3971 3388 illo

2265 3426 2504 3497 templo,
2537 3426 2633 3480 ubi
2658 3427 2912 3482 nondum
2941 3443 3148 3498 corpus
3177 3431 3232 3481 et
3260 3426 3492 3498 sanguis
3514 3424 3742 3480 Domini
3771 3423 3974 3478 olfere-

2265 3514 2453 3576 batur,
2506 3531 2622 3568 non
2667 3515 2854 3569 solum
2897 3513 3207 3581 vinolenta,
3239 3513 3340 3568 sed
3371 3530 3476 3568 nec
3505 3512 3694 3568 sobria
3732 3512 3972 3584 quidem

2266 3619 2524 3674 unquam
2553 3603 2868 3658 celebrasse
2889 3603 3164 3673 convivia,
3183 3619 3288 3659 nec
3304 3619 3400 3658 eos
3424 3602 3649 3674 publice
3669 3602 3975 3674 religionis

2266 3692 2497 3747 nomine
2529 3692 2838 3748 inebriatos
2866 3693 3112 3748 inveniri
3141 3693 3203 3747 in
3233 3693 3488 3760 historia,
3523 3691 3635 3747 nisi
3662 3707 3797 3746 cum
3825 3691 3975 3746 festa

2262 3781 2650 3836 fabricationis
2699 3780 2839 3836 idoli
2891 3783 3249 3836 exsolverent
3304 3781 3503 3851 (Exod.
3559 3796 3693 3844 χχιι,
3751 3783 3828 3850 6).
3889 3781 3974 3834 lbi

2265 3873 2456 3923 autem
2498 3869 2687 3924 codice
2730 3875 2979 3940 accepto,
3035 3871 3224 3925 locum
3255 3870 3418 3924 illum
3449 3873 3633 3926 totum
3663 3869 3923 3924 recitavit
3957 3886 3970 3924 :

2265 3957 2594 4028 addiditque
2641 3974 2770 4011 cum
2800 3958 3020 4024 dolore,
3054 3975 3168 4030 quo
3196 3959 3402 4030 potuit,
3435 3957 3722 4029 siquidem
3752 3959 3973 4029 Moyses

2265 4051 2495 4118 propter
2515 4047 2642 4100 illos
2668 4046 2856 4101 ebrios
2878 4047 3308 4119 binaslapideas
3321 4047 3542 4102 tabulas
3560 4046 3968 4116 confregisset;

2263 4135 2555 4205 quomodo
2587 4151 2705 4188 non
2740 4151 3040 4206 possemus
3083 4135 3311 4190 illorum
3360 4136 3532 4190 corda
3578 4133 3968 4206 confringere,

2263 4223 2363 4294 qui
2391 4223 2652 4277 homines
2683 4223 2815 4278 novi
2843 4224 3195 4278 Testamenti
3227 4229 3552 4279 sanctorum
3591 4223 3794 4278 diebus
3824 4226 3972 4279 cele-

2262 4312 2494 4366 brandis
2522 4329 2588 4365 ea
2638 4313 2848 4366 vellent
2873 4313 3206 4367 solemniter
3234 4313 3520 4381 exhibere,
3554 4329 3681 4385 quae
3714 4316 3969 4385 populus

2261 4399 2466 4453 veteris
2493 4400 2839 4454 Testamenti
2866 4405 2921 4454 et
2959 4403 3133 4456 semel
3163 4407 3221 4456 et
3249 4402 3404 4457 idolo
3431 4401 3773 4456 celebravit?
3805 4403 3966 4457 Tunc

2259 4488 2482 4542 reddito
2515 4488 2706 4544 codice
2748 4490 2966 4544 crimen
2993 4490 3281 4545 ebrietatis
3311 4506 3682 4562 exaggerans,
3715 4492 3967 4562 sumpsit

2259 4578 2616 4647 Apostolum,
2651 4581 2706 4631 et
2763 4579 2915 4633 inter
2961 4596 3089 4651 qua:
3121 4585 3355 4650 peccata
3402 4579 3462 4635 id
3490 4579 3745 4650 positum
3789 4585 3959 4646 esset,

2260 4666 2529 4732 ostendit,
2557 4667 2752 4736 legens
2777 4668 2930 4722 hunc
2961 4669 3180 4722 locum:
3210 4670 3271 4724 Si
3301 4670 3424 4738 quis
3441 4670 3620 4736 frater
3648 4671 3966 4723 nominatur

2257 4759 2355 4808 aut
2373 4757 2696 4822 fornicator,
2738 4761 2834 4810 aut
2866 4756 3026 4811 idolis
3056 4759 3314 4826 serviens,
3346 4762 3444 4812 aut
3480 4772 3702 4825 avarus,
3731 4762 3830 4812 aut
3852 4775 3965 4813 ma-

2257 4843 2477 4913 ledicus,
2511 4849 2608 4899 aut
2643 4845 2904 4912 ebriosus,
2948 4850 3046 4900 aut
3073 4862 3275 4915 rapam,
3311 4861 3430 4900 cum
3462 4846 3732 4916 ejusmodi
3757 4863 3854 4902 nec
3884 4849 3960 4902 ci-

2257 4933 2381 4986 bum
2409 4949 2615 4988 sumere
2645 4934 2690 5004 (I
2721 4936 2842 4990 Cor.
2877 4951 2928 4997 v,
2966 4935 3051 5006 ll)
3086 4951 3099 4989 :
3134 4935 3566 5006 ingemiscendo
3615 4935 3956 5002 admonens,

2255 5037 2385 5074 cum
2415 5026 2629 5096 quanto
2659 5021 2912 5091 periculo
2935 5021 3368 5076 convivaremur
3387 5038 3518 5076 cum
3549 5022 3631 5076 eis
3661 5023 3763 5094 qui
3791 5024 3880 5078 vel
3903 5024 3962 5078 in

2255 5109 2584 5165 dominibus
2620 5109 3006 5166 inebriantur.
3071 5112 3232 5182 Legit
3258 5111 3432 5166 etiam
3471 5111 3615 5167 illud
3652 5113 3813 5184 quod
3845 5130 3963 5169 non

2253 5199 2424 5269 longo
2447 5199 2742 5254 intervallo
2771 5201 3065 5271 sequitur:
3087 5203 3265 5258 Nolite
3292 5217 3494 5267 errare,
3518 5216 3685 5270 neque
3708 5204 3961 5269 fornica-

2253 5293 2412 5354 tores,
2437 5303 2607 5356 neque
2635 5289 2796 5343 idolis
2825 5292 3132 5356 servientes,
3165 5293 3273 5344 etc.
3295 5289 3512 5354 Quibus
3531 5289 3692 5344 lectis
3711 5293 3957 5360 monuit,

2251 5379 2310 5430 ut
2340 5376 2766 5433 considerarent
2801 5378 3086 5450 quomodo
3114 5382 3347 5450 possent
3373 5378 3592 5446 audire,
3624 5379 3732 5436 Sed
3785 5381 3962 5436 abluti

2313 5484 2328 5517 ι
2361 5481 2446 5532 Sic
2466 5482 2663 5534 habent
2683 5484 2840 5535 variae
2873 5498 3004 5550 quas
3045 5485 3412 5536 consuluimus
3433 5486 3716 5548 editiones,
3747 5501 3848 5539 nec
3876 5489 3954 5541 lu-

2249 5561 2383 5620 cide,
2411 5563 2624 5616 Rectius
2653 5564 2932 5630 legeretur,
2965 5566 3228 5619 Dominus
3261 5569 3448 5620 noster.
3621 5569 3690 5619 .M
