4060 6376
180 352 287 406 205

174 473 305 527 estis
361 469 544 542 (Ibid,
622 486 699 539 γι,
776 471 950 540 9-ll),
1021 468 1120 541 qui
1177 468 1359 525 adhuc
1413 467 1553 524 tales
1607 468 1876 539 concupi-

174 560 404 615 scentis:
425 560 638 626 sordes,
653 563 852 613 contra
868 575 1008 630 quas
1028 558 1312 613 clauditur
1325 573 1565 629 regnum
1579 558 1848 612 caelorum
1859 599 1873 626 ,

173 649 234 704 in
273 649 439 703 corde
480 664 606 714 suo,
655 647 924 701 interiore
971 646 1071 700 Dei
1115 646 1350 717 templo,
1396 663 1516 702 esse
1559 646 1872 718 patiuntur.

173 737 312 792 Inde
353 741 584 791 ventum
613 736 686 790 ad
723 735 865 790 illud
907 735 1240 806 capitulum,
1272 737 1714 793 Convenientibus
1752 749 1876 803 ergo

171 825 324 878 vobis
371 827 430 878 in
475 839 660 889 unum,
710 827 817 878 etc.
869 823 973 893 (Id.
1021 839 1097 889 xx,
1142 821 1250 889 20),
1301 838 1413 894 quo
1456 821 1691 876 recitato
1746 821 1875 876 dili-

171 912 402 983 gentius
448 910 869 966 commendavit
905 927 977 965 ne
1020 911 1256 965 honesta
1301 910 1534 982 quidem
1581 915 1637 965 et
1687 909 1878 964 sobria

169 1001 428 1055 convivia
464 1001 632 1054 licere
671 1000 732 1054 in
773 999 1008 1054 ecclesia
1051 998 1344 1055 celebrari.
1395 997 1877 1054 Commemoravit

171 1089 346 1144 etiam
393 1088 682 1159 Evangelii
722 1089 1056 1160 capitulum,
1110 1089 1260 1160 quod
1291 1087 1474 1159 pridie
1518 1091 1873 1154 tractaverat,

171 1179 270 1234 ubi
297 1179 370 1233 de
390 1178 912 1249 pseudoprophetis
936 1177 1149 1232 dictum
1171 1181 1274 1244 est,
1304 1180 1388 1232 Ea:
1407 1177 1677 1244 fructibus
1697 1191 1875 1232 eorum

171 1269 494 1335 cognoscetis
529 1281 614 1322 eos
651 1267 876 1336 (Matth.
914 1283 1012 1336 vn,
1048 1265 1155 1336 16).
1202 1264 1415 1320 Deinde
1444 1265 1503 1319 in
1538 1265 1875 1319 memoriam

171 1355 455 1411 revocavit
483 1356 698 1410 fructus
727 1371 794 1409 eo
827 1355 948 1409 loco
979 1370 1098 1409 non
1128 1353 1403 1425 appellari
1434 1352 1545 1407 nisi
1574 1367 1746 1425 Opera
1775 1369 1790 1407 :
1822 1357 1878 1408 et

172 1445 406 1501 recitato
437 1444 536 1500 illo
569 1443 817 1516 capitulo
846 1445 916 1498 ad
945 1444 1185 1510 Galatas,
1217 1444 1516 1510 Manifesta
1544 1447 1720 1497 autem
1750 1445 1877 1497 sunt

171 1550 334 1606 opera
355 1537 558 1600 comis,
593 1536 698 1587 etc.
735 1533 937 1599 (Galat.
969 1549 1023 1598 ν,
1052 1533 1156 1600 19),
1184 1530 1557 1601 interrogavit
1585 1531 1872 1602 quomodo

173 1624 242 1679 de
303 1623 495 1677 fructu
548 1620 836 1676 ebrietatis
888 1620 1038 1674 inter
1093 1619 1278 1674 carnis
1335 1634 1509 1690 opera
1564 1618 1874 1674 nominatae

172 1713 617 1784 agnoscerentur
638 1708 955 1765 Christiani.
975 1707 1211 1780 Egitque
1235 1713 1296 1763 ut
1307 1709 1685 1779 adverterent,
1700 1726 1870 1781 quam

173 1805 320 1855 esset
348 1799 682 1871 pudendum
709 1803 880 1870 atque
909 1797 1323 1869 plangendum,
1345 1798 1496 1870 quod
1526 1798 1594 1853 de
1623 1798 1735 1853 illis
1760 1798 1874 1853 fru-

173 1890 356 1945 ctibus
385 1888 570 1943 carnis
591 1904 702 1942 non
724 1888 909 1941 solum
931 1886 1198 1958 privatim
1227 1886 1434 1950 vivere,
1457 1887 1554 1942 sed
1580 1887 1750 1942 etiam
1777 1888 1874 1942 ho-

175 1995 370 2034 norem
423 1977 682 2032 Ecclesias
727 1975 945 2031 deferre
992 1979 1309 2048 cuperent:
1363 1976 1433 2031 de
1482 1975 1873 2048 spiritualibus

175 2074 367 2124 autem
396 2065 696 2132 fructibus,
727 2065 797 2120 ad
826 2081 970 2137 quos
1002 2069 1058 2119 et
1087 2064 1508 2136 Scripturarum
1536 2064 1872 2119 auctoritate

175 2161 231 2213 et
267 2155 448 2228 ipsius
487 2153 795 2225 gemitibus
831 2153 1229 2220 invitarentur,
1261 2154 1482 2209 nollent
1521 2152 1719 2207 afferre
1760 2153 1873 2207 Deo

175 2262 436 2314 munera,
458 2248 514 2298 et
540 2245 628 2298 his
653 2242 1018 2314 potissimum
1037 2242 1324 2297 celebrare
1355 2243 1498 2296 festa
1526 2246 1869 2297 sanctorum.

177 2335 270 2389 His
316 2331 559 2406 peractis
601 2331 854 2386 codicem
899 2330 1162 2394 reddidit,
1207 2335 1263 2386 et
1297 2330 1576 2402 imperata
1617 2330 1874 2386 oratione

175 2428 304 2478 ante
361 2422 557 2477 oculos
616 2420 910 2475 constituit
965 2435 1270 2474 commune
1336 2419 1678 2490 periculum,
1744 2436 1874 2474 cum

176 2500 374 2567 eorum
399 2511 524 2582 jqui
565 2510 688 2582 ejus
735 2525 884 2564 curae
938 2508 1229 2562 commissi
1284 2513 1491 2576 essent,
1537 2513 1661 2563 tum
1707 2525 1874 2563 suum

175 2601 369 2672 ipsius,
408 2599 508 2672 qui
533 2599 602 2654 de
621 2598 734 2653 illis
766 2597 1044 2652 rationem
1071 2597 1393 2652 redditurus
1412 2601 1557 2652 esset
1586 2601 1876 2669 pastorum

177 2686 428 2758 Principi
453 2703 467 2741 :
487 2703 592 2758 per
611 2687 772 2757 cujus
787 2685 1194 2754 humilitatem,
1210 2685 1464 2758 insignes
1481 2685 1875 2755 contumelias,

177 2776 389 2848 alapas,
425 2781 482 2830 et
509 2781 678 2848 sputa
706 2775 766 2830 in
795 2774 1019 2842 faciem,
1054 2779 1110 2830 et
1136 2775 1377 2846 palmas,
1409 2778 1467 2829 et
1493 2774 1752 2845 spineam
1781 2789 1874 2828 co-

179 2882 403 2933 ronam,
435 2869 492 2920 et
533 2881 760 2920 crucem
800 2881 864 2919 ac
901 2864 1241 2936 sanguinem
1269 2864 1614 2936 Iobsecravit,
1645 2866 1710 2917 ut
1743 2861 1791 2916 si
1818 2878 1876 2915 se

179 2953 284 3028 ipsi
302 2953 695 3024 offendissent,
717 2954 804 3008 vel
823 2953 1002 3025 ipsius
1024 2953 1460 3019 misererentur;
1487 2955 1545 3006 et
1563 2950 1879 3022 cogitarent

179 3043 514 3100 venerabilis
543 3043 693 3098 senis
723 3042 933 3097 Valerii
972 3042 1120 3097 circa
1147 3042 1337 3112 ipsum
1367 3039 1715 3095 ineffabilem
1745 3039 1879 3094 cha-

181 3133 433 3203 ritatem,
461 3131 562 3206 qui
591 3131 644 3187 ei
681 3130 969 3186 tractandi
1000 3131 1174 3185 verba
1211 3128 1464 3185 veritatis
1495 3133 1614 3183 tam
1648 3127 1877 3199 pericu-

181 3223 357 3277 losum
392 3238 539 3277 onus
580 3225 816 3295 propter
853 3236 951 3275 eos
988 3217 1347 3291 imposuerit,
1378 3218 1573 3290 eisque
1611 3233 1762 3288 saepe
1791 3217 1876 3272 di-

180 3311 341 3379 xerit,
372 3328 505 3367 suas
529 3310 823 3368 orationes
848 3308 1138 3365 exauditae
1168 3324 1288 3364 esse
1315 3308 1384 3363 de
1409 3307 1588 3379 ipsius
1609 3307 1874 3374 adventu,

182 3416 349 3472 quem
380 3416 502 3455 non
530 3399 732 3471 utique
761 3398 828 3455 ad
861 3413 1226 3453 communem
1253 3399 1519 3464 mortem,
1544 3396 1632 3451 vel
1662 3399 1878 3466 specta-

181 3491 371 3546 culum
405 3489 608 3546 mortis
637 3505 856 3558 eorum,
888 3488 987 3544 sed
1023 3487 1097 3543 ad
1134 3502 1496 3543 communem
1524 3489 1789 3542 conatum
1819 3485 1879 3540 in

180 3579 351 3635 vitam
398 3583 673 3634 aeternam
713 3578 784 3634 ad
829 3593 889 3634 se
926 3577 1146 3636 venisse
1187 3577 1410 3632 laetatus
1449 3579 1549 3631 est.
1585 3577 1878 3630 Postremo

182 3668 346 3724 etiam
377 3668 544 3736 dixit,
576 3671 794 3723 certum
825 3683 884 3722 se
927 3683 1048 3722 esse
1078 3669 1136 3721 et
1173 3665 1350 3721 ﬁdere
1379 3665 1442 3719 in
1472 3666 1672 3730 Deum,
1705 3663 1878 3735 quod,

184 3757 228 3811 si
254 3759 377 3813 hazc
406 3762 568 3812 tanta
596 3773 725 3829 qum
759 3755 868 3811 sibi
897 3757 1086 3811 essent
1113 3755 1255 3810 lecta
1287 3757 1344 3809 et
1371 3753 1521 3808 dicta
1549 3755 1880 3808 contemne-

184 3852 326 3915 rent,
355 3846 690 3902 visitaturus
720 3848 867 3901 esset
895 3844 956 3900 in
995 3844 1157 3914 virga
1195 3846 1252 3898 et
1274 3841 1335 3896 in
1364 3841 1613 3913 ﬂagello,
1645 3857 1748 3894 nec
1787 3855 1881 3894 eos

183 3935 563 4006 permissurus
585 3950 717 3989 cum
736 3933 844 3989 hoc
862 3931 1078 3987 mundo
1099 3930 1380 3987 damnari.
1413 3931 1528 3986 Non
1547 3944 1640 3996 ego
1669 3929 1881 3983 illorum

190 4024 478 4094 lacrymas,
533 4022 612 4077 ait
665 4021 1034 4092 Augustinus,
1074 4021 1205 4074 meis
1256 4020 1507 4088 lacrumis
1561 4019 1731 4082 movi;
1789 4015 1883 4070 sed

188 4127 301 4168 cum
347 4114 491 4167 talia
541 4111 866 4174 dicerentur,
922 4109 1102 4176 fateor
1155 4122 1337 4162 eorum
1385 4109 1510 4176 ﬂetu
1558 4108 1880 4175 preventus,

185 4216 351 4256 meum
381 4200 654 4256 abstinere
685 4214 791 4252 non
830 4199 1010 4268 potui.
1055 4199 1126 4251 Et
1153 4211 1272 4250 cum
1301 4195 1424 4264 jam
1455 4196 1668 4266 pariter
1704 4195 1881 4262 ﬂevis-

186 4303 374 4358 semus,
395 4289 718 4360 plenissima
736 4302 829 4357 spe
848 4286 1188 4341 correctionis
1211 4284 1446 4352 illorum,
1477 4285 1602 4353 finis
1627 4283 1883 4338 sermonis

186 4380 286 4433 mei
311 4381 496 4448 factus
524 4381 602 4432 est
630 4376 832 4448 (Epist.
865 4377 954 4443 29,
986 4389 1042 4428 η.
1065 4372 1148 4444 7).

254 4469 304 4522 3.
347 4464 628 4521 Postridie
666 4479 798 4519 vero
837 4478 966 4517 cum
1004 4460 1280 4517 illuxisset
1322 4459 1462 4530 dies,
1505 4459 1595 4514 cui
1626 4458 1887 4515 solebant

189 4553 371 4610 fauces
413 4558 754 4625 ventresque
809 4567 869 4608 se
919 4567 1143 4624 parare,
1185 4548 1514 4605 nuntiatum
1563 4552 1649 4604 est
1695 4551 1886 4602 sancto

189 4643 544 4715 Presbytero,
595 4640 939 4707 nonnullos,
992 4653 1194 4693 eorum
1249 4637 1423 4691 etiam
1481 4635 1582 4708 qui
1636 4635 1886 4690 sermoni

191 4729 441 4801 aderant,
463 4729 722 4785 nondum
754 4744 788 4782 a
825 4725 1282 4782 murmuratione
1322 4741 1591 4794 cessasse,
1634 4727 1885 4778 tantum-

191 4834 297 4890 que
325 4819 385 4874 in
415 4818 497 4874 eis
526 4819 713 4874 valere
740 4816 856 4872 vim
892 4815 1157 4888 pessimae
1186 4812 1635 4881 consuetudinis,
1670 4817 1736 4867 ut
1763 4813 1888 4882 ejus

192 4911 410 4963 tantum
455 4923 588 4963 voce
651 4909 948 4961 uterentur
1008 4907 1065 4960 et
1106 4903 1405 4959 dicerent:
1455 4902 1640 4966 Quare
1681 4901 1888 4955 modo?

193 5009 302 5052 non
329 4997 488 5052 enim
517 4999 682 5051 antea
711 4994 806 5067 qui
838 4994 960 5049 haec
989 5009 1104 5048 non
1135 4990 1572 5063 prohibuerunt,
1597 4989 1890 5044 christiani

194 5099 306 5140 non
333 5085 535 5141 erant?
563 5085 686 5150 Quo
715 5084 930 5152 audito,
961 5099 1102 5156 quas
1131 5081 1376 5152 majores
1413 5079 1486 5134 ad
1515 5094 1612 5133 eos
1641 5094 1891 5132 commo-

195 5175 399 5231 vendos
428 5175 718 5230 machinas
755 5176 1124 5246 prepararet,
1154 5170 1390 5226 omnino
1422 5168 1737 5236 nesciebat;
1769 5167 1889 5222 dis-

196 5264 440 5334 ponebat
463 5268 678 5329 tamen,
709 5262 757 5317 si
790 5260 1270 5334 perseverandum
1299 5260 1584 5330 putarent,
1619 5257 1763 5312 lecto
1793 5255 1890 5310 illo

199 5351 316 5408 loco
357 5353 426 5409 de
477 5351 788 5423 Ezechiele,
841 5351 1173 5420 Explorator
1230 5349 1545 5416 absolvitur,
1585 5349 1637 5402 si
1676 5347 1892 5416 pericu-

201 5439 304 5495 lum
364 5441 784 5507 denuntiaverit,
835 5441 1058 5494 etiamsi
1113 5439 1220 5506 illi,
1267 5437 1461 5507 quibus
1518 5436 1892 5503 denuntiatur,

200 5541 376 5584 cave-re
422 5530 692 5586 noluerint
755 5527 966 5598 (Ezech.
1023 5541 1218 5595 xxxm,
1275 5527 1349 5591 9),
1404 5523 1740 5579 vestimenta
1793 5537 1896 5576 sua

201 5623 452 5675 excutere
496 5621 669 5691 atque
718 5615 1026 5675 discedere.
1077 5615 1288 5673 Verum
1330 5613 1446 5672 Deo
1488 5611 1634 5670 votis
1673 5611 1796 5683 ejus
1839 5613 1896 5667 et

1649 343 1862 402 LIBER
1898 343 2224 402 TERTIUS.

3583 347 3685 405 206

1983 466 2281 522 conatibus
2313 467 2554 529 favente,
2589 465 2690 539 qui
2727 465 2796 522 de
2825 465 3251 537 oppugnatione
3281 471 3518 525 vetustae
3546 486 3682 526 con-

1988 557 2300 612 suetudinis
2336 556 2630 629 conquesti
2667 561 2850 625 erant,
2881 555 3054 612 iidem
3083 557 3193 628 ipsi
3230 574 3361 612 cum
3395 558 3535 615 forte
3559 560 3682 631 jam

1987 650 2315 701 vererentur
2340 662 2411 701 ne
2440 651 2696 702 sanctum
2724 647 2920 701 Virum
2939 647 3024 700 vel
3051 646 3331 718 Hippone,
3362 648 3450 703 vel
3479 665 3512 702 a
3541 665 3683 720 prae-

1986 735 2130 789 senti
2178 736 2378 790 saltem
2425 735 2698 790 concione
2743 735 3043 790 abscedere
3099 740 3390 807 cogerent,
3439 736 3683 808 ingressi

1987 828 2120 878 sunt
2157 824 2226 880 ad
2274 841 2406 880 eum
2445 828 2576 880 ante
2617 825 2822 879 horam
2865 841 2977 897 qua
3024 825 3292 880 exedram
3324 826 3680 894 ascenderet;

1987 927 2128 984 quos
2172 912 2292 984 ipse
2337 913 2546 968 blande
2588 917 2864 984 acceptos,
2911 913 3106 984 paucis
3149 913 3335 968 verbis
3382 913 3444 968 in
3487 930 3684 969 sanam

1987 1002 2326 1056 sententiam
2353 1003 2642 1057 transtulit
2670 1018 2683 1056 :
2718 1007 2887 1074 atque
2924 1002 3025 1057 ubi
3062 1007 3297 1057 ventum
3327 1007 3411 1058 est
3439 1004 3508 1059 ad
3539 1007 3683 1060 tem-

1986 1106 2093 1161 pus
2113 1091 2526 1162 disputationis,
2554 1092 2762 1154 omissa
2782 1090 3023 1146 lectione
3045 1108 3215 1163 quam
3241 1097 3682 1164 prteparaverat,

1987 1180 2122 1251 quia
2151 1181 2468 1236 necessaria
2489 1181 2612 1252 jam
2648 1197 2767 1236 non
2795 1180 3113 1248 videbatur,
3144 1182 3213 1236 de
3255 1183 3362 1236 hac
3397 1181 3494 1254 ipa
3530 1199 3686 1255 quaa-

1987 1268 2172 1324 stione
2200 1286 2382 1340 pauca
2413 1269 2697 1340 disseruit,
2721 1269 2866 1324 nihil
2896 1286 2954 1324 se
2983 1286 3086 1324 nec
3107 1270 3334 1326 brevius
3361 1287 3466 1325 nec
3494 1271 3683 1326 verius

1984 1373 2151 1429 posse
2189 1358 2388 1413 afferre
2427 1359 2694 1414 adversus
2733 1376 2828 1413 eos
2867 1359 2966 1431 qui
3005 1358 3222 1430 dicunt,
3246 1360 3441 1432 _Quare
3477 1361 3685 1416 modo?

1985 1446 2097 1502 nisi
2126 1451 2183 1502 et
2211 1447 2334 1518 ipse
2363 1447 2532 1515 dicat,
2565 1449 2661 1502 Vel
2701 1448 2890 1503 modo.
2923 1447 3140 1504 Deinde
3174 1465 3247 1504 ne
3286 1449 3389 1516 illi,
3424 1449 3525 1521 qui
3554 1455 3683 1505 ante

1984 1537 2072 1590 vel
2102 1537 2489 1608 permiserunt
2515 1537 2702 1592 haecce
2730 1537 2790 1591 in
2827 1541 3155 1593 sanctorum
3186 1537 3463 1593 natalitiis
3491 1539 3682 1594 convi-

1984 1625 2095 1694 via,
2127 1625 2216 1680 vel
2256 1641 2322 1680 ea
2368 1625 2674 1696 prohibere
2714 1642 2831 1680 non
2877 1626 3000 1681 ausi
3051 1630 3202 1694 sunt,
3249 1626 3444 1698 aliqua
3495 1628 3565 1682 ab
3613 1643 3681 1682 eo

1984 1712 2133 1768 afﬁci
2189 1715 2532 1770 contumelia
2585 1715 2936 1783 viderentur,
2976 1715 3240 1785 exposuit
3285 1716 3522 1786 populo,
3569 1732 3684 1787 qua

1984 1802 2312 1858 necessitate
2341 1803 2450 1858 ista
2495 1803 2556 1857 in
2601 1803 2845 1858 Ecclesia
2891 1803 3258 1858 crederentur
3296 1807 3532 1858 exorta:
3582 1804 3685 1858 sci-

1983 1892 2116 1948 licet
2143 1896 2273 1962 post
2301 1891 2721 1962 persecutiones
2750 1892 2896 1946 facta
2924 1907 3081 1962 pace,
3113 1907 3243 1946 cum
3271 1892 3456 1946 turbae
3486 1892 3683 1948 Genti-

1983 1983 2126 2037 lium
2155 1981 2214 2035 in
2243 1980 2614 2035 christianum
2653 1995 2863 2034 nomen
2891 1979 3083 2035 venire
3113 1979 3408 2049 cupientes
3436 1980 3545 2035 hoc
3572 1980 3683 2036 im-

1983 2068 2338 2140 pedirentur,
2378 2069 2526 2140 quod
2559 2068 2678 2123 dies
2715 2068 2885 2123 festos
2923 2084 3052 2122 cum
3092 2067 3256 2122 idolis
3294 2068 3411 2123 suis
3439 2069 3685 2124 solerent

1983 2156 2046 2212 in
2077 2157 2424 2212 abundantia
2460 2158 2758 2229 epularum
2793 2161 2851 2212 et
2881 2157 3152 2212 ebrietate
3190 2173 3547 2226 consumere,
3579 2173 3684 2212 nec

1984 2245 2147 2302 facile
2200 2245 2270 2300 ab
2326 2245 2416 2300 his
2473 2245 2968 2317 perniciosissimis
3013 2250 3072 2301 et
3113 2250 3231 2301 tam
3286 2246 3682 2301 vetustissimis

1984 2333 2372 2405 voluptatibus
2411 2349 2467 2388 se
2497 2338 2729 2404 possent
2766 2334 3084 2401 abstinere;
3119 2334 3307 2390 visum
3353 2335 3524 2390 fuisse
3567 2351 3685 2390 ma-

1979 2422 2201 2495 joribus
2230 2422 2460 2493 nostris,
2488 2426 2552 2477 nt
2579 2423 2712 2477 huic
2739 2422 3084 2478 inﬁrmitatis
3113 2423 3263 2494 parti
3292 2414 3526 2478 interimi
3551 2440 3682 2494 par-

1985 2516 2230 2580 ceretur,
2267 2511 2504 2583 diesque
2532 2511 2726 2578 festos,
2758 2515 2888 2582 post
2932 2528 3028 2586 eos
3072 2529 3214 2583 quos
3258 2512 3682 2584 relinquebant,

1985 2601 2126 2656 alios
2147 2600 2207 2654 in
2228 2601 2506 2655 honorem
2536 2604 2861 2655 sanctorum
2889 2605 3229 2672 martyrum,
3253 2602 3341 2656 vel
3362 2617 3478 2655 non
3509 2600 3683 2655 simili

1985 2691 2303 2763 sacrilegio,
2341 2692 2599 2763 quamvis
2639 2691 2810 2746 simili
2855 2692 2994 2746 luxu
3039 2692 3420 2759 celebrarent;
3463 2696 3528 2747 ut
3561 2693 3683 2763 jam

1987 2780 2194 2836 Christi
2234 2780 2466 2835 nomine
2511 2779 2791 2850 colligatis
2835 2784 2889 2834 et
2934 2784 3108 2834 tantae
3149 2780 3499 2835 auctoritatis
3540 2781 3683 2852 jugo

1986 2867 2226 2924 subditis
2268 2867 2535 2922 salutaria
2585 2867 2908 2923 sobrietatis
2955 2872 3238 2939 praecepta
3286 2869 3682 2935 traderentur,

1987 2954 2194 3027 quibus
2219 2953 2338 3023 jam
2367 2955 2604 3023 propter
2622 2951 3008 3024 praecipientis
3032 2951 3307 3006 honorem
3334 2968 3398 3006 ac
3418 2952 3685 3007 timorem

1986 3041 2248 3098 resistere
2288 3057 2401 3096 non
2442 3041 2740 3096 valerent:
2791 3039 3059 3112 quocirca
3097 3040 3221 3110 jam
3268 3044 3492 3111 tempus
3539 3056 3683 3108 esse,

1986 3136 2052 3187 ut
2079 3130 2180 3202 qui
2227 3146 2340 3185 non
2378 3145 2436 3184 se
2479 3129 2690 3184 audent
2731 3144 2940 3199 negare
2983 3128 3338 3196 christianos,
3372 3129 3686 3184 secundum

1989 3219 2193 3276 Christi
2233 3219 2587 3274 voluntatem
2629 3217 2816 3272 vivere
2864 3217 3173 3289 incipiant;
3233 3221 3297 3272 ut
3343 3233 3409 3271 ea
3453 3233 3583 3288 qua:
3624 3221 3689 3273 ut

1988 3312 2177 3364 essent
2216 3307 2515 3363 christiani
2556 3323 2820 3362 concessa
2858 3311 3012 3377 sunt,
3043 3322 3175 3362 cum
3221 3306 3518 3361 christiani
3555 3310 3688 3362 sunt

1988 3401 2354 3469 respuantur.
2397 3395 2610 3451 Deinde
2646 3396 2906 3450 hortatus
2943 3399 3046 3462 est,
3077 3399 3143 3450 ut
3171 3395 3688 3451 transmarinarum

1990 3486 2384 3553 Ecclesiarum,
2434 3484 2495 3540 in
2547 3484 2753 3556 quibus
2807 3485 2896 3539 vel
2951 3483 3060 3538 ista
3111 3488 3338 3555 recepta
3390 3483 3692 3556 nunquam

1990 3579 2141 3642 sunt,
2162 3575 2251 3630 vel
2279 3575 2396 3647 jam
2429 3578 2703 3643 correcta,
2733 3573 3048 3627 imitatores
3079 3588 3137 3627 se
3166 3573 3424 3643 praebere
3454 3573 3684 3628 vellent.

1992 3665 2058 3720 Et
2082 3663 2358 3736 quoniam
2378 3663 2447 3717 de
2469 3661 2702 3717 basilica
2724 3661 2876 3716 beati
2899 3661 3053 3716 Petri
3075 3661 3316 3732 apostoli
3344 3659 3690 3732 quotidianae

1989 3751 2318 3807 vinolentiee
2353 3749 2793 3822 proferebantur
2829 3750 3120 3820 exempla;
3163 3748 3306 3804 dixit
3340 3749 3550 3820 primo,
3585 3766 3691 3805 au-

1991 3841 2138 3896 disse
2168 3855 2225 3894 se
2268 3839 2325 3893 id
2357 3853 2506 3909 saepe
2544 3853 2663 3892 esse
2709 3836 3090 3907 prohibitum,
3121 3836 3222 3891 sed
3266 3853 3397 3891 cum
3437 3844 3694 3892 remotus

1991 3928 2061 3982 sit
2092 3929 2244 3982 locus
2269 3927 2340 3980 ab
2375 3925 2626 3997 episcopi
2655 3923 3023 3990 habitatione,
3057 3927 3229 3995 atque
3264 3923 3325 3977 in
3367 3928 3527 3977 tanta
3557 3923 3692 3977 civi-

1991 4021 2105 4072 tate
2133 4031 2353 4087 ,magna
2382 4015 2456 4070 sit
2493 4013 2808 4069 carnalium
2840 4013 3170 4080 multitudo,
3196 4011 3516 4083 peregrinis
3541 4027 3694 4082 prie-

1992 4105 2210 4173 sertim,
2260 4103 2360 4176 qui
2398 4103 2532 4158 novi
2569 4101 2810 4158 subinde
2854 4101 3112 4163 veniunt.
3156 4104 3316 4156 tanto
3363 4099 3691 4167 violentius,

1993 4199 2209 4266 quanto
2253 4192 2512 4248 inscitius
2555 4192 2716 4246 illam
2762 4189 3236 4245 consuetudinem
3291 4187 3690 4254 retinentibus,

1993 4287 2112 4340 tam
2148 4281 2461 4338 immanem
2499 4284 2719 4352 pestem
2764 4278 3021 4334 nondum
3065 4276 3350 4348 compesci
3395 4276 3694 4348 sedarique

1993 4371 2267 4445 potuisse.
2317 4372 2724 4426 Verumtamen
2771 4367 2939 4440 ipsis,
2990 4367 3034 4421 si
3086 4369 3320 4422 Petrum
3371 4366 3696 4437 apostolum

1994 4463 2364 4528 honorarent,
2397 4462 2685 4531 praecepta
2713 4458 2836 4530 ejus
2864 4455 3172 4525 audienda,
3205 4459 3260 4510 et
3297 4455 3478 4510 multo
3520 4455 3696 4509 devo-

1995 4551 2108 4606 tius
2137 4550 2458 4620 epistolam,
2485 4549 2542 4603 in
2560 4563 2674 4619 qua
2701 4547 2965 4601 voluntas
2989 4546 3112 4616 ejus
3130 4543 3492 4615 perspicitur,
3524 4559 3697 4615 quam

1996 4638 2288 4695 basilicam
2340 4636 2814 4692 considerandam
2880 4650 2999 4689 esse
3014 4650 3030 4700 ;
3101 4632 3408 4703 statimque
3469 4635 3698 4703 accepto

1997 4726 2188 4780 codice
2213 4724 2472 4779 recitavit
2503 4740 2516 4779 :
2550 4725 2761 4781 Christo
2787 4723 2927 4777 enim
2953 4736 3117 4792 passo
3139 4736 3240 4791 pro
3266 4721 3418 4775 nobis
3448 4721 3554 4790 per
3575 4736 3698 4775 car-

1995 4830 2135 4880 nem,
2158 4816 2208 4866 et
2242 4827 2334 4867 vos
2373 4812 2557 4867 eadem
2592 4813 2913 4879 cogitatione
2955 4811 3263 4864 armamini.
3297 4809 3519 4877 Sufﬁcit
3560 4810 3701 4864 enim

1997 4903 2146 4957 vobis
2171 4903 2505 4970 preteritum
2543 4904 2748 4970 tempus
2782 4899 3056 4955 voluntate
3093 4899 3366 4952 hominum
3388 4899 3698 4968 perfecisse,

1998 4991 2330 5046 ambulantes
2357 4991 2415 5043 in
2449 4989 2787 5055 libidinibus,
2815 4988 3120 5055 desideriis,
3148 4987 3424 5057 ebrietate,
3453 5001 3703 5041 comessa-

2001 5079 2252 5141 tionibus,
2305 5082 2355 5133 et
2394 5078 2651 5145 nefandis
2692 5077 2958 5133 idolorum
2990 5076 3341 5132 servitutibus
3379 5075 3428 5145 (Ι
3465 5077 3578 5130 Pet.
3624 5088 3698 5140 IV,

2005 5170 2053 5233 1,
2086 5167 2156 5237 3).
2189 5165 2406 5231 Quibus
2434 5165 2628 5237 gestis,
2659 5181 2787 5220 cum
2811 5181 3008 5220 omnes
3029 5181 3147 5220 uno
3179 5164 3369 5219 animo
3399 5163 3460 5217 in
3489 5161 3703 5216 bonam

2003 5256 2351 5311 voluntatem
2371 5254 2454 5310 ire
2483 5258 2808 5327 contempta
2828 5255 2980 5309 mala
2998 5252 3413 5310 consuetudine
3437 5251 3558 5320 jam
3579 5265 3700 5304 cer-

2003 5348 2184 5412 neret,
2211 5344 2470 5400 hortatus
2508 5347 2594 5399 est
2632 5347 2698 5400 ut
2735 5343 3051 5399 meridiano
3091 5347 3346 5412 tempore
3383 5337 3591 5394 divinis
3627 5338 3706 5393 le-

2003 5430 2288 5487 ctionibus
2313 5436 2370 5487 et
2390 5431 2624 5504 psalmis
2648 5431 2989 5486 interessent
3019 5445 3032 5484 :
3056 5429 3131 5484 ita
3161 5428 3323 5482 illum
3349 5424 3500 5481 diem
3522 5426 3703 5481 multo

2006 5520 2276 5576 mundius
2325 5524 2495 5593 atque
2542 5519 2817 5576 sincerius
2870 5518 3094 5591 placere
3156 5513 3592 5583 Celebrandum;
3650 5517 3708 5570 et

2009 5613 2161 5668 certe
2197 5609 2266 5667 de
2304 5608 2671 5667 multitudine
2704 5603 3162 5665 convenientium
3199 5602 3362 5660 facile
3389 5618 3557 5677 posse
3599 5619 3706 5676 ap-
