4060 6372
413 331 515 385 207

405 466 630 523 parere,
662 448 763 521 qui
788 451 1061 510 mentem,
1094 450 1151 502 et
1191 446 1291 518 qui
1320 449 1576 501 ventrem
1603 440 1996 518 sequerentur.
2028 447 2112 499 Ita

404 540 568 597 lectis
619 537 889 595 omnibus
931 552 1119 593 sermo
1163 535 1505 591 terminatus
1560 539 1663 590 est.
1715 534 2110 590 Pomeridiano

404 633 600 685 autem
641 628 733 683 die
759 627 944 698 major
972 642 1146 698 quam
1189 629 1319 679 ante
1350 623 1652 679 meridiem
1695 622 1878 678 adfuit
1918 622 2110 677 multi-

404 719 566 786 tudo,
596 717 793 790 eisque
850 715 919 771 ad
968 715 1195 784 horam,
1250 729 1364 785 qua
1409 713 1708 784 presbyter
1756 710 2111 783 Augustinus

406 822 540 862 cum
588 804 856 876 episcopo
904 802 1291 872 egrederetur,
1330 800 1626 870 legebatur
1675 798 2004 853 alternatim
2056 801 2113 852 et

404 894 756 968 psallebatur
787 890 1083 962 :ipsisque
1120 889 1364 961 egressis
1404 889 1518 943 duo
1557 888 1764 958 psalmi
1790 887 1924 942 lecti
1957 890 2108 940 sunt.

407 982 628 1040 Deinde
655 979 1043 1052 Augustinum
1078 978 1344 1044 invitum,
1378 976 1477 1048 qui
1511 976 1633 1047 jam
1681 975 1949 1046 cupiebat
1988 989 2113 1044 per-

410 1073 599 1126 actum
626 1084 748 1123 esse
771 1071 890 1122 tam
920 1065 1306 1138 periculosum
1331 1064 1502 1131 diem,
1536 1062 1812 1134 compulit
1834 1061 2108 1127 Valerius,

408 1164 476 1214 ut
500 1157 713 1230 aliquid
732 1155 887 1229 plebi
903 1156 1254 1227 loqueretur.
1286 1151 1493 1208 Habuit
1512 1152 1744 1207 brevem
1765 1165 2107 1214 sermonem,

408 1263 525 1319 quo
554 1245 766 1318 gratias
804 1247 998 1316 ageret
1026 1244 1163 1298 Deo.
1206 1244 1271 1297 Et
1309 1240 1583 1314 quoniam
1618 1239 1681 1294 in
1710 1238 2111 1295 haereticorum

406 1334 642 1392 basilica
670 1333 930 1389 audierat
957 1332 1027 1387 ab
1058 1331 1139 1387 eis
1168 1331 1333 1386 solita
1359 1328 1614 1385 convivia
1639 1329 1948 1395 celebrata;
1980 1342 2111 1382 cum

410 1424 596 1480 adhuc
634 1439 700 1478 eo
729 1421 852 1493 ipso
897 1424 1178 1492 tempore,
1210 1435 1324 1491 quo
1369 1435 1401 1473 a
1449 1416 1754 1474 Catholicis
1797 1416 1907 1471 ista
1947 1432 2110 1487 gere-

409 1511 644 1579 bantur,
682 1510 767 1565 illi
808 1509 870 1565 iu
905 1508 1124 1581 poculis
1160 1507 1540 1580 perdurarent
1573 1522 1586 1561 :
1634 1504 1798 1567 dixit,
1829 1503 1944 1560 diei
1988 1503 2113 1575 pul-

410 1599 798 1656 chritudinem
826 1597 1010 1654 noctis
1031 1594 1457 1668 comparatione
1484 1592 1760 1661 decorari,
1785 1596 1841 1647 et
1860 1592 2111 1647 colorem

409 1688 715 1744 candidum
753 1686 905 1759 nigri
943 1685 1231 1741 vicinitate
1274 1701 1394 1739 esse
1438 1683 1777 1755 gratiorem;
1816 1681 1897 1736 ita
1943 1696 2110 1736 suum

408 1776 722 1851 spiritualis
774 1774 1172 1831 celebrationis
1224 1778 1570 1830 conventum
1626 1771 1819 1826 minus
1873 1770 2110 1824 fortasse

405 1865 666 1921 futurum
704 1864 877 1920 fuisse
899 1863 1242 1935 jucundum,
1274 1862 1386 1917 nisi
1420 1878 1489 1917 ex
1531 1860 1643 1916 alia
1671 1864 1832 1932 parte
1870 1857 2111 1913 carnalis

404 1952 781 2025 ingurgitatio
827 1952 1227 2008 conferretur:
1286 1951 1661 2022 hortatusque
1719 1952 1807 2004 est
1855 1952 1923 2003 ut
1968 1947 2110 2003 tales

406 2043 606 2115 epulas
634 2043 913 2098 instanter
940 2044 1295 2114 appeterent,
1328 2039 1376 2094 si
1419 2042 1741 2111 gustassent
1775 2053 1948 2109 quam
1980 2053 2108 2091 sua-

404 2132 489 2188 vis
515 2135 600 2188 est
627 2130 924 2188 Dominus.
955 2132 1143 2202 Atque
1172 2130 1233 2184 in
1271 2130 1419 2184 hanc
1448 2127 1797 2183 sententiam
1833 2142 1940 2197 pro
1969 2130 2111 2181 tem-

405 2236 547 2293 pore
584 2236 716 2275 cum
747 2236 813 2274 ea
842 2235 974 2292 qum
1011 2218 1289 2274 Dominus
1328 2217 1671 2288 suggerebat
1714 2215 1865 2271 dicta
1893 2218 2107 2282 essent;

408 2320 534 2365 acta
574 2313 708 2364 sunt
733 2308 1077 2379 vespertina,
1110 2324 1240 2379 quia
1278 2305 1535 2378 quotidie
1572 2304 1829 2359 solebant
1859 2320 1873 2359 :
1916 2308 1974 2359 et
2001 2307 2112 2358 Au-

407 2398 638 2470 gustino
676 2398 977 2453 recedente
1021 2396 1191 2452 simul
1234 2413 1365 2451 cum
1401 2395 1687 2467 episcopo,
1718 2394 1937 2461 fratres,
1967 2393 2110 2449 forte

406 2486 695 2554 monachi,
739 2486 938 2542 eodem
974 2486 1098 2541 loco
1137 2486 1419 2557 hymnum
1453 2483 1740 2553 dixerunt,
1774 2499 1891 2538 non
1936 2498 2112 2553 parva

407 2574 779 2631 multitudine
809 2560 1108 2645 utriusque
1128 2590 1294 2629 sexus
1323 2573 1396 2629 ad
1421 2573 1785 2628 obscuratum
1814 2571 1965 2626 diem
1997 2586 2111 2625 ma-

408 2668 584 2722 nente
614 2668 785 2735 atque
823 2662 1120 2734 psallente.
1151 2663 1349 2717 Totam
1390 2661 1471 2716 rei
1512 2661 1717 2716 seriem
1756 2660 2110 2732 Augustinus

406 2756 677 2826 prompto
708 2754 763 2807 et
799 2751 973 2807 alacri
998 2751 1190 2807 animo
1238 2750 1436 2805 retulit
1478 2766 1585 2822 per
1624 2749 1842 2805 litteras
1870 2749 1941 2805 ad
1982 2750 2111 2820 Aly-

406 2842 592 2914 pium,
624 2844 687 2896 ut
733 2839 835 2913 qui
871 2856 1081 2913 paucos
1116 2843 1248 2894 ante
1289 2838 1411 2895 dies
1454 2838 1716 2909 Hippone
1761 2837 1932 2893 simul
1978 2853 2110 2891 cum

406 2932 533 3004 ipso
584 2945 779 3002 preces
821 2929 891 2985 de
941 2928 1272 3000 accipiendo
1315 2926 1593 2983 beneﬁcio
1642 2926 1883 2995 fuderat,
1938 2926 2109 2982 simul

406 3032 639 3089 quoque
668 3016 737 3072 de
765 3021 997 3089 accepto
1027 3016 1237 3089 gratias
1267 3017 1386 3072 Deo
1410 3015 1777 3087 persolveret.

475 3109 531 3161 4.
568 3105 806 3177 Aliquot
830 3109 960 3177 post
986 3122 1212 3161 menses
1243 3105 1317 3161 ad
1356 3104 1747 3176 episcopatum
1779 3103 2107 3175 Hipponen-

402 3210 545 3260 sem,
597 3210 712 3265 quo
768 3211 829 3249 se
877 3194 1202 3266 digniorem
1245 3193 1309 3248 in
1362 3193 1484 3249 dies
1537 3193 1832 3265 praebebat
1881 3199 2108 3249 sanctus

404 3282 725 3354 Presbyter,
747 3283 1042 3354 pervenit:
1065 3282 1163 3337 sed
1190 3286 1499 3353 antequam
1528 3281 1698 3353 hujus
1729 3281 2106 3338 ordinationis

405 3372 531 3443 ejus
567 3375 828 3429 texamus
864 3369 1186 3436 historiam,
1219 3370 1510 3442 agendum
1539 3370 1705 3425 nobis
1733 3374 1820 3425 est
1851 3370 1919 3425 de
1949 3370 2107 3426 libris

406 3462 478 3517 ab
508 3461 634 3532 ipso
661 3461 732 3516 de
761 3459 962 3516 Libero
1004 3459 1255 3515 Arbitrio
1296 3459 1517 3531 scriptis
1558 3460 1669 3515 hoc
1705 3462 1984 3531 tempore,
2016 3461 2106 3516 vel

404 3549 697 3606 absolutis.
738 3548 960 3621 Quippe
1001 3547 1438 3613 Romanianum,
1471 3564 1602 3604 cum
1640 3548 1701 3603 in
1739 3548 1958 3603 Italiam
1998 3549 2104 3605 sub

400 3637 636 3694 initium
654 3637 791 3693 anni
817 3637 1200 3694 trecentesimi
1229 3637 1589 3709 nonagesimi
1614 3636 1801 3709 quinti
1820 3638 2103 3709 profectus

402 3731 507 3796 est,
540 3727 602 3783 id
626 3726 838 3800 operis,
857 3733 958 3783 aut
985 3731 1135 3783 certe
1161 3731 1278 3782 tres
1306 3727 1503 3798 libros,
1531 3742 1597 3782 ex
1626 3726 1835 3798 quibus
1865 3726 2100 3782 omnino

400 3819 642 3886 constat,
667 3832 784 3872 non
818 3815 1087 3872 habuisse
1124 3820 1366 3872 testatur
1392 3815 1745 3888 Augustinus
1770 3815 1969 3888 (Epist
2007 3819 2067 3872 3t
2084 3860 2098 3886 ,

394 3922 461 3963 n.
495 3908 571 3978 7),
603 3905 863 3979 quamvis
890 3922 949 3961 se
986 3909 1218 3961 cunctas
1256 3905 1680 3960 lucubrationes
1710 3921 1841 3959 suas
1870 3904 1957 3959 illi
1982 3908 2099 3959 tra-

397 3994 609 4051 didisse
653 3994 1007 4051 existimaret
1049 3995 1249 4068 (Epist.
1281 3996 1372 4062 27,
1420 4011 1483 4051 n.
1529 3994 1609 4065 4).
1645 3994 1806 4049 Unde
1844 4009 1978 4048 vero
2029 3992 2100 4048 si-

391 4084 530 4140 mile
559 4087 665 4152 est,
694 4084 805 4139 hoc
846 4100 992 4155 opus
1037 4088 1175 4139 tunc
1206 4082 1501 4154 temporis,
1532 4083 1591 4137 id
1622 4087 1725 4151 est,
1756 4086 1822 4137 ut
1858 4082 2097 4137 arbitra-

393 4188 546 4238 mur,
567 4173 678 4228 hoc
689 4188 842 4228 anno
856 4171 1255 4227 trecentesimo
1270 4170 1642 4242 nonagesimo
1654 4170 1854 4241 quinto
1864 4170 2096 4226 ineunte

392 4261 654 4317 nondum
681 4260 854 4316 fuisse
883 4260 1225 4332 perfectum.
1249 4259 1400 4315 Illud
1424 4264 1638 4326 tamen,
1667 4257 1886 4313 duobus
1913 4263 2098 4328 poste-

391 4349 642 4405 rioribus
701 4348 863 4405 libris
919 4348 1175 4420 adjectis,
1221 4348 1294 4404 ad
1334 4348 1512 4403 ﬁnem
1562 4347 1749 4403 adhuc
1803 4349 2098 4419 presbyter

390 4437 661 4510 perduxit
699 4437 1021 4509 (Retractat.
1067 4437 1204 4493 libro
1247 4441 1297 4505 l,
1340 4452 1467 4507 cap.
1517 4439 1571 4499 9,
1603 4452 1660 4491 n.
1696 4435 1795 4505 l):
1842 4436 2095 4508 priorem

389 4526 548 4583 enim
593 4527 789 4582 Romae
833 4542 986 4582 anno
1038 4525 1438 4582 trecentesimo
1496 4524 1844 4597 octogesimo
1897 4531 2092 4581 octavo

381 4616 506 4688 jam
533 4615 856 4688 scripserat.
890 4617 1005 4671 Hoc
1038 4620 1205 4687 pacto
1236 4613 1364 4670 ﬁeri
1391 4613 1597 4686 potuit,
1626 4618 1691 4669 ut
1716 4614 1868 4669 hunc
1898 4630 2092 4670 secum

387 4704 780 4760 Romanianus
818 4703 1085 4760 deferret.
1132 4704 1244 4758 llos
1286 4702 1464 4758 libros
1506 4702 1868 4774 dialogorum
1913 4703 2093 4759 instar

385 4792 728 4864 composuit,
761 4793 824 4848 in
852 4792 1062 4866 quibus
1089 4808 1412 4847 sermonem
1440 4792 1660 4847 confert
1694 4809 1824 4847 cum
1854 4793 2087 4848 Evodio.

385 4878 566 4935 Mutui
595 4880 877 4936 sermonis
922 4885 1328 4952 argumentum
1372 4885 1457 4936 est
1493 4880 1783 4953 indagatio
1828 4881 2088 4953 originis,

381 4967 537 5023 unde
572 4969 791 5024 malum
836 4962 1248 5040 proficiscatur.
1294 4970 1425 5027 Cum
1468 4970 1647 5025 adhuc
1688 4973 1867 5027 Romae
1908 4969 2087 5025 demo-

380 5071 653 5127 raremur,
682 5059 951 5114 voluimus
979 5058 1310 5127 disputando
1338 5074 1575 5128 quaerere.
1596 5059 1739 5114 unde
1761 5061 1835 5114 sit
1861 5060 2082 5115 malum.

377 5148 452 5202 Et
478 5160 537 5201 eo
571 5145 727 5201 modo
769 5146 1188 5216 disputavimus,
1217 5146 1299 5202 ait
1336 5146 1709 5219 Augustinus,
1734 5151 1797 5201 ut
1822 5147 1874 5201 si
1896 5161 2086 5216 posse-

376 5249 519 5305 mus,
543 5234 608 5290 id
634 5234 780 5305 quod
803 5234 869 5290 de
894 5236 993 5291 hac
1022 5250 1080 5289 re
1108 5234 1306 5290 divinae
1332 5237 1647 5291 auctoritati
1676 5234 1887 5290 subditi
1911 5234 2085 5289 crede-

377 5324 588 5392 bamus,
618 5325 783 5379 etiam
806 5324 883 5380 ad
910 5324 1323 5391 intelligentiam
1346 5328 1606 5391 nostram,
1636 5327 1899 5392 quantum
1919 5323 2083 5379 disse-

373 5412 542 5468 rendo
568 5412 871 5483 opitulante
907 5414 1013 5467 Deo
1049 5427 1208 5480 agere
1238 5426 1534 5482 possemus,
1562 5412 1705 5466 ratio
1742 5412 2083 5467 considerata

371 5504 425 5556 et
471 5504 709 5557 tractata
747 5500 1085 5572 perduceret.
1114 5502 1187 5556 Et
1216 5502 1475 5571 quoniam
1502 5500 1751 5554 consistit
1776 5501 1917 5555 inter
1960 5515 2077 5568 nos,

373 5588 662 5655 diligenter
695 5592 906 5647 ratione
933 5589 1201 5658 discussa,
1230 5588 1434 5645 malum
1460 5602 1567 5643 non
1602 5592 1848 5646 emortum
1874 5589 1985 5647 nisi
2007 5604 2076 5645 ea:

1536 325 1699 379 VITA
1749 325 1812 380 S.
1862 322 2237 380 AUGUSTINI
2290 322 2620 378 EPISCOPI.

3843 319 3944 373 208

2224 445 2390 501 libero
2416 446 2710 500 voluntatis
2746 443 3010 510 arbitrio;
3040 447 3145 497 tres
3188 442 3335 507 libri,
3363 457 3496 512 quos
3532 440 3720 496 eadem
3750 440 3942 511 dispu-

2222 537 2358 589 tatio
2385 536 2615 604 peperit,
2648 534 2913 603 appellati
2933 537 3059 586 sunt
3086 532 3152 585 de
3177 530 3367 586 Libero
3400 531 3667 585 Arbitrio.
3700 530 3943 595 Quorum

2219 623 2510 676 secundum
2556 626 2606 675 et
2649 623 2868 675 tertium
2906 622 2964 674 in
3003 621 3226 687 Africa,
3272 619 3393 689 jam
3438 620 3604 673 etiam
3651 618 3941 686 Hippone-

2220 713 2390 779 Regio
2415 711 2693 780 presbyter
2732 711 3039 776 ordinatus,
3081 710 3220 764 sicut
3257 713 3382 763 tunc
3415 708 3939 777 potui,,terminavi.

2220 801 2284 854 In
2313 801 2396 853 his
2426 800 2582 853 libris
2611 802 2693 855 ita
2727 800 2899 855 multa
2934 799 3168 853 disserta
3204 801 3351 864 sunt,
3382 802 3443 851 ut
3473 795 3776 850 incidentes
3808 810 3943 849 non-

2218 890 2382 943 nullae
2437 892 2775 957 quaestiones,
2824 903 2961 957 quas
3000 889 3085 943 vel
3130 886 3360 941 enodare
3396 900 3506 940 non
3544 888 3813 954 poteram,
3862 885 3947 937 vel

2221 978 2437 1045 longam
2480 979 2978 1032 sermocinationem
3032 978 3093 1031 in
3133 976 3393 1045 praesenti
3432 973 3809 1043 requirebant,
3856 973 3939 1027 ita

2220 1066 2589 1134 differrentur,
2617 1071 2677 1121 ut
2701 1082 2768 1120 ea:
2795 1070 3027 1134 utraque
3045 1068 3225 1134 parte,
3246 1065 3330 1119 vel
3358 1080 3425 1119 ea:
3454 1062 3704 1119 omnibus
3729 1078 3947 1116 earwn-

2222 1153 2341 1208 dem
2371 1157 2727 1222 quaestionum
2747 1154 3021 1224 partibus,
3039 1156 3098 1208 in
3128 1153 3323 1222 quibus
3345 1168 3453 1207 non
3467 1151 3777 1222 apparebat
3805 1150 3945 1220 quid

2215 1245 2399 1312 potius
2439 1247 2753 1311 congrueret
2805 1244 3046 1306 veritati,
3096 1242 3172 1296 ad
3227 1243 3322 1297 hoc
3368 1246 3545 1296 tamen
3588 1242 3944 1295 ratiocinatio

2219 1336 2409 1386 nostra
2452 1333 2877 1398 concluderetur,
2910 1336 2970 1386 ut
3016 1330 3292 1401 quodlibet
3333 1345 3515 1385 eorum
3550 1344 3738 1384 verum
3783 1332 3938 1392 esset,

2223 1421 2537 1476 laudandus
2566 1421 2891 1488 crederetur,
2912 1421 2995 1475 vel
3022 1422 3187 1475 etiam
3211 1419 3575 1475 ostenderetur
3602 1420 3764 1474 Deus.
3801 1418 3941 1472 Pro-

2216 1513 2340 1579 pter
2368 1523 2453 1564 eos
2494 1511 2695 1579 quippe
2729 1509 3032 1579 disputatio
3069 1509 3171 1563 illa
3197 1512 3445 1578 suscepta
3472 1512 3569 1571 est,
3609 1508 3710 1576 qui
3734 1510 3942 1575 negant

2220 1614 2288 1652 ea:
2330 1583 2508 1653 libero
2555 1599 2852 1653 voluntatis
2904 1597 3135 1652 arbitrio
3185 1597 3319 1651 mali
3364 1598 3627 1663 originem
3680 1594 3834 1658 duci,
3890 1599 3941 1649 et

2222 1686 2408 1752 Deum,
2438 1687 2489 1740 si
2515 1687 2598 1740 ita
2636 1690 2733 1755 est,
2766 1690 3056 1742 creatorem
3084 1689 3322 1742 omnium
3355 1689 3681 1740 naturarum
3708 1684 3943 1754 culpan-

2222 1772 2352 1828 dum
2393 1790 2504 1830 esse
2551 1775 2877 1830 contendunt
2899 1794 2916 1829 :
2957 1791 3015 1830 eo
3055 1775 3210 1829 modo
3239 1774 3470 1829 volentes
3499 1771 3795 1828 secundum
3828 1787 3941 1827 suz

2219 1864 2519 1932 impietatis
2551 1880 2783 1919 errorem
2823 1864 3133 1933 (Manichaei
3173 1865 3315 1918 enim
3352 1862 3494 1931 sunt)
3538 1860 3940 1917 immutabilem

2220 1951 2516 2022 quamdam
2554 1958 2603 2008 et
2634 1957 2737 2008 Deo
2767 1960 3081 2008 cowternam
3118 1953 3457 2007 introducere
3479 1951 3615 2005 mali
3639 1954 3930 2004 naturam.

2219 2043 2292 2096 De
2327 2044 2514 2107 gratia
2549 2057 2672 2097 vero
2706 2044 2816 2110 Dei,
2851 2058 2962 2111 qua
2996 2057 3121 2097 suos
3160 2043 3346 2097 electos
3380 2042 3459 2095 sic
3494 2039 3936 2110 praedestinavit,

2218 2133 2281 2184 ut
2323 2144 2504 2185 eorum
2542 2132 2639 2199 qui
2657 2131 2781 2199 jam
2826 2134 2885 2185 in
2914 2132 2990 2185 eis
3033 2133 3265 2185 utuntur
3310 2129 3476 2185 libero
3518 2128 3771 2194 arbitrio,
3818 2130 3939 2199 ipse

2218 2220 2381 2272 etiam
2400 2224 2674 2288 praeparet
2702 2220 3021 2288 voluntates,
3055 2220 3195 2274 nihil
3218 2221 3277 2273 in
3298 2217 3385 2273 his
3405 2218 3563 2272 libris
3586 2216 3937 2286 disputatum

2219 2310 2298 2361 est
2326 2312 2548 2377 propter
2577 2308 2673 2363 hoc
2706 2311 2988 2378 proposita
3026 2310 3337 2378 quaestione.
3384 2306 3485 2362 Ubi
3522 2309 3703 2361 autem
3729 2306 3937 2360 incidit

2220 2396 2383 2464 locus,
2414 2401 2475 2451 ut
2504 2396 2666 2467 hujus
2697 2400 2889 2464 gratia?
2923 2400 3075 2467 fieret
3102 2398 3553 2463 commemoratio,
3588 2398 3937 2450 transeunter

2219 2489 2629 2540 commemorata
2672 2491 2781 2553 est;
2843 2501 2950 2541 non
2999 2487 3161 2556 quasi
3207 2485 3332 2539 inde
3373 2488 3644 2552 ageretur,
3704 2498 3932 2553 operosa

2218 2574 2632 2630 ratiocinatione
2661 2575 2903 2642 defensa.
2928 2574 3103 2629 Aliud
3129 2578 3207 2629 est
3228 2576 3370 2628 enim
3398 2588 3653 2643 quaerere,
3684 2572 3831 2627 unde
3857 2574 3931 2626 sit

2218 2664 2453 2728 malum;
2484 2668 2535 2718 et
2575 2662 2731 2719 aliud
2759 2669 2837 2719 est
2880 2680 3134 2733 quaerere,
3167 2664 3310 2718 unde
3338 2662 3595 2717 redeatur
3622 2660 3699 2715 ad
3720 2662 3929 2731 pristi-

2216 2767 2367 2817 num,
2414 2754 2498 2806 vel
2536 2753 2612 2807 ad
2651 2755 2832 2822 majus
2889 2755 3242 2823 perveniatur
3307 2752 3519 2806 bonum.
3586 2750 3929 2819 Quapropter

2217 2841 2344 2893 novi
2373 2841 2611 2895 haeretici
2633 2843 2934 2910 Pelagiani,
2966 2844 3064 2911 qui
3093 2842 3320 2896 liberum
3348 2842 3425 2896 sic
3456 2843 3705 2895 asserunt
3733 2838 3929 2893 volun-

2220 2929 2348 2982 tatis
2395 2929 2706 2997 arbitrium,
2745 2934 2807 2983 ut
2848 2932 3042 2997 gratiae
3082 2932 3179 2984 Dei
3231 2944 3339 2984 non
3380 2929 3697 2997 relinquant
3734 2927 3929 2997 locum,

2221 3017 2659 3087 quandoquidem
2705 3034 2826 3074 eam
2866 3018 3157 3074 secundum
3195 3019 3391 3073 merita
3427 3022 3616 3074 nostra
3657 3015 3790 3071 dari
3831 3031 3930 3071 as-

2216 3111 2422 3175 serunt,
2465 3123 2573 3162 non
2635 3124 2691 3163 se
2749 3110 3031 3177 extollant,
3091 3110 3251 3177 quasi
3305 3123 3486 3163 eorum
3550 3108 3751 3176 egerim
3804 3121 3929 3160 cau-

2217 3209 2366 3264 sam;
2408 3198 2539 3265 quia
2585 3198 2758 3251 multa
2800 3199 2859 3251 in
2904 3197 2988 3252 his
3036 3197 3194 3251 libris
3241 3195 3366 3250 dimi
3404 3210 3509 3266 pro
3561 3194 3728 3251 libero
3781 3196 3926 3249 arbi-

2216 3286 2342 3354 trio,
2396 3301 2514 3355 qua:
2558 3287 2713 3342 illius
2784 3286 3171 3357 disputationis
3221 3300 3388 3341 causa
3439 3284 3689 3356 poscebat
3739 3284 3928 3353 (Ibid.,

2214 3388 2309 3428 nn.
2347 3377 2398 3441 l,
2430 3378 2504 3439 2).

2287 3466 2340 3518 5.
2383 3463 2491 3517 Hos
2520 3462 2695 3518 libros
2711 3462 2901 3535 reipsa
2917 3463 3139 3536 profert
3152 3462 3414 3535 Pelagius
3437 3479 3451 3518 :
3472 3478 3671 3518 verum
3688 3448 3931 3518 demou-

2214 3554 2354 3605 strat
2381 3551 2757 3623 Augustinus,
2781 3552 2986 3607 eodem
3016 3569 3077 3607 se
3098 3553 3218 3606 loco
3246 3554 3661 3623 praeposterum
3690 3566 3927 3606 sensum

2213 3639 2500 3709 evertisse,
2533 3656 2707 3712 quem
2745 3639 2842 3696 ille
2876 3641 3062 3696 verbis
3103 3640 3220 3695 suis
3259 3640 3536 3711 efﬁngere
3573 3638 3838 3708 volebat;
3869 3645 3930 3695 et

2213 3728 2470 3800 quamvis
2500 3729 2768 3785 adversus
2793 3729 3151 3797 Manichaaos,
3182 3745 3302 3784 non
3328 3732 3527 3784 contra
3554 3727 3919 3800 Pelagianos,

2211 3817 2457 3873 necdum
2501 3822 2745 3886 exortes,
2788 3818 2940 3874 istud
2985 3835 3130 3890 opus
3175 3818 3559 3889 conscriptum
3603 3817 3771 3885 foret,
3819 3818 3920 3873 ho-

2210 3921 2341 3961 rum
2370 3911 2566 3962 tamen
2593 3907 2862 3961 haeresim
2892 3907 3119 3963 abunde
3149 3922 3208 3963 se
3247 3907 3640 3973 labefactasse;
3676 3906 3821 3961 adeo
3855 3910 3926 3960 ut

2209 3995 2256 4049 si
2297 3994 2557 4067 Pelagius
2588 3994 2710 4067 ipse
2752 3996 3015 4051 conﬁteri
3057 3995 3322 4066 voluerit,
3348 3994 3633 4068 quidquid
3674 4011 3744 4050 eo
3792 3996 3925 4052 loco

2208 4099 2383 4155 quem
2409 4084 2646 4155 profert,
2680 4085 3023 4153 continetur,
3054 4086 3212 4140 nulla
3240 4101 3371 4140 cum
3405 4100 3474 4139 eo
3492 4084 3609 4140 hac
3646 4083 3716 4140 de
3745 4099 3810 4139 re
3838 4084 3926 4139 fu—

2207 4177 2338 4229 tura
2383 4174 2457 4229 sit
2501 4174 2747 4245 amplius
2786 4174 3169 4229 controversia
3214 4176 3308 4245 (De
3342 4176 3562 4232 Natura
3606 4177 3658 4229 et
3699 4173 3921 4240 Gratia,

2205 4277 2300 4317 nn.
2341 4267 2399 4332 7,
2456 4262 2528 4332 8).
2586 4263 2655 4317 Hi
2702 4263 2918 4334 pariter
2971 4263 3105 4318 libri
3151 4278 3350 4318 ausam
3396 4262 3678 4317 dederunt
3731 4262 3921 4317 errori

2207 4349 2823 4421 Semipelagianorum,
2857 4350 2959 4423 qui
2984 4368 3052 4407 ex
3079 4351 3150 4406 iis
3185 4351 3606 4407 contendebant
3634 4354 3915 4419 evertere,

2205 4438 2483 4510 quidquid
2512 4440 2866 4510 Augustinus
2889 4440 2958 4495 de
2986 4440 3494 4512 przedestinatione
3520 4443 3716 4512 postea
3744 4438 3914 4495 dixis-

2203 4531 2289 4582 set
2335 4528 2531 4597 (Epist.
2584 4529 2711 4597 226,
2754 4544 2809 4583 η.
2859 4528 2935 4598 8).
2992 4531 3066 4584 At
3117 4532 3344 4584 sanctus
3386 4530 3595 4585 Doctor
3642 4527 3913 4591 ostendit.

2202 4616 2427 4670 nullum
2455 4632 2550 4670 eos
2581 4632 2648 4672 ex
2685 4616 2867 4688 ipsius
2906 4618 3094 4673 verbis
3134 4618 3340 4674 ducere
3378 4633 3545 4690 posse
3574 4632 3759 4672 causa:
3793 4632 3914 4671 suae

2201 4704 2584 4775 patrocinium
2612 4720 2626 4760 :
2669 4722 2773 4762 nec
2803 4722 2863 4761 se
2901 4706 3187 4761 ullatenus
3224 4705 3286 4761 in
3320 4705 3559 4761 dubium
3584 4720 3782 4759 vocare
3808 4720 3913 4758 vo-

2200 4792 2394 4861 luisse,
2427 4793 2567 4865 quin
2604 4793 2932 4866 ignorantia
2969 4799 3025 4850 et
3060 4795 3363 4851 difﬁcultas
3394 4797 3584 4849 essent
3608 4791 3910 4871 originalis

2199 4897 2387 4953 poenas
2415 4883 2676 4954 peccati:
2716 4888 2993 4955 praeterea
3031 4900 3111 4951 se,
3152 4888 3218 4939 ut
3252 4883 3553 4939 veritatem
3591 4886 3727 4937 tunc
3756 4884 3913 4936 tem-

2197 4971 2355 5041 poris
2383 4971 2574 5027 minus
2610 4977 2763 5028 recte
2808 4971 3203 5033 intellexisset,
3235 4989 3354 5027 non
3396 4972 3590 5027 minus
3635 4969 3708 5025 ad
3756 4969 3915 5025 illius

2125 5073 2141 5085 °
2195 5060 2564 5130 postmodum
2593 5059 2839 5131 cognitae.
2858 5060 3252 5116 defensionem
3274 5058 3702 5131 suscipiendam
3720 5058 3911 5117 teneri

2198 5146 2293 5218 (De
2335 5151 2479 5204 Dono
2516 5149 2949 5219 perseverantiae,
2996 5164 3090 5203 nn.
3138 5151 3228 5216 26,
3278 5148 3391 5219 27).
3441 5147 3505 5202 Id
3552 5145 3743 5218 operis
3789 5150 3909 5201 Au-

2195 5236 2478 5306 gustinus,
2525 5236 2695 5293 simul
2738 5253 2803 5292 ac
2848 5236 3149 5309 episcopus
3198 5240 3420 5292 creatus
3463 5240 3567 5303 est,
3599 5235 3670 5289 ad
3713 5234 3907 5289 Pauli-

2192 5341 2335 5382 num
2381 5325 2555 5394 misit,
2606 5342 2781 5398 seque
2844 5330 3043 5397 optare
3103 5329 3365 5393 testatur,
3404 5328 3471 5380 ut
3525 5322 3760 5395 grandis
3807 5323 3908 5378 illa

2192 5413 2451 5486 quaestio,
2494 5430 2624 5487 quae
2665 5418 2751 5469 est
2787 5414 2961 5470 totius
3000 5414 3190 5487 operis
3228 5418 3655 5486 argumentum,
3686 5417 3906 5484 quanta

2191 5502 2416 5559 dicendi
2461 5503 2721 5559 ubertate
2762 5506 3055 5571 tractatur,
3083 5507 3245 5560 tanta
3284 5500 3627 5558 certitudine
3675 5504 3734 5555 et
3768 5517 3905 5572 per-

2190 5589 2492 5662 spicuitate
2520 5588 2583 5646 in
2609 5589 2699 5647 liis
2729 5589 2892 5647 libris
2920 5590 3199 5647 enodetur
3225 5591 3420 5663 (Epist.
3443 5592 3534 5660 31,
3563 5605 3619 5645 n.
3639 5588 3722 5659 7).
3751 5588 3903 5644 Scri-
