4060 6348
138 279 249 331 209

131 401 256 472 psit
275 402 460 472 paulo
477 403 606 472 post
623 400 694 455 ad
706 399 1093 456 Secundinum
1113 402 1484 457 Manichmum
1508 403 1852 469 Romanum,

131 489 179 544 si
230 490 436 561 legere
481 490 651 543 vellet
695 493 810 542 tres
849 489 1023 543 libros
1053 507 1183 544 suos
1227 491 1293 545 de
1328 491 1525 545 Libero
1573 491 1852 560 Arbitrio,

132 595 234 632 eos
281 580 445 632 Nolm
485 577 547 631 in
577 577 887 648 Campania
924 594 1099 647 penes
1127 583 1382 633 sanctum
1428 579 1730 634 Paulinum
1769 595 1855 633 re-
1917 575 1922 584 ’

133 672 452 739 perturum
501 668 718 723 (Contra
762 668 1146 737 Secundinum,
1190 683 1310 738 cap.
1360 672 1463 731 li).
1511 668 1852 738 Hieronymo

134 756 518 828 postmodum
559 755 830 822 scribens,
871 761 1028 810 notat
1072 773 1188 828 qua
1225 757 1444 810 ratione
1482 756 1540 810 in
1590 756 1741 810 hisce
1785 756 1854 810 li-

133 845 254 901 bris
286 845 362 900 de
398 844 604 899 anima:
636 844 1045 912 incarnatione,
1077 861 1174 898 seu
1206 845 1274 900 de
1304 844 1511 900 animae
1544 845 1764 915 origine
1794 845 1853 899 in

132 951 408 1004 corpore,
441 934 802 1002 disseruerit;
834 934 976 988 nihil
1017 939 1140 989 tum
1169 935 1238 989 de
1280 934 1721 989 Priscillianistis
1758 950 1851 987 co-

1615 278 1828 336 LIBER
1864 277 2214 346 QUARTUS.

3551 285 3658 339 210

1965 405 2172 476 gitans,
2208 405 2276 460 de
2316 405 2523 476 quibus
2551 405 2738 461 adhuc
2765 404 2910 460 nihil
2938 403 3228 471 audierat;
3257 403 3516 476 quamvis
3534 403 3657 477 ipse

1962 494 2280 564 Augustino
2309 495 2612 550 Mediolani
2637 498 2862 565 agente,
2895 509 3132 564 magnas
3153 493 3275 564 jam
3303 497 3427 548 tum
3455 497 3657 565 tragm-

1963 583 2084 637 dias
2113 583 2470 638 excitassent.
2515 584 2786 639 Observat
2823 583 3039 654 pariter
3085 598 3142 636 se
3182 582 3252 636 de
3291 582 3658 653 parvulorum

1966 672 2256 742 Baptismo
2298 689 2480 742 pauca
2529 673 2854 737 admodum,
2897 671 3041 725 nihil
3094 676 3286 725 autem
3322 671 3391 725 de
3435 686 3660 725 eorum-

1964 759 2096 813 dem
2126 759 2246 812 sine
2280 760 2568 829 Baptismo
2598 757 2971 813 morientium
3001 757 3388 822 damnatione,
3418 761 3486 811 ut
3529 773 3659 827 qua;

1963 863 1996 900 a
2026 847 2320 916 proposito
2351 863 2452 900 suo
2497 846 2680 900 aliena
2721 850 2928 913 essent,
2971 843 3261 916 scripsisse
3297 845 3493 915 (Epist.
3533 846 3655 911 166,

1962 949 2055 987 nn.
2088 937 2144 1002 7,
2179 934 2283 1001 l8).

1131 1173 1134 1176 ’
1205 1149 1720 1271 LIBER
1839 1146 2664 1286 QUARTUS.

177 1330 234 1379 In
275 1343 386 1392 quo
412 1327 802 1378 demonstratur
830 1330 1088 1395 quomodo
1113 1329 1162 1380 in
1190 1331 1492 1396 episcopatu
1523 1330 1708 1379 vixerit
1738 1329 2078 1392 Augustinus,
2109 1336 2161 1379 et
2190 1345 2306 1394 quae
2333 1331 2397 1382 ab
2427 1332 2754 1383 ordinatione
2785 1347 2880 1384 sua
2908 1332 2974 1382 ad
3005 1347 3197 1384 annum
3227 1331 3345 1383 inde
3367 1331 3603 1398 quintum

1783 1408 2024 1458 ediderit.

718 1649 944 1704 CAPUT
982 1649 1275 1705 PRIMUM.

212 1742 228 1793 l
269 1738 619 1807 Augustinus
637 1753 672 1792 a
705 1739 920 1794 Valerio
949 1740 1148 1805 collega
1168 1739 1494 1809 depascitur.
1525 1740 1558 1793 2
1583 1739 1845 1806 Megalius

207 1827 493 1882 Numidia
538 1829 751 1896 primas
792 1829 929 1894 falsi
971 1830 1216 1882 criminis
1262 1830 1472 1883 nomine
1511 1828 1847 1882 ordinationi

207 1915 328 1983 ejus
361 1915 668 1981 intercedit,
700 1915 856 1984 cujus
886 1917 966 1969 rei
984 1931 1110 1970 mox
1140 1932 1257 1970 eum
1281 1918 1522 1986 panitet.
1549 1919 1578 1971 3
1600 1919 1662 1970 In
1691 1930 1844 1970 suam

203 2003 610 2058 ordinatio-nem
632 2005 848 2058 tandem
877 2005 1175 2072 aliquando
1203 2008 1464 2060 consentit
1481 2007 1844 2074 Augustinus,

206 2097 414 2146 etcum
472 2094 686 2146 Valerio
731 2092 877 2147 sedet
915 2095 1272 2162 coepiscopus.
1307 2096 1340 2148 4
1388 2095 1524 2163 Ejus
1565 2094 1841 2148 ordinatio

203 2183 362 2247 facta
405 2197 548 2235 anno
603 2183 820 2235 Domini
867 2185 1227 2236 trecentesimo
1271 2185 1614 2251 nonagesimo
1654 2185 1844 2251 quinto

205 2276 454 2325 exeunte.
504 2274 534 2324 5
571 2271 819 2326 Scribens
847 2271 920 2324 ad
956 2273 1243 2325 Paulinum
1284 2272 1349 2325 de
1390 2287 1490 2326 sua
1536 2288 1654 2326 eum
1693 2271 1842 2325 ordi-

206 2362 431 2413 natione
474 2361 613 2426 facit
657 2362 951 2414 certiorem.
1001 2363 1031 2414 6
1080 2363 1176 2414 Hic
1223 2360 1287 2413 de
1328 2361 1510 2414 eadem
1543 2361 1618 2414 ad
1643 2364 1844 2416 Roma-

206 2449 437 2501 nianum
466 2449 675 2514 scribit,
699 2448 957 2516 adjuncto
987 2451 1223 2502 carmine
1250 2449 1324 2502 ad
1347 2451 1663 2504 Licentium.

213 2538 255 2589 l.
293 2535 653 2605 Augustinus
680 2536 996 2606 presbyteri
1036 2553 1272 2590 munere
1318 2554 1496 2591 annos
1528 2554 1836 2608 propemo-

143 2623 275 2677 dum
305 2623 568 2694 quinque
598 2623 769 2695 digne
799 2625 1150 2694 perfunctus,
1183 2625 1253 2679 ad
1285 2626 1675 2697 episcopatum
1706 2643 1840 2697 pro-

140 2712 365 2766 vehitur
388 2728 541 2766 anno
567 2713 743 2766 aetatis
769 2729 885 2767 suae
909 2713 1344 2784 quadragesimo
1367 2715 1567 2785 quinto
1586 2715 1840 2786 proxime

141 2799 428 2855 inchoato.
463 2803 623 2855 Hunc
647 2802 926 2856 honorem
958 2807 1180 2856 sanctus
1207 2803 1301 2856 ille
1337 2804 1420 2856 vir
1447 2804 1552 2858 sibi
1580 2805 1698 2875 ipse
1724 2820 1841 2857 non

142 2889 424 2959 sumpsit:
458 2889 553 2942 sed
585 2890 731 2943 hanc
763 2889 861 2943 Dei
890 2906 1106 2952 curam,
1129 2890 1210 2944 ait
1241 2891 1530 2958 Paulinus,
1564 2891 1840 2944 Africanae

148 2977 406 3032 Ecclesiae
444 2981 800 3046 meruerunt,
832 2983 898 3032 ut
926 2979 1096 3032 verba
1131 2979 1379 3033 coelestia
1408 2979 1711 3049 Augustini
1742 2994 1839 3032 ore

145 3066 508 3138 perciperent
556 3067 754 3137 (Epist.
801 3069 889 3132 32,
924 3083 978 3120 n.
1027 3068 1099 3136 2).
1157 3067 1216 3121 Id
1265 3067 1526 3121 beneﬁcii
1571 3067 1841 3122 divinitus

142 3156 410 3209 collatum
436 3160 521 3210 est
559 3155 686 3226 paci
715 3159 770 3209 et
798 3155 1036 3225 puritati
1061 3155 1245 3210 cordis
1273 3155 1430 3210 beati
1464 3156 1670 3210 Valerii
1701 3157 1842 3210 anti-

145 3245 308 3314 stitis,
341 3245 443 3316 qui
474 3259 591 3299 non
635 3244 808 3299 modo
847 3245 1006 3298 nullo
1044 3244 1104 3298 in
1148 3260 1280 3298 eum
1329 3244 1559 3299 invidiae
1608 3245 1838 3299 stim'ulo

143 3335 527 3404 pungebatur,
562 3333 657 3387 sed
698 3333 869 3386 etiam
912 3337 1090 3403 partes
1131 3350 1164 3387 a
1206 3333 1541 3403 Presbytero
1587 3350 1689 3388 suo
1719 3334 1840 3404 glo~

146 3421 240 3475 riae
257 3438 377 3492 pra;
401 3421 622 3475 caeteris
642 3421 929 3475 exsultans
945 3421 1341 3492 gratulabatur
1358 3422 1608 3491 (Possid.,
1632 3425 1691 3476 in
1713 3425 1842 3478 Vita

146 3511 404 3580 August.,
463 3525 510 3564 c.
563 3509 642 3580 8).
692 3509 793 3563 Ille
840 3509 960 3580 ipse
1009 3509 1395 3580 Augustinum
1436 3511 1836 3582 presbyterum

145 3597 288 3653 infra
317 3615 376 3652 se
415 3614 536 3652 non
581 3614 805 3668 passus,
838 3614 1004 3652 suum
1047 3597 1170 3652 fieri
1201 3598 1499 3668 collegam,
1549 3603 1606 3654 et
1647 3599 1837 3670 coepi-

144 3695 400 3758 scopatus
449 3686 732 3740 sarcinam
779 3686 970 3741 subire
995 3686 1284 3757 ‘compulit
1315 3689 1509 3758 (Epist.
1544 3691 1631 3749 3l,
1669 3705 1724 3743 η.
1756 3687 1834 3760 4).

148 3776 394 3830 Primum
419 3776 653 3847 quidem
681 3776 738 3830 id
769 3776 954 3830 solum
982 3776 1276 3846 satagebat
1301 3782 1472 3848 atque
1504 3777 1840 3848 suppliciter

147 3882 175 3916 a
197 3865 304 3918 Deo
327 3864 641 3936 flagitabat,
670 3869 735 3918 ut
763 3864 1146 3934 Augustinum
1171 3865 1403 3919 haberet
1424 3866 1720 3920 sacerdotii
1749 3866 1836 3919 sui

147 3969 522 4008 successorem
567 3955 758 4021 (Epist.
815 3956 901 4019 32,
948 3969 1003 4007 n.
1055 3954 1146 4013 2):
1203 3954 1299 4008 sed
1356 3970 1486 4008 cum
1541 3955 1716 4008 semel
1761 3954 1838 4007 vi-

148 4041 331 4104 disset,
365 4057 504 4096 eum
536 4039 644 4094 sibi
671 4041 1090 4110 propemodum
1123 4043 1378 4096 ablatum
1407 4059 1549 4107 esse,
1582 4048 1646 4097 ut
1675 4043 1838 4097 alteri

152 4131 400 4185 Ecclesiae
450 4129 874 4201 praeficeretur;
923 4145 1095 4200 seque
1137 4130 1312 4183 etiam
1357 4131 1588 4184 infirma
1627 4133 1840 4186 valetu-

151 4216 276 4271 dine
305 4218 618 4287 alfectaquc
653 4215 773 4286 jam
821 4219 1011 4282 mtate,
1041 4217 1109 4270 ad
1141 4233 1285 4270 onus
1316 4217 1634 4287 episcopale
1670 4218 1838 4272 susti-

150 4307 398 4361 nendum
439 4305 672 4360 alterius
717 4303 974 4375 indigere
1016 4304 1297 4372 subsidio;
1332 4305 1560 4360 secretis
1605 4307 1723 4376 egit
1748 4307 1839 4360 lit-

152 4394 275 4448 teris
307 4395 462 4465 apud
495 4393 790 4447 Aurelium
834 4393 1164 4463 episcopum
1206 4393 1732 4465 Carthaginensem,
1778 4400 1842 4450 ut

151 4482 498 4550 Augustinus
527 4481 887 4536 ordinaretur
915 4482 1234 4552 episcopus,
1269 4483 1367 4554 qui
1398 4484 1504 4538 sibi
1536 4484 1592 4538 in
1626 4485 1839 4555 Hippo-

153 4569 306 4622 nensi
334 4570 604 4624 cathedra
644 4586 758 4624 non
789 4574 903 4624 tam
933 4571 1283 4641 succederet,
1314 4588 1488 4644 quam
1528 4573 1744 4644 collega
1786 4578 1842 4628 et

149 4657 510 4730 coepiscopus
572 4659 878 4714 accederet.
936 4659 1060 4714 Voti
1113 4675 1349 4731 compos
1398 4661 1578 4716 factus
1625 4666 1725 4727 est,
1786 4667 1841 4716 et

153 4750 293 4818 quod
344 4751 413 4804 ab
469 4751 699 4805 Aurelio
757 4751 1114 4822 exposcebat,
1186 4751 1464 4824 rescripto
1514 4752 1842 4824 impetravit

155 4834 396 4906 (Possid,
429 4842 486 4893 in
518 4842 651 4895 Vita
679 4840 939 4907 August,
964 4855 1008 4893 c.
1035 4840 1108 4908 8).

217 4927 266 4979 2.
298 4928 471 4981 Paulo
502 4933 630 4999 post
678 4928 947 4999 Megalius
994 4925 1338 4983 Calamensis
1367 4927 1683 4998 episcopus,
1720 4933 1842 4983 tum

158 5011 361 5079 primas
407 5015 523 5068 sive
567 5015 828 5086 (decanus
870 5015 1265 5086 episcoporum
1308 5015 1589 5070 Numidia:
1630 5016 1844 5088 Hippo-

158 5103 553 5173 nem-Regium
594 5104 766 5170 venit,
800 5104 947 5158 hanc
987 5106 1288 5158 Ecclesiam
1321 5103 1671 5160 visitaturus.
1713 5108 1844 5176 Ejus

161 5192 450 5256 praesentia
497 5193 897 5262 requirebatur
941 5194 1010 5247 ad
1061 5194 1392 5264 episcopum
1437 5193 1840 5248 ordinandum.

164 5275 345 5348 ltaque
385 5281 641 5335 Valerius
681 5286 911 5351 arrepta
954 5283 1271 5350 occasione,
1315 5283 1554 5351 Megalia
1595 5283 1842 5336 ueteris-

163 5379 262 5434 que
292 5371 628 5438 praesulibus
658 5370 757 5441 qui
779 5376 899 5424 tum
931 5371 1075 5425 forte
1099 5373 1358 5440 aderant,
1391 5371 1608 5442 totique
1643 5372 1846 5442 Hippo-

166 5457 317 5510 nensi
345 5459 514 5525 clero,
557 5465 612 5514 et
646 5459 922 5513 universae
961 5460 1110 5531 plebi
1141 5478 1305 5515 suum
1355 5462 1423 5516 de
1457 5462 1845 5532 promovendo

169 5541 232 5596 ad
261 5546 646 5621 episcOpatum
675 5548 994 5620 Augustino
1033 5549 1358 5616 consilium,
1391 5549 1608 5604 cunctis
1653 5550 1846 5605 hacte-

1957 1667 2064 1705 nus
2091 1650 2374 1723 ignotum,
2397 1653 2581 1726 aperit
2608 1654 2808 1726 (Ibid).
2845 1655 3010 1721 Quod
3039 1655 3273 1727 quidem
3299 1672 3523 1712 summo
3555 1672 3656 1729 po-

1954 1740 2077 1809 puli
2106 1742 2483 1814 omniumque
2525 1743 2898 1814 praesentium
2936 1744 3125 1799 studio
3166 1751 3221 1800 et
3268 1746 3652 1816 gratulatione

1955 1833 2277 1898 exceptum,
2305 1831 2638 1902 ingentique
2668 1832 3093 1900 acclamatione,
3134 1837 3200 1887 ut
3227 1833 3374 1887 facto
3403 1834 3652 1904 comple-

1953 1921 2130 1983 retur,
2195 1918 2513 1989 ﬂagitatum
2552 1924 2636 1974 est
2683 1921 2879 1990 (Epist.
2949 1924 3036 1988 3l,
3093 1936 3149 1974 η.
3196 1921 3269 1991 4).
3322 1922 3476 1976 Unus
3521 1939 3652 1978 cum

1955 2005 2191 2076 lllegalio
2218 2007 2496 2061 renuebat
2530 2009 2903 2079 Augustinus.
2946 2009 3060 2064 Cur
3087 2013 3278 2064 autem
3304 2010 3357 2064 ei
3380 2011 3652 2082 Megalius

1952 2094 2207 2149 infensus
2250 2100 2418 2163 esset,
2466 2112 2582 2150 non
2628 2101 2888 2150 constat:
2939 2097 2998 2150 id
3048 2113 3228 2151 unum
3269 2097 3470 2169 liquet,
3517 2115 3650 2154 eum

1949 2183 2158 2237 iratum
2210 2183 2592 2239 intercessisse
2649 2184 2802 2239 illius
2849 2184 3198 2239 ordinationi
3253 2184 3475 2256 (Contra
3531 2187 3652 2242 Cre-

1952 2274 2210 2339 sconium,
2244 2274 2340 2328 lib.
2389 2276 2440 2341 3,
2472 2290 2527 2327 η.
2563 2274 2676 2344 92),
2725 2289 2944 2327 necnon
2987 2273 3275 2344 scripsisse
3328 2273 3564 2340 litteras,
3588 2273 3650 2329 in

1953 2361 2182 2431 quibus,
2207 2377 2339 2414 eum
2379 2361 2462 2416 rei
2491 2361 2810 2432 cujuspiam
2843 2361 3208 2416 insimulabat
3237 2360 3422 2431 (Ibid.,
3465 2360 3558 2414 lib.
3589 2361 3648 2428 4,

1949 2465 2005 2502 η.
2038 2451 2146 2517 '79).
2181 2449 2455 2513 Quaenam
2501 2467 2674 2520 porro
2706 2467 2770 2504 ea
2811 2450 3002 2508 fuerit,
3048 2449 3388 2504 nominatim
3443 2451 3500 2503 et
3539 2448 3652 2502 dis-

1949 2535 2122 2591 tincte
2174 2553 2291 2591 non
2341 2539 2692 2609 agnoscitur.
2744 2539 2895 2592 Licet
2934 2539 3086 2592 enim
3126 2537 3478 2609 Augustinus
3519 2553 3651 2606 pro-

1948 2625 2096 2679 xime
2147 2631 2278 2680 ante
2318 2643 2490 2697 quam
2538 2627 2859 2681 litterarum
2900 2627 3120 2697 Megalii
3163 2625 3442 2693 meminit,
3488 2629 3651 2679 notet

1949 2714 2290 2768 Petilianum
2328 2715 2680 2770 Donatistam
2700 2715 3046 2786 persuadere
3074 2715 3238 2781 velle,
3267 2711 3456 2784 ipsum
3481 2729 3642 2768 ama-

1946 2801 2092 2856 toria
2130 2803 2408 2858 maleﬁcia
2447 2803 2676 2857 mulieri
2719 2803 2944 2858 cuidam
2976 2803 3317 2873 praebuisse;
3358 2801 3530 2857 simul
3557 2806 3644 2856 ta-

1948 2907 2080 2944 men
2119 2891 2254 2944 satis
2296 2891 2531 2959 indicat,
2564 2891 2709 2946 hanc
2749 2892 3094 2946 calumniam
3121 2892 3192 2946 ab
3220 2907 3336 2946 uno
3368 2889 3645 2945 Petiliano

1948 2978 2342 3050 excogitatam,
2359 2996 2476 3034 non
2497 2996 2564 3034 ex
2587 2981 2700 3034 illis
2720 2981 2924 3035 litteris
2958 2980 3131 3034 fuisse
3155 2979 3457 3050 repetitam
3479 2979 3638 3049 (Con-

1950 3071 2038 3120 tra
2064 3069 2201 3122 Litt.
2247 3069 2428 3131 Petil.,
2473 3069 2566 3122 lib.
2601 3072 2652 3135 3,
2683 3085 2737 3123 n.
2786 3067 2890 3140 19).
2936 3069 3071 3123 Utut
3099 3071 3201 3133 est,
3247 3070 3489 3122 testatur
3525 3069 3641 3121 Au-

1949 3156 2230 3227 gustinus,
2259 3173 2318 3210 se
2344 3157 2565 3227 Megalii
2596 3157 2834 3226 litteras,
2866 3173 2970 3211 nec
2999 3157 3047 3210 si
3076 3156 3172 3210 ille
3201 3156 3260 3210 in
3286 3154 3644 3211 accusatione

1948 3245 2306 3316 perstitisset,
2345 3245 2581 3300 minime
2626 3249 2956 3300 curaturum
3006 3245 3199 3300 fuisse.
3257 3245 3461 3299 Verum
3512 3261 3643 3299 cum

1950 3334 2220 3404 Megalius
2257 3338 2317 3388 in
2348 3334 2741 3406 episcoporum
2781 3334 3024 3390 concilio
3055 3333 3316 3406 probare,
3347 3332 3500 3403 quod
3528 3335 3642 3387 Au-

1949 3423 2180 3494 gustino
2209 3423 2511 3494 objecerat,
2556 3425 2880 3495 urgeretur,
2925 3423 3296 3478 accusationis
3335 3421 3642 3476 falsitatem

1947 3512 2199 3582 agnovit,
2241 3513 2525 3583 prolatam
2551 3529 2584 3568 a
2632 3529 2690 3567 se
2716 3512 3063 3568 calumniam
3105 3512 3312 3583 scripto
3341 3509 3642 3565 manifeste

1948 3601 2257 3665 damnavit,
2281 3604 2336 3654 et
2357 3618 2386 3653 a
2409 3606 2600 3654 sancto
2617 3601 2854 3655 concilio
2876 3600 3162 3655 commissi
3178 3600 3238 3655 in
3258 3599 3642 3670 Augustinum

1950 3689 2141 3743 delicti
2184 3689 2410 3742 veniam
2449 3688 2618 3758 petiit
2664 3691 2881 3758 (Contra
2922 3690 3189 3755 Crescon.,
3223 3688 3316 3742 lib.
3349 3690 3400 3755 3,
3431 3701 3496 3741 η.
3527 3685 3639 3754 92).

1947 3779 2058 3832 Nec
2086 3777 2238 3831 enim
2263 3793 2320 3830 se
2341 3778 2413 3831 ob
2431 3777 2662 3830 titulum
2687 3781 2744 3831 et
2773 3777 3111 3848 dignitatem
3133 3773 3395 3845 primatis
3423 3790 3456 3828 a
3475 3775 3644 3845 culpa

1946 3882 2047 3919 sua
2077 3865 2434 3918 emendanda
2463 3865 2784 3918 immunem
2809 3863 3116 3918 arbitratus
3136 3867 3248 3929 est;
3272 3877 3469 3916 verum
3487 3861 3642 3916 illius

1945 3952 2120 4008 divini
2161 3953 2375 4006 oraculi
2413 3952 2699 4022 sapienter
2726 3951 3027 4017 meminit;
3064 3953 3273 4022 Quanto
3306 3963 3535 4016 magnus
3564 3964 3638 4016 es,

1946 4043 2174 4095 humilia
2220 4046 2270 4095 te
2297 4043 2354 4095 in
2400 4041 2662 4107 omnibus,
2696 4045 2745 4094 et
2774 4056 2951 4094 coram
3003 4042 3100 4094 Deo
3141 4039 3643 4105 invenies'gratiam

1947 4129 2133 4201 (Eccli.
2192 4147 2273 4196 ιιι,
2350 4131 2462 4194 20).
2523 4130 2876 4200 Quapropter
2925 4127 3231 4182 concilium
3285 4125 3356 4192 ei,
3415 4129 3482 4180 ut
3536 4124 3645 4179 sibi

1947 4219 2340 4289 ignosceretur
2389 4217 2687 4272 humiliter
2752 4215 2985 4285 petenti,
3035 4216 3347 4270 clementer
3398 4213 3639 4286 ignovit.

1947 4309 2110 4373 Quod
2135 4309 2336 4362 attinet
2364 4307 2437 4362 ad
2476 4308 2617 4362 illud
2647 4307 2974 4370 concilium,
3007 4306 3053 4361 si
3078 4305 3351 4377 praesules
3393 4304 3492 4375 qui
3522 4304 3644 4375 pri—

1946 4413 2107 4450 mum
2164 4397 2484 4468 Hipponem
2532 4399 2939 4465 convenerant,
2978 4411 3097 4450 non
3151 4399 3269 4448 tam
3313 4393 3644 4464 frequentes

1946 4490 2126 4554 erant,
2175 4492 2249 4555 ut.
2277 4490 2509 4556 possent
2555 4485 2858 4539 concilium
2907 4498 3280 4555 componere;
3329 4485 3419 4536 sat
3447 4480 3644 4552 magni

1947 4573 2224 4628 momenti
2251 4589 2338 4628 res
2369 4578 2489 4628 erat
2529 4573 2599 4628 ad
2637 4573 2775 4628 illud
2805 4573 2893 4628 vel
2925 4572 2998 4627 ob
3029 4588 3156 4626 eam
3197 4587 3374 4626 unam
3415 4585 3645 4625 causam

1948 4663 2416 4717 convocandum:
2452 4662 2562 4716 nisi
2589 4662 2734 4717 forte
2781 4662 2974 4733 aliqua
3002 4661 3249 4732 synodus
3283 4658 3646 4731 provincialis

1948 4751 2006 4804 in
2031 4750 2296 4805 Numidia
2316 4755 2452 4804 tunc
2481 4749 2754 4820 temporis
2781 4749 2893 4804 alia
2921 4748 3216 4803 occasione
3239 4748 3522 4803 celebrata
3550 4747 3642 4814 sit,

1949 4856 2076 4910 qua:
2113 4839 2219 4892 hac
2247 4838 2370 4908 ipsa
2399 4837 2467 4892 de
2497 4853 2556 4892 re
2579 4836 2924 4907 cognoverit.
2960 4837 3134 4891 Paulo
3155 4840 3282 4908 post
3296 4835 3645 4905 Augustinus

1949 4928 2021 4982 ad
2073 4926 2443 4982 Profuturum
2498 4925 3008 4980 familiarissimum
3061 4941 3227 4980 suum
3269 4925 3520 4980 scribens
3575 4923 3646 4978 de

1949 5016 2120 5086 hujus
2165 5014 2390 5084 Megalii
2431 5014 2608 5081 obitu,
2659 5014 2768 5068 ista
2795 5015 3066 5069 continuo
3098 5014 3517 5085 subjicitszon
3548 5012 3646 5066 de-

1949 5110 2074 5160 sunt
2103 5104 2385 5171 scandala,
2417 5104 2512 5158 sed
2537 5119 2705 5174 neque
2751 5105 3024 5172 refugium
3055 5121 3068 5171 ;
3109 5119 3214 5158 non
3251 5103 3442 5158 desunt
3464 5115 3647 5155 maro-

1951 5210 2055 5260 res,
2083 5194 2178 5248 sed
2213 5210 2381 5262 neque
2409 5195 2790 5249 consolationes
2827 5195 3024 5264 (Epist.
3061 5197 3148 5258 38,
3174 5209 3230 5248 η.
3261 5195 3334 5260 2).
3369 5191 3483 5246 Sub
3523 5191 3646 5243 hazc

1952 5283 2147 5336 multis
2195 5283 2444 5338 ostendit
2483 5283 2627 5336 iram
2669 5298 2790 5336 esse
2832 5281 3185 5353 fugiendam,
3235 5296 3306 5334 ne
3355 5277 3471 5332 odii
3516 5281 3644 5332 tan-

1953 5372 2082 5426 dem
2123 5377 2387 5426 naturam
2417 5371 2634 5426 induat.
2692 5370 2904 5425 Deinde
2945 5367 3235 5424 concludit
3276 5381 3556 5433 asserens,
3587 5381 3648 5420 se

1956 5461 2062 5514 ista
2102 5462 2357 5516 consulto
2389 5460 2626 5530 scibere,
2669 5460 2742 5514 ob
2793 5476 2858 5514 ea
2887 5476 3017 5531 quae
3047 5471 3230 5528 nuper
3275 5453 3384 5508 sibi
3414 5453 3651 5509 dixisset

1957 5549 2311 5606 Profuturus.
2345 5549 2505 5605 Haud
2543 5549 2751 5604 scimus
2795 5564 2868 5603 an
2895 5548 2994 5602 illa
3039 5545 3108 5600 ad
3151 5542 3373 5614 Megalii
3415 5559 3647 5600 causam
