4060 6366
377 269 474 322 211

378 391 719 461 spectarent,
750 387 814 444 in
850 403 964 461 qua
999 386 1243 442 fortasse
1281 385 1620 442 Profuturus
1651 386 1778 459 jam
1803 389 1928 449 tum
1959 385 2081 458 epi-

375 492 602 549 scopus,
627 475 935 549 Augustini
963 474 1052 530 sui
1073 475 1212 530 olim
1232 475 1493 546 magistri
1507 477 1700 547 partes
1720 475 2080 548 suscepisset.

377 567 519 622 Cum
543 565 625 637 [in
674 564 1104 619 Donatistarum
1136 580 1341 618 manus
1379 563 1618 635 epistola
1644 563 1871 636 Megalii
1899 563 2086 618 venis-

389 660 494 724 set,
529 671 655 709 eam
685 655 754 709 ad
793 653 1046 708 infamiae
1075 653 1262 708 labem
1309 653 1626 724 Augustino
1671 652 2084 724 aspergendam

380 744 651 799 adbibere
665 746 976 798 tentarunt.
987 743 1194 797 Verum
1206 741 1358 796 haud
1373 741 1604 797 difﬁcile
1617 744 1655 797 A
1666 741 1936 814 ugustino
1951 742 2084 811 fuit,

383 850 480 889 eos
510 831 854 889 accusatoris
889 832 976 886 sui
1008 831 1409 887 retractatione
1439 831 1793 887 convincere.
1826 832 1891 886 In
1912 831 2083 885 colla-

379 923 536 977 tione
569 921 1001 992 Carthaginensi
1022 920 1355 988 Donatistae,
1385 921 1485 992 qui
1506 937 1732 992 semper
1754 919 1816 974 in
1835 921 2082 992 aliquam

387 1011 758 1085 perturbandi
789 1011 1143 1066 occasionem
1168 1009 1596 1078 imminebant,
1629 1010 1981 1082 quaesierunt
2015 1009 2083 1064 ab

379 1089 719 1172 Augustino,
751 1099 880 1172 quis
927 1116 1060 1154 eum
1091 1099 1447 1155 ordinasset:
1490 1115 1608 1172 quo
1639 1098 1914 1153 nimirum
1950 1097 2085 1153 inde

379 1189 642 1262 litigandi
661 1205 859 1244 ansam
881 1188 1216 1260 arriperent.
1239 1189 1597 1260 Quapropter
1626 1187 1981 1260 Augustinus
2019 1203 2086 1242 ea

380 1280 450 1334 de
480 1295 563 1346 re,
596 1295 726 1348 quas
769 1278 838 1334 ad
868 1277 1220 1349 propositam
1263 1277 1639 1349 quaestionem
1667 1293 1784 1332 non
1830 1275 2084 1348 pertine-

380 1371 486 1432 ret,
540 1367 656 1422 illis
689 1367 1022 1439 aliquandiu
1068 1367 1413 1438 respondere
1459 1365 1699 1422 distulit.
1743 1367 1817 1420 At
1860 1381 1989 1420 cum
2021 1382 2085 1419 ex

382 1474 484 1511 suo
515 1456 694 1529 ipsius
730 1455 958 1511 silentio
991 1472 1089 1510 eos
1121 1454 1394 1528 proﬁcere
1426 1455 1763 1524 adverteret,
1793 1453 1906 1509 illis
1950 1470 2085 1508 con-

381 1545 627 1600 ﬁdenter
654 1543 967 1616 respondit,
1003 1559 1061 1597 se
1093 1559 1124 1597 a
1171 1541 1408 1614 Megalio
1456 1540 1856 1613 episcoporum
1899 1541 2084 1596 Eccle-

385 1633 485 1688 siae
516 1632 807 1688 catholicas
846 1632 907 1687 in
952 1631 1221 1688 Numidia
1264 1631 1528 1702 primate,
1561 1647 1628 1686 eo
1666 1634 1926 1702 tempore
1971 1646 2086 1702 quo

383 1721 479 1776 ille
510 1720 774 1777 ordinare
802 1725 1048 1792 poterat,
1075 1720 1249 1775 fuisse
1279 1719 1640 1788 ordinatum;
1673 1735 1841 1791 posse
1870 1735 1968 1774 eos
1992 1735 2085 1773 su-

381 1827 483 1882 per
510 1811 616 1866 hac
646 1826 726 1877 re,
762 1809 1042 1882 quidquid
1071 1809 1296 1878 liberet,
1327 1824 1684 1880 expromere,
1728 1824 1971 1880 suasque
2001 1823 2087 1862 ca—

387 1900 636 1956 lumnias
661 1915 791 1954 cum
820 1898 1057 1954 veritate
1100 1901 1458 1953 connectere.
1513 1899 1670 1952 Tunc
1699 1896 1805 1964 illi,
1837 1913 1968 1952 cum
1998 1912 2085 1950 re-

379 1988 683 2061 spondere,
717 1990 814 2042 aut
848 1986 1083 2042 omnino
1127 1985 1345 2041 hiscere
1373 2001 1492 2041 non
1535 1985 1831 2056 auderent,
1863 1985 1933 2041 ad
1975 1983 2087 2039 alia

379 2076 594 2148 delapsi
626 2080 761 2131 sunt
787 2075 1099 2147 (Collatione
1119 2076 1380 2145 Carthag.
1412 2079 1465 2142 3,
1498 2091 1619 2145 cap.
1653 2075 1801 2145 247).

451 2169 503 2223 3.
536 2168 609 2222 Ut
630 2164 1016 2236 Augustinum
1041 2164 1388 2235 inaugurare
1417 2163 1714 2234 Megalius,
1737 2163 1818 2218 sic
1837 2160 2086 2218 vicissim

379 2254 718 2326 inaugurari
753 2253 1108 2325 Augustinus
1149 2253 1446 2308 recusabat
1499 2252 1815 2323 (Possidius,
1849 2254 1910 2306 in
1957 2253 2088 2306 Vita

381 2345 702 2413 Augustini,
726 2359 772 2398 c.
806 2343 880 2414 8).
915 2343 1026 2397 Nec
1051 2341 1206 2396 enim
1235 2341 1426 2396 minor
1451 2344 1573 2395 erat
1598 2340 1772 2410 hujus
1801 2339 2088 2394 modestia

385 2437 441 2489 et
465 2432 691 2503 religio,
722 2447 896 2503 quam
917 2435 1002 2487 tot
1021 2430 1331 2485 illustrium
1350 2429 1624 2498 virorum,
1651 2430 1752 2500 qui
1773 2433 1942 2483 aetate
1964 2427 2082 2494 illa,

383 2526 448 2576 ut
477 2521 870 2592 episcopatum
899 2519 1270 2590 susciperent,
1303 2518 1465 2573 sicuti
1498 2518 1713 2586 scribit,
1743 2518 2088 2572 tenebantur

384 2609 570 2674 inviti,
600 2609 1075 2680 perducebantur,
1107 2607 1568 2674 includebantur,
1599 2607 2084 2674 custodiebantur,

383 2698 754 2771 patiebantur
781 2702 940 2753 tanta
967 2713 1096 2768 quae
1127 2696 1393 2752 nolebant
1424 2697 1604 2752 donec
1639 2696 1719 2750 eis
1746 2696 1966 2751 adesset
1987 2711 2086 2750 vo-

385 2789 575 2843 luntas
596 2787 937 2859 suscipiendi
963 2786 1153 2858 operis
1180 2785 1316 2840 boni
1343 2787 1543 2856 (Epist.
1582 2789 1699 2850 173,
1736 2802 1792 2840 n.
1825 2785 1898 2855 2).
1945 2786 2087 2838 Nam

384 2882 774 2950 praeterquam
801 2875 957 2948 quod
990 2875 1327 2947 episcopalis
1349 2874 1641 2946 dignitatis
1660 2890 1803 2930 onus
1825 2873 2086 2928 reformi-

385 2967 574 3030 dabat,
606 2966 716 3038 ipsi
743 2965 1008 3021 veniebat
1044 2965 1103 3020 in
1134 2968 1407 3031 mentem,
1442 2965 1511 3019 ab
1552 2963 1810 3019 Ecclesiae
1842 2979 2086 3018 consue-

387 3056 584 3111 tudine
615 3055 940 3124 abborrere,
984 3057 1046 3108 ut
1073 3053 1299 3108 vivente
1329 3053 1512 3108 adhuc
1540 3051 1808 3123 episcopo
1839 3051 1983 3106 alius
2013 3051 2090 3106 ei-

390 3145 520 3200 dem
553 3142 814 3199 Ecclesiae
844 3142 1252 3214 praeficeretur.
1292 3140 1510 3197 Certior
1537 3145 1730 3196 tamen
1778 3141 1957 3196 factus
2007 3144 2093 3195 est

387 3233 446 3288 id
479 3247 692 3286 novum
723 3235 779 3286 et
798 3231 1051 3285 insolens
1080 3245 1196 3283 non
1225 3245 1368 3295 esse,
1393 3229 1632 3300 prolatis
1661 3228 1774 3299 ipsi
1800 3228 2088 3300 plurimis,

388 3336 508 3376 non
537 3318 814 3374 Africanis
835 3317 1027 3380 modo,
1056 3317 1155 3372 sed
1176 3315 1577 3372 transmarinis
1599 3316 1773 3371 etiam
1795 3317 2088 3388 exemplis,

391 3407 600 3481 quibus
629 3406 817 3462 omnis
865 3405 1154 3462 excusatio
1193 3405 1245 3460 ei
1270 3405 1550 3476 praeclusa
1578 3409 1662 3460 est
1688 3406 2010 3476 (Possidius,
2034 3408 2092 3461 in

393 3501 528 3555 Vita
554 3497 876 3564 Augustini,
909 3511 955 3551 c.
999 3497 1052 3562 8,
1094 3499 1144 3550 et
1172 3495 1541 3563 Augustinus,
1571 3496 1754 3565 Epist.
1797 3498 1885 3562 31,
1917 3512 1972 3550 η.
2015 3496 2088 3563 4).

395 3588 535 3643 Cum
561 3586 740 3658 igitur
783 3584 976 3640 divino
1007 3583 1242 3638 consilio
1277 3583 1649 3638 vehementer
1686 3583 1915 3639 timeret
1943 3583 2093 3639 obsi-

392 3679 561 3744 stere,
593 3675 641 3729 si
663 3675 814 3746 quod
834 3677 989 3729 tanta
1015 3673 1276 3745 praesulis
1298 3671 1387 3726 sui
1408 3672 1680 3727 charitate
1697 3677 1972 3745 tantoque
1988 3689 2092 3744 po-

391 3765 513 3838 puli
539 3764 728 3820 studio
759 3762 866 3818 sibi
902 3762 1280 3830 deferebatur,
1314 3760 1529 3816 diutius
1553 3766 1870 3829 recusaret;
1903 3762 2092 3834 publi-

393 3855 472 3910 cis
501 3869 703 3909 eorum
735 3851 880 3907 votis
907 3868 971 3906 ac
1001 3850 1297 3906 desideriis
1327 3849 1580 3905 divinam
1607 3850 1714 3906 sibi
1743 3852 2094 3906 voluntatem

393 3941 715 3999 denuntiari
734 3941 992 3996 credidit.
1015 3939 1390 4012 Dedititaque
1409 3956 1636 4010 manus,
1659 3945 1921 3995 etcuram
1938 3957 2002 3995 ac
2015 3940 2095 3996 di-

391 4032 621 4105 gnitatis
665 4029 1002 4102 episcopalis
1043 4028 1296 4100 insignia
1334 4029 1584 4099 suscepit
1621 4029 1852 4084 invitus.
1887 4030 2095 4085 Scribit

391 4122 662 4178 Paulinus
693 4121 761 4174 ab
778 4119 881 4173 hac
901 4117 1174 4172 inusitata
1197 4116 1557 4172 ordinatione
1575 4133 1784 4172 novum
1802 4119 1954 4174 illius
1977 4120 2098 4191 epi-

392 4209 651 4282 scopatui
690 4206 1052 4277 splendorem
1103 4222 1166 4260 ac
1214 4206 1384 4260 decus
1423 4205 1757 4273 accessisse;
1807 4223 1911 4262 nec
1937 4208 2096 4279 prius

393 4299 501 4353 hoc
531 4295 687 4352 credi
727 4294 1005 4367 potuisse,
1039 4309 1213 4365 quam
1258 4293 1423 4348 ﬁeret
1475 4294 1662 4364 (Apud
1707 4296 2093 4363 Augustinum,

392 4388 570 4456 Epist.
607 4388 693 4452 32,
723 4399 781 4438 η.
813 4386 886 4448 2).
933 4383 996 4437 Id
1027 4398 1164 4436 sane
1192 4386 1526 4451 conceptam
1557 4383 1628 4437 de
1656 4383 1960 4454 Augustini
1990 4384 2095 4439 do-

394 4474 577 4530 ctrina
631 4477 687 4528 et
739 4471 954 4543 pietate
1007 4469 1489 4526 existimationem
1535 4471 1960 4541 comprobabat.
2023 4473 2096 4527 Ea

394 4568 588 4619 tamen
629 4560 914 4617 ordinatio
959 4559 1307 4632 reprehensa
1335 4565 1439 4628 est,
1488 4565 1544 4616 et
1581 4560 1705 4632 ipse
1740 4561 2096 4632 Augustinus

392 4656 518 4708 tum
544 4651 736 4717 verbo,
758 4654 882 4705 tum
901 4649 1112 4721 scripto
1135 4649 1424 4704 confessus
1443 4653 1546 4717 est,
1577 4650 1635 4704 id
1657 4653 1851 4705 octavo
1869 4651 2097 4706 concilii

396 4739 610 4797 Nicaeni
635 4755 850 4794 canone
875 4737 1047 4794 fuisse
1069 4737 1424 4810 prohibitum
1457 4739 1653 4811 (Epist.
1688 4741 1812 4806 213,
1845 4756 1896 4795 η.
1927 4740 2005 4812 4).
2037 4740 2097 4796 in

395 4847 510 4903 quo
528 4832 719 4884 sancta
737 4828 836 4883 illa
850 4828 1099 4900 synodus
1115 4827 1251 4882 satis
1267 4831 1462 4901 aperte
1480 4828 1746 4892 declarat,
1764 4828 2095 4900 primariam

397 4933 560 4972 suam
590 4915 968 4971 intentionem
1000 4933 1126 4972 eam
1155 4933 1295 4985 esse,
1326 4921 1392 4972 ut
1429 4917 1634 4973 unicus
1659 4918 1894 4973 cuilibet
1921 4920 2096 4974 eccle-

393 5006 491 5061 siae
520 5005 713 5078 praesit
741 5003 1059 5077 episcopus,
1091 5006 1224 5060 licet
1252 5005 1560 5077 aliquando
1587 5007 1938 5062 contrarium
1967 5007 2089 5063 ﬁeri

395 5095 711 5168 permittat.
765 5094 974 5149 Verum
1022 5111 1127 5149 nec
1165 5095 1506 5166 Augustino,
1553 5112 1657 5151 nec
1692 5096 1914 5152 Valerio
1959 5101 2096 5154 tunc

392 5183 670 5254 temporis
708 5185 911 5237 notum
960 5185 1080 5235 erat
1125 5181 1269 5236 illud
1315 5181 1540 5236 concilii
1580 5183 1891 5250 decretum,
1941 5183 2096 5254 quod

392 5271 493 5327 ubi
523 5271 703 5338 scivit,
733 5270 961 5325 concilii
985 5270 1338 5324 sanctionem
1367 5275 1625 5325 accurate
1656 5271 1918 5325 servavit.
1951 5273 2091 5326 Nam

393 5367 590 5416 auctor
603 5359 837 5432 quidem
855 5359 1054 5419 fuit,ut
1064 5359 1732 5431 statueretur,episcopos
1752 5361 2091 5425 Donatistas,

394 5450 494 5522 qui
524 5450 593 5505 ad
619 5448 878 5505 Ecclesia:
908 5447 1373 5504 communionem
1397 5448 1672 5515 redirent,
1705 5448 1898 5504 sedere
1927 5465 2093 5521 posse

395 5555 527 5595 cum
555 5539 816 5612 episcopo
837 5538 1134 5607 catholico,
1168 5537 1312 5593 sicut
1339 5536 1641 5594 concilium
1667 5537 1958 5596 Nicaenum
1989 5541 2093 5595 Νο-

1584 262 1759 319 VITA
1811 262 1867 319 S.
1909 261 2296 324 AUGUSTINI
2353 264 2692 325 EPISCOPI.

3788 273 3896 324 212

2190 388 2431 444 vatianis
2454 389 2794 462 permiserat
2816 404 2830 446 :
2851 404 3049 445 verum
3077 393 3287 462 praeter
3305 387 3482 461 hujus
3517 389 3746 462 generis
3769 406 3896 463 per.

2191 491 2348 530 raros
2377 492 2557 544 casus,
2588 476 2646 530 in
2678 476 2886 548 quibus
2913 477 3129 532 inﬂicta
3159 476 3552 532 ecclesiastica:
3578 477 3897 548 disciplina:

2189 566 2360 638 plaga
2388 565 2590 637 majori
2621 565 3096 620 reconciliationis
3125 566 3274 620 bono
3305 566 3531 621 abunde
3559 582 3896 637 compensa-

2191 658 2368 722 retur,
2391 671 2506 708 non
2523 654 2847 725 patiebatur
2875 653 2930 708 id
2958 655 3029 709 ab
3050 653 3175 708 aliis
3203 653 3353 722 fieri,
3383 656 3546 725 cujus
3565 653 3757 726 ipsum
3779 670 3898 725 pue-

2192 742 2430 798 nitebat.
2460 744 2845 809 Quamobrem
2889 759 3018 798 cum
3051 743 3428 798 arbitraretur
3467 744 3896 815 procurandam

2192 829 2300 884 sibi
2328 846 2448 885 esse
2488 829 2728 885 Heraclii
2761 829 3078 902 presbyteri
3110 830 3475 898 electionem,
3506 830 3606 902 qui
3632 829 3741 885 sibi
3776 846 3901 885 suc-

2191 918 2448 986 cederet;
2485 935 2617 974 eum
2655 923 2850 974 tamen
2887 919 3287 991 presbyterum
3317 919 3576 992 reliquit,
3607 936 3714 974 nec
3742 919 3901 974 illius

2193 1007 2620 1062 ordinationem
2663 1007 2952 1078 promovit
3017 1007 3206 1080 (lbid.,
3255 1024 3349 1062 nn.
3422 1010 3477 1076 4,
3527 1011 3600 1078 5).
3653 1008 3796 1063 Hinc
3841 1013 3903 1064 et

2192 1094 2335 1150 illud
2356 1099 2628 1150 statutum
2658 1094 2721 1150 in
2749 1094 3006 1162 conciliis
3037 1095 3412 1151 sanciendum
3433 1095 3670 1163 curavit,
3700 1099 3765 1150 ut
3791 1110 3895 1150 or-

2192 1183 2454 1239 dinandis
2479 1183 2740 1239 omnium
2771 1184 2997 1240 decreta
3029 1186 3261 1240 Patrum
3283 1185 3354 1240 ab
3385 1185 3711 1240 ordinatore
3732 1185 3899 1256 lege-

2191 1277 2391 1328 rentur
2429 1275 2746 1345 (Possidius,
2777 1277 2836 1329 in
2867 1276 2997 1331 Vita
3033 1275 3358 1343 Augustini,
3387 1291 3431 1330 c.
3460 1274 3534 1346 8).
3578 1275 3770 1329 Exstat
3797 1273 3898 1328 de-

2193 1367 2412 1418 cretum
2449 1363 2593 1418 illud
2639 1363 2698 1418 in
2746 1363 2987 1418 concilio
3027 1363 3463 1434 Carthaginensi
3503 1362 3698 1431 tertio,
3735 1363 3900 1434 cujus

2192 1451 2396 1507 tertius
2422 1467 2603 1506 canon
2631 1452 2689 1507 in
2721 1453 3006 1508 decimum
3045 1456 3307 1508 octavum
3339 1452 3562 1510 Codicis
3598 1452 3899 1508 Africano-

2193 1557 2321 1598 rum
2352 1557 2637 1596 canonum
2666 1541 2911 1597 insertus
2938 1541 3062 1597 haec
3084 1541 3257 1597 habet
3287 1559 3300 1597 :
3333 1544 3544 1598 Placuit
3571 1547 3632 1597 ut
3661 1542 3900 1597 ordina-

2195 1633 2264 1686 tis
2282 1632 2542 1701 episcopis
2557 1631 2641 1685 vel
2660 1631 2867 1686 clericis
2884 1631 3042 1702 prius
3059 1631 3127 1686 ab
3145 1631 3551 1688 ordinatoribus
3565 1633 3678 1686 suis
3686 1633 3902 1702 placita

2194 1721 2535 1775 conciliorum
2579 1720 2805 1776 auribus
2850 1735 3030 1775 eorum
3075 1721 3427 1788 inculcentur,
3468 1736 3535 1775 ne
3579 1736 3634 1776 sc
3674 1719 3902 1789 aliquid

2193 1813 2381 1864 contra
2407 1813 2616 1864 statuta
2641 1810 2855 1864 concilii
2879 1811 3071 1877 fecisse
3095 1811 3358 1878 poeniteat
3388 1809 3602 1875 (Labbe,
3634 1806 3899 1866 Concilio-

2192 1914 2316 1953 rum
2350 1899 2660 1955 Collectione
2702 1901 2968 1966 maxima,
3001 1903 3139 1953 tomo
3172 1900 3228 1966 2,
3270 1913 3404 1968 pag.
3445 1899 3630 1968 £057);
3667 1897 3803 1961 sive,
3837 1900 3903 1951 ut

2193 1986 2407 2056 legitur
2436 1986 2496 2040 in
2522 1986 2761 2040 concilio
2792 1985 3224 2056 Carthaginensi
3255 1987 3445 2050 tertio,
3477 1987 3660 2058 capite
3689 1985 3896 2042 tertio:

2194 2077 2417 2131 Placuit
2459 2081 2521 2131 ut
2554 2077 2945 2132 ordinandis...
3001 2078 3213 2132 decreta
3251 2077 3660 2132 conciliorum...
3707 2076 3901 2144 fecisse

2194 2170 2440 2220 asserant
2464 2165 2652 2236 (Ibid.,
2681 2181 2812 2236 pag.
2843 2168 3019 2234 1167).

2264 2255 2316 2308 4.
2336 2255 2463 2308 Haec
2475 2253 2747 2308 nimirum
2764 2253 2873 2309 fuit
2888 2254 3184 2325 Augustini
3200 2253 3774 2326 promotio,cujusille
3787 2269 3902 2309 me-

2197 2343 2440 2397 moriam
2461 2342 2767 2415 quotannis
2785 2344 3112 2398 renovabat.
3134 2343 3626 2409 Quemadmodum
3645 2343 3756 2397 illis
3769 2347 3891 2397 tem

2195 2431 2624 2502 poribusfacere
2637 2437 3044 2488 consueverant
3060 2432 3220 2488 Urbis
3236 2449 3465 2505 quoque
3480 2431 3779 2498 antistites,
3797 2431 3902 2504 qui

2195 2519 2472 2591 plurimos
2492 2521 2560 2575 ad
2588 2520 2734 2574 hanc
2762 2520 3145 2576 celebritatem
3165 2520 3460 2593 episcopos
3487 2519 3897 2576 convocabant.

2197 2607 2461 2678 Legimus
2479 2608 2650 2664 etiam
2667 2608 2962 2680 episcopos
2975 2609 3295 2665 Donatistas
3310 2611 3376 2666 ad
3391 2611 3434 2666 Ο
3442 2610 3583 2681 ptati
3605 2609 3692 2664 sui
3711 2609 3903 2665 Gildo-

2196 2695 2355 2750 niani
2377 2697 2638 2752 natalitia
2655 2697 2980 2768 frequentes
3003 2698 3303 2753 convenire
3332 2698 3527 2753 solitos
3549 2699 3750 2769 (Epist.
3777 2700 3899 2763 108,

2194 2802 2251 2840 n.
2286 2790 2315 2841 5
2339 2805 2355 2852 ;
2385 2788 2583 2844 Contra
2609 2789 2846 2842 Litteras
2875 2789 3152 2849 Petiliani,
3177 2789 3271 2842 lib.
3311 2791 3366 2856 2,
3397 2804 3448 2842 η.
3481 2789 3588 2858 53).
3620 2786 3902 2842 Anniver-

2197 2875 2379 2928 sarius
2434 2874 2540 2929 iste
2589 2875 2709 2930 dies
2765 2875 3206 2930 consecrationis
3258 2874 3564 2948 Augustini
3611 2873 3900 2930 universa:

2196 2963 2431 3035 quidem
2460 2963 2662 3018 Africae
2685 2963 3137 3035 jucundissimus
3162 2969 3302 3032 erat,
3334 2965 3496 3036 cujus
3531 2964 3766 3035 publica
3799 2965 3900 3018 lm-

2197 3052 2324 3107 titia
2351 3070 2384 3107 a
2429 3052 2670 3108 Paulino
2704 3070 2966 3125 expressa
2994 3053 3167 3108 fuisse
3197 3052 3425 3108 videtur
3459 3052 3520 3108 in
3559 3069 3626 3108 ea
3653 3053 3902 3124 gratula-

2196 3141 2376 3211 tione,
2408 3158 2580 3213 quam
2611 3146 2840 3214 accepto
2870 3143 3042 3214 hujus
3071 3141 3443 3198 ordinationis
3476 3141 3680 3197 nuntio
3711 3140 3902 3196 statim

2198 3229 2372 3285 edidit
2400 3229 2517 3285 suis
2553 3231 2625 3286 ad
2674 3231 3059 3302 Augustinum
3093 3231 3318 3302 litteris,
3349 3231 3406 3286 in
3455 3230 3663 3302 quibus
3694 3231 3799 3285 has
3838 3231 3902 3286 in

2199 3335 2360 3374 voces
2382 3319 2772 3392 gratabundus
2803 3320 3087 3391 erumpit:
3117 3323 3463 3376 Ercsultemus
3493 3326 3544 3376 et
3573 3321 3815 3376 laetemur
3843 3323 3903 3375 in

2199 3425 2256 3464 eo
2282 3411 2378 3478 qui
2403 3412 2544 3477 facit
2572 3410 2855 3465 mirabilia
2877 3411 3042 3477 solus,
3074 3415 3123 3465 et
3147 3413 3244 3480 qui
3264 3412 3406 3478 facit
3432 3412 3709 3466 unanimes
3739 3410 3900 3465 habi-

2201 3502 2317 3552 tare
2336 3501 2394 3553 in
2414 3498 2588 3567 domo,
2612 3501 2866 3569 quoniam
2879 3502 2995 3569 ipse
3005 3499 3245 3570 respexit
3263 3501 3618 3555 humilitatem
3632 3503 3899 3558 nostram.

2200 3592 2250 3642 et
2278 3589 2528 3643 uisitauit
2556 3590 2616 3644 in
2646 3589 2778 3644 bono
2800 3589 3009 3659 plebem
3027 3603 3210 3643 suam:
3247 3590 3344 3660 qui
3360 3591 3533 3644 erexit
3551 3603 3716 3644 cornu
3735 3590 3795 3642 in
3814 3587 3902 3642 do-

2201 3692 2284 3731 mo
2314 3676 2493 3731 David
2529 3679 2693 3747 pueri
2735 3679 2842 3742 sui,
2874 3682 2924 3732 et
2969 3691 3110 3732 nunc
3146 3678 3413 3732 exultauit
3451 3692 3615 3733 cornu
3652 3677 3901 3733 Ecclesia

2201 3782 2310 3822 sum
2333 3768 2394 3820 in
2421 3768 2595 3821 electis
2623 3769 2757 3835 suis,
2785 3771 2847 3821 ut
2875 3782 3078 3821 cornua
3100 3770 3460 3837 peccatorum,
3492 3769 3632 3821 sicut
3653 3781 3755 3836 per
3773 3781 3901 3835 pro-

2178 3856 2417 3925 .phetam
2456 3855 2700 3924 spondet,
2734 3856 2828 3910 hoc
2857 3859 2954 3924 est,
2993 3858 3421 3923 Donatistarum,
3449 3855 3898 3913 Manichaeorum-

2203 3960 2304 4014 que
2329 3945 2639 4011 confringat
2660 3943 2844 4014 (Apud
2864 3945 3124 4013 August.,
3148 3946 3321 4015 Epist.
3347 3947 3433 4012 32,
3455 3961 3516 4000 η.
3542 3944 3623 4015 2).
3647 3945 3776 3998 Haec
3797 3959 3897 3998 au-

2202 4037 2315 4087 tem
2331 4032 2605 4087 festivitas
2618 4032 2937 4104 Augustino
2961 4032 3222 4087 maeroris
3238 4032 3428 4103 potius
3441 4032 3755 4088 ettristitiaa
3776 4032 3901 4086 dies

2202 4127 2341 4187 erat,
2376 4137 2506 4176 cum
2545 4121 2734 4176 oneris
2761 4120 2944 4193 ipsius
2972 4121 3227 4177 humeris
3267 4121 3542 4193 impositi,
3575 4125 3631 4176 et
3658 4121 3900 4176 rationis

2203 4213 2318 4266 Deo
2339 4211 2640 4266 reddenda:
2663 4210 2995 4265 memoriam
3019 4211 3140 4282 ejus
3175 4210 3365 4265 animo
3382 4211 3786 4282 permolestam
3818 4227 3903 4265 re-

2201 4298 2448 4354 fricaret.
2499 4299 2565 4353 Et
2594 4315 2706 4370 quo
2744 4298 2917 4353 ﬁebat
2947 4301 3111 4353 aetate
3147 4298 3487 4370 provectior,
3538 4314 3604 4353 eo
3642 4302 3902 4352 mentem

2201 4386 2384 4442 acrius
2420 4387 2715 4458 pungebat
2757 4385 2854 4440 illa
2897 4385 3182 4457 cogitatio.
3231 4387 3422 4441 Exstat
3467 4387 3614 4442 hanc
3664 4385 3726 4440 in
3775 4403 3900 4442 rem

2203 4473 2468 4546 egregius
2492 4490 2610 4546 prae
2635 4473 2855 4528 czeteris
2887 4489 3073 4532 sermo
3105 4475 3293 4543 (Serm.
3329 4477 3448 4538 339,
3487 4490 3545 4529 π.
3579 4475 3624 4542 1)
3663 4473 3736 4528 ad
3769 4476 3899 4546 ple-

2203 4562 2333 4617 bem
2364 4560 2486 4632 ipso
2523 4561 2612 4615 die
2646 4560 2982 4633 episcopalis
3011 4560 3389 4616 ordinationis
3416 4560 3535 4632 ejus
3563 4559 3812 4627 habitus,
3840 4560 3900 4615 in

2202 4667 2315 4723 quo
2343 4651 2591 4705 natalem
2613 4649 2839 4704 Domini
2855 4648 3158 4704 imminere
3178 4648 3314 4704 dicit
3342 4648 3531 4720 (Ibid,
3553 4665 3610 4704 n.
3643 4647 3715 4719 3).
3743 4648 3902 4703 Facit

2203 4741 2323 4795 haec
2353 4737 2691 4805 observatio,
2726 4743 2787 4792 ut
2811 4738 3294 4793 consecrationem
3325 4738 3470 4809 ejus,
3503 4753 3677 4809 quam
3704 4735 3767 4791 in
3795 4737 3901 4792 hu-

2195 4828 2293 4900 jus
2320 4827 2457 4882 anni
2482 4827 3243 4898 trecentesiminonagesimi
3265 4825 3455 4898 quinti
3483 4828 3657 4881 linem
3685 4827 3902 4882 referre

2203 4917 2386 4972 visum
2411 4922 2516 4986 est,
2561 4932 2731 4972 nemo
2761 4915 3048 4988 putaverit
3090 4916 3467 4988 rejiciendam
3500 4917 3649 4970 ultra
3679 4931 3899 4970 annum

2203 5005 2668 5062 trecentesimum
2720 5005 3161 5077 nonagesimum
3221 5009 3466 5075 sextum,
3512 5003 3726 5077 quippe
3769 5021 3904 5060 cum

2204 5111 2354 5150 anno
2382 5094 2782 5151 trecentesimo
2813 5095 3187 5167 nonagesimo
3227 5093 3471 5166 septimo
3513 5093 3905 5150 sanctionibus

2202 5183 2426 5239 concilii
2463 5183 2926 5255 Carthaginensis
2965 5182 3142 5254 tertii,
3173 5183 3263 5238 die
3307 5183 3647 5254 septembris
3688 5183 3901 5254 prima,

2201 5272 2290 5325 vel
2318 5272 2546 5343 augusti
2575 5271 2851 5343 vigesima
2881 5276 3076 5327 octava
3096 5271 3364 5328 celebrati
3395 5271 3797 5343 subscripserit
3820 5272 3907 5326 in-

2202 5365 2289 5416 ter
2327 5361 2626 5433 episcopos
2664 5361 3051 5432 Augustinus:
3092 5378 3207 5434 quo
3237 5361 3410 5418 etiam
3450 5361 3790 5433 impulsam,
3839 5365 3909 5416 ut

2202 5448 2468 5518 diximus,
2494 5451 2604 5506 fuit
2630 5451 2691 5506 in
2721 5467 2786 5506 ea
2812 5452 3028 5522 synodo
3058 5451 3455 5523 constitutum,
3473 5455 3538 5506 ut
3565 5450 3905 5507 ordinandis

2202 5537 2483 5612 episcopis
2509 5541 2597 5596 vel
2625 5539 2843 5596 clericis
2868 5540 3092 5596 decreta
3120 5539 3490 5597 conciliorum
3519 5541 3905 5612 praelegeren—
