  <div class='ocr_page' id='page_1' title='image "/cluster/home/n/w/nwhite01/storage/ocr_20150623/32/umn.31951002477326y/118.png"; bbox 0 0 4060 6352; ppageno 0'>
   <div class='ocr_carea' id='block_1_1' title="bbox 130 296 234 348">
    <p class='ocr_par' dir='ltr' id='par_1_1' title="bbox 130 296 234 348">
     <span class='ocr_line' id='line_1_1' title="bbox 130 296 234 348; baseline 0.01 -1"><span class='ocrx_word' id='word_1_1' title='bbox 130 296 234 348; x_wconf 70' lang='grc'>213</span> 
     </span>
    </p>
   </div>
   <div class='ocr_carea' id='block_1_2' title="bbox 125 410 1829 482">
    <p class='ocr_par' dir='ltr' id='par_1_2' title="bbox 125 410 1829 482">
     <span class='ocr_line' id='line_1_2' title="bbox 125 410 1829 482; baseline -0.004 -10"><span class='ocrx_word' id='word_1_2' title='bbox 125 423 237 472; x_wconf 91' lang='lat' dir='ltr'>tur.</span> <span class='ocrx_word' id='word_1_3' title='bbox 274 416 360 471; x_wconf 83' lang='lat' dir='ltr'>Ne</span> <span class='ocrx_word' id='word_1_4' title='bbox 383 418 578 470; x_wconf 89' lang='lat' dir='ltr'>tamen</span> <span class='ocrx_word' id='word_1_5' title='bbox 598 412 697 468; x_wconf 87' lang='lat' dir='ltr'>illa</span> <span class='ocrx_word' id='word_1_6' title='bbox 715 410 998 468; x_wconf 76' lang='lat' dir='ltr'>ordinatio</span> <span class='ocrx_word' id='word_1_7' title='bbox 1025 414 1276 482; x_wconf 88' lang='lat' dir='ltr'>ponatur</span> <span class='ocrx_word' id='word_1_8' title='bbox 1294 415 1424 466; x_wconf 91' lang='lat' dir='ltr'>ante</span> <span class='ocrx_word' id='word_1_9' title='bbox 1445 411 1707 467; x_wconf 89' lang='lat' dir='ltr'>eumdem</span> <span class='ocrx_word' id='word_1_10' title='bbox 1730 427 1829 467; x_wconf 90' lang='lat' dir='ltr'>an-</span> 
     </span>
    </p>
   </div>
   <div class='ocr_carea' id='block_1_3' title="bbox 127 500 1831 572">
    <p class='ocr_par' dir='ltr' id='par_1_3' title="bbox 127 500 1831 572">
     <span class='ocr_line' id='line_1_3' title="bbox 127 500 1831 572; baseline -0.003 -12"><span class='ocrx_word' id='word_1_11' title='bbox 127 521 265 561; x_wconf 91' lang='lat' dir='ltr'>num</span> <span class='ocrx_word' id='word_1_12' title='bbox 310 501 785 558; x_wconf 75' lang='lat' dir='ltr'>trecentesimum</span> <span class='ocrx_word' id='word_1_13' title='bbox 835 500 1280 572; x_wconf 82' lang='lat' dir='ltr'>nonagesimum</span> <span class='ocrx_word' id='word_1_14' title='bbox 1320 505 1564 568; x_wconf 86' lang='lat' dir='ltr'>sextum,</span> <span class='ocrx_word' id='word_1_15' title='bbox 1608 501 1831 556; x_wconf 90' lang='lat' dir='ltr'>obstare</span> 
     </span>
    </p>
   </div>
   <div class='ocr_carea' id='block_1_4' title="bbox 125 588 1832 661">
    <p class='ocr_par' dir='ltr' id='par_1_4' title="bbox 125 588 1832 661">
     <span class='ocr_line' id='line_1_4' title="bbox 125 588 1832 661; baseline -0.002 -13"><span class='ocrx_word' id='word_1_16' title='bbox 125 594 434 649; x_wconf 81' lang='lat' dir='ltr'>videbatur</span> <span class='ocrx_word' id='word_1_17' title='bbox 461 591 570 646; x_wconf 89' lang='lat' dir='ltr'>alia</span> <span class='ocrx_word' id='word_1_18' title='bbox 588 590 929 655; x_wconf 80' lang='lat' dir='ltr'>observatio,</span> <span class='ocrx_word' id='word_1_19' title='bbox 954 589 1090 660; x_wconf 88' lang='lat' dir='ltr'>quia</span> <span class='ocrx_word' id='word_1_20' title='bbox 1111 588 1373 643; x_wconf 74' lang='lat' dir='ltr'>videlicet</span> <span class='ocrx_word' id='word_1_21' title='bbox 1389 590 1665 644; x_wconf 86' lang='lat' dir='ltr'>librorum</span> <span class='ocrx_word' id='word_1_22' title='bbox 1689 608 1832 661; x_wconf 87' lang='lat' dir='ltr'>quos</span> 
     </span>
    </p>
   </div>
   <div class='ocr_carea' id='block_1_5' title="bbox 127 677 1831 754">
    <p class='ocr_par' dir='ltr' id='par_1_5' title="bbox 127 677 1831 754">
     <span class='ocr_line' id='line_1_5' title="bbox 127 677 1831 754; baseline -0.004 -17"><span class='ocrx_word' id='word_1_23' title='bbox 127 683 431 754; x_wconf 84' lang='lat' dir='ltr'>episcopus</span> <span class='ocrx_word' id='word_1_24' title='bbox 461 678 791 745; x_wconf 77' lang='lat' dir='ltr'>elaboravit,</span> <span class='ocrx_word' id='word_1_25' title='bbox 821 679 880 732; x_wconf 92' lang='lat' dir='ltr'>in</span> <span class='ocrx_word' id='word_1_26' title='bbox 903 677 1050 748; x_wconf 90' lang='lat' dir='ltr'>ipso,</span> <span class='ocrx_word' id='word_1_27' title='bbox 1080 681 1142 730; x_wconf 92' lang='lat' dir='ltr'>ut</span> <span class='ocrx_word' id='word_1_28' title='bbox 1162 677 1437 748; x_wconf 84' lang='lat' dir='ltr'>loquitur,</span> <span class='ocrx_word' id='word_1_29' title='bbox 1471 677 1831 747; x_wconf 85' lang='lat' dir='ltr'>episcopatus</span> 
     </span>
    </p>
   </div>
   <div class='ocr_carea' id='block_1_6' title="bbox 127 767 1832 842">
    <p class='ocr_par' dir='ltr' id='par_1_6' title="bbox 127 767 1832 842">
     <span class='ocr_line' id='line_1_6' title="bbox 127 767 1832 842; baseline -0.005 -14"><span class='ocrx_word' id='word_1_30' title='bbox 127 773 212 828; x_wconf 92' lang='lat' dir='ltr'>sui</span> <span class='ocrx_word' id='word_1_31' title='bbox 238 772 502 837; x_wconf 86' lang='lat' dir='ltr'>exordio,</span> <span class='ocrx_word' id='word_1_32' title='bbox 525 769 698 842; x_wconf 80' lang='lat' dir='ltr'>primi</span> <span class='ocrx_word' id='word_1_33' title='bbox 721 773 856 823; x_wconf 91' lang='lat' dir='ltr'>sunt</span> <span class='ocrx_word' id='word_1_34' title='bbox 875 769 988 822; x_wconf 92' lang='lat' dir='ltr'>duo</span> <span class='ocrx_word' id='word_1_35' title='bbox 1011 767 1081 822; x_wconf 93' lang='lat' dir='ltr'>ad</span> <span class='ocrx_word' id='word_1_36' title='bbox 1110 767 1542 837; x_wconf 90' lang='lat' dir='ltr'>Simplicianum</span> <span class='ocrx_word' id='word_1_37' title='bbox 1577 768 1832 824; x_wconf 77' lang='lat' dir='ltr'>Mediola-</span> 
     </span>
    </p>
   </div>
   <div class='ocr_carea' id='block_1_7' title="bbox 128 855 1831 932">
    <p class='ocr_par' dir='ltr' id='par_1_7' title="bbox 128 855 1831 932">
     <span class='ocr_line' id='line_1_7' title="bbox 128 855 1831 932; baseline -0.005 -15"><span class='ocrx_word' id='word_1_38' title='bbox 128 877 388 926; x_wconf 89' lang='lat' dir='ltr'>nensem,</span> <span class='ocrx_word' id='word_1_39' title='bbox 423 875 595 932; x_wconf 86' lang='lat' dir='ltr'>quem</span> <span class='ocrx_word' id='word_1_40' title='bbox 626 861 683 913; x_wconf 91' lang='lat' dir='ltr'>et</span> <span class='ocrx_word' id='word_1_41' title='bbox 704 857 765 912; x_wconf 91' lang='lat' dir='ltr'>in</span> <span class='ocrx_word' id='word_1_42' title='bbox 797 856 1036 927; x_wconf 88' lang='lat' dir='ltr'>epistola</span> <span class='ocrx_word' id='word_1_43' title='bbox 1064 855 1499 926; x_wconf 91' lang='lat' dir='ltr'>nuncupatoria,</span> <span class='ocrx_word' id='word_1_44' title='bbox 1532 860 1587 910; x_wconf 91' lang='lat' dir='ltr'>et</span> <span class='ocrx_word' id='word_1_45' title='bbox 1615 855 1673 910; x_wconf 89' lang='lat' dir='ltr'>in</span> <span class='ocrx_word' id='word_1_46' title='bbox 1702 855 1831 909; x_wconf 88' lang='lat' dir='ltr'>libri</span> 
     </span>
    </p>
   </div>
   <div class='ocr_carea' id='block_1_8' title="bbox 126 942 1832 1022">
    <p class='ocr_par' dir='ltr' id='par_1_8' title="bbox 126 942 1832 1022">
     <span class='ocr_line' id='line_1_8' title="bbox 126 942 1832 1022; baseline -0.004 -18"><span class='ocrx_word' id='word_1_47' title='bbox 126 948 414 1022; x_wconf 91' lang='lat' dir='ltr'>principio</span> <span class='ocrx_word' id='word_1_48' title='bbox 444 951 664 1018; x_wconf 87' lang='lat' dir='ltr'>patrem</span> <span class='ocrx_word' id='word_1_49' title='bbox 697 944 945 1016; x_wconf 86' lang='lat' dir='ltr'>appellat</span> <span class='ocrx_word' id='word_1_50' title='bbox 971 959 985 998; x_wconf 73' lang='grc' dir='ltr'>ε</span> <span class='ocrx_word' id='word_1_51' title='bbox 1021 959 1135 1014; x_wconf 90' lang='lat' dir='ltr'>quo</span> <span class='ocrx_word' id='word_1_52' title='bbox 1161 959 1293 997; x_wconf 88' lang='lat' dir='ltr'>eum</span> <span class='ocrx_word' id='word_1_53' title='bbox 1321 944 1488 997; x_wconf 90' lang='lat' dir='ltr'>titulo</span> <span class='ocrx_word' id='word_1_54' title='bbox 1510 942 1699 1014; x_wconf 91' lang='lat' dir='ltr'>putari</span> <span class='ocrx_word' id='word_1_55' title='bbox 1725 959 1832 1014; x_wconf 89' lang='lat' dir='ltr'>po-</span> 
     </span>
    </p>
   </div>
   <div class='ocr_carea' id='block_1_9' title="bbox 127 1030 1832 1106">
    <p class='ocr_par' dir='ltr' id='par_1_9' title="bbox 127 1030 1832 1106">
     <span class='ocr_line' id='line_1_9' title="bbox 127 1030 1832 1106; baseline -0.006 -11"><span class='ocrx_word' id='word_1_56' title='bbox 127 1043 238 1095; x_wconf 89' lang='lat' dir='ltr'>test</span> <span class='ocrx_word' id='word_1_57' title='bbox 266 1052 597 1102; x_wconf 87' lang='lat' dir='ltr'>exornasse,</span> <span class='ocrx_word' id='word_1_58' title='bbox 631 1033 785 1106; x_wconf 92' lang='lat' dir='ltr'>quod</span> <span class='ocrx_word' id='word_1_59' title='bbox 818 1033 941 1104; x_wconf 88' lang='lat' dir='ltr'>jam</span> <span class='ocrx_word' id='word_1_60' title='bbox 981 1031 1341 1086; x_wconf 86' lang='lat' dir='ltr'>successisset</span> <span class='ocrx_word' id='word_1_61' title='bbox 1377 1031 1700 1098; x_wconf 79' lang='lat' dir='ltr'>Ambrosio,</span> <span class='ocrx_word' id='word_1_62' title='bbox 1732 1030 1832 1102; x_wconf 89' lang='lat' dir='ltr'>qui</span> 
     </span>
    </p>
   </div>
   <div class='ocr_carea' id='block_1_10' title="bbox 132 1119 1830 1183">
    <p class='ocr_par' dir='ltr' id='par_1_10' title="bbox 132 1119 1830 1183">
     <span class='ocr_line' id='line_1_10' title="bbox 132 1119 1830 1183; baseline -0.006 0"><span class='ocrx_word' id='word_1_63' title='bbox 132 1133 320 1183; x_wconf 88' lang='lat' dir='ltr'>tamen</span> <span class='ocrx_word' id='word_1_64' title='bbox 353 1141 420 1180; x_wconf 79' lang='lat' dir='ltr'>ex</span> <span class='ocrx_word' id='word_1_65' title='bbox 449 1125 554 1180; x_wconf 86' lang='lat' dir='ltr'>hac</span> <span class='ocrx_word' id='word_1_66' title='bbox 582 1123 696 1178; x_wconf 86' lang='lat' dir='ltr'>vita</span> <span class='ocrx_word' id='word_1_67' title='bbox 728 1139 840 1177; x_wconf 91' lang='lat' dir='ltr'>non</span> <span class='ocrx_word' id='word_1_68' title='bbox 889 1120 1132 1177; x_wconf 85' lang='lat' dir='ltr'>decessit</span> <span class='ocrx_word' id='word_1_69' title='bbox 1173 1119 1283 1174; x_wconf 89' lang='lat' dir='ltr'>nisi</span> <span class='ocrx_word' id='word_1_70' title='bbox 1315 1136 1466 1175; x_wconf 91' lang='lat' dir='ltr'>anno</span> <span class='ocrx_word' id='word_1_71' title='bbox 1497 1119 1830 1174; x_wconf 86' lang='lat' dir='ltr'>trecentesi-</span> 
     </span>
    </p>
   </div>
   <div class='ocr_carea' id='block_1_11' title="bbox 129 1208 1830 1284">
    <p class='ocr_par' dir='ltr' id='par_1_11' title="bbox 129 1208 1830 1284">
     <span class='ocr_line' id='line_1_11' title="bbox 129 1208 1830 1284; baseline -0.005 -14"><span class='ocrx_word' id='word_1_72' title='bbox 129 1232 221 1271; x_wconf 95' lang='lat' dir='ltr'>mo</span> <span class='ocrx_word' id='word_1_73' title='bbox 250 1212 629 1284; x_wconf 83' lang='lat' dir='ltr'>nonagesimo</span> <span class='ocrx_word' id='word_1_74' title='bbox 661 1210 925 1282; x_wconf 88' lang='lat' dir='ltr'>septimo,</span> <span class='ocrx_word' id='word_1_75' title='bbox 967 1208 1152 1280; x_wconf 88' lang='lat' dir='ltr'>pridie</span> <span class='ocrx_word' id='word_1_76' title='bbox 1178 1225 1360 1263; x_wconf 88' lang='lat' dir='ltr'>nonas</span> <span class='ocrx_word' id='word_1_77' title='bbox 1391 1208 1603 1280; x_wconf 86' lang='lat' dir='ltr'>aprilis.</span> <span class='ocrx_word' id='word_1_78' title='bbox 1648 1209 1830 1273; x_wconf 88' lang='lat' dir='ltr'>Quare</span> 
     </span>
    </p>
   </div>
   <div class='ocr_carea' id='block_1_12' title="bbox 133 1297 1830 1374">
    <p class='ocr_par' dir='ltr' id='par_1_12' title="bbox 133 1297 1830 1374">
     <span class='ocr_line' id='line_1_12' title="bbox 133 1297 1830 1374; baseline -0.005 -14"><span class='ocrx_word' id='word_1_79' title='bbox 133 1306 263 1360; x_wconf 91' lang='lat' dir='ltr'>dum</span> <span class='ocrx_word' id='word_1_80' title='bbox 283 1300 592 1374; x_wconf 78' lang='lat' dir='ltr'>Augustini</span> <span class='ocrx_word' id='word_1_81' title='bbox 615 1299 899 1355; x_wconf 86' lang='lat' dir='ltr'>ordinatio</span> <span class='ocrx_word' id='word_1_82' title='bbox 917 1297 1377 1353; x_wconf 85' lang='lat' dir='ltr'>trecentesimum</span> <span class='ocrx_word' id='word_1_83' title='bbox 1396 1297 1830 1370; x_wconf 88' lang='lat' dir='ltr'>nonagesimum</span> 
     </span>
    </p>
   </div>
   <div class='ocr_carea' id='block_1_13' title="bbox 132 1387 1832 1459">
    <p class='ocr_par' dir='ltr' id='par_1_13' title="bbox 132 1387 1832 1459">
     <span class='ocr_line' id='line_1_13' title="bbox 132 1387 1832 1459; baseline -0.005 -11"><span class='ocrx_word' id='word_1_84' title='bbox 132 1397 348 1448; x_wconf 82' lang='lat' dir='ltr'>sextum</span> <span class='ocrx_word' id='word_1_85' title='bbox 381 1405 600 1446; x_wconf 91' lang='lat' dir='ltr'>annum</span> <span class='ocrx_word' id='word_1_86' title='bbox 623 1388 830 1444; x_wconf 88' lang='lat' dir='ltr'>Christi</span> <span class='ocrx_word' id='word_1_87' title='bbox 856 1387 1209 1459; x_wconf 61' lang='lat' dir='ltr'>praecessisse</span> <span class='ocrx_word' id='word_1_88' title='bbox 1231 1387 1458 1453; x_wconf 88' lang='lat' dir='ltr'>dicitur,</span> <span class='ocrx_word' id='word_1_89' title='bbox 1490 1403 1620 1441; x_wconf 90' lang='lat' dir='ltr'>eum</span> <span class='ocrx_word' id='word_1_90' title='bbox 1651 1402 1832 1440; x_wconf 90' lang='lat' dir='ltr'>annos</span> 
     </span>
    </p>
   </div>
   <div class='ocr_carea' id='block_1_14' title="bbox 132 1474 1830 1550">
    <p class='ocr_par' dir='ltr' id='par_1_14' title="bbox 132 1474 1830 1550">
     <span class='ocr_line' id='line_1_14' title="bbox 132 1474 1830 1550; baseline -0.002 -18"><span class='ocrx_word' id='word_1_91' title='bbox 132 1478 552 1550; x_wconf 84' lang='lat' dir='ltr'>propemodum</span> <span class='ocrx_word' id='word_1_92' title='bbox 579 1477 725 1531; x_wconf 91' lang='lat' dir='ltr'>duos</span> <span class='ocrx_word' id='word_1_93' title='bbox 768 1475 1037 1531; x_wconf 85' lang='lat' dir='ltr'>feriatum</span> <span class='ocrx_word' id='word_1_94' title='bbox 1063 1475 1221 1530; x_wconf 88' lang='lat' dir='ltr'>nulla</span> <span class='ocrx_word' id='word_1_95' title='bbox 1243 1475 1394 1529; x_wconf 90' lang='lat' dir='ltr'>edita</span> <span class='ocrx_word' id='word_1_96' title='bbox 1440 1474 1830 1529; x_wconf 89' lang='lat' dir='ltr'>lucubratione</span> 
     </span>
    </p>
   </div>
   <div class='ocr_carea' id='block_1_15' title="bbox 133 1561 1828 1635">
    <p class='ocr_par' dir='ltr' id='par_1_15' title="bbox 133 1561 1828 1635">
     <span class='ocr_line' id='line_1_15' title="bbox 133 1561 1828 1635; baseline -0.004 -13"><span class='ocrx_word' id='word_1_97' title='bbox 133 1567 442 1623; x_wconf 85' lang='lat' dir='ltr'>traduxisse</span> <span class='ocrx_word' id='word_1_98' title='bbox 473 1565 767 1621; x_wconf 85' lang='lat' dir='ltr'>fatendum</span> <span class='ocrx_word' id='word_1_99' title='bbox 796 1564 1021 1618; x_wconf 89' lang='lat' dir='ltr'>videtur</span> <span class='ocrx_word' id='word_1_100' title='bbox 1054 1579 1068 1618; x_wconf 91' lang='lat'><strong>:</strong></span> <span class='ocrx_word' id='word_1_101' title='bbox 1104 1564 1256 1635; x_wconf 92' lang='lat' dir='ltr'>quod</span> <span class='ocrx_word' id='word_1_102' title='bbox 1285 1563 1533 1635; x_wconf 86' lang='lat' dir='ltr'>profecto</span> <span class='ocrx_word' id='word_1_103' title='bbox 1561 1563 1650 1617; x_wconf 85' lang='lat' dir='ltr'>vix</span> <span class='ocrx_word' id='word_1_104' title='bbox 1680 1561 1828 1616; x_wconf 89' lang='lat' dir='ltr'>credi</span> 
     </span>
    </p>
   </div>
   <div class='ocr_carea' id='block_1_16' title="bbox 133 1651 1834 1729">
    <p class='ocr_par' dir='ltr' id='par_1_16' title="bbox 133 1651 1834 1729">
     <span class='ocr_line' id='line_1_16' title="bbox 133 1651 1834 1729; baseline -0.004 -18"><span class='ocrx_word' id='word_1_105' title='bbox 133 1655 304 1729; x_wconf 85' lang='lat' dir='ltr'>possit</span> <span class='ocrx_word' id='word_1_106' title='bbox 331 1656 403 1710; x_wconf 91' lang='lat' dir='ltr'>de</span> <span class='ocrx_word' id='word_1_107' title='bbox 434 1659 627 1709; x_wconf 90' lang='lat' dir='ltr'>sancto</span> <span class='ocrx_word' id='word_1_108' title='bbox 648 1654 748 1708; x_wconf 89' lang='lat' dir='ltr'>illo</span> <span class='ocrx_word' id='word_1_109' title='bbox 772 1653 1020 1717; x_wconf 90' lang='lat' dir='ltr'>doctore,</span> <span class='ocrx_word' id='word_1_110' title='bbox 1050 1651 1149 1723; x_wconf 89' lang='lat' dir='ltr'>qui</span> <span class='ocrx_word' id='word_1_111' title='bbox 1170 1667 1355 1718; x_wconf 90' lang='lat' dir='ltr'>curas,</span> <span class='ocrx_word' id='word_1_112' title='bbox 1389 1667 1532 1722; x_wconf 90' lang='lat' dir='ltr'>quas</span> <span class='ocrx_word' id='word_1_113' title='bbox 1562 1651 1834 1705; x_wconf 83' lang='lat' dir='ltr'>fratribus</span> 
     </span>
    </p>
   </div>
   <div class='ocr_carea' id='block_1_17' title="bbox 134 1739 1834 1815">
    <p class='ocr_par' dir='ltr' id='par_1_17' title="bbox 134 1739 1834 1815">
     <span class='ocr_line' id='line_1_17' title="bbox 134 1739 1834 1815; baseline -0.005 -15"><span class='ocrx_word' id='word_1_114' title='bbox 134 1746 245 1801; x_wconf 88' lang='lat' dir='ltr'>suis</span> <span class='ocrx_word' id='word_1_115' title='bbox 280 1744 618 1815; x_wconf 90' lang='lat' dir='ltr'>impendere</span> <span class='ocrx_word' id='word_1_116' title='bbox 657 1742 980 1810; x_wconf 88' lang='lat' dir='ltr'>tenebatur,</span> <span class='ocrx_word' id='word_1_117' title='bbox 1028 1741 1086 1795; x_wconf 89' lang='lat' dir='ltr'>in</span> <span class='ocrx_word' id='word_1_118' title='bbox 1117 1741 1224 1795; x_wconf 92' lang='lat' dir='ltr'>hoc</span> <span class='ocrx_word' id='word_1_119' title='bbox 1251 1739 1612 1811; x_wconf 89' lang='lat' dir='ltr'>potissimum</span> <span class='ocrx_word' id='word_1_120' title='bbox 1653 1756 1708 1793; x_wconf 90' lang='lat' dir='ltr'>se</span> <span class='ocrx_word' id='word_1_121' title='bbox 1737 1755 1834 1810; x_wconf 84' lang='lat' dir='ltr'>po-</span> 
     </span>
    </p>
   </div>
   <div class='ocr_carea' id='block_1_18' title="bbox 137 1827 1832 1901">
    <p class='ocr_par' dir='ltr' id='par_1_18' title="bbox 137 1827 1832 1901">
     <span class='ocr_line' id='line_1_18' title="bbox 137 1827 1832 1901; baseline -0.004 -13"><span class='ocrx_word' id='word_1_122' title='bbox 137 1850 263 1888; x_wconf 89' lang='lat' dir='ltr'>nere</span> <span class='ocrx_word' id='word_1_123' title='bbox 301 1833 465 1899; x_wconf 82' lang='lat' dir='ltr'>dixit,</span> <span class='ocrx_word' id='word_1_124' title='bbox 493 1836 558 1886; x_wconf 93' lang='lat' dir='ltr'>ut</span> <span class='ocrx_word' id='word_1_125' title='bbox 583 1831 654 1884; x_wconf 90' lang='lat' dir='ltr'>iis</span> <span class='ocrx_word' id='word_1_126' title='bbox 683 1835 738 1884; x_wconf 93' lang='lat' dir='ltr'>et</span> <span class='ocrx_word' id='word_1_127' title='bbox 764 1831 961 1901; x_wconf 90' lang='lat' dir='ltr'>lingua</span> <span class='ocrx_word' id='word_1_128' title='bbox 1003 1833 1060 1883; x_wconf 93' lang='lat' dir='ltr'>et</span> <span class='ocrx_word' id='word_1_129' title='bbox 1088 1829 1218 1882; x_wconf 87' lang='lat' dir='ltr'>stilo</span> <span class='ocrx_word' id='word_1_130' title='bbox 1251 1845 1374 1894; x_wconf 90' lang='lat' dir='ltr'>suo,</span> <span class='ocrx_word' id='word_1_131' title='bbox 1403 1845 1545 1900; x_wconf 90' lang='lat' dir='ltr'>quas</span> <span class='ocrx_word' id='word_1_132' title='bbox 1582 1827 1742 1898; x_wconf 86' lang='lat' dir='ltr'>bigas</span> <span class='ocrx_word' id='word_1_133' title='bbox 1771 1827 1832 1881; x_wconf 90' lang='lat' dir='ltr'>in</span> 
     </span>
    </p>
   </div>
   <div class='ocr_carea' id='block_1_19' title="bbox 135 1917 1830 1992">
    <p class='ocr_par' dir='ltr' id='par_1_19' title="bbox 135 1917 1830 1992">
     <span class='ocr_line' id='line_1_19' title="bbox 135 1917 1830 1992; baseline -0.005 -14"><span class='ocrx_word' id='word_1_134' title='bbox 135 1940 195 1978; x_wconf 92' lang='lat' dir='ltr'>eo</span> <span class='ocrx_word' id='word_1_135' title='bbox 221 1922 468 1977; x_wconf 83' lang='lat' dir='ltr'>charitas</span> <span class='ocrx_word' id='word_1_136' title='bbox 499 1919 762 1992; x_wconf 84' lang='lat' dir='ltr'>agitabat.</span> <span class='ocrx_word' id='word_1_137' title='bbox 799 1917 1045 1974; x_wconf 83' lang='lat' dir='ltr'>maxime</span> <span class='ocrx_word' id='word_1_138' title='bbox 1077 1917 1315 1972; x_wconf 90' lang='lat' dir='ltr'>serviret</span> <span class='ocrx_word' id='word_1_139' title='bbox 1341 1920 1432 1988; x_wconf 88' lang='lat' dir='ltr'>(De</span> <span class='ocrx_word' id='word_1_140' title='bbox 1461 1919 1685 1983; x_wconf 84' lang='lat' dir='ltr'>Trinit.,</span> <span class='ocrx_word' id='word_1_141' title='bbox 1709 1917 1746 1970; x_wconf 86' lang='grc' dir='ltr'><em>ι.</em></span> <span class='ocrx_word' id='word_1_142' title='bbox 1777 1919 1830 1986; x_wconf 88' lang='lat'>3,</span> 
     </span>
    </p>
   </div>
   <div class='ocr_carea' id='block_1_20' title="bbox 134 2006 1833 2080">
    <p class='ocr_par' dir='ltr' id='par_1_20' title="bbox 134 2006 1833 2080">
     <span class='ocr_line' id='line_1_20' title="bbox 134 2006 1833 2080; baseline -0.003 -18"><span class='ocrx_word' id='word_1_143' title='bbox 134 2025 186 2063; x_wconf 91' lang='lat' dir='ltr'>n.</span> <span class='ocrx_word' id='word_1_144' title='bbox 221 2013 288 2080; x_wconf 76' lang='grc'>1).</span> <span class='ocrx_word' id='word_1_145' title='bbox 323 2009 730 2062; x_wconf 88' lang='lat' dir='ltr'>Verumtamen</span> <span class='ocrx_word' id='word_1_146' title='bbox 762 2009 1002 2077; x_wconf 88' lang='lat' dir='ltr'>Prosper</span> <span class='ocrx_word' id='word_1_147' title='bbox 1032 2007 1099 2060; x_wconf 93' lang='lat' dir='ltr'>ad</span> <span class='ocrx_word' id='word_1_148' title='bbox 1131 2006 1286 2060; x_wconf 93' lang='lat' dir='ltr'>hunc</span> <span class='ocrx_word' id='word_1_149' title='bbox 1315 2021 1530 2060; x_wconf 92' lang='lat' dir='ltr'>annum</span> <span class='ocrx_word' id='word_1_150' title='bbox 1559 2008 1833 2059; x_wconf 86' lang='lat' dir='ltr'>trecente-</span> 
     </span>
    </p>
   </div>
   <div class='ocr_carea' id='block_1_21' title="bbox 136 2093 1830 2167">
    <p class='ocr_par' dir='ltr' id='par_1_21' title="bbox 136 2093 1830 2167">
     <span class='ocr_line' id='line_1_21' title="bbox 136 2093 1830 2167; baseline -0.004 -16"><span class='ocrx_word' id='word_1_151' title='bbox 136 2098 338 2152; x_wconf 84' lang='lat' dir='ltr'>simum</span> <span class='ocrx_word' id='word_1_152' title='bbox 370 2096 811 2167; x_wconf 86' lang='lat' dir='ltr'>nonagesimum</span> <span class='ocrx_word' id='word_1_153' title='bbox 832 2095 1097 2167; x_wconf 90' lang='lat' dir='ltr'>quintum</span> <span class='ocrx_word' id='word_1_154' title='bbox 1128 2094 1208 2148; x_wconf 91' lang='lat' dir='ltr'>ita</span> <span class='ocrx_word' id='word_1_155' title='bbox 1237 2093 1466 2148; x_wconf 90' lang='lat' dir='ltr'>scribit:</span> <span class='ocrx_word' id='word_1_156' title='bbox 1490 2095 1830 2160; x_wconf 77' lang='lat' dir='ltr'>Augustinus</span> 
     </span>
    </p>
   </div>
   <div class='ocr_carea' id='block_1_22' title="bbox 137 2183 1832 2255">
    <p class='ocr_par' dir='ltr' id='par_1_22' title="bbox 137 2183 1832 2255">
     <span class='ocr_line' id='line_1_22' title="bbox 137 2183 1832 2255; baseline -0.004 -15"><span class='ocrx_word' id='word_1_157' title='bbox 137 2188 275 2242; x_wconf 88' lang='lat' dir='ltr'>beati</span> <span class='ocrx_word' id='word_1_158' title='bbox 290 2186 333 2241; x_wconf 87' lang='lat' dir='ltr'>A</span> <span class='ocrx_word' id='word_1_159' title='bbox 345 2187 574 2241; x_wconf 90' lang='lat' dir='ltr'>mbrosii</span> <span class='ocrx_word' id='word_1_160' title='bbox 589 2185 999 2255; x_wconf 80' lang='lat' dir='ltr'>discipulus,vir</span> <span class='ocrx_word' id='word_1_161' title='bbox 1020 2185 1191 2238; x_wconf 88' lang='lat' dir='ltr'>multa</span> <span class='ocrx_word' id='word_1_162' title='bbox 1203 2183 1464 2250; x_wconf 78' lang='lat' dir='ltr'>facundia</span> <span class='ocrx_word' id='word_1_163' title='bbox 1481 2183 1832 2249; x_wconf 79' lang='lat' dir='ltr'>doctrinaque</span> 
     </span>
    </p>
   </div>
   <div class='ocr_carea' id='block_1_23' title="bbox 136 2271 1832 2344">
    <p class='ocr_par' dir='ltr' id='par_1_23' title="bbox 136 2271 1832 2344">
     <span class='ocr_line' id='line_1_23' title="bbox 136 2271 1832 2344; baseline -0.003 -16"><span class='ocrx_word' id='word_1_164' title='bbox 136 2277 408 2342; x_wconf 65' lang='lat' dir='ltr'>excellens,</span> <span class='ocrx_word' id='word_1_165' title='bbox 443 2275 881 2344; x_wconf 84' lang='lat' dir='ltr'>Hippone-Regio</span> <span class='ocrx_word' id='word_1_166' title='bbox 907 2276 965 2327; x_wconf 89' lang='lat' dir='ltr'>in</span> <span class='ocrx_word' id='word_1_167' title='bbox 1009 2273 1208 2338; x_wconf 86' lang='lat' dir='ltr'>Africa</span> <span class='ocrx_word' id='word_1_168' title='bbox 1235 2274 1513 2340; x_wconf 87' lang='lat' dir='ltr'>episcopus</span> <span class='ocrx_word' id='word_1_169' title='bbox 1544 2271 1832 2324; x_wconf 84' lang='lat' dir='ltr'>ordinatur</span> 
     </span>
    </p>
   </div>
   <div class='ocr_carea' id='block_1_24' title="bbox 139 2357 1832 2433">
    <p class='ocr_par' dir='ltr' id='par_1_24' title="bbox 139 2357 1832 2433">
     <span class='ocr_line' id='line_1_24' title="bbox 139 2357 1832 2433; baseline -0.005 -15"><span class='ocrx_word' id='word_1_170' title='bbox 139 2365 382 2433; x_wconf 82' lang='lat' dir='ltr'>(Prosper</span> <span class='ocrx_word' id='word_1_171' title='bbox 406 2365 465 2418; x_wconf 86' lang='lat' dir='ltr'>in</span> <span class='ocrx_word' id='word_1_172' title='bbox 487 2364 736 2418; x_wconf 86' lang='lat' dir='ltr'>Chronic.</span> <span class='ocrx_word' id='word_1_173' title='bbox 760 2361 834 2415; x_wconf 88' lang='lat' dir='ltr'>ad</span> <span class='ocrx_word' id='word_1_174' title='bbox 854 2377 1056 2414; x_wconf 88' lang='lat' dir='ltr'>annum</span> <span class='ocrx_word' id='word_1_175' title='bbox 1079 2359 1224 2430; x_wconf 79' lang='lat'>395).</span> <span class='ocrx_word' id='word_1_176' title='bbox 1253 2360 1546 2429; x_wconf 88' lang='lat' dir='ltr'>Quotquot</span> <span class='ocrx_word' id='word_1_177' title='bbox 1564 2357 1832 2428; x_wconf 85' lang='lat' dir='ltr'>Augusti-</span> 
     </span>
    </p>
   </div>
   <div class='ocr_carea' id='block_1_25' title="bbox 139 2446 1828 2524">
    <p class='ocr_par' dir='ltr' id='par_1_25' title="bbox 139 2446 1828 2524">
     <span class='ocr_line' id='line_1_25' title="bbox 139 2446 1828 2524; baseline -0.004 -18"><span class='ocrx_word' id='word_1_178' title='bbox 139 2453 193 2507; x_wconf 90' lang='lat' dir='ltr'>ni</span> <span class='ocrx_word' id='word_1_179' title='bbox 220 2456 375 2524; x_wconf 91' lang='lat' dir='ltr'>gesta</span> <span class='ocrx_word' id='word_1_180' title='bbox 414 2451 782 2522; x_wconf 89' lang='lat' dir='ltr'>scripserunt,</span> <span class='ocrx_word' id='word_1_181' title='bbox 815 2451 962 2504; x_wconf 93' lang='lat' dir='ltr'>hanc</span> <span class='ocrx_word' id='word_1_182' title='bbox 999 2449 1140 2503; x_wconf 91' lang='lat' dir='ltr'>adeo</span> <span class='ocrx_word' id='word_1_183' title='bbox 1170 2463 1494 2518; x_wconf 88' lang='lat' dir='ltr'>expressam</span> <span class='ocrx_word' id='word_1_184' title='bbox 1525 2446 1828 2501; x_wconf 87' lang='lat' dir='ltr'>auctorita-</span> 
     </span>
    </p>
   </div>
   <div class='ocr_carea' id='block_1_26' title="bbox 140 2535 1829 2610">
    <p class='ocr_par' dir='ltr' id='par_1_26' title="bbox 140 2535 1829 2610">
     <span class='ocr_line' id='line_1_26' title="bbox 140 2535 1829 2610; baseline -0.004 -15"><span class='ocrx_word' id='word_1_185' title='bbox 140 2545 248 2595; x_wconf 88' lang='lat' dir='ltr'>tem</span> <span class='ocrx_word' id='word_1_186' title='bbox 278 2542 434 2595; x_wconf 89' lang='lat' dir='ltr'>velut</span> <span class='ocrx_word' id='word_1_187' title='bbox 473 2539 749 2610; x_wconf 86' lang='lat' dir='ltr'>epocham</span> <span class='ocrx_word' id='word_1_188' title='bbox 787 2538 1252 2609; x_wconf 89' lang='lat' dir='ltr'>chronologicam</span> <span class='ocrx_word' id='word_1_189' title='bbox 1307 2542 1489 2591; x_wconf 89' lang='lat' dir='ltr'>ratam</span> <span class='ocrx_word' id='word_1_190' title='bbox 1549 2540 1606 2590; x_wconf 90' lang='lat' dir='ltr'>et</span> <span class='ocrx_word' id='word_1_191' title='bbox 1658 2535 1829 2589; x_wconf 82' lang='lat' dir='ltr'>fixam</span> 
     </span>
    </p>
   </div>
   <div class='ocr_carea' id='block_1_27' title="bbox 140 2623 1832 2699">
    <p class='ocr_par' dir='ltr' id='par_1_27' title="bbox 140 2623 1832 2699">
     <span class='ocr_line' id='line_1_27' title="bbox 140 2623 1832 2699; baseline -0.004 -16"><span class='ocrx_word' id='word_1_192' title='bbox 140 2629 489 2699; x_wconf 89' lang='lat' dir='ltr'>minimeque</span> <span class='ocrx_word' id='word_1_193' title='bbox 537 2627 766 2682; x_wconf 88' lang='lat' dir='ltr'>dubiam</span> <span class='ocrx_word' id='word_1_194' title='bbox 810 2626 1152 2681; x_wconf 90' lang='lat' dir='ltr'>habuerunt.</span> <span class='ocrx_word' id='word_1_195' title='bbox 1205 2626 1401 2695; x_wconf 86' lang='lat' dir='ltr'>Itaque</span> <span class='ocrx_word' id='word_1_196' title='bbox 1443 2629 1503 2678; x_wconf 89' lang='lat' dir='ltr'>ut</span> <span class='ocrx_word' id='word_1_197' title='bbox 1531 2639 1602 2678; x_wconf 89' lang='lat' dir='ltr'>ne</span> <span class='ocrx_word' id='word_1_198' title='bbox 1633 2623 1704 2677; x_wconf 89' lang='lat' dir='ltr'>ab</span> <span class='ocrx_word' id='word_1_199' title='bbox 1735 2623 1832 2677; x_wconf 91' lang='lat' dir='ltr'>illa</span> 
     </span>
    </p>
   </div>
   <div class='ocr_carea' id='block_1_28' title="bbox 138 2716 1830 2785">
    <p class='ocr_par' dir='ltr' id='par_1_28' title="bbox 138 2716 1830 2785">
     <span class='ocr_line' id='line_1_28' title="bbox 138 2716 1830 2785; baseline -0.005 -14"><span class='ocrx_word' id='word_1_200' title='bbox 138 2733 236 2770; x_wconf 91' lang='lat' dir='ltr'>nos</span> <span class='ocrx_word' id='word_1_201' title='bbox 262 2716 642 2781; x_wconf 89' lang='lat' dir='ltr'>discedamus,</span> <span class='ocrx_word' id='word_1_202' title='bbox 677 2729 999 2785; x_wconf 71' lang='lat' dir='ltr'>quaeremus</span> <span class='ocrx_word' id='word_1_203' title='bbox 1037 2717 1234 2783; x_wconf 90' lang='lat' dir='ltr'>postea</span> <span class='ocrx_word' id='word_1_204' title='bbox 1265 2728 1377 2783; x_wconf 92' lang='lat' dir='ltr'>quo</span> <span class='ocrx_word' id='word_1_205' title='bbox 1407 2716 1665 2782; x_wconf 90' lang='lat' dir='ltr'>tempore</span> <span class='ocrx_word' id='word_1_206' title='bbox 1695 2727 1830 2764; x_wconf 89' lang='lat' dir='ltr'>con-</span> 
     </span>
    </p>
   </div>
   <div class='ocr_carea' id='block_1_29' title="bbox 139 2801 1833 2877">
    <p class='ocr_par' dir='ltr' id='par_1_29' title="bbox 139 2801 1833 2877">
     <span class='ocr_line' id='line_1_29' title="bbox 139 2801 1833 2877; baseline -0.004 -17"><span class='ocrx_word' id='word_1_207' title='bbox 139 2806 324 2877; x_wconf 87' lang='lat' dir='ltr'>scripti</span> <span class='ocrx_word' id='word_1_208' title='bbox 372 2805 487 2860; x_wconf 92' lang='lat' dir='ltr'>sint</span> <span class='ocrx_word' id='word_1_209' title='bbox 524 2803 657 2858; x_wconf 89' lang='lat' dir='ltr'>libri</span> <span class='ocrx_word' id='word_1_210' title='bbox 711 2803 780 2858; x_wconf 89' lang='lat' dir='ltr'>ad</span> <span class='ocrx_word' id='word_1_211' title='bbox 829 2802 1290 2873; x_wconf 89' lang='lat' dir='ltr'>Simplicianum;</span> <span class='ocrx_word' id='word_1_212' title='bbox 1345 2817 1514 2856; x_wconf 89' lang='lat' dir='ltr'>curvo</span> <span class='ocrx_word' id='word_1_213' title='bbox 1555 2801 1672 2866; x_wconf 92' lang='lat' dir='ltr'>ille,</span> <span class='ocrx_word' id='word_1_214' title='bbox 1703 2801 1833 2854; x_wconf 91' lang='lat' dir='ltr'>licet</span> 
     </span>
    </p>
   </div>
   <div class='ocr_carea' id='block_1_30' title="bbox 139 2887 1832 2964">
    <p class='ocr_par' dir='ltr' id='par_1_30' title="bbox 139 2887 1832 2964">
     <span class='ocr_line' id='line_1_30' title="bbox 139 2887 1832 2964; baseline -0.004 -16"><span class='ocrx_word' id='word_1_215' title='bbox 139 2893 314 2949; x_wconf 89' lang='lat' dir='ltr'>adhuc</span> <span class='ocrx_word' id='word_1_216' title='bbox 345 2893 667 2964; x_wconf 86' lang='lat' dir='ltr'>presbyter,</span> <span class='ocrx_word' id='word_1_217' title='bbox 707 2890 886 2962; x_wconf 90' lang='lat' dir='ltr'>patris</span> <span class='ocrx_word' id='word_1_218' title='bbox 936 2890 1321 2962; x_wconf 89' lang='lat' dir='ltr'>appellatione</span> <span class='ocrx_word' id='word_1_219' title='bbox 1374 2889 1579 2959; x_wconf 91' lang='lat' dir='ltr'>dignus</span> <span class='ocrx_word' id='word_1_220' title='bbox 1634 2887 1832 2942; x_wconf 86' lang='lat' dir='ltr'>haberi</span> 
     </span>
    </p>
   </div>
   <div class='ocr_carea' id='block_1_31' title="bbox 140 2978 1287 3054">
    <p class='ocr_par' dir='ltr' id='par_1_31' title="bbox 140 2978 1287 3054">
     <span class='ocr_line' id='line_1_31' title="bbox 140 2978 1287 3054; baseline -0.003 -18"><span class='ocrx_word' id='word_1_221' title='bbox 140 2982 380 3054; x_wconf 91' lang='lat' dir='ltr'>potuerit</span> <span class='ocrx_word' id='word_1_222' title='bbox 412 2981 487 3036; x_wconf 92' lang='lat' dir='ltr'>ab</span> <span class='ocrx_word' id='word_1_223' title='bbox 518 2979 834 3050; x_wconf 86' lang='lat' dir='ltr'>Augustino</span> <span class='ocrx_word' id='word_1_224' title='bbox 849 2979 970 3050; x_wconf 88' lang='lat' dir='ltr'>jam</span> <span class='ocrx_word' id='word_1_225' title='bbox 1003 2978 1287 3048; x_wconf 89' lang='lat' dir='ltr'>episcopo.</span> 
     </span>
    </p>
   </div>
   <div class='ocr_carea' id='block_1_32' title="bbox 206 3065 1830 3141">
    <p class='ocr_par' dir='ltr' id='par_1_32' title="bbox 206 3065 1830 3141">
     <span class='ocr_line' id='line_1_32' title="bbox 206 3065 1830 3141; baseline -0.005 -15"><span class='ocrx_word' id='word_1_226' title='bbox 206 3076 254 3126; x_wconf 87' lang='grc'><strong>5.</strong></span> <span class='ocrx_word' id='word_1_227' title='bbox 303 3072 610 3141; x_wconf 91' lang='lat' dir='ltr'>Comperto</span> <span class='ocrx_word' id='word_1_228' title='bbox 659 3073 920 3140; x_wconf 90' lang='lat' dir='ltr'>tempore</span> <span class='ocrx_word' id='word_1_229' title='bbox 951 3066 1328 3122; x_wconf 89' lang='lat' dir='ltr'>ordinationis</span> <span class='ocrx_word' id='word_1_230' title='bbox 1357 3065 1661 3136; x_wconf 86' lang='lat' dir='ltr'>Augustini</span> <span class='ocrx_word' id='word_1_231' title='bbox 1698 3081 1830 3136; x_wconf 91' lang='lat' dir='ltr'>per-</span> 
     </span>
    </p>
   </div>
   <div class='ocr_carea' id='block_1_33' title="bbox 143 3153 1832 3231">
    <p class='ocr_par' dir='ltr' id='par_1_33' title="bbox 143 3153 1832 3231">
     <span class='ocr_line' id='line_1_33' title="bbox 143 3153 1832 3231; baseline -0.005 -16"><span class='ocrx_word' id='word_1_232' title='bbox 143 3160 395 3231; x_wconf 89' lang='lat' dir='ltr'>spicuum</span> <span class='ocrx_word' id='word_1_233' title='bbox 428 3164 535 3228; x_wconf 91' lang='lat' dir='ltr'>est,</span> <span class='ocrx_word' id='word_1_234' title='bbox 564 3157 819 3227; x_wconf 88' lang='lat' dir='ltr'>potuisse</span> <span class='ocrx_word' id='word_1_235' title='bbox 850 3159 1171 3212; x_wconf 85' lang='lat' dir='ltr'>Romanum</span> <span class='ocrx_word' id='word_1_236' title='bbox 1199 3159 1255 3209; x_wconf 92' lang='lat' dir='ltr'>et</span> <span class='ocrx_word' id='word_1_237' title='bbox 1281 3153 1523 3225; x_wconf 83' lang='lat' dir='ltr'>Agilem,</span> <span class='ocrx_word' id='word_1_238' title='bbox 1557 3170 1661 3224; x_wconf 85' lang='lat' dir='ltr'>per</span> <span class='ocrx_word' id='word_1_239' title='bbox 1691 3170 1832 3225; x_wconf 90' lang='lat' dir='ltr'>quos</span> 
     </span>
    </p>
   </div>
   <div class='ocr_carea' id='block_1_34' title="bbox 143 3245 1832 3319">
    <p class='ocr_par' dir='ltr' id='par_1_34' title="bbox 143 3245 1832 3319">
     <span class='ocr_line' id='line_1_34' title="bbox 143 3245 1832 3319; baseline -0.004 -15"><span class='ocrx_word' id='word_1_240' title='bbox 143 3249 402 3304; x_wconf 86' lang='lat' dir='ltr'>Paulinus</span> <span class='ocrx_word' id='word_1_241' title='bbox 449 3247 795 3319; x_wconf 90' lang='lat' dir='ltr'>posteriores</span> <span class='ocrx_word' id='word_1_242' title='bbox 841 3246 909 3301; x_wconf 93' lang='lat' dir='ltr'>ad</span> <span class='ocrx_word' id='word_1_243' title='bbox 968 3261 1100 3300; x_wconf 91' lang='lat' dir='ltr'>eum</span> <span class='ocrx_word' id='word_1_244' title='bbox 1143 3245 1360 3300; x_wconf 88' lang='lat' dir='ltr'>litteras</span> <span class='ocrx_word' id='word_1_245' title='bbox 1404 3245 1656 3311; x_wconf 89' lang='lat' dir='ltr'>miserat,</span> <span class='ocrx_word' id='word_1_246' title='bbox 1699 3245 1832 3300; x_wconf 82' lang='lat' dir='ltr'>huic</span> 
     </span>
    </p>
   </div>
   <div class='ocr_carea' id='block_1_35' title="bbox 142 3333 1829 3394">
    <p class='ocr_par' dir='ltr' id='par_1_35' title="bbox 142 3333 1829 3394">
     <span class='ocr_line' id='line_1_35' title="bbox 142 3333 1829 3394; baseline -0.003 -2"><span class='ocrx_word' id='word_1_247' title='bbox 142 3336 552 3394; x_wconf 91' lang='lat' dir='ltr'>consecrationi</span> <span class='ocrx_word' id='word_1_248' title='bbox 578 3335 871 3390; x_wconf 87' lang='lat' dir='ltr'>interesse.</span> <span class='ocrx_word' id='word_1_249' title='bbox 905 3337 1012 3390; x_wconf 90' lang='lat' dir='ltr'>Per</span> <span class='ocrx_word' id='word_1_250' title='bbox 1039 3334 1290 3390; x_wconf 87' lang='lat' dir='ltr'>hiemem</span> <span class='ocrx_word' id='word_1_251' title='bbox 1321 3335 1474 3389; x_wconf 90' lang='lat' dir='ltr'>haud</span> <span class='ocrx_word' id='word_1_252' title='bbox 1512 3333 1683 3390; x_wconf 90' lang='lat' dir='ltr'>dubie</span> <span class='ocrx_word' id='word_1_253' title='bbox 1715 3350 1829 3388; x_wconf 92' lang='lat' dir='ltr'>non</span> 
     </span>
    </p>
   </div>
   <div class='ocr_carea' id='block_1_36' title="bbox 145 3423 1830 3497">
    <p class='ocr_par' dir='ltr' id='par_1_36' title="bbox 145 3423 1830 3497">
     <span class='ocr_line' id='line_1_36' title="bbox 145 3423 1830 3497; baseline -0.004 -15"><span class='ocrx_word' id='word_1_254' title='bbox 145 3432 268 3482; x_wconf 92' lang='lat' dir='ltr'>sunt</span> <span class='ocrx_word' id='word_1_255' title='bbox 294 3425 566 3497; x_wconf 86' lang='lat' dir='ltr'>regressi,</span> <span class='ocrx_word' id='word_1_256' title='bbox 595 3425 689 3480; x_wconf 89' lang='lat' dir='ltr'>sed</span> <span class='ocrx_word' id='word_1_257' title='bbox 729 3424 921 3495; x_wconf 89' lang='lat' dir='ltr'>potius</span> <span class='ocrx_word' id='word_1_258' title='bbox 949 3423 1180 3479; x_wconf 89' lang='lat' dir='ltr'>ineunte</span> <span class='ocrx_word' id='word_1_259' title='bbox 1209 3439 1341 3478; x_wconf 86' lang='lat' dir='ltr'>vere</span> <span class='ocrx_word' id='word_1_260' title='bbox 1372 3423 1507 3477; x_wconf 89' lang='lat' dir='ltr'>anni</span> <span class='ocrx_word' id='word_1_261' title='bbox 1549 3429 1830 3478; x_wconf 88' lang='lat' dir='ltr'>trecente-</span> 
     </span>
    </p>
   </div>
   <div class='ocr_carea' id='block_1_37' title="bbox 145 3512 1833 3584">
    <p class='ocr_par' dir='ltr' id='par_1_37' title="bbox 145 3512 1833 3584">
     <span class='ocr_line' id='line_1_37' title="bbox 145 3512 1833 3584; baseline -0.002 -17"><span class='ocrx_word' id='word_1_262' title='bbox 145 3513 266 3568; x_wconf 91' lang='lat' dir='ltr'>simi</span> <span class='ocrx_word' id='word_1_263' title='bbox 294 3513 660 3584; x_wconf 89' lang='lat' dir='ltr'>nonagesimi</span> <span class='ocrx_word' id='word_1_264' title='bbox 689 3513 860 3579; x_wconf 82' lang='lat' dir='ltr'>sexti;</span> <span class='ocrx_word' id='word_1_265' title='bbox 907 3512 1070 3566; x_wconf 91' lang='lat' dir='ltr'>citius</span> <span class='ocrx_word' id='word_1_266' title='bbox 1099 3516 1314 3581; x_wconf 88' lang='lat' dir='ltr'>tamen,</span> <span class='ocrx_word' id='word_1_267' title='bbox 1345 3528 1408 3565; x_wconf 88' lang='lat' dir='ltr'>ac</span> <span class='ocrx_word' id='word_1_268' title='bbox 1438 3513 1606 3566; x_wconf 88' lang='lat' dir='ltr'>vellet</span> <span class='ocrx_word' id='word_1_269' title='bbox 1643 3513 1833 3581; x_wconf 86' lang='lat' dir='ltr'>Augu-</span> 
     </span>
    </p>
   </div>
   <div class='ocr_carea' id='block_1_38' title="bbox 147 3599 1832 3671">
    <p class='ocr_par' dir='ltr' id='par_1_38' title="bbox 147 3599 1832 3671">
     <span class='ocr_line' id='line_1_38' title="bbox 147 3599 1832 3671; baseline -0.004 -13"><span class='ocrx_word' id='word_1_270' title='bbox 147 3603 315 3658; x_wconf 91' lang='lat' dir='ltr'>stinus</span> <span class='ocrx_word' id='word_1_271' title='bbox 347 3620 360 3658; x_wconf 90' lang='lat'><strong>:</strong></span> <span class='ocrx_word' id='word_1_272' title='bbox 394 3619 500 3658; x_wconf 89' lang='lat' dir='ltr'>nec</span> <span class='ocrx_word' id='word_1_273' title='bbox 546 3619 645 3657; x_wconf 91' lang='lat' dir='ltr'>eos</span> <span class='ocrx_word' id='word_1_274' title='bbox 691 3601 787 3657; x_wconf 87' lang='lat' dir='ltr'>ille</span> <span class='ocrx_word' id='word_1_275' title='bbox 835 3601 955 3656; x_wconf 91' lang='lat' dir='ltr'>sine</span> <span class='ocrx_word' id='word_1_276' title='bbox 1004 3602 1256 3656; x_wconf 88' lang='lat' dir='ltr'>molestia</span> <span class='ocrx_word' id='word_1_277' title='bbox 1297 3600 1531 3666; x_wconf 90' lang='lat' dir='ltr'>dimisit,</span> <span class='ocrx_word' id='word_1_278' title='bbox 1573 3599 1832 3671; x_wconf 86' lang='lat' dir='ltr'>quamvis</span> 
     </span>
    </p>
   </div>
   <div class='ocr_carea' id='block_1_39' title="bbox 145 3689 1822 3760">
    <p class='ocr_par' dir='ltr' id='par_1_39' title="bbox 145 3689 1822 3760">
     <span class='ocr_line' id='line_1_39' title="bbox 145 3689 1822 3760; baseline -0.002 -16"><span class='ocrx_word' id='word_1_279' title='bbox 145 3691 305 3745; x_wconf 89' lang='lat' dir='ltr'>unius</span> <span class='ocrx_word' id='word_1_280' title='bbox 352 3689 577 3746; x_wconf 87' lang='lat' dir='ltr'>Paulini</span> <span class='ocrx_word' id='word_1_281' title='bbox 641 3690 928 3744; x_wconf 87' lang='lat' dir='ltr'>revisandi</span> <span class='ocrx_word' id='word_1_282' title='bbox 976 3690 1157 3760; x_wconf 88' lang='lat' dir='ltr'>gratia</span> <span class='ocrx_word' id='word_1_283' title='bbox 1196 3689 1383 3744; x_wconf 90' lang='lat' dir='ltr'>redire</span> <span class='ocrx_word' id='word_1_284' title='bbox 1444 3692 1822 3743; x_wconf 86' lang='lat' dir='ltr'>maturarent.</span> 
     </span>
    </p>
   </div>
   <div class='ocr_carea' id='block_1_40' title="bbox 151 3775 1830 3850">
    <p class='ocr_par' dir='ltr' id='par_1_40' title="bbox 151 3775 1830 3850">
     <span class='ocr_line' id='line_1_40' title="bbox 151 3775 1830 3850; baseline -0.003 -18"><span class='ocrx_word' id='word_1_285' title='bbox 151 3781 307 3834; x_wconf 88' lang='lat' dir='ltr'>Tanto</span> <span class='ocrx_word' id='word_1_286' title='bbox 337 3783 528 3850; x_wconf 82' lang='lat' dir='ltr'>utique</span> <span class='ocrx_word' id='word_1_287' title='bbox 557 3778 876 3833; x_wconf 79' lang='lat' dir='ltr'>dimittendi</span> <span class='ocrx_word' id='word_1_288' title='bbox 899 3782 1054 3832; x_wconf 88' lang='lat' dir='ltr'>erant</span> <span class='ocrx_word' id='word_1_289' title='bbox 1079 3778 1323 3838; x_wconf 81' lang='lat' dir='ltr'>velocius,</span> <span class='ocrx_word' id='word_1_290' title='bbox 1355 3775 1434 3831; x_wconf 87' lang='lat' dir='ltr'>ait</span> <span class='ocrx_word' id='word_1_291' title='bbox 1460 3775 1830 3846; x_wconf 83' lang='lat' dir='ltr'>Augustinus,</span> 
     </span>
    </p>
   </div>
   <div class='ocr_carea' id='block_1_41' title="bbox 149 3864 1835 3936">
    <p class='ocr_par' dir='ltr' id='par_1_41' title="bbox 149 3864 1835 3936">
     <span class='ocr_line' id='line_1_41' title="bbox 149 3864 1835 3936; baseline -0.001 -16"><span class='ocrx_word' id='word_1_292' title='bbox 149 3873 336 3936; x_wconf 87' lang='lat' dir='ltr'>quanto</span> <span class='ocrx_word' id='word_1_293' title='bbox 364 3869 516 3922; x_wconf 81' lang='lat' dir='ltr'>vobis</span> <span class='ocrx_word' id='word_1_294' title='bbox 546 3869 838 3936; x_wconf 82' lang='lat' dir='ltr'>impensius</span> <span class='ocrx_word' id='word_1_295' title='bbox 869 3866 1081 3920; x_wconf 83' lang='lat' dir='ltr'>obedire</span> <span class='ocrx_word' id='word_1_296' title='bbox 1102 3867 1405 3935; x_wconf 86' lang='lat' dir='ltr'>cupiebant.</span> <span class='ocrx_word' id='word_1_297' title='bbox 1432 3865 1535 3920; x_wconf 88' lang='lat' dir='ltr'>Sed</span> <span class='ocrx_word' id='word_1_298' title='bbox 1559 3869 1758 3932; x_wconf 89' lang='lat' dir='ltr'>quanto</span> <span class='ocrx_word' id='word_1_299' title='bbox 1775 3864 1835 3918; x_wconf 87' lang='lat' dir='ltr'>id</span> 
     </span>
    </p>
   </div>
   <div class='ocr_carea' id='block_1_42' title="bbox 149 3953 1830 4024">
    <p class='ocr_par' dir='ltr' id='par_1_42' title="bbox 149 3953 1830 4024">
     <span class='ocr_line' id='line_1_42' title="bbox 149 3953 1830 4024; baseline -0.001 -17"><span class='ocrx_word' id='word_1_300' title='bbox 149 3957 421 4024; x_wconf 86' lang='lat' dir='ltr'>cupiebant</span> <span class='ocrx_word' id='word_1_301' title='bbox 454 3959 652 4022; x_wconf 89' lang='lat' dir='ltr'>magis,</span> <span class='ocrx_word' id='word_1_302' title='bbox 676 3960 825 4009; x_wconf 87' lang='lat' dir='ltr'>tanto</span> <span class='ocrx_word' id='word_1_303' title='bbox 845 3969 936 4008; x_wconf 85' lang='lat' dir='ltr'>vos</span> <span class='ocrx_word' id='word_1_304' title='bbox 961 3955 1113 4008; x_wconf 89' lang='lat' dir='ltr'>nobis</span> <span class='ocrx_word' id='word_1_305' title='bbox 1127 3955 1448 4022; x_wconf 65' lang='lat' dir='ltr'>praesentius</span> <span class='ocrx_word' id='word_1_306' title='bbox 1475 3953 1830 4006; x_wconf 77' lang='lat' dir='ltr'>ecchibcbant:</span> 
     </span>
    </p>
   </div>
   <div class='ocr_carea' id='block_1_43' title="bbox 148 4042 1830 4114">
    <p class='ocr_par' dir='ltr' id='par_1_43' title="bbox 148 4042 1830 4114">
     <span class='ocr_line' id='line_1_43' title="bbox 148 4042 1830 4114; baseline -0.002 -19"><span class='ocrx_word' id='word_1_307' title='bbox 148 4058 198 4096; x_wconf 91' lang='lat' dir='ltr'>eo</span> <span class='ocrx_word' id='word_1_308' title='bbox 221 4047 419 4114; x_wconf 82' lang='lat' dir='ltr'>quippe</span> <span class='ocrx_word' id='word_1_309' title='bbox 450 4043 790 4107; x_wconf 86' lang='lat' dir='ltr'>indicabant,</span> <span class='ocrx_word' id='word_1_310' title='bbox 823 4057 986 4110; x_wconf 82' lang='lat' dir='ltr'>quam</span> <span class='ocrx_word' id='word_1_311' title='bbox 1017 4042 1186 4095; x_wconf 89' lang='lat' dir='ltr'>chara</span> <span class='ocrx_word' id='word_1_312' title='bbox 1213 4046 1392 4095; x_wconf 78' lang='lat' dir='ltr'>uestra</span> <span class='ocrx_word' id='word_1_313' title='bbox 1416 4043 1624 4094; x_wconf 84' lang='lat' dir='ltr'>viscera</span> <span class='ocrx_word' id='word_1_314' title='bbox 1642 4044 1830 4094; x_wconf 86' lang='lat' dir='ltr'>essent.</span> 
     </span>
    </p>
   </div>
   <div class='ocr_carea' id='block_1_44' title="bbox 153 4127 1836 4199">
    <p class='ocr_par' dir='ltr' id='par_1_44' title="bbox 153 4127 1836 4199">
     <span class='ocr_line' id='line_1_44' title="bbox 153 4127 1836 4199; baseline -0.002 -15"><span class='ocrx_word' id='word_1_315' title='bbox 153 4132 307 4187; x_wconf 85' lang='lat' dir='ltr'>Tanto</span> <span class='ocrx_word' id='word_1_316' title='bbox 337 4134 515 4199; x_wconf 80' lang='lat' dir='ltr'>igitur</span> <span class='ocrx_word' id='word_1_317' title='bbox 543 4146 628 4184; x_wconf 88' lang='lat' dir='ltr'>eos</span> <span class='ocrx_word' id='word_1_318' title='bbox 659 4131 838 4182; x_wconf 85' lang='lat' dir='ltr'>minus</span> <span class='ocrx_word' id='word_1_319' title='bbox 871 4129 1142 4182; x_wconf 83' lang='lat' dir='ltr'>dimittere</span> <span class='ocrx_word' id='word_1_320' title='bbox 1171 4128 1496 4193; x_wconf 83' lang='lat' dir='ltr'>volebamus,</span> <span class='ocrx_word' id='word_1_321' title='bbox 1523 4131 1722 4196; x_wconf 85' lang='lat' dir='ltr'>quanto</span> <span class='ocrx_word' id='word_1_322' title='bbox 1740 4127 1836 4195; x_wconf 80' lang='lat' dir='ltr'>ju-</span> 
     </span>
    </p>
   </div>
   <div class='ocr_carea' id='block_1_45' title="bbox 150 4215 1835 4285">
    <p class='ocr_par' dir='ltr' id='par_1_45' title="bbox 150 4215 1835 4285">
     <span class='ocr_line' id='line_1_45' title="bbox 150 4215 1835 4285; baseline -0.003 -11"><span class='ocrx_word' id='word_1_323' title='bbox 150 4223 274 4276; x_wconf 87' lang='lat' dir='ltr'>stius</span> <span class='ocrx_word' id='word_1_324' title='bbox 303 4226 363 4276; x_wconf 88' lang='lat' dir='ltr'>ut</span> <span class='ocrx_word' id='word_1_325' title='bbox 388 4221 794 4275; x_wconf 84' lang='lat' dir='ltr'>dimitterentur</span> <span class='ocrx_word' id='word_1_326' title='bbox 823 4216 1122 4271; x_wconf 84' lang='lat' dir='ltr'>instabant.</span> <span class='ocrx_word' id='word_1_327' title='bbox 1155 4215 1408 4270; x_wconf 88' lang='lat' dir='ltr'>Tradidit</span> <span class='ocrx_word' id='word_1_328' title='bbox 1431 4215 1509 4269; x_wconf 90' lang='lat' dir='ltr'>eis</span> <span class='ocrx_word' id='word_1_329' title='bbox 1539 4215 1835 4285; x_wconf 91' lang='lat' dir='ltr'>epistolam</span> 
     </span>
    </p>
   </div>
   <div class='ocr_carea' id='block_1_46' title="bbox 152 4304 1836 4375">
    <p class='ocr_par' dir='ltr' id='par_1_46' title="bbox 152 4304 1836 4375">
     <span class='ocr_line' id='line_1_46' title="bbox 152 4304 1836 4375; baseline -0.004 -13"><span class='ocrx_word' id='word_1_330' title='bbox 152 4309 378 4364; x_wconf 90' lang='lat' dir='ltr'>Paulino</span> <span class='ocrx_word' id='word_1_331' title='bbox 425 4313 484 4364; x_wconf 92' lang='lat' dir='ltr'>et</span> <span class='ocrx_word' id='word_1_332' title='bbox 537 4306 818 4362; x_wconf 71' lang='lat' dir='ltr'>Therasia:</span> <span class='ocrx_word' id='word_1_333' title='bbox 864 4305 1219 4375; x_wconf 90' lang='lat' dir='ltr'>inscriptam,</span> <span class='ocrx_word' id='word_1_334' title='bbox 1266 4320 1380 4375; x_wconf 91' lang='lat' dir='ltr'>qua</span> <span class='ocrx_word' id='word_1_335' title='bbox 1425 4304 1836 4374; x_wconf 88' lang='lat' dir='ltr'>posterioribus</span> 
     </span>
    </p>
   </div>
   <div class='ocr_carea' id='block_1_47' title="bbox 154 4391 1840 4465">
    <p class='ocr_par' dir='ltr' id='par_1_47' title="bbox 154 4391 1840 4465">
     <span class='ocr_line' id='line_1_47' title="bbox 154 4391 1840 4465; baseline -0.003 -16"><span class='ocrx_word' id='word_1_336' title='bbox 154 4396 344 4451; x_wconf 90' lang='lat' dir='ltr'>litteris</span> <span class='ocrx_word' id='word_1_337' title='bbox 369 4414 402 4452; x_wconf 88' lang='lat' dir='ltr'>a</span> <span class='ocrx_word' id='word_1_338' title='bbox 422 4395 662 4452; x_wconf 87' lang='lat' dir='ltr'>Paulino</span> <span class='ocrx_word' id='word_1_339' title='bbox 700 4393 944 4465; x_wconf 80' lang='lat' dir='ltr'>acceptis</span> <span class='ocrx_word' id='word_1_340' title='bbox 986 4393 1378 4463; x_wconf 87' lang='lat' dir='ltr'>respondebat.</span> <span class='ocrx_word' id='word_1_341' title='bbox 1403 4393 1514 4446; x_wconf 81' lang='lat' dir='ltr'>Nec</span> <span class='ocrx_word' id='word_1_342' title='bbox 1533 4391 1590 4445; x_wconf 89' lang='lat' dir='ltr'>in</span> <span class='ocrx_word' id='word_1_343' title='bbox 1611 4391 1716 4445; x_wconf 90' lang='lat' dir='ltr'>hac</span> <span class='ocrx_word' id='word_1_344' title='bbox 1738 4392 1840 4444; x_wconf 92' lang='lat' dir='ltr'>mi-</span> 
     </span>
    </p>
   </div>
   <div class='ocr_carea' id='block_1_48' title="bbox 155 4480 1838 4554">
    <p class='ocr_par' dir='ltr' id='par_1_48' title="bbox 155 4480 1838 4554">
     <span class='ocr_line' id='line_1_48' title="bbox 155 4480 1838 4554; baseline -0.002 -18"><span class='ocrx_word' id='word_1_345' title='bbox 155 4497 252 4537; x_wconf 90' lang='lat' dir='ltr'>nus</span> <span class='ocrx_word' id='word_1_346' title='bbox 278 4490 539 4539; x_wconf 89' lang='lat' dir='ltr'>tenerum</span> <span class='ocrx_word' id='word_1_347' title='bbox 571 4499 707 4554; x_wconf 88' lang='lat' dir='ltr'>erga</span> <span class='ocrx_word' id='word_1_348' title='bbox 737 4499 868 4538; x_wconf 91' lang='lat' dir='ltr'>eum</span> <span class='ocrx_word' id='word_1_349' title='bbox 899 4498 1175 4544; x_wconf 88' lang='lat' dir='ltr'>amorem,</span> <span class='ocrx_word' id='word_1_350' title='bbox 1212 4480 1470 4535; x_wconf 85' lang='lat' dir='ltr'>minusve</span> <span class='ocrx_word' id='word_1_351' title='bbox 1491 4481 1696 4534; x_wconf 90' lang='lat' dir='ltr'>ardens</span> <span class='ocrx_word' id='word_1_352' title='bbox 1717 4482 1838 4550; x_wconf 85' lang='lat' dir='ltr'>ejus</span> 
     </span>
    </p>
   </div>
   <div class='ocr_carea' id='block_1_49' title="bbox 158 4569 1840 4641">
    <p class='ocr_par' dir='ltr' id='par_1_49' title="bbox 158 4569 1840 4641">
     <span class='ocr_line' id='line_1_49' title="bbox 158 4569 1840 4641; baseline 0 -18"><span class='ocrx_word' id='word_1_353' title='bbox 158 4570 371 4627; x_wconf 88' lang='lat' dir='ltr'>videndi</span> <span class='ocrx_word' id='word_1_354' title='bbox 401 4572 654 4628; x_wconf 92' lang='lat' dir='ltr'>studium</span> <span class='ocrx_word' id='word_1_355' title='bbox 686 4572 1024 4638; x_wconf 88' lang='lat' dir='ltr'>testabatur,</span> <span class='ocrx_word' id='word_1_356' title='bbox 1057 4587 1229 4641; x_wconf 91' lang='lat' dir='ltr'>quam</span> <span class='ocrx_word' id='word_1_357' title='bbox 1260 4571 1320 4624; x_wconf 92' lang='lat' dir='ltr'>in</span> <span class='ocrx_word' id='word_1_358' title='bbox 1341 4569 1577 4640; x_wconf 87' lang='lat' dir='ltr'>epistola</span> <span class='ocrx_word' id='word_1_359' title='bbox 1607 4586 1708 4640; x_wconf 91' lang='lat' dir='ltr'>per</span> <span class='ocrx_word' id='word_1_360' title='bbox 1734 4571 1840 4624; x_wconf 84' lang='lat' dir='ltr'>Ro-</span> 
     </span>
    </p>
   </div>
   <div class='ocr_carea' id='block_1_50' title="bbox 157 4658 1839 4730">
    <p class='ocr_par' dir='ltr' id='par_1_50' title="bbox 157 4658 1839 4730">
     <span class='ocr_line' id='line_1_50' title="bbox 157 4658 1839 4730; baseline -0.002 -16"><span class='ocrx_word' id='word_1_361' title='bbox 157 4661 476 4716; x_wconf 88' lang='lat' dir='ltr'>manianum</span> <span class='ocrx_word' id='word_1_362' title='bbox 500 4661 707 4716; x_wconf 91' lang='lat' dir='ltr'>delata.</span> <span class='ocrx_word' id='word_1_363' title='bbox 744 4662 819 4714; x_wconf 88' lang='lat' dir='ltr'>De</span> <span class='ocrx_word' id='word_1_364' title='bbox 842 4676 945 4714; x_wconf 88' lang='lat' dir='ltr'>sua</span> <span class='ocrx_word' id='word_1_365' title='bbox 973 4659 1040 4714; x_wconf 90' lang='lat' dir='ltr'>ad</span> <span class='ocrx_word' id='word_1_366' title='bbox 1067 4659 1459 4729; x_wconf 88' lang='lat' dir='ltr'>episcopatum</span> <span class='ocrx_word' id='word_1_367' title='bbox 1483 4658 1839 4730; x_wconf 88' lang='lat' dir='ltr'>promotione</span> 
     </span>
    </p>
   </div>
   <div class='ocr_carea' id='block_1_51' title="bbox 157 4747 1836 4818">
    <p class='ocr_par' dir='ltr' id='par_1_51' title="bbox 157 4747 1836 4818">
     <span class='ocr_line' id='line_1_51' title="bbox 157 4747 1836 4818; baseline -0.001 -17"><span class='ocrx_word' id='word_1_368' title='bbox 157 4749 443 4804; x_wconf 89' lang='lat' dir='ltr'>certiorem</span> <span class='ocrx_word' id='word_1_369' title='bbox 483 4766 617 4804; x_wconf 88' lang='lat' dir='ltr'>eum</span> <span class='ocrx_word' id='word_1_370' title='bbox 647 4749 794 4814; x_wconf 87' lang='lat' dir='ltr'>fecit,</span> <span class='ocrx_word' id='word_1_371' title='bbox 843 4753 908 4802; x_wconf 91' lang='lat' dir='ltr'>ut</span> <span class='ocrx_word' id='word_1_372' title='bbox 935 4747 1021 4801; x_wconf 88' lang='lat' dir='ltr'>illi</span> <span class='ocrx_word' id='word_1_373' title='bbox 1049 4748 1415 4818; x_wconf 82' lang='lat' dir='ltr'>significaret,</span> <span class='ocrx_word' id='word_1_374' title='bbox 1458 4763 1515 4800; x_wconf 88' lang='lat' dir='ltr'>se</span> <span class='ocrx_word' id='word_1_375' title='bbox 1543 4747 1611 4801; x_wconf 90' lang='lat' dir='ltr'>de</span> <span class='ocrx_word' id='word_1_376' title='bbox 1650 4747 1836 4817; x_wconf 85' lang='lat' dir='ltr'>profc-</span> 
     </span>
    </p>
   </div>
   <div class='ocr_carea' id='block_1_52' title="bbox 157 4833 1839 4908">
    <p class='ocr_par' dir='ltr' id='par_1_52' title="bbox 157 4833 1839 4908">
     <span class='ocr_line' id='line_1_52' title="bbox 157 4833 1839 4908; baseline -0.001 -18"><span class='ocrx_word' id='word_1_377' title='bbox 157 4835 330 4892; x_wconf 89' lang='lat' dir='ltr'>ctione</span> <span class='ocrx_word' id='word_1_378' title='bbox 358 4838 418 4893; x_wconf 93' lang='lat' dir='ltr'>in</span> <span class='ocrx_word' id='word_1_379' title='bbox 449 4837 693 4904; x_wconf 88' lang='lat' dir='ltr'>Italiam,</span> <span class='ocrx_word' id='word_1_380' title='bbox 728 4837 850 4908; x_wconf 86' lang='lat' dir='ltr'>ejus</span> <span class='ocrx_word' id='word_1_381' title='bbox 877 4836 1160 4890; x_wconf 88' lang='lat' dir='ltr'>invisendi</span> <span class='ocrx_word' id='word_1_382' title='bbox 1206 4851 1393 4902; x_wconf 88' lang='lat' dir='ltr'>causa,</span> <span class='ocrx_word' id='word_1_383' title='bbox 1441 4833 1688 4904; x_wconf 86' lang='lat' dir='ltr'>cogitare</span> <span class='ocrx_word' id='word_1_384' title='bbox 1727 4850 1839 4888; x_wconf 91' lang='lat' dir='ltr'>non</span> 
     </span>
    </p>
   </div>
   <div class='ocr_carea' id='block_1_53' title="bbox 160 4921 1838 4998">
    <p class='ocr_par' dir='ltr' id='par_1_53' title="bbox 160 4921 1838 4998">
     <span class='ocr_line' id='line_1_53' title="bbox 160 4921 1838 4998; baseline -0.001 -21"><span class='ocrx_word' id='word_1_385' title='bbox 160 4939 332 4992; x_wconf 88' lang='lat' dir='ltr'>posse,</span> <span class='ocrx_word' id='word_1_386' title='bbox 377 4929 552 4998; x_wconf 87' lang='lat' dir='ltr'>utque</span> <span class='ocrx_word' id='word_1_387' title='bbox 590 4925 780 4997; x_wconf 91' lang='lat' dir='ltr'>ipsum</span> <span class='ocrx_word' id='word_1_388' title='bbox 832 4923 1226 4979; x_wconf 89' lang='lat' dir='ltr'>ecclesiasticis</span> <span class='ocrx_word' id='word_1_389' title='bbox 1254 4923 1405 4978; x_wconf 90' lang='lat' dir='ltr'>curis</span> <span class='ocrx_word' id='word_1_390' title='bbox 1434 4921 1838 4994; x_wconf 84' lang='lat' dir='ltr'>expeditiorem</span> 
     </span>
    </p>
   </div>
   <div class='ocr_carea' id='block_1_54' title="bbox 164 5011 1843 5086">
    <p class='ocr_par' dir='ltr' id='par_1_54' title="bbox 164 5011 1843 5086">
     <span class='ocr_line' id='line_1_54' title="bbox 164 5011 1843 5086; baseline -0.001 -21"><span class='ocrx_word' id='word_1_391' title='bbox 164 5013 421 5082; x_wconf 88' lang='lat' dir='ltr'>(nondum</span> <span class='ocrx_word' id='word_1_392' title='bbox 457 5014 608 5069; x_wconf 90' lang='lat' dir='ltr'>enim</span> <span class='ocrx_word' id='word_1_393' title='bbox 642 5015 939 5086; x_wconf 89' lang='lat' dir='ltr'>episcopus</span> <span class='ocrx_word' id='word_1_394' title='bbox 969 5018 1091 5067; x_wconf 90' lang='lat' dir='ltr'>erat</span> <span class='ocrx_word' id='word_1_395' title='bbox 1139 5011 1425 5082; x_wconf 88' lang='lat' dir='ltr'>Paulinus)</span> <span class='ocrx_word' id='word_1_396' title='bbox 1466 5012 1532 5066; x_wconf 90' lang='lat' dir='ltr'>ad</span> <span class='ocrx_word' id='word_1_397' title='bbox 1564 5011 1843 5082; x_wconf 87' lang='lat' dir='ltr'>trajicien-</span> 
     </span>
    </p>
   </div>
   <div class='ocr_carea' id='block_1_55' title="bbox 165 5101 1842 5170">
    <p class='ocr_par' dir='ltr' id='par_1_55' title="bbox 165 5101 1842 5170">
     <span class='ocr_line' id='line_1_55' title="bbox 165 5101 1842 5170; baseline -0.001 -15"><span class='ocrx_word' id='word_1_398' title='bbox 165 5101 290 5155; x_wconf 88' lang='lat' dir='ltr'>dum</span> <span class='ocrx_word' id='word_1_399' title='bbox 313 5102 369 5157; x_wconf 92' lang='lat' dir='ltr'>in</span> <span class='ocrx_word' id='word_1_400' title='bbox 400 5104 644 5158; x_wconf 86' lang='lat' dir='ltr'>Africam</span> <span class='ocrx_word' id='word_1_401' title='bbox 677 5103 961 5168; x_wconf 88' lang='lat' dir='ltr'>invitaret,</span> <span class='ocrx_word' id='word_1_402' title='bbox 994 5107 1112 5156; x_wconf 91' lang='lat' dir='ltr'>tam</span> <span class='ocrx_word' id='word_1_403' title='bbox 1144 5102 1215 5156; x_wconf 91' lang='lat' dir='ltr'>ad</span> <span class='ocrx_word' id='word_1_404' title='bbox 1257 5101 1345 5155; x_wconf 91' lang='lat' dir='ltr'>sui</span> <span class='ocrx_word' id='word_1_405' title='bbox 1391 5105 1842 5170; x_wconf 67' lang='lat' dir='ltr'>caaterorumque</span> 
     </span>
    </p>
   </div>
   <div class='ocr_carea' id='block_1_56' title="bbox 167 5188 1841 5262">
    <p class='ocr_par' dir='ltr' id='par_1_56' title="bbox 167 5188 1841 5262">
     <span class='ocr_line' id='line_1_56' title="bbox 167 5188 1841 5262; baseline 0.002 -24"><span class='ocrx_word' id='word_1_406' title='bbox 167 5188 439 5256; x_wconf 88' lang='lat' dir='ltr'>solatium,</span> <span class='ocrx_word' id='word_1_407' title='bbox 482 5190 581 5262; x_wconf 90' lang='lat' dir='ltr'>qui</span> <span class='ocrx_word' id='word_1_408' title='bbox 603 5191 752 5244; x_wconf 89' lang='lat' dir='ltr'>dona</span> <span class='ocrx_word' id='word_1_409' title='bbox 777 5190 1050 5244; x_wconf 91' lang='lat' dir='ltr'>divinitus</span> <span class='ocrx_word' id='word_1_410' title='bbox 1081 5191 1137 5243; x_wconf 90' lang='lat' dir='ltr'>in</span> <span class='ocrx_word' id='word_1_411' title='bbox 1169 5206 1299 5243; x_wconf 92' lang='lat' dir='ltr'>eum</span> <span class='ocrx_word' id='word_1_412' title='bbox 1330 5189 1529 5242; x_wconf 88' lang='lat' dir='ltr'>collata</span> <span class='ocrx_word' id='word_1_413' title='bbox 1559 5188 1841 5242; x_wconf 88' lang='lat' dir='ltr'>miraban-</span> 
     </span>
    </p>
   </div>
   <div class='ocr_carea' id='block_1_57' title="bbox 167 5277 1843 5350">
    <p class='ocr_par' dir='ltr' id='par_1_57' title="bbox 167 5277 1843 5350">
     <span class='ocr_line' id='line_1_57' title="bbox 167 5277 1843 5350; baseline 0.001 -22"><span class='ocrx_word' id='word_1_414' title='bbox 167 5279 285 5344; x_wconf 87' lang='lat' dir='ltr'>tur;</span> <span class='ocrx_word' id='word_1_415' title='bbox 313 5295 480 5350; x_wconf 89' lang='lat' dir='ltr'>quam</span> <span class='ocrx_word' id='word_1_416' title='bbox 513 5281 580 5335; x_wconf 91' lang='lat' dir='ltr'>ad</span> <span class='ocrx_word' id='word_1_417' title='bbox 606 5296 802 5334; x_wconf 92' lang='lat' dir='ltr'>eorum</span> <span class='ocrx_word' id='word_1_418' title='bbox 835 5279 1274 5345; x_wconf 88' lang='lat' dir='ltr'>institutionem,</span> <span class='ocrx_word' id='word_1_419' title='bbox 1301 5277 1400 5349; x_wconf 92' lang='lat' dir='ltr'>qui</span> <span class='ocrx_word' id='word_1_420' title='bbox 1426 5294 1489 5330; x_wconf 91' lang='lat' dir='ltr'>ea</span> <span class='ocrx_word' id='word_1_421' title='bbox 1510 5278 1737 5331; x_wconf 87' lang='lat' dir='ltr'>credere</span> <span class='ocrx_word' id='word_1_422' title='bbox 1757 5277 1843 5331; x_wconf 88' lang='lat' dir='ltr'>vel</span> 
     </span>
    </p>
   </div>
   <div class='ocr_carea' id='block_1_58' title="bbox 169 5366 1844 5438">
    <p class='ocr_par' dir='ltr' id='par_1_58' title="bbox 169 5366 1844 5438">
     <span class='ocr_line' id='line_1_58' title="bbox 169 5366 1844 5438; baseline 0.001 -22"><span class='ocrx_word' id='word_1_423' title='bbox 169 5378 275 5419; x_wconf 87' lang='lat' dir='ltr'>non</span> <span class='ocrx_word' id='word_1_424' title='bbox 303 5374 582 5438; x_wconf 91' lang='lat' dir='ltr'>poterant,</span> <span class='ocrx_word' id='word_1_425' title='bbox 614 5369 700 5423; x_wconf 90' lang='lat' dir='ltr'>vel</span> <span class='ocrx_word' id='word_1_426' title='bbox 733 5367 1026 5434; x_wconf 85' lang='lat' dir='ltr'>nolebant,</span> <span class='ocrx_word' id='word_1_427' title='bbox 1059 5367 1166 5420; x_wconf 90' lang='lat' dir='ltr'>nisi</span> <span class='ocrx_word' id='word_1_428' title='bbox 1202 5368 1361 5437; x_wconf 91' lang='lat' dir='ltr'>prius</span> <span class='ocrx_word' id='word_1_429' title='bbox 1391 5366 1577 5437; x_wconf 90' lang='lat' dir='ltr'>ipsum</span> <span class='ocrx_word' id='word_1_430' title='bbox 1609 5366 1844 5435; x_wconf 89' lang='lat' dir='ltr'>ejusque</span> 
     </span>
    </p>
   </div>
   <div class='ocr_carea' id='block_1_59' title="bbox 169 5453 1843 5529">
    <p class='ocr_par' dir='ltr' id='par_1_59' title="bbox 169 5453 1843 5529">
     <span class='ocr_line' id='line_1_59' title="bbox 169 5453 1843 5529; baseline 0 -23"><span class='ocrx_word' id='word_1_431' title='bbox 169 5467 419 5522; x_wconf 87' lang='lat' dir='ltr'>sponsam</span> <span class='ocrx_word' id='word_1_432' title='bbox 437 5461 749 5529; x_wconf 59' lang='lat' dir='ltr'>praesentes</span> <span class='ocrx_word' id='word_1_433' title='bbox 767 5456 1144 5510; x_wconf 90' lang='lat' dir='ltr'>intuerentur.</span> <span class='ocrx_word' id='word_1_434' title='bbox 1171 5457 1246 5510; x_wconf 87' lang='lat' dir='ltr'>Eo</span> <span class='ocrx_word' id='word_1_435' title='bbox 1265 5472 1443 5526; x_wconf 89' lang='lat' dir='ltr'>usque</span> <span class='ocrx_word' id='word_1_436' title='bbox 1460 5453 1843 5526; x_wconf 89' lang='lat' dir='ltr'>progreditur,</span> 
     </span>
    </p>
   </div>
   <div class='ocr_carea' id='block_1_60' title="bbox 175 5540 1842 5613">
    <p class='ocr_par' dir='ltr' id='par_1_60' title="bbox 175 5540 1842 5613">
     <span class='ocr_line' id='line_1_60' title="bbox 175 5540 1842 5613; baseline 0.002 -23"><span class='ocrx_word' id='word_1_437' title='bbox 175 5542 229 5592; x_wconf 93' lang='lat' dir='ltr'>ut</span> <span class='ocrx_word' id='word_1_438' title='bbox 252 5540 392 5598; x_wconf 87' lang='lat' dir='ltr'>dicat</span> <span class='ocrx_word' id='word_1_439' title='bbox 415 5561 428 5599; x_wconf 90' lang='lat'><strong>:</strong></span> <span class='ocrx_word' id='word_1_440' title='bbox 451 5547 637 5602; x_wconf 86' lang='lat' dir='ltr'>Nescio</span> <span class='ocrx_word' id='word_1_441' title='bbox 664 5546 715 5599; x_wconf 89' lang='lat' dir='ltr'>si</span> <span class='ocrx_word' id='word_1_442' title='bbox 743 5543 1042 5613; x_wconf 85' lang='lat' dir='ltr'>quidquam</span> <span class='ocrx_word' id='word_1_443' title='bbox 1070 5542 1466 5597; x_wconf 55' lang='lat' dir='ltr'>misericordias</span> <span class='ocrx_word' id='word_1_444' title='bbox 1486 5543 1842 5612; x_wconf 85' lang='lat' dir='ltr'>agitis,quam</span> 
     </span>
    </p>
   </div>
   <div class='ocr_carea' id='block_1_61' title="bbox 1573 290 2174 359">
    <p class='ocr_par' dir='ltr' id='par_1_61' title="bbox 1573 290 2174 359">
     <span class='ocr_line' id='line_1_61' title="bbox 1573 290 2174 359; baseline 0.002 -13"><span class='ocrx_word' id='word_1_445' title='bbox 1573 290 1787 348; x_wconf 83' lang='lat' dir='ltr'><strong>LIBER</strong></span> <span class='ocrx_word' id='word_1_446' title='bbox 1827 291 2174 359; x_wconf 81' lang='lat' dir='ltr'>QUARTUS.</span> 
     </span>
    </p>
   </div>
   <div class='ocr_carea' id='block_1_62' title="bbox 3525 292 3631 346">
    <p class='ocr_par' dir='ltr' id='par_1_62' title="bbox 3525 292 3631 346">
     <span class='ocr_line' id='line_1_62' title="bbox 3525 292 3631 346; baseline 0.019 -2"><span class='ocrx_word' id='word_1_447' title='bbox 3525 292 3631 346; x_wconf 77' lang='grc'><strong>214</strong></span> 
     </span>
    </p>
   </div>
   <div class='ocr_carea' id='block_1_63' title="bbox 1938 411 3628 482">
    <p class='ocr_par' dir='ltr' id='par_1_63' title="bbox 1938 411 3628 482">
     <span class='ocr_line' id='line_1_63' title="bbox 1938 411 3628 482; baseline -0.001 -14"><span class='ocrx_word' id='word_1_448' title='bbox 1938 416 1989 468; x_wconf 92' lang='lat' dir='ltr'>si</span> <span class='ocrx_word' id='word_1_449' title='bbox 2013 417 2221 468; x_wconf 85' lang='lat' dir='ltr'>tantum</span> <span class='ocrx_word' id='word_1_450' title='bbox 2250 414 2432 468; x_wconf 83' lang='lat' dir='ltr'>nolitis</span> <span class='ocrx_word' id='word_1_451' title='bbox 2466 413 2630 468; x_wconf 84' lang='lat' dir='ltr'>latere</span> <span class='ocrx_word' id='word_1_452' title='bbox 2669 411 2814 482; x_wconf 90' lang='lat' dir='ltr'>quod</span> <span class='ocrx_word' id='word_1_453' title='bbox 2842 412 2972 466; x_wconf 83' lang='lat' dir='ltr'>tales</span> <span class='ocrx_word' id='word_1_454' title='bbox 3017 413 3162 478; x_wconf 89' lang='lat' dir='ltr'>estis,</span> <span class='ocrx_word' id='word_1_455' title='bbox 3195 414 3456 481; x_wconf 89' lang='lat' dir='ltr'>quantum</span> <span class='ocrx_word' id='word_1_456' title='bbox 3496 413 3628 467; x_wconf 85' lang='lat' dir='ltr'>tales</span> 
     </span>
    </p>
   </div>
   <div class='ocr_carea' id='block_1_64' title="bbox 1939 500 3626 572">
    <p class='ocr_par' dir='ltr' id='par_1_64' title="bbox 1939 500 3626 572">
     <span class='ocr_line' id='line_1_64' title="bbox 1939 500 3626 572; baseline -0.001 -16"><span class='ocrx_word' id='word_1_457' title='bbox 1939 517 2048 556; x_wconf 82' lang='lat' dir='ltr'>esse</span> <span class='ocrx_word' id='word_1_458' title='bbox 2083 503 2327 557; x_wconf 79' lang='lat' dir='ltr'>voluistis</span> <span class='ocrx_word' id='word_1_459' title='bbox 2369 503 2565 572; x_wconf 88' lang='lat' dir='ltr'>(Epist.</span> <span class='ocrx_word' id='word_1_460' title='bbox 2600 504 2688 569; x_wconf 87' lang='lat' dir='ltr'>3t,</span> <span class='ocrx_word' id='word_1_461' title='bbox 2719 517 2810 555; x_wconf 91' lang='lat' dir='ltr'>nn.</span> <span class='ocrx_word' id='word_1_462' title='bbox 2838 505 2890 567; x_wconf 90' lang='lat'>3,</span> <span class='ocrx_word' id='word_1_463' title='bbox 2921 501 2990 569; x_wconf 85' lang='lat'>6).</span> <span class='ocrx_word' id='word_1_464' title='bbox 3024 500 3153 571; x_wconf 90' lang='lat' dir='ltr'>Ejus</span> <span class='ocrx_word' id='word_1_465' title='bbox 3179 500 3441 555; x_wconf 87' lang='lat' dir='ltr'>charitati</span> <span class='ocrx_word' id='word_1_466' title='bbox 3470 517 3626 556; x_wconf 92' lang='lat' dir='ltr'>com-</span> 
     </span>
    </p>
   </div>
   <div class='ocr_carea' id='block_1_65' title="bbox 1938 588 3630 661">
    <p class='ocr_par' dir='ltr' id='par_1_65' title="bbox 1938 588 3630 661">
     <span class='ocr_line' id='line_1_65' title="bbox 1938 588 3630 661; baseline 0 -17"><span class='ocrx_word' id='word_1_467' title='bbox 1938 592 2169 646; x_wconf 90' lang='lat' dir='ltr'>mendat</span> <span class='ocrx_word' id='word_1_468' title='bbox 2210 607 2454 661; x_wconf 91' lang='lat' dir='ltr'>puerum</span> <span class='ocrx_word' id='word_1_469' title='bbox 2487 590 2802 661; x_wconf 88' lang='lat' dir='ltr'>(Vetustino</span> <span class='ocrx_word' id='word_1_470' title='bbox 2831 605 3042 644; x_wconf 88' lang='lat' dir='ltr'>nomen</span> <span class='ocrx_word' id='word_1_471' title='bbox 3073 589 3237 657; x_wconf 85' lang='lat' dir='ltr'>erat),</span> <span class='ocrx_word' id='word_1_472' title='bbox 3273 588 3374 660; x_wconf 92' lang='lat' dir='ltr'>qui</span> <span class='ocrx_word' id='word_1_473' title='bbox 3417 605 3546 642; x_wconf 89' lang='lat' dir='ltr'>reus</span> <span class='ocrx_word' id='word_1_474' title='bbox 3573 594 3630 644; x_wconf 90' lang='lat' dir='ltr'>et</span> 
     </span>
    </p>
   </div>
   <div class='ocr_carea' id='block_1_66' title="bbox 1938 675 3630 748">
    <p class='ocr_par' dir='ltr' id='par_1_66' title="bbox 1938 675 3630 748">
     <span class='ocr_line' id='line_1_66' title="bbox 1938 675 3630 748; baseline 0 -16"><span class='ocrx_word' id='word_1_475' title='bbox 1938 678 2113 733; x_wconf 90' lang='lat' dir='ltr'>miser</span> <span class='ocrx_word' id='word_1_476' title='bbox 2148 679 2318 732; x_wconf 91' lang='lat' dir='ltr'>fuisse</span> <span class='ocrx_word' id='word_1_477' title='bbox 2364 678 2601 733; x_wconf 90' lang='lat' dir='ltr'>videtur.</span> <span class='ocrx_word' id='word_1_478' title='bbox 2655 679 3074 732; x_wconf 81' lang='lat' dir='ltr'>Romanianum</span> <span class='ocrx_word' id='word_1_479' title='bbox 3119 675 3336 747; x_wconf 90' lang='lat' dir='ltr'>pariter</span> <span class='ocrx_word' id='word_1_480' title='bbox 3391 677 3630 748; x_wconf 90' lang='lat' dir='ltr'>ejusque</span> 
     </span>
    </p>
   </div>
   <div class='ocr_carea' id='block_1_67' title="bbox 1938 764 3628 836">
    <p class='ocr_par' dir='ltr' id='par_1_67' title="bbox 1938 764 3628 836">
     <span class='ocr_line' id='line_1_67' title="bbox 1938 764 3628 836; baseline -0.001 -16"><span class='ocrx_word' id='word_1_481' title='bbox 1938 767 2122 820; x_wconf 85' lang='lat' dir='ltr'>lilium</span> <span class='ocrx_word' id='word_1_482' title='bbox 2153 766 2647 821; x_wconf 88' lang='lat' dir='ltr'>commendatione</span> <span class='ocrx_word' id='word_1_483' title='bbox 2695 766 2847 836; x_wconf 91' lang='lat' dir='ltr'>apud</span> <span class='ocrx_word' id='word_1_484' title='bbox 2890 765 3054 819; x_wconf 92' lang='lat' dir='ltr'>illum</span> <span class='ocrx_word' id='word_1_485' title='bbox 3097 780 3200 818; x_wconf 90' lang='lat' dir='ltr'>sua</span> <span class='ocrx_word' id='word_1_486' title='bbox 3231 764 3421 835; x_wconf 88' lang='lat' dir='ltr'>juvari</span> <span class='ocrx_word' id='word_1_487' title='bbox 3451 764 3628 835; x_wconf 90' lang='lat' dir='ltr'>cupit.</span> 
     </span>
    </p>
   </div>
   <div class='ocr_carea' id='block_1_68' title="bbox 1936 852 3625 910">
    <p class='ocr_par' dir='ltr' id='par_1_68' title="bbox 1936 852 3625 910">
     <span class='ocr_line' id='line_1_68' title="bbox 1936 852 3625 910; baseline -0.001 0"><span class='ocrx_word' id='word_1_488' title='bbox 1936 857 2070 910; x_wconf 92' lang='lat' dir='ltr'>Tres</span> <span class='ocrx_word' id='word_1_489' title='bbox 2089 857 2265 910; x_wconf 87' lang='lat' dir='ltr'>libros</span> <span class='ocrx_word' id='word_1_490' title='bbox 2296 872 2428 909; x_wconf 92' lang='lat' dir='ltr'>suos</span> <span class='ocrx_word' id='word_1_491' title='bbox 2450 856 2517 908; x_wconf 92' lang='lat' dir='ltr'>de</span> <span class='ocrx_word' id='word_1_492' title='bbox 2541 856 2741 910; x_wconf 87' lang='lat' dir='ltr'>Libero</span> <span class='ocrx_word' id='word_1_493' title='bbox 2763 854 3012 909; x_wconf 89' lang='lat' dir='ltr'>Arbitrio</span> <span class='ocrx_word' id='word_1_494' title='bbox 3033 854 3106 908; x_wconf 91' lang='lat' dir='ltr'>ad</span> <span class='ocrx_word' id='word_1_495' title='bbox 3131 853 3397 908; x_wconf 91' lang='lat' dir='ltr'>eumdem</span> <span class='ocrx_word' id='word_1_496' title='bbox 3427 852 3625 909; x_wconf 90' lang='lat' dir='ltr'>mittit.</span> 
     </span>
    </p>
   </div>
   <div class='ocr_carea' id='block_1_69' title="bbox 1939 941 3631 1016">
    <p class='ocr_par' dir='ltr' id='par_1_69' title="bbox 1939 941 3631 1016">
     <span class='ocr_line' id='line_1_69' title="bbox 1939 941 3631 1016; baseline -0.002 -18"><span class='ocrx_word' id='word_1_497' title='bbox 1939 944 2124 1016; x_wconf 85' lang='lat' dir='ltr'>Exigit</span> <span class='ocrx_word' id='word_1_498' title='bbox 2151 943 2416 1010; x_wconf 87' lang='lat' dir='ltr'>vicissim,</span> <span class='ocrx_word' id='word_1_499' title='bbox 2447 949 2511 997; x_wconf 94' lang='lat' dir='ltr'>ut</span> <span class='ocrx_word' id='word_1_500' title='bbox 2539 959 2711 1015; x_wconf 91' lang='lat' dir='ltr'>quem</span> <span class='ocrx_word' id='word_1_501' title='bbox 2754 943 2999 996; x_wconf 89' lang='lat' dir='ltr'>scribere</span> <span class='ocrx_word' id='word_1_502' title='bbox 3028 941 3324 996; x_wconf 88' lang='lat' dir='ltr'>dicebatur</span> <span class='ocrx_word' id='word_1_503' title='bbox 3361 942 3631 997; x_wconf 90' lang='lat' dir='ltr'>adversus</span> 
     </span>
    </p>
   </div>
   <div class='ocr_carea' id='block_1_70' title="bbox 1939 1029 3628 1104">
    <p class='ocr_par' dir='ltr' id='par_1_70' title="bbox 1939 1029 3628 1104">
     <span class='ocr_line' id='line_1_70' title="bbox 1939 1029 3628 1104; baseline -0.002 -18"><span class='ocrx_word' id='word_1_504' title='bbox 1939 1034 2195 1104; x_wconf 90' lang='lat' dir='ltr'>Paganos</span> <span class='ocrx_word' id='word_1_505' title='bbox 2221 1031 2713 1096; x_wconf 88' lang='lat' dir='ltr'>commentarium,</span> <span class='ocrx_word' id='word_1_506' title='bbox 2751 1031 2818 1084; x_wconf 89' lang='lat' dir='ltr'>ad</span> <span class='ocrx_word' id='word_1_507' title='bbox 2847 1047 2905 1084; x_wconf 90' lang='lat' dir='ltr'>se</span> <span class='ocrx_word' id='word_1_508' title='bbox 2934 1029 3284 1084; x_wconf 89' lang='lat' dir='ltr'>transmittat</span> <span class='ocrx_word' id='word_1_509' title='bbox 3305 1045 3437 1084; x_wconf 89' lang='lat' dir='ltr'>cum</span> <span class='ocrx_word' id='word_1_510' title='bbox 3468 1029 3628 1084; x_wconf 89' lang='lat' dir='ltr'>libris</span> 
     </span>
    </p>
   </div>
   <div class='ocr_carea' id='block_1_71' title="bbox 1937 1117 3630 1193">
    <p class='ocr_par' dir='ltr' id='par_1_71' title="bbox 1937 1117 3630 1193">
     <span class='ocr_line' id='line_1_71' title="bbox 1937 1117 3630 1193; baseline -0.002 -17"><span class='ocrx_word' id='word_1_511' title='bbox 1937 1123 2155 1193; x_wconf 91' lang='lat' dir='ltr'>aliquot</span> <span class='ocrx_word' id='word_1_512' title='bbox 2182 1121 2490 1187; x_wconf 89' lang='lat' dir='ltr'>Ambrosii,</span> <span class='ocrx_word' id='word_1_513' title='bbox 2519 1119 2729 1192; x_wconf 91' lang='lat' dir='ltr'>quibus</span> <span class='ocrx_word' id='word_1_514' title='bbox 2745 1122 2969 1174; x_wconf 90' lang='lat' dir='ltr'>sanctus</span> <span class='ocrx_word' id='word_1_515' title='bbox 2995 1118 3089 1172; x_wconf 90' lang='lat' dir='ltr'>ille</span> <span class='ocrx_word' id='word_1_516' title='bbox 3112 1118 3312 1173; x_wconf 90' lang='lat' dir='ltr'>doctor</span> <span class='ocrx_word' id='word_1_517' title='bbox 3331 1117 3630 1189; x_wconf 89' lang='lat' dir='ltr'>imperitos</span> 
     </span>
    </p>
   </div>
   <div class='ocr_carea' id='block_1_72' title="bbox 1939 1206 3631 1283">
    <p class='ocr_par' dir='ltr' id='par_1_72' title="bbox 1939 1206 3631 1283">
     <span class='ocr_line' id='line_1_72' title="bbox 1939 1206 3631 1283; baseline -0.002 -18"><span class='ocrx_word' id='word_1_518' title='bbox 1939 1211 2216 1283; x_wconf 90' lang='lat' dir='ltr'>quosdam</span> <span class='ocrx_word' id='word_1_519' title='bbox 2242 1214 2298 1264; x_wconf 93' lang='lat' dir='ltr'>et</span> <span class='ocrx_word' id='word_1_520' title='bbox 2326 1209 2620 1280; x_wconf 89' lang='lat' dir='ltr'>superbos,</span> <span class='ocrx_word' id='word_1_521' title='bbox 2653 1208 2888 1264; x_wconf 88' lang='lat' dir='ltr'>forsitan</span> <span class='ocrx_word' id='word_1_522' title='bbox 2917 1207 3307 1279; x_wconf 88' lang='lat' dir='ltr'>philosophos.</span> <span class='ocrx_word' id='word_1_523' title='bbox 3341 1206 3440 1279; x_wconf 87' lang='lat' dir='ltr'>qui</span> <span class='ocrx_word' id='word_1_524' title='bbox 3474 1207 3631 1262; x_wconf 88' lang='lat' dir='ltr'>Chri-</span> 
     </span>
    </p>
   </div>
   <div class='ocr_carea' id='block_1_73' title="bbox 1938 1295 3628 1368">
    <p class='ocr_par' dir='ltr' id='par_1_73' title="bbox 1938 1295 3628 1368">
     <span class='ocr_line' id='line_1_73' title="bbox 1938 1295 3628 1368; baseline -0.002 -14"><span class='ocrx_word' id='word_1_525' title='bbox 1938 1305 2091 1354; x_wconf 90' lang='lat' dir='ltr'>stum</span> <span class='ocrx_word' id='word_1_526' title='bbox 2129 1299 2197 1355; x_wconf 89' lang='lat' dir='ltr'>de</span> <span class='ocrx_word' id='word_1_527' title='bbox 2241 1297 2492 1354; x_wconf 90' lang='lat' dir='ltr'>Platonis</span> <span class='ocrx_word' id='word_1_528' title='bbox 2535 1298 2694 1353; x_wconf 90' lang='lat' dir='ltr'>libris</span> <span class='ocrx_word' id='word_1_529' title='bbox 2723 1297 3022 1368; x_wconf 88' lang='lat' dir='ltr'>profecisse</span> <span class='ocrx_word' id='word_1_530' title='bbox 3051 1295 3490 1362; x_wconf 89' lang='lat' dir='ltr'>contendebant,</span> <span class='ocrx_word' id='word_1_531' title='bbox 3531 1311 3628 1350; x_wconf 93' lang='lat' dir='ltr'>co-</span> 
     </span>
    </p>
   </div>
   <div class='ocr_carea' id='block_1_74' title="bbox 1937 1380 3630 1461">
    <p class='ocr_par' dir='ltr' id='par_1_74' title="bbox 1937 1380 3630 1461">
     <span class='ocr_line' id='line_1_74' title="bbox 1937 1380 3630 1461; baseline -0.004 -19"><span class='ocrx_word' id='word_1_532' title='bbox 1937 1388 2255 1461; x_wconf 85' lang='lat' dir='ltr'>piosissime</span> <span class='ocrx_word' id='word_1_533' title='bbox 2300 1385 2584 1443; x_wconf 88' lang='lat' dir='ltr'>refutavit.</span> <span class='ocrx_word' id='word_1_534' title='bbox 2638 1387 2837 1441; x_wconf 85' lang='lat' dir='ltr'>Nullus</span> <span class='ocrx_word' id='word_1_535' title='bbox 2883 1402 2952 1440; x_wconf 87' lang='lat' dir='ltr'>ex</span> <span class='ocrx_word' id='word_1_536' title='bbox 3001 1385 3090 1440; x_wconf 91' lang='lat' dir='ltr'>his</span> <span class='ocrx_word' id='word_1_537' title='bbox 3135 1381 3421 1439; x_wconf 89' lang='lat' dir='ltr'>Ambrosii</span> <span class='ocrx_word' id='word_1_538' title='bbox 3469 1380 3630 1436; x_wconf 87' lang='lat' dir='ltr'>libris</span> 
     </span>
    </p>
   </div>
   <div class='ocr_carea' id='block_1_75' title="bbox 1941 1470 3630 1548">
    <p class='ocr_par' dir='ltr' id='par_1_75' title="bbox 1941 1470 3630 1548">
     <span class='ocr_line' id='line_1_75' title="bbox 1941 1470 3630 1548; baseline -0.005 -16"><span class='ocrx_word' id='word_1_539' title='bbox 1941 1478 2107 1533; x_wconf 92' lang='lat' dir='ltr'>modo</span> <span class='ocrx_word' id='word_1_540' title='bbox 2137 1481 2394 1548; x_wconf 90' lang='lat' dir='ltr'>superest</span> <span class='ocrx_word' id='word_1_541' title='bbox 2421 1475 2613 1542; x_wconf 90' lang='lat' dir='ltr'>nobis;</span> <span class='ocrx_word' id='word_1_542' title='bbox 2638 1475 2733 1530; x_wconf 90' lang='lat' dir='ltr'>sed</span> <span class='ocrx_word' id='word_1_543' title='bbox 2751 1479 2941 1529; x_wconf 89' lang='lat' dir='ltr'>tamen</span> <span class='ocrx_word' id='word_1_544' title='bbox 2971 1490 3087 1540; x_wconf 89' lang='lat' dir='ltr'>eos,</span> <span class='ocrx_word' id='word_1_545' title='bbox 3119 1489 3248 1528; x_wconf 91' lang='lat' dir='ltr'>cum</span> <span class='ocrx_word' id='word_1_546' title='bbox 3277 1470 3630 1543; x_wconf 91' lang='lat' dir='ltr'>Augustinus</span> 
     </span>
    </p>
   </div>
   <div class='ocr_carea' id='block_1_76' title="bbox 1937 1557 3631 1638">
    <p class='ocr_par' dir='ltr' id='par_1_76' title="bbox 1937 1557 3631 1638">
     <span class='ocr_line' id='line_1_76' title="bbox 1937 1557 3631 1638; baseline -0.004 -19"><span class='ocrx_word' id='word_1_547' title='bbox 1937 1583 2089 1638; x_wconf 68' lang='lat' dir='ltr'>saepe</span> <span class='ocrx_word' id='word_1_548' title='bbox 2121 1567 2277 1620; x_wconf 90' lang='lat' dir='ltr'>velut</span> <span class='ocrx_word' id='word_1_549' title='bbox 2304 1564 2564 1636; x_wconf 90' lang='lat' dir='ltr'>cognitos</span> <span class='ocrx_word' id='word_1_550' title='bbox 2587 1564 2799 1630; x_wconf 89' lang='lat' dir='ltr'>laudet,</span> <span class='ocrx_word' id='word_1_551' title='bbox 2825 1563 2979 1618; x_wconf 91' lang='lat' dir='ltr'>haud</span> <span class='ocrx_word' id='word_1_552' title='bbox 3001 1562 3171 1618; x_wconf 91' lang='lat' dir='ltr'>dubie</span> <span class='ocrx_word' id='word_1_553' title='bbox 3197 1579 3229 1616; x_wconf 93' lang='lat' dir='ltr'>a</span> <span class='ocrx_word' id='word_1_554' title='bbox 3256 1559 3493 1616; x_wconf 88' lang='lat' dir='ltr'>Paulino</span> <span class='ocrx_word' id='word_1_555' title='bbox 3523 1557 3631 1614; x_wconf 90' lang='lat' dir='ltr'>sibi</span> 
     </span>
    </p>
   </div>
   <div class='ocr_carea' id='block_1_77' title="bbox 1937 1651 3627 1725">
    <p class='ocr_par' dir='ltr' id='par_1_77' title="bbox 1937 1651 3627 1725">
     <span class='ocr_line' id='line_1_77' title="bbox 1937 1651 3627 1725; baseline -0.005 -15"><span class='ocrx_word' id='word_1_556' title='bbox 1937 1657 2140 1710; x_wconf 90' lang='lat' dir='ltr'>missos</span> <span class='ocrx_word' id='word_1_557' title='bbox 2169 1653 2402 1725; x_wconf 88' lang='lat' dir='ltr'>accepit.</span> <span class='ocrx_word' id='word_1_558' title='bbox 2437 1653 2647 1709; x_wconf 89' lang='lat' dir='ltr'>Orabat</span> <span class='ocrx_word' id='word_1_559' title='bbox 2693 1667 2923 1724; x_wconf 91' lang='lat' dir='ltr'>quoque</span> <span class='ocrx_word' id='word_1_560' title='bbox 2953 1651 3278 1717; x_wconf 88' lang='lat' dir='ltr'>Paulinum,</span> <span class='ocrx_word' id='word_1_561' title='bbox 3308 1653 3370 1704; x_wconf 92' lang='lat' dir='ltr'>ut</span> <span class='ocrx_word' id='word_1_562' title='bbox 3396 1664 3627 1721; x_wconf 89' lang='lat' dir='ltr'>panem,</span> 
     </span>
    </p>
   </div>
   <div class='ocr_carea' id='block_1_78' title="bbox 1939 1735 3630 1814">
    <p class='ocr_par' dir='ltr' id='par_1_78' title="bbox 1939 1735 3630 1814">
     <span class='ocr_line' id='line_1_78' title="bbox 1939 1735 3630 1814; baseline -0.005 -16"><span class='ocrx_word' id='word_1_563' title='bbox 1939 1761 2112 1814; x_wconf 89' lang='lat' dir='ltr'>quem</span> <span class='ocrx_word' id='word_1_564' title='bbox 2140 1743 2424 1812; x_wconf 89' lang='lat' dir='ltr'>mittebat,</span> <span class='ocrx_word' id='word_1_565' title='bbox 2453 1741 2701 1812; x_wconf 89' lang='lat' dir='ltr'>benigne</span> <span class='ocrx_word' id='word_1_566' title='bbox 2727 1740 3026 1811; x_wconf 88' lang='lat' dir='ltr'>acciperet.</span> <span class='ocrx_word' id='word_1_567' title='bbox 3062 1738 3337 1793; x_wconf 87' lang='lat' dir='ltr'>Eumdcm</span> <span class='ocrx_word' id='word_1_568' title='bbox 3367 1735 3630 1792; x_wconf 90' lang='lat' dir='ltr'>omnium</span> 
     </span>
    </p>
   </div>
   <div class='ocr_carea' id='block_1_79' title="bbox 1939 1822 3631 1894">
    <p class='ocr_par' dir='ltr' id='par_1_79' title="bbox 1939 1822 3631 1894">
     <span class='ocr_line' id='line_1_79' title="bbox 1939 1822 3631 1894; baseline -0.006 -8"><span class='ocrx_word' id='word_1_569' title='bbox 1939 1833 2178 1887; x_wconf 87' lang='lat' dir='ltr'>fratrum</span> <span class='ocrx_word' id='word_1_570' title='bbox 2226 1833 2340 1886; x_wconf 92' lang='lat' dir='ltr'>Deo</span> <span class='ocrx_word' id='word_1_571' title='bbox 2392 1829 2760 1884; x_wconf 89' lang='lat' dir='ltr'>servientium</span> <span class='ocrx_word' id='word_1_572' title='bbox 2813 1831 3043 1883; x_wconf 89' lang='lat' dir='ltr'>nomine</span> <span class='ocrx_word' id='word_1_573' title='bbox 3099 1825 3402 1893; x_wconf 91' lang='lat' dir='ltr'>salutabat,</span> <span class='ocrx_word' id='word_1_574' title='bbox 3450 1822 3631 1894; x_wconf 92' lang='lat' dir='ltr'>ipsius</span> 
     </span>
    </p>
   </div>
   <div class='ocr_carea' id='block_1_80' title="bbox 1939 1915 3630 1987">
    <p class='ocr_par' dir='ltr' id='par_1_80' title="bbox 1939 1915 3630 1987">
     <span class='ocr_line' id='line_1_80' title="bbox 1939 1915 3630 1987; baseline -0.007 -11"><span class='ocrx_word' id='word_1_575' title='bbox 1939 1921 2111 1976; x_wconf 88' lang='lat' dir='ltr'>etiam</span> <span class='ocrx_word' id='word_1_576' title='bbox 2143 1920 2295 1975; x_wconf 90' lang='lat' dir='ltr'>beati</span> <span class='ocrx_word' id='word_1_577' title='bbox 2324 1918 2531 1973; x_wconf 87' lang='lat' dir='ltr'>Valerii</span> <span class='ocrx_word' id='word_1_578' title='bbox 2559 1917 2766 1984; x_wconf 89' lang='lat' dir='ltr'>verbis,</span> <span class='ocrx_word' id='word_1_579' title='bbox 2798 1931 2970 1987; x_wconf 90' lang='lat' dir='ltr'>quem</span> <span class='ocrx_word' id='word_1_580' title='bbox 2999 1915 3185 1970; x_wconf 91' lang='lat' dir='ltr'>adhuc</span> <span class='ocrx_word' id='word_1_581' title='bbox 3206 1917 3432 1986; x_wconf 92' lang='lat' dir='ltr'>patrem</span> <span class='ocrx_word' id='word_1_582' title='bbox 3460 1927 3630 1966; x_wconf 88' lang='lat' dir='ltr'>suum</span> 
     </span>
    </p>
   </div>
   <div class='ocr_carea' id='block_1_81' title="bbox 1938 1999 3630 2079">
    <p class='ocr_par' dir='ltr' id='par_1_81' title="bbox 1938 1999 3630 2079">
     <span class='ocr_line' id='line_1_81' title="bbox 1938 1999 3630 2079; baseline -0.006 -15"><span class='ocrx_word' id='word_1_583' title='bbox 1938 2013 2251 2079; x_wconf 89' lang='lat' dir='ltr'>nuncupat,</span> <span class='ocrx_word' id='word_1_584' title='bbox 2303 2007 2518 2078; x_wconf 87' lang='lat' dir='ltr'>quique</span> <span class='ocrx_word' id='word_1_585' title='bbox 2567 2006 2791 2074; x_wconf 89' lang='lat' dir='ltr'>eodem,</span> <span class='ocrx_word' id='word_1_586' title='bbox 2822 2021 2936 2076; x_wconf 90' lang='lat' dir='ltr'>quo</span> <span class='ocrx_word' id='word_1_587' title='bbox 2962 2004 3106 2075; x_wconf 91' lang='lat' dir='ltr'>ipse,</span> <span class='ocrx_word' id='word_1_588' title='bbox 3148 2001 3376 2058; x_wconf 89' lang='lat' dir='ltr'>Paulini</span> <span class='ocrx_word' id='word_1_589' title='bbox 3403 1999 3630 2056; x_wconf 88' lang='lat' dir='ltr'>videndi</span> 
     </span>
    </p>
   </div>
   <div class='ocr_carea' id='block_1_82' title="bbox 1938 2090 3628 2169">
    <p class='ocr_par' dir='ltr' id='par_1_82' title="bbox 1938 2090 3628 2169">
     <span class='ocr_line' id='line_1_82' title="bbox 1938 2090 3628 2169; baseline -0.005 -15"><span class='ocrx_word' id='word_1_590' title='bbox 1938 2100 2124 2156; x_wconf 89' lang='lat' dir='ltr'>studio</span> <span class='ocrx_word' id='word_1_591' title='bbox 2161 2099 2460 2169; x_wconf 87' lang='lat' dir='ltr'>ﬂagrabat.</span> <span class='ocrx_word' id='word_1_592' title='bbox 2503 2096 2566 2152; x_wconf 91' lang='lat' dir='ltr'>Ei</span> <span class='ocrx_word' id='word_1_593' title='bbox 2608 2100 2890 2167; x_wconf 72' lang='lat' dir='ltr'>praeterea</span> <span class='ocrx_word' id='word_1_594' title='bbox 2925 2093 3114 2150; x_wconf 83' lang='lat' dir='ltr'>Severi</span> <span class='ocrx_word' id='word_1_595' title='bbox 3143 2090 3481 2148; x_wconf 58' lang='lat' dir='ltr'>Milevitana:</span> <span class='ocrx_word' id='word_1_596' title='bbox 3529 2092 3628 2146; x_wconf 84' lang='lat' dir='ltr'>Ec-</span> 
     </span>
    </p>
   </div>
   <div class='ocr_carea' id='block_1_83' title="bbox 1938 2181 3631 2245">
    <p class='ocr_par' dir='ltr' id='par_1_83' title="bbox 1938 2181 3631 2245">
     <span class='ocr_line' id='line_1_83' title="bbox 1938 2181 3631 2245; baseline -0.005 -2"><span class='ocrx_word' id='word_1_597' title='bbox 1938 2189 2122 2244; x_wconf 85' lang='lat' dir='ltr'>clesiae</span> <span class='ocrx_word' id='word_1_598' title='bbox 2153 2187 2420 2242; x_wconf 89' lang='lat' dir='ltr'>antistitis</span> <span class='ocrx_word' id='word_1_599' title='bbox 2449 2184 2759 2240; x_wconf 82' lang='lat' dir='ltr'>ofﬁciosam</span> <span class='ocrx_word' id='word_1_600' title='bbox 2783 2183 3169 2239; x_wconf 90' lang='lat' dir='ltr'>urbanitatem</span> <span class='ocrx_word' id='word_1_601' title='bbox 3196 2181 3448 2236; x_wconf 87' lang='lat' dir='ltr'>exhibet.</span> <span class='ocrx_word' id='word_1_602' title='bbox 3485 2181 3631 2245; x_wconf 91' lang='lat' dir='ltr'>Qua-</span> 
     </span>
    </p>
   </div>
   <div class='ocr_carea' id='block_1_84' title="bbox 1937 2268 3630 2350">
    <p class='ocr_par' dir='ltr' id='par_1_84' title="bbox 1937 2268 3630 2350">
     <span class='ocr_line' id='line_1_84' title="bbox 1937 2268 3630 2350; baseline -0.006 -18"><span class='ocrx_word' id='word_1_603' title='bbox 1937 2282 2173 2350; x_wconf 88' lang='lat' dir='ltr'>propter</span> <span class='ocrx_word' id='word_1_604' title='bbox 2199 2275 2352 2331; x_wconf 90' lang='lat' dir='ltr'>haud</span> <span class='ocrx_word' id='word_1_605' title='bbox 2371 2275 2604 2344; x_wconf 87' lang='lat' dir='ltr'>scimus,</span> <span class='ocrx_word' id='word_1_606' title='bbox 2635 2290 2710 2329; x_wconf 89' lang='lat' dir='ltr'>an</span> <span class='ocrx_word' id='word_1_607' title='bbox 2738 2274 2892 2328; x_wconf 90' lang='lat' dir='ltr'>idem</span> <span class='ocrx_word' id='word_1_608' title='bbox 2912 2273 3150 2327; x_wconf 91' lang='lat' dir='ltr'>Severus</span> <span class='ocrx_word' id='word_1_609' title='bbox 3172 2270 3264 2336; x_wconf 91' lang='lat' dir='ltr'>sit,</span> <span class='ocrx_word' id='word_1_610' title='bbox 3289 2269 3390 2341; x_wconf 89' lang='lat' dir='ltr'>qui</span> <span class='ocrx_word' id='word_1_611' title='bbox 3409 2268 3630 2324; x_wconf 91' lang='lat' dir='ltr'>litteras</span> 
     </span>
    </p>
   </div>
   <div class='ocr_carea' id='block_1_85' title="bbox 1939 2356 3632 2432">
    <p class='ocr_par' dir='ltr' id='par_1_85' title="bbox 1939 2356 3632 2432">
     <span class='ocr_line' id='line_1_85' title="bbox 1939 2356 3632 2432; baseline -0.006 -11"><span class='ocrx_word' id='word_1_612' title='bbox 1939 2367 2009 2421; x_wconf 93' lang='lat' dir='ltr'>ad</span> <span class='ocrx_word' id='word_1_613' title='bbox 2037 2365 2341 2420; x_wconf 89' lang='lat' dir='ltr'>Paulinum</span> <span class='ocrx_word' id='word_1_614' title='bbox 2371 2363 2541 2418; x_wconf 90' lang='lat' dir='ltr'>simul</span> <span class='ocrx_word' id='word_1_615' title='bbox 2571 2363 2728 2418; x_wconf 88' lang='lat' dir='ltr'>dedit</span> <span class='ocrx_word' id='word_1_616' title='bbox 2759 2379 2771 2416; x_wconf 96' lang='lat'>:</span> <span class='ocrx_word' id='word_1_617' title='bbox 2807 2361 3087 2432; x_wconf 83' lang='lat' dir='ltr'>siquidem</span> <span class='ocrx_word' id='word_1_618' title='bbox 3108 2358 3283 2414; x_wconf 90' lang='lat' dir='ltr'>iidem</span> <span class='ocrx_word' id='word_1_619' title='bbox 3303 2356 3632 2428; x_wconf 85' lang='lat' dir='ltr'>fratres,qui</span> 
     </span>
    </p>
   </div>
   <div class='ocr_carea' id='block_1_86' title="bbox 1939 2444 3630 2525">
    <p class='ocr_par' dir='ltr' id='par_1_86' title="bbox 1939 2444 3630 2525">
     <span class='ocr_line' id='line_1_86' title="bbox 1939 2444 3630 2525; baseline -0.005 -16"><span class='ocrx_word' id='word_1_620' title='bbox 1939 2453 2241 2525; x_wconf 83' lang='lat' dir='ltr'>Augustini</span> <span class='ocrx_word' id='word_1_621' title='bbox 2269 2451 2567 2522; x_wconf 90' lang='lat' dir='ltr'>epistolam</span> <span class='ocrx_word' id='word_1_622' title='bbox 2598 2455 2652 2506; x_wconf 93' lang='lat' dir='ltr'>et</span> <span class='ocrx_word' id='word_1_623' title='bbox 2689 2451 2846 2506; x_wconf 90' lang='lat' dir='ltr'>illius</span> <span class='ocrx_word' id='word_1_624' title='bbox 2865 2447 3238 2504; x_wconf 89' lang='lat' dir='ltr'>ordinationis</span> <span class='ocrx_word' id='word_1_625' title='bbox 3268 2445 3534 2501; x_wconf 89' lang='lat' dir='ltr'>nuntium</span> <span class='ocrx_word' id='word_1_626' title='bbox 3557 2444 3630 2500; x_wconf 89' lang='lat' dir='ltr'>ad</span> 
     </span>
    </p>
   </div>
   <div class='ocr_carea' id='block_1_87' title="bbox 1939 2533 3630 2609">
    <p class='ocr_par' dir='ltr' id='par_1_87' title="bbox 1939 2533 3630 2609">
     <span class='ocr_line' id='line_1_87' title="bbox 1939 2533 3630 2609; baseline -0.008 -9"><span class='ocrx_word' id='word_1_627' title='bbox 1939 2543 2241 2600; x_wconf 89' lang='lat' dir='ltr'>Paulinum</span> <span class='ocrx_word' id='word_1_628' title='bbox 2271 2541 2616 2607; x_wconf 90' lang='lat' dir='ltr'>detulerunt,</span> <span class='ocrx_word' id='word_1_629' title='bbox 2649 2541 2864 2595; x_wconf 89' lang='lat' dir='ltr'>litteras</span> <span class='ocrx_word' id='word_1_630' title='bbox 2900 2538 3114 2609; x_wconf 89' lang='lat' dir='ltr'>pariter</span> <span class='ocrx_word' id='word_1_631' title='bbox 3143 2539 3470 2592; x_wconf 88' lang='lat' dir='ltr'>sanctorum</span> <span class='ocrx_word' id='word_1_632' title='bbox 3500 2533 3630 2605; x_wconf 83' lang='lat' dir='ltr'>epi-</span> 
     </span>
    </p>
   </div>
   <div class='ocr_carea' id='block_1_88' title="bbox 1939 2623 3628 2703">
    <p class='ocr_par' dir='ltr' id='par_1_88' title="bbox 1939 2623 3628 2703">
     <span class='ocr_line' id='line_1_88' title="bbox 1939 2623 3628 2703; baseline -0.006 -17"><span class='ocrx_word' id='word_1_633' title='bbox 1939 2648 2237 2703; x_wconf 92' lang='lat' dir='ltr'>scoporum</span> <span class='ocrx_word' id='word_1_634' title='bbox 2281 2629 2516 2695; x_wconf 90' lang='lat' dir='ltr'>Aurelii,</span> <span class='ocrx_word' id='word_1_635' title='bbox 2548 2629 2756 2700; x_wconf 84' lang='lat' dir='ltr'>Alypii,</span> <span class='ocrx_word' id='word_1_636' title='bbox 2789 2626 3100 2693; x_wconf 86' lang='lat' dir='ltr'>Profuturi,</span> <span class='ocrx_word' id='word_1_637' title='bbox 3132 2629 3188 2680; x_wconf 92' lang='lat' dir='ltr'>et</span> <span class='ocrx_word' id='word_1_638' title='bbox 3216 2623 3408 2679; x_wconf 88' lang='lat' dir='ltr'>Severi</span> <span class='ocrx_word' id='word_1_639' title='bbox 3438 2623 3628 2677; x_wconf 89' lang='lat' dir='ltr'>eidem</span> 
     </span>
    </p>
   </div>
   <div class='ocr_carea' id='block_1_89' title="bbox 1937 2711 3630 2789">
    <p class='ocr_par' dir='ltr' id='par_1_89' title="bbox 1937 2711 3630 2789">
     <span class='ocr_line' id='line_1_89' title="bbox 1937 2711 3630 2789; baseline -0.007 -13"><span class='ocrx_word' id='word_1_640' title='bbox 1937 2721 2308 2776; x_wconf 90' lang='lat' dir='ltr'>reddiderunt</span> <span class='ocrx_word' id='word_1_641' title='bbox 2338 2720 2537 2789; x_wconf 86' lang='lat' dir='ltr'>(Epist.</span> <span class='ocrx_word' id='word_1_642' title='bbox 2563 2720 2651 2784; x_wconf 79' lang='lat'>32,</span> <span class='ocrx_word' id='word_1_643' title='bbox 2682 2734 2737 2772; x_wconf 92' lang='lat' dir='ltr'>n.</span> <span class='ocrx_word' id='word_1_644' title='bbox 2769 2720 2836 2785; x_wconf 82' lang='lat' dir='ltr'>t).</span> <span class='ocrx_word' id='word_1_645' title='bbox 2871 2715 3052 2770; x_wconf 90' lang='lat' dir='ltr'>Facile</span> <span class='ocrx_word' id='word_1_646' title='bbox 3080 2719 3270 2769; x_wconf 88' lang='lat' dir='ltr'>tamen</span> <span class='ocrx_word' id='word_1_647' title='bbox 3300 2711 3630 2782; x_wconf 91' lang='lat' dir='ltr'>contingere</span> 
     </span>
    </p>
   </div>
   <div class='ocr_carea' id='block_1_90' title="bbox 1938 2800 3629 2881">
    <p class='ocr_par' dir='ltr' id='par_1_90' title="bbox 1938 2800 3629 2881">
     <span class='ocr_line' id='line_1_90' title="bbox 1938 2800 3629 2881; baseline -0.005 -19"><span class='ocrx_word' id='word_1_648' title='bbox 1938 2809 2146 2881; x_wconf 91' lang='lat' dir='ltr'>potuit,</span> <span class='ocrx_word' id='word_1_649' title='bbox 2177 2812 2241 2863; x_wconf 90' lang='lat' dir='ltr'>ut</span> <span class='ocrx_word' id='word_1_650' title='bbox 2270 2808 2424 2862; x_wconf 90' lang='lat' dir='ltr'>idem</span> <span class='ocrx_word' id='word_1_651' title='bbox 2469 2807 2727 2870; x_wconf 85' lang='lat' dir='ltr'>Severus,</span> <span class='ocrx_word' id='word_1_652' title='bbox 2760 2803 2858 2875; x_wconf 93' lang='lat' dir='ltr'>qui</span> <span class='ocrx_word' id='word_1_653' title='bbox 2885 2803 3074 2874; x_wconf 91' lang='lat' dir='ltr'>primo</span> <span class='ocrx_word' id='word_1_654' title='bbox 3117 2800 3454 2857; x_wconf 88' lang='lat' dir='ltr'>urbanitatis</span> <span class='ocrx_word' id='word_1_655' title='bbox 3503 2803 3629 2854; x_wconf 91' lang='lat' dir='ltr'>tan-</span> 
     </span>
    </p>
   </div>
   <div class='ocr_carea' id='block_1_91' title="bbox 1938 2888 3628 2965">
    <p class='ocr_par' dir='ltr' id='par_1_91' title="bbox 1938 2888 3628 2965">
     <span class='ocr_line' id='line_1_91' title="bbox 1938 2888 3628 2965; baseline -0.007 -12"><span class='ocrx_word' id='word_1_656' title='bbox 1938 2904 2061 2953; x_wconf 90' lang='lat' dir='ltr'>tum</span> <span class='ocrx_word' id='word_1_657' title='bbox 2090 2913 2206 2951; x_wconf 68' lang='lat' dir='ltr'>suae</span> <span class='ocrx_word' id='word_1_658' title='bbox 2235 2895 2422 2950; x_wconf 82' lang='lat' dir='ltr'>ofﬁcia</span> <span class='ocrx_word' id='word_1_659' title='bbox 2460 2910 2564 2965; x_wconf 91' lang='lat' dir='ltr'>per</span> <span class='ocrx_word' id='word_1_660' title='bbox 2592 2892 2978 2964; x_wconf 89' lang='lat' dir='ltr'>Augustinum</span> <span class='ocrx_word' id='word_1_661' title='bbox 3031 2890 3233 2946; x_wconf 76' lang='lat' dir='ltr'>offerre</span> <span class='ocrx_word' id='word_1_662' title='bbox 3263 2888 3498 2944; x_wconf 88' lang='lat' dir='ltr'>Paulino</span> <span class='ocrx_word' id='word_1_663' title='bbox 3529 2904 3628 2941; x_wconf 84' lang='lat' dir='ltr'>vo-</span> 
     </span>
    </p>
   </div>
   <div class='ocr_carea' id='block_1_92' title="bbox 1937 2976 3630 3060">
    <p class='ocr_par' dir='ltr' id='par_1_92' title="bbox 1937 2976 3630 3060">
     <span class='ocr_line' id='line_1_92' title="bbox 1937 2976 3630 3060; baseline -0.007 -19"><span class='ocrx_word' id='word_1_664' title='bbox 1937 2989 2140 3053; x_wconf 86' lang='lat' dir='ltr'>luerat,</span> <span class='ocrx_word' id='word_1_665' title='bbox 2173 2985 2418 3056; x_wconf 90' lang='lat' dir='ltr'>quadam</span> <span class='ocrx_word' id='word_1_666' title='bbox 2445 2987 2644 3060; x_wconf 85' lang='lat' dir='ltr'>postea</span> <span class='ocrx_word' id='word_1_667' title='bbox 2690 2981 3024 3036; x_wconf 90' lang='lat' dir='ltr'>necessitate</span> <span class='ocrx_word' id='word_1_668' title='bbox 3044 2979 3373 3050; x_wconf 89' lang='lat' dir='ltr'>compulsus</span> <span class='ocrx_word' id='word_1_669' title='bbox 3394 2976 3465 3031; x_wconf 89' lang='lat' dir='ltr'>ad</span> <span class='ocrx_word' id='word_1_670' title='bbox 3496 2991 3630 3030; x_wconf 90' lang='lat' dir='ltr'>eum</span> 
     </span>
    </p>
   </div>
   <div class='ocr_carea' id='block_1_93' title="bbox 1938 3073 2400 3147">
    <p class='ocr_par' dir='ltr' id='par_1_93' title="bbox 1938 3073 2400 3147">
     <span class='ocr_line' id='line_1_93' title="bbox 1938 3073 2400 3147; baseline -0.002 -16"><span class='ocrx_word' id='word_1_671' title='bbox 1938 3077 2061 3147; x_wconf 92' lang='lat' dir='ltr'>ipse</span> <span class='ocrx_word' id='word_1_672' title='bbox 2091 3073 2400 3145; x_wconf 89' lang='lat' dir='ltr'>scripserit.</span> 
     </span>
    </p>
   </div>
   <div class='ocr_carea' id='block_1_94' title="bbox 2010 3154 3629 3227">
    <p class='ocr_par' dir='ltr' id='par_1_94' title="bbox 2010 3154 3629 3227">
     <span class='ocr_line' id='line_1_94' title="bbox 2010 3154 3629 3227; baseline -0.007 -7"><span class='ocrx_word' id='word_1_673' title='bbox 2010 3169 2062 3220; x_wconf 93' lang='lat'>6.</span> <span class='ocrx_word' id='word_1_674' title='bbox 2109 3165 2232 3220; x_wconf 79' lang='lat' dir='ltr'>lam</span> <span class='ocrx_word' id='word_1_675' title='bbox 2279 3159 2552 3218; x_wconf 89' lang='lat' dir='ltr'>Paulinus</span> <span class='ocrx_word' id='word_1_676' title='bbox 2590 3160 2695 3214; x_wconf 92' lang='lat' dir='ltr'>hos</span> <span class='ocrx_word' id='word_1_677' title='bbox 2724 3158 2926 3214; x_wconf 85' lang='lat' dir='ltr'>fratres</span> <span class='ocrx_word' id='word_1_678' title='bbox 2953 3155 3177 3227; x_wconf 86' lang='lat' dir='ltr'>Agilem</span> <span class='ocrx_word' id='word_1_679' title='bbox 3221 3158 3279 3209; x_wconf 91' lang='lat' dir='ltr'>et</span> <span class='ocrx_word' id='word_1_680' title='bbox 3308 3154 3629 3210; x_wconf 83' lang='lat' dir='ltr'>Romanum</span> 
     </span>
    </p>
   </div>
   <div class='ocr_carea' id='block_1_95' title="bbox 1939 3245 3630 3324">
    <p class='ocr_par' dir='ltr' id='par_1_95' title="bbox 1939 3245 3630 3324">
     <span class='ocr_line' id='line_1_95' title="bbox 1939 3245 3630 3324; baseline -0.008 -15"><span class='ocrx_word' id='word_1_681' title='bbox 1939 3255 2122 3310; x_wconf 91' lang='lat' dir='ltr'>adhuc</span> <span class='ocrx_word' id='word_1_682' title='bbox 2170 3254 2450 3324; x_wconf 64' lang='lat' dir='ltr'>praesente</span> <span class='ocrx_word' id='word_1_683' title='bbox 2498 3247 2852 3304; x_wconf 88' lang='lat' dir='ltr'>Romaniano</span> <span class='ocrx_word' id='word_1_684' title='bbox 2909 3245 3376 3318; x_wconf 63' lang='lat' dir='ltr'>praestolabatur;</span> <span class='ocrx_word' id='word_1_685' title='bbox 3428 3257 3630 3297; x_wconf 89' lang='lat' dir='ltr'>verum</span> 
     </span>
    </p>
   </div>
   <div class='ocr_carea' id='block_1_96' title="bbox 1940 3330 3634 3412">
    <p class='ocr_par' dir='ltr' id='par_1_96' title="bbox 1940 3330 3634 3412">
     <span class='ocr_line' id='line_1_96' title="bbox 1940 3330 3634 3412; baseline -0.007 -14"><span class='ocrx_word' id='word_1_686' title='bbox 1940 3341 2170 3398; x_wconf 89' lang='lat' dir='ltr'>nonnisi</span> <span class='ocrx_word' id='word_1_687' title='bbox 2187 3346 2318 3412; x_wconf 93' lang='lat' dir='ltr'>post</span> <span class='ocrx_word' id='word_1_688' title='bbox 2337 3340 2489 3395; x_wconf 90' lang='lat' dir='ltr'>illius</span> <span class='ocrx_word' id='word_1_689' title='bbox 2507 3339 2814 3394; x_wconf 90' lang='lat' dir='ltr'>discessum</span> <span class='ocrx_word' id='word_1_690' title='bbox 2841 3336 3212 3390; x_wconf 89' lang='lat' dir='ltr'>advenerunt.</span> <span class='ocrx_word' id='word_1_691' title='bbox 3239 3330 3515 3388; x_wconf 85' lang='lat' dir='ltr'>Postridie</span> <span class='ocrx_word' id='word_1_692' title='bbox 3538 3331 3634 3386; x_wconf 61' lang='lat' dir='ltr'>adv</span> 
     </span>
    </p>
   </div>
   <div class='ocr_carea' id='block_1_97' title="bbox 1939 3418 3630 3493">
    <p class='ocr_par' dir='ltr' id='par_1_97' title="bbox 1939 3418 3630 3493">
     <span class='ocr_line' id='line_1_97' title="bbox 1939 3418 3630 3493; baseline -0.005 -13"><span class='ocrx_word' id='word_1_693' title='bbox 1939 3435 2142 3486; x_wconf 85' lang='lat' dir='ltr'>ventus</span> <span class='ocrx_word' id='word_1_694' title='bbox 2191 3429 2421 3483; x_wconf 87' lang='lat' dir='ltr'>illorum</span> <span class='ocrx_word' id='word_1_695' title='bbox 2450 3424 2808 3482; x_wconf 84' lang='lat' dir='ltr'>Romaniano</span> <span class='ocrx_word' id='word_1_696' title='bbox 2848 3421 3094 3493; x_wconf 90' lang='lat' dir='ltr'>scripsit,</span> <span class='ocrx_word' id='word_1_697' title='bbox 3125 3423 3190 3476; x_wconf 88' lang='lat' dir='ltr'>ut</span> <span class='ocrx_word' id='word_1_698' title='bbox 3215 3436 3349 3476; x_wconf 90' lang='lat' dir='ltr'>eum</span> <span class='ocrx_word' id='word_1_699' title='bbox 3375 3418 3443 3474; x_wconf 89' lang='lat' dir='ltr'>de</span> <span class='ocrx_word' id='word_1_700' title='bbox 3469 3421 3630 3490; x_wconf 83' lang='lat' dir='ltr'>opta-</span> 
     </span>
    </p>
   </div>
   <div class='ocr_carea' id='block_1_98' title="bbox 1940 3505 3634 3585">
    <p class='ocr_par' dir='ltr' id='par_1_98' title="bbox 1940 3505 3634 3585">
     <span class='ocr_line' id='line_1_98' title="bbox 1940 3505 3634 3585; baseline -0.009 -11"><span class='ocrx_word' id='word_1_701' title='bbox 1940 3518 2172 3574; x_wconf 91' lang='lat' dir='ltr'>tissimis</span> <span class='ocrx_word' id='word_1_702' title='bbox 2187 3516 2404 3572; x_wconf 88' lang='lat' dir='ltr'>nuntiis</span> <span class='ocrx_word' id='word_1_703' title='bbox 2433 3513 2677 3585; x_wconf 89' lang='lat' dir='ltr'>acceptis</span> <span class='ocrx_word' id='word_1_704' title='bbox 2702 3513 2909 3567; x_wconf 88' lang='lat' dir='ltr'>faceret</span> <span class='ocrx_word' id='word_1_705' title='bbox 2931 3511 3254 3575; x_wconf 90' lang='lat' dir='ltr'>certiorem,</span> <span class='ocrx_word' id='word_1_706' title='bbox 3278 3507 3409 3562; x_wconf 91' lang='lat' dir='ltr'>etin</span> <span class='ocrx_word' id='word_1_707' title='bbox 3428 3505 3634 3578; x_wconf 89' lang='lat' dir='ltr'>primis</span> 
     </span>
    </p>
   </div>
   <div class='ocr_carea' id='block_1_99' title="bbox 1941 3596 3630 3678">
    <p class='ocr_par' dir='ltr' id='par_1_99' title="bbox 1941 3596 3630 3678">
     <span class='ocr_line' id='line_1_99' title="bbox 1941 3596 3630 3678; baseline -0.009 -14"><span class='ocrx_word' id='word_1_708' title='bbox 1941 3608 2010 3664; x_wconf 91' lang='lat' dir='ltr'>de</span> <span class='ocrx_word' id='word_1_709' title='bbox 2040 3605 2342 3678; x_wconf 83' lang='lat' dir='ltr'>Augustini</span> <span class='ocrx_word' id='word_1_710' title='bbox 2371 3605 2442 3660; x_wconf 90' lang='lat' dir='ltr'>ad</span> <span class='ocrx_word' id='word_1_711' title='bbox 2464 3604 2856 3675; x_wconf 85' lang='lat' dir='ltr'>episcopatum</span> <span class='ocrx_word' id='word_1_712' title='bbox 2885 3598 3278 3670; x_wconf 88' lang='lat' dir='ltr'>provectione;</span> <span class='ocrx_word' id='word_1_713' title='bbox 3309 3612 3423 3668; x_wconf 89' lang='lat' dir='ltr'>qua</span> <span class='ocrx_word' id='word_1_714' title='bbox 3447 3596 3516 3650; x_wconf 89' lang='lat' dir='ltr'>de</span> <span class='ocrx_word' id='word_1_715' title='bbox 3544 3611 3630 3658; x_wconf 82' lang='lat' dir='ltr'>re,</span> 
     </span>
    </p>
   </div>
   <div class='ocr_carea' id='block_1_100' title="bbox 1941 3682 3633 3768">
    <p class='ocr_par' dir='ltr' id='par_1_100' title="bbox 1941 3682 3633 3768">
     <span class='ocr_line' id='line_1_100' title="bbox 1941 3682 3633 3768; baseline -0.009 -17"><span class='ocrx_word' id='word_1_716' title='bbox 1941 3700 2112 3768; x_wconf 92' lang='lat' dir='ltr'>prout</span> <span class='ocrx_word' id='word_1_717' title='bbox 2141 3700 2399 3749; x_wconf 89' lang='lat' dir='ltr'>sanctum</span> <span class='ocrx_word' id='word_1_718' title='bbox 2429 3693 2615 3747; x_wconf 88' lang='lat' dir='ltr'>virum</span> <span class='ocrx_word' id='word_1_719' title='bbox 2645 3691 2898 3755; x_wconf 91' lang='lat' dir='ltr'>decebat,</span> <span class='ocrx_word' id='word_1_720' title='bbox 2921 3688 3264 3759; x_wconf 89' lang='lat' dir='ltr'>gratulatur.</span> <span class='ocrx_word' id='word_1_721' title='bbox 3305 3683 3518 3739; x_wconf 92' lang='lat' dir='ltr'>Deinde</span> <span class='ocrx_word' id='word_1_722' title='bbox 3550 3682 3633 3738; x_wconf 90' lang='lat' dir='ltr'>Li-</span> 
     </span>
    </p>
   </div>
   <div class='ocr_carea' id='block_1_101' title="bbox 1941 3771 3634 3847">
    <p class='ocr_par' dir='ltr' id='par_1_101' title="bbox 1941 3771 3634 3847">
     <span class='ocr_line' id='line_1_101' title="bbox 1941 3771 3634 3847; baseline -0.008 -7"><span class='ocrx_word' id='word_1_723' title='bbox 1941 3784 2191 3840; x_wconf 90' lang='lat' dir='ltr'>centium</span> <span class='ocrx_word' id='word_1_724' title='bbox 2223 3783 2589 3836; x_wconf 89' lang='lat' dir='ltr'>vehementer</span> <span class='ocrx_word' id='word_1_725' title='bbox 2613 3781 2900 3843; x_wconf 89' lang='lat' dir='ltr'>hortatur;</span> <span class='ocrx_word' id='word_1_726' title='bbox 2932 3791 3103 3847; x_wconf 90' lang='lat' dir='ltr'>quem</span> <span class='ocrx_word' id='word_1_727' title='bbox 3131 3790 3237 3846; x_wconf 89' lang='lat' dir='ltr'>per</span> <span class='ocrx_word' id='word_1_728' title='bbox 3263 3777 3485 3844; x_wconf 83' lang='lat' dir='ltr'>patrem</span> <span class='ocrx_word' id='word_1_729' title='bbox 3515 3771 3634 3842; x_wconf 90' lang='lat' dir='ltr'>pri-</span> 
     </span>
    </p>
   </div>
   <div class='ocr_carea' id='block_1_102' title="bbox 1942 3861 3634 3941">
    <p class='ocr_par' dir='ltr' id='par_1_102' title="bbox 1942 3861 3634 3941">
     <span class='ocr_line' id='line_1_102' title="bbox 1942 3861 3634 3941; baseline -0.008 -14"><span class='ocrx_word' id='word_1_730' title='bbox 1942 3889 2101 3927; x_wconf 89' lang='lat' dir='ltr'>mum</span> <span class='ocrx_word' id='word_1_731' title='bbox 2129 3870 2456 3941; x_wconf 90' lang='lat' dir='ltr'>alloquitur,</span> <span class='ocrx_word' id='word_1_732' title='bbox 2480 3885 2545 3923; x_wconf 93' lang='lat' dir='ltr'>ac</span> <span class='ocrx_word' id='word_1_733' title='bbox 2560 3872 2686 3939; x_wconf 91' lang='lat' dir='ltr'>post</span> <span class='ocrx_word' id='word_1_734' title='bbox 2703 3867 2891 3936; x_wconf 87' lang='lat' dir='ltr'>ipsum</span> <span class='ocrx_word' id='word_1_735' title='bbox 2910 3869 3025 3919; x_wconf 91' lang='lat' dir='ltr'>tam</span> <span class='ocrx_word' id='word_1_736' title='bbox 3042 3864 3227 3917; x_wconf 89' lang='lat' dir='ltr'>soluta</span> <span class='ocrx_word' id='word_1_737' title='bbox 3243 3877 3417 3933; x_wconf 80' lang='lat' dir='ltr'>quam</span> <span class='ocrx_word' id='word_1_738' title='bbox 3438 3861 3634 3914; x_wconf 86' lang='lat' dir='ltr'>stricta</span> 
     </span>
    </p>
   </div>
   <div class='ocr_carea' id='block_1_103' title="bbox 1942 3948 3634 4028">
    <p class='ocr_par' dir='ltr' id='par_1_103' title="bbox 1942 3948 3634 4028">
     <span class='ocr_line' id='line_1_103' title="bbox 1942 3948 3634 4028; baseline -0.008 -14"><span class='ocrx_word' id='word_1_739' title='bbox 1942 3959 2197 4014; x_wconf 89' lang='lat' dir='ltr'>oratione</span> <span class='ocrx_word' id='word_1_740' title='bbox 2219 3957 2542 4028; x_wconf 90' lang='lat' dir='ltr'>compellat,</span> <span class='ocrx_word' id='word_1_741' title='bbox 2576 3971 2688 4026; x_wconf 91' lang='lat' dir='ltr'>quo</span> <span class='ocrx_word' id='word_1_742' title='bbox 2720 3951 3196 4025; x_wconf 65' lang='lat' dir='ltr'>flagrantissimae,</span> <span class='ocrx_word' id='word_1_743' title='bbox 3223 3953 3283 4003; x_wconf 93' lang='lat' dir='ltr'>ut</span> <span class='ocrx_word' id='word_1_744' title='bbox 3311 3948 3410 4013; x_wconf 90' lang='lat' dir='ltr'>ait,</span> <span class='ocrx_word' id='word_1_745' title='bbox 3443 3951 3634 4018; x_wconf 84' lang='lat' dir='ltr'>Augu-</span> 
     </span>
    </p>
   </div>
   <div class='ocr_carea' id='block_1_104' title="bbox 1943 4035 3634 4116">
    <p class='ocr_par' dir='ltr' id='par_1_104' title="bbox 1943 4035 3634 4116">
     <span class='ocr_line' id='line_1_104' title="bbox 1943 4035 3634 4116; baseline -0.007 -13"><span class='ocrx_word' id='word_1_746' title='bbox 1943 4048 2075 4103; x_wconf 92' lang='lat' dir='ltr'>stini</span> <span class='ocrx_word' id='word_1_747' title='bbox 2107 4045 2492 4111; x_wconf 88' lang='lat' dir='ltr'>sollicitudini,</span> <span class='ocrx_word' id='word_1_748' title='bbox 2519 4059 2692 4116; x_wconf 88' lang='lat' dir='ltr'>quam</span> <span class='ocrx_word' id='word_1_749' title='bbox 2728 4043 2790 4098; x_wconf 92' lang='lat' dir='ltr'>in</span> <span class='ocrx_word' id='word_1_750' title='bbox 2834 4038 3251 4113; x_wconf 87' lang='lat' dir='ltr'>posterioribus</span> <span class='ocrx_word' id='word_1_751' title='bbox 3290 4035 3493 4092; x_wconf 86' lang='lat' dir='ltr'>litteris</span> <span class='ocrx_word' id='word_1_752' title='bbox 3515 4035 3634 4091; x_wconf 87' lang='lat' dir='ltr'>suis</span> 
     </span>
    </p>
   </div>
   <div class='ocr_carea' id='block_1_105' title="bbox 1943 4124 3630 4204">
    <p class='ocr_par' dir='ltr' id='par_1_105' title="bbox 1943 4124 3630 4204">
     <span class='ocr_line' id='line_1_105' title="bbox 1943 4124 3630 4204; baseline -0.008 -12"><span class='ocrx_word' id='word_1_753' title='bbox 1943 4140 2264 4204; x_wconf 88' lang='lat' dir='ltr'>renovarat,</span> <span class='ocrx_word' id='word_1_754' title='bbox 2313 4136 2522 4190; x_wconf 90' lang='lat' dir='ltr'>faceret</span> <span class='ocrx_word' id='word_1_755' title='bbox 2551 4132 2704 4187; x_wconf 86' lang='lat' dir='ltr'>satis.</span> <span class='ocrx_word' id='word_1_756' title='bbox 2746 4131 2916 4202; x_wconf 87' lang='lat' dir='ltr'>Optat</span> <span class='ocrx_word' id='word_1_757' title='bbox 2959 4133 3021 4183; x_wconf 93' lang='lat' dir='ltr'>ut</span> <span class='ocrx_word' id='word_1_758' title='bbox 3065 4128 3185 4182; x_wconf 65' lang='lat' dir='ltr'>haec</span> <span class='ocrx_word' id='word_1_759' title='bbox 3217 4124 3444 4181; x_wconf 90' lang='lat' dir='ltr'>Domini</span> <span class='ocrx_word' id='word_1_760' title='bbox 3475 4124 3630 4191; x_wconf 89' lang='lat' dir='ltr'>tuba,</span> 
     </span>
    </p>
   </div>
   <div class='ocr_carea' id='block_1_106' title="bbox 1944 4215 3632 4298">
    <p class='ocr_par' dir='ltr' id='par_1_106' title="bbox 1944 4215 3632 4298">
     <span class='ocr_line' id='line_1_106' title="bbox 1944 4215 3632 4298; baseline -0.008 -19"><span class='ocrx_word' id='word_1_761' title='bbox 1944 4243 2056 4298; x_wconf 90' lang='lat' dir='ltr'>qua</span> <span class='ocrx_word' id='word_1_762' title='bbox 2080 4243 2184 4296; x_wconf 75' lang='lat' dir='ltr'>per</span> <span class='ocrx_word' id='word_1_763' title='bbox 2211 4223 2598 4293; x_wconf 91' lang='lat' dir='ltr'>Augustinum</span> <span class='ocrx_word' id='word_1_764' title='bbox 2625 4222 2865 4286; x_wconf 88' lang='lat' dir='ltr'>intonat,</span> <span class='ocrx_word' id='word_1_765' title='bbox 2897 4217 3082 4274; x_wconf 89' lang='lat' dir='ltr'>cordis</span> <span class='ocrx_word' id='word_1_766' title='bbox 3125 4215 3281 4270; x_wconf 87' lang='lat' dir='ltr'>illius</span> <span class='ocrx_word' id='word_1_767' title='bbox 3312 4215 3498 4286; x_wconf 89' lang='lat' dir='ltr'>pulset</span> <span class='ocrx_word' id='word_1_768' title='bbox 3525 4229 3632 4267; x_wconf 88' lang='lat' dir='ltr'>au-</span> 
     </span>
    </p>
   </div>
   <div class='ocr_carea' id='block_1_107' title="bbox 1943 4301 3636 4385">
    <p class='ocr_par' dir='ltr' id='par_1_107' title="bbox 1943 4301 3636 4385">
     <span class='ocr_line' id='line_1_107' title="bbox 1943 4301 3636 4385; baseline -0.008 -16"><span class='ocrx_word' id='word_1_769' title='bbox 1943 4317 2145 4370; x_wconf 91' lang='lat' dir='ltr'>ditum.</span> <span class='ocrx_word' id='word_1_770' title='bbox 2179 4315 2375 4385; x_wconf 91' lang='lat' dir='ltr'>Sperat</span> <span class='ocrx_word' id='word_1_771' title='bbox 2397 4312 2568 4366; x_wconf 84' lang='lat' dir='ltr'>etiam</span> <span class='ocrx_word' id='word_1_772' title='bbox 2598 4326 2700 4382; x_wconf 92' lang='lat' dir='ltr'>pro</span> <span class='ocrx_word' id='word_1_773' title='bbox 2730 4325 2831 4364; x_wconf 89' lang='lat' dir='ltr'>sua</span> <span class='ocrx_word' id='word_1_774' title='bbox 2859 4309 2920 4362; x_wconf 92' lang='lat' dir='ltr'>in</span> <span class='ocrx_word' id='word_1_775' title='bbox 2951 4309 3130 4362; x_wconf 89' lang='lat' dir='ltr'>Deum</span> <span class='ocrx_word' id='word_1_776' title='bbox 3155 4301 3636 4371; x_wconf 83' lang='lat' dir='ltr'>ﬁducia,carnalia</span> 
     </span>
    </p>
   </div>
   <div class='ocr_carea' id='block_1_108' title="bbox 1946 4391 3634 4474">
    <p class='ocr_par' dir='ltr' id='par_1_108' title="bbox 1946 4391 3634 4474">
     <span class='ocr_line' id='line_1_108' title="bbox 1946 4391 3634 4474; baseline -0.008 -16"><span class='ocrx_word' id='word_1_777' title='bbox 1946 4405 2115 4474; x_wconf 90' lang='lat' dir='ltr'>hujus</span> <span class='ocrx_word' id='word_1_778' title='bbox 2145 4402 2517 4458; x_wconf 87' lang='lat' dir='ltr'>adolescentis</span> <span class='ocrx_word' id='word_1_779' title='bbox 2562 4404 2712 4465; x_wconf 87' lang='lat' dir='ltr'>vota,</span> <span class='ocrx_word' id='word_1_780' title='bbox 2745 4397 2881 4453; x_wconf 81' lang='lat' dir='ltr'>fidei</span> <span class='ocrx_word' id='word_1_781' title='bbox 2908 4401 2962 4451; x_wconf 92' lang='lat' dir='ltr'>et</span> <span class='ocrx_word' id='word_1_782' title='bbox 2996 4395 3142 4450; x_wconf 90' lang='lat' dir='ltr'>votis</span> <span class='ocrx_word' id='word_1_783' title='bbox 3178 4391 3486 4466; x_wconf 88' lang='lat' dir='ltr'>Augustini</span> <span class='ocrx_word' id='word_1_784' title='bbox 3515 4407 3634 4446; x_wconf 90' lang='lat' dir='ltr'>ces-</span> 
     </span>
    </p>
   </div>
   <div class='ocr_carea' id='block_1_109' title="bbox 1947 4482 3637 4560">
    <p class='ocr_par' dir='ltr' id='par_1_109' title="bbox 1947 4482 3637 4560">
     <span class='ocr_line' id='line_1_109' title="bbox 1947 4482 3637 4560; baseline -0.009 -13"><span class='ocrx_word' id='word_1_785' title='bbox 1947 4508 2105 4560; x_wconf 92' lang='lat' dir='ltr'>sura;</span> <span class='ocrx_word' id='word_1_786' title='bbox 2148 4491 2240 4546; x_wconf 90' lang='lat' dir='ltr'>cui</span> <span class='ocrx_word' id='word_1_787' title='bbox 2284 4489 2547 4544; x_wconf 87' lang='lat' dir='ltr'>videlicet</span> <span class='ocrx_word' id='word_1_788' title='bbox 2589 4487 2733 4542; x_wconf 90' lang='lat' dir='ltr'>nihil</span> <span class='ocrx_word' id='word_1_789' title='bbox 2783 4490 2930 4540; x_wconf 91' lang='lat' dir='ltr'>esset</span> <span class='ocrx_word' id='word_1_790' title='bbox 2971 4483 3280 4554; x_wconf 90' lang='lat' dir='ltr'>antiquius,</span> <span class='ocrx_word' id='word_1_791' title='bbox 3323 4495 3497 4552; x_wconf 88' lang='lat' dir='ltr'>quam</span> <span class='ocrx_word' id='word_1_792' title='bbox 3551 4482 3637 4547; x_wconf 93' lang='lat' dir='ltr'>ut,</span> 
     </span>
    </p>
   </div>
   <div class='ocr_carea' id='block_1_110' title="bbox 1947 4568 3637 4654">
    <p class='ocr_par' dir='ltr' id='par_1_110' title="bbox 1947 4568 3637 4654">
     <span class='ocr_line' id='line_1_110' title="bbox 1947 4568 3637 4654; baseline -0.009 -17"><span class='ocrx_word' id='word_1_793' title='bbox 1947 4599 2119 4654; x_wconf 88' lang='lat' dir='ltr'>quem</span> <span class='ocrx_word' id='word_1_794' title='bbox 2167 4578 2523 4636; x_wconf 78' lang='lat' dir='ltr'>Romaniano</span> <span class='ocrx_word' id='word_1_795' title='bbox 2568 4575 2716 4647; x_wconf 90' lang='lat' dir='ltr'>patri</span> <span class='ocrx_word' id='word_1_796' title='bbox 2745 4575 2983 4646; x_wconf 90' lang='lat' dir='ltr'>dignum</span> <span class='ocrx_word' id='word_1_797' title='bbox 3013 4574 3292 4643; x_wconf 88' lang='lat' dir='ltr'>genuerat</span> <span class='ocrx_word' id='word_1_798' title='bbox 3320 4569 3379 4624; x_wconf 92' lang='lat' dir='ltr'>in</span> <span class='ocrx_word' id='word_1_799' title='bbox 3408 4568 3637 4638; x_wconf 89' lang='lat' dir='ltr'>litteris,</span> 
     </span>
    </p>
   </div>
   <div class='ocr_carea' id='block_1_111' title="bbox 1947 4657 3640 4739">
    <p class='ocr_par' dir='ltr' id='par_1_111' title="bbox 1947 4657 3640 4739">
     <span class='ocr_line' id='line_1_111' title="bbox 1947 4657 3640 4739; baseline -0.008 -13"><span class='ocrx_word' id='word_1_800' title='bbox 1947 4673 2099 4726; x_wconf 89' lang='lat' dir='ltr'>hunc</span> <span class='ocrx_word' id='word_1_801' title='bbox 2119 4674 2175 4725; x_wconf 92' lang='lat' dir='ltr'>et</span> <span class='ocrx_word' id='word_1_802' title='bbox 2199 4669 2304 4724; x_wconf 91' lang='lat' dir='ltr'>sibi</span> <span class='ocrx_word' id='word_1_803' title='bbox 2327 4668 2437 4739; x_wconf 92' lang='lat' dir='ltr'>ipsi</span> <span class='ocrx_word' id='word_1_804' title='bbox 2463 4667 2635 4736; x_wconf 87' lang='lat' dir='ltr'>digne</span> <span class='ocrx_word' id='word_1_805' title='bbox 2660 4665 2842 4721; x_wconf 82' lang='lat' dir='ltr'>tilium</span> <span class='ocrx_word' id='word_1_806' title='bbox 2864 4663 2923 4718; x_wconf 88' lang='lat' dir='ltr'>in</span> <span class='ocrx_word' id='word_1_807' title='bbox 2945 4662 3164 4718; x_wconf 87' lang='lat' dir='ltr'>Christo</span> <span class='ocrx_word' id='word_1_808' title='bbox 3193 4662 3422 4732; x_wconf 90' lang='lat' dir='ltr'>pareret</span> <span class='ocrx_word' id='word_1_809' title='bbox 3443 4657 3640 4728; x_wconf 84' lang='lat' dir='ltr'>(Apud</span> 
     </span>
    </p>
   </div>
   <div class='ocr_carea' id='block_1_112' title="bbox 1945 4745 3637 4828">
    <p class='ocr_par' dir='ltr' id='par_1_112' title="bbox 1945 4745 3637 4828">
     <span class='ocr_line' id='line_1_112' title="bbox 1945 4745 3637 4828; baseline -0.009 -11"><span class='ocrx_word' id='word_1_810' title='bbox 1945 4763 2204 4828; x_wconf 83' lang='lat' dir='ltr'>August.,</span> <span class='ocrx_word' id='word_1_811' title='bbox 2237 4759 2413 4826; x_wconf 89' lang='lat' dir='ltr'>Epist.</span> <span class='ocrx_word' id='word_1_812' title='bbox 2455 4757 2566 4824; x_wconf 78' lang='lat'>32).</span> <span class='ocrx_word' id='word_1_813' title='bbox 2618 4753 2865 4810; x_wconf 89' lang='lat' dir='ltr'>Dubium</span> <span class='ocrx_word' id='word_1_814' title='bbox 2911 4767 3028 4808; x_wconf 91' lang='lat' dir='ltr'>non</span> <span class='ocrx_word' id='word_1_815' title='bbox 3057 4754 3159 4816; x_wconf 90' lang='lat' dir='ltr'>est,</span> <span class='ocrx_word' id='word_1_816' title='bbox 3192 4748 3334 4820; x_wconf 84' lang='lat' dir='ltr'>quin</span> <span class='ocrx_word' id='word_1_817' title='bbox 3362 4745 3637 4802; x_wconf 86' lang='lat' dir='ltr'>Paulinus</span> 
     </span>
    </p>
   </div>
   <div class='ocr_carea' id='block_1_113' title="bbox 1946 4835 3637 4919">
    <p class='ocr_par' dir='ltr' id='par_1_113' title="bbox 1946 4835 3637 4919">
     <span class='ocr_line' id='line_1_113' title="bbox 1946 4835 3637 4919; baseline -0.008 -16"><span class='ocrx_word' id='word_1_818' title='bbox 1946 4846 2251 4919; x_wconf 88' lang='lat' dir='ltr'>Augustini</span> <span class='ocrx_word' id='word_1_819' title='bbox 2297 4845 2550 4916; x_wconf 75' lang='lat' dir='ltr'>epistolas</span> <span class='ocrx_word' id='word_1_820' title='bbox 2592 4840 2973 4914; x_wconf 87' lang='lat' dir='ltr'>responderit,</span> <span class='ocrx_word' id='word_1_821' title='bbox 3019 4844 3077 4894; x_wconf 91' lang='lat' dir='ltr'>et</span> <span class='ocrx_word' id='word_1_822' title='bbox 3104 4837 3248 4910; x_wconf 91' lang='lat' dir='ltr'>quin</span> <span class='ocrx_word' id='word_1_823' title='bbox 3277 4837 3420 4892; x_wconf 92' lang='lat' dir='ltr'>illud</span> <span class='ocrx_word' id='word_1_824' title='bbox 3445 4835 3637 4891; x_wconf 91' lang='lat' dir='ltr'>nobile</span> 
     </span>
    </p>
   </div>
   <div class='ocr_carea' id='block_1_114' title="bbox 1945 4924 3637 5009">
    <p class='ocr_par' dir='ltr' id='par_1_114' title="bbox 1945 4924 3637 5009">
     <span class='ocr_line' id='line_1_114' title="bbox 1945 4924 3637 5009; baseline -0.008 -18"><span class='ocrx_word' id='word_1_825' title='bbox 1945 4953 2050 5009; x_wconf 89' lang='lat' dir='ltr'>per</span> <span class='ocrx_word' id='word_1_826' title='bbox 2088 4935 2402 4990; x_wconf 88' lang='lat' dir='ltr'>amicorum</span> <span class='ocrx_word' id='word_1_827' title='bbox 2454 4937 2713 4987; x_wconf 89' lang='lat' dir='ltr'>mutuam</span> <span class='ocrx_word' id='word_1_828' title='bbox 2757 4929 3083 4985; x_wconf 88' lang='lat' dir='ltr'>societatem</span> <span class='ocrx_word' id='word_1_829' title='bbox 3123 4931 3179 4982; x_wconf 88' lang='lat' dir='ltr'>et</span> <span class='ocrx_word' id='word_1_830' title='bbox 3213 4924 3637 4986; x_wconf 88' lang='lat' dir='ltr'>commercium,</span> 
     </span>
    </p>
   </div>
   <div class='ocr_carea' id='block_1_115' title="bbox 1950 5012 3638 5095">
    <p class='ocr_par' dir='ltr' id='par_1_115' title="bbox 1950 5012 3638 5095">
     <span class='ocr_line' id='line_1_115' title="bbox 1950 5012 3638 5095; baseline -0.008 -16"><span class='ocrx_word' id='word_1_831' title='bbox 1950 5024 2104 5095; x_wconf 90' lang='lat' dir='ltr'>quod</span> <span class='ocrx_word' id='word_1_832' title='bbox 2137 5021 2435 5092; x_wconf 89' lang='lat' dir='ltr'>utriusque</span> <span class='ocrx_word' id='word_1_833' title='bbox 2478 5019 2661 5092; x_wconf 89' lang='lat' dir='ltr'>pietas</span> <span class='ocrx_word' id='word_1_834' title='bbox 2705 5019 2934 5085; x_wconf 87' lang='lat' dir='ltr'>fecerat,</span> <span class='ocrx_word' id='word_1_835' title='bbox 2985 5019 3246 5071; x_wconf 88' lang='lat' dir='ltr'>accurate</span> <span class='ocrx_word' id='word_1_836' title='bbox 3273 5012 3638 5082; x_wconf 88' lang='lat' dir='ltr'>studioseque</span> 
     </span>
    </p>
   </div>
   <div class='ocr_carea' id='block_1_116' title="bbox 1947 5099 3638 5182">
    <p class='ocr_par' dir='ltr' id='par_1_116' title="bbox 1947 5099 3638 5182">
     <span class='ocr_line' id='line_1_116' title="bbox 1947 5099 3638 5182; baseline -0.01 -13"><span class='ocrx_word' id='word_1_837' title='bbox 1947 5111 2166 5169; x_wconf 89' lang='lat' dir='ltr'>foverit.</span> <span class='ocrx_word' id='word_1_838' title='bbox 2203 5111 2374 5182; x_wconf 88' lang='lat' dir='ltr'>Cujus</span> <span class='ocrx_word' id='word_1_839' title='bbox 2424 5109 2472 5164; x_wconf 90' lang='lat' dir='ltr'>si</span> <span class='ocrx_word' id='word_1_840' title='bbox 2517 5124 2697 5180; x_wconf 91' lang='lat' dir='ltr'>pauca</span> <span class='ocrx_word' id='word_1_841' title='bbox 2749 5107 2913 5162; x_wconf 91' lang='lat' dir='ltr'>nobis</span> <span class='ocrx_word' id='word_1_842' title='bbox 2961 5105 3202 5175; x_wconf 89' lang='lat' dir='ltr'>vestigia</span> <span class='ocrx_word' id='word_1_843' title='bbox 3244 5100 3552 5173; x_wconf 90' lang='lat' dir='ltr'>supersint,</span> <span class='ocrx_word' id='word_1_844' title='bbox 3581 5099 3638 5153; x_wconf 90' lang='lat' dir='ltr'>id</span> 
     </span>
    </p>
   </div>
   <div class='ocr_carea' id='block_1_117' title="bbox 1950 5189 3638 5272">
    <p class='ocr_par' dir='ltr' id='par_1_117' title="bbox 1950 5189 3638 5272">
     <span class='ocr_line' id='line_1_117' title="bbox 1950 5189 3638 5272; baseline -0.011 -15"><span class='ocrx_word' id='word_1_845' title='bbox 1950 5208 2279 5272; x_wconf 88' lang='lat' dir='ltr'>temporum</span> <span class='ocrx_word' id='word_1_846' title='bbox 2310 5200 2422 5254; x_wconf 89' lang='lat' dir='ltr'>fato</span> <span class='ocrx_word' id='word_1_847' title='bbox 2452 5197 2819 5254; x_wconf 88' lang='lat' dir='ltr'>tribuendum</span> <span class='ocrx_word' id='word_1_848' title='bbox 2846 5199 2960 5250; x_wconf 89' lang='lat' dir='ltr'>est:</span> <span class='ocrx_word' id='word_1_849' title='bbox 2983 5195 3072 5249; x_wconf 66' lang='lat' dir='ltr'>hae</span> <span class='ocrx_word' id='word_1_850' title='bbox 3099 5191 3382 5264; x_wconf 90' lang='lat' dir='ltr'>siquidem</span> <span class='ocrx_word' id='word_1_851' title='bbox 3410 5189 3638 5252; x_wconf 66' lang='lat' dir='ltr'>litteras,</span> 
     </span>
    </p>
   </div>
   <div class='ocr_carea' id='block_1_118' title="bbox 1951 5274 3642 5354">
    <p class='ocr_par' dir='ltr' id='par_1_118' title="bbox 1951 5274 3642 5354">
     <span class='ocr_line' id='line_1_118' title="bbox 1951 5274 3642 5354; baseline -0.01 -9"><span class='ocrx_word' id='word_1_852' title='bbox 1951 5295 2014 5345; x_wconf 93' lang='lat' dir='ltr'>ut</span> <span class='ocrx_word' id='word_1_853' title='bbox 2042 5296 2098 5344; x_wconf 90' lang='lat' dir='ltr'>et</span> <span class='ocrx_word' id='word_1_854' title='bbox 2123 5289 2247 5343; x_wconf 72' lang='lat' dir='ltr'>alim</span> <span class='ocrx_word' id='word_1_855' title='bbox 2278 5289 2616 5354; x_wconf 77' lang='lat' dir='ltr'>innumerae,</span> <span class='ocrx_word' id='word_1_856' title='bbox 2643 5287 2995 5342; x_wconf 88' lang='lat' dir='ltr'>exciderunt.</span> <span class='ocrx_word' id='word_1_857' title='bbox 3025 5285 3307 5339; x_wconf 58' lang='lat' dir='ltr'>Caeterum</span> <span class='ocrx_word' id='word_1_858' title='bbox 3337 5274 3642 5347; x_wconf 88' lang='lat' dir='ltr'>Augustini</span> 
     </span>
    </p>
   </div>
   <div class='ocr_carea' id='block_1_119' title="bbox 1952 5363 3643 5447">
    <p class='ocr_par' dir='ltr' id='par_1_119' title="bbox 1952 5363 3643 5447">
     <span class='ocr_line' id='line_1_119' title="bbox 1952 5363 3643 5447; baseline -0.011 -13"><span class='ocrx_word' id='word_1_859' title='bbox 1952 5380 2020 5434; x_wconf 87' lang='lat' dir='ltr'>ad</span> <span class='ocrx_word' id='word_1_860' title='bbox 2057 5378 2358 5433; x_wconf 88' lang='lat' dir='ltr'>Paulinum</span> <span class='ocrx_word' id='word_1_861' title='bbox 2393 5377 2608 5433; x_wconf 90' lang='lat' dir='ltr'>litteras</span> <span class='ocrx_word' id='word_1_862' title='bbox 2650 5393 2766 5432; x_wconf 93' lang='lat' dir='ltr'>non</span> <span class='ocrx_word' id='word_1_863' title='bbox 2794 5375 2989 5447; x_wconf 90' lang='lat' dir='ltr'>plures</span> <span class='ocrx_word' id='word_1_864' title='bbox 3019 5375 3146 5426; x_wconf 90' lang='lat' dir='ltr'>octo</span> <span class='ocrx_word' id='word_1_865' title='bbox 3166 5370 3326 5424; x_wconf 85' lang='lat' dir='ltr'>notat</span> <span class='ocrx_word' id='word_1_866' title='bbox 3355 5363 3643 5420; x_wconf 90' lang='lat' dir='ltr'>Possidius</span> 
     </span>
    </p>
   </div>
   <div class='ocr_carea' id='block_1_120' title="bbox 1955 5461 3646 5539">
    <p class='ocr_par' dir='ltr' id='par_1_120' title="bbox 1955 5461 3646 5539">
     <span class='ocr_line' id='line_1_120' title="bbox 1955 5461 3646 5539; baseline -0.01 -16"><span class='ocrx_word' id='word_1_867' title='bbox 1955 5470 2035 5539; x_wconf 80' lang='lat' dir='ltr'>(In</span> <span class='ocrx_word' id='word_1_868' title='bbox 2060 5469 2321 5533; x_wconf 85' lang='lat' dir='ltr'>lndiculo,</span> <span class='ocrx_word' id='word_1_869' title='bbox 2353 5484 2473 5538; x_wconf 89' lang='lat' dir='ltr'>cap.</span> <span class='ocrx_word' id='word_1_870' title='bbox 2504 5467 2586 5537; x_wconf 82' lang='lat'>7);</span> <span class='ocrx_word' id='word_1_871' title='bbox 2636 5482 2808 5537; x_wconf 89' lang='lat' dir='ltr'>quem</span> <span class='ocrx_word' id='word_1_872' title='bbox 2847 5464 2908 5519; x_wconf 87' lang='lat' dir='ltr'>in</span> <span class='ocrx_word' id='word_1_873' title='bbox 2936 5461 3104 5518; x_wconf 85' lang='lat' dir='ltr'>editis</span> <span class='ocrx_word' id='word_1_874' title='bbox 3148 5469 3453 5513; x_wconf 85' lang='lat' dir='ltr'>numerum</span> <span class='ocrx_word' id='word_1_875' title='bbox 3493 5470 3646 5508; x_wconf 90' lang='lat' dir='ltr'>nunc</span> 
     </span>
    </p>
   </div>
   <div class='ocr_carea' id='block_1_121' title="bbox 1955 5557 2250 5612">
    <p class='ocr_par' dir='ltr' id='par_1_121' title="bbox 1955 5557 2250 5612">
     <span class='ocr_line' id='line_1_121' title="bbox 1955 5557 2250 5612; baseline -0.007 0"><span class='ocrx_word' id='word_1_876' title='bbox 1955 5557 2250 5612; x_wconf 88' lang='lat' dir='ltr'>habemus.</span> 
     </span>
    </p>
   </div>
  </div>
