4060 6354
369 295 473 348 215

1055 411 1281 468 CAPUT
1322 413 1391 467 Il.

376 504 396 557 t
430 502 560 568 Quis
590 499 788 555 animae
816 498 1034 554 habitus
1068 504 1210 567 erat,
1234 503 1393 571 quive
1419 514 1590 556 mores
1614 501 1916 568 Augustini
1951 499 2073 568 jam

443 591 704 660 episcopi.
743 592 774 641 2
800 590 874 642 In
905 589 1251 644 solitudinem
1285 593 1476 658 fugere
1501 591 1818 659 prohibetur
1845 605 1880 643 a
1920 591 2022 642 Deo
2054 601 2067 640 :

448 679 566 748 ejus
593 678 798 733 delicia
825 682 952 732 sunt
980 679 1276 748 Scriptum
1297 681 1393 733 Dei
1411 684 1461 733 et
1488 695 1684 734 vacare
1707 683 1827 735 Deo.
1862 680 1892 732 3
1924 678 2070 743 Qua-

447 770 516 823 lis
544 769 594 822 ei
630 768 804 822 cultus
829 769 1070 836 corporis
1100 769 1157 822 in
1187 769 1422 822 vestibus
1451 773 1503 822 et
1529 769 1900 822 calceamentis
1931 780 2072 820 acce-

445 862 574 928 ptus
617 859 802 925 fuerit.
853 857 888 910 4
931 855 1057 922 Qua
1102 857 1219 926 ejus
1248 872 1452 911 mensa.
1490 860 1519 910 5
1552 857 1802 912 Manibus
1833 854 2074 924 quotidie

447 945 661 1016 aliquid
686 946 904 1015 operari
930 946 1106 1013 vellet,
1133 948 1184 1000 si
1206 961 1306 1016 per
1332 946 1689 1000 valetudinem
1717 951 1767 999 et
1793 960 1891 1014 per
1919 959 2070 998 occu-

441 1037 690 1106 pationes
716 1036 915 1089 liceret.
951 1037 983 1088 6
1012 1036 1238 1111 Inﬁrma
1265 1035 1516 1089 valetudo
1544 1036 1718 1104 ipsius
1765 1039 1814 1088 et
1855 1048 2074 1101 occupa-

450 1127 637 1180 tiones.
668 1128 699 1178 7
748 1123 1078 1178 Clericorum
1118 1125 1504 1178 monasterium
1545 1125 1603 1178 in
1633 1125 1892 1193 episcopii
1919 1122 2072 1176 domo

447 1216 709 1270 instituit.
740 1213 832 1269 Ad
859 1215 1066 1269 Laetum
1099 1215 1258 1268 istius
1285 1216 1426 1280 forte
1453 1215 1769 1268 monasterii
1795 1213 2073 1267 alumnum

449 1302 698 1374 epistola.
750 1305 781 1357 8
818 1303 884 1357 In
923 1317 980 1356 eo
1019 1304 1343 1356 monasterio
1389 1303 1712 1370 regulariter
1756 1307 1805 1356 et
1847 1306 2074 1370 anguste

449 1407 568 1448 cum
595 1393 709 1447 suis
738 1392 948 1448 clericis
975 1394 1227 1446 concivit.
1259 1395 1290 1446 9
1328 1392 1403 1446 Ut
1431 1407 1486 1446 se
1513 1391 1729 1460 gerebat
1757 1407 1887 1460 erga
1911 1393 2071 1458 femi-

447 1496 549 1536 nas
577 1495 592 1535 :
623 1481 830 1535 nullam
860 1494 924 1534 ne
952 1479 1169 1547 quidem
1206 1495 1274 1534 ea:
1303 1481 1711 1548 consanguineis
1742 1481 1986 1535 habitare
2014 1482 2074 1534 in

453 1586 556 1627 sua
584 1569 738 1625 domo
764 1584 960 1639 passus
992 1573 1088 1624 est.

454 1662 503 1714 1.
536 1657 866 1730 Episc0pale
897 1673 1039 1711 onus
1067 1656 1290 1728 imponi
1310 1656 1417 1712 sibi
1438 1672 1555 1712 non
1585 1657 1742 1729 prius
1762 1673 1959 1729 passus
1989 1660 2073 1711 est

382 1746 749 1818 Augustinus,
785 1762 956 1817 quam
988 1746 1360 1801 constitutum
1388 1746 1700 1802 haberetin
1725 1746 2072 1813 animo,a3ta-

377 1838 493 1890 tem
516 1850 679 1889 suam
695 1834 754 1888 in
777 1833 980 1888 ofﬁciis
1005 1835 1079 1890 ad
1097 1834 1152 1889 id
1165 1835 1583 1906 pertinentibus
1613 1841 1793 1890 totam
1824 1835 2069 1906 exigere.

379 1923 520 1979 Hinc
541 1924 600 1978 in
630 1923 851 1996 reliqua
878 1923 991 1978 vita
1019 1923 1165 1979 nihil
1195 1925 1426 1978 molitus
1456 1941 1710 1996 unquam
1731 1924 1908 1995 aliud,
1928 1925 2076 1979 nihil

379 2029 680 2085 aggressus
717 2012 1058 2083 reperietur,
1090 2012 1201 2067 nisi
1231 2014 1388 2084 quod
1427 2014 1550 2085 ejus
1579 2014 1638 2068 in
1680 2015 1882 2069 fratres
1921 2031 2072 2082 suos,

380 2117 525 2172 quos
554 2105 618 2155 ut
647 2100 909 2155 dominos
933 2101 1287 2168 observabat,
1309 2102 1554 2157 charitas
1574 2107 1904 2174 exposceret
1925 2103 2078 2174 (Con-

378 2192 509 2258 fess.
543 2191 636 2244 lib.
671 2191 754 2255 tO,
789 2205 909 2258 cap.
943 2191 996 2244 4.
1027 2205 1084 2244 n.
1117 2190 1188 2258 6).
1223 2190 1329 2245 Sed
1359 2195 1665 2262 antequam
1691 2191 1852 2262 juxta
1872 2191 2078 2246 seriem

385 2294 671 2333 annorum
699 2278 1013 2342 videamus,
1047 2277 1255 2349 quibus
1283 2279 1593 2348 laboribus,
1619 2285 1761 2350 quot
1779 2280 2002 2352 scriptis
2026 2287 2081 2335 et

380 2365 942 2441 peregrinationibus
970 2367 1132 2420 illum
1174 2367 1455 2422 fraternus
1503 2385 1662 2423 amor
1689 2368 2075 2440 implicuerit;

387 2456 724 2526 colligemus
751 2454 844 2510 hic
872 2456 1150 2510 nonnulla
1191 2457 1260 2511 de
1298 2456 1451 2511 illius
1477 2474 1582 2528 pro
1613 2458 1857 2512 Ecclesia
1885 2459 2079 2530 gestis,

383 2559 511 2615 quae
537 2543 701 2598 nobis
721 2543 789 2598 ad
807 2547 1024 2597 certum
1054 2544 1313 2599 ordinem
1333 2549 1658 2617 temporum
1683 2563 1944 2602 revocare
1966 2564 2080 2602 non

383 2631 533 2686 licet.
569 2632 637 2685 Ut
674 2634 867 2685 autem
906 2631 976 2685 ab
1007 2632 1087 2685 eis
1116 2649 1245 2704 quae
1287 2634 1354 2687 ad
1380 2633 1561 2704 ipsius
1591 2649 1777 2688 mores
1806 2639 2078 2706 spectant,

384 2719 653 2774 narrandi
684 2719 957 2774 faciamus
1000 2720 1230 2775 initium
1258 2741 1273 2788 ;
1315 2722 1500 2793 qualis
1549 2727 1696 2778 esset
1723 2724 1931 2779 animae
1962 2741 2081 2779 sum

386 2806 617 2861 habitus
637 2805 825 2877 primo
848 2807 1203 2878 episcopatus
1224 2807 1314 2863 sui
1334 2811 1860 2881 tempore,ipsemet
1882 2813 1943 2867 in
1965 2812 2081 2867 suis

388 2895 855 2952 Confessionibus
884 2912 1035 2950 anno
1062 2896 1130 2951 ab
1164 2896 1342 2968 ipsius
1371 2897 1730 2954 ordinatione
1761 2905 1964 2972 quarto
1994 2903 2079 2956 vel

387 2986 588 3058 quinto
610 2986 794 3055 editis,
814 2987 873 3041 in
892 2987 1068 3041 oculis
1087 2992 1506 3059 conspectuque
1524 2990 1782 3045 omnium
1801 2992 2078 3062 exposuit.

392 3077 534 3131 Nam
559 3091 687 3129 cum
707 3075 899 3146 jacere
928 3079 1178 3146 cuperet,
1209 3077 1485 3148 nulloque
1509 3076 1662 3132 inter
1680 3079 1943 3134 homines
1964 3095 2082 3134 esse

390 3179 654 3230 numero,
681 3180 832 3234 egre
852 3164 1163 3219 admodum
1185 3165 1402 3219 ferebat
1423 3165 1521 3220 Vir
1540 3170 1788 3236 sanctus,
1813 3184 1870 3222 se
1886 3173 2085 3223 contra

393 3253 456 3307 in
487 3268 585 3306 ore
616 3252 876 3306 omnium
904 3253 1137 3319 versari,
1170 3258 1340 3324 atque
1360 3253 1533 3308 etiam
1559 3260 1768 3310 sanctae
1791 3271 2087 3310 conversa-

400 3340 572 3396 tionis
611 3341 844 3396 nomine
874 3357 1100 3395 summo
1131 3341 1370 3413 dignum
1395 3343 1612 3398 honore
1641 3344 1857 3400 haberi.
1888 3346 2084 3417 Itaque

392 3445 459 3484 ne
485 3429 549 3484 de
575 3444 631 3484 se
657 3431 947 3500 quisquam
967 3431 1266 3497 hominum,
1293 3431 1372 3485 ait
1394 3432 1698 3499 Possidius,
1729 3449 1900 3504 supra
1919 3451 2085 3503 quam

392 3535 449 3574 se
477 3533 588 3573 esse
614 3522 854 3585 noverat,
903 3519 1157 3586 crederet,
1200 3535 1306 3574 non
1349 3521 1519 3576 solum
1549 3522 1726 3590 qualis
1752 3527 1876 3577 ante
1897 3539 2082 3593 perce-

385 3611 544 3677 ptam
569 3609 810 3674 gratiam
839 3609 1033 3675 fuerit,
1054 3608 1149 3662 sed
1178 3612 1340 3663 etiam
1367 3611 1547 3678 qualis
1569 3611 1690 3680 jam
1712 3617 1929 3682 sumpta
1947 3615 2086 3667 vive-

389 3695 805 3763 ret,designavit
821 3696 1201 3766 (Possidius,in
1225 3698 1352 3752 Vita
1366 3699 1623 3768 August,
1645 3701 1703 3754 in
1718 3702 1930 3770 Praef)
1954 3701 2084 3756 Cer-

389 3784 563 3840 nebat
589 3788 870 3855 prmterea
897 3784 1090 3838 multis
1133 3785 1300 3839 bonis
1333 3786 1687 3855 Christianis,
1731 3788 1831 3861 qui
1873 3790 2088 3861 pariter

396 3873 525 3944 quis
553 3877 809 3944 tempore
841 3873 964 3944 ipso
1012 3873 1439 3930 Confessionum
1479 3892 1711 3932 suarum
1744 3883 1892 3933 esset
1919 3895 2086 3934 nosse

391 3965 686 4032 cuperent,
710 3966 937 4033 gratum
959 3961 1243 4017 facturum
1274 3980 1332 4018 se
1355 3979 1470 4018 non
1492 3964 1614 4020 sine
1634 3982 1843 4038 magno
1864 3967 2083 4023 fructu:

391 4050 675 4121 siquidem
697 4049 740 4103 ii
766 4054 822 4104 et
851 4051 1064 4122 gratias
1094 4053 1211 4106 Deo
1236 4053 1416 4106 acturi
1435 4053 1503 4107 de
1531 4054 1818 4125 donisipsi
1839 4055 2076 4120 collatis,

389 4142 446 4193 et
473 4139 782 4210 perspectis
809 4139 932 4209 ejus
956 4139 1120 4193 malis
1148 4156 1254 4210 pro
1286 4139 1410 4210 ipso
1439 4143 1697 4212 rogaturi
1715 4149 1903 4198 essent
1924 4145 2082 4216 (Con-

392 4228 524 4294 fess.
559 4229 654 4281 lib.
681 4230 766 4292 10,
799 4243 919 4296 cap.
947 4230 999 4294 3,
1037 4244 1096 4282 η.
1135 4229 1212 4299 4).
1258 4229 1514 4284 Primum
1552 4246 1688 4302 ergo
1721 4232 1768 4286 is
1812 4232 1952 4304 ipse,
1986 4235 2086 4306 qui

389 4315 478 4368 vir
507 4314 892 4369 sanctissimus
931 4331 996 4370 ac
1025 4315 1146 4386 ejus
1176 4317 1324 4388 apud
1357 4320 1536 4373 Deum
1567 4320 1755 4374 meriti
1781 4337 1900 4376 esse
1929 4322 2084 4378 vide-

390 4407 568 4470 retur,
598 4402 658 4457 in
684 4419 797 4474 quo
826 4402 989 4458 facile
1014 4404 1258 4476 quisque
1278 4422 1436 4476 spem
1461 4410 2087 4480 reponeret,proﬁtetur

389 4494 568 4544 totam
617 4507 778 4560 spem
826 4507 987 4546 suam
1034 4493 1265 4547 nonnisi
1314 4494 1376 4549 in
1421 4511 1632 4567 magna
1660 4498 1820 4552 valde
1869 4499 2088 4554 miseri-

389 4578 584 4634 cordia
630 4578 730 4634 Dei
768 4580 934 4634 sitam
965 4597 1114 4648 esse;
1149 4582 1219 4638 ab
1247 4582 1345 4638 illo
1375 4600 1433 4639 se
1477 4589 1672 4656 petere
1715 4591 1779 4641 ut
1807 4587 1905 4642 det
1933 4589 2085 4659 quod

381 4667 569 4739 jubet,
595 4672 765 4740 atque
788 4669 894 4723 hoc
922 4673 1087 4740 pacto
1113 4672 1267 4742 quod
1298 4672 1433 4728 velit
1452 4673 1651 4745 jubeat
1679 4690 1692 4730 :
1725 4675 1866 4730 scire
1897 4693 2084 4746 se,ne-

387 4755 605 4811 minem
632 4774 796 4829 posse
827 4775 946 4813 esse
976 4759 1381 4829 continentem,
1410 4762 1516 4817 nisi
1543 4764 1688 4818 Deus
1715 4765 1845 4821 det:
1870 4766 2084 4838 quippe

387 4861 519 4900 cum
544 4860 648 4916 per
675 4848 1039 4904 continentiae
1068 4851 1400 4906 mandatum
1430 4853 1596 4908 nobis
1627 4853 2084 4925 praecipiaturuit

387 4933 726 5005 colligamur
754 4940 811 4992 et
834 4938 1160 5011 redigamur
1185 4940 1246 4995 in
1269 4957 1472 5010 unum,
1506 4959 1539 4997 a
1564 4959 1676 5015 quo
1705 4943 1767 4998 in
1793 4944 1972 4999 multa
1993 4944 2087 4999 de-

387 5021 658 5078 ﬂuximus
688 5022 846 5095 (quia
871 5027 1133 5084 videlicet
1160 5028 1209 5083 is
1237 5029 1429 5085 minus
1453 5032 1632 5086 Deum
1656 5033 1937 5104 amat,qui
1952 5049 2082 5088 cum

384 5111 498 5165 Deo
526 5110 742 5183 aliquid
774 5119 950 5181 amat,
983 5116 1138 5186 quod
1165 5133 1278 5172 non
1304 5123 1541 5190 propter
1571 5121 1749 5174 Deum
1778 5121 1978 5188 amat);
2011 5121 2084 5175 ad

384 5197 527 5254 illud
551 5199 908 5271 implendum
936 5219 995 5257 se
1016 5219 1118 5274 per
1145 5220 1204 5259 se
1237 5222 1352 5261 non
1382 5207 1662 5278 sufficere,
1695 5209 1792 5264 sed
1823 5209 2082 5280 indigere

383 5293 448 5344 ut
470 5289 544 5344 ab
573 5289 698 5360 ipso
744 5291 858 5345 Deo
899 5293 1258 5348 accendatur.
1312 5296 1354 5351 0
1396 5312 1565 5362 amor,
1615 5296 1713 5363 ait,
1754 5300 1852 5368 qui
1877 5315 2084 5368 semper

381 5379 540 5434 ardes
569 5383 620 5434 et
647 5395 928 5451 nunquam
952 5384 1346 5452 exstingueris!
1373 5385 1633 5442 Charitas
1657 5389 1797 5442 Deus
1824 5403 2082 5450 meus,ac~

381 5468 542 5523 cendo
578 5484 660 5524 me
685 5471 1110 5527 .Continentiam
1131 5473 1323 5542 jubes;
1372 5473 1446 5528 da
1475 5475 1620 5543 quod
1641 5475 1819 5545 jubes,
1869 5482 1918 5531 el
1948 5478 2080 5546 jube

381 5557 527 5627 quod
554 5559 637 5614 vis
667 5556 853 5629 (lbid.,
880 5575 1000 5632 cap.
1024 5563 1115 5628 29,
1146 5577 1200 5616 η.
1242 5562 1358 5633 40).
1396 5562 1611 5620 Deinde
1640 5581 1971 5638 quanquam
2003 5565 2076 5621 ad

1579 289 1753 348 VITA
1791 289 1844 345 S.
1887 285 2273 345 AUGUSTINI
2321 284 2663 343 EPISCOPI.

3783 291 3888 343 216

2183 425 2309 464 eam
2339 410 2547 466 animae
2571 409 2873 466 sanitatem
2905 409 3024 481 jam
3056 409 3248 466 divino
3293 425 3534 466 munere
3570 411 3892 483 perductus

2183 502 2349 566 esset,
2377 503 2442 555 ut
2471 499 2823 556 confidenter
2855 501 2967 554 Deo
2997 499 3232 568 diceret,
3263 501 3382 556 Non
3411 501 3599 564 dubia,
3626 502 3725 556 sed
3743 508 3894 556 certa

2183 591 2523 656 conscientia,
2565 592 2802 652 Domine,
2839 605 2960 644 amo
3001 599 3051 644 te
3093 589 3275 657 (Ibid,
3327 605 3447 660 cap.
3484 594 3536 656 6,
3568 607 3624 645 n.
3657 593 3708 654 8)
3756 607 3771 644 :
3804 595 3892 645 at-

2181 683 2373 733 tamen
2403 679 2610 733 multos
2637 683 2693 732 et
2721 695 2960 750 magnos
2982 695 3101 732 esse
3119 679 3422 748 languores
3452 695 3583 733 suos
3603 679 3892 750 agnoscit,

2183 767 2392 837 quibus
2447 766 2712 821 sanandis
2763 766 3081 821 necessaria
3145 766 3218 820 sit
3289 759 3646 821 medicinalis
3703 767 3896 838 gratia

2183 855 2389 910 Christi
2412 853 2734 910 Mediatoris
2756 856 2941 927 (Ibid.,
2964 871 3083 926 cap.
3118 857 3209 925 43,
3238 871 3293 910 n.
3319 856 3430 927 68).
3459 857 3602 911 Nam
3621 856 3891 928 turpium

2183 959 2376 998 rerum
2405 945 2683 1013 imagines
2713 949 2767 998 et
2785 944 2975 999 vivere
2998 944 3180 998 adhuc
3202 943 3260 998 in
3283 961 3385 998 sua
3412 945 3690 999 memoria
3719 949 3897 1000 testa-

2179 1036 2297 1102 tur,
2336 1037 2392 1088 et
2429 1033 2535 1088 sibi
2566 1049 2880 1101 occursare,
2912 1033 3171 1104 vigilanti
3201 1032 3438 1105 quidem
3467 1039 3725 1089 carentes
3756 1033 3897 1088 viri-

2183 1121 2308 1190 bus,
2337 1120 2398 1176 in
2427 1121 2642 1176 somnis
2669 1125 2862 1178 autem
2891 1137 3008 1177 non
3039 1122 3221 1176 solum
3246 1138 3426 1193 usque
3456 1122 3523 1176 ad
3546 1122 3888 1177 delectatio-

2182 1227 2335 1276 nem,
2369 1210 2466 1264 sed
2497 1209 2667 1265 etiam
2699 1226 2878 1281 usque
2896 1210 2967 1265 ad
2997 1209 3431 1264 consensionem
3458 1210 3792 1283 factumque
3823 1211 3897 1266 si-

2183 1300 2510 1354 millimum.
2531 1299 2868 1370 Quanquam
2887 1314 3038 1370 saepe
3059 1298 3233 1353 etiam
3250 1298 3309 1353 in
3331 1297 3547 1354 somnis
3562 1300 3890 1367 resistebat,

2183 1391 2240 1442 et
2263 1387 2351 1442 sui
2380 1403 2603 1442 memor
2647 1387 2950 1459 propositi,
3005 1391 3178 1460 atque
3220 1387 3281 1443 in
3310 1405 3378 1444 eo
3405 1388 3723 1445 castissime
3749 1405 3892 1461 per-

2183 1493 2439 1544 manens,
2471 1477 2695 1531 nullum
2724 1476 2932 1532 talibus
2958 1475 3240 1532 illecebris
3270 1477 3356 1532 vel
3386 1477 3680 1533 dormiens
3709 1479 3892 1534 adhi-

2181 1565 2351 1620 bebat
2377 1581 2668 1621 assensum
2691 1565 2874 1637 (lbid.,
2897 1581 3017 1636 cap.
3045 1569 3135 1633 20,
3166 1581 3222 1620 η.
3257 1567 3367 1636 tt).
3401 1568 3526 1632 Quo
3558 1566 3620 1622 in
3674 1583 3894 1640 genere

2183 1655 2322 1710 mali
2367 1655 2555 1710 adhuc
2591 1671 2650 1710 se
2687 1671 2807 1709 esse
2855 1655 3231 1726 comperiens,
3285 1654 3363 1709 sic
3409 1657 3726 1711 exsultabat
3755 1673 3890 1712 cum

2182 1747 2432 1798 tremore
2460 1743 2520 1798 in
2545 1759 2613 1798 eo
2643 1743 2798 1816 quod
2822 1743 2904 1798 ἱΙῙι
2928 1745 3076 1798 Deus
3097 1743 3424 1812 donaverat,
3455 1749 3519 1799 ut
3548 1744 3608 1799 in
3637 1761 3704 1799 eo
3735 1746 3892 1818 quod

2185 1833 2676 1889 inconsummatus
2703 1838 2828 1888 erat
2852 1833 3091 1904 lugeret.
3127 1833 3319 1904 Pergit
3340 1833 3411 1888 ad
3435 1834 3588 1889 aliud
3620 1835 3894 1890 tentatio—

2185 1922 2274 1978 nis
2295 1938 2498 1993 genus,
2522 1922 2677 1993 quod
2699 1937 2764 1976 ex
2787 1921 2993 1976 edendi
3010 1926 3066 1976 et
3082 1921 3660 1977 bibendinecessitate
3681 1923 3892 1980 oritur.

2189 2012 2301 2065 Hoc
2346 2011 2580 2082 quidem
2611 2027 2644 2064 a
2687 2012 2802 2065 Deo
2844 2010 3080 2065 edoctus
3111 2014 3251 2076 erat,
3301 2015 3366 2065 ut
3401 2012 3891 2082 quemadmodum

2188 2100 2620 2164 medicamenta,
2696 2099 2775 2154 sic
2843 2099 3116 2153 alimenta
3182 2104 3510 2170 sumpturus
3595 2102 3896 2158 accederet

2190 2189 2370 2260 (Ibid,
2410 2204 2532 2259 cap.
2587 2192 2675 2256 31,
2717 2205 2772 2244 n.
2805 2190 2890 2257 44)
2926 2206 2939 2243 :
2974 2189 3069 2243 sed
3102 2189 3238 2243 dum
3268 2189 3335 2244 ad
3368 2189 3621 2261 quietem
3659 2190 3895 2245 satieta-

2189 2279 2260 2333 tis
2309 2295 2374 2333 ex
2404 2278 2738 2350 indigentia:
2787 2278 3044 2333 molestia
3077 2277 3374 2344 transibat,
3407 2279 3467 2332 in
3492 2278 3615 2349 ipso
3647 2280 3897 2334 transitu

2190 2366 2298 2438 ipsi
2329 2367 2705 2422 insidiabatur
2745 2366 2981 2439 laqueus
3033 2367 3525 2438 concupiscentiae.
3575 2367 3721 2432 Quia
3761 2384 3895 2423 cum

2191 2472 2340 2527 saepe
2369 2456 2651 2510 incertum
2689 2455 2781 2522 sit,
2832 2459 3023 2509 utrum
3075 2456 3257 2510 adhuc
3297 2456 3610 2511 necessaria
3639 2458 3898 2528 corporis

2191 2563 2326 2601 cura
2366 2546 2681 2602 subsidium
2733 2550 2910 2616 petat,
2966 2563 3036 2600 an
3076 2547 3396 2618 voluptaria
3424 2547 3754 2619 cupiditatis
3785 2548 3894 2602 fal-

2193 2635 2335 2690 lacia
2379 2634 2763 2689 ministerium
2815 2639 3079 2706 suppetat
3133 2651 3145 2689 :
3196 2634 3267 2689 ad
3318 2635 3427 2689 hoc
3475 2635 3758 2689 incertum
3804 2634 3896 2689 hi-

2193 2724 2416 2780 larescit
2461 2723 2660 2778 infelix
2696 2723 2908 2790 anima,
2956 2727 3012 2778 et
3049 2723 3109 2781 in
3140 2740 3206 2778 eo
3247 2729 3536 2796 praeparat
3577 2725 3895 2779 excusatio-

2192 2813 2282 2868 nis
2335 2811 2739 2884 patrocinium,
2789 2812 3045 2883 gaudens
3099 2828 3218 2866 non
3264 2829 3538 2884 apparere
3590 2812 3730 2884 quid
3760 2813 3899 2868 satis

2193 2899 2265 2953 sit
2295 2899 2672 2973 moderationi
2699 2899 3062 2968 valetudinis,
3093 2905 3158 2955 ut
3187 2901 3422 2955 obtentu
3453 2900 3650 2956 salutis
3685 2901 3896 2956 obum-

2192 2987 2318 3042 bret
2346 2987 2637 3058 negotium
2683 2988 3006 3060 voluptatis.
3055 2988 3150 3043 His
3186 2989 3600 3045 tentationibus
3630 2990 3896 3062 quotidie

2193 3077 2506 3131 conabatur
2550 3076 2836 3144 resistere,
2889 3080 2944 3132 et
2989 3076 3290 3132 invocabat
3337 3079 3629 3133 dexteram
3687 3079 3793 3134 Dei
3826 3080 3901 3135 ad

2193 3166 2432 3220 salutem
2464 3181 2656 3234 suam;
2690 3171 2748 3220 et
2777 3167 2845 3220 ad
2875 3183 3006 3221 eum
3050 3167 3334 3222 referebat
3363 3171 3535 3222 cestus
3573 3185 3726 3238 suos,
3758 3169 3900 3241 quia

2195 3254 2495 3309 consilium
2527 3254 2734 3310 sibi‘de
2764 3256 2868 3309 hac
2899 3272 2958 3309 re
2985 3272 3100 3310 non
3124 3256 3327 3312 stabat.
3363 3257 3428 3311 Et
3456 3256 3686 3328 quidem
3714 3257 3901 3313 ebrie-

2193 3347 2280 3399 tas
2303 3343 2472 3413 longe
2491 3347 2610 3398 erat
2629 3343 2700 3398 ab
2725 3359 2791 3398 eo
2822 3361 2834 3398 :
2859 3345 3089 3415 crapula
3103 3349 3294 3399 autem
3323 3361 3742 3417 nonnunquam
3771 3346 3901 3401 sub-

2195 3431 2432 3503 repebat
2477 3431 2554 3500 ei,
2607 3433 2839 3503 crapula
2895 3438 3089 3487 tamen
3135 3449 3221 3500 ea,
3256 3449 3369 3505 qua
3398 3450 3516 3489 non
3544 3451 3642 3488 cor
3682 3434 3896 3506 ipsum,

2196 3521 2292 3576 sed
2323 3521 2556 3575 affectus
2586 3525 2644 3575 et
2670 3521 2951 3592 languens
2981 3523 3306 3577 stomachus
3334 3522 3394 3576 in
3432 3523 3694 3594 perfectis
3722 3524 3899 3578 etiam

2197 3609 2529 3666 Christianis
2581 3609 2891 3680 aliquando
2934 3615 3221 3682 gravatur.
3277 3610 3539 3666 Ebriosus
3593 3628 3899 3684 nunquam

2195 3697 2304 3753 fuit
2335 3714 2349 3752 :
2384 3698 2536 3770 quod
2567 3699 2680 3753 Deo
2707 3715 2938 3770 prorsus
2966 3705 3263 3771 acceptum
3305 3700 3498 3756 refert.
3545 3702 3611 3755 In
3638 3700 3727 3755 his
3757 3718 3897 3773 ergo

2195 3785 2607 3841 tentationihus
2635 3787 2880 3858 positus,
2901 3788 3153 3842 certabat
3181 3787 3437 3860 quotidie
3461 3789 3730 3844 adversus
3758 3805 3899 3844 con-

2197 3874 2602 3946 cupiscentiam
2623 3874 2829 3929 edendi
2860 3878 2917 3930 et
2939 3874 3175 3930 bibendi
3200 3891 3214 3930 :
3242 3891 3486 3948 cumque
3507 3892 3625 3930 non
3648 3875 3707 3931 id
3728 3881 3897 3944 esset,

2199 3964 2350 4036 quod
2382 3964 2555 4018 semel
2586 3962 2918 4034 prmcidere,
2959 3966 3015 4018 et
3043 3963 3110 4018 de
3141 3979 3256 4034 quo
3284 3963 3522 4019 ulterius
3567 3981 3682 4020 non
3731 3965 3901 4021 attin-

2195 4052 2379 4123 gendo
2410 4052 2718 4107 decernere
2750 4056 2971 4123 posset;
3003 4051 3150 4107 freni
3191 4053 3436 4124 gutturis
3462 4057 3780 4124 temperata
3811 4071 3900 4109 re-

2197 4140 2481 4195 laxatione
2513 4145 2570 4195 et
2597 4140 3002 4195 constrictione
3031 4141 3265 4197 tenendi
3296 4145 3474 4196 erant.
3503 4142 3608 4197 Sed
3637 4144 3901 4198 nondum

2195 4229 2244 4284 is
2273 4233 2413 4298 erat,
2447 4230 2545 4301 qui
2583 4246 2698 4284 non
2729 4234 3028 4301 raperetur
3079 4231 3505 4302 aliquantulum
3534 4236 3693 4286 extra
3721 4237 3905 4288 metas

2196 4318 2543 4373 necessitatis
2576 4334 2590 4373 :
2622 4336 2684 4373 ac
2710 4318 3082 4374 nihilominus
3107 4319 3510 4391 magniﬁcabat
3535 4337 3747 4375 nomen
3773 4322 3898 4390 Dei,

2196 4423 2388 4478 quem,
2422 4407 2522 4478 qui
2558 4407 2694 4462 vicit
2739 4408 3030 4473 saeculum,
3077 4424 3183 4480 pro
3232 4409 3411 4480 ipsius
3455 4409 3701 4480 peccatis
3732 4410 3904 4466 inter-

2193 4496 2461 4568 pellabat,
2493 4511 2802 4550 numerans
2831 4497 3019 4568 ipsum
3049 4497 3200 4552 inter
3227 4497 3458 4553 inﬁrma
3487 4499 3748 4553 membra
3775 4516 3900 4554 cor-

2194 4585 2348 4658 poris
2373 4585 2480 4640 sui.
2509 4584 2665 4649 Quod
2696 4585 2765 4640 ad
2793 4586 3119 4642 illecebram
3151 4587 3394 4643 odorum
3422 4588 3691 4659 pertinet,
3722 4589 3794 4643 de
3832 4606 3902 4644 ea

2194 4685 2309 4724 non
2339 4668 2630 4740 satagebat
2657 4668 2827 4723 nimis
2879 4685 2892 4724 :
2938 4685 3066 4725 cum
3092 4670 3335 4741 jucundi
3375 4672 3639 4727 abessent
3668 4673 3897 4740 odores,

2194 4775 2312 4813 non
2340 4758 2698 4830 requirebat;
2731 4775 2863 4813 cum
2905 4759 3192 4826 adessent,
3222 4776 3339 4814 non
3369 4761 3696 4833 respuebat,
3727 4778 3901 4832 para-

2194 4852 2286 4902 tus
2314 4847 2393 4902 eis
2413 4863 2639 4918 semper
2666 4863 2877 4902 carere.
2913 4847 3020 4902 Sed
3048 4848 3308 4919 quamvis
3326 4847 3408 4903 ita
3443 4848 3553 4904 sibi
3584 4848 3900 4921 videretur,

2194 4945 2300 4999 hac
2328 4943 2390 4999 in
2413 4959 2473 4998 re
2499 4948 2692 4999 tamen
2717 4943 2832 4999 falli
2861 4961 2920 4999 se
2942 4944 3182 5000 timebat
3217 4961 3232 5000 :
3264 4945 3475 5018 quippe
3500 4962 3631 5001 cum
3665 4963 3800 5002 eum
3823 4948 3904 5002 1a-

2191 5037 2338 5088 teret
2363 5033 2599 5088 facultas
2630 5050 2731 5088 sua
2761 5049 2890 5104 quae
2917 5033 2977 5087 in
3003 5033 3127 5103 ipso
3157 5038 3300 5103 erat,
3330 5038 3388 5089 et
3407 5034 3636 5090 animus
3657 5035 3814 5090 illius
3831 5037 3902 5092 de

2192 5121 2407 5177 viribus
2436 5121 2552 5176 suis
2580 5121 2702 5193 ipse
2734 5122 2840 5178 sibi
2884 5139 2998 5176 non
3027 5121 3192 5177 facile
3224 5123 3572 5178 credendum
3605 5124 3902 5179 existima-

2191 5215 2306 5277 ret;
2353 5209 2489 5281 quia
2517 5211 2672 5282 quod
2718 5211 2884 5274 inest,
2937 5212 3282 5282 plerumque
3329 5214 3614 5267 occultum
3643 5217 3750 5281 est,
3793 5214 3905 5268 nisi

2193 5299 2543 5370 experientia
2569 5300 2938 5355 manifestum
2963 5300 3082 5354 liat.
3114 5301 3444 5372 Voluptates
3487 5301 3716 5356 aurium
3747 5307 3904 5358 tena-

2191 5388 2311 5443 cius
2342 5405 2475 5444 eum
2506 5388 2963 5460 implicaverant,
2996 5393 3054 5444 et
3081 5389 3533 5460 subjugaverant
3566 5389 3702 5444 :sed
3757 5392 3909 5447 Deus

2191 5476 2501 5530 resolverat
2555 5482 2612 5532 et
2667 5477 3008 5533 liberaverat
3054 5495 3209 5535 eum.
3260 5480 3418 5533 Tunc
3467 5494 3605 5550 ergo
3636 5479 3695 5533 in
3727 5481 3908 5550 sonis,

2194 5580 2339 5636 quos
2381 5564 2638 5622 animant
2665 5564 2855 5621 divina
2887 5567 3133 5639 eloquia,
3164 5583 3295 5624 cum
3327 5568 3486 5624 suavi
3515 5572 3572 5623 et
3597 5569 3912 5627 artiﬁciosa
