4060 6346
114 305 208 354 '2l7

120 439 248 477 voce
293 426 620 493 cantautur,
651 421 1072 495 aliquantulum
1101 425 1511 498 acquiescebat,
1537 445 1652 483 non
1689 428 1819 499 qui-

119 514 242 568 dem
272 517 340 567 ut
368 513 634 581 haereret,
665 513 763 568 sed
792 517 857 568 ut
885 529 1014 568 cum
1043 515 1212 570 vellet
1249 522 1522 588 surgeret.
1557 506 1820 573 Attamen

117 601 426 672 aliquando
451 602 582 672 plus
604 601 711 656 sibi
736 601 1035 657 videbatur
1061 603 1292 659 honoris
1315 605 1382 659 iis
1408 605 1562 660 sonis
1604 607 1817 660 tribue—

119 707 195 757 re,
226 707 403 762 quam
433 691 686 756 deceret;
723 691 859 745 dum
891 691 1028 762 ipsis
1059 693 1266 747 sanctis
1296 694 1460 748 dictis
1499 693 1819 765 religiosius

118 784 169 832 et
213 779 510 833 ardentius
557 779 796 834 sentiret
852 780 1068 834 moveri
1114 781 1372 836 animum
1416 782 1477 837 in
1525 784 1816 837 flammam

119 866 361 938 pietatis,
403 884 530 922 cum
572 868 648 922 ita
695 873 1019 936 cantantur,
1049 887 1223 942 quam
1267 871 1315 925 si
1345 887 1462 926 non
1509 872 1586 926 ita
1633 878 1818 926 canta-

117 961 312 1010 rentur
385 957 623 1025 (Ibidem,
682 973 804 1027 cap.
863 960 950 1024 33,
1008 975 1064 1013 η.
1131 959 1242 1031 49).
1305 961 1446 1014 Nam
1517 960 1816 1015 delectatio

117 1044 297 1098 carnis
351 1061 502 1116 sirpe
559 1061 689 1099 eum
754 1045 1004 1114 fallebat,
1063 1047 1198 1103 dum
1249 1048 1529 1104 rationem
1585 1053 1818 1121 propter

116 1148 285 1204 quam
316 1139 606 1188 meruerat
643 1134 892 1203 admitti,
918 1135 1090 1190 etiam
1125 1152 1478 1208 praecurrere
1509 1154 1573 1192 ac
1611 1138 1815 1193 ducere

115 1225 432 1276 conaretur.
467 1223 552 1276 Ita
577 1221 636 1276 in
665 1222 755 1277 bis
779 1223 1050 1293 peccabat
1078 1240 1194 1280 non
1224 1226 1493 1292 sentiens,
1526 1227 1624 1282 sed
1655 1231 1813 1298 post-

119 1326 182 1364 ea
207 1309 502 1365 sentiebat.
535 1310 856 1382 Aliquando
894 1312 1042 1368 hanc
1070 1313 1253 1385 ipsam
1283 1315 1563 1370 fallaciam
1593 1331 1809 1380 cavens,

119 1397 336 1453 errabat
365 1397 547 1452 nimia
575 1401 893 1468 severitate,
925 1417 990 1455 ac
1017 1402 1177 1456 valde
1209 1401 1521 1470 interdum,
1555 1408 1616 1457 ut
1641 1404 1816 1458 melos

119 1501 281 1540 omne
306 1485 725 1541 cantilenarum
756 1487 1039 1556 suavium,
1072 1489 1279 1560 quibus
1308 1490 1635 1546 Davidicum
1661 1492 1813 1563 psal-

117 1573 317 1628 teriam
345 1574 768 1645 frequentatur,
805 1575 875 1630 ab
906 1576 1141 1632 auribus
1170 1578 1286 1632 suis
1316 1578 1600 1634 removeri
1623 1580 1813 1646 vellet,

120 1667 282 1734 atque
319 1661 498 1734 ipsius
534 1663 827 1732 Ecclesiae;
862 1664 1154 1738 tutiusque
1186 1666 1293 1721 sibi
1326 1667 1615 1722 videretur
1661 1669 1818 1740 quod

119 1751 183 1806 de
210 1751 592 1807 Alexandrino
634 1752 900 1824 episcopo
938 1755 1247 1810 Athanasio
1285 1771 1436 1827 saepe
1465 1756 1572 1811 sibi
1602 1755 1816 1812 dictum

121 1841 470 1910 meminerat,
502 1840 601 1912 qui
642 1846 758 1896 tam
806 1842 1030 1898 modico
1074 1843 1224 1898 ﬂexu
1265 1845 1412 1898 vocis
1454 1846 1698 1900 faciebat
1725 1861 1816 1900 so-

122 1945 246 1985 nare
275 1930 550 1985 lectorem
578 1930 804 2001 psalmi,
835 1936 899 1985 ut
930 1933 1326 2001 pronuntianti
1367 1933 1608 1988 vicinior
1649 1939 1814 2001 esset,

123 2033 287 2089 quam
315 2017 561 2072 canenti.
595 2019 998 2073 Verumtamen
1043 2035 1174 2074 cum
1219 2020 1692 2076 reminiscebatur
1735 2023 1814 2076 la-

121 2123 330 2178 crymas
363 2123 507 2177 quas
535 2107 758 2162 fuderat
783 2107 853 2162 ad
882 2113 1083 2162 cantus
1111 2109 1369 2164 Ecclesiae
1400 2109 1458 2163 in
1487 2109 1817 2181 primordiis

123 2201 462 2267 recuperatae
494 2195 628 2250 ﬁdei
649 2213 788 2263 suae,
815 2201 1212 2269 quantumque
1238 2199 1604 2268 postmodum
1630 2215 1818 2253 move-

122 2289 287 2351 retur,
317 2301 437 2339 non
483 2289 672 2354 cantu,
703 2285 800 2340 sed
841 2287 1011 2340 rebus
1050 2302 1178 2357 quae
1225 2291 1545 2354 cantantur,
1578 2303 1707 2341 cum
1750 2287 1816 2340 li-

125 2373 285 2444 quida
305 2389 440 2427 voce
461 2377 517 2428 et
535 2373 1068 2428 convenientissima
1091 2375 1476 2430 modulatione
1496 2379 1816 2444 cantantur,

128 2477 380 2533 magnam
409 2461 659 2516 instituti
688 2462 860 2534 hujus
889 2462 1196 2518 utilitatem
1229 2480 1422 2518 rursus
1454 2465 1814 2535 agnoscebat.

126 2551 255 2606 Cum
283 2555 479 2605 autem
501 2550 609 2605 sibi
630 2551 928 2618 accideret,
952 2556 1016 2606 ut
1040 2551 1227 2623 ipsum
1249 2553 1378 2627 plus
1398 2557 1615 2620 cantus,
1645 2569 1817 2624 quam

73 2644 82 2654 '
128 2656 207 2693 res
235 2655 362 2710 quae
391 2639 620 2694 canitur
645 2645 928 2708 moveret;
962 2641 1266 2712 poenaliter
1294 2659 1352 2696 se
1386 2658 1618 2712 peccare
1644 2657 1820 2712 agno-

125 2729 323 2797 scebat,
349 2734 407 2783 et
436 2733 575 2783 tunc
598 2729 794 2783 mallet
812 2745 928 2783 non
960 2730 1155 2785 audire
1185 2734 1527 2784 cantantem.
1563 2734 1695 2786 Ecce
1725 2731 1820 2784 ubi

125 2834 251 2884 sum,
285 2817 402 2872 ait:
433 2821 554 2886 ﬂete
582 2834 802 2885 mecum,
836 2823 886 2873 et
910 2835 1012 2888 pro
1049 2834 1132 2873 me
1156 2819 1296 2884 ﬂete,
1328 2821 1426 2889 qui
1453 2819 1666 2888 aliquid
1696 2820 1820 2874 boni

126 2906 378 2961 vobiscum
421 2908 570 2961 intus
617 2909 785 2975 agitis
822 2907 964 2961 unde
1002 2910 1156 2975 facta
1195 2908 1512 2978 procedunt.
1547 2910 1688 2964 Nam
1724 2910 1822 2978 qui

128 3010 222 3049 non
259 2997 445 3064 agitis,
495 3011 602 3050 non
645 3010 738 3051 vos
787 2996 894 3050 haec
932 3000 1141 3050 movent
1189 2996 1385 3066 (Ibid,
1439 3011 1494 3050 η.
1546 2995 1655 3066 50).
1707 2997 1816 3051 Re-

127 3082 343 3138 sistebat
386 3099 621 3155 quoque
667 3084 1090 3139 seductionibus
1148 3085 1468 3151 oculorum,
1523 3089 1580 3138 et
1632 3085 1817 3155 erige-

127 3170 213 3225 bat
239 3172 306 3226 ad
356 3173 540 3227 Deum
588 3172 904 3228 invisibiles
948 3174 1160 3228 oculos.
1211 3174 1275 3229 Et
1312 3173 1544 3246 quidem
1581 3174 1820 3246 pulchra

127 3261 346 3332 trajecta
373 3277 478 3333 per
519 3261 741 3316 animas
786 3261 846 3316 in
877 3279 1080 3317 manus
1117 3262 1449 3318 artiﬁciosas
1479 3266 1712 3318 noverat
1748 3263 1817 3318 ab

127 3346 216 3402 illa
249 3349 680 3420 pulchritudine
719 3349 934 3418 venire,
968 3367 1096 3422 quae
1136 3367 1306 3423 super
1333 3351 1553 3406 animas
1592 3355 1694 3419 est,
1727 3351 1819 3406 cui

133 3437 444 3508 suspirabat
473 3438 667 3494 anima
706 3439 830 3511 ejus
859 3439 948 3495 die
993 3455 1058 3494 ac
1099 3444 1284 3496 nocte.
1319 3440 1502 3496 Etiam
1537 3439 1662 3494 istis
1689 3441 1818 3511 pul-

129 3524 266 3579 chris
293 3542 552 3597 gressum
594 3527 936 3593 innectebat,
973 3544 1146 3594 quem
1186 3530 1336 3584 Deus
1364 3529 1680 3584 evellebat:
1721 3545 1816 3582 ca-

130 3611 377 3682 piebatur
406 3613 831 3682 miserabiliter,
860 3619 918 3670 et
946 3617 1093 3671 Deus
1120 3617 1399 3672 evellebat
1434 3616 1816 3672 misericordi-

128 3703 232 3768 ter;
262 3702 567 3774 aliquando
605 3720 722 3758 non
762 3704 1122 3772 sentientem,
1155 3705 1290 3777 quia
1318 3705 1648 3777 suspensius
1674 3704 1816 3759 inci-

132 3788 302 3857 derat;
347 3791 662 3864 aliquando
713 3808 844 3847 cum
894 3793 1114 3861 dolore,
1166 3793 1301 3862 quia
1342 3794 1464 3865 jam
1512 3795 1820 3849 inhaeserat

132 3875 305 3948 (lbid.,
335 3896 459 3951 cap.
488 3881 577 3948 34,
607 3897 698 3935 nn.
725 3884 816 3950 52,
845 3881 954 3952 53).
978 3883 1104 3936 lam
1126 3881 1173 3936 si
1203 3882 1273 3937 de
1302 3882 1640 3937 curiositatis
1664 3898 1818 3936 mor-

132 3964 192 4018 bo
220 3967 420 4039 agitur,
454 3968 636 4023 multa
665 3969 1005 4039 praeciderat
1034 3974 1092 4025 et
1120 3987 1150 4024 a
1181 3987 1284 4025 suo
1314 3971 1480 4026 corde
1507 3970 1818 4041 dispulerat

131 4056 468 4127 Augustinus
497 4083 508 4111 ε
553 4073 670 4111 non
710 4061 907 4112 tamen
942 4059 1188 4113 audebat
1231 4058 1438 4126 dicere,
1470 4059 1630 4113 nulla
1667 4075 1728 4112 re
1759 4075 1817 4112 se

132 4141 397 4200 intentum
437 4143 564 4199 ﬁeri
608 4145 677 4200 ad
716 4147 1087 4217 spectandum
1131 4151 1187 4200 et
1215 4163 1361 4200 vana
1407 4163 1544 4202 cura
1587 4147 1816 4218 capien-

133 4230 271 4287 dum.
316 4235 461 4289 Eum
485 4233 608 4304 jam
656 4234 878 4289 theatra
923 4251 1042 4289 non
1089 4234 1408 4306 rapiebant,
1441 4252 1544 4290 nec
1583 4237 1818 4291 curabat

133 4333 281 4375 nosse
335 4321 612 4377 transitus
663 4323 944 4391 siderum;
995 4339 1100 4378 nec
1150 4323 1340 4379 anima
1385 4325 1506 4396 ejus
1561 4341 1816 4397 unquam

132 4422 386 4478 responsa
415 4410 679 4483 quaesivit
706 4411 1072 4480 umbrarum;
1106 4412 1302 4468 omnia
1331 4414 1605 4486 sacrilega
1631 4430 1816 4468 sacra-

133 4503 311 4552 menta
339 4499 744 4556 detestabatur.
788 4501 1010 4572 Agebat
1047 4507 1240 4557 autem
1269 4502 1557 4569 inimicus,
1589 4503 1818 4575 quantis

134 4589 341 4652 poterat
368 4589 803 4660 suggestionum
841 4590 1379 4659 machinationibus,
1411 4608 1540 4647 cum
1573 4608 1662 4659 eo,
1692 4596 1756 4647 ut
1785 4608 1818 4647 a

137 4670 238 4727 Deo
266 4675 491 4747 signum
519 4675 754 4750 aliquod
783 4682 1007 4748 peteret
1034 4695 1048 4734 :
1082 4681 1179 4734 sed
1210 4696 1242 4734 a
1266 4683 1460 4734 sancto
1489 4680 1618 4734 Viro
1646 4680 1817 4752 longe

135 4765 244 4815 erat
270 4761 375 4817 ista
415 4765 710 4820 consensio
754 4766 936 4837 (Ibid,
971 4783 1090 4837 cap.
1133 4770 1221 4835 35,
1262 4783 1318 4821 η.
1362 4769 1470 4838 56).
1517 4768 1815 4823 Verumta-

137 4862 253 4903 men
282 4851 340 4905 in
366 4853 560 4908 multis
581 4854 982 4910 minutissimis
1007 4856 1179 4910 rebus
1208 4855 1506 4910 curiositas
1528 4856 1650 4926 ejus
1680 4873 1819 4928 quo-

138 4935 259 4992 tidie
286 4942 628 5010 tentabatur,
661 4947 718 4998 et
746 4959 896 5015 saepe
926 4943 1242 5000 labebatur.
1274 4943 1492 5015 Saepius
1520 4949 1816 4999 narrantes

138 5021 312 5082 inania
341 5030 528 5100 primo
553 5031 718 5103 quasi
745 5032 1045 5101 tolerabat,
1076 5048 1150 5088 ne
1183 5033 1497 5088 offenderet
1523 5032 1814 5103 inﬁmos;

141 5111 324 5172 deinde
347 5119 622 5190 paulatim
660 5120 902 5176 libenter
937 5122 1282 5177 advertebat.
1329 5123 1540 5177 Canem
1582 5137 1814 5176 curren-

143 5203 243 5256 tem
269 5211 393 5275 post
419 5208 675 5280 leporem
697 5210 818 5282 jam
849 5226 966 5265 non
996 5211 1284 5282 spectabat
1303 5226 1434 5265 cum
1459 5209 1521 5264 in
1540 5209 1688 5265 circo
1714 5211 1815 5265 ﬁe-

145 5294 250 5345 ret:
284 5299 339 5348 at
363 5312 498 5352 vero
522 5297 584 5352 in
614 5313 775 5370 agro,
807 5298 854 5352 si
883 5315 1016 5354 casu
1044 5299 1335 5367 transiret,
1367 5299 1655 5354 avertebat
1683 5315 1816 5354 eum

145 5374 375 5439 fortassis
404 5390 461 5441 et
488 5387 557 5441 ab
591 5387 785 5458 aliqua
822 5403 1030 5459 magna
1058 5389 1421 5460 cogitatione,
1455 5392 1626 5460 atque
1657 5387 1728 5443 ad
1757 5404 1816 5443 se

147 5473 492 5530 convertebat
518 5474 618 5530 illa
643 5475 894 5544 venatio,
926 5492 1043 5531 non
1074 5476 1303 5548 quidem
1345 5475 1568 5531 deviare
1607 5492 1814 5548 cogens

145 5565 355 5625 corpore
377 5561 618 5632 jumenti
661 5562 753 5619 cui
792 5563 937 5620 forte
975 5563 1266 5630 insideret,
1297 5564 1396 5620 sed
1425 5562 1610 5621 cordis
1651 5563 1787 5622 incli

1561 305 1771 362 LIBER
1823 303 2181 372 QUARTUS.

3527 316 3632 370 218

1935 430 2188 487 natione.
2230 430 2371 485 Eum
2411 445 2638 502 quoque
2677 429 2832 484 domi
2873 431 3165 488 sedentem
3195 433 3380 489 stellio
3409 451 3632 492 muscas

1932 523 2181 589 captans,
2215 520 2304 574 vel
2342 535 2550 574 aranea
2591 518 2804 573 retibus
2841 519 2958 574 suis
2995 521 3278 576 irruentes
3305 522 3625 594 implicans,

1929 606 2211 662 intentum
2253 608 2510 662 faciebat.
2559 609 2840 679 Pergebat
2885 609 3119 681 quidem
3165 611 3237 665 ad
3280 612 3628 670 laudandum

1931 697 2130 760 Deum,
2216 699 2528 750 creatorem
2605 696 2910 750 miriﬁcum
2992 702 3165 769 atque
3247 699 3630 757 ordinatorem

1929 785 2208 852 omnium,
2256 786 2352 839 sed
2395 801 2511 839 non
2558 785 2690 840 inde
2737 785 2991 840 intentus
3023 803 3143 841 esse
3187 786 3513 859 incipiebat.
3566 792 3633 845 Et

1924 875 2130 928 talibus
2189 873 2304 928 vita
2373 874 2495 944 ejus
2549 874 2721 944 plena
2776 879 2916 937 erat,
2987 879 3043 929 et
3103 892 3220 930 una
3275 893 3403 948 spes
3478 877 3622 949 ejus,

1926 979 2130 1036 magna
2175 963 2337 1018 valde
2393 962 2778 1017 misericordia
2829 963 2927 1017 Dei
2983 963 3170 1036 (Ibid,
3230 982 3291 1020 n.
3358 968 3469 1032 57).
3531 968 3627 1022 Sa-

1925 1057 2157 1107 navcrat
2225 1051 2490 1124 primitus
2560 1067 2690 1106 eum
2746 1054 2894 1106 Deus
2949 1068 2984 1107 a
3036 1053 3274 1110 libidine
3333 1055 3626 1110 vindican-

1924 1142 2029 1196 di:
2083 1157 2196 1211 quo
2256 1139 2538 1212 propitius
2612 1141 2777 1194 ﬁeret
2831 1141 3003 1196 etiam
3077 1144 3293 1199 caeteris
3362 1146 3631 1201 omnibus

1924 1224 2046 1295 ejus
2076 1225 2498 1297 iniquitatibus.
2539 1225 2964 1296 Compresserat
2991 1241 3025 1280 a
3051 1226 3259 1282 timore
3288 1245 3390 1282 suo
3431 1245 3628 1300 super-

1924 1312 2076 1368 biam
2109 1313 2248 1384 ejus,
2283 1319 2338 1369 et
2366 1314 2814 1369 mansuefecerat
2837 1313 2978 1386 jugo
3009 1331 3110 1370 suo
3148 1316 3425 1372 cervicem
3471 1319 3628 1389 ejus;

1923 1400 2001 1454 ita
2023 1407 2083 1456 ut
2090 1402 2212 1473 jam
2234 1402 2378 1457 illud
2401 1402 2652 1475 portanti
2671 1403 2799 1457 lene
2811 1407 2960 1458 esset
2979 1405 3168 1475 (Ibid,
3187 1421 3307 1476 cap.
3335 1408 3422 1472 36,
3443 1422 3499 1461 η.
3520 1407 3626 1476 58).

1925 1490 2034 1546 Sed
2085 1491 2266 1546 laudis
2303 1491 2572 1546 humanae
2621 1492 2935 1548 tentatione
2977 1493 3234 1565 quotidie
3278 1495 3626 1561 tentabatur,

1925 1579 2048 1634 sine
2073 1580 2386 1636 cessatione
2415 1581 2758 1637 tentabatur.
2796 1584 2874 1637 Tu
2901 1585 3064 1643 nosti,
3098 1582 3284 1654 inquit
3325 1583 3398 1638 ad
3426 1585 3630 1653 Deum,

1927 1667 1991 1722 de
2011 1669 2110 1723 hac
2139 1685 2198 1724 re
2227 1669 2302 1723 ad
2330 1673 2380 1723 te
2407 1671 2664 1739 gemitum
2692 1670 2868 1726 cordis
2897 1674 3002 1726 mei
3029 1675 3078 1726 et
3105 1673 3333 1740 ﬂumina
3361 1673 3632 1726 oculorum

1925 1772 2179 1812 meorum.
2213 1759 2392 1826 Neque
2432 1760 2573 1812 enim
2621 1760 2788 1826 facile
2831 1760 3040 1826 colligo,
3083 1775 3246 1827 quam
3275 1761 3376 1813 sim
3423 1760 3492 1814 ab
3522 1763 3632 1815 ista

1922 1850 2069 1915 peste
2098 1847 2441 1912 mundatior;
2469 1851 2518 1901 et
2545 1847 2771 1901 multum
2803 1849 2958 1901 timeo
2989 1849 3196 1901 occulta
3221 1863 3358 1914 mea,
3392 1863 3510 1917 qua
3532 1863 3630 1903 no-

1925 1939 2054 1987 runt
2073 1935 2215 1988 oculi
2239 1936 2340 1999 tui,
2367 1936 2473 1988 mei
2489 1939 2667 1988 autem
2690 1950 2815 1990 non.
2840 1935 3140 1991 Contr-ister
3171 1936 3470 2004 aliquando
3509 1938 3629 1991 lau-

1927 2023 2086 2077 dibus
2113 2025 2267 2090 meis,
2298 2039 2417 2077 cum
2442 2024 2526 2077 vel
2566 2039 2628 2077 ea
2669 2023 2967 2077 laudantur
3002 2026 3060 2077 in
3087 2039 3169 2078 me
3205 2026 3261 2077 in
3293 2025 3488 2093 quibus
3517 2028 3633 2094 ipse

1925 2113 2062 2165 mihi
2098 2111 2389 2180 displiceo;
2418 2112 2501 2166 vel
2541 2113 2704 2166 etiam
2751 2112 2889 2166 bona
2916 2113 3129 2166 minora
3172 2117 3223 2167 et
3263 2114 3404 2168 levia
3443 2115 3624 2183 pluris

1925 2202 2283 2266 aestimantur,
2307 2215 2472 2270 quam
2497 2200 2819 2254 aestimanda
2848 2206 2992 2255 sunt.
3025 2200 3131 2256 Sed
3148 2216 3338 2255 rursus
3363 2202 3505 2256 unde
3523 2205 3630 2257 scio

1927 2303 1998 2342 an
2023 2291 2314 2356 prapterea
2342 2285 2420 2341 sic
2449 2289 2684 2356 afﬁcior,
2707 2289 2840 2357 quia
2867 2289 2988 2342 nolo
3016 2288 3083 2342 de
3112 2305 3192 2342 me
3208 2291 3326 2358 ipso
3355 2305 3390 2343 a
3407 2305 3497 2344 me
3523 2291 3633 2344 dis-

1927 2377 2125 2431 sentire
2153 2375 2489 2430 laudatorem
2527 2391 2729 2440 meum;
2762 2391 2868 2429 non
2908 2377 3040 2444 quia
3069 2377 3216 2430 illius
3256 2379 3493 2432 utilitate
3519 2393 3633 2432 mo-

1926 2480 2068 2527 veor,
2100 2464 2194 2518 sed
2222 2466 2356 2534 quia
2383 2464 2569 2518 eadem
2599 2464 2737 2518 bona
2767 2479 2884 2533 quae
2911 2465 3051 2518 mihi
3071 2467 3128 2518 in
3165 2481 3246 2519 me
3270 2466 3506 2534 placent,
3531 2467 3628 2535 ju-

1927 2552 2198 2608 cundiora
2224 2554 2360 2606 mihi
2387 2557 2514 2606 sunt
2542 2568 2662 2606 cum
2689 2557 2740 2607 et
2765 2554 2925 2607 alteri
2943 2554 3201 2622 placent?
3230 2554 3397 2609 Video
3424 2569 3528 2608 non
3549 2569 3633 2611 me

1928 2641 2181 2696 laudibus
2200 2644 2332 2696 meis
2355 2646 2576 2712 propter
2593 2657 2692 2710 me,
2722 2643 2817 2696 sed
2831 2647 3054 2712 propter
3068 2645 3314 2712 proximi
3338 2645 3632 2698 utilitatem

1927 2733 2128 2784 moveri
2161 2735 2428 2800 oportere.
2480 2733 2551 2785 Et
2587 2735 2771 2785 utrum
2812 2733 2894 2784 ita
2939 2733 3060 2798 scit,
3090 2734 3282 2786 nescio.
3319 2733 3501 2787 Sermo
3543 2747 3632 2786 ore

1923 2818 2230 2887 procedens,
2257 2823 2308 2873 et
2343 2820 2496 2885 facta
2537 2834 2656 2888 quae
2696 2820 3032 2874 innotescunt
3071 2821 3392 2889 hominibus,
3436 2821 3631 2875 habent

1929 2909 2271 2961 tentationem
2302 2908 2816 2976 periculosissimum
2857 2909 2924 2962 ab
2963 2923 3142 2963 amore
3179 2909 3379 2976 laudis,
3422 2911 3520 2979 qui
3557 2910 3632 2963 ad

1923 2998 2202 3064 privatam
2241 2996 2536 3064 quamdam
2577 2997 2947 3051 encellentiam
2989 2999 3260 3052 contrahit
3297 2998 3629 3053 emendicata

1927 3085 2230 3154 suffragia;
2264 3088 2436 3139 tentat
2465 3087 2514 3138 et
2543 3099 2664 3139 cum
2708 3100 2743 3138 a
2786 3100 2868 3139 me
2911 3087 2971 3139 in
2998 3100 3080 3139 me
3108 3087 3385 3154 arguitur,
3414 3101 3472 3140 eo
3509 3088 3626 3155 ipso

1928 3188 2032 3242 quo
2069 3174 2357 3241 arguitur;
2397 3176 2447 3226 et
2487 3187 2624 3241 saepe
2669 3173 2821 3227 homo
2850 3173 2916 3227 de
2944 3175 3063 3242 ipso
3101 3188 3254 3228 vane
3281 3175 3468 3240 gloria:
3504 3189 3628 3228 con-

1930 3265 2132 3331 temptu
2159 3263 2353 3316 vanius
2376 3262 2646 3328 gloriatur
2677 3261 2862 3330 (Ibid.,
2891 3277 3010 3332 cap.
3041 3265 3130 3329 3'7,
3159 3277 3214 3316 n.
3241 3263 3454 3331 60-63).
3482 3261 3632 3316 Alibi

1929 3351 2102 3405 etiam
2146 3349 2286 3422 quid
2327 3350 2398 3404 ab
2436 3350 2690 3404 humana
2718 3349 2884 3405 laude
2921 3349 3139 3417 timeat,
3171 3366 3270 3405 cur
3305 3367 3431 3405 eam
3460 3351 3629 3421 plane

1928 3455 2043 3494 non
2075 3439 2310 3505 abnuat,
2343 3441 2443 3492 aut
2479 3454 2594 3510 qua
2628 3437 2853 3493 ratione
2882 3438 3016 3493 inde
3049 3438 3346 3506 afﬁciatur,
3384 3439 3633 3493 declarat

1927 3528 1985 3582 in
2029 3527 2182 3582 hunc
2229 3526 2512 3581 modum:
2561 3528 2866 3582 Periculum
2912 3543 3086 3582 meum
3131 3533 3230 3596 est,
3263 3529 3313 3582 si
3353 3527 3632 3582 attendam

1927 3617 2186 3686 quomodo
2229 3615 2488 3682 laudatis,
2515 3619 2565 3669 et
2594 3616 2927 3671 dissimulem
2975 3617 3233 3685 quomodo
3269 3618 3487 3671 vivatis.
3538 3616 3633 3670 Ille

1927 3709 2105 3758 autem
2148 3705 2315 3769 novit,
2370 3703 2468 3758 sub
2506 3704 2658 3772 cujus
2705 3705 2872 3758 oculis
2925 3704 3132 3773 loquor,
3178 3706 3284 3758 imo
3329 3705 3427 3759 sub
3476 3705 3632 3773 cujus

1926 3793 2092 3847 oculis
2113 3793 2300 3858 cogito,
2324 3807 2430 3846 non
2450 3807 2532 3846 me
2558 3796 2668 3845 tam
2696 3791 2954 3846 delectari
2970 3791 3224 3846 laudibus
3249 3793 3628 3861 popularibus,

1927 3895 2090 3949 quam
2121 3880 2400 3934 stimulari
2423 3883 2472 3933 et
2501 3881 2634 3946 angi
2663 3879 2923 3947 quomodo
2941 3882 3130 3934 vivant
3159 3881 3256 3950 qui
3272 3896 3352 3933 me
3377 3881 3626 3935 laudant.

1925 3968 2174 4024 Laudari
2201 3972 2380 4022 autem
2419 3983 2455 4022 a
2493 3968 2632 4022 male
2668 3968 2970 4023 viventibus
2997 3969 3135 4032 nolo,
3171 3969 3450 4036 abhorreo,
3485 3969 3628 4023 dete-

1925 4060 2069 4112 stor:
2110 4057 2286 4112 dolori
2321 4057 2459 4112 mihi
2487 4060 2585 4123 est,
2615 4071 2722 4111 non
2764 4057 3052 4126 voluptati.
3097 4056 3347 4112 Laudari
3382 4061 3560 4111 autem
3596 4071 3634 4109 a

1928 4147 2053 4201 bene
2075 4147 2397 4212 viventibus,
2433 4147 2484 4200 si
2523 4146 2701 4200 dicam
2734 4147 2874 4212 nolo,
2907 4147 3166 4211 mentior;
3196 4147 3247 4200 si
3276 4146 3453 4200 dicam
3489 4146 3627 4212 volo,

1926 4236 2080 4290 timeo
2099 4250 2165 4288 ne
2185 4236 2287 4288 sim
2309 4233 2603 4290 inanitatis
2625 4236 2983 4304 appetentior,
3005 4249 3170 4302 quam
3188 4234 3503 4289 soliditatis.
3527 4237 3633 4288 Er-

1925 4339 1991 4392 go
2038 4323 2172 4392 quid
2215 4323 2440 4380 dicam?
2483 4325 2585 4380 Nec
2619 4325 2772 4393 plene
2809 4324 2946 4386 volo,
2992 4338 3086 4378 nec
3129 4324 3283 4392 plene
3323 4324 3463 4378 nolo.
3511 4325 3632 4379 Non

1922 4412 2078 4480 plene
2112 4413 2250 4476 volo,
2289 4427 2356 4466 ne
2394 4414 2452 4466 in
2499 4411 2660 4467 laude
2705 4413 2943 4466 humana
2979 4413 3284 4483 pericliter;
3334 4427 3441 4466 non
3471 4412 3632 4481 plene

1878 4501 1888 4519 ‘
1924 4501 2064 4567 nolo,
2095 4516 2160 4554 ne
2187 4502 2400 4568 ingrati
2425 4502 2538 4555 sint
2578 4500 2774 4570 quibus
2810 4500 3049 4569 pradico
3081 4500 3272 4570 (Serm.
3305 4503 3430 4567 339,
3463 4516 3514 4553 η.
3552 4500 3627 4571 1).

1927 4590 2242 4657 Postremo,
2270 4589 2421 4658 quod
2444 4588 2517 4643 ad
2546 4587 2686 4643 illud
2710 4588 2865 4642 aliud
2891 4588 3219 4643 tentationis
3246 4589 3484 4657 malum,
3515 4604 3630 4660 quo

1927 4678 2263 4733 inanescunt
2291 4676 2391 4748 qui
2437 4678 2664 4748 placent
2694 4676 2803 4732 sibi
2842 4675 2913 4731 de
2955 4693 3038 4746 se,
3078 4679 3174 4731 aut
3215 4676 3284 4731 de
3335 4676 3434 4731 Dei
3462 4676 3632 4732 bonis

1924 4766 2089 4838 quasi
2116 4766 2255 4832 suis,
2282 4769 2382 4821 aut
2401 4770 2678 4836 tanquam
2702 4781 2770 4819 ex
2797 4764 3017 4820 meritis
3040 4765 3176 4832 suis,
3205 4768 3303 4820 aut
3322 4766 3475 4820 velut
3503 4764 3631 4820 aliis

1926 4855 2240 4932 invidentes
2267 4871 2354 4922 ea,
2387 4853 2740 4908 afﬁciebatur
2768 4853 2890 4924 ipse
2918 4858 3168 4909 tremore
3198 4853 3402 4920 cordis,
3429 4857 3485 4908 et
3515 4855 3632 4909 vul-

1924 4960 2062 4999 nera
2092 4960 2194 4999 sua
2221 4942 2404 5014 magis
2435 4941 2674 4998 subinde
2713 4958 2746 4996 a
2774 4943 2890 4998 Deo
2923 4942 3132 5011 sanari,
3166 4958 3341 5015 quam
3371 4941 3480 4997 sibi
3509 4958 3628 4996 non

1925 5031 2112 5103 inﬂigi
2142 5030 2423 5086 sentiebat
2453 5030 2884 5101 (Confessionum
2906 5031 3001 5086 lib.
3039 5034 3125 5100 10,
3153 5047 3273 5101 cap.
3309 5034 3397 5099 39,
3424 5047 3480 5085 η.
3513 5031 3632 5100 65.)

1993 5123 2047 5176 2.
2092 5119 2196 5175 Ubi
2225 5136 2284 5174 se
2316 5119 2548 5190 agnovit
2575 5119 2979 5191 confessusque
3011 5123 3097 5174 est
3137 5123 3364 5174 sanctus
3394 5117 3626 5186 Episco-

1924 5225 2032 5280 pus
2070 5208 2159 5262 his
2196 5207 2381 5262 omnis
2425 5207 2650 5279 generis
2683 5207 2926 5280 peccatis
2974 5207 3305 5272 obnoxium,
3347 5202 3626 5276 quidquid

1926 5297 2157 5353 tandem
2183 5297 2281 5352 alii
2308 5297 2378 5352 de
2405 5299 2527 5369 ejus
2555 5297 2840 5368 probitate
2871 5313 2934 5352 ac
2956 5296 3160 5352 merito
3188 5294 3450 5358 sentiant,
3482 5292 3628 5346 adeo

1926 5403 2044 5441 non
2083 5386 2498 5442 contemnenda
2536 5386 2635 5441 illa
2675 5386 2934 5450 ducebat,
2983 5389 3048 5440 ut
3074 5383 3265 5455 potius
3302 5383 3538 5435 testatur
3563 5395 3628 5435 se-

1928 5479 2088 5530 tanto
2131 5476 2338 5530 timore
2384 5491 2723 5530 concussum
2771 5474 2964 5540 fuisse,
3004 5477 3070 5527 ut
3107 5472 3176 5526 de
3207 5467 3534 5539 arripienda
3564 5467 3624 5523 in

1931 5563 2297 5621 solitudinem
2335 5563 2470 5636 fuga
2507 5561 2789 5642 cogitarit.
2830 5561 3162 5618 Conterritus
3209 5558 3440 5638 peccatis
3475 5559 3624 5624 meis.
