4060 6374
398 274 499 326 219

395 393 607 466 inquit;
635 395 686 448 et
711 391 847 448 mole
873 393 1105 448 miseria
1139 407 1285 462 mea,
1312 395 1651 463 agitaveram
1687 396 1748 448 in
1783 392 1959 460 corde,
1982 407 2099 447 me-

394 485 708 552 ditatusque
728 485 944 550 fueram
961 484 1156 552 fugam
1181 485 1238 538 in
1257 483 1630 550 solitudinem;
1657 483 1752 538 sed
1765 483 2101 554 prohibuisti

396 590 494 641 me,
525 577 574 628 et
602 573 933 642 conﬁrmasti
959 587 1040 626 me
1068 572 1248 626 dicens
1282 587 1295 626 :
1331 589 1358 621 α
1388 571 1514 626 Ideo
1539 587 1641 641 pro
1667 571 1911 625 omnibus
1941 571 2096 626 Chri-

395 668 509 718 stus
529 666 770 717 mortuus
795 665 873 715 est
890 665 951 715 ut
971 663 1068 730 qui
1084 663 1291 726 vivunt,
1309 661 1428 730 jam
1450 675 1555 714 non
1575 661 1682 715 sibi
1700 662 1914 726 vivant,
1937 659 2031 713 sed
2051 660 2101 712 ei

397 753 494 822 qui
518 765 618 821 pro
638 751 774 820 ipsis
803 753 1044 804 mortuus
1073 754 1149 804 est
1181 748 1250 820 (ll
1279 751 1398 807 Cor.
1431 766 1485 815 v,
1512 748 1620 818 14).
1654 747 1805 802 Nihil
1828 764 1964 818 ergo
1991 746 2099 801 sibi

398 839 682 910 reliquum
712 853 833 892 esse
863 835 1145 909 cognovit,
1180 836 1292 890 nisi
1329 841 1395 891 ut
1435 835 1494 890 in
1525 837 1706 892 Deum
1729 836 1973 906 jactaret
2000 851 2096 890 cu-

399 944 518 983 ram
556 943 737 994 suam,
769 931 834 981 ut
857 925 1071 980 viveret
1107 925 1534 994 (Confessionum
1565 926 1659 980 lib.
1714 927 1798 992 10,
1829 926 1968 994 'eap.
2005 926 2097 991 43,

396 1033 448 1072 η.
481 1015 592 1086 70).
626 1017 788 1070 Filios
818 1020 955 1083 tuos,
989 1014 1088 1082 ait,
1114 1030 1224 1070 esse
1250 1015 1471 1069 voluisti
1507 1014 1748 1069 dominos
1781 1029 1942 1080 meos,
1972 1015 2097 1082 qui-

396 1105 493 1160 bus
514 1105 737 1175 jussisti
761 1108 824 1159 ut
868 1106 1122 1167 serviam,
1157 1105 1209 1159 si
1243 1104 1361 1158 volo
1391 1108 1560 1158 tecum
1603 1103 1667 1157 de
1710 1106 1758 1157 te
1787 1103 1986 1156 vivere.
2027 1103 2099 1157 Et

396 1195 490 1248 hoc
527 1194 665 1248 mihi
699 1193 920 1247 verbum
949 1197 1099 1247 tuum
1135 1207 1331 1262 parum
1359 1195 1496 1254 erat,
1529 1193 1579 1246 si
1607 1191 1868 1260 loquendo
1904 1192 2098 1261 preci-

394 1286 562 1352 peret,
594 1284 705 1338 nisi
733 1287 781 1337 et
797 1283 1051 1349 faciendo
1069 1283 1309 1351 praeiret.
1338 1284 1407 1336 Et
1434 1297 1528 1350 ego
1549 1281 1610 1335 id
1627 1296 1728 1350 ago
1749 1283 1916 1349 factis
1939 1286 1990 1336 et
2017 1281 2101 1336 di-

395 1374 526 1439 ctis;
556 1371 618 1426 id
664 1386 765 1439 ago
794 1371 891 1426 sub
921 1372 1025 1425 alis
1069 1372 1178 1426 tuis
1224 1371 1385 1424 nimis
1427 1385 1546 1424 cum
1589 1371 1800 1438 ingenti
1837 1371 2095 1440 periculo,

398 1461 511 1515 nisi
536 1461 670 1530 quia
695 1459 794 1515 sub
823 1460 927 1514 alis
955 1460 1063 1514 tuis
1085 1459 1191 1513 sibi
1216 1458 1439 1514 subdita
1462 1463 1538 1513 est
1557 1460 1742 1513 anima
1766 1473 1906 1525 mea,
1932 1462 1982 1512 et
2012 1459 2097 1512 in-

393 1550 627 1617 ﬁrmitas
651 1565 767 1604 mea
797 1549 899 1604 tibi
925 1552 1053 1602 nota
1077 1551 1155 1602 est
1184 1547 1370 1618 (Ibid.,
1399 1561 1521 1617 cap.
1553 1549 1608 1616 4,
1638 1563 1696 1602 n.
1731 1547 1804 1618 6).
1841 1546 2099 1618 Denique

394 1635 482 1691 vix
531 1637 836 1709 aliquando
883 1637 1185 1703 sufﬁceret,
1227 1640 1294 1691 ut
1337 1635 1492 1704 dicit,
1538 1637 1757 1690 calamo
1801 1635 2100 1690 enuntiare

393 1725 586 1781 omnia
616 1726 716 1781 Dei
742 1727 1124 1793 hortamenta,
1155 1740 1355 1780 omnes
1394 1730 1641 1780 terrores
1671 1729 1730 1780 et
1755 1723 2097 1779 consolatio-

393 1831 494 1870 nes
524 1819 580 1871 et
606 1815 1071 1887 gubernationes,
1103 1814 1311 1886 quibus
1340 1830 1472 1868 eum
1513 1814 1583 1869 ad
1615 1813 1969 1868 subeundam
1998 1829 2098 1884 pa-

392 1903 618 1959 storalis
669 1903 844 1959 ofﬁcii
901 1903 1182 1958 sarcinam
1239 1901 1508 1975 perduxit
1578 1903 1766 1974 (Ibid.,
1835 1903 1928 1957 lib.
2011 1906 2097 1972 11,

392 2009 512 2064 cap.
539 1995 594 2063 2,
623 2007 679 2047 η.
719 1992 800 2063 2).
841 1992 918 2046 Eo
957 1991 1296 2046 constitutus
1324 1991 1470 2058 loco,
1501 2007 1632 2045 cum
1662 1990 1722 2045 in
1752 1990 1944 2046 divina
1973 1990 2099 2061 lege

393 2080 655 2138 meditari
683 2079 822 2136 olim
851 2080 1252 2149 inardesceret,
1281 2080 1515 2135 nolebat
1537 2079 1596 2133 in
1617 2079 1773 2135 aliud
1797 2080 1968 2134 horas
1993 2079 2098 2134 dif-

395 2171 596 2238 ﬂuere,
630 2186 772 2242 quas
818 2186 852 2224 a
881 2167 1314 2224 necessitatibus
1343 2167 1459 2222 sive
1505 2167 1798 2222 reﬁciendi
1846 2166 2100 2239 corporis

394 2259 503 2327 sui,
544 2259 661 2314 sive
707 2257 991 2313 serviendi
1028 2256 1361 2312 hominibus
1408 2272 1559 2311 cura:
1609 2272 1727 2311 suae.
1763 2255 2098 2323 commissis,

397 2348 606 2404 liberas
647 2345 976 2402 inveniebat
1007 2362 1021 2400 :
1071 2345 1321 2401 maxime
1351 2361 1482 2400 cum
1512 2361 1570 2400 se
1601 2344 1885 2416 ejusmodi
1914 2344 2100 2400 studio

395 2454 515 2492 non
566 2435 678 2492 sibi
731 2435 861 2506 soli,
918 2434 1013 2490 sed
1066 2435 1332 2490 fraterna:
1384 2433 1648 2489 eharitati
1703 2434 1872 2489 simul
1923 2433 2098 2504 prod-

395 2541 514 2579 esse
569 2527 810 2595 optaret.
861 2523 1042 2579 Castae
1107 2522 1328 2578 delicias
1387 2521 1568 2594 ipsius
1631 2526 1793 2578 erant
1850 2521 2102 2593 Scriptu-

394 2629 474 2667 τω
523 2611 653 2679 Dei;
703 2612 864 2683 cujus
905 2627 1013 2666 vox
1061 2610 1240 2682 ipsius
1295 2610 1594 2682 gaudium,
1643 2610 1808 2682 cujus
1856 2627 1965 2666 vox
2018 2609 2100 2664 illi

395 2704 520 2756 erat
573 2715 746 2772 super
808 2699 1158 2754 afﬂuentiam
1226 2700 1591 2771 voluptatum
1660 2699 1845 2771 (Ibid.,
1901 2715 1958 2754 η.
2020 2700 2098 2770 3).

395 2791 784 2861 Praeterquam
827 2789 982 2861 quod
1019 2788 1082 2843 in
1129 2805 1323 2843 rerum
1369 2788 1542 2844 etiam
1585 2791 1907 2844 creatarum
1959 2804 2102 2843 con-

395 2877 740 2934 sideratione
791 2879 969 2934 Deum
1029 2894 1315 2950 quaerens,
1381 2894 1446 2933 ac
1502 2878 1573 2934 de
1633 2876 1912 2934 omnibus
1969 2893 2100 2932 eum

395 2967 714 3035 consulens,
747 2983 821 3021 an
850 2966 983 3035 sint,
1013 2967 1155 3039 quid
1193 2966 1328 3032 sint,
1357 2970 1414 3022 et
1449 2966 1654 3038 quanti
1683 2983 1930 3039 queque
1959 2983 2100 3039 pen—

393 3045 579 3110 denda
612 3055 746 3120 sint,
779 3055 1048 3111 audiebat
1081 3055 1365 3111 dicentem
1405 3073 1470 3111 ac
1500 3056 1824 3126 jubentem.
1859 3058 1929 3111 Et
1966 3071 2104 3125 saepe

394 3145 545 3199 istud
565 3147 734 3214 facio,
761 3143 981 3215 inquit;
1009 3146 1103 3199 hoc
1127 3161 1210 3199 me
1239 3145 1484 3211 delectat,
1513 3146 1649 3199 etab
1680 3145 1982 3199 actionibus
2010 3159 2102 3199 ne-

395 3235 664 3288 cessitatis
685 3237 950 3303 quantum
971 3234 1219 3288 relaxari
1236 3249 1479 3303 possum,
1500 3234 1573 3287 ad
1593 3236 1753 3288 istam
1775 3233 2104 3303 voluptatem

393 3326 629 3393 refugio.
663 3325 846 3394 Neque
881 3325 942 3378 in
987 3324 1071 3378 his
1101 3323 1344 3379 omnibus
1375 3340 1494 3393 quae
1515 3338 1795 3394 percurro,
1829 3324 2103 3379 consulens

397 3419 466 3480 te,
495 3413 709 3468 invenio
736 3415 911 3467 tutum
941 3412 1112 3467 locum
1141 3414 1338 3468 animae
1356 3427 1505 3478 mea,
1535 3414 1648 3467 nisi
1673 3415 1731 3467 in
1760 3416 1829 3479 te,
1862 3427 1966 3482 quo
1995 3412 2101 3467 col-

395 3502 642 3568 ligantur
671 3515 867 3569 sparsa
902 3515 1043 3569 mea,
1071 3515 1164 3556 nec
1196 3517 1231 3555 a
1261 3504 1310 3555 te
1335 3500 1637 3571 quidquam
1664 3501 1878 3556 recedat
1905 3517 1973 3556 ea:
1999 3517 2099 3556 me.

393 3594 465 3647 Et
485 3589 783 3660 aliquando
809 3591 1128 3645 intromittis
1154 3605 1236 3644 me
1259 3591 1319 3644 in
1338 3591 1588 3660 affectum
1615 3591 1843 3646 multum
1868 3591 2102 3646 inusita-

394 3684 508 3735 tum
536 3681 824 3745 introrsus,
854 3678 929 3733 ad
956 3680 1132 3734 nescio
1159 3694 1323 3748 quam
1347 3678 1720 3744 dulcedinem;
1752 3695 1872 3749 quae
1899 3681 1950 3733 si
1975 3694 2103 3749 per-

390 3770 612 3838 ﬁciatur
639 3769 698 3822 in
727 3783 829 3835 me,
859 3768 1039 3822 nescio
1069 3767 1207 3836 quid
1234 3770 1358 3835 erit,
1390 3768 1535 3837 quod
1562 3766 1680 3823 vita
1708 3770 1818 3824 ista
1848 3783 1954 3824 non
1981 3771 2100 3823 erit.

394 3857 501 3914 Sed
539 3856 719 3912 recide
747 3859 805 3912 in
852 3858 964 3912 hac
1005 3859 1319 3912 aerumnosis
1361 3857 1707 3928 ponderibus,
1739 3862 1789 3914 et
1833 3857 2107 3913 resorbeor

391 3948 601 4014 solutis,
631 3951 682 4002 et
721 3950 933 4014 teneor;
975 3951 1026 4002 et
1065 3949 1296 4003 multum
1341 3949 1458 4016 ﬂeo,
1489 3947 1584 4003 sed
1623 3947 1852 4002 multum
1891 3951 2102 4001 teneor:

393 4040 604 4092 tantum
632 4036 1036 4092 consuetudinis
1075 4039 1294 4092 sarcina
1331 4037 1634 4104 degravat!
1667 4038 1763 4090 Hic
1791 4050 1902 4090 esse
1930 4035 2102 4090 valeo.

392 4141 484 4181 nec
511 4126 667 4191 volo;
700 4126 813 4180 illic
837 4126 980 4192 volo,
1010 4141 1104 4179 nec
1125 4127 1309 4192 valeo;
1341 4127 1503 4180 miser
1525 4125 1813 4194 utrobique
1840 4123 2004 4195 (Ibid.
2037 4125 2106 4178 ti-

393 4215 486 4269 bro
526 4216 611 4280 10,
641 4229 759 4282 cap.
800 4215 890 4280 40,
927 4229 982 4268 n.
1026 4215 1143 4282 65).
1184 4215 1263 4269 Ex
1301 4229 1416 4284 quo
1447 4215 1629 4269 Deum
1659 4213 1959 4280 didicerat,
1991 4229 2107 4268 non

391 4303 604 4358 frustra
632 4306 965 4356 manentem
995 4317 1128 4355 eum
1155 4301 1404 4356 habebat
1422 4301 1481 4356 in
1505 4319 1606 4356 sua
1632 4302 1910 4357 memoria
1941 4317 1956 4356 :
1988 4301 2105 4356 illic

393 4407 528 4447 eum
567 4389 910 4457 inveniebat,
943 4393 1000 4445 et
1035 4389 1425 4446 delectabatur
1465 4390 1527 4445 in
1569 4407 1664 4446 eo.
1712 4393 1809 4446 H3
1844 4395 1990 4459 sunt,
2024 4391 2108 4445 in-

395 4479 647 4552 quiebat.
678 4485 877 4536 sanctae
896 4479 1103 4536 delicia:
1129 4497 1275 4549 meai,
1310 4496 1446 4552 quas
1476 4481 1693 4537 donasti
1711 4481 1868 4550 mihi,
1899 4483 2110 4540 miseri.

397 4569 583 4625 cordia
607 4573 704 4625 tua
727 4570 1019 4640 respiciens
1035 4575 1414 4641 paupertatem
1441 4586 1613 4627 meam
1643 4569 1833 4643 (Ibid.,
1863 4586 1984 4640 cap.
2014 4573 2106 4640 24,

396 4674 452 4714 n.
486 4658 596 4728 35).

465 4749 520 4802 3.
560 4745 720 4811 Quod
755 4747 824 4804 ad
856 4747 1074 4804 cultum
1102 4747 1356 4820 corporis
1398 4747 1604 4804 attinet
1635 4763 1649 4804 :
1685 4750 1866 4807 Vestes
1897 4748 2016 4817 ejus
2057 4753 2106 4803 et

393 4835 752 4890 calceamenta
773 4838 856 4892 vel
885 4838 1140 4893 lectualia
1166 4853 1234 4893 ea:
1259 4838 1535 4894 moderato
1563 4840 1882 4909 competenti
1911 4837 2105 4893 habitu

390 4927 568 4993 erant,
596 4939 689 4979 nec
725 4924 909 4979 nitida
949 4927 1200 4993 nimium,
1231 4941 1325 4982 nec
1363 4926 1574 4996 objecta
1597 4927 1900 4998 plurimum
1927 4941 1940 4982 :
1974 4927 2107 4996 quia

395 5011 481 5066 his
510 5011 829 5081 plerumque
872 5013 957 5068 vel
997 5013 1204 5082 iactare
1230 5029 1286 5070 se
1321 5015 1610 5074 insolenter
1649 5017 1886 5070 homines
1915 5015 2103 5081 solent,

388 5101 473 5155 vel
499 5099 763 5169 abjicere;
796 5117 864 5156 ea:
895 5106 1125 5172 utroque
1151 5119 1258 5157 non
1287 5119 1406 5174 quae
1433 5105 1572 5158 Jesu
1609 5105 1833 5171 Christi,
1862 5103 1958 5158 sed
1985 5118 2106 5172 quae

391 5201 492 5242 sua
519 5193 648 5243 sunt
677 5189 843 5244 iidem
885 5195 1213 5259 querentes:
1245 5195 1304 5246 at
1340 5193 1442 5246 iste
1479 5191 1719 5260 (sanctus
1756 5189 2100 5261 Episcopus),

392 5281 455 5333 ut
483 5277 629 5349 dimi,
654 5279 890 5333 medium
913 5279 1143 5348 tenebat,
1172 5295 1342 5348 neque
1365 5282 1425 5334 in
1451 5279 1729 5334 dexteram
1754 5295 1922 5348 neque
1949 5281 2006 5333 in
2033 5281 2104 5333 si-

389 5368 626 5422 nistrum
663 5367 942 5424 declinans
988 5368 1306 5439 (Possidius,
1346 5371 1406 5424 in
1454 5371 1583 5426 Vita
1618 5369 1877 5436 August,
1906 5383 1953 5423 c.
1993 5371 2101 5429 22).

399 5453 606 5511 Scribit
647 5457 1004 5528 Augustinus
1045 5459 1222 5514 moris
1270 5457 1464 5527 fuisse,
1504 5462 1570 5514 ut
1615 5457 1890 5514 interiora
1935 5456 2105 5513 vesti-

395 5551 591 5602 menta
631 5548 784 5603 linea
823 5553 1030 5612 essent,
1071 5548 1353 5604 exteriora
1393 5549 1598 5604 lanea:
1651 5563 1824 5620 seque
1854 5547 1944 5603 his
1976 5562 2106 5616 ver-

1579 269 1753 326 VITA
1805 269 1860 326 S.
1919 268 2305 327 AUGUSTINI
2362 264 2700 324 EPISCOPI.

3811 267 3922 320 220

2205 391 2315 460 bis,
2346 391 2782 447 vestimentorum
2807 393 3132 454 nostrorum,
3159 403 3290 443 cum
3319 386 3447 442 aliis
3477 387 3924 460 comprehendit

2205 482 2401 550 (Serm.
2453 483 2540 545 37,
2571 495 2633 533 n.
2674 477 2754 549 6).
2801 476 2972 533 Aliud
3022 493 3254 550 quoque
3294 477 3553 547 gestabat
3589 473 3922 531 indumenti

2207 587 2408 642 genus,
2457 568 2734 641 byrrhum
2778 571 2959 627 vocat,
2990 583 3106 638 quo
3149 565 3275 620 laici
3320 565 3536 638 pariter
3581 567 3920 621 utebantur.

2211 660 2392 714 Habes
2420 659 2480 712 in
2519 658 2766 730 quodam
2801 672 3062 712 sermone
3089 657 3279 711 locum
3310 656 3381 710 de
3411 655 3764 710 vestimentis
3796 654 3922 725 ejns

2206 763 2340 802 sane
2386 745 2860 819 pulcherrimum.
2905 747 3086 812 Nemo,
3133 745 3344 816 inquit,
3384 745 3472 800 det
3519 746 3806 814 byrrhum,
3839 741 3924 795 vel

2205 853 2377 892 meam
2403 838 2662 904 tunicam,
2693 851 2786 890 seu
2821 835 3037 904 aliquid
3075 836 3187 889 nisi
3215 836 3275 888 in
3315 850 3586 890 commune
3619 851 3631 889 :
3673 834 3740 888 de
3777 847 3921 886 com-

2203 927 2357 980 muni
2383 927 2587 995 accipio
2617 929 2665 980 et
2703 925 2840 978 mihi
2866 926 2994 994 ipsi,
3027 939 3148 978 cum
3187 926 3356 978 sciam
3388 939 3664 978 commune
3699 938 3784 977 me
3814 922 3924 975 ha-

2205 1014 2324 1068 bere
2352 1015 2482 1069 velle
2527 1013 2800 1084 quidquid
2838 1012 3016 1068 habeo.
3054 1014 3188 1069 Nolo
3236 1014 3373 1067 talia
3414 1012 3610 1082 offerat
3635 1014 3924 1072 Sanctitas

2205 1109 2406 1168 vestra,
2448 1103 2644 1171 quibus
2682 1118 2775 1171 ego
2820 1103 2964 1158 solus
3003 1103 3163 1171 quasi
3201 1101 3470 1156 decentius
3509 1106 3668 1169 utar;
3718 1103 3922 1172 offerat

2206 1193 2362 1259 mihi,
2393 1193 2544 1246 verbi
2571 1193 2774 1260 gratia,
2803 1191 3066 1261 byrrhum
3085 1191 3409 1260 pretiosum;
3441 1192 3582 1258 forte
3611 1192 3759 1247 decet
3789 1196 3912 1264 epi-

2205 1297 2446 1352 scopum,
2477 1281 2724 1351 quamvis
2755 1294 2861 1334 non
2889 1279 3069 1334 deceat
3097 1279 3579 1347 Augustinum,'id
3608 1285 3707 1348 est,
3739 1282 3918 1338 homi-

2205 1386 2324 1425 nem
2349 1384 2664 1440 pauperem,
2692 1369 2758 1423 de
2776 1369 3111 1439 pauperibus
3133 1372 3342 1423 natum.
3374 1367 3532 1424 Modo
3557 1369 3764 1425 dicturi
3789 1377 3923 1428 sunt

2208 1461 2460 1524 homines,
2495 1461 2626 1527 quia
2662 1459 2845 1512 inveni
2879 1459 3146 1528 pretiosas
3174 1461 3363 1523 vestes,
3395 1473 3532 1528 quas
3561 1474 3667 1514 non
3698 1463 3915 1530 potuis-

2206 1564 2316 1604 sem
2353 1548 2545 1602 habere
2563 1548 2646 1602 vel
2676 1548 2736 1600 in
2775 1547 2927 1601 domo
2952 1547 3133 1616 patris
3161 1548 3286 1612 mei,
3317 1546 3400 1600 vel
3429 1549 3488 1600 in
3529 1547 3629 1602 illa
3664 1533 3948 1605 saeculari

2202 1638 2539 1708 professione
2557 1651 2694 1690 mea.
2722 1637 2842 1691 Non
2870 1633 3014 1689 decet
3039 1650 3051 1688 :
3082 1635 3241 1688 talem
3270 1633 3428 1688 debeo
3457 1635 3668 1701 habere,
3701 1637 3922 1705 qualem

2203 1741 2443 1796 possum,
2478 1727 2528 1780 si
2565 1740 2672 1779 non
2710 1723 2978 1789 habuerit,
3009 1723 3182 1789 fratri
3215 1737 3328 1776 meo
3369 1722 3521 1777 dare.
3567 1723 3788 1790 Qualem
3816 1740 3920 1795 po-

2209 1817 2310 1868 test
2336 1814 2532 1868 habere
2542 1812 2846 1884 presbyter,
2869 1812 3083 1881 qualem
3107 1815 3283 1881 potest
3305 1811 3498 1866 habere
3523 1811 3765 1868 decenter
3794 1813 3922 1868 dia-

2208 1918 2370 1958 conus
2398 1907 2449 1958 et
2477 1902 2860 1967 subdiaconus,
2895 1902 3055 1955 talem
3081 1901 3198 1954 volo
3227 1901 3501 1970 accipere;
3531 1903 3663 1970 quia
3691 1903 3750 1956 in
3780 1917 3921 1957 com-

2207 2009 2365 2048 mune
2393 1994 2618 2063 accipio.
2651 1993 2712 2048 Si
2737 1993 2860 2062 quis
2889 1992 3157 2046 meliorem
3185 1989 3414 2057 dederit,
3445 1990 3614 2045 vendo
3649 2007 3662 2044 :
3696 1991 3845 2061 quod
3868 1996 3920 2046 et

2205 2085 2387 2150 facere
2414 2083 2582 2147 soleo;
2614 2085 2675 2136 ut
2704 2079 2922 2151 quando
2950 2094 3055 2134 non
3083 2083 3256 2149 potest
3282 2081 3445 2133 vestis
3467 2093 3573 2134 esse
3595 2082 3914 2143 communis,

2202 2175 2442 2242 pretium
2491 2173 2653 2226 vestis
2707 2172 2880 2240 possit
2917 2185 3027 2225 esse
3073 2183 3361 2224 commune.
3415 2167 3617 2236 Vende,
3662 2173 3712 2223 et
3758 2185 3918 2236 erogo

2208 2261 2560 2333 pauperibus.
2594 2261 2656 2317 Si
2691 2261 2785 2314 hoc
2815 2274 2932 2313 eum
2967 2258 3213 2325 delectat,
3247 2262 3309 2312 ut
3336 2272 3430 2326 ego
3469 2258 3720 2324 habeam;
3755 2260 3916 2313 talem

2209 2353 2298 2406 det
2326 2350 2468 2406 unde
2496 2365 2602 2404 non
2630 2349 2954 2404 erubescam.
2986 2351 3180 2402 Fateor
3209 2347 3350 2401 enim
3379 2347 3548 2415 vobis,
3583 2346 3649 2402 de
3671 2350 3918 2418 pretiosa

2206 2443 2349 2495 veste
2378 2439 2623 2493 erubesco
2652 2453 2664 2492 :
2699 2438 2830 2506 quia
2855 2451 2962 2491 non
2991 2435 3135 2490 decet
3164 2435 3302 2490 hanc
3335 2437 3744 2505 professionem,
3775 2437 3916 2492 hanc

2209 2529 2647 2593 admonitionem,
2687 2541 2794 2580 non
2841 2526 2986 2580 decet
3032 2526 3140 2580 hac
3184 2525 3443 2592 membra,
3482 2541 3587 2580 non
3634 2526 3782 2581 decet
3822 2528 3916 2582 hos

2209 2633 2370 2674 canos
2403 2617 2592 2686 (Serm.
2617 2605 2822 2678 356,11.
2871 2613 2971 2683 13).
3006 2614 3147 2668 Cum
3190 2618 3381 2668 sancta
3421 2614 3683 2685 quaedam
3725 2615 3906 2688 virgo,
3997 2649 4002 2654 -

2209 2706 2303 2762 cui
2331 2705 2554 2776 Sapidzr
2587 2720 2820 2770 nomen,
2853 2703 2922 2758 de
2952 2701 3236 2758 Timothei
3263 2702 3454 2758 fratris
3479 2702 3586 2770 sui,
3621 2703 3917 2776 Carthagi-

2210 2795 2403 2852 nensis
2433 2793 2679 2862 diaconi,
2708 2796 2891 2848 morte
2921 2791 3253 2864 gravissime
3284 2791 3523 2860 doleret,
3556 2793 3780 2864 rogavit
3805 2796 3918 2849 Au-

2209 2884 2526 2954 gustinum,
2555 2886 2622 2937 ut
2650 2882 2720 2936 ad
2740 2880 2830 2936 sui
2859 2880 3126 2935 solatium
3147 2879 3421 2948 tunicam,
3443 2896 3617 2952 quam
3647 2881 3765 2936 suis
3795 2882 3920 2953 ipsa

2210 2973 2476 3030 manibus
2498 2971 2567 3027 ad
2589 2986 2758 3026 usum
2779 2967 3038 3041 germani
3059 2967 3147 3023 sui
3165 2972 3443 3036 texuerat,
3465 2970 3764 3041 acciperet.
3793 2971 3918 3025 Non

2211 3061 2406 3118 renuit
2419 3064 2648 3116 sanctus
2664 3059 2899 3124 Prsesul,
2915 3074 2987 3112 ne
3003 3057 3159 3112 illam
3173 3057 3554 3125 contristaret,
3571 3074 3753 3130 eaque
3770 3059 3919 3114 tuni-

2211 3169 2274 3208 ca
2300 3167 2436 3206 usus
2465 3154 2569 3204 est.
2604 3149 2764 3204 Illam
2795 3151 2990 3203 tamen
3027 3163 3130 3218 per
3176 3147 3390 3202 litteras
3420 3147 3684 3202 hortatus
3714 3154 3819 3215 est,
3855 3154 3921 3205 ut

2211 3240 2476 3296 meliores
2507 3256 2541 3293 a
2567 3238 2681 3293 ﬁde
2710 3253 2814 3292 sua
2842 3235 3257 3291 consolationes
3283 3240 3522 3307 peteret,
3555 3239 3726 3308 atque
3755 3253 3789 3291 a
3819 3254 3918 3308 spe

2211 3328 2438 3385 vivendi
2470 3327 2779 3399 aliquando
2819 3341 2948 3380 cum
2977 3324 3171 3388 fratre,
3204 3324 3274 3379 de
3305 3325 3467 3395 cujus
3496 3330 3710 3380 aeterna
3737 3325 3918 3380 felici-

2211 3422 2327 3474 tate
2354 3434 2474 3472 non
2504 3415 2835 3470 dubitanter
2863 3414 3121 3486 loquitur
3148 3414 3349 3484 (Epist.
3393 3416 3518 3482 263,
3548 3430 3604 3470 n.
3641 3414 3714 3486 1).
3753 3415 3918 3480 Quod

2213 3505 2284 3560 ad
2314 3504 2700 3560 calceamenta
2738 3502 3005 3574 pertinet,
3038 3517 3154 3556 non
3198 3501 3600 3570 arbitrabatur,
3642 3504 3829 3558 teneri
3860 3521 3920 3558 se

2213 3595 2285 3650 ad
2317 3593 2654 3648 servandam
2691 3592 2856 3664 juxta
2901 3591 3154 3650 litteram
3199 3607 3397 3647 eorum
3435 3592 3841 3647 inhibitionem
3887 3611 3921 3648 a

2215 3683 2434 3739 Christo
2461 3681 2705 3736 Domino
2737 3681 2973 3750 factam;
2999 3697 3127 3735 cum
3159 3697 3225 3736 ex
3253 3681 3587 3752 Evangelico
3618 3698 3921 3752 cognosce-

2214 3775 2320 3838 ret,
2355 3770 2640 3826 Christum
2669 3769 2859 3841 ipsum
2902 3769 3079 3824 fuisse
3113 3770 3425 3824 calceatum
3459 3785 3470 3824 :
3503 3770 3610 3824 hoc
3639 3769 3747 3824 sibi
3777 3771 3920 3824 sola-

2213 3861 2279 3916 tii
2307 3860 2668 3932 proponebat
2716 3859 2777 3912 in
2814 3858 3044 3914 inﬁrma
3083 3858 3426 3924 valetudine,
3459 3875 3587 3930 quae
3627 3859 3798 3930 hujus
3836 3858 3920 3913 illi

2216 3948 2512 4004 levaminis
2551 3947 2942 4002 necessitatem
2981 3947 3334 4019 imponebat.
3367 3947 3548 4003 Simul
3588 3964 3786 4001 eorum
3820 3946 3920 4019 qui

2214 4039 2366 4094 nudo
2396 4037 2543 4108 pede
2572 4037 2957 4103 ambularent,
2989 4035 3385 4091 fortitudinem
3423 4036 3650 4092 amabat
3679 4037 3920 4105 (Con—fes-

2213 4129 2424 4182 sionum
2452 4127 2546 4182 lib.
2583 4130 2635 4194 9,
2669 4141 2787 4195 cap.
2825 4128 2876 4192 6,
2916 4142 2970 4180 n.
3003 4127 3120 4195 li):
3164 4141 3268 4180 nec
3300 4129 3493 4180 tamen
3535 4126 3922 4197 evangelicam

2214 4217 2403 4287 legem
2424 4216 2528 4270 hac
2557 4214 2616 4269 in
2645 4231 2704 4270 re
2726 4214 3046 4270 accuratius
3073 4215 3146 4269 ob
3173 4214 3306 4281 illis,
3339 4231 3509 4286 quam
3533 4230 3566 4269 a
3590 4214 3921 4285 seimpleri,

2217 4309 2315 4359 aut
2354 4320 2451 4358 eos
2498 4308 2803 4375 propterea
2848 4303 3191 4358 insolescere
3227 4303 3471 4375 superba
3501 4303 3710 4359 duritia
3753 4320 3920 4374 posse

2217 4392 2614 4448 arbitrabatur.
2656 4393 2719 4447 In
2754 4393 3086 4464 hujusmodi
3121 4392 3292 4447 rebus
3322 4391 3507 4456 bonis,
3540 4392 3639 4447 sed
3679 4392 3920 4447 minime

2216 4481 2568 4550 necessariis,
2626 4485 2744 4536 tam
2814 4498 2910 4536 eos
2971 4481 3070 4553 qui
3121 4481 3248 4537 illas
3312 4482 3694 4548 observarent,
3744 4497 3920 4553 quam

2216 4571 2317 4645 qui
2367 4587 2485 4626 non
2532 4570 2918 4639 observarent,
2971 4571 3245 4626 cbaritate
3294 4570 3499 4626 sociari
3545 4570 3794 4638 volebat;
3856 4575 3924 4626 ut

2215 4676 2462 4732 quorum
2518 4663 2753 4714 externa
2808 4659 3198 4732 discreparent
3245 4675 3440 4732 opera,
3491 4675 3691 4714 eorum
3746 4659 3921 4715 corda

2215 4749 2413 4804 eodem
2470 4763 2663 4803 amore
2723 4749 3148 4820 conﬂagrarent
3223 4749 3416 4820 (Serm.
3491 4751 3611 4816 101,
3667 4764 3787 4818 cap.
3864 4751 3918 4816 6,

2211 4855 2268 4893 η.
2294 4838 2367 4907 7).
2503 4893 2506 4896 .

2283 4929 2337 4983 4.
2379 4926 2568 4982 Mensa
2590 4941 2728 4981 usus
2757 4928 2843 4980 est
2871 4924 3084 4997 frugali
3110 4929 3168 4981 et
3196 4941 3387 4998 parca,
3419 4926 3478 4981 in
3505 4942 3618 4999 qua
3645 4926 3793 4982 nihil
3823 4942 3920 4983 su-

2211 5015 2520 5086 perﬂuum,
2563 5015 2707 5070 nihil
2744 5031 2862 5070 non
2903 5015 3296 5086 moderatum;
3341 5032 3470 5087 quae
3500 5015 3731 5088 quidem
3770 5016 3924 5072 inter

2213 5104 2368 5159 olera
2415 5108 2472 5158 et
2513 5103 2830 5175 legumina,
2861 5103 3036 5159 etiam
3083 5121 3282 5159 carnes
3327 5105 3636 5176 aliquando
3684 5111 3925 5177 propter

2211 5191 2487 5263 hospites,
2529 5194 2618 5247 vel
2656 5209 2916 5264 quosque
2947 5193 3315 5260 inﬁrmiores,
3349 5209 3575 5265 semper
3605 5198 3797 5249 autem
3840 5195 3924 5249 vi-

2212 5294 2352 5334 num
2385 5279 2630 5335 habebat
2659 5283 2974 5352 (Possidius,
3006 5285 3063 5337 in
3115 5285 3242 5339 Vita
3280 5283 3543 5352 August,
3574 5299 3622 5338 c.
3666 5284 3776 5354 22).
3813 5285 3920 5338 Ne-

2213 5384 2323 5439 que
2351 5368 2505 5423 enim
2528 5369 2957 5426 immunditiam
2977 5371 3224 5443 opsonii,
3247 5371 3344 5427 sed
3368 5371 3801 5427 immunditiam
3825 5389 3923 5428 cu-

2215 5455 2466 5528 piditatis
2491 5455 2763 5527 timebat;
2791 5462 2856 5514 ut
2885 5459 2985 5531 qui
3015 5460 3186 5516 sciret
3213 5475 3447 5515 omnem
3473 5459 3569 5514 Dei
3597 5465 3923 5516 creaturam

2216 5546 2423 5615 bonam
2469 5562 2612 5615 esse,
2644 5551 2701 5602 et
2737 5548 3075 5605 sanctiﬁcari
3117 5565 3221 5620 per
3263 5549 3501 5605 verbum
3552 5548 3653 5604 Dei
3699 5553 3757 5604 et
3803 5567 3924 5604 ora-
