4060 6350
100 290 206 343 221

100 410 307 465 tionem
354 411 776 481 (Confessionum
822 412 915 468 lib.
964 414 1028 468 1O
1067 428 1188 485 cap.
1234 417 1322 482 31,
1369 431 1425 470 n.
1471 415 1587 486 46).
1638 416 1797 472 Illius

101 498 343 554 convivis
364 500 630 571 praﬁxus
658 504 778 557 erat
805 502 1142 572 poculorum
1166 519 1440 559 numerus
1473 520 1487 560 :
1521 509 1575 560 et
1595 504 1640 559 si
1671 504 1799 576 quis

100 588 431 643 clericorum
469 589 591 659 ejus
613 590 880 661 jurasset,
928 607 1101 646 unam
1148 592 1215 647 de
1252 592 1474 647 statutis
1504 594 1798 665 potionem

99 676 371 749 perdebat
415 676 740 746 (Possidius,
783 680 841 732 in
889 680 1018 734 Vita
1054 680 1316 747 August.,
1369 697 1415 735 c.
1465 682 1575 753 25).
1621 683 1798 738 Coch-

100 766 342 822 learibus
405 765 688 837 argenteis
752 766 1057 833 utebatur;
1119 783 1313 822 verum
1377 774 1578 824 catera
1644 787 1796 837 vasa,

100 854 301 926 quibus
320 853 433 909 cibi
455 870 669 908 mensa
694 854 1110 923 inferebantur,
1139 857 1226 911 vel
1254 861 1450 924 testea,
1474 858 1562 912 vel
1587 858 1793 930 lignea,

99 944 180 998 vel
209 959 531 997 marmorea
562 948 760 998 erant:
792 960 911 998 non
940 948 1132 999 tamen
1169 961 1234 999 ex
1260 946 1593 1001 necessitate
1623 952 1797 1020 atque

98 1032 306 1104 inopia,
335 1032 432 1087 sed
460 1049 524 1086 ex
548 1038 877 1103 spontanea
904 1034 1253 1105 paupertatis
1283 1051 1346 1089 ac
1366 1035 1659 1091 modestia
1688 1041 1800 1091 stu-

101 1121 190 1176 dio
220 1122 404 1190 (lbid.,
436 1137 480 1176 c.
514 1121 626 1192 22).
659 1122 799 1176 Cum
834 1139 1061 1194 semper
1106 1123 1553 1195 hospitalitatem
1601 1125 1800 1179 coluis-

101 1215 198 1277 set,
220 1209 502 1281 plurimos
532 1210 600 1265 ad
626 1226 884 1266 mensam
925 1227 1085 1266 suam
1134 1211 1463 1283 peregrinos
1492 1213 1800 1268 adhibebat

105 1297 303 1370 (Ibid).
336 1300 403 1353 Et
430 1314 628 1370 reapse
659 1299 727 1354 ab
758 1299 867 1354 hoc
888 1299 1078 1354 ofﬁcio
1099 1300 1421 1373 quibusque
1439 1301 1798 1356 venientibus

104 1404 163 1442 ac
196 1387 624 1442 transeuntibus
652 1387 999 1455 exhibendo,
1027 1388 1147 1443 sine
1176 1389 1520 1445 detrimento
1558 1391 1797 1445 charita-

105 1477 172 1531 tis
208 1492 334 1547 qua
359 1475 429 1530 ab
461 1476 727 1548 episcopo
758 1476 1024 1548 exigitur,
1061 1476 1309 1533 eximere
1341 1495 1398 1532 se
1429 1494 1548 1533 non
1576 1483 1800 1549 poterat

103 1565 288 1634 (Serm.
316 1567 439 1632 355,
472 1583 527 1619 n.
552 1567 631 1634 2).
661 1566 929 1620 Eamdem
959 1560 1372 1621 humanitatem
1419 1566 1479 1621 in
1512 1567 1795 1639 recipien-

105 1653 183 1707 dis
212 1653 382 1708 etiam
410 1653 621 1725 ignotis
642 1654 963 1727 hospitibus
984 1656 1299 1722 exercebat,
1324 1656 1432 1709 hoc
1460 1655 1683 1711 axioma
1712 1672 1796 1711 se-

105 1745 258 1795 cutus
289 1756 302 1795 :
336 1742 527 1813 Longe
554 1741 729 1796 satius
758 1758 878 1796 esse
908 1742 1125 1796 malum
1162 1741 1459 1797 hominem
1489 1743 1751 1814 excipere
1775 1782 1791 1809 ,

107 1845 265 1900 quam
292 1830 511 1885 bonum
541 1830 863 1896 excludere,
895 1830 1030 1885 dum
1078 1846 1340 1885 cavemus
1369 1847 1442 1885 ne
1487 1831 1796 1903 recipiatur

101 1918 271 1972 malus
300 1918 498 1989 (Epist.
530 1922 618 1985 38,
652 1934 708 1973 η.
743 1920 812 1987 3).
848 1919 907 1972 Id
934 1923 1128 1973 tamen
1158 1919 1421 1974 ordinem
1453 1920 1524 1974 ab
1555 1936 1623 1975 eo
1654 1936 1790 1974 con-

104 2007 352 2061 stitutum
400 2005 639 2062 minime
681 2007 1071 2078 perturbabat.
1106 2010 1173 2063 In
1206 2008 1330 2079 ipsa
1367 2025 1567 2064 mensa
1613 2010 1796 2080 magis

107 2095 399 2151 lectionem
428 2097 516 2150 vel
555 2096 1025 2167 disputationem,
1077 2113 1250 2168 quam
1281 2097 1668 2167 epulationem
1700 2116 1796 2169 po-

108 2184 485 2257 tationemque
505 2185 779 2256 diligebat
805 2202 819 2252 ;
840 2191 897 2239 et
916 2190 1115 2239 contra
1127 2185 1513 2256 pestilentiam
1529 2187 1800 2242 humana

109 2273 547 2343 consuetudinis,
578 2274 635 2329 in
676 2290 743 2329 ea
770 2273 850 2329 ita
878 2274 1152 2344 scriptum
1181 2274 1427 2329 habebat
1452 2290 1468 2329 :

174 2362 431 2431 Quisquis
462 2367 612 2417 amat
635 2363 795 2418 dictis
825 2363 1103 2417 absentum
1130 2363 1317 2417 rodere
1344 2365 1532 2431 vitam,

240 2453 388 2506 Hanc
416 2466 655 2506 mensam
679 2451 963 2519 indignam
986 2453 1191 2507 noverit
1212 2467 1321 2506 esse
1342 2452 1471 2507 sibi.

116 2541 173 2593 Et
198 2538 321 2594 ideo
351 2547 583 2595 omnem
613 2540 907 2595 convivam
939 2557 972 2595 a
1004 2540 1307 2611 superiluis
1339 2544 1394 2594 et
1421 2538 1604 2594 noxiis
1636 2539 1801 2594 fabu-

115 2628 175 2681 lis
199 2633 252 2682 et
274 2628 720 2684 detractionibus
750 2644 872 2683 sese
902 2628 1185 2683 abstinere
1205 2629 1411 2683 debere
1439 2628 1797 2683 admonebat.

114 2717 241 2771 Nam
272 2720 326 2772 et
355 2718 636 2789 quosdam
668 2734 799 2771 suos
829 2717 1303 2772 familiarissimos
1332 2716 1696 2789 coepiscopos
1727 2716 1798 2771 il-

114 2804 212 2858 lius
232 2805 527 2876 scriptura
573 2806 799 2873 oblitos,
850 2812 907 2861 et
933 2811 1133 2861 contra
1165 2822 1291 2860 eam
1333 2807 1652 2877 loquentes,
1684 2809 1801 2859 tam

113 2911 296 2965 aspere
339 2895 651 2967 aliquando
688 2895 1056 2967 reprehendit
1099 2899 1441 2962 commotus,
1477 2898 1537 2948 ut
1593 2894 1804 2949 diceret

116 2988 201 3037 aut
227 2984 501 3039 delendas
543 3000 666 3039 esse
719 2984 847 3038 illos
896 2984 965 3038 de
1008 3000 1205 3038 mensa
1232 3000 1446 3049 versus,
1481 2987 1579 3037 aut
1622 2999 1680 3038 se
1732 2982 1801 3036 de

114 3073 285 3127 media
329 3073 635 3128 refectione
684 3073 755 3128 ad
802 3089 970 3127 suum
1020 3072 1343 3127 cubiculum
1390 3075 1799 3126 surrecturum.

116 3160 258 3226 Quod
284 3177 397 3231 ego,
424 3160 506 3215 ait
542 3160 850 3227 Possidius,
908 3164 959 3215 et
1011 3162 1114 3215 alii
1135 3163 1231 3230 qui
1259 3162 1365 3228 illi,
1396 3174 1591 3215 mensae
1632 3161 1801 3214 inter-

114 3251 329 3319 fuimus,
376 3250 592 3320 ea-perti
639 3264 823 3305 sumus
880 3249 1195 3320 (Possidius,
1241 3238 1301 3304 in
1365 3251 1491 3305 Vita
1538 3249 1797 3317 August,

116 3352 154 3391 c.
184 3338 294 3409 27).

179 3429 227 3480 5.
272 3425 494 3481 Victum
539 3424 649 3481 sibi
695 3424 884 3481 labore
927 3442 1206 3481 manuum
1249 3442 1366 3481 non
1412 3426 1800 3498 comparabat,

118 3528 234 3567 cum
274 3530 461 3587 neque
521 3530 624 3586 per
684 3515 980 3570 adversam
1032 3515 1419 3570 valetudinem
1455 3515 1513 3571 id
1569 3513 1806 3586 exsequi

117 3605 308 3671 posset,
338 3619 528 3674 neque
550 3618 653 3674 per
677 3602 1076 3674 occupationes
1104 3602 1378 3669 assiduas,
1428 3602 1633 3675 quibus
1671 3618 1801 3656 eum

120 3690 361 3746 Ecclesia
398 3707 518 3746 sua
546 3706 683 3746 cura
712 3691 834 3746 sine
867 3692 982 3746 ulla
1022 3690 1447 3746 intermissione
1476 3690 1806 3762 implicabat

119 3778 299 3847 (Epist.
334 3782 456 3842 126,
488 3795 550 3833 n.
606 3779 709 3847 10).
760 3779 920 3845 Quod
949 3778 995 3833 si
1043 3779 1197 3833 salva
1239 3778 1415 3833 ofﬁcii
1454 3777 1543 3832 sui
1582 3777 1803 3831 ratione

119 3865 165 3920 id
193 3873 456 3937 prastare
484 3867 785 3939 potuisset,
821 3867 987 3923 certis
1016 3868 1274 3940 quotidie
1303 3866 1482 3930 horis,
1525 3872 1803 3937 quantum

121 3954 171 4008 in
197 3956 334 4012 bene
364 3957 600 4012 moratis
627 3956 987 4012 monasteriis
1015 3956 1393 4011 constitutum
1440 3958 1543 4021 est,
1585 3954 1803 4024 aliquid

118 4045 361 4100 manibus
391 4045 641 4117 operari,
673 4049 730 4099 et
757 4049 989 4099 caeteras
1029 4046 1202 4099 horas
1253 4044 1321 4098 ad
1372 4042 1685 4113 legendum
1743 4046 1803 4096 et

124 4134 408 4201 orandum,
447 4136 549 4187 aut
586 4132 791 4187 divinis
830 4132 1055 4188 Litteris
1101 4132 1417 4186 vacandum
1455 4131 1661 4186 liberas
1701 4132 1803 4185 ha-

120 4220 238 4277 bere
289 4221 582 4277 maluisset
637 4222 732 4292 (De
782 4222 950 4291 Opere
999 4221 1396 4287 monachorum,
1442 4237 1497 4276 η.
1554 4220 1659 4287 37).
1713 4220 1805 4275 Ad

120 4309 284 4378 istam,
306 4310 515 4383 inquit,
542 4312 885 4365 securitatem
911 4311 1308 4379 lotiosissimam
1333 4325 1483 4363 nemo
1513 4324 1594 4365 me
1619 4311 1805 4362 vince-

122 4403 207 4453 ret.
237 4402 386 4457 Nihil
406 4405 484 4456 est
513 4401 724 4463 melius,
755 4401 897 4454 nihil
920 4398 1154 4465 dulcius,
1188 4414 1353 4468 quam
1378 4398 1625 4452 divinum
1653 4413 1804 4452 scru-

122 4488 235 4551 tari,
264 4490 409 4544 nullo
436 4493 721 4558 strepente,
754 4489 1066 4543 thesaurum
1094 4503 1108 4542 :
1141 4487 1294 4541 dulce
1325 4491 1420 4553 est,
1472 4486 1665 4541 bonum
1698 4490 1801 4541 est.

122 4576 425 4640 Praedicare.
455 4594 698 4646 arguere,
741 4579 1032 4647 corripere.
1072 4576 1364 4648 aediﬁcare,
1416 4592 1516 4646 pro
1558 4591 1805 4645 unoquo-

125 4677 214 4730 que
239 4671 499 4735 satagere,
530 4682 789 4735 magnum
816 4681 971 4735 onus,
995 4681 1252 4733 magnum
1277 4664 1525 4735 'pondus,
1574 4681 1805 4734 magnus

127 4751 279 4807 labor.
311 4755 439 4821 Quis
457 4770 564 4809 non
589 4755 832 4823 refugiat
850 4756 1013 4809 istum
1034 4754 1266 4808 laborem
1287 4752 1314 4807 ?
1334 4753 1427 4807 sed
1452 4757 1612 4807 terret
1631 4756 1808 4808 Evan-

126 4841 306 4905 gelium
332 4843 525 4914 (Serm.
559 4846 680 4912 339,
704 4859 760 4897 n.
793 4841 873 4913 4).
919 4841 1009 4898 Sic
1046 4857 1177 4896 eum
1208 4839 1379 4895 ofﬁcii
1424 4840 1513 4895 sui
1552 4840 1697 4895 ratio
1737 4840 1808 4895 ad

128 4925 335 4984 labores
372 4932 531 4998 alios,
582 4931 835 5002 aliasque
882 4928 1290 4985 sollicitudines
1336 4929 1624 4996 avocabat,
1677 4946 1808 5001 qua

132 5017 411 5074 arctiorem
440 5020 523 5075 illi
567 5023 625 5074 et
677 5019 1025 5091 asperiorem
1081 5017 1210 5073 coeli
1260 5016 1411 5072 viam
1465 5017 1807 5085 efﬁciebant,

133 5117 287 5173 quam
324 5108 372 5162 si
416 5124 536 5164 sese
575 5108 770 5163 labore
825 5106 1077 5179 corporis
1114 5106 1494 5174 exercuisset;
1542 5106 1802 5179 quamvis

134 5206 250 5248 eum
297 5212 423 5267 spes
460 5196 730 5253 continuo
776 5197 980 5268 gaudio
1033 5196 1419 5268 perfunderet,
1470 5199 1529 5249 et
1594 5195 1805 5251 Christi

137 5278 341 5339 Domini
370 5287 692 5357 exemplum
708 5286 916 5357 jugum
936 5284 1021 5339 illi
1046 5300 1214 5339 suum
1242 5299 1412 5338 suave
1446 5299 1508 5338 ac
1529 5284 1652 5337 leve
1680 5283 1807 5337 red-

135 5366 293 5425 deret.

199 5462 247 5515 6.
290 5462 496 5519 Natura
545 5462 726 5535 frigus
789 5463 937 5517 ferre
982 5477 1101 5517 non
1153 5464 1375 5533 poterat
1430 5460 1629 5532 (Epist.
1685 5462 1804 5530 124,

138 5560 185 5598 n.
218 5548 281 5617 1),
306 5555 359 5607 et
386 5553 545 5609 tenui
575 5570 640 5608 ac
687 5551 916 5608 inﬁrma
943 5550 1268 5606 valetudine
1311 5550 1577 5606 utebatur
1609 5552 1803 5621 (Epist.

1591 292 1805 352 LIBER
1841 291 2192 362 QUARTUS.

3504 297 3610 350 222

1918 419 2038 486 122,
2068 434 2121 472 η.
2161 416 2231 489 1),
2280 416 2573 487 perspecta
2627 412 2893 469 omnibus
2944 413 3044 485 qui
3089 413 3427 470 familiarius
3472 431 3606 471 eum

1910 510 2187 560 noverant
2214 506 2412 575 (Epist.
2444 508 2563 572 151,
2595 520 2655 560 n.
2688 502 2793 573 13).
2829 501 2969 557 Hinc
2998 519 3055 556 se
3085 504 3267 557 multo
3304 508 3432 558 ante
3472 520 3602 558 cor-

1908 595 2062 667 poris
2086 594 2437 660 inlirmitate,
2471 608 2644 664 quam
2672 595 2833 646 atate
2856 590 3108 645 senuisse
3147 595 3386 645 testatur
3407 593 3594 662 (Serm.

1908 687 2033 753 255,
2062 700 2119 738 n.
2150 685 2226 753 '7).
2262 682 2567 738 Rarissime
2593 685 2784 737 tamen
2815 681 2885 736 de
2915 679 3129 735 morbis
3175 679 3292 733 suis
3326 679 3599 750 loquitur,

1909 773 2009 844 qui
2046 789 2179 827 eum
2209 773 2277 827 ad
2306 772 2453 827 vires
2479 772 2815 826 recreandas
2838 769 3146 841 aliquando
3185 784 3282 823 rus
3322 768 3404 822 ire
3433 784 3599 839 coge-

1907 861 2045 915 bant
2076 863 2270 931 (Epist.
2309 863 2408 915 118
2437 876 2492 914 η.
2526 860 2631 927 34).
2667 859 2848 923 Quam
2879 857 3164 929 patienter
3187 860 3377 911 autem
3409 855 3601 910 solitas

1908 949 2275 1021 agritudines
2300 948 2622 1014 sustineret,
2657 964 2723 1001 ex
2749 947 3007 1017 epistola,
3039 961 3213 1017 quam
3242 944 3301 998 in
3328 943 3600 998 molestis-

1908 1037 2050 1093 simo
2077 1038 2332 1109 corporis
2363 1037 2560 1091 morbo
2590 1035 2829 1107 scripsit,
2889 1034 3024 1089 satis
3078 1033 3357 1106 conjicere
3407 1049 3601 1104 possu-

1908 1143 2034 1181 mus
2066 1126 2261 1197 (Epist.
2290 1129 2378 1193 38,
2399 1142 2455 1181 n.
2493 1126 2562 1196 1).
2597 1123 3005 1195 Occupationes
3060 1123 3182 1193 ejus
3213 1121 3453 1175 assidua
3483 1124 3599 1174 tam

1906 1230 2111 1285 parum
2140 1214 2223 1269 illi
2252 1214 2662 1286 permittebant
2689 1213 2813 1280 otii,
2847 1217 2908 1267 ut
2932 1213 3002 1267 ab
3032 1209 3420 1266 ecclesiasticis
3449 1207 3600 1263 curis

1905 1304 2163 1373 paucula
2198 1308 2524 1376 temporum
2546 1302 2710 1357 stilla
2741 1302 2837 1372 (sic
2862 1300 3016 1355 enim
3046 1298 3317 1371 loquitur)
3342 1297 3435 1352 vix
3463 1313 3598 1352 eum

1904 1398 2247 1459 recrearent,
2290 1392 2377 1446 vel
2407 1392 2753 1462 cogitantem
2781 1389 3017 1462 aliquid,
3047 1389 3133 1443 vel
3165 1404 3230 1441 ea
3259 1403 3388 1458 qua
3417 1385 3601 1457 magis

1905 1484 2275 1552 urgerent,'et
2293 1480 2553 1552 pluribus
2575 1484 2769 1535 essent
2796 1480 3117 1551 profutura,
3150 1476 3483 1542 dictantem,
3511 1475 3600 1529 vel

1904 1570 2250 1625 reﬁcientem
2281 1569 2534 1641 corporis
2562 1570 2708 1624 vires
2737 1568 2915 1640 ipsius
2956 1565 3302 1622 necessarias
3333 1563 3596 1618 servituti

1906 1658 2102 1730 (Epist.
2129 1662 2256 1725 261,
2283 1676 2340 1713 η.
2368 1658 2438 1730 1).
2485 1658 2592 1714 Sed
2629 1662 2686 1713 et
2724 1662 2921 1713 contra
2967 1656 3220 1711 ofﬁcium
3266 1669 3436 1709 suum
3494 1650 3604 1706 sibi

1903 1747 2154 1801 facturus
2182 1746 2497 1814 videbatur,
2532 1745 2580 1800 si
2626 1747 2716 1801 vel
2766 1744 3136 1816 paucissimas
3174 1743 3299 1796 illas
3328 1739 3603 1811 temporis

1904 1835 2156 1906 guttulas
2200 1834 2327 1888 aliis
2367 1834 2536 1889 rebus
2584 1833 2940 1904 impenderet
2991 1832 3187 1901 (Epist.
3246 1832 3367 1895 110,
3416 1844 3469 1882 η.
3526 1828 3631 1897 5).-

1904 1922 2107 1977 Scribit
2133 1923 2203 1977 ad
2226 1923 2634 1993 Hieronymum
2647 1938 2794 1975 anno
2815 1917 3381 1992 quadringentesimo
3398 1919 3602 1988 quarto

1906 2029 1984 2078 se,
2004 2012 2049 2065 si
2072 2012 2210 2082 quid
2230 2012 2289 2066 in
2313 2012 2733 2082 Scripturarum
2766 2010 3089 2065 divinarum
3117 2008 3355 2062 scientia
3376 2007 3603 2062 faculta.

1907 2101 1976 2154 tis
2015 2100 2266 2167 haberet,
2295 2100 2351 2155 id
2392 2100 2489 2154 uni
2522 2102 2732 2172 populo
2763 2099 2861 2153 Dei
2902 2096 3217 2153 erudiendo
3265 2100 3453 2151 totum
3493 2094 3604 2148 im-

1905 2189 2157 2259 pendere
2187 2205 2199 2244 :
2229 2205 2425 2243 vacare
2456 2194 2647 2244 autem
2676 2187 2877 2243 studiis
2908 2204 3024 2242 non
3052 2202 3239 2258 posse,
3270 2184 3382 2239 nisi
3410 2184 3606 2256 (quan-

1909 2288 2031 2332 tum
2061 2277 2361 2332 necessitas
2391 2277 2579 2348 exigat
2598 2278 2668 2332 ad
2699 2293 2765 2331 ea
2794 2276 3069 2348 paranda,
3103 2291 3231 2346 qua
3262 2274 3606 2345 populorum

1907 2367 2088 2439 poscit
2117 2367 2401 2422 institutio
2434 2369 2629 2437 (Epist.
2660 2369 2750 2433 72,
2784 2382 2841 2420 η.
2873 2366 2944 2435 5).
2986 2367 3112 2436 Ipse
3161 2378 3388 2434 quoque
3427 2377 3607 2433 pauca

1909 2456 2109 2528 legisse
2135 2473 2192 2511 se
2224 2457 2543 2511 conﬁtetur.
2575 2457 2931 2526 Quapmpter
2950 2454 3133 2521 fsolito
3170 2453 3413 2523 majores
3442 2466 3606 2505 curas

1909 2551 1966 2601 et
2018 2546 2418 2617 occupationes
2449 2545 2703 2616 fugiebat
2732 2546 2927 2614 (Epist.
2958 2546 3051 2609 82,
3088 2559 3145 2597 n.
3195 2541 3281 2610 23)
3312 2557 3325 2595 :
3360 2555 3606 2611 cumque

1908 2635 2147 2689 Severus
2171 2634 2456 2704 prolixam
2485 2633 2554 2686 ab
2585 2649 2650 2686 eo
2681 2630 2980 2701 epistolam
3005 2629 3307 2700 ﬂagitaret,
3350 2631 3512 2699 rogat
3544 2630 3609 2681 ut

1910 2741 1969 2777 se
2000 2724 2207 2778 habeat
2235 2726 2562 2777 excusatum
2588 2738 2601 2788 ;
2637 2721 2940 2791 subditque
2979 2735 3112 2773 eum
3142 2722 3493 2787 caterosque
3523 2715 3607 2769 fa-

1912 2811 2327 2866 miliarissimos
2375 2827 2506 2865 suos
2546 2826 2671 2864 rem
2718 2809 2824 2863 sibi
2864 2811 3192 2879 pergratam
3251 2806 3517 2870 facturos,
3557 2802 3605 2857 si

1910 2901 2129 2955 nullam
2158 2917 2189 2953 a
2219 2916 2277 2954 se
2307 2898 2759 2953 lucubrationem
2812 2898 3135 2967 exposcant,
3167 2898 3224 2948 et
3251 2892 3389 2947 alios
3420 2892 3490 2945 ab
3515 2890 3610 2944 iis-

1912 2990 2040 3043 dem
2068 2988 2390 3059 flagitandis
2408 2991 2685 3053 avertant,
2706 3002 2799 3054 ne,
2822 2985 2871 3039 si
2892 2984 3034 3039 votis
3058 2998 3257 3037 eorum
3286 2979 3607 3035 satisfacere

1912 3093 2029 3133 non
2066 3076 2263 3148 possit,
2315 3076 2687 3131 offensionem
2719 3073 2997 3145 accipiant
3040 3072 3238 3142 (Epist.
3293 3071 3413 3135 110,
3444 3083 3499 3122 n.
3533 3066 3621 3135 6).-

1913 3168 2105 3237 Neque
2147 3166 2371 3220 silentio
2415 3163 2903 3235 pratereundum,
2954 3160 3109 3232 quod
3148 3156 3483 3230 prolixiores
3537 3154 3608 3209 ad

1911 3254 2384 3311 familiarissimos
2436 3268 2584 3317 suos,
2647 3267 2745 3306 seu
2776 3250 2965 3316 laicos,
2998 3264 3095 3302 seu
3138 3247 3310 3301 etiam
3339 3244 3604 3316 epicopos

1912 3346 2069 3400 datas
2100 3343 2367 3415 epistolas
2396 3343 2609 3397 charta
2632 3339 2941 3395 mandabat
2985 3336 3218 3409 propria
3241 3336 3489 3407 quadam
3514 3350 3606 3387 ra-

1911 3433 2064 3489 tione
2090 3449 2154 3488 ac
2182 3432 2386 3499 forma,
2416 3431 2561 3485 forte
2592 3429 2782 3484 minus
2811 3427 3075 3499 eleganti.
3111 3426 3208 3481 sed
3238 3425 3307 3480 ad
3338 3425 3445 3479 hoc
3470 3423 3595 3478 ido-
3626 3486 3627 3489 η

1913 3537 2040 3586 nea,
2060 3524 2121 3574 ut
2146 3524 2203 3574 et
2231 3519 2341 3574 cito
2386 3517 2789 3582 scriberentur,
2821 3519 2877 3570 et
2904 3514 3099 3569 charta
3150 3513 3274 3583 ipsa
3317 3515 3611 3567 teneretur

1913 3608 2272 3665 commodius
2291 3623 2422 3662 cum
2450 3606 2794 3679 legerentur.
2824 3604 2886 3659 Id
2903 3602 3145 3659 Maximo
3167 3600 3386 3657 medico
3406 3604 3609 3655 notum

1914 3699 2039 3754 ﬁeri
2065 3698 2242 3768 cupit,
2272 3713 2345 3751 ne
2374 3697 2514 3750 fone
2544 3695 2662 3761 ille,
2708 3693 2883 3748 istum
2929 3693 3049 3761 ejus
3080 3706 3298 3745 morem
3328 3688 3607 3755 nesciens,

1914 3787 2119 3842 factam
2150 3786 2259 3839 sibi
2296 3784 2571 3855 injuriam
2615 3782 2989 3836 arbitraretur
3036 3780 3232 3850 (Epist.
3289 3777 3428 3848 171).
3479 3775 3607 3847 Epi-

1915 3878 2122 3930 stolam
2148 3873 2379 3928 mittens
2408 3872 2479 3926 ad
2510 3870 2883 3933 Victorinum,
2911 3872 3104 3922 monet
3142 3866 3423 3937 signatam
3451 3864 3610 3919 illam

1915 3981 2034 4020 esse
2061 3960 2427 4033 annulo,’qui
2459 3958 2728 4030 exprimit
2756 3957 2958 4033 faciem
2986 3954 3231 4010 hominis
3262 3952 3608 4007 attendentis

1914 4054 1975 4107 in
2007 4054 2154 4107 latus
2186 4052 2381 4121 (Epist.
2419 4053 2505 4117 59,
2538 4064 2593 4103 η.
2621 4049 2699 4116 2).
2734 4047 2872 4102 Cum
2915 4060 3214 4113 nunquam
3244 4043 3522 4096 annulum
3548 4040 3609 4094 in

1914 4159 2085 4197 manu
2124 4142 2379 4209 haberet,
2411 4142 2553 4193 teste
2582 4135 2840 4192 Possidio
2884 4134 3199 4205 (Possidius,
3240 4134 3299 4187 in
3321 4133 3455 4187 Vita
3493 4130 3608 4185 Au-

1914 4236 2081 4301 gust.,
2108 4247 2155 4286 c.
2208 4230 2314 4297 24),
2348 4228 2419 4283 ab
2450 4227 2640 4299 aliquo
2668 4226 2812 4280 forte
2842 4223 3037 4292 istum,
3070 4238 3184 4293 quo
3231 4220 3609 4276 memoratam

1916 4321 2213 4392 epistolam
2243 4317 2504 4390 signavit,
2526 4314 2807 4371 utendum
2828 4315 3139 4384 acceperat.

1983 4416 2040 4465 7.
2098 4408 2354 4463 Vidimus
2408 4405 2669 4478 superius
2709 4402 3114 4475 Augustinum,
3173 4398 3342 4454 simul
3391 4413 3455 4452 ac
3483 4411 3611 4468 pre-

1915 4497 2107 4570 sbyter
2135 4496 2430 4551 ordinatus
2459 4496 2563 4561 est,
2600 4492 2662 4546 in
2693 4488 3044 4562 Hipponensi
3084 4486 3309 4542 civitate
3347 4484 3605 4540 virorum

1915 4584 2224 4641 instituisse
2278 4579 2710 4648 monasterium,
2743 4595 2811 4633 ex
2839 4594 2954 4650 quo
2984 4576 3140 4630 velut
3195 4591 3264 4629 ex
3316 4572 3607 4629 uberrimo

1915 4676 2091 4740 fonte,
2122 4671 2436 4728 monastica
2452 4670 2566 4724 vita
2594 4684 2715 4723 sese
2735 4682 2840 4738 per
2867 4665 3193 4721 universam
3223 4662 3470 4718 Africam
3502 4661 3610 4718 dif-

1913 4763 2208 4819 fundebat.
2250 4760 2368 4815 Illic
2393 4763 2512 4813 toto
2541 4757 2962 4829 presbyteratus
3008 4753 3097 4808 sui
3127 4756 3384 4823 tempore
3433 4750 3609 4806 vitam

1918 4852 2074 4923 degit
2103 4850 2283 4921 (Ibid.,
2313 4864 2357 4902 ο.
2393 4847 2468 4919 5).
2510 4849 2582 4901 At
2609 4844 2710 4900 ubi
2734 4847 2955 4900 creatus
3006 4848 3092 4899 est
3122 4842 3437 4914 episcOpus,
3475 4857 3606 4895 cum

1915 4942 1987 4996 ad
2025 4937 2438 4995 humanitatem
2468 4934 2752 4989 assiduam
2778 4931 3098 5004 hospitibus
3123 4931 3504 4987 exhibendam
3531 4945 3601 4984 ex

1916 5030 2101 5087 ofﬁcio
2123 5027 2308 5083 teneri
2356 5042 2415 5081 se
2466 5024 2830 5096 intelligeret,
2879 5038 2944 5078 ac
2986 5022 3044 5077 id
3098 5021 3429 5077 monastica
3481 5020 3611 5075 vita

1918 5116 2318 5192 tranquillitati
2370 5116 2595 5172 ofﬁcere
2648 5113 3039 5176 arbitraretur,
3091 5112 3271 5168 voluit
3316 5126 3509 5167 secum
3550 5107 3611 5163 in

1917 5211 2089 5265 domo
2135 5205 2408 5279 episcopii
2462 5203 2818 5268 clericorum,
2851 5202 2956 5257 hoc
2985 5204 3087 5270 est,
3119 5201 3608 5273 presbyterorum,

1918 5299 2307 5362 diaconorum,
2364 5293 2843 5350 subdiaconorum
2890 5290 3149 5346 Ecclesia
3202 5304 3320 5343 sua
3364 5286 3612 5341 servien-

1916 5387 2083 5454 tium,
2114 5386 2319 5440 habere
2370 5382 2781 5439 monasterium
2819 5381 3016 5451 (Serm.
3062 5380 3186 5444 255,
3224 5393 3279 5430 n.
3335 5378 3407 5440 2).
3440 5374 3611 5429 Vide-

1918 5481 2014 5532 tur
2038 5475 2087 5530 is
2116 5476 2274 5547 Spes,
2306 5473 2405 5546 qui
2430 5472 2582 5544 apud
2610 5470 2992 5544 Augustinum
3033 5465 3291 5537 degebat,
3327 5463 3496 5519 fuisse
3547 5464 3609 5520 in

1921 5582 1989 5622 eo
2018 5563 2363 5622 monasterio
2406 5563 2591 5617 solum
2619 5560 2818 5625 laicus,
2872 5558 3004 5613 licet
3038 5552 3328 5610 clericatui
3357 5553 3609 5626 quodam
