4060 6356
400 294 510 348 223

394 413 568 469 modo
598 411 914 468 destinatus
943 409 1140 482 (Epist.
1178 413 1268 478 77,
1295 425 1351 464 n.
1406 411 1460 477 2,
1485 414 1536 466 et
1579 413 1758 482 Epist.
1805 415 1896 482 78,
1937 429 1991 467 η.
2026 413 2099 482 2).

396 504 475 558 De
507 503 661 556 Laeto
709 516 940 572 quoque
987 499 1368 566 adolescente,
1423 499 1524 570 qui
1573 501 1836 572 perfecta:
1872 500 2002 556 vitae
2031 500 2103 556 ti-

396 587 680 644 rocinium
709 587 865 658 apud
902 584 1288 658 Augustinum
1318 592 1608 658 posuerat,
1663 593 1719 643 et
1771 587 2107 660 aliquandiu

401 692 534 730 cum
567 691 633 730 eo
659 678 966 740 manserat,
1026 677 1123 728 aut
1149 673 1208 727 in
1251 674 1374 744 ejus
1404 675 1595 743 domo,
1653 676 1700 730 si
1738 677 1930 744 laicos,
1963 692 2106 748 quos

404 763 695 819 clericatui
727 762 1067 826 destinabat,
1100 761 1158 816 in
1207 779 1330 816 eam
1375 763 1720 835 admitteret,
1763 765 1914 820 idem
1953 763 2108 836 quod

399 853 471 908 de
501 853 610 922 Spe
639 850 966 905 existimare
995 850 1146 905 licet.
1183 851 1367 906 Laetus
1396 851 1492 906 ille
1523 852 1702 907 animi
1754 853 1843 907 sui
1881 853 2100 908 fervore

396 941 706 996 maximam
736 939 1008 994 fratribus
1048 939 1308 994 laetitiam
1353 942 1642 996 attulerat.
1685 940 2096 996 Animadvertit

395 1035 591 1086 tamen
639 1028 1017 1101 Augustinus,
1076 1044 1208 1083 eum
1259 1029 1587 1084 domesticis
1637 1030 1789 1085 curis
1840 1047 1874 1084 a
1909 1029 2104 1085 divino

399 1118 590 1173 studio
619 1118 994 1184 retardatum,
1023 1117 1161 1172 ferri
1188 1117 1380 1188 potius
1418 1122 1473 1173 et
1500 1118 1631 1173 duci
1669 1136 1701 1173 a
1731 1135 1894 1174 cruce
1922 1136 2022 1174 sua
2052 1124 2112 1174 et

399 1205 584 1260 carnis
624 1221 742 1260 suae
788 1204 1141 1273 inﬁrmitate,
1187 1222 1362 1277 quam
1408 1205 1567 1261 illam
1597 1206 1744 1262 ferre
1777 1223 1840 1261 ac
1881 1207 2104 1262 ducere.

402 1294 467 1348 Et
491 1294 680 1365 reipsa
703 1298 932 1349 coactus
961 1299 1046 1349 est
1086 1294 1157 1349 ab
1214 1293 1531 1366 Augustino
1562 1295 1869 1364 discedere,
1920 1300 1976 1350 et
2005 1296 2108 1351 do-

401 1399 561 1438 mum
588 1399 749 1438 suam
777 1386 1060 1454 repetere,
1108 1385 1170 1437 ut
1198 1398 1288 1437 res
1329 1383 1670 1438 domesticas
1716 1389 2107 1457 componeret,

401 1487 468 1526 ea
523 1476 714 1526 mente
753 1477 818 1527 ut
849 1473 992 1543 jugo
1043 1471 1352 1526 mandante
1406 1471 1693 1527 servitutis
1726 1487 1998 1539 excusso,
2051 1487 2112 1526 se

399 1561 641 1616 vinculis
671 1560 966 1632 sapientiae
997 1560 1159 1615 daret
1187 1560 1340 1615 ultro
1384 1560 1916 1632 constringendam.
1950 1562 2110 1615 Atta-

400 1666 534 1705 men
564 1649 719 1704 domi
747 1665 862 1703 sua:
892 1648 1155 1720 plurimis
1184 1647 1597 1704 tentationibus
1627 1648 1983 1704 conflictatus
2005 1654 2107 1704 est.

401 1737 632 1810 Reperit
653 1737 766 1792 illic
804 1737 950 1793 servi
983 1738 1201 1809 fugam,
1232 1742 1478 1793 mortem
1509 1737 1866 1809 ancillarum,
1896 1753 2110 1809 mgram

396 1826 640 1882 fratrum
679 1827 1092 1894 valetudinem,
1139 1831 1195 1881 et
1240 1827 1527 1898 praecipue
1557 1828 1834 1898 lacrymas
1875 1827 2092 1895 matris,

403 1932 533 1988 quae
562 1931 696 1970 eum
724 1914 1006 1971 irretitum
1029 1917 1100 1970 ab
1128 1915 1390 1971 instituto
1409 1931 1579 1970 cursu
1608 1915 1923 1983 revocabat,
1956 1915 2109 1980 Qua-

395 2010 630 2076 propter
693 2004 762 2058 ad
817 2005 1021 2060 fratres
1087 2021 1220 2060 suos
1277 2003 1688 2076 (Hipponensis
1744 2003 2108 2068 monasterii,

401 2110 504 2149 seu
528 2094 803 2151 laicorum
844 2110 947 2149 seu
986 2094 1363 2163 clericorum),
1395 2093 1614 2165 aliquid
1653 2093 1840 2148 solatii
1885 2092 2106 2148 sollici-

398 2181 693 2238 tudinibus
744 2183 859 2237 suis
915 2183 1261 2252 quaesiturus
1314 2183 1616 2254 epistolam
1664 2183 1843 2249 misit,
1892 2183 1954 2236 in
1998 2197 2112 2253 qua

401 2270 1074 2326 insinuabatdesiderare
1104 2288 1162 2326 se
1195 2271 1412 2326 litteras
1441 2271 1772 2343 Augustini.
1812 2272 1972 2325 Hunc
2009 2269 2107 2324 do-

398 2359 486 2413 lor
513 2359 583 2414 de
609 2359 821 2415 infelici
855 2364 1006 2414 statu
1042 2359 1178 2414 Laeti
1207 2365 1518 2431 conceptus
1565 2359 1702 2415 satis
1729 2360 1992 2430 urgebat,
2041 2360 2107 2411 ut

405 2446 587 2519 ipsius
619 2448 897 2504 desiderio
927 2465 1046 2504 non
1076 2454 1334 2520 negaret,
1362 2449 1519 2521 quod
1572 2465 1630 2503 se
1659 2448 1888 2503 videbat
1923 2445 2112 2502 oflicio

406 2538 614 2594 debere
654 2538 962 2593 charitatis.
995 2537 1469 2594 Ardentissimam
1499 2537 1678 2610 igitur
1709 2537 1778 2592 ad
1810 2552 1940 2591 eum
1971 2535 2110 2591 scri-

403 2627 518 2700 psit
547 2627 844 2698 epistolam
878 2627 1080 2698 (Epist.
1109 2629 1254 2698 243),
1303 2643 1416 2699 qua
1471 2627 1636 2682 illum
1673 2627 2010 2682 hortabatur
2037 2625 2107 2679 ad

404 2720 767 2770 terrenarum
812 2732 1007 2771 rerum
1056 2719 1470 2787 contemptum,
1502 2721 1560 2772 et
1603 2716 1674 2771 ad
1720 2715 1915 2770 matris
1946 2730 2105 2768 amo-

404 2821 528 2860 rem
587 2804 850 2860 charitati
907 2804 1114 2862 Christi
1182 2809 1237 2859 et
1303 2804 1580 2874 Ecclesiae,
1653 2819 1885 2876 sumque
1941 2800 2110 2857 saluti

401 2893 892 2964 postponendum.
931 2893 1140 2949 Suadet
1167 2892 1362 2965 itaque
1388 2897 1450 2947 ut
1476 2893 1771 2948 facultates
1793 2909 1923 2947 suas
1943 2889 2111 2946 matri

404 2987 460 3037 et
487 2981 811 3037 domesticis
837 2982 970 3048 suis,
1005 2981 1052 3036 si
1078 2982 1273 3037 forsan
1301 2982 1390 3037 his
1417 2982 1759 3054 indigeant}!
1774 2982 2064 3053 relinquat
2094 2997 2108 3047 ;

407 3073 531 3126 tum
560 3070 675 3126 illis
722 3071 990 3126 nuntium
1047 3071 1300 3126 remittat
1331 3088 1344 3126 :
1377 3087 1449 3125 ne
1502 3072 1784 3142 majorem
1821 3070 2111 3125 tristitiam

400 3163 632 3231 torpore
659 3176 762 3214 suo
790 3159 1060 3214 fratribus
1087 3159 1292 3231 pariat,
1335 3175 1509 3230 quam
1531 3159 1793 3214 laetitiam
1822 3159 2111 3213 alacritate

402 3247 647 3320 pristina
674 3247 924 3301 dederat.
960 3249 1150 3302 Monet
1173 3250 1238 3301 ut
1267 3248 1453 3301 studio
1506 3246 1919 3318 cognoscendae
1971 3246 2114 3301 veri-

403 3336 536 3392 tatis
565 3339 743 3402 vacet,
776 3350 1016 3407 seseque
1053 3337 1125 3390 ad
1171 3335 1513 3408 evangelicae
1560 3334 1983 3406 praedicationis
2021 3335 2106 3390 of-

403 3424 602 3481 ﬁcium
631 3428 962 3494 comparet;
996 3423 1298 3479 Ecclesiam
1345 3423 1606 3496 indigere
1648 3424 1886 3492 auxilio,
1919 3429 1985 3480 ut
2014 3424 2110 3479 ad-

407 3528 605 3570 versus
632 3512 886 3566 hostium
914 3528 1150 3567 suorum
1186 3512 1450 3568 incursus
1479 3516 1896 3584 propugnetur,
1942 3517 2114 3585 atque

405 3606 474 3657 ut
525 3601 748 3674 parvuli
805 3602 928 3674 ejus
978 3601 1104 3669 ﬁlii,
1163 3606 1358 3657 contra
1422 3603 1802 3674 quorumdam
1859 3602 2114 3658 ﬁliorum

407 3706 643 3746 suorum
670 3690 955 3762 ignaviam
1000 3696 1171 3763 atque
1201 3696 1515 3764 torporem,
1548 3692 1788 3747 aliorum
1834 3690 2111 3759 ﬁliorum,

407 3794 656 3852 quorum
690 3795 720 3833 e
750 3795 990 3835 numero
1020 3784 1158 3846 erat,
1192 3781 1381 3836 calore
1430 3781 1750 3836 foveantur.
1775 3781 1854 3835 Ex
1900 3779 2109 3852 quibus

407 3867 677 3940 colligere
725 3868 876 3936 licet,
932 3885 1064 3925 eum
1117 3870 1379 3926 Ecclesiae
1443 3869 1763 3928 ministerio
1807 3869 1982 3925 fuisse
2038 3869 2110 3923 ab

409 3957 732 4030 Augustino
770 3957 1118 4014 destinatum
1131 4001 1145 4015 .

482 4049 535 4102 8.
565 4047 708 4102 Cum
736 4045 916 4118 igitur
938 4046 1294 4118 Augustinus
1323 4047 1386 4103 in
1411 4046 1688 4118 episcopii
1717 4047 1889 4102 domo
1919 4062 2114 4102 secum

407 4135 642 4192 clericos
673 4152 806 4190 suos
842 4135 1098 4203 haberet,
1127 4151 1258 4190 cum
1286 4136 1491 4191 iisdem
1544 4137 1792 4190 formam
1835 4136 1966 4190 vitae
2004 4134 2117 4207 pri-

407 4241 634 4280 morum
687 4223 1146 4279 Christianorum
1192 4224 1562 4296 Jerosolymis
1604 4224 1955 4294 degentium,
1988 4224 2118 4295 qui-

415 4314 524 4370 bus
550 4317 715 4368 erant
745 4312 938 4367 omnia
955 4313 1302 4380 communia,
1329 4312 1473 4367 nihil
1493 4313 1816 4385 proprium,
1836 4317 2117 4384 quantum

408 4407 652 4475 poterat,
685 4402 1009 4456 sectabatur
1039 4401 1230 4473 (Serm.
1274 4405 1397 4469 355,
1429 4418 1476 4457 c.
1513 4406 1561 4471 1,
1593 4418 1649 4457 n.
1682 4405 1754 4470 2;
1791 4403 1963 4458 Serm.
1992 4405 2114 4471 356,

407 4509 465 4548 η.
504 4493 572 4563 1).
608 4493 670 4546 In
698 4491 852 4545 illius
889 4491 1156 4547 societate
1185 4491 1330 4547 nulli
1354 4491 1568 4548 licebat
1594 4507 1762 4547 suum
1785 4491 2000 4563 aliquid
2026 4492 2115 4546 di-

409 4596 559 4644 cere,
592 4581 693 4635 sed
723 4580 916 4635 omnia
945 4580 1212 4636 omnibus
1241 4585 1406 4636 erant
1452 4579 1781 4635 communia
1812 4595 1826 4634 :
1869 4585 1926 4634 et
1950 4583 2115 4651 quot-

416 4674 560 4742 quot
587 4669 648 4724 in
675 4686 802 4725 eam
826 4670 1297 4741 admittebantur,
1329 4670 1474 4724 hanc
1504 4670 1612 4725 sibi
1640 4670 1825 4741 legem
1865 4669 2120 4723 sciebant

419 4758 747 4830 impositam
769 4760 968 4830 (Serm.
998 4763 1120 4829 355,
1152 4776 1199 4815 c.
1220 4763 1334 4829 2,n.
1368 4763 1437 4828 2;
1470 4761 1640 4817 Serm.
1668 4763 1792 4830 356,
1820 4775 1873 4814 η.
1910 4758 1987 4829 2).
2019 4759 2121 4812 Ne-

415 4863 527 4920 que
547 4864 680 4904 vero
711 4849 892 4904 ullum
913 4849 1214 4905 ordinabat
1227 4848 1516 4917 clericum,
1530 4848 1642 4904 nisi
1671 4849 1770 4920 qui
1796 4863 1990 4904 secum
2002 4847 2106 4902 sub

418 4953 484 4992 ea
513 4937 840 4993 conditione
861 4954 1093 4993 manere
1122 4938 1292 4994 vellet
1323 4954 1336 4993 :
1373 4943 1436 4992 ut
1473 4939 1519 4993 si
1551 4938 1681 5010 quis
1718 4937 2055 4993 descisceret
2087 4951 2118 4991 e

409 5027 732 5098 proposito,
775 5027 859 5081 illi
883 5026 1213 5082 clericatum
1247 5027 1518 5095 auferret,
1561 5043 1809 5098 eumque
1837 5026 1996 5080 velut
2034 5041 2118 5079 sa-

409 5132 521 5172 crae
559 5115 843 5170 societatis
868 5121 1165 5187 susceptas,
1217 5120 1273 5171 et
1329 5121 1540 5171 sanctas
1587 5115 1962 5186 professionis
2021 5114 2120 5167 de-

411 5210 690 5260 sertorem
727 5205 798 5260 de
828 5205 1004 5275 gradu
1037 5205 1308 5276 dejiceret
1359 5207 1554 5274 (Serm.
1599 5208 1725 5273 356,
1778 5219 1871 5258 nn.
1918 5205 1972 5273 6,
2009 5204 2118 5270 14).

413 5292 504 5349 Sic
549 5310 748 5350 omnes
799 5293 992 5348 clerici
1048 5310 1178 5348 cum
1241 5309 1309 5349 eo
1374 5309 1656 5366 pauperes
1703 5296 1884 5356 erant,
1949 5290 2122 5346 simul

413 5385 804 5458 praestolantes
834 5383 1288 5438 misericordiam
1346 5383 1450 5437 Dei
1498 5399 1562 5436 ex
1595 5379 1872 5436 reditibus
1900 5395 2121 5450 posses-

417 5473 649 5530 sionum
681 5472 962 5541 Ecclesiae,
993 5474 1081 5527 vel
1123 5488 1188 5527 ex
1233 5471 1617 5528 oblationibus
1658 5468 1937 5535 ﬁdelium,
1994 5485 2124 5540 qua:

423 5557 664 5636 singulis
692 5579 797 5636 pro
824 5562 1100 5638 cujusque
1131 5560 1452 5635 indigentia
1477 5557 1962 5617 distribuebantur
1982 5559 2131 5625 (Pos-

1660 289 1834 348 VITA
1874 290 1929 346 S.
1973 285 2360 345 AUGUSTINI
2401 285 2740 343 EPISCOPI.

3820 280 3925 334 224

2212 411 2408 478 sidius,
2441 414 2500 466 in
2528 413 2660 466 Vita
2716 409 3034 478 Augustini,
3088 422 3133 462 ο.
3165 405 3277 476 23).
3311 403 3528 471 Quibus
3579 403 3777 475 aliqua
3837 420 3929 458 res

2212 500 2509 556 familiaris
2547 503 2686 566 erat,
2719 515 2846 553 eam
2893 501 2992 552 aut
3030 511 3267 567 erogare
3309 492 3687 566 pauperibus,
3720 497 3826 546 aut
3863 493 3923 546 in

2214 606 2514 645 commune
2554 589 2831 654 conferre,
2876 591 2974 641 aut
2993 585 3196 658 quovis
3226 584 3398 639 modo
3429 582 3722 637 remittere
3754 584 3924 635 tene-

2213 680 2422 734 bantur
2452 681 2633 747 (Serm.
2666 680 2787 745 355,
2818 693 2873 730 n.
2917 679 2991 743 2).
3027 675 3134 740 Qui
3171 673 3315 728 nihil
3367 671 3751 734 contulerant,
3806 685 3926 723 non

2214 768 2677 823 discernebantur
2727 767 2798 821 ab
2846 765 2928 819 eis
2970 764 3070 836 qui
3113 763 3332 835 aliquid
3362 757 3687 817 attulissent
3734 760 3925 826 (Serm.

2216 861 2340 927 356,
2371 873 2426 913 n.
2472 857 2544 927 8).
2605 855 2662 910 Si
2715 871 2860 926 quos
2898 868 3081 922 aegros
3127 856 3226 906 aut
3281 867 3345 905 ex
3393 849 3596 904 morbo
3654 846 3930 902 convale-

2215 948 2432 998 scentes
2453 942 2753 998 necessitas
2774 946 3005 1012 cogeret
3017 944 3148 995 ante
3179 941 3380 994 horam
3402 938 3632 1010 prandii
3663 936 3924 1001 reﬁcere,

2216 1049 2330 1088 non
2361 1032 2700 1103 prohibebat
2753 1030 2988 1102 quidem
3044 1029 3395 1100 Augustinus
3449 1027 3519 1082 iis
3558 1025 3712 1081 mitti
3770 1024 3930 1097 quod

2217 1119 2460 1174 aliorum
2490 1119 2674 1191 pietas
2704 1117 3014 1185 offerebat;
3066 1117 3165 1172 sed
3195 1133 3291 1171 eos
3318 1115 3626 1188 prandium
3681 1117 3786 1168 aut
3813 1128 3929 1166 coe-

2217 1225 2350 1264 nam
2381 1213 2538 1264 extra
2585 1223 2809 1263 sumere
2857 1223 2972 1261 non
3020 1205 3389 1276 permittebat
3443 1203 3627 1275 (lbid.,
3694 1218 3754 1257 η.
3809 1200 3924 1270 13).

2218 1299 2358 1354 Cum
2397 1298 2468 1353 iis
2496 1313 2721 1370 semper
2758 1296 3108 1367 Augustinus
3153 1311 3270 1350 una
3306 1295 3498 1361 domo,
3539 1308 3659 1347 una
3699 1306 3927 1352 mensa,

2218 1387 2656 1460 sumptibusque
2687 1385 3092 1441 communibus
3150 1384 3410 1439 alebatur
3448 1386 3506 1437 et
3549 1380 3928 1436 vestiebatur.

2219 1477 2457 1532 Nolebat
2475 1477 2682 1531 habere
2703 1475 2998 1548 quidpiam
3023 1473 3134 1528 nisi
3168 1487 3494 1539 commune,
3543 1471 3633 1525 vel
3661 1469 3928 1540 accipere

2218 1566 2332 1621 nisi
2362 1566 2421 1620 in
2447 1580 2750 1621 commune
2783 1581 2798 1619 :
2832 1568 2889 1618 et
2917 1563 2964 1618 si
2995 1562 3121 1635 quis
3147 1562 3364 1634 aliquid
3399 1559 3530 1631 ipsi,
3569 1559 3726 1632 quod
3767 1574 3930 1613 com-

2220 1672 2394 1711 mune
2434 1671 2556 1709 esse
2599 1670 2715 1709 non
2762 1656 2972 1725 posset,
3023 1652 3291 1718 offerret;
3347 1650 3508 1715 illud,
3554 1653 3618 1703 ut
3672 1647 3931 1720 pretium

2219 1749 2366 1800 esset
2408 1759 2732 1811 commune,
2766 1741 3063 1796 vendebat.
3112 1741 3646 1810 Indisciplinationes
3692 1751 3927 1806 quoque,

2219 1835 2299 1890 ait
2324 1833 2630 1901 Possidius,
2665 1837 2714 1887 et
2752 1833 3202 1900 transgressiones
3245 1843 3462 1884 suorum
3491 1844 3525 1882 a
3550 1827 3740 1894 regula
3781 1829 3932 1878 recta

2217 1930 2268 1979 et
2309 1923 2600 1990 honestate,
2648 1921 2910 1990 arguebat
2955 1925 3006 1975 et
3053 1919 3336 1985 tolerabat,
3393 1921 3657 1988 quantum
3709 1914 3934 1968 decebat

2218 2018 2268 2067 et
2305 2012 2583 2082 oportebat
2611 2026 2624 2065 :
2657 2012 2715 2064 in
2746 2011 2947 2065 talibus
2968 2007 3244 2078 praecipue
3273 2007 3461 2062 dooms
3491 2021 3556 2060 ne
3595 2005 3931 2072 cujusquam

2219 2118 2308 2156 cor
2335 2102 2698 2154 declinaretur
2723 2101 2781 2153 in
2801 2099 2964 2153 verba
2991 2099 3237 2166 maligna
3283 2096 3357 2150 ad
3385 2094 3724 2150 excusandas
3754 2108 3928 2147 excu-

2217 2192 2451 2244 sationes
2499 2190 2556 2242 in
2594 2189 2852 2258 peccatis.
2913 2189 2983 2242 Et
3019 2187 3149 2240 dum
3191 2187 3417 2253 quisque
3463 2183 3680 2253 offerret
3728 2197 3930 2234 munus

2219 2295 2373 2335 suum
2414 2279 2487 2331 ad
2515 2279 2708 2341 altare,
2737 2283 2786 2332 et
2817 2278 2931 2331 illic
2976 2275 3290 2330 recordatus
3338 2275 3534 2340 fuisset
3567 2271 3713 2342 quod
3748 2272 3932 2336 frater

2219 2383 2346 2422 suus
2378 2366 2595 2420 haberet
2623 2365 2840 2435 aliquid
2869 2364 3128 2419 adversus
3169 2364 3342 2430 illum,
3371 2361 3787 2430 relinquendum
3817 2375 3930 2414 esse

2220 2471 2413 2510 munus
2443 2460 2566 2509 ante
2594 2456 2786 2522 altare,
2810 2458 2972 2522 atque
2997 2453 3230 2507 eundum
3256 2467 3359 2521 quo
3397 2452 3570 2519 fratri
3612 2449 3928 2504 reconcilie-

2223 2549 2346 2612 tur;
2379 2549 2429 2598 et
2480 2549 2602 2597 tunc
2657 2543 3000 2609 veniendum,
3051 2546 3102 2596 et
3130 2556 3324 2596 munus
3377 2539 3450 2594 ad
3479 2540 3654 2594 altare
3682 2537 3925 2606 offeren-

2221 2634 2367 2688 dum.
2429 2635 2491 2689 Si
2542 2648 2663 2688 vero
2728 2635 2844 2702 ipse
2897 2632 3158 2686 adversus
3214 2632 3447 2698 fratrem
3499 2643 3660 2682 suum
3707 2625 3927 2694 aliquid

2221 2724 2458 2788 haberet,
2492 2723 2759 2792 corripere
2778 2738 2894 2776 eum
2926 2721 3113 2775 debere
3142 2722 3200 2773 in
3216 2723 3377 2789 parte
3400 2735 3413 2784 ;
3441 2722 3490 2772 et
3517 2719 3568 2772 si
3595 2732 3715 2773 eum
3743 2715 3929 2769 audis-

2219 2818 2316 2878 set,
2346 2813 2587 2867 lucratus
2618 2815 2752 2866 esset
2781 2826 2938 2865 suum
2965 2813 3197 2878 fratrem
3227 2825 3239 2863 :
3272 2810 3359 2863 sin
3400 2810 3598 2872 minus,
3652 2804 3928 2859 adhiben-

2220 2902 2348 2955 dum
2373 2916 2483 2955 esse
2524 2915 2690 2954 unum
2749 2903 2842 2953 aut
2887 2899 3020 2954 duos
3055 2914 3067 2952 :
3101 2897 3245 2967 quod
3271 2899 3321 2951 si
3361 2901 3411 2950 ct
3440 2898 3584 2966 ipsos
3631 2898 3932 2949 contemne-

2219 2995 2318 3057 ret,
2359 2991 2645 3045 Ecclesium
2673 2988 3074 3043 adhibendam:
3107 2989 3193 3041 sin
3221 3001 3343 3041 vero
3382 2989 3431 3040 et
3479 2986 3601 3039 huic
3642 2999 3752 3038 non
3802 2983 3932 3037 obe-

2220 3079 2381 3143 dirct,
2433 3084 2566 3133 esset
2612 3078 2700 3132 illi
2750 3082 2810 3132 ut
2865 3078 3106 3131 ethnicus
3159 3080 3210 3130 et
3260 3075 3607 3145 publicanus.
3663 3075 3736 3128 Et
3791 3071 3932 3125 illud

2220 3167 2444 3234 addens,
2502 3171 2562 3220 ut
2607 3167 2782 3232 fratri
2847 3161 3100 3234 pecdanti
3154 3169 3204 3219 et
3253 3165 3465 3218 veniam
3519 3163 3743 3232 petenti,
3812 3175 3923 3213 non

2224 3258 2438 3325 septies,
2467 3255 2562 3309 sed
2591 3255 2897 3325 septuagies
2925 3255 3121 3322 septies
3150 3251 3401 3308 delictum
3451 3252 3751 3317 relaxetur,
3786 3249 3928 3303 sicut

2229 3346 2458 3413 quisque
2487 3360 2520 3396 a
2545 3345 2768 3398 Domino
2807 3342 3049 3411 quotidie
3077 3342 3184 3396 sibi
3205 3341 3451 3411 postulat
3479 3339 3728 3393 relaxari
3773 3337 3931 3408 (Pos-

2220 3433 2422 3500 sidius,
2457 3437 2513 3487 in
2551 3433 2679 3488 Vita
2707 3432 3028 3497 Augustini,
3067 3445 3111 3484 c.
3146 3429 3258 3500 25).
3305 3429 3463 3483 Istud
3515 3427 3770 3498 profecto
3804 3427 3932 3480 Pos-

2222 3523 2401 3578 sidius
2441 3522 2591 3576 inter
2620 3520 2926 3592 Augustini
2951 3524 3074 3575 acta
3102 3535 3218 3574 non
3245 3518 3319 3573 ob
3349 3517 3503 3572 aliud
3552 3517 3772 3585 retulit,
3823 3516 3935 3570 nisi

2221 3616 2286 3667 ut
2307 3612 2433 3683 ejus
2476 3610 2769 3682 propriam
2811 3609 3118 3681 quamdam
3169 3606 3614 3663 sollicitudinem
3643 3605 3932 3660 studium-

2223 3713 2333 3768 que
2364 3696 2814 3761 commendaret,
2849 3710 2963 3766 quo
2984 3693 3244 3749 videlicet
3269 3696 3494 3747 sanctus
3526 3689 3841 3762 Episcopus
3872 3689 3932 3744 in

2221 3786 2330 3840 hoc
2359 3785 2608 3840 maxime
2639 3783 3026 3852 incumbebat,
3059 3786 3124 3838 ut
3160 3781 3301 3836 citra
3327 3779 3722 3852 exceptionem
3752 3781 3931 3834 ullam

2221 3874 2408 3944 ﬁeret,
2449 3874 2602 3945 quod
2628 3890 2694 3927 ea
2725 3873 2794 3927 de
2823 3889 2883 3927 re
2917 3871 3190 3926 Dominus
3220 3875 3412 3925 noster
3440 3868 3761 3939 imperavit.

2293 3966 2345 4018 9.
2399 3966 2744 4018 Feminarum
2810 3963 2959 4016 intra
3025 3961 3240 4015 domum
3295 3960 3410 4028 ejus
3469 3959 3624 4013 nulla
3688 3972 3934 4026 unquam

2221 4057 2536 4107 conuersata
2564 4055 2660 4119 est,
2692 4051 2847 4106 nulla
2876 4052 3098 4111 mansit,
3131 4065 3197 4104 ne
3227 4048 3445 4118 quidem
3483 4061 3741 4116 germana
3779 4061 3936 4100 soror

2223 4157 2341 4212 quae
2362 4141 2532 4194 vidua
2561 4143 2664 4194 Deo
2713 4142 2944 4194 serviens
2979 4140 3145 4192 multo
3198 4142 3430 4206 tempore
3488 4151 3657 4206 usque
3685 4150 3749 4189 en
3789 4135 3937 4189 diem

2222 4231 2401 4285 obitus
2465 4231 2554 4283 sui
2601 4230 2902 4298 praeposita
2947 4227 3274 4282 ancillarum
3331 4226 3428 4279 Dei
3477 4225 3656 4290 vixit;
3697 4222 3793 4277 sed
3840 4239 3936 4277 nec

2219 4321 2414 4388 patrui
2439 4320 2528 4372 sui
2543 4319 2691 4387 ﬁliae,
2725 4322 2776 4372 et
2822 4319 3021 4384 fratris
3060 4318 3175 4370 suis
3221 4315 3367 4384 ﬁlim,
3403 4329 3520 4382 quae
3567 4315 3782 4383 pariter
3828 4315 3936 4366 Deo

2221 4407 2527 4463 serviebant
2559 4423 2571 4460 :
2603 4421 2739 4477 quas
2767 4421 3026 4476 personas
3056 4409 3366 4461 sanctorum
3405 4405 3775 4472 episcoporum
3805 4417 3932 4456 con-

2225 4498 2352 4552 cilia
2381 4499 2440 4550 in
2469 4498 2705 4565 exceptis
2746 4498 3060 4565 posuerunt.
3120 4494 3337 4548 Dicebat
3379 4507 3524 4556 vero,
3558 4493 3692 4561 quia
3725 4491 3829 4547 etsi
3869 4490 3937 4544 de

2224 4599 2403 4640 sorore
2456 4589 2507 4638 et
2561 4585 2812 4654 neptibus
2858 4598 3037 4638 secum
3083 4581 3534 4636 commorantibus
3574 4581 3728 4634 nulla
3778 4581 3936 4632 nasci

2221 4677 2398 4743 posset
2455 4672 2605 4727 mala
2650 4673 2929 4741 suspicio;
2991 4676 3170 4726 tamen
3226 4670 3482 4738 quoniam
3533 4668 3640 4722 illa
3693 4681 3938 4735 persona

2223 4765 2338 4817 sine
2378 4763 2507 4816 aliis
2535 4762 2855 4816 necessariis
2890 4773 3171 4828 secumque
3194 4757 3535 4812 manentibus
3559 4757 3778 4824 feminis
3825 4771 3938 4810 esse

2225 4867 2332 4907 non
2362 4855 2598 4920 possent,
2649 4855 2699 4904 et
2742 4849 2886 4920 quod
2932 4849 3006 4902 ad
3051 4862 3139 4902 eas
3191 4847 3314 4902 alia:
3343 4848 3506 4901 etiam
3533 4862 3567 4898 a
3589 4847 3727 4912 foris
3759 4843 3937 4898 intra-

2224 4944 2362 5006 rent,
2397 4940 2463 4994 de
2493 4941 2580 4994 his
2606 4954 2763 5009 posse
2790 4937 3172 5007 offendiculum
3203 4940 3299 4990 aut
3326 4934 3648 4990 scandalum
3676 4935 3939 5002 inﬁrmio—

2226 5029 2378 5082 ribus
2429 5029 2619 5094 nasci;
2679 5031 2729 5081 et
2782 5028 2905 5080 illos
2950 5027 3048 5095 qui
3089 5039 3208 5078 cum
3271 5025 3516 5093 episcopo
3573 5022 3656 5075 vel
3705 5021 3944 5090 quolibet

2227 5118 2418 5171 clerico
2444 5117 2593 5183 forte
2613 5120 2913 5183 manerent,
2945 5130 3013 5168 ea:
3040 5115 3153 5168 illis
3174 5112 3420 5167 omnibus
3459 5112 3789 5178 feminarum
3813 5125 3942 5178 per-

2228 5207 2373 5258 sonis
2404 5219 2560 5272 posse
2583 5220 2694 5258 una
2744 5203 3204 5258 commorantibus
3260 5202 3342 5255 vel
3373 5199 3813 5264 adventantibus,
3847 5203 3944 5251 aut

2230 5293 2616 5347 tentationibus
2643 5295 2896 5347 humanis
2922 5294 3121 5361 perire,
3157 5294 3254 5344 aut
3283 5294 3422 5344 certe
3468 5289 3626 5360 malis
3669 5288 3941 5341 hominum

2229 5381 2622 5449 suspicionibus
2671 5384 2898 5451 pessime
2951 5380 3254 5449 diffamari.
3308 5378 3383 5433 0b
3415 5377 3510 5431 hoc
3555 5392 3680 5443 ergo
3709 5376 3939 5435 dicebat,

2231 5483 2511 5536 nunquam
2537 5468 2724 5523 debere
2751 5470 2987 5536 feminas
3017 5482 3137 5523 cum
3165 5468 3335 5521 servis
3366 5467 3482 5531 Dei,
3515 5467 3680 5519 etiam
3705 5466 3942 5519 castissi-

2237 5559 2358 5624 mis,
2399 5571 2511 5611 una
2551 5573 2764 5614 manere
2813 5559 2988 5625 domo,
3052 5572 3136 5624 ne,
3187 5560 3247 5611 ut
3302 5556 3508 5611 dictum
3561 5558 3658 5619 est,
3717 5553 3943 5625 aliquod
