  <div class='ocr_page' id='page_1' title='image "/cluster/home/n/w/nwhite01/storage/ocr_20150623/32/umn.31951002477326y/124.png"; bbox 0 0 4060 6346; ppageno 0'>
   <div class='ocr_carea' id='block_1_1' title="bbox 132 298 238 349">
    <p class='ocr_par' dir='ltr' id='par_1_1' title="bbox 132 298 238 349">
     <span class='ocr_line' id='line_1_1' title="bbox 132 298 238 349; baseline 0 0"><span class='ocrx_word' id='word_1_1' title='bbox 132 298 238 349; x_wconf 78' lang='lat'><strong><em>225</em></strong></span> 
     </span>
    </p>
   </div>
   <div class='ocr_carea' id='block_1_2' title="bbox 1591 298 2217 366">
    <p class='ocr_par' dir='ltr' id='par_1_2' title="bbox 1591 298 2217 366">
     <span class='ocr_line' id='line_1_2' title="bbox 1591 298 2217 366; baseline 0.003 -12"><span class='ocrx_word' id='word_1_2' title='bbox 1591 298 1807 355; x_wconf 76' lang='lat' dir='ltr'><strong>LIBER</strong></span> <span class='ocrx_word' id='word_1_3' title='bbox 1861 298 2217 366; x_wconf 79' lang='lat' dir='ltr'><strong><em>QUARTUS.</em></strong></span> 
     </span>
    </p>
   </div>
   <div class='ocr_carea' id='block_1_3' title="bbox 3530 314 3635 368">
    <p class='ocr_par' dir='ltr' id='par_1_3' title="bbox 3530 314 3635 368">
     <span class='ocr_line' id='line_1_3' title="bbox 3530 314 3635 368; baseline -0.01 0"><span class='ocrx_word' id='word_1_4' title='bbox 3530 314 3635 368; x_wconf 83' lang='lat'><strong><em>226</em></strong></span> 
     </span>
    </p>
   </div>
   <div class='ocr_carea' id='block_1_4' title="bbox 122 419 3634 499">
    <p class='ocr_par' dir='ltr' id='par_1_4' title="bbox 122 419 3634 499">
     <span class='ocr_line' id='line_1_4' title="bbox 122 419 3634 499; baseline 0.004 -24"><span class='ocrx_word' id='word_1_5' title='bbox 122 419 448 475; x_wconf 84' lang='lat' dir='ltr'><strong><em>scandalum</em></strong></span> <span class='ocrx_word' id='word_1_6' title='bbox 513 424 610 475; x_wconf 91' lang='lat' dir='ltr'><strong><em>aut</em></strong></span> <span class='ocrx_word' id='word_1_7' title='bbox 689 419 1068 489; x_wconf 68' lang='lat' dir='ltr'><strong><em>oﬂ&#39;endiculum</em></strong></span> <span class='ocrx_word' id='word_1_8' title='bbox 1132 422 1234 477; x_wconf 88' lang='lat' dir='ltr'><strong><em>tali</em></strong></span> <span class='ocrx_word' id='word_1_9' title='bbox 1296 422 1537 492; x_wconf 69' lang='lat' dir='ltr'><strong><em>exemplo</em></strong></span> <span class='ocrx_word' id='word_1_10' title='bbox 1594 426 1830 493; x_wconf 86' lang='lat' dir='ltr'><strong><em>ponetur</em></strong></span> <span class='ocrx_word' id='word_1_11' title='bbox 1942 422 2124 478; x_wconf 86' lang='lat' dir='ltr'><strong><em>Videri</em></strong></span> <span class='ocrx_word' id='word_1_12' title='bbox 2151 423 2336 480; x_wconf 87' lang='lat' dir='ltr'><strong><em>adhuc</em></strong></span> <span class='ocrx_word' id='word_1_13' title='bbox 2363 430 2623 497; x_wconf 87' lang='lat' dir='ltr'><strong><em>possunt,</em></strong></span> <span class='ocrx_word' id='word_1_14' title='bbox 2656 441 2806 499; x_wconf 81' lang='lat' dir='ltr'><strong><em>qua,</em></strong></span> <span class='ocrx_word' id='word_1_15' title='bbox 2843 425 2913 481; x_wconf 85' lang='lat' dir='ltr'><strong><em>ad</em></strong></span> <span class='ocrx_word' id='word_1_16' title='bbox 2941 425 3283 483; x_wconf 86' lang='lat' dir='ltr'><strong><em>refellendas</em></strong></span> <span class='ocrx_word' id='word_1_17' title='bbox 3320 430 3634 488; x_wconf 87' lang='lat' dir='ltr'><strong><em>Donatista-</em></strong></span> 
     </span>
    </p>
   </div>
   <div class='ocr_carea' id='block_1_5' title="bbox 123 510 1828 581">
    <p class='ocr_par' dir='ltr' id='par_1_5' title="bbox 123 510 1828 581">
     <span class='ocr_line' id='line_1_5' title="bbox 123 510 1828 581; baseline 0.002 -17"><span class='ocrx_word' id='word_1_18' title='bbox 123 510 519 579; x_wconf 77' lang='lat' dir='ltr'><strong><em>inﬁrmioribus</em></strong></span> <span class='ocrx_word' id='word_1_19' title='bbox 548 528 566 566; x_wconf 89' lang='lat'><strong><em>:</em></strong></span> <span class='ocrx_word' id='word_1_20' title='bbox 594 513 723 567; x_wconf 86' lang='lat' dir='ltr'><strong><em>etsi</em></strong></span> <span class='ocrx_word' id='word_1_21' title='bbox 748 512 892 577; x_wconf 88' lang='lat' dir='ltr'><strong><em>forte</em></strong></span> <span class='ocrx_word' id='word_1_22' title='bbox 913 512 982 565; x_wconf 92' lang='lat' dir='ltr'><strong><em>ab</em></strong></span> <span class='ocrx_word' id='word_1_23' title='bbox 1005 512 1285 580; x_wconf 73' lang='lat' dir='ltr'><strong><em>aliquibus</em></strong></span> <span class='ocrx_word' id='word_1_24' title='bbox 1312 514 1554 581; x_wconf 87' lang='lat' dir='ltr'><strong><em>feminis,</em></strong></span> <span class='ocrx_word' id='word_1_25' title='bbox 1579 517 1640 567; x_wconf 91' lang='lat' dir='ltr'><strong><em>ut</em></strong></span> <span class='ocrx_word' id='word_1_26' title='bbox 1665 512 1828 567; x_wconf 87' lang='lat' dir='ltr'><strong><em>vide-</em></strong></span> 
     </span>
    </p>
   </div>
   <div class='ocr_carea' id='block_1_6' title="bbox 120 600 1826 671">
    <p class='ocr_par' dir='ltr' id='par_1_6' title="bbox 120 600 1826 671">
     <span class='ocr_line' id='line_1_6' title="bbox 120 600 1826 671; baseline 0.003 -19"><span class='ocrx_word' id='word_1_27' title='bbox 120 604 299 666; x_wconf 82' lang='lat' dir='ltr'><strong><em>retur,</em></strong></span> <span class='ocrx_word' id='word_1_28' title='bbox 328 600 411 653; x_wconf 91' lang='lat' dir='ltr'><strong><em>vel</em></strong></span> <span class='ocrx_word' id='word_1_29' title='bbox 438 600 791 668; x_wconf 74' lang='lat' dir='ltr'><strong><em>salutaretur,</em></strong></span> <span class='ocrx_word' id='word_1_30' title='bbox 816 600 1141 667; x_wconf 84' lang='lat' dir='ltr'><strong><em>rogabatur;</em></strong></span> <span class='ocrx_word' id='word_1_31' title='bbox 1172 616 1453 671; x_wconf 84' lang='lat' dir='ltr'><strong><em>nunquam</em></strong></span> <span class='ocrx_word' id='word_1_32' title='bbox 1477 604 1593 656; x_wconf 91' lang='lat' dir='ltr'><strong><em>sine</em></strong></span> <span class='ocrx_word' id='word_1_33' title='bbox 1618 602 1826 657; x_wconf 77' lang='lat' dir='ltr'><strong><em>clericis</em></strong></span> 
     </span>
    </p>
   </div>
   <div class='ocr_carea' id='block_1_7' title="bbox 121 688 1827 760">
    <p class='ocr_par' dir='ltr' id='par_1_7' title="bbox 121 688 1827 760">
     <span class='ocr_line' id='line_1_7' title="bbox 121 688 1827 760; baseline 0.001 -17"><span class='ocrx_word' id='word_1_34' title='bbox 121 688 351 743; x_wconf 81' lang='lat' dir='ltr'><strong><em>testibus</em></strong></span> <span class='ocrx_word' id='word_1_35' title='bbox 382 688 455 743; x_wconf 88' lang='lat' dir='ltr'><strong><em>ad</em></strong></span> <span class='ocrx_word' id='word_1_36' title='bbox 482 703 601 743; x_wconf 91' lang='lat' dir='ltr'><strong><em>eum</em></strong></span> <span class='ocrx_word' id='word_1_37' title='bbox 636 688 939 757; x_wconf 81' lang='lat' dir='ltr'><strong><em>intrabant,</em></strong></span> <span class='ocrx_word' id='word_1_38' title='bbox 978 690 1061 744; x_wconf 90' lang='lat' dir='ltr'><strong><em>vel</em></strong></span> <span class='ocrx_word' id='word_1_39' title='bbox 1096 691 1241 745; x_wconf 90' lang='lat' dir='ltr'><strong><em>solus</em></strong></span> <span class='ocrx_word' id='word_1_40' title='bbox 1278 706 1397 746; x_wconf 89' lang='lat' dir='ltr'><strong><em>cum</em></strong></span> <span class='ocrx_word' id='word_1_41' title='bbox 1428 691 1557 746; x_wconf 91' lang='lat' dir='ltr'><strong><em>solis</em></strong></span> <span class='ocrx_word' id='word_1_42' title='bbox 1586 705 1827 760; x_wconf 81' lang='lat' dir='ltr'><strong><em>unquam</em></strong></span> 
     </span>
    </p>
   </div>
   <div class='ocr_carea' id='block_1_8' title="bbox 121 778 1821 853">
    <p class='ocr_par' dir='ltr' id='par_1_8' title="bbox 121 778 1821 853">
     <span class='ocr_line' id='line_1_8' title="bbox 121 778 1821 853; baseline 0.002 -21"><span class='ocrx_word' id='word_1_43' title='bbox 121 782 201 832; x_wconf 89' lang='lat' dir='ltr'><strong><em>est</em></strong></span> <span class='ocrx_word' id='word_1_44' title='bbox 228 778 460 844; x_wconf 87' lang='lat' dir='ltr'><strong><em>locutus,</em></strong></span> <span class='ocrx_word' id='word_1_45' title='bbox 494 792 588 833; x_wconf 91' lang='lat' dir='ltr'><strong><em>nec</em></strong></span> <span class='ocrx_word' id='word_1_46' title='bbox 625 780 677 833; x_wconf 89' lang='lat' dir='ltr'><strong><em>si</em></strong></span> <span class='ocrx_word' id='word_1_47' title='bbox 711 782 1033 833; x_wconf 88' lang='lat' dir='ltr'><strong><em>secretorum</em></strong></span> <span class='ocrx_word' id='word_1_48' title='bbox 1078 780 1293 849; x_wconf 86' lang='lat' dir='ltr'><strong><em>aliquid</em></strong></span> <span class='ocrx_word' id='word_1_49' title='bbox 1337 783 1615 836; x_wconf 83' lang='lat' dir='ltr'><strong><em>interesset</em></strong></span> <span class='ocrx_word' id='word_1_50' title='bbox 1663 780 1821 853; x_wconf 83' lang='lat' dir='ltr'><strong><em>(Ibid.</em></strong></span> 
     </span>
    </p>
   </div>
   <div class='ocr_carea' id='block_1_9' title="bbox 121 868 315 937">
    <p class='ocr_par' dir='ltr' id='par_1_9' title="bbox 121 868 315 937">
     <span class='ocr_line' id='line_1_9' title="bbox 121 868 315 937; baseline 0.005 -17"><span class='ocrx_word' id='word_1_51' title='bbox 121 882 167 921; x_wconf 91' lang='lat' dir='ltr'><strong><em>c.</em></strong></span> <span class='ocrx_word' id='word_1_52' title='bbox 196 868 315 937; x_wconf 89' lang='lat'><strong><em>26).</em></strong></span> 
     </span>
    </p>
   </div>
   <div class='ocr_carea' id='block_1_10' title="bbox 793 956 1157 1012">
    <p class='ocr_par' dir='ltr' id='par_1_10' title="bbox 793 956 1157 1012">
     <span class='ocr_line' id='line_1_10' title="bbox 793 956 1157 1012; baseline 0.003 -1"><span class='ocrx_word' id='word_1_53' title='bbox 793 956 1018 1011; x_wconf 83' lang='lat' dir='ltr'><strong><em>CAPUT</em></strong></span> <span class='ocrx_word' id='word_1_54' title='bbox 1057 957 1157 1012; x_wconf 85' lang='lat' dir='ltr'><strong><em>III.</em></strong></span> 
     </span>
    </p>
   </div>
   <div class='ocr_carea' id='block_1_11' title="bbox 122 1043 1824 1113">
    <p class='ocr_par' dir='ltr' id='par_1_11' title="bbox 122 1043 1824 1113">
     <span class='ocr_line' id='line_1_11' title="bbox 122 1043 1824 1113; baseline 0.001 -15"><span class='ocrx_word' id='word_1_55' title='bbox 122 1046 144 1097; x_wconf 78' lang='lat' dir='ltr'><strong><em>t</em></strong></span> <span class='ocrx_word' id='word_1_56' title='bbox 182 1043 526 1111; x_wconf 86' lang='lat' dir='ltr'><strong><em>Augustinus</em></strong></span> <span class='ocrx_word' id='word_1_57' title='bbox 571 1057 779 1113; x_wconf 83' lang='lat' dir='ltr'><strong><em>semper</em></strong></span> <span class='ocrx_word' id='word_1_58' title='bbox 820 1046 1001 1099; x_wconf 86' lang='lat' dir='ltr'><strong><em>animo</em></strong></span> <span class='ocrx_word' id='word_1_59' title='bbox 1048 1045 1184 1099; x_wconf 86' lang='lat' dir='ltr'><strong><em>liber</em></strong></span> <span class='ocrx_word' id='word_1_60' title='bbox 1229 1046 1288 1099; x_wconf 88' lang='lat' dir='ltr'><strong><em>in</em></strong></span> <span class='ocrx_word' id='word_1_61' title='bbox 1314 1046 1563 1101; x_wconf 85' lang='lat' dir='ltr'><strong><em>Ecclesia</em></strong></span> <span class='ocrx_word' id='word_1_62' title='bbox 1589 1061 1699 1100; x_wconf 86' lang='lat' dir='ltr'><strong><em>sua</em></strong></span> <span class='ocrx_word' id='word_1_63' title='bbox 1725 1045 1824 1100; x_wconf 88' lang='lat' dir='ltr'><strong><em>bo—</em></strong></span> 
     </span>
    </p>
   </div>
   <div class='ocr_carea' id='block_1_12' title="bbox 188 1132 1823 1201">
    <p class='ocr_par' dir='ltr' id='par_1_12' title="bbox 188 1132 1823 1201">
     <span class='ocr_line' id='line_1_12' title="bbox 188 1132 1823 1201; baseline 0.002 -16"><span class='ocrx_word' id='word_1_64' title='bbox 188 1134 279 1186; x_wconf 87' lang='lat' dir='ltr'><strong><em>nis</em></strong></span> <span class='ocrx_word' id='word_1_65' title='bbox 327 1132 801 1188; x_wconf 78' lang='lat' dir='ltr'><strong><em>administrandis.</em></strong></span> <span class='ocrx_word' id='word_1_66' title='bbox 860 1136 893 1188; x_wconf 89' lang='lat'><strong><em>2</em></strong></span> <span class='ocrx_word' id='word_1_67' title='bbox 932 1135 995 1188; x_wconf 87' lang='lat' dir='ltr'><strong><em>In</em></strong></span> <span class='ocrx_word' id='word_1_68' title='bbox 1036 1134 1231 1189; x_wconf 90' lang='lat' dir='ltr'><strong><em>iisdem</em></strong></span> <span class='ocrx_word' id='word_1_69' title='bbox 1269 1134 1403 1188; x_wconf 89' lang='lat' dir='ltr'><strong><em>data</em></strong></span> <span class='ocrx_word' id='word_1_70' title='bbox 1429 1136 1695 1201; x_wconf 84' lang='lat' dir='ltr'><strong><em>facultate</em></strong></span> <span class='ocrx_word' id='word_1_71' title='bbox 1722 1150 1823 1188; x_wconf 87' lang='lat' dir='ltr'><strong><em>au-</em></strong></span> 
     </span>
    </p>
   </div>
   <div class='ocr_carea' id='block_1_13' title="bbox 191 1220 1823 1292">
    <p class='ocr_par' dir='ltr' id='par_1_13' title="bbox 191 1220 1823 1292">
     <span class='ocr_line' id='line_1_13' title="bbox 191 1220 1823 1292; baseline 0.001 -17"><span class='ocrx_word' id='word_1_72' title='bbox 191 1220 384 1289; x_wconf 86' lang='lat' dir='ltr'><strong><em>gendis</em></strong></span> <span class='ocrx_word' id='word_1_73' title='bbox 414 1225 680 1289; x_wconf 88' lang='lat' dir='ltr'><strong><em>quantum</em></strong></span> <span class='ocrx_word' id='word_1_74' title='bbox 720 1222 931 1281; x_wconf 83' lang='lat' dir='ltr'><strong><em>alienus</em></strong></span> <span class='ocrx_word' id='word_1_75' title='bbox 967 1221 1035 1276; x_wconf 89' lang='lat' dir='ltr'><strong><em>ab</em></strong></span> <span class='ocrx_word' id='word_1_76' title='bbox 1078 1225 1224 1277; x_wconf 89' lang='lat' dir='ltr'><strong><em>omni</em></strong></span> <span class='ocrx_word' id='word_1_77' title='bbox 1252 1223 1572 1292; x_wconf 85' lang='lat' dir='ltr'><strong><em>cupiditate.</em></strong></span> <span class='ocrx_word' id='word_1_78' title='bbox 1605 1226 1635 1279; x_wconf 88' lang='lat'><strong>3</strong></span> <span class='ocrx_word' id='word_1_79' title='bbox 1667 1222 1823 1279; x_wconf 83' lang='lat' dir='ltr'><strong><em>Obla-</em></strong></span> 
     </span>
    </p>
   </div>
   <div class='ocr_carea' id='block_1_14' title="bbox 193 1309 1825 1381">
    <p class='ocr_par' dir='ltr' id='par_1_14' title="bbox 193 1309 1825 1381">
     <span class='ocr_line' id='line_1_14' title="bbox 193 1309 1825 1381; baseline 0.001 -19"><span class='ocrx_word' id='word_1_80' title='bbox 193 1309 364 1363; x_wconf 89' lang='lat' dir='ltr'><strong><em>tiones</em></strong></span> <span class='ocrx_word' id='word_1_81' title='bbox 406 1310 534 1378; x_wconf 88' lang='lat' dir='ltr'><strong><em>pias</em></strong></span> <span class='ocrx_word' id='word_1_82' title='bbox 572 1310 841 1380; x_wconf 81' lang='lat' dir='ltr'><strong><em>approbat</em></strong></span> <span class='ocrx_word' id='word_1_83' title='bbox 878 1314 929 1364; x_wconf 93' lang='lat' dir='ltr'><strong><em>et</em></strong></span> <span class='ocrx_word' id='word_1_84' title='bbox 965 1312 1215 1380; x_wconf 85' lang='lat' dir='ltr'><strong><em>suscipit.</em></strong></span> <span class='ocrx_word' id='word_1_85' title='bbox 1256 1313 1290 1366; x_wconf 80' lang='grc'><strong>4</strong></span> <span class='ocrx_word' id='word_1_86' title='bbox 1326 1313 1507 1381; x_wconf 86' lang='lat' dir='ltr'><strong><em>Ipsius</em></strong></span> <span class='ocrx_word' id='word_1_87' title='bbox 1536 1315 1587 1366; x_wconf 87' lang='lat' dir='ltr'><strong><em>et</em></strong></span> <span class='ocrx_word' id='word_1_88' title='bbox 1627 1310 1825 1380; x_wconf 80' lang='lat' dir='ltr'><strong><em>Alypii</em></strong></span> 
     </span>
    </p>
   </div>
   <div class='ocr_carea' id='block_1_15' title="bbox 190 1395 1822 1469">
    <p class='ocr_par' dir='ltr' id='par_1_15' title="bbox 190 1395 1822 1469">
     <span class='ocr_line' id='line_1_15' title="bbox 190 1395 1822 1469; baseline 0.002 -19"><span class='ocrx_word' id='word_1_89' title='bbox 190 1395 258 1450; x_wconf 91' lang='lat' dir='ltr'><strong><em>de</em></strong></span> <span class='ocrx_word' id='word_1_90' title='bbox 286 1398 551 1453; x_wconf 85' lang='lat' dir='ltr'><strong><em>Honorati</em></strong></span> <span class='ocrx_word' id='word_1_91' title='bbox 577 1398 880 1468; x_wconf 82' lang='lat' dir='ltr'><strong><em>presbyteri</em></strong></span> <span class='ocrx_word' id='word_1_92' title='bbox 916 1399 1229 1454; x_wconf 79' lang='lat' dir='ltr'><strong><em>haereditate</em></strong></span> <span class='ocrx_word' id='word_1_93' title='bbox 1265 1415 1429 1468; x_wconf 87' lang='lat' dir='ltr'><strong><em>quam</em></strong></span> <span class='ocrx_word' id='word_1_94' title='bbox 1458 1399 1822 1469; x_wconf 85' lang='lat' dir='ltr'><strong><em>discrepantes</em></strong></span> 
     </span>
    </p>
   </div>
   <div class='ocr_carea' id='block_1_16' title="bbox 190 1487 1823 1544">
    <p class='ocr_par' dir='ltr' id='par_1_16' title="bbox 190 1487 1823 1544">
     <span class='ocr_line' id='line_1_16' title="bbox 190 1487 1823 1544; baseline 0.001 -4"><span class='ocrx_word' id='word_1_95' title='bbox 190 1488 488 1542; x_wconf 87' lang='lat' dir='ltr'><strong><em>sententia.</em></strong></span> <span class='ocrx_word' id='word_1_96' title='bbox 563 1490 595 1543; x_wconf 87' lang='lat'><strong><em>5</em></strong></span> <span class='ocrx_word' id='word_1_97' title='bbox 668 1489 934 1544; x_wconf 84' lang='lat' dir='ltr'><strong><em>Basilicas</em></strong></span> <span class='ocrx_word' id='word_1_98' title='bbox 999 1493 1052 1544; x_wconf 90' lang='lat' dir='ltr'><strong><em>et</em></strong></span> <span class='ocrx_word' id='word_1_99' title='bbox 1120 1487 1512 1543; x_wconf 76' lang='lat' dir='ltr'><strong><em>aenodochium</em></strong></span> <span class='ocrx_word' id='word_1_100' title='bbox 1582 1489 1823 1543; x_wconf 82' lang='lat' dir='ltr'><strong><em>construi</em></strong></span> 
     </span>
    </p>
   </div>
   <div class='ocr_carea' id='block_1_17' title="bbox 188 1578 372 1629">
    <p class='ocr_par' dir='ltr' id='par_1_17' title="bbox 188 1578 372 1629">
     <span class='ocr_line' id='line_1_17' title="bbox 188 1578 372 1629; baseline 0.005 -1"><span class='ocrx_word' id='word_1_101' title='bbox 188 1578 372 1629; x_wconf 85' lang='lat' dir='ltr'><strong><em>curat.</em></strong></span> 
     </span>
    </p>
   </div>
   <div class='ocr_carea' id='block_1_18' title="bbox 193 1663 1822 1735">
    <p class='ocr_par' dir='ltr' id='par_1_18' title="bbox 193 1663 1822 1735">
     <span class='ocr_line' id='line_1_18' title="bbox 193 1663 1822 1735; baseline 0.002 -19"><span class='ocrx_word' id='word_1_102' title='bbox 193 1664 243 1716; x_wconf 82' lang='grc'>1.</span> <span class='ocrx_word' id='word_1_103' title='bbox 283 1664 483 1717; x_wconf 87' lang='lat' dir='ltr'><strong><em>Domus</em></strong></span> <span class='ocrx_word' id='word_1_104' title='bbox 517 1663 766 1718; x_wconf 87' lang='lat' dir='ltr'><strong><em>Ecclesia</em></strong></span> <span class='ocrx_word' id='word_1_105' title='bbox 792 1679 996 1727; x_wconf 84' lang='lat' dir='ltr'><strong><em>curam,</em></strong></span> <span class='ocrx_word' id='word_1_106' title='bbox 1024 1678 1336 1735; x_wconf 89' lang='lat' dir='ltr'><strong><em>omnemque</em></strong></span> <span class='ocrx_word' id='word_1_107' title='bbox 1356 1664 1719 1720; x_wconf 86' lang='lat' dir='ltr'><strong><em>substantiam</em></strong></span> <span class='ocrx_word' id='word_1_108' title='bbox 1746 1663 1822 1719; x_wconf 91' lang='lat' dir='ltr'><strong><em>ad</em></strong></span> 
     </span>
    </p>
   </div>
   <div class='ocr_carea' id='block_1_19' title="bbox 120 1752 1816 1824">
    <p class='ocr_par' dir='ltr' id='par_1_19' title="bbox 120 1752 1816 1824">
     <span class='ocr_line' id='line_1_19' title="bbox 120 1752 1816 1824; baseline 0.002 -20"><span class='ocrx_word' id='word_1_109' title='bbox 120 1752 258 1805; x_wconf 85' lang='lat' dir='ltr'><strong><em>vices</em></strong></span> <span class='ocrx_word' id='word_1_110' title='bbox 286 1752 679 1807; x_wconf 79' lang='lat' dir='ltr'><strong><em>valentioribus</em></strong></span> <span class='ocrx_word' id='word_1_111' title='bbox 700 1753 908 1809; x_wconf 84' lang='lat' dir='ltr'><strong><em>clericis</em></strong></span> <span class='ocrx_word' id='word_1_112' title='bbox 927 1753 1209 1822; x_wconf 84' lang='lat' dir='ltr'><strong><em>delegabat</em></strong></span> <span class='ocrx_word' id='word_1_113' title='bbox 1229 1757 1280 1808; x_wconf 87' lang='lat' dir='ltr'><strong><em>et</em></strong></span> <span class='ocrx_word' id='word_1_114' title='bbox 1299 1753 1546 1809; x_wconf 89' lang='lat' dir='ltr'><strong><em>credebat</em></strong></span> <span class='ocrx_word' id='word_1_115' title='bbox 1565 1753 1816 1824; x_wconf 90' lang='lat' dir='ltr'><strong><em>(Possid.,</em></strong></span> 
     </span>
    </p>
   </div>
   <div class='ocr_carea' id='block_1_20' title="bbox 118 1840 1820 1913">
    <p class='ocr_par' dir='ltr' id='par_1_20' title="bbox 118 1840 1820 1913">
     <span class='ocr_line' id='line_1_20' title="bbox 118 1840 1820 1913; baseline 0.003 -22"><span class='ocrx_word' id='word_1_116' title='bbox 118 1840 174 1892; x_wconf 86' lang='lat' dir='ltr'><strong><em>in</em></strong></span> <span class='ocrx_word' id='word_1_117' title='bbox 199 1840 332 1894; x_wconf 88' lang='lat' dir='ltr'><strong><em>Vita</em></strong></span> <span class='ocrx_word' id='word_1_118' title='bbox 361 1840 618 1910; x_wconf 71' lang='lat' dir='ltr'><strong><em>August,</em></strong></span> <span class='ocrx_word' id='word_1_119' title='bbox 647 1856 695 1897; x_wconf 90' lang='lat' dir='ltr'><strong><em>c.</em></strong></span> <span class='ocrx_word' id='word_1_120' title='bbox 727 1843 847 1912; x_wconf 66' lang='lat'><strong><em>24).</em></strong></span> <span class='ocrx_word' id='word_1_121' title='bbox 900 1841 1124 1913; x_wconf 80' lang='lat' dir='ltr'><strong><em>Singuli</em></strong></span> <span class='ocrx_word' id='word_1_122' title='bbox 1150 1857 1257 1913; x_wconf 89' lang='lat' dir='ltr'><strong><em>per</em></strong></span> <span class='ocrx_word' id='word_1_123' title='bbox 1283 1857 1522 1909; x_wconf 90' lang='lat' dir='ltr'><strong><em>annum,</em></strong></span> <span class='ocrx_word' id='word_1_124' title='bbox 1556 1846 1619 1896; x_wconf 91' lang='lat' dir='ltr'><strong><em>ut</em></strong></span> <span class='ocrx_word' id='word_1_125' title='bbox 1675 1841 1820 1897; x_wconf 87' lang='lat' dir='ltr'><strong><em>vide-</em></strong></span> 
     </span>
    </p>
   </div>
   <div class='ocr_carea' id='block_1_21' title="bbox 119 1928 1815 2002">
    <p class='ocr_par' dir='ltr' id='par_1_21' title="bbox 119 1928 1815 2002">
     <span class='ocr_line' id='line_1_21' title="bbox 119 1928 1815 2002; baseline 0.002 -19"><span class='ocrx_word' id='word_1_126' title='bbox 119 1933 230 1995; x_wconf 85' lang='lat' dir='ltr'><strong><em>tur,</em></strong></span> <span class='ocrx_word' id='word_1_127' title='bbox 264 1928 517 1999; x_wconf 84' lang='lat' dir='ltr'><strong><em>spatium</em></strong></span> <span class='ocrx_word' id='word_1_128' title='bbox 538 1928 596 1985; x_wconf 88' lang='lat' dir='ltr'><strong><em>id</em></strong></span> <span class='ocrx_word' id='word_1_129' title='bbox 620 1929 897 2000; x_wconf 89' lang='lat' dir='ltr'><strong><em>muneris,</em></strong></span> <span class='ocrx_word' id='word_1_130' title='bbox 919 1930 1010 1985; x_wconf 91' lang='lat' dir='ltr'><strong><em>cui</em></strong></span> <span class='ocrx_word' id='word_1_131' title='bbox 1030 1930 1428 2002; x_wconf 86' lang='lat' dir='ltr'><strong><em>prapositura</em></strong></span> <span class='ocrx_word' id='word_1_132' title='bbox 1444 1946 1659 1986; x_wconf 88' lang='lat' dir='ltr'><strong><em>nomen</em></strong></span> <span class='ocrx_word' id='word_1_133' title='bbox 1674 1934 1815 1999; x_wconf 88' lang='lat' dir='ltr'><strong><em>erat,</em></strong></span> 
     </span>
    </p>
   </div>
   <div class='ocr_carea' id='block_1_22' title="bbox 119 2018 1817 2092">
    <p class='ocr_par' dir='ltr' id='par_1_22' title="bbox 119 2018 1817 2092">
     <span class='ocr_line' id='line_1_22' title="bbox 119 2018 1817 2092; baseline 0.002 -20"><span class='ocrx_word' id='word_1_134' title='bbox 119 2018 387 2087; x_wconf 87' lang='lat' dir='ltr'><strong><em>obibant;</em></strong></span> <span class='ocrx_word' id='word_1_135' title='bbox 418 2018 627 2090; x_wconf 85' lang='lat' dir='ltr'><strong><em>quibus</em></strong></span> <span class='ocrx_word' id='word_1_136' title='bbox 655 2019 829 2074; x_wconf 87' lang='lat' dir='ltr'><strong><em>etiam</em></strong></span> <span class='ocrx_word' id='word_1_137' title='bbox 857 2023 1120 2075; x_wconf 89' lang='lat' dir='ltr'><strong><em>mutuam</em></strong></span> <span class='ocrx_word' id='word_1_138' title='bbox 1149 2036 1372 2076; x_wconf 86' lang='lat' dir='ltr'><strong><em>sumere</em></strong></span> <span class='ocrx_word' id='word_1_139' title='bbox 1410 2020 1711 2092; x_wconf 87' lang='lat' dir='ltr'><strong><em>pecuniam</em></strong></span> <span class='ocrx_word' id='word_1_140' title='bbox 1741 2020 1817 2075; x_wconf 90' lang='lat' dir='ltr'><strong><em>Ii-</em></strong></span> 
     </span>
    </p>
   </div>
   <div class='ocr_carea' id='block_1_23' title="bbox 117 2106 1814 2180">
    <p class='ocr_par' dir='ltr' id='par_1_23' title="bbox 117 2106 1814 2180">
     <span class='ocr_line' id='line_1_23' title="bbox 117 2106 1814 2180; baseline 0.002 -20"><span class='ocrx_word' id='word_1_141' title='bbox 117 2106 277 2161; x_wconf 87' lang='lat' dir='ltr'><strong><em>cebat</em></strong></span> <span class='ocrx_word' id='word_1_142' title='bbox 305 2108 504 2178; x_wconf 87' lang='lat' dir='ltr'><strong><em>(Serm.</em></strong></span> <span class='ocrx_word' id='word_1_143' title='bbox 548 2109 671 2174; x_wconf 87' lang='lat'><strong><em>356,</em></strong></span> <span class='ocrx_word' id='word_1_144' title='bbox 710 2124 767 2163; x_wconf 92' lang='lat' dir='ltr'><strong><em>n.</em></strong></span> <span class='ocrx_word' id='word_1_145' title='bbox 804 2111 909 2178; x_wconf 78' lang='lat' dir='ltr'><strong><em>l5).</em></strong></span> <span class='ocrx_word' id='word_1_146' title='bbox 941 2110 1065 2180; x_wconf 87' lang='lat' dir='ltr'><strong><em>Ipse</em></strong></span> <span class='ocrx_word' id='word_1_147' title='bbox 1093 2124 1374 2178; x_wconf 86' lang='lat' dir='ltr'><strong><em>nunquam</em></strong></span> <span class='ocrx_word' id='word_1_148' title='bbox 1414 2111 1638 2177; x_wconf 84' lang='lat' dir='ltr'><strong><em>clavem,</em></strong></span> <span class='ocrx_word' id='word_1_149' title='bbox 1672 2125 1814 2164; x_wconf 90' lang='lat' dir='ltr'><strong><em>nun-</em></strong></span> 
     </span>
    </p>
   </div>
   <div class='ocr_carea' id='block_1_24' title="bbox 117 2198 1815 2266">
    <p class='ocr_par' dir='ltr' id='par_1_24' title="bbox 117 2198 1815 2266">
     <span class='ocr_line' id='line_1_24' title="bbox 117 2198 1815 2266; baseline 0.001 -15"><span class='ocrx_word' id='word_1_150' title='bbox 117 2212 277 2266; x_wconf 87' lang='lat' dir='ltr'><strong><em>quam</em></strong></span> <span class='ocrx_word' id='word_1_151' title='bbox 304 2198 568 2252; x_wconf 88' lang='lat' dir='ltr'><strong><em>annulum</em></strong></span> <span class='ocrx_word' id='word_1_152' title='bbox 591 2199 650 2252; x_wconf 91' lang='lat' dir='ltr'><strong><em>in</em></strong></span> <span class='ocrx_word' id='word_1_153' title='bbox 675 2212 841 2252; x_wconf 89' lang='lat' dir='ltr'><strong><em>manu</em></strong></span> <span class='ocrx_word' id='word_1_154' title='bbox 882 2198 1112 2253; x_wconf 86' lang='lat' dir='ltr'><strong><em>habens:</em></strong></span> <span class='ocrx_word' id='word_1_155' title='bbox 1158 2198 1253 2253; x_wconf 89' lang='lat' dir='ltr'><strong><em>sed</em></strong></span> <span class='ocrx_word' id='word_1_156' title='bbox 1291 2199 1359 2253; x_wconf 93' lang='lat' dir='ltr'><strong><em>ab</em></strong></span> <span class='ocrx_word' id='word_1_157' title='bbox 1392 2199 1589 2253; x_wconf 90' lang='lat' dir='ltr'><strong><em>eisdem</em></strong></span> <span class='ocrx_word' id='word_1_158' title='bbox 1627 2198 1815 2254; x_wconf 88' lang='lat' dir='ltr'><strong><em>domus</em></strong></span> 
     </span>
    </p>
   </div>
   <div class='ocr_carea' id='block_1_25' title="bbox 114 2288 1817 2356">
    <p class='ocr_par' dir='ltr' id='par_1_25' title="bbox 114 2288 1817 2356">
     <span class='ocr_line' id='line_1_25' title="bbox 114 2288 1817 2356; baseline 0.002 -16"><span class='ocrx_word' id='word_1_159' title='bbox 114 2289 421 2356; x_wconf 68' lang='lat' dir='ltr'><strong><em>praepositis</em></strong></span> <span class='ocrx_word' id='word_1_160' title='bbox 445 2292 637 2341; x_wconf 73' lang='lat' dir='ltr'><strong><em>cuncta</em></strong></span> <span class='ocrx_word' id='word_1_161' title='bbox 660 2290 713 2341; x_wconf 91' lang='lat' dir='ltr'><strong><em>et</em></strong></span> <span class='ocrx_word' id='word_1_162' title='bbox 741 2291 959 2355; x_wconf 89' lang='lat' dir='ltr'><strong><em>accepta</em></strong></span> <span class='ocrx_word' id='word_1_163' title='bbox 977 2291 1028 2341; x_wconf 90' lang='lat' dir='ltr'><strong><em>et</em></strong></span> <span class='ocrx_word' id='word_1_164' title='bbox 1056 2291 1277 2354; x_wconf 86' lang='lat' dir='ltr'><strong><em>erogata</em></strong></span> <span class='ocrx_word' id='word_1_165' title='bbox 1304 2288 1636 2342; x_wconf 87' lang='lat' dir='ltr'><strong><em>notabantur</em></strong></span> <span class='ocrx_word' id='word_1_166' title='bbox 1655 2306 1673 2343; x_wconf 90' lang='lat'><strong><em>:</em></strong></span> <span class='ocrx_word' id='word_1_167' title='bbox 1697 2303 1817 2356; x_wconf 85' lang='lat' dir='ltr'><strong><em>qua</em></strong></span> 
     </span>
    </p>
   </div>
   <div class='ocr_carea' id='block_1_26' title="bbox 117 2374 1815 2445">
    <p class='ocr_par' dir='ltr' id='par_1_26' title="bbox 117 2374 1815 2445">
     <span class='ocr_line' id='line_1_26' title="bbox 117 2374 1815 2445; baseline 0.001 -17"><span class='ocrx_word' id='word_1_168' title='bbox 117 2390 253 2430; x_wconf 87' lang='lat' dir='ltr'><strong><em>anno</em></strong></span> <span class='ocrx_word' id='word_1_169' title='bbox 280 2375 540 2445; x_wconf 88' lang='lat' dir='ltr'><strong><em>completo</em></strong></span> <span class='ocrx_word' id='word_1_170' title='bbox 584 2374 757 2429; x_wconf 87' lang='lat' dir='ltr'><strong><em>eidem</em></strong></span> <span class='ocrx_word' id='word_1_171' title='bbox 793 2374 1185 2441; x_wconf 84' lang='lat' dir='ltr'><strong><em>recitabantur,</em></strong></span> <span class='ocrx_word' id='word_1_172' title='bbox 1217 2390 1321 2443; x_wconf 90' lang='lat' dir='ltr'><strong><em>quo</em></strong></span> <span class='ocrx_word' id='word_1_173' title='bbox 1351 2377 1602 2443; x_wconf 90' lang='lat' dir='ltr'><strong><em>sciretur,</em></strong></span> <span class='ocrx_word' id='word_1_174' title='bbox 1633 2391 1815 2445; x_wconf 86' lang='lat' dir='ltr'><strong><em>quan—-</em></strong></span> 
     </span>
    </p>
   </div>
   <div class='ocr_carea' id='block_1_27' title="bbox 119 2464 1816 2533">
    <p class='ocr_par' dir='ltr' id='par_1_27' title="bbox 119 2464 1816 2533">
     <span class='ocr_line' id='line_1_27' title="bbox 119 2464 1816 2533; baseline -0.001 -14"><span class='ocrx_word' id='word_1_175' title='bbox 119 2469 226 2519; x_wconf 87' lang='lat' dir='ltr'><strong><em>tum</em></strong></span> <span class='ocrx_word' id='word_1_176' title='bbox 261 2469 560 2533; x_wconf 86' lang='lat' dir='ltr'><strong><em>acceptum,</em></strong></span> <span class='ocrx_word' id='word_1_177' title='bbox 611 2468 979 2533; x_wconf 88' lang='lat' dir='ltr'><strong><em>quantumque</em></strong></span> <span class='ocrx_word' id='word_1_178' title='bbox 1031 2464 1403 2532; x_wconf 90' lang='lat' dir='ltr'><strong><em>dispensatum</em></strong></span> <span class='ocrx_word' id='word_1_179' title='bbox 1456 2466 1673 2531; x_wconf 86' lang='lat' dir='ltr'><strong><em>fuisset,</em></strong></span> <span class='ocrx_word' id='word_1_180' title='bbox 1732 2464 1816 2518; x_wconf 92' lang='lat' dir='ltr'><strong><em>vel</em></strong></span> 
     </span>
    </p>
   </div>
   <div class='ocr_carea' id='block_1_28' title="bbox 118 2552 1813 2622">
    <p class='ocr_par' dir='ltr' id='par_1_28' title="bbox 118 2552 1813 2622">
     <span class='ocr_line' id='line_1_28' title="bbox 118 2552 1813 2622; baseline 0.001 -16"><span class='ocrx_word' id='word_1_181' title='bbox 118 2553 248 2622; x_wconf 87' lang='lat' dir='ltr'><strong><em>quid</em></strong></span> <span class='ocrx_word' id='word_1_182' title='bbox 271 2552 701 2622; x_wconf 86' lang='lat' dir='ltr'><strong><em>dispensandum</em></strong></span> <span class='ocrx_word' id='word_1_183' title='bbox 726 2554 1099 2619; x_wconf 85' lang='lat' dir='ltr'><strong><em>remansisset;</em></strong></span> <span class='ocrx_word' id='word_1_184' title='bbox 1122 2557 1173 2607; x_wconf 91' lang='lat' dir='ltr'><strong><em>et</em></strong></span> <span class='ocrx_word' id='word_1_185' title='bbox 1193 2555 1251 2607; x_wconf 93' lang='lat' dir='ltr'><strong><em>in</em></strong></span> <span class='ocrx_word' id='word_1_186' title='bbox 1279 2554 1464 2607; x_wconf 88' lang='lat' dir='ltr'><strong><em>multis</em></strong></span> <span class='ocrx_word' id='word_1_187' title='bbox 1487 2554 1664 2607; x_wconf 85' lang='lat' dir='ltr'><strong><em>titulis</em></strong></span> <span class='ocrx_word' id='word_1_188' title='bbox 1689 2567 1813 2607; x_wconf 92' lang='lat' dir='ltr'><strong><em>ma-</em></strong></span> 
     </span>
    </p>
   </div>
   <div class='ocr_carea' id='block_1_29' title="bbox 116 2640 1811 2712">
    <p class='ocr_par' dir='ltr' id='par_1_29' title="bbox 116 2640 1811 2712">
     <span class='ocr_line' id='line_1_29' title="bbox 116 2640 1811 2712; baseline -0.001 -16"><span class='ocrx_word' id='word_1_189' title='bbox 116 2644 195 2710; x_wconf 81' lang='lat' dir='ltr'><strong><em>gis</em></strong></span> <span class='ocrx_word' id='word_1_190' title='bbox 220 2643 372 2696; x_wconf 87' lang='lat' dir='ltr'><strong><em>illius</em></strong></span> <span class='ocrx_word' id='word_1_191' title='bbox 404 2643 690 2711; x_wconf 76' lang='lat' dir='ltr'><strong><em>praepositi</em></strong></span> <span class='ocrx_word' id='word_1_192' title='bbox 718 2641 909 2696; x_wconf 91' lang='lat' dir='ltr'><strong><em>domus</em></strong></span> <span class='ocrx_word' id='word_1_193' title='bbox 948 2640 1114 2712; x_wconf 82' lang='lat' dir='ltr'><strong><em>ﬁdem</em></strong></span> <span class='ocrx_word' id='word_1_194' title='bbox 1137 2656 1383 2711; x_wconf 89' lang='lat' dir='ltr'><strong><em>sequens,</em></strong></span> <span class='ocrx_word' id='word_1_195' title='bbox 1417 2656 1582 2710; x_wconf 89' lang='lat' dir='ltr'><strong><em>quam</em></strong></span> <span class='ocrx_word' id='word_1_196' title='bbox 1602 2641 1811 2711; x_wconf 84' lang='lat' dir='ltr'><strong><em>proba-</em></strong></span> 
     </span>
    </p>
   </div>
   <div class='ocr_carea' id='block_1_30' title="bbox 118 2732 1813 2799">
    <p class='ocr_par' dir='ltr' id='par_1_30' title="bbox 118 2732 1813 2799">
     <span class='ocr_line' id='line_1_30' title="bbox 118 2732 1813 2799; baseline 0.001 -16"><span class='ocrx_word' id='word_1_197' title='bbox 118 2734 223 2785; x_wconf 82' lang='lat' dir='ltr'><strong><em>tum</em></strong></span> <span class='ocrx_word' id='word_1_198' title='bbox 250 2732 771 2798; x_wconf 87' lang='lat' dir='ltr'><strong><em>manifestatumque</em></strong></span> <span class='ocrx_word' id='word_1_199' title='bbox 814 2745 1147 2799; x_wconf 88' lang='lat' dir='ltr'><strong><em>cognoscens.</em></strong></span> <span class='ocrx_word' id='word_1_200' title='bbox 1188 2733 1434 2797; x_wconf 88' lang='lat' dir='ltr'><strong><em>Domum,</em></strong></span> <span class='ocrx_word' id='word_1_201' title='bbox 1466 2746 1680 2798; x_wconf 84' lang='lat' dir='ltr'><strong><em>agrum,</em></strong></span> <span class='ocrx_word' id='word_1_202' title='bbox 1719 2745 1813 2785; x_wconf 89' lang='lat' dir='ltr'><strong><em>seu</em></strong></span> 
     </span>
    </p>
   </div>
   <div class='ocr_carea' id='block_1_31' title="bbox 114 2820 1811 2888">
    <p class='ocr_par' dir='ltr' id='par_1_31' title="bbox 114 2820 1811 2888">
     <span class='ocr_line' id='line_1_31' title="bbox 114 2820 1811 2888; baseline 0.001 -15"><span class='ocrx_word' id='word_1_203' title='bbox 114 2820 297 2873; x_wconf 88' lang='lat' dir='ltr'><strong><em>villam</em></strong></span> <span class='ocrx_word' id='word_1_204' title='bbox 332 2835 616 2887; x_wconf 86' lang='lat' dir='ltr'><strong><em>nunquam</em></strong></span> <span class='ocrx_word' id='word_1_205' title='bbox 656 2834 823 2873; x_wconf 89' lang='lat' dir='ltr'><strong><em>emere</em></strong></span> <span class='ocrx_word' id='word_1_206' title='bbox 870 2820 1059 2874; x_wconf 88' lang='lat' dir='ltr'><strong><em>voluit.</em></strong></span> <span class='ocrx_word' id='word_1_207' title='bbox 1090 2821 1155 2874; x_wconf 88' lang='lat' dir='ltr'><strong><em>In</em></strong></span> <span class='ocrx_word' id='word_1_208' title='bbox 1184 2821 1252 2873; x_wconf 92' lang='lat' dir='ltr'><strong><em>iis</em></strong></span> <span class='ocrx_word' id='word_1_209' title='bbox 1294 2834 1522 2888; x_wconf 88' lang='lat' dir='ltr'><strong><em>quoque,</em></strong></span> <span class='ocrx_word' id='word_1_210' title='bbox 1554 2834 1673 2888; x_wconf 91' lang='lat' dir='ltr'><strong><em>qua</em></strong></span> <span class='ocrx_word' id='word_1_211' title='bbox 1708 2821 1811 2874; x_wconf 88' lang='lat' dir='ltr'><strong><em>Ec-</em></strong></span> 
     </span>
    </p>
   </div>
   <div class='ocr_carea' id='block_1_32' title="bbox 114 2907 1809 2978">
    <p class='ocr_par' dir='ltr' id='par_1_32' title="bbox 114 2907 1809 2978">
     <span class='ocr_line' id='line_1_32' title="bbox 114 2907 1809 2978; baseline -0.001 -16"><span class='ocrx_word' id='word_1_212' title='bbox 114 2909 270 2963; x_wconf 85' lang='lat' dir='ltr'><strong><em>clesia</em></strong></span> <span class='ocrx_word' id='word_1_213' title='bbox 294 2908 530 2963; x_wconf 82' lang='lat' dir='ltr'><strong><em>habebat</em></strong></span> <span class='ocrx_word' id='word_1_214' title='bbox 555 2913 607 2964; x_wconf 91' lang='lat' dir='ltr'><strong><em>et</em></strong></span> <span class='ocrx_word' id='word_1_215' title='bbox 628 2908 963 2978; x_wconf 88' lang='lat' dir='ltr'><strong><em>possidebat,</em></strong></span> <span class='ocrx_word' id='word_1_216' title='bbox 995 2909 1234 2962; x_wconf 90' lang='lat' dir='ltr'><strong><em>intentus</em></strong></span> <span class='ocrx_word' id='word_1_217' title='bbox 1264 2922 1464 2974; x_wconf 90' lang='lat' dir='ltr'><strong><em>amore,</em></strong></span> <span class='ocrx_word' id='word_1_218' title='bbox 1500 2907 1585 2961; x_wconf 87' lang='lat' dir='ltr'><strong><em>vel</em></strong></span> <span class='ocrx_word' id='word_1_219' title='bbox 1627 2907 1809 2977; x_wconf 89' lang='lat' dir='ltr'><strong><em>impli-</em></strong></span> 
     </span>
    </p>
   </div>
   <div class='ocr_carea' id='block_1_33' title="bbox 116 2996 1810 3065">
    <p class='ocr_par' dir='ltr' id='par_1_33' title="bbox 116 2996 1810 3065">
     <span class='ocr_line' id='line_1_33' title="bbox 116 2996 1810 3065; baseline -0.001 -12"><span class='ocrx_word' id='word_1_220' title='bbox 116 3001 259 3053; x_wconf 68' lang='lat' dir='ltr'><strong><em>catus</em></strong></span> <span class='ocrx_word' id='word_1_221' title='bbox 285 3012 398 3053; x_wconf 89' lang='lat' dir='ltr'><strong><em>non</em></strong></span> <span class='ocrx_word' id='word_1_222' title='bbox 432 3001 551 3052; x_wconf 90' lang='lat' dir='ltr'><strong><em>erat</em></strong></span> <span class='ocrx_word' id='word_1_223' title='bbox 595 3013 609 3051; x_wconf 89' lang='lat'><strong>:</strong></span> <span class='ocrx_word' id='word_1_224' title='bbox 650 2996 745 3051; x_wconf 91' lang='lat' dir='ltr'><strong><em>sed</em></strong></span> <span class='ocrx_word' id='word_1_225' title='bbox 770 2996 1071 3065; x_wconf 88' lang='lat' dir='ltr'><strong><em>majoribus</em></strong></span> <span class='ocrx_word' id='word_1_226' title='bbox 1112 2997 1311 3065; x_wconf 87' lang='lat' dir='ltr'><strong><em>magis,</em></strong></span> <span class='ocrx_word' id='word_1_227' title='bbox 1341 3010 1404 3050; x_wconf 89' lang='lat' dir='ltr'><strong><em>ac</em></strong></span> <span class='ocrx_word' id='word_1_228' title='bbox 1431 2996 1810 3065; x_wconf 87' lang='lat' dir='ltr'><strong><em>spiritualibus</em></strong></span> 
     </span>
    </p>
   </div>
   <div class='ocr_carea' id='block_1_34' title="bbox 113 3084 1811 3155">
    <p class='ocr_par' dir='ltr' id='par_1_34' title="bbox 113 3084 1811 3155">
     <span class='ocr_line' id='line_1_34' title="bbox 113 3084 1811 3155; baseline 0.001 -17"><span class='ocrx_word' id='word_1_229' title='bbox 113 3098 399 3155; x_wconf 88' lang='lat' dir='ltr'><strong><em>suspensus</em></strong></span> <span class='ocrx_word' id='word_1_230' title='bbox 420 3090 471 3140; x_wconf 89' lang='lat' dir='ltr'><strong><em>et</em></strong></span> <span class='ocrx_word' id='word_1_231' title='bbox 494 3086 760 3140; x_wconf 84' lang='lat' dir='ltr'><strong><em>inharens</em></strong></span> <span class='ocrx_word' id='word_1_232' title='bbox 797 3084 977 3152; x_wconf 90' lang='lat' dir='ltr'><strong><em>rebus,</em></strong></span> <span class='ocrx_word' id='word_1_233' title='bbox 1006 3085 1105 3139; x_wconf 75' lang='lat' dir='ltr'><strong><em>via:</em></strong></span> <span class='ocrx_word' id='word_1_234' title='bbox 1134 3084 1432 3153; x_wconf 86' lang='lat' dir='ltr'><strong><em>aliquando</em></strong></span> <span class='ocrx_word' id='word_1_235' title='bbox 1460 3099 1516 3138; x_wconf 91' lang='lat' dir='ltr'><strong><em>se</em></strong></span> <span class='ocrx_word' id='word_1_236' title='bbox 1533 3086 1714 3153; x_wconf 87' lang='lat' dir='ltr'><strong><em>ipsum</em></strong></span> <span class='ocrx_word' id='word_1_237' title='bbox 1736 3085 1811 3139; x_wconf 88' lang='lat' dir='ltr'><strong><em>ad</em></strong></span> 
     </span>
    </p>
   </div>
   <div class='ocr_carea' id='block_1_35' title="bbox 113 3168 1839 3244">
    <p class='ocr_par' dir='ltr' id='par_1_35' title="bbox 113 3168 1839 3244">
     <span class='ocr_line' id='line_1_35' title="bbox 113 3168 1839 3244; baseline 0.001 -16"><span class='ocrx_word' id='word_1_238' title='bbox 113 3174 207 3228; x_wconf 87' lang='lat' dir='ltr'><strong><em>illa</em></strong></span> <span class='ocrx_word' id='word_1_239' title='bbox 248 3175 572 3244; x_wconf 83' lang='lat' dir='ltr'><strong><em>temporalia</em></strong></span> <span class='ocrx_word' id='word_1_240' title='bbox 617 3174 686 3228; x_wconf 91' lang='lat' dir='ltr'><strong><em>ab</em></strong></span> <span class='ocrx_word' id='word_1_241' title='bbox 715 3177 1035 3228; x_wconf 88' lang='lat' dir='ltr'><strong><em>aternorum</em></strong></span> <span class='ocrx_word' id='word_1_242' title='bbox 1084 3175 1409 3241; x_wconf 88' lang='lat' dir='ltr'><strong><em>cogitatione</em></strong></span> <span class='ocrx_word' id='word_1_243' title='bbox 1434 3172 1724 3228; x_wconf 61' lang='lat' dir='ltr'><strong><em>reluctabat</em></strong></span> <span class='ocrx_word' id='word_1_244' title='bbox 1760 3168 1839 3229; x_wconf 56' lang='lat' dir='ltr'><strong><em>et’</em></strong></span> 
     </span>
    </p>
   </div>
   <div class='ocr_carea' id='block_1_36' title="bbox 114 3261 1811 3332">
    <p class='ocr_par' dir='ltr' id='par_1_36' title="bbox 114 3261 1811 3332">
     <span class='ocr_line' id='line_1_36' title="bbox 114 3261 1811 3332; baseline 0.001 -17"><span class='ocrx_word' id='word_1_245' title='bbox 114 3262 157 3314; x_wconf 19' lang='lat' dir='ltr'><strong><em>di</em></strong></span> <span class='ocrx_word' id='word_1_246' title='bbox 170 3263 425 3332; x_wconf 87' lang='lat' dir='ltr'><strong><em>ponebat.</em></strong></span> <span class='ocrx_word' id='word_1_247' title='bbox 459 3263 665 3329; x_wconf 88' lang='lat' dir='ltr'><strong><em>Quibus</em></strong></span> <span class='ocrx_word' id='word_1_248' title='bbox 694 3263 785 3317; x_wconf 90' lang='lat' dir='ltr'><strong><em>ille</em></strong></span> <span class='ocrx_word' id='word_1_249' title='bbox 814 3262 1095 3332; x_wconf 88' lang='lat' dir='ltr'><strong><em>dispositis</em></strong></span> <span class='ocrx_word' id='word_1_250' title='bbox 1123 3266 1174 3316; x_wconf 89' lang='lat' dir='ltr'><strong><em>et</em></strong></span> <span class='ocrx_word' id='word_1_251' title='bbox 1220 3261 1516 3332; x_wconf 88' lang='lat' dir='ltr'><strong><em>ordinatis,</em></strong></span> <span class='ocrx_word' id='word_1_252' title='bbox 1548 3267 1811 3331; x_wconf 89' lang='lat' dir='ltr'><strong><em>tanquam</em></strong></span> 
     </span>
    </p>
   </div>
   <div class='ocr_carea' id='block_1_37' title="bbox 114 3351 1811 3419">
    <p class='ocr_par' dir='ltr' id='par_1_37' title="bbox 114 3351 1811 3419">
     <span class='ocr_line' id='line_1_37' title="bbox 114 3351 1811 3419; baseline 0.001 -14"><span class='ocrx_word' id='word_1_253' title='bbox 114 3367 146 3405; x_wconf 91' lang='lat' dir='ltr'><strong><em>a</em></strong></span> <span class='ocrx_word' id='word_1_254' title='bbox 169 3351 325 3407; x_wconf 86' lang='lat' dir='ltr'><strong><em>rebus</em></strong></span> <span class='ocrx_word' id='word_1_255' title='bbox 359 3352 706 3407; x_wconf 86' lang='lat' dir='ltr'><strong><em>mordacibus</em></strong></span> <span class='ocrx_word' id='word_1_256' title='bbox 736 3366 800 3406; x_wconf 93' lang='lat' dir='ltr'><strong><em>ac</em></strong></span> <span class='ocrx_word' id='word_1_257' title='bbox 826 3351 1086 3419; x_wconf 86' lang='lat' dir='ltr'><strong><em>molestis,</em></strong></span> <span class='ocrx_word' id='word_1_258' title='bbox 1124 3352 1296 3405; x_wconf 88' lang='lat' dir='ltr'><strong><em>animi</em></strong></span> <span class='ocrx_word' id='word_1_259' title='bbox 1322 3366 1598 3406; x_wconf 90' lang='lat' dir='ltr'><strong><em>recursum</em></strong></span> <span class='ocrx_word' id='word_1_260' title='bbox 1627 3351 1702 3405; x_wconf 91' lang='lat' dir='ltr'><strong><em>ad</em></strong></span> <span class='ocrx_word' id='word_1_261' title='bbox 1728 3354 1811 3407; x_wconf 90' lang='lat' dir='ltr'><strong><em>in-</em></strong></span> 
     </span>
    </p>
   </div>
   <div class='ocr_carea' id='block_1_38' title="bbox 117 3439 1809 3510">
    <p class='ocr_par' dir='ltr' id='par_1_38' title="bbox 117 3439 1809 3510">
     <span class='ocr_line' id='line_1_38' title="bbox 117 3439 1809 3510; baseline 0.001 -17"><span class='ocrx_word' id='word_1_262' title='bbox 117 3442 308 3494; x_wconf 85' lang='lat' dir='ltr'><strong><em>teriora</em></strong></span> <span class='ocrx_word' id='word_1_263' title='bbox 332 3439 535 3495; x_wconf 86' lang='lat' dir='ltr'><strong><em>mentis</em></strong></span> <span class='ocrx_word' id='word_1_264' title='bbox 558 3444 609 3494; x_wconf 91' lang='lat' dir='ltr'><strong><em>et</em></strong></span> <span class='ocrx_word' id='word_1_265' title='bbox 631 3442 916 3510; x_wconf 86' lang='lat' dir='ltr'><strong><em>superiora</em></strong></span> <span class='ocrx_word' id='word_1_266' title='bbox 941 3440 1199 3507; x_wconf 83' lang='lat' dir='ltr'><strong><em>faciebat,</em></strong></span> <span class='ocrx_word' id='word_1_267' title='bbox 1220 3454 1325 3509; x_wconf 89' lang='lat' dir='ltr'><strong><em>quo</em></strong></span> <span class='ocrx_word' id='word_1_268' title='bbox 1344 3440 1427 3494; x_wconf 90' lang='lat' dir='ltr'><strong><em>vel</em></strong></span> <span class='ocrx_word' id='word_1_269' title='bbox 1455 3439 1521 3494; x_wconf 91' lang='lat' dir='ltr'><strong><em>de</em></strong></span> <span class='ocrx_word' id='word_1_270' title='bbox 1542 3441 1809 3495; x_wconf 86' lang='lat' dir='ltr'><strong><em>invenien-</em></strong></span> 
     </span>
    </p>
   </div>
   <div class='ocr_carea' id='block_1_39' title="bbox 115 3527 1810 3597">
    <p class='ocr_par' dir='ltr' id='par_1_39' title="bbox 115 3527 1810 3597">
     <span class='ocr_line' id='line_1_39' title="bbox 115 3527 1810 3597; baseline 0.001 -15"><span class='ocrx_word' id='word_1_271' title='bbox 115 3527 197 3583; x_wconf 92' lang='lat' dir='ltr'><strong><em>dis</em></strong></span> <span class='ocrx_word' id='word_1_272' title='bbox 223 3528 430 3583; x_wconf 86' lang='lat' dir='ltr'><strong><em>divinis</em></strong></span> <span class='ocrx_word' id='word_1_273' title='bbox 457 3528 615 3583; x_wconf 88' lang='lat' dir='ltr'><strong><em>rebus</em></strong></span> <span class='ocrx_word' id='word_1_274' title='bbox 659 3530 939 3596; x_wconf 81' lang='lat' dir='ltr'><strong><em>cegitaret,</em></strong></span> <span class='ocrx_word' id='word_1_275' title='bbox 971 3529 1057 3583; x_wconf 88' lang='lat' dir='ltr'><strong><em>vel</em></strong></span> <span class='ocrx_word' id='word_1_276' title='bbox 1085 3527 1151 3582; x_wconf 91' lang='lat' dir='ltr'><strong><em>de</em></strong></span> <span class='ocrx_word' id='word_1_277' title='bbox 1165 3529 1293 3597; x_wconf 91' lang='lat' dir='ltr'><strong><em>jam</em></strong></span> <span class='ocrx_word' id='word_1_278' title='bbox 1332 3530 1565 3583; x_wconf 88' lang='lat' dir='ltr'><strong><em>inventis</em></strong></span> <span class='ocrx_word' id='word_1_279' title='bbox 1592 3527 1810 3597; x_wconf 88' lang='lat' dir='ltr'><strong><em>aliquid</em></strong></span> 
     </span>
    </p>
   </div>
   <div class='ocr_carea' id='block_1_40' title="bbox 115 3615 1808 3687">
    <p class='ocr_par' dir='ltr' id='par_1_40' title="bbox 115 3615 1808 3687">
     <span class='ocr_line' id='line_1_40' title="bbox 115 3615 1808 3687; baseline 0.002 -18"><span class='ocrx_word' id='word_1_280' title='bbox 115 3615 357 3683; x_wconf 87' lang='lat' dir='ltr'><strong><em>dictaret,</em></strong></span> <span class='ocrx_word' id='word_1_281' title='bbox 391 3621 488 3671; x_wconf 87' lang='lat' dir='ltr'><strong><em>aut</em></strong></span> <span class='ocrx_word' id='word_1_282' title='bbox 510 3621 648 3671; x_wconf 88' lang='lat' dir='ltr'><strong><em>certe</em></strong></span> <span class='ocrx_word' id='word_1_283' title='bbox 674 3633 742 3671; x_wconf 77' lang='lat' dir='ltr'><strong><em>ea:</em></strong></span> <span class='ocrx_word' id='word_1_284' title='bbox 753 3617 877 3686; x_wconf 92' lang='lat' dir='ltr'><strong><em>jam</em></strong></span> <span class='ocrx_word' id='word_1_285' title='bbox 894 3616 1116 3671; x_wconf 89' lang='lat' dir='ltr'><strong><em>dictatis</em></strong></span> <span class='ocrx_word' id='word_1_286' title='bbox 1136 3622 1298 3685; x_wconf 88' lang='lat' dir='ltr'><strong><em>atque</em></strong></span> <span class='ocrx_word' id='word_1_287' title='bbox 1321 3618 1665 3687; x_wconf 84' lang='lat' dir='ltr'><strong><em>transcriptis</em></strong></span> <span class='ocrx_word' id='word_1_288' title='bbox 1694 3618 1808 3673; x_wconf 88' lang='lat' dir='ltr'><strong><em>ali-</em></strong></span> 
     </span>
    </p>
   </div>
   <div class='ocr_carea' id='block_1_41' title="bbox 116 3704 1809 3775">
    <p class='ocr_par' dir='ltr' id='par_1_41' title="bbox 116 3704 1809 3775">
     <span class='ocr_line' id='line_1_41' title="bbox 116 3704 1809 3775; baseline -0.001 -14"><span class='ocrx_word' id='word_1_289' title='bbox 116 3706 243 3775; x_wconf 84' lang='lat' dir='ltr'><strong><em>quid</em></strong></span> <span class='ocrx_word' id='word_1_290' title='bbox 267 3706 594 3761; x_wconf 89' lang='lat' dir='ltr'><strong><em>emendaret.</em></strong></span> <span class='ocrx_word' id='word_1_291' title='bbox 626 3707 696 3760; x_wconf 85' lang='lat' dir='ltr'><strong><em>Et</em></strong></span> <span class='ocrx_word' id='word_1_292' title='bbox 725 3705 786 3759; x_wconf 89' lang='lat' dir='ltr'><strong><em>id</em></strong></span> <span class='ocrx_word' id='word_1_293' title='bbox 813 3704 1005 3772; x_wconf 89' lang='lat' dir='ltr'><strong><em>agebat</em></strong></span> <span class='ocrx_word' id='word_1_294' title='bbox 1029 3704 1094 3761; x_wconf 89' lang='lat' dir='ltr'><strong><em>in</em></strong></span> <span class='ocrx_word' id='word_1_295' title='bbox 1113 3705 1202 3760; x_wconf 89' lang='lat' dir='ltr'><strong><em>die</em></strong></span> <span class='ocrx_word' id='word_1_296' title='bbox 1227 3704 1498 3769; x_wconf 89' lang='lat' dir='ltr'><strong><em>laborans,</em></strong></span> <span class='ocrx_word' id='word_1_297' title='bbox 1520 3709 1572 3760; x_wconf 89' lang='lat' dir='ltr'><strong><em>et</em></strong></span> <span class='ocrx_word' id='word_1_298' title='bbox 1586 3707 1643 3760; x_wconf 90' lang='lat' dir='ltr'><strong><em>in</em></strong></span> <span class='ocrx_word' id='word_1_299' title='bbox 1660 3710 1809 3760; x_wconf 85' lang='lat' dir='ltr'><strong><em>nocte</em></strong></span> 
     </span>
    </p>
   </div>
   <div class='ocr_carea' id='block_1_42' title="bbox 116 3794 1804 3863">
    <p class='ocr_par' dir='ltr' id='par_1_42' title="bbox 116 3794 1804 3863">
     <span class='ocr_line' id='line_1_42' title="bbox 116 3794 1804 3863; baseline 0 -16"><span class='ocrx_word' id='word_1_300' title='bbox 116 3794 418 3850; x_wconf 85' lang='lat' dir='ltr'><strong><em>lucubrans.</em></strong></span> <span class='ocrx_word' id='word_1_301' title='bbox 447 3796 521 3850; x_wconf 88' lang='lat' dir='ltr'><strong><em>Et</em></strong></span> <span class='ocrx_word' id='word_1_302' title='bbox 556 3797 676 3849; x_wconf 91' lang='lat' dir='ltr'><strong><em>erat</em></strong></span> <span class='ocrx_word' id='word_1_303' title='bbox 723 3798 986 3863; x_wconf 88' lang='lat' dir='ltr'><strong><em>tanquam</em></strong></span> <span class='ocrx_word' id='word_1_304' title='bbox 1012 3794 1113 3849; x_wconf 89' lang='lat' dir='ltr'><strong><em>illa</em></strong></span> <span class='ocrx_word' id='word_1_305' title='bbox 1146 3795 1558 3861; x_wconf 88' lang='lat' dir='ltr'><strong><em>religiosissima</em></strong></span> <span class='ocrx_word' id='word_1_306' title='bbox 1601 3795 1804 3859; x_wconf 81' lang='lat' dir='ltr'><strong><em>Maria,</em></strong></span> 
     </span>
    </p>
   </div>
   <div class='ocr_carea' id='block_1_43' title="bbox 116 3882 1805 3953">
    <p class='ocr_par' dir='ltr' id='par_1_43' title="bbox 116 3882 1805 3953">
     <span class='ocr_line' id='line_1_43' title="bbox 116 3882 1805 3953; baseline 0.001 -19"><span class='ocrx_word' id='word_1_307' title='bbox 116 3885 294 3952; x_wconf 77' lang='lat' dir='ltr'><strong><em>typum</em></strong></span> <span class='ocrx_word' id='word_1_308' title='bbox 338 3887 560 3953; x_wconf 85' lang='lat' dir='ltr'><strong><em>gestans</em></strong></span> <span class='ocrx_word' id='word_1_309' title='bbox 594 3896 839 3951; x_wconf 81' lang='lat' dir='ltr'><strong><em>superna</em></strong></span> <span class='ocrx_word' id='word_1_310' title='bbox 866 3882 1136 3948; x_wconf 85' lang='lat' dir='ltr'><strong><em>Ecclesia,</em></strong></span> <span class='ocrx_word' id='word_1_311' title='bbox 1166 3882 1233 3936; x_wconf 88' lang='lat' dir='ltr'><strong><em>de</em></strong></span> <span class='ocrx_word' id='word_1_312' title='bbox 1261 3897 1373 3952; x_wconf 89' lang='lat' dir='ltr'><strong><em>qua</em></strong></span> <span class='ocrx_word' id='word_1_313' title='bbox 1406 3884 1672 3951; x_wconf 89' lang='lat' dir='ltr'><strong><em>scriptum</em></strong></span> <span class='ocrx_word' id='word_1_314' title='bbox 1706 3885 1805 3950; x_wconf 90' lang='lat' dir='ltr'><strong><em>est,</em></strong></span> 
     </span>
    </p>
   </div>
   <div class='ocr_carea' id='block_1_44' title="bbox 115 3969 1807 4039">
    <p class='ocr_par' dir='ltr' id='par_1_44' title="bbox 115 3969 1807 4039">
     <span class='ocr_line' id='line_1_44' title="bbox 115 3969 1807 4039; baseline -0.002 -12"><span class='ocrx_word' id='word_1_315' title='bbox 115 3971 246 4038; x_wconf 86' lang='lat' dir='ltr'><strong><em>quod</em></strong></span> <span class='ocrx_word' id='word_1_316' title='bbox 284 3972 494 4027; x_wconf 87' lang='lat' dir='ltr'><strong><em>sederet</em></strong></span> <span class='ocrx_word' id='word_1_317' title='bbox 521 3970 597 4025; x_wconf 90' lang='lat' dir='ltr'><strong><em>ad</em></strong></span> <span class='ocrx_word' id='word_1_318' title='bbox 630 3969 795 4039; x_wconf 88' lang='lat' dir='ltr'><strong><em>pedes</em></strong></span> <span class='ocrx_word' id='word_1_319' title='bbox 838 3971 1067 4038; x_wconf 89' lang='lat' dir='ltr'><strong><em>Domini,</em></strong></span> <span class='ocrx_word' id='word_1_320' title='bbox 1102 3973 1266 4038; x_wconf 90' lang='lat' dir='ltr'><strong><em>atque</em></strong></span> <span class='ocrx_word' id='word_1_321' title='bbox 1292 3971 1505 4023; x_wconf 89' lang='lat' dir='ltr'><strong><em>intenta</em></strong></span> <span class='ocrx_word' id='word_1_322' title='bbox 1533 3969 1651 4038; x_wconf 86' lang='lat' dir='ltr'><strong><em>ejus</em></strong></span> <span class='ocrx_word' id='word_1_323' title='bbox 1678 3984 1807 4023; x_wconf 85' lang='lat' dir='ltr'><strong><em>ver-</em></strong></span> 
     </span>
    </p>
   </div>
   <div class='ocr_carea' id='block_1_45' title="bbox 114 4057 1806 4129">
    <p class='ocr_par' dir='ltr' id='par_1_45' title="bbox 114 4057 1806 4129">
     <span class='ocr_line' id='line_1_45' title="bbox 114 4057 1806 4129; baseline -0.001 -16"><span class='ocrx_word' id='word_1_324' title='bbox 114 4059 227 4116; x_wconf 90' lang='lat' dir='ltr'><strong><em>bum</em></strong></span> <span class='ocrx_word' id='word_1_325' title='bbox 249 4063 473 4117; x_wconf 84' lang='lat' dir='ltr'><strong><em>audiret</em></strong></span> <span class='ocrx_word' id='word_1_326' title='bbox 502 4059 752 4126; x_wconf 88' lang='lat' dir='ltr'><strong><em>(Possid.,</em></strong></span> <span class='ocrx_word' id='word_1_327' title='bbox 784 4060 844 4113; x_wconf 89' lang='lat' dir='ltr'><strong><em>in</em></strong></span> <span class='ocrx_word' id='word_1_328' title='bbox 889 4061 1018 4116; x_wconf 88' lang='lat' dir='ltr'><strong><em>Vita</em></strong></span> <span class='ocrx_word' id='word_1_329' title='bbox 1041 4059 1216 4127; x_wconf 83' lang='lat' dir='ltr'><strong><em>Aug.,</em></strong></span> <span class='ocrx_word' id='word_1_330' title='bbox 1245 4074 1291 4114; x_wconf 91' lang='lat' dir='ltr'><strong><em>c.</em></strong></span> <span class='ocrx_word' id='word_1_331' title='bbox 1324 4060 1440 4129; x_wconf 70' lang='lat'><strong><em>24).</em></strong></span> <span class='ocrx_word' id='word_1_332' title='bbox 1474 4057 1806 4113; x_wconf 84' lang='lat' dir='ltr'><strong><em>Videbimus</em></strong></span> 
     </span>
    </p>
   </div>
   <div class='ocr_carea' id='block_1_46' title="bbox 114 4144 1805 4219">
    <p class='ocr_par' dir='ltr' id='par_1_46' title="bbox 114 4144 1805 4219">
     <span class='ocr_line' id='line_1_46' title="bbox 114 4144 1805 4219; baseline -0.001 -18"><span class='ocrx_word' id='word_1_333' title='bbox 114 4146 251 4205; x_wconf 80' lang='lat' dir='ltr'><strong><em>infra</em></strong></span> <span class='ocrx_word' id='word_1_334' title='bbox 275 4165 416 4206; x_wconf 88' lang='lat' dir='ltr'><strong><em>eum</em></strong></span> <span class='ocrx_word' id='word_1_335' title='bbox 442 4146 866 4219; x_wconf 88' lang='lat' dir='ltr'><strong><em>possessionum</em></strong></span> <span class='ocrx_word' id='word_1_336' title='bbox 913 4146 1172 4201; x_wconf 73' lang='lat' dir='ltr'><strong><em>Ecclesia</em></strong></span> <span class='ocrx_word' id='word_1_337' title='bbox 1213 4161 1332 4200; x_wconf 89' lang='lat' dir='ltr'><strong><em>sua</em></strong></span> <span class='ocrx_word' id='word_1_338' title='bbox 1361 4144 1805 4201; x_wconf 85' lang='lat' dir='ltr'><strong><em>administratio-</em></strong></span> 
     </span>
    </p>
   </div>
   <div class='ocr_carea' id='block_1_47' title="bbox 114 4232 1804 4311">
    <p class='ocr_par' dir='ltr' id='par_1_47' title="bbox 114 4232 1804 4311">
     <span class='ocr_line' id='line_1_47' title="bbox 114 4232 1804 4311; baseline -0.003 -20"><span class='ocrx_word' id='word_1_339' title='bbox 114 4252 237 4293; x_wconf 87' lang='lat' dir='ltr'><strong><em>nem</em></strong></span> <span class='ocrx_word' id='word_1_340' title='bbox 267 4253 506 4311; x_wconf 83' lang='lat' dir='ltr'><strong><em>prorsus</em></strong></span> <span class='ocrx_word' id='word_1_341' title='bbox 547 4234 814 4307; x_wconf 88' lang='lat' dir='ltr'><strong><em>abjicere,</em></strong></span> <span class='ocrx_word' id='word_1_342' title='bbox 864 4240 1035 4307; x_wconf 88' lang='lat' dir='ltr'><strong><em>atque</em></strong></span> <span class='ocrx_word' id='word_1_343' title='bbox 1082 4233 1152 4289; x_wconf 88' lang='lat' dir='ltr'><strong><em>iis</em></strong></span> <span class='ocrx_word' id='word_1_344' title='bbox 1197 4233 1438 4289; x_wconf 88' lang='lat' dir='ltr'><strong><em>omnino</em></strong></span> <span class='ocrx_word' id='word_1_345' title='bbox 1482 4232 1682 4289; x_wconf 84' lang='lat' dir='ltr'><strong><em>cedere</em></strong></span> <span class='ocrx_word' id='word_1_346' title='bbox 1706 4247 1804 4286; x_wconf 88' lang='lat' dir='ltr'><strong><em>vo-</em></strong></span> 
     </span>
    </p>
   </div>
   <div class='ocr_carea' id='block_1_48' title="bbox 115 4323 1803 4399">
    <p class='ocr_par' dir='ltr' id='par_1_48' title="bbox 115 4323 1803 4399">
     <span class='ocr_line' id='line_1_48' title="bbox 115 4323 1803 4399; baseline -0.002 -20"><span class='ocrx_word' id='word_1_347' title='bbox 115 4325 274 4383; x_wconf 85' lang='lat' dir='ltr'><strong><em>luisse</em></strong></span> <span class='ocrx_word' id='word_1_348' title='bbox 317 4327 504 4399; x_wconf 89' lang='lat' dir='ltr'><strong><em>(lbid.,</em></strong></span> <span class='ocrx_word' id='word_1_349' title='bbox 553 4341 598 4381; x_wconf 91' lang='lat' dir='ltr'><strong><em>c.</em></strong></span> <span class='ocrx_word' id='word_1_350' title='bbox 648 4326 757 4393; x_wconf 91' lang='lat'><strong><em>23).</em></strong></span> <span class='ocrx_word' id='word_1_351' title='bbox 796 4325 895 4380; x_wconf 87' lang='lat' dir='ltr'><strong><em>Ille</em></strong></span> <span class='ocrx_word' id='word_1_352' title='bbox 922 4323 1046 4396; x_wconf 87' lang='lat' dir='ltr'><strong><em>ipse</em></strong></span> <span class='ocrx_word' id='word_1_353' title='bbox 1075 4340 1250 4394; x_wconf 89' lang='lat' dir='ltr'><strong><em>opum</em></strong></span> <span class='ocrx_word' id='word_1_354' title='bbox 1278 4326 1655 4393; x_wconf 82' lang='lat' dir='ltr'><strong><em>contemptus,</em></strong></span> <span class='ocrx_word' id='word_1_355' title='bbox 1688 4336 1803 4393; x_wconf 88' lang='lat' dir='ltr'><strong><em>quo</em></strong></span> 
     </span>
    </p>
   </div>
   <div class='ocr_carea' id='block_1_49' title="bbox 109 4409 1806 4484">
    <p class='ocr_par' dir='ltr' id='par_1_49' title="bbox 109 4409 1806 4484">
     <span class='ocr_line' id='line_1_49' title="bbox 109 4409 1806 4484; baseline -0.002 -16"><span class='ocrx_word' id='word_1_356' title='bbox 109 4414 219 4484; x_wconf 86' lang='lat' dir='ltr'><strong><em>jam</em></strong></span> <span class='ocrx_word' id='word_1_357' title='bbox 246 4415 385 4472; x_wconf 89' lang='lat' dir='ltr'><strong><em>inde</em></strong></span> <span class='ocrx_word' id='word_1_358' title='bbox 414 4432 449 4470; x_wconf 89' lang='lat' dir='ltr'><strong><em>a</em></strong></span> <span class='ocrx_word' id='word_1_359' title='bbox 477 4431 581 4470; x_wconf 89' lang='lat' dir='ltr'><strong><em>sua</em></strong></span> <span class='ocrx_word' id='word_1_360' title='bbox 612 4410 976 4469; x_wconf 86' lang='lat' dir='ltr'><strong><em>conversione</em></strong></span> <span class='ocrx_word' id='word_1_361' title='bbox 1020 4413 1315 4469; x_wconf 78' lang='lat' dir='ltr'><strong><em>facultates</em></strong></span> <span class='ocrx_word' id='word_1_362' title='bbox 1357 4427 1487 4466; x_wconf 88' lang='lat' dir='ltr'><strong><em>suas</em></strong></span> <span class='ocrx_word' id='word_1_363' title='bbox 1540 4409 1806 4482; x_wconf 88' lang='lat' dir='ltr'><strong><em>pauperi-</em></strong></span> 
     </span>
    </p>
   </div>
   <div class='ocr_carea' id='block_1_50' title="bbox 113 4500 1804 4577">
    <p class='ocr_par' dir='ltr' id='par_1_50' title="bbox 113 4500 1804 4577">
     <span class='ocr_line' id='line_1_50' title="bbox 113 4500 1804 4577; baseline -0.003 -20"><span class='ocrx_word' id='word_1_364' title='bbox 113 4502 209 4557; x_wconf 87' lang='lat' dir='ltr'><strong><em>bus</em></strong></span> <span class='ocrx_word' id='word_1_365' title='bbox 231 4504 509 4577; x_wconf 77' lang='lat' dir='ltr'><strong><em>erogavit,</em></strong></span> <span class='ocrx_word' id='word_1_366' title='bbox 538 4503 592 4559; x_wconf 90' lang='lat' dir='ltr'><strong><em>ei</em></strong></span> <span class='ocrx_word' id='word_1_367' title='bbox 620 4502 798 4559; x_wconf 78' lang='lat' dir='ltr'><strong><em>totius</em></strong></span> <span class='ocrx_word' id='word_1_368' title='bbox 839 4501 1215 4574; x_wconf 85' lang='lat' dir='ltr'><strong><em>Hipponensis</em></strong></span> <span class='ocrx_word' id='word_1_369' title='bbox 1239 4500 1438 4573; x_wconf 89' lang='lat' dir='ltr'><strong><em>populi</em></strong></span> <span class='ocrx_word' id='word_1_370' title='bbox 1460 4500 1804 4554; x_wconf 85' lang='lat' dir='ltr'><strong><em>benevolen-</em></strong></span> 
     </span>
    </p>
   </div>
   <div class='ocr_carea' id='block_1_51' title="bbox 114 4585 1803 4661">
    <p class='ocr_par' dir='ltr' id='par_1_51' title="bbox 114 4585 1803 4661">
     <span class='ocr_line' id='line_1_51' title="bbox 114 4585 1803 4661; baseline -0.001 -20"><span class='ocrx_word' id='word_1_371' title='bbox 114 4588 244 4645; x_wconf 85' lang='lat' dir='ltr'><strong><em>tiam</em></strong></span> <span class='ocrx_word' id='word_1_372' title='bbox 285 4590 687 4646; x_wconf 82' lang='lat' dir='ltr'><strong><em>conciliaverat</em></strong></span> <span class='ocrx_word' id='word_1_373' title='bbox 732 4591 927 4661; x_wconf 84' lang='lat' dir='ltr'><strong><em>(Epist.</em></strong></span> <span class='ocrx_word' id='word_1_374' title='bbox 982 4593 1106 4660; x_wconf 83' lang='lat' dir='ltr'><strong><em>l26,</em></strong></span> <span class='ocrx_word' id='word_1_375' title='bbox 1150 4606 1207 4645; x_wconf 88' lang='lat' dir='ltr'><strong><em>n.</em></strong></span> <span class='ocrx_word' id='word_1_376' title='bbox 1238 4592 1288 4661; x_wconf 85' lang='lat'><strong><em>7)</em></strong></span> <span class='ocrx_word' id='word_1_377' title='bbox 1324 4605 1338 4643; x_wconf 90' lang='lat'><strong>:</strong></span> <span class='ocrx_word' id='word_1_378' title='bbox 1372 4604 1502 4659; x_wconf 88' lang='lat' dir='ltr'><strong><em>qua</em></strong></span> <span class='ocrx_word' id='word_1_379' title='bbox 1537 4587 1714 4641; x_wconf 87' lang='lat' dir='ltr'><strong><em>virtus</em></strong></span> <span class='ocrx_word' id='word_1_380' title='bbox 1739 4585 1803 4640; x_wconf 90' lang='lat' dir='ltr'><strong><em>in</em></strong></span> 
     </span>
    </p>
   </div>
   <div class='ocr_carea' id='block_1_52' title="bbox 115 4675 1802 4750">
    <p class='ocr_par' dir='ltr' id='par_1_52' title="bbox 115 4675 1802 4750">
     <span class='ocr_line' id='line_1_52' title="bbox 115 4675 1802 4750; baseline 0 -22"><span class='ocrx_word' id='word_1_381' title='bbox 115 4675 222 4745; x_wconf 91' lang='lat' dir='ltr'><strong><em>illo,</em></strong></span> <span class='ocrx_word' id='word_1_382' title='bbox 268 4694 339 4734; x_wconf 83' lang='lat' dir='ltr'><strong><em>ex</em></strong></span> <span class='ocrx_word' id='word_1_383' title='bbox 381 4694 496 4750; x_wconf 89' lang='lat' dir='ltr'><strong><em>quo</em></strong></span> <span class='ocrx_word' id='word_1_384' title='bbox 543 4682 765 4733; x_wconf 87' lang='lat' dir='ltr'><strong><em>creatus</em></strong></span> <span class='ocrx_word' id='word_1_385' title='bbox 813 4682 899 4733; x_wconf 90' lang='lat' dir='ltr'><strong><em>est</em></strong></span> <span class='ocrx_word' id='word_1_386' title='bbox 949 4677 1271 4749; x_wconf 86' lang='lat' dir='ltr'><strong><em>episcopus,</em></strong></span> <span class='ocrx_word' id='word_1_387' title='bbox 1327 4676 1636 4730; x_wconf 88' lang='lat' dir='ltr'><strong><em>imminuta</em></strong></span> <span class='ocrx_word' id='word_1_388' title='bbox 1683 4690 1802 4729; x_wconf 90' lang='lat' dir='ltr'><strong><em>non</em></strong></span> 
     </span>
    </p>
   </div>
   <div class='ocr_carea' id='block_1_53' title="bbox 114 4762 1798 4839">
    <p class='ocr_par' dir='ltr' id='par_1_53' title="bbox 114 4762 1798 4839">
     <span class='ocr_line' id='line_1_53' title="bbox 114 4762 1798 4839; baseline 0 -23"><span class='ocrx_word' id='word_1_389' title='bbox 114 4762 229 4821; x_wconf 84' lang='lat' dir='ltr'><strong><em>fuit.</em></strong></span> <span class='ocrx_word' id='word_1_390' title='bbox 264 4767 408 4822; x_wconf 88' lang='lat' dir='ltr'><strong><em>Nam</em></strong></span> <span class='ocrx_word' id='word_1_391' title='bbox 453 4766 714 4839; x_wconf 86' lang='lat' dir='ltr'><strong><em>quamvis</em></strong></span> <span class='ocrx_word' id='word_1_392' title='bbox 761 4765 1021 4822; x_wconf 79' lang='lat' dir='ltr'><strong><em>Ecclesia</em></strong></span> <span class='ocrx_word' id='word_1_393' title='bbox 1066 4766 1216 4821; x_wconf 88' lang='lat' dir='ltr'><strong><em>bona</em></strong></span> <span class='ocrx_word' id='word_1_394' title='bbox 1258 4781 1319 4819; x_wconf 90' lang='lat' dir='ltr'><strong><em>re</em></strong></span> <span class='ocrx_word' id='word_1_395' title='bbox 1365 4780 1467 4819; x_wconf 90' lang='lat' dir='ltr'><strong><em>sua</em></strong></span> <span class='ocrx_word' id='word_1_396' title='bbox 1506 4762 1798 4832; x_wconf 82' lang='lat' dir='ltr'><strong><em>familiari,</em></strong></span> 
     </span>
    </p>
   </div>
   <div class='ocr_carea' id='block_1_54' title="bbox 114 4852 1798 4926">
    <p class='ocr_par' dir='ltr' id='par_1_54' title="bbox 114 4852 1798 4926">
     <span class='ocr_line' id='line_1_54' title="bbox 114 4852 1798 4926; baseline -0.002 -17"><span class='ocrx_word' id='word_1_397' title='bbox 114 4868 276 4924; x_wconf 85' lang='lat' dir='ltr'><strong><em>quam</em></strong></span> <span class='ocrx_word' id='word_1_398' title='bbox 321 4856 633 4924; x_wconf 85' lang='lat' dir='ltr'><strong><em>dimiserat,</em></strong></span> <span class='ocrx_word' id='word_1_399' title='bbox 685 4856 868 4911; x_wconf 89' lang='lat' dir='ltr'><strong><em>multo</em></strong></span> <span class='ocrx_word' id='word_1_400' title='bbox 909 4855 1132 4926; x_wconf 88' lang='lat' dir='ltr'><strong><em>majora</em></strong></span> <span class='ocrx_word' id='word_1_401' title='bbox 1169 4853 1466 4925; x_wconf 89' lang='lat' dir='ltr'><strong><em>possidere</em></strong></span> <span class='ocrx_word' id='word_1_402' title='bbox 1489 4852 1798 4920; x_wconf 80' lang='lat' dir='ltr'><strong><em>videretur,</em></strong></span> 
     </span>
    </p>
   </div>
   <div class='ocr_carea' id='block_1_55' title="bbox 114 4943 1800 5002">
    <p class='ocr_par' dir='ltr' id='par_1_55' title="bbox 114 4943 1800 5002">
     <span class='ocr_line' id='line_1_55' title="bbox 114 4943 1800 5002; baseline 0.001 -7"><span class='ocrx_word' id='word_1_403' title='bbox 114 4957 301 5000; x_wconf 86' lang='lat' dir='ltr'><strong><em>eorum</em></strong></span> <span class='ocrx_word' id='word_1_404' title='bbox 342 4950 539 5002; x_wconf 88' lang='lat' dir='ltr'><strong><em>tamen</em></strong></span> <span class='ocrx_word' id='word_1_405' title='bbox 588 4944 946 5000; x_wconf 89' lang='lat' dir='ltr'><strong><em>solummodo</em></strong></span> <span class='ocrx_word' id='word_1_406' title='bbox 1001 4943 1338 4999; x_wconf 85' lang='lat' dir='ltr'><strong><em>distributor</em></strong></span> <span class='ocrx_word' id='word_1_407' title='bbox 1384 4945 1442 4998; x_wconf 91' lang='lat' dir='ltr'><strong><em>et</em></strong></span> <span class='ocrx_word' id='word_1_408' title='bbox 1467 4957 1800 4997; x_wconf 82' lang='lat' dir='ltr'><strong><em>aconomus</em></strong></span> 
     </span>
    </p>
   </div>
   <div class='ocr_carea' id='block_1_56' title="bbox 114 5029 1796 5105">
    <p class='ocr_par' dir='ltr' id='par_1_56' title="bbox 114 5029 1796 5105">
     <span class='ocr_line' id='line_1_56' title="bbox 114 5029 1796 5105; baseline 0.001 -21"><span class='ocrx_word' id='word_1_409' title='bbox 114 5036 244 5088; x_wconf 88' lang='lat' dir='ltr'><strong><em>erat.</em></strong></span> <span class='ocrx_word' id='word_1_410' title='bbox 266 5033 453 5099; x_wconf 84' lang='lat' dir='ltr'><strong><em>Quare</em></strong></span> <span class='ocrx_word' id='word_1_411' title='bbox 481 5049 613 5088; x_wconf 90' lang='lat' dir='ltr'><strong><em>cum</em></strong></span> <span class='ocrx_word' id='word_1_412' title='bbox 642 5032 947 5105; x_wconf 82' lang='lat' dir='ltr'><strong><em>aliquando</em></strong></span> <span class='ocrx_word' id='word_1_413' title='bbox 974 5031 1038 5086; x_wconf 90' lang='lat' dir='ltr'><strong><em>in</em></strong></span> <span class='ocrx_word' id='word_1_414' title='bbox 1066 5030 1394 5103; x_wconf 87' lang='lat' dir='ltr'><strong><em>cupiditatis</em></strong></span> <span class='ocrx_word' id='word_1_415' title='bbox 1413 5029 1796 5101; x_wconf 88' lang='lat' dir='ltr'><strong><em>suspicionem</em></strong></span> 
     </span>
    </p>
   </div>
   <div class='ocr_carea' id='block_1_57' title="bbox 115 5117 1797 5193">
    <p class='ocr_par' dir='ltr' id='par_1_57' title="bbox 115 5117 1797 5193">
     <span class='ocr_line' id='line_1_57' title="bbox 115 5117 1797 5193; baseline 0.002 -22"><span class='ocrx_word' id='word_1_416' title='bbox 115 5117 243 5176; x_wconf 82' lang='lat' dir='ltr'><strong><em>falso</em></strong></span> <span class='ocrx_word' id='word_1_417' title='bbox 296 5122 563 5190; x_wconf 86' lang='lat' dir='ltr'><strong><em>venisset,</em></strong></span> <span class='ocrx_word' id='word_1_418' title='bbox 617 5122 797 5177; x_wconf 89' lang='lat' dir='ltr'><strong><em>Deum</em></strong></span> <span class='ocrx_word' id='word_1_419' title='bbox 826 5121 1017 5193; x_wconf 89' lang='lat' dir='ltr'><strong><em>ipsum</em></strong></span> <span class='ocrx_word' id='word_1_420' title='bbox 1065 5118 1244 5175; x_wconf 90' lang='lat' dir='ltr'><strong><em>animi</em></strong></span> <span class='ocrx_word' id='word_1_421' title='bbox 1272 5118 1361 5174; x_wconf 88' lang='lat' dir='ltr'><strong><em>sui</em></strong></span> <span class='ocrx_word' id='word_1_422' title='bbox 1396 5122 1602 5174; x_wconf 88' lang='lat' dir='ltr'><strong><em>testem</em></strong></span> <span class='ocrx_word' id='word_1_423' title='bbox 1627 5118 1797 5174; x_wconf 87' lang='lat' dir='ltr'><strong><em>adhi-</em></strong></span> 
     </span>
    </p>
   </div>
   <div class='ocr_carea' id='block_1_58' title="bbox 116 5205 1800 5282">
    <p class='ocr_par' dir='ltr' id='par_1_58' title="bbox 116 5205 1800 5282">
     <span class='ocr_line' id='line_1_58' title="bbox 116 5205 1800 5282; baseline 0.002 -22"><span class='ocrx_word' id='word_1_424' title='bbox 116 5205 267 5265; x_wconf 84' lang='lat' dir='ltr'><strong><em>buit:</em></strong></span> <span class='ocrx_word' id='word_1_425' title='bbox 291 5214 430 5267; x_wconf 88' lang='lat' dir='ltr'><strong><em>Deus</em></strong></span> <span class='ocrx_word' id='word_1_426' title='bbox 458 5213 608 5267; x_wconf 87' lang='lat' dir='ltr'><strong><em>testis</em></strong></span> <span class='ocrx_word' id='word_1_427' title='bbox 645 5215 742 5279; x_wconf 89' lang='lat' dir='ltr'><strong><em>est,</em></strong></span> <span class='ocrx_word' id='word_1_428' title='bbox 773 5208 983 5282; x_wconf 89' lang='lat' dir='ltr'><strong><em>inquit,</em></strong></span> <span class='ocrx_word' id='word_1_429' title='bbox 1028 5211 1194 5265; x_wconf 88' lang='lat' dir='ltr'><strong><em>istam</em></strong></span> <span class='ocrx_word' id='word_1_430' title='bbox 1243 5222 1450 5264; x_wconf 90' lang='lat' dir='ltr'><strong><em>omnem</em></strong></span> <span class='ocrx_word' id='word_1_431' title='bbox 1494 5222 1674 5263; x_wconf 81' lang='lat' dir='ltr'><strong><em>rerum</em></strong></span> <span class='ocrx_word' id='word_1_432' title='bbox 1721 5223 1800 5264; x_wconf 90' lang='lat' dir='ltr'><strong><em>ec-</em></strong></span> 
     </span>
    </p>
   </div>
   <div class='ocr_carea' id='block_1_59' title="bbox 115 5295 1799 5369">
    <p class='ocr_par' dir='ltr' id='par_1_59' title="bbox 115 5295 1799 5369">
     <span class='ocr_line' id='line_1_59' title="bbox 115 5295 1799 5369; baseline 0.002 -19"><span class='ocrx_word' id='word_1_433' title='bbox 115 5295 522 5355; x_wconf 84' lang='lat' dir='ltr'><strong><em>clesiasticarum</em></strong></span> <span class='ocrx_word' id='word_1_434' title='bbox 544 5300 1000 5369; x_wconf 88' lang='lat' dir='ltr'><strong><em>procurationem,</em></strong></span> <span class='ocrx_word' id='word_1_435' title='bbox 1044 5312 1277 5368; x_wconf 89' lang='lat' dir='ltr'><strong><em>quarum</em></strong></span> <span class='ocrx_word' id='word_1_436' title='bbox 1315 5296 1585 5353; x_wconf 89' lang='lat' dir='ltr'><strong><em>credimur</em></strong></span> <span class='ocrx_word' id='word_1_437' title='bbox 1611 5312 1799 5353; x_wconf 82' lang='lat' dir='ltr'><strong><em>amare</em></strong></span> 
     </span>
    </p>
   </div>
   <div class='ocr_carea' id='block_1_60' title="bbox 114 5383 1801 5460">
    <p class='ocr_par' dir='ltr' id='par_1_60' title="bbox 114 5383 1801 5460">
     <span class='ocr_line' id='line_1_60' title="bbox 114 5383 1801 5460; baseline 0 -18"><span class='ocrx_word' id='word_1_438' title='bbox 114 5383 454 5458; x_wconf 86' lang='lat' dir='ltr'><strong><em>dominatum,</em></strong></span> <span class='ocrx_word' id='word_1_439' title='bbox 500 5394 728 5460; x_wconf 84' lang='lat' dir='ltr'><strong><em>propter</em></strong></span> <span class='ocrx_word' id='word_1_440' title='bbox 780 5389 1092 5444; x_wconf 88' lang='lat' dir='ltr'><strong><em>servitutem</em></strong></span> <span class='ocrx_word' id='word_1_441' title='bbox 1123 5402 1288 5457; x_wconf 87' lang='lat' dir='ltr'><strong><em>quam</em></strong></span> <span class='ocrx_word' id='word_1_442' title='bbox 1340 5387 1500 5443; x_wconf 89' lang='lat' dir='ltr'><strong><em>debeo</em></strong></span> <span class='ocrx_word' id='word_1_443' title='bbox 1536 5387 1801 5443; x_wconf 88' lang='lat' dir='ltr'><strong><em>charitati</em></strong></span> 
     </span>
    </p>
   </div>
   <div class='ocr_carea' id='block_1_61' title="bbox 114 5475 1800 5545">
    <p class='ocr_par' dir='ltr' id='par_1_61' title="bbox 114 5475 1800 5545">
     <span class='ocr_line' id='line_1_61' title="bbox 114 5475 1800 5545; baseline -0.005 -6"><span class='ocrx_word' id='word_1_444' title='bbox 114 5475 340 5539; x_wconf 63' lang='lat' dir='ltr'><strong><em>mitram</em></strong></span> <span class='ocrx_word' id='word_1_445' title='bbox 363 5483 415 5534; x_wconf 90' lang='lat' dir='ltr'><strong><em>et</em></strong></span> <span class='ocrx_word' id='word_1_446' title='bbox 443 5480 628 5533; x_wconf 87' lang='lat' dir='ltr'><strong><em>timori</em></strong></span> <span class='ocrx_word' id='word_1_447' title='bbox 652 5479 771 5544; x_wconf 90' lang='lat' dir='ltr'><strong><em>Dei,</em></strong></span> <span class='ocrx_word' id='word_1_448' title='bbox 802 5476 1030 5532; x_wconf 85' lang='lat' dir='ltr'><strong><em>tolerare</em></strong></span> <span class='ocrx_word' id='word_1_449' title='bbox 1067 5490 1170 5544; x_wconf 88' lang='lat' dir='ltr'><strong><em>me,</em></strong></span> <span class='ocrx_word' id='word_1_450' title='bbox 1208 5491 1315 5532; x_wconf 88' lang='lat' dir='ltr'><strong><em>non</em></strong></span> <span class='ocrx_word' id='word_1_451' title='bbox 1356 5491 1544 5533; x_wconf 88' lang='lat' dir='ltr'><strong><em>amare</em></strong></span> <span class='ocrx_word' id='word_1_452' title='bbox 1558 5495 1575 5545; x_wconf 85' lang='lat'><strong>;</strong></span> <span class='ocrx_word' id='word_1_453' title='bbox 1611 5476 1695 5537; x_wconf 87' lang='lat' dir='ltr'><strong><em>ita</em></strong></span> <span class='ocrx_word' id='word_1_454' title='bbox 1739 5480 1800 5531; x_wconf 90' lang='lat' dir='ltr'><strong><em>ut</em></strong></span> 
     </span>
    </p>
   </div>
   <div class='ocr_carea' id='block_1_62' title="bbox 116 5564 1801 5639">
    <p class='ocr_par' dir='ltr' id='par_1_62' title="bbox 116 5564 1801 5639">
     <span class='ocr_line' id='line_1_62' title="bbox 116 5564 1801 5639; baseline -0.001 -17"><span class='ocrx_word' id='word_1_455' title='bbox 116 5576 193 5634; x_wconf 75' lang='lat' dir='ltr'><strong><em>ea,</em></strong></span> <span class='ocrx_word' id='word_1_456' title='bbox 212 5566 261 5622; x_wconf 81' lang='lat' dir='ltr'><strong><em>si</em></strong></span> <span class='ocrx_word' id='word_1_457' title='bbox 280 5568 429 5625; x_wconf 79' lang='lat' dir='ltr'><strong><em>salvo</em></strong></span> <span class='ocrx_word' id='word_1_458' title='bbox 452 5568 634 5637; x_wconf 71' lang='lat' dir='ltr'><strong><em>ofﬁcio</em></strong></span> <span class='ocrx_word' id='word_1_459' title='bbox 648 5566 875 5638; x_wconf 86' lang='lat' dir='ltr'><strong><em>possim,</em></strong></span> <span class='ocrx_word' id='word_1_460' title='bbox 904 5580 1089 5623; x_wconf 87' lang='lat' dir='ltr'><strong><em>carere</em></strong></span> <span class='ocrx_word' id='word_1_461' title='bbox 1111 5565 1409 5625; x_wconf 86' lang='lat' dir='ltr'><strong><em>desiderem</em></strong></span> <span class='ocrx_word' id='word_1_462' title='bbox 1427 5564 1622 5639; x_wconf 87' lang='lat' dir='ltr'><strong><em>(lbid.,</em></strong></span> <span class='ocrx_word' id='word_1_463' title='bbox 1641 5580 1699 5622; x_wconf 90' lang='lat' dir='ltr'><strong><em>n.</em></strong></span> <span class='ocrx_word' id='word_1_464' title='bbox 1724 5564 1801 5637; x_wconf 90' lang='lat'><strong><em>9).</em></strong></span> 
     </span>
    </p>
   </div>
   <div class='ocr_carea' id='block_1_63' title="bbox 1934 513 3637 587">
    <p class='ocr_par' dir='ltr' id='par_1_63' title="bbox 1934 513 3637 587">
     <span class='ocr_line' id='line_1_63' title="bbox 1934 513 3637 587; baseline 0.006 -22"><span class='ocrx_word' id='word_1_465' title='bbox 1934 527 2064 566; x_wconf 88' lang='lat' dir='ltr'><strong><em>rum</em></strong></span> <span class='ocrx_word' id='word_1_466' title='bbox 2117 513 2450 583; x_wconf 85' lang='lat' dir='ltr'><strong><em>calumnias,</em></strong></span> <span class='ocrx_word' id='word_1_467' title='bbox 2510 531 2683 587; x_wconf 88' lang='lat' dir='ltr'><strong><em>super</em></strong></span> <span class='ocrx_word' id='word_1_468' title='bbox 2726 516 2834 571; x_wconf 86' lang='lat' dir='ltr'><strong><em>hac</em></strong></span> <span class='ocrx_word' id='word_1_469' title='bbox 2876 531 2937 570; x_wconf 91' lang='lat' dir='ltr'><strong><em>re</em></strong></span> <span class='ocrx_word' id='word_1_470' title='bbox 2980 514 3197 582; x_wconf 88' lang='lat' dir='ltr'><strong><em>scribit,</em></strong></span> <span class='ocrx_word' id='word_1_471' title='bbox 3244 518 3537 574; x_wconf 85' lang='lat' dir='ltr'><strong><em>occasione</em></strong></span> <span class='ocrx_word' id='word_1_472' title='bbox 3566 521 3637 575; x_wconf 88' lang='lat' dir='ltr'><strong><em>Ie-</em></strong></span> 
     </span>
    </p>
   </div>
   <div class='ocr_carea' id='block_1_64' title="bbox 1934 604 3638 680">
    <p class='ocr_par' dir='ltr' id='par_1_64' title="bbox 1934 604 3638 680">
     <span class='ocr_line' id='line_1_64' title="bbox 1934 604 3638 680; baseline 0.006 -26"><span class='ocrx_word' id='word_1_473' title='bbox 1934 615 2094 671; x_wconf 89' lang='lat' dir='ltr'><strong><em>gum,</em></strong></span> <span class='ocrx_word' id='word_1_474' title='bbox 2122 617 2253 673; x_wconf 89' lang='lat' dir='ltr'><strong><em>qua</em></strong></span> <span class='ocrx_word' id='word_1_475' title='bbox 2298 604 2702 660; x_wconf 82' lang='lat' dir='ltr'><strong><em>ecclesiasticas</em></strong></span> <span class='ocrx_word' id='word_1_476' title='bbox 2728 604 2961 659; x_wconf 90' lang='lat' dir='ltr'><strong><em>illorum</em></strong></span> <span class='ocrx_word' id='word_1_477' title='bbox 2999 606 3387 676; x_wconf 89' lang='lat' dir='ltr'><strong><em>possessiones</em></strong></span> <span class='ocrx_word' id='word_1_478' title='bbox 3416 608 3638 680; x_wconf 88' lang='lat' dir='ltr'><strong><em>episco-</em></strong></span> 
     </span>
    </p>
   </div>
   <div class='ocr_carea' id='block_1_65' title="bbox 1931 691 3015 761">
    <p class='ocr_par' dir='ltr' id='par_1_65' title="bbox 1931 691 3015 761">
     <span class='ocr_line' id='line_1_65' title="bbox 1931 691 3015 761; baseline 0.003 -16"><span class='ocrx_word' id='word_1_479' title='bbox 1931 691 2028 761; x_wconf 87' lang='lat' dir='ltr'><strong><em>pis</em></strong></span> <span class='ocrx_word' id='word_1_480' title='bbox 2049 692 2309 748; x_wconf 72' lang='lat' dir='ltr'><strong><em>Ecclesia</em></strong></span> <span class='ocrx_word' id='word_1_481' title='bbox 2338 694 2630 750; x_wconf 86' lang='lat' dir='ltr'><strong><em>catholica</em></strong></span> <span class='ocrx_word' id='word_1_482' title='bbox 2661 694 3015 750; x_wconf 85' lang='lat' dir='ltr'><strong><em>addicebant.</em></strong></span> 
     </span>
    </p>
   </div>
   <div class='ocr_carea' id='block_1_66' title="bbox 2003 781 3632 855">
    <p class='ocr_par' dir='ltr' id='par_1_66' title="bbox 2003 781 3632 855">
     <span class='ocr_line' id='line_1_66' title="bbox 2003 781 3632 855; baseline 0.004 -22"><span class='ocrx_word' id='word_1_483' title='bbox 2003 781 2052 833; x_wconf 88' lang='lat'><strong><em>2.</em></strong></span> <span class='ocrx_word' id='word_1_484' title='bbox 2109 781 2317 837; x_wconf 88' lang='lat' dir='ltr'><strong><em>Verum</em></strong></span> <span class='ocrx_word' id='word_1_485' title='bbox 2369 798 2438 837; x_wconf 84' lang='lat' dir='ltr'><strong><em>ex</em></strong></span> <span class='ocrx_word' id='word_1_486' title='bbox 2480 783 2604 855; x_wconf 90' lang='lat' dir='ltr'><strong><em>ejus</em></strong></span> <span class='ocrx_word' id='word_1_487' title='bbox 2646 782 2824 855; x_wconf 82' lang='lat' dir='ltr'><strong><em>gestis</em></strong></span> <span class='ocrx_word' id='word_1_488' title='bbox 2860 782 3090 855; x_wconf 84' lang='lat' dir='ltr'><strong><em>clarius,</em></strong></span> <span class='ocrx_word' id='word_1_489' title='bbox 3123 799 3299 855; x_wconf 84' lang='lat' dir='ltr'><strong><em>quam</em></strong></span> <span class='ocrx_word' id='word_1_490' title='bbox 3329 800 3399 841; x_wconf 82' lang='lat' dir='ltr'><strong><em>ex</em></strong></span> <span class='ocrx_word' id='word_1_491' title='bbox 3444 784 3632 842; x_wconf 86' lang='lat' dir='ltr'><strong><em>verbis</em></strong></span> 
     </span>
    </p>
   </div>
   <div class='ocr_carea' id='block_1_67' title="bbox 1932 867 3635 944">
    <p class='ocr_par' dir='ltr' id='par_1_67' title="bbox 1932 867 3635 944">
     <span class='ocr_line' id='line_1_67' title="bbox 1932 867 3635 944; baseline 0.004 -21"><span class='ocrx_word' id='word_1_492' title='bbox 1932 867 2211 938; x_wconf 85' lang='lat' dir='ltr'><strong><em>elucebat,</em></strong></span> <span class='ocrx_word' id='word_1_493' title='bbox 2261 876 2540 943; x_wconf 86' lang='lat' dir='ltr'><strong><em>quantum</em></strong></span> <span class='ocrx_word' id='word_1_494' title='bbox 2586 888 2619 927; x_wconf 92' lang='lat' dir='ltr'><strong><em>a</em></strong></span> <span class='ocrx_word' id='word_1_495' title='bbox 2655 872 2911 944; x_wconf 87' lang='lat' dir='ltr'><strong><em>pecunia</em></strong></span> <span class='ocrx_word' id='word_1_496' title='bbox 2939 871 3252 943; x_wconf 87' lang='lat' dir='ltr'><strong><em>cupiditate</em></strong></span> <span class='ocrx_word' id='word_1_497' title='bbox 3279 889 3490 929; x_wconf 87' lang='lat' dir='ltr'><strong><em>vacuus</em></strong></span> <span class='ocrx_word' id='word_1_498' title='bbox 3519 874 3635 930; x_wconf 84' lang='lat' dir='ltr'><strong><em>exi-</em></strong></span> 
     </span>
    </p>
   </div>
   <div class='ocr_carea' id='block_1_68' title="bbox 1931 958 3633 1032">
    <p class='ocr_par' dir='ltr' id='par_1_68' title="bbox 1931 958 3633 1032">
     <span class='ocr_line' id='line_1_68' title="bbox 1931 958 3633 1032; baseline 0.005 -23"><span class='ocrx_word' id='word_1_499' title='bbox 1931 958 2124 1013; x_wconf 88' lang='lat' dir='ltr'><strong><em>steret.</em></strong></span> <span class='ocrx_word' id='word_1_500' title='bbox 2181 959 2324 1013; x_wconf 89' lang='lat' dir='ltr'><strong><em>Cum</em></strong></span> <span class='ocrx_word' id='word_1_501' title='bbox 2379 959 2535 1015; x_wconf 90' lang='lat' dir='ltr'><strong><em>enim</em></strong></span> <span class='ocrx_word' id='word_1_502' title='bbox 2576 960 2783 1032; x_wconf 89' lang='lat' dir='ltr'><strong><em>aliquis</em></strong></span> <span class='ocrx_word' id='word_1_503' title='bbox 2830 959 3089 1015; x_wconf 86' lang='lat' dir='ltr'><strong><em>Ecclesia</em></strong></span> <span class='ocrx_word' id='word_1_504' title='bbox 3139 961 3438 1032; x_wconf 87' lang='lat' dir='ltr'><strong><em>quidpiam</em></strong></span> <span class='ocrx_word' id='word_1_505' title='bbox 3463 968 3633 1018; x_wconf 82' lang='lat' dir='ltr'><strong><em>testa-</em></strong></span> 
     </span>
    </p>
   </div>
   <div class='ocr_carea' id='block_1_69' title="bbox 1933 1045 3631 1120">
    <p class='ocr_par' dir='ltr' id='par_1_69' title="bbox 1933 1045 3631 1120">
     <span class='ocr_line' id='line_1_69' title="bbox 1933 1045 3631 1120; baseline 0.004 -22"><span class='ocrx_word' id='word_1_506' title='bbox 1933 1049 2126 1099; x_wconf 88' lang='lat' dir='ltr'><strong><em>mento</em></strong></span> <span class='ocrx_word' id='word_1_507' title='bbox 2158 1046 2420 1118; x_wconf 85' lang='lat' dir='ltr'><strong><em>legasset,</em></strong></span> <span class='ocrx_word' id='word_1_508' title='bbox 2448 1047 2699 1102; x_wconf 87' lang='lat' dir='ltr'><strong><em>malebat</em></strong></span> <span class='ocrx_word' id='word_1_509' title='bbox 2716 1047 2860 1102; x_wconf 90' lang='lat' dir='ltr'><strong><em>illud</em></strong></span> <span class='ocrx_word' id='word_1_510' title='bbox 2880 1045 2990 1102; x_wconf 91' lang='lat' dir='ltr'><strong><em>sibi</em></strong></span> <span class='ocrx_word' id='word_1_511' title='bbox 3011 1047 3223 1115; x_wconf 78' lang='lat' dir='ltr'><strong><em>oﬂerri,</em></strong></span> <span class='ocrx_word' id='word_1_512' title='bbox 3252 1064 3427 1120; x_wconf 90' lang='lat' dir='ltr'><strong><em>quam</em></strong></span> <span class='ocrx_word' id='word_1_513' title='bbox 3444 1064 3552 1120; x_wconf 89' lang='lat' dir='ltr'><strong><em>per</em></strong></span> <span class='ocrx_word' id='word_1_514' title='bbox 3572 1065 3631 1105; x_wconf 84' lang='lat' dir='ltr'><strong><em>se</em></strong></span> 
     </span>
    </p>
   </div>
   <div class='ocr_carea' id='block_1_70' title="bbox 1932 1132 3630 1206">
    <p class='ocr_par' dir='ltr' id='par_1_70' title="bbox 1932 1132 3630 1206">
     <span class='ocr_line' id='line_1_70' title="bbox 1932 1132 3630 1206; baseline 0.003 -19"><span class='ocrx_word' id='word_1_515' title='bbox 1932 1132 2102 1204; x_wconf 81' lang='lat' dir='ltr'><strong><em>exigi.</em></strong></span> <span class='ocrx_word' id='word_1_516' title='bbox 2133 1136 2272 1191; x_wconf 89' lang='lat' dir='ltr'><strong><em>Nam</em></strong></span> <span class='ocrx_word' id='word_1_517' title='bbox 2309 1140 2360 1190; x_wconf 92' lang='lat' dir='ltr'><strong><em>et</em></strong></span> <span class='ocrx_word' id='word_1_518' title='bbox 2400 1138 2615 1206; x_wconf 87' lang='lat' dir='ltr'><strong><em>aliquas</em></strong></span> <span class='ocrx_word' id='word_1_519' title='bbox 2653 1152 2773 1190; x_wconf 89' lang='lat' dir='ltr'><strong><em>eum</em></strong></span> <span class='ocrx_word' id='word_1_520' title='bbox 2813 1136 3152 1191; x_wconf 83' lang='lat' dir='ltr'><strong><em>hareditates</em></strong></span> <span class='ocrx_word' id='word_1_521' title='bbox 3180 1152 3452 1192; x_wconf 91' lang='lat' dir='ltr'><strong><em>recusasse</em></strong></span> <span class='ocrx_word' id='word_1_522' title='bbox 3477 1141 3630 1194; x_wconf 89' lang='lat' dir='ltr'><strong><em>novi-</em></strong></span> 
     </span>
    </p>
   </div>
   <div class='ocr_carea' id='block_1_71' title="bbox 1929 1223 3631 1295">
    <p class='ocr_par' dir='ltr' id='par_1_71' title="bbox 1929 1223 3631 1295">
     <span class='ocr_line' id='line_1_71' title="bbox 1929 1223 3631 1295; baseline 0.004 -19"><span class='ocrx_word' id='word_1_523' title='bbox 1929 1237 2067 1291; x_wconf 92' lang='lat' dir='ltr'><strong><em>mus,</em></strong></span> <span class='ocrx_word' id='word_1_524' title='bbox 2100 1223 2182 1279; x_wconf 86' lang='lat' dir='ltr'><strong><em>ait</em></strong></span> <span class='ocrx_word' id='word_1_525' title='bbox 2222 1224 2529 1293; x_wconf 88' lang='lat' dir='ltr'><strong><em>Possidius,</em></strong></span> <span class='ocrx_word' id='word_1_526' title='bbox 2579 1241 2686 1280; x_wconf 91' lang='lat' dir='ltr'><strong><em>non</em></strong></span> <span class='ocrx_word' id='word_1_527' title='bbox 2718 1227 2852 1294; x_wconf 83' lang='lat' dir='ltr'><strong><em>quia</em></strong></span> <span class='ocrx_word' id='word_1_528' title='bbox 2885 1227 3223 1295; x_wconf 88' lang='lat' dir='ltr'><strong><em>pauperibus</em></strong></span> <span class='ocrx_word' id='word_1_529' title='bbox 3264 1228 3482 1282; x_wconf 86' lang='lat' dir='ltr'><strong><em>inutiles</em></strong></span> <span class='ocrx_word' id='word_1_530' title='bbox 3520 1242 3631 1282; x_wconf 91' lang='lat' dir='ltr'><strong><em>esse</em></strong></span> 
     </span>
    </p>
   </div>
   <div class='ocr_carea' id='block_1_72' title="bbox 1922 1313 3631 1384">
    <p class='ocr_par' dir='ltr' id='par_1_72' title="bbox 1922 1313 3631 1384">
     <span class='ocr_line' id='line_1_72' title="bbox 1922 1313 3631 1384; baseline 0.002 -19"><span class='ocrx_word' id='word_1_531' title='bbox 1922 1315 2161 1381; x_wconf 86' lang='lat' dir='ltr'><strong><em>possent,</em></strong></span> <span class='ocrx_word' id='word_1_532' title='bbox 2192 1313 2287 1368; x_wconf 84' lang='lat' dir='ltr'><strong><em>sed</em></strong></span> <span class='ocrx_word' id='word_1_533' title='bbox 2310 1316 2564 1383; x_wconf 89' lang='lat' dir='ltr'><strong><em>quoniam</em></strong></span> <span class='ocrx_word' id='word_1_534' title='bbox 2586 1314 2799 1384; x_wconf 90' lang='lat' dir='ltr'><strong><em>justum</em></strong></span> <span class='ocrx_word' id='word_1_535' title='bbox 2831 1318 2882 1369; x_wconf 90' lang='lat' dir='ltr'><strong><em>et</em></strong></span> <span class='ocrx_word' id='word_1_536' title='bbox 2907 1329 3121 1383; x_wconf 90' lang='lat' dir='ltr'><strong><em>aquum</em></strong></span> <span class='ocrx_word' id='word_1_537' title='bbox 3156 1329 3267 1369; x_wconf 89' lang='lat' dir='ltr'><strong><em>esse</em></strong></span> <span class='ocrx_word' id='word_1_538' title='bbox 3304 1314 3542 1382; x_wconf 85' lang='lat' dir='ltr'><strong><em>videbat,</em></strong></span> <span class='ocrx_word' id='word_1_539' title='bbox 3569 1318 3631 1369; x_wconf 90' lang='lat' dir='ltr'><strong><em>ut</em></strong></span> 
     </span>
    </p>
   </div>
   <div class='ocr_carea' id='block_1_73' title="bbox 1929 1402 3631 1472">
    <p class='ocr_par' dir='ltr' id='par_1_73' title="bbox 1929 1402 3631 1472">
     <span class='ocr_line' id='line_1_73' title="bbox 1929 1402 3631 1472; baseline 0.005 -22"><span class='ocrx_word' id='word_1_540' title='bbox 1929 1410 1964 1449; x_wconf 91' lang='lat' dir='ltr'><strong><em>a</em></strong></span> <span class='ocrx_word' id='word_1_541' title='bbox 1990 1403 2320 1454; x_wconf 84' lang='lat' dir='ltr'><strong><em>mortuorum</em></strong></span> <span class='ocrx_word' id='word_1_542' title='bbox 2342 1402 2426 1455; x_wconf 91' lang='lat' dir='ltr'><strong><em>vel</em></strong></span> <span class='ocrx_word' id='word_1_543' title='bbox 2450 1402 2602 1471; x_wconf 72' lang='lat' dir='ltr'><strong><em>ﬁliis,</em></strong></span> <span class='ocrx_word' id='word_1_544' title='bbox 2641 1402 2724 1456; x_wconf 90' lang='lat' dir='ltr'><strong><em>vel</em></strong></span> <span class='ocrx_word' id='word_1_545' title='bbox 2751 1402 3090 1472; x_wconf 88' lang='lat' dir='ltr'><strong><em>parentibus,</em></strong></span> <span class='ocrx_word' id='word_1_546' title='bbox 3117 1403 3201 1458; x_wconf 87' lang='lat' dir='ltr'><strong><em>vel</em></strong></span> <span class='ocrx_word' id='word_1_547' title='bbox 3228 1404 3491 1472; x_wconf 79' lang='lat' dir='ltr'><strong><em>afﬁnibus</em></strong></span> <span class='ocrx_word' id='word_1_548' title='bbox 3516 1419 3631 1458; x_wconf 88' lang='lat' dir='ltr'><strong><em>ma-</em></strong></span> 
     </span>
    </p>
   </div>
   <div class='ocr_carea' id='block_1_74' title="bbox 1926 1486 3629 1560">
    <p class='ocr_par' dir='ltr' id='par_1_74' title="bbox 1926 1486 3629 1560">
     <span class='ocr_line' id='line_1_74' title="bbox 1926 1486 3629 1560; baseline 0.002 -19"><span class='ocrx_word' id='word_1_549' title='bbox 1926 1486 2013 1551; x_wconf 85' lang='lat' dir='ltr'><strong><em>gis</em></strong></span> <span class='ocrx_word' id='word_1_550' title='bbox 2034 1486 2463 1556; x_wconf 86' lang='lat' dir='ltr'><strong><em>possiderentur,</em></strong></span> <span class='ocrx_word' id='word_1_551' title='bbox 2512 1489 2709 1557; x_wconf 88' lang='lat' dir='ltr'><strong><em>quibus</em></strong></span> <span class='ocrx_word' id='word_1_552' title='bbox 2753 1505 2844 1545; x_wconf 90' lang='lat' dir='ltr'><strong><em>eas</em></strong></span> <span class='ocrx_word' id='word_1_553' title='bbox 2891 1490 3194 1560; x_wconf 77' lang='lat' dir='ltr'><strong><em>deﬁcientes</em></strong></span> <span class='ocrx_word' id='word_1_554' title='bbox 3233 1490 3505 1546; x_wconf 87' lang='lat' dir='ltr'><strong><em>dimittere</em></strong></span> <span class='ocrx_word' id='word_1_555' title='bbox 3536 1506 3629 1546; x_wconf 79' lang='lat' dir='ltr'><strong><em>no-</em></strong></span> 
     </span>
    </p>
   </div>
   <div class='ocr_carea' id='block_1_75' title="bbox 1928 1572 3629 1649">
    <p class='ocr_par' dir='ltr' id='par_1_75' title="bbox 1928 1572 3629 1649">
     <span class='ocr_line' id='line_1_75' title="bbox 1928 1572 3629 1649; baseline 0.004 -22"><span class='ocrx_word' id='word_1_556' title='bbox 1928 1572 2144 1629; x_wconf 87' lang='lat' dir='ltr'><strong><em>luerunt</em></strong></span> <span class='ocrx_word' id='word_1_557' title='bbox 2173 1577 2421 1646; x_wconf 87' lang='lat' dir='ltr'><strong><em>(Possid.,</em></strong></span> <span class='ocrx_word' id='word_1_558' title='bbox 2454 1579 2515 1632; x_wconf 91' lang='lat' dir='ltr'><strong><em>in</em></strong></span> <span class='ocrx_word' id='word_1_559' title='bbox 2541 1579 2671 1634; x_wconf 88' lang='lat' dir='ltr'><strong><em>Vita</em></strong></span> <span class='ocrx_word' id='word_1_560' title='bbox 2695 1579 2935 1647; x_wconf 86' lang='lat' dir='ltr'><strong><em>August.</em></strong></span> <span class='ocrx_word' id='word_1_561' title='bbox 2953 1618 2968 1646; x_wconf 91' lang='lat'><strong><em>,</em></strong></span> <span class='ocrx_word' id='word_1_562' title='bbox 2999 1594 3046 1635; x_wconf 94' lang='lat' dir='ltr'><strong><em>c.</em></strong></span> <span class='ocrx_word' id='word_1_563' title='bbox 3075 1578 3183 1649; x_wconf 69' lang='lat'><strong><em>24).</em></strong></span> <span class='ocrx_word' id='word_1_564' title='bbox 3218 1579 3285 1633; x_wconf 89' lang='lat' dir='ltr'><strong><em>Et</em></strong></span> <span class='ocrx_word' id='word_1_565' title='bbox 3313 1578 3385 1634; x_wconf 88' lang='lat' dir='ltr'><strong><em>ad</em></strong></span> <span class='ocrx_word' id='word_1_566' title='bbox 3412 1578 3473 1633; x_wconf 91' lang='lat' dir='ltr'><strong><em>id</em></strong></span> <span class='ocrx_word' id='word_1_567' title='bbox 3501 1594 3629 1634; x_wconf 86' lang='lat' dir='ltr'><strong><em>nar-</em></strong></span> 
     </span>
    </p>
   </div>
   <div class='ocr_carea' id='block_1_76' title="bbox 1926 1661 3628 1738">
    <p class='ocr_par' dir='ltr' id='par_1_76' title="bbox 1926 1661 3628 1738">
     <span class='ocr_line' id='line_1_76' title="bbox 1926 1661 3628 1738; baseline 0.004 -22"><span class='ocrx_word' id='word_1_568' title='bbox 1926 1661 2088 1717; x_wconf 87' lang='lat' dir='ltr'><strong><em>rabat</em></strong></span> <span class='ocrx_word' id='word_1_569' title='bbox 2134 1664 2351 1719; x_wconf 86' lang='lat' dir='ltr'><strong><em>Aurelii</em></strong></span> <span class='ocrx_word' id='word_1_570' title='bbox 2404 1665 2866 1737; x_wconf 86' lang='lat' dir='ltr'><strong><em>Carthaginensis</em></strong></span> <span class='ocrx_word' id='word_1_571' title='bbox 2917 1667 3153 1730; x_wconf 86' lang='lat' dir='ltr'><strong><em>factum,</em></strong></span> <span class='ocrx_word' id='word_1_572' title='bbox 3180 1666 3333 1738; x_wconf 89' lang='lat' dir='ltr'><strong><em>quod</em></strong></span> <span class='ocrx_word' id='word_1_573' title='bbox 3362 1666 3628 1722; x_wconf 90' lang='lat' dir='ltr'><strong><em>omnibus</em></strong></span> 
     </span>
    </p>
   </div>
   <div class='ocr_carea' id='block_1_77' title="bbox 1926 1750 3624 1826">
    <p class='ocr_par' dir='ltr' id='par_1_77' title="bbox 1926 1750 3624 1826">
     <span class='ocr_line' id='line_1_77' title="bbox 1926 1750 3624 1826; baseline 0.004 -22"><span class='ocrx_word' id='word_1_574' title='bbox 1926 1750 2154 1806; x_wconf 87' lang='lat' dir='ltr'><strong><em>virtutis</em></strong></span> <span class='ocrx_word' id='word_1_575' title='bbox 2181 1752 2471 1824; x_wconf 88' lang='lat' dir='ltr'><strong><em>specimen</em></strong></span> <span class='ocrx_word' id='word_1_576' title='bbox 2513 1754 2854 1826; x_wconf 86' lang='lat' dir='ltr'><strong><em>prabuerat.</em></strong></span> <span class='ocrx_word' id='word_1_577' title='bbox 2884 1755 3057 1821; x_wconf 87' lang='lat' dir='ltr'><strong><em>Quam</em></strong></span> <span class='ocrx_word' id='word_1_578' title='bbox 3088 1754 3383 1822; x_wconf 86' lang='lat' dir='ltr'><strong><em>laudabile,</em></strong></span> <span class='ocrx_word' id='word_1_579' title='bbox 3415 1754 3624 1823; x_wconf 86' lang='lat' dir='ltr'><strong><em>aiebat,</em></strong></span> 
     </span>
    </p>
   </div>
   <div class='ocr_carea' id='block_1_78' title="bbox 1922 1840 3623 1913">
    <p class='ocr_par' dir='ltr' id='par_1_78' title="bbox 1922 1840 3623 1913">
     <span class='ocr_line' id='line_1_78' title="bbox 1922 1840 3623 1913; baseline 0.003 -20"><span class='ocrx_word' id='word_1_580' title='bbox 1922 1840 2133 1907; x_wconf 85' lang='lat' dir='ltr'><strong><em>factum</em></strong></span> <span class='ocrx_word' id='word_1_581' title='bbox 2150 1844 2328 1896; x_wconf 88' lang='lat' dir='ltr'><strong><em>sancti</em></strong></span> <span class='ocrx_word' id='word_1_582' title='bbox 2345 1847 2397 1897; x_wconf 90' lang='lat' dir='ltr'><strong><em>et</em></strong></span> <span class='ocrx_word' id='word_1_583' title='bbox 2414 1842 2709 1898; x_wconf 85' lang='lat' dir='ltr'><strong><em>venerandi</em></strong></span> <span class='ocrx_word' id='word_1_584' title='bbox 2735 1844 2974 1913; x_wconf 82' lang='lat' dir='ltr'><strong><em>episcopi</em></strong></span> <span class='ocrx_word' id='word_1_585' title='bbox 2989 1843 3209 1897; x_wconf 86' lang='lat' dir='ltr'><strong><em>Aurelii</em></strong></span> <span class='ocrx_word' id='word_1_586' title='bbox 3227 1843 3623 1911; x_wconf 86' lang='lat' dir='ltr'><strong><em>Carthaginen-</em></strong></span> 
     </span>
    </p>
   </div>
   <div class='ocr_carea' id='block_1_79' title="bbox 1923 1928 3624 2011">
    <p class='ocr_par' dir='ltr' id='par_1_79' title="bbox 1923 1928 3624 2011">
     <span class='ocr_line' id='line_1_79' title="bbox 1923 1928 3624 2011; baseline 0.003 -30"><span class='ocrx_word' id='word_1_587' title='bbox 1923 1929 2019 1993; x_wconf 87' lang='lat' dir='ltr'><strong><em>sis,</em></strong></span> <span class='ocrx_word' id='word_1_588' title='bbox 2053 1929 2313 1997; x_wconf 88' lang='lat' dir='ltr'><strong><em>quomodo</em></strong></span> <span class='ocrx_word' id='word_1_589' title='bbox 2359 1931 2605 2011; x_wconf 75' lang='lat' dir='ltr'><strong><em>implevit</em></strong></span> <span class='ocrx_word' id='word_1_590' title='bbox 2645 1930 2891 1985; x_wconf 87' lang='lat' dir='ltr'><strong><em>omnibus</em></strong></span> <span class='ocrx_word' id='word_1_591' title='bbox 2930 1932 3028 2001; x_wconf 91' lang='lat' dir='ltr'><strong><em>qui</em></strong></span> <span class='ocrx_word' id='word_1_592' title='bbox 3053 1928 3251 1998; x_wconf 88' lang='lat' dir='ltr'><strong><em>sciunt,</em></strong></span> <span class='ocrx_word' id='word_1_593' title='bbox 3283 1945 3339 1986; x_wconf 92' lang='lat' dir='ltr'><strong><em>os</em></strong></span> <span class='ocrx_word' id='word_1_594' title='bbox 3370 1930 3624 1987; x_wconf 88' lang='lat' dir='ltr'><strong><em>laudibus</em></strong></span> 
     </span>
    </p>
   </div>
   <div class='ocr_carea' id='block_1_80' title="bbox 1922 2016 3623 2090">
    <p class='ocr_par' dir='ltr' id='par_1_80' title="bbox 1922 2016 3623 2090">
     <span class='ocr_line' id='line_1_80' title="bbox 1922 2016 3623 2090; baseline 0.001 -19"><span class='ocrx_word' id='word_1_595' title='bbox 1922 2016 2059 2072; x_wconf 77' lang='lat' dir='ltr'><strong><em>Dei?</em></strong></span> <span class='ocrx_word' id='word_1_596' title='bbox 2086 2017 2326 2083; x_wconf 83' lang='lat' dir='ltr'><strong><em>Quidam</em></strong></span> <span class='ocrx_word' id='word_1_597' title='bbox 2365 2034 2486 2073; x_wconf 88' lang='lat' dir='ltr'><strong><em>cum</em></strong></span> <span class='ocrx_word' id='word_1_598' title='bbox 2529 2018 2675 2090; x_wconf 82' lang='lat' dir='ltr'><strong><em>ﬁlios</em></strong></span> <span class='ocrx_word' id='word_1_599' title='bbox 2713 2034 2819 2074; x_wconf 87' lang='lat' dir='ltr'><strong><em>non</em></strong></span> <span class='ocrx_word' id='word_1_600' title='bbox 2865 2019 3105 2086; x_wconf 86' lang='lat' dir='ltr'><strong><em>haberet,</em></strong></span> <span class='ocrx_word' id='word_1_601' title='bbox 3152 2034 3322 2089; x_wconf 85' lang='lat' dir='ltr'><strong><em>neque</em></strong></span> <span class='ocrx_word' id='word_1_602' title='bbox 3357 2023 3623 2089; x_wconf 85' lang='lat' dir='ltr'><strong><em>speraret,</em></strong></span> 
     </span>
    </p>
   </div>
   <div class='ocr_carea' id='block_1_81' title="bbox 1923 2106 3621 2175">
    <p class='ocr_par' dir='ltr' id='par_1_81' title="bbox 1923 2106 3621 2175">
     <span class='ocr_line' id='line_1_81' title="bbox 1923 2106 3621 2175; baseline 0.002 -16"><span class='ocrx_word' id='word_1_603' title='bbox 1923 2119 2007 2159; x_wconf 91' lang='lat' dir='ltr'><strong><em>res</em></strong></span> <span class='ocrx_word' id='word_1_604' title='bbox 2044 2119 2172 2161; x_wconf 88' lang='lat' dir='ltr'><strong><em>suas</em></strong></span> <span class='ocrx_word' id='word_1_605' title='bbox 2209 2122 2385 2162; x_wconf 89' lang='lat' dir='ltr'><strong><em>omnes</em></strong></span> <span class='ocrx_word' id='word_1_606' title='bbox 2412 2112 2613 2164; x_wconf 87' lang='lat' dir='ltr'><strong><em>retento</em></strong></span> <span class='ocrx_word' id='word_1_607' title='bbox 2650 2108 2760 2162; x_wconf 88' lang='lat' dir='ltr'><strong><em>sibi</em></strong></span> <span class='ocrx_word' id='word_1_608' title='bbox 2783 2109 3076 2175; x_wconf 87' lang='lat' dir='ltr'><strong><em>usufructu</em></strong></span> <span class='ocrx_word' id='word_1_609' title='bbox 3103 2106 3325 2163; x_wconf 87' lang='lat' dir='ltr'><strong><em>donavit</em></strong></span> <span class='ocrx_word' id='word_1_610' title='bbox 3352 2108 3621 2164; x_wconf 87' lang='lat' dir='ltr'><strong><em>Ecclesia.</em></strong></span> 
     </span>
    </p>
   </div>
   <div class='ocr_carea' id='block_1_82' title="bbox 1922 2196 3629 2267">
    <p class='ocr_par' dir='ltr' id='par_1_82' title="bbox 1922 2196 3629 2267">
     <span class='ocr_line' id='line_1_82' title="bbox 1922 2196 3629 2267; baseline 0.001 -16"><span class='ocrx_word' id='word_1_611' title='bbox 1922 2196 2058 2252; x_wconf 89' lang='lat' dir='ltr'><strong><em>Nati</em></strong></span> <span class='ocrx_word' id='word_1_612' title='bbox 2083 2200 2209 2250; x_wconf 89' lang='lat' dir='ltr'><strong><em>sunt</em></strong></span> <span class='ocrx_word' id='word_1_613' title='bbox 2237 2196 2325 2250; x_wconf 90' lang='lat' dir='ltr'><strong><em>illi</em></strong></span> <span class='ocrx_word' id='word_1_614' title='bbox 2353 2197 2482 2266; x_wconf 77' lang='lat' dir='ltr'><strong><em>ﬁlii,</em></strong></span> <span class='ocrx_word' id='word_1_615' title='bbox 2511 2200 2563 2252; x_wconf 90' lang='lat' dir='ltr'><strong><em>et</em></strong></span> <span class='ocrx_word' id='word_1_616' title='bbox 2603 2196 2847 2251; x_wconf 88' lang='lat' dir='ltr'><strong><em>reddidit</em></strong></span> <span class='ocrx_word' id='word_1_617' title='bbox 2884 2198 3185 2267; x_wconf 88' lang='lat' dir='ltr'><strong><em>Episcopus</em></strong></span> <span class='ocrx_word' id='word_1_618' title='bbox 3230 2211 3323 2252; x_wconf 86' lang='lat' dir='ltr'><strong><em>nec</em></strong></span> <span class='ocrx_word' id='word_1_619' title='bbox 3376 2198 3629 2267; x_wconf 88' lang='lat' dir='ltr'><strong><em>opinanti</em></strong></span> 
     </span>
    </p>
   </div>
   <div class='ocr_carea' id='block_1_83' title="bbox 1924 2284 3624 2356">
    <p class='ocr_par' dir='ltr' id='par_1_83' title="bbox 1924 2284 3624 2356">
     <span class='ocr_line' id='line_1_83' title="bbox 1924 2284 3624 2356; baseline 0.002 -18"><span class='ocrx_word' id='word_1_620' title='bbox 1924 2299 2042 2352; x_wconf 85' lang='lat' dir='ltr'><strong><em>qua</em></strong></span> <span class='ocrx_word' id='word_1_621' title='bbox 2078 2285 2167 2338; x_wconf 85' lang='lat' dir='ltr'><strong><em>illo</em></strong></span> <span class='ocrx_word' id='word_1_622' title='bbox 2193 2284 2509 2341; x_wconf 87' lang='lat' dir='ltr'><strong><em>donaverat.</em></strong></span> <span class='ocrx_word' id='word_1_623' title='bbox 2539 2287 2603 2339; x_wconf 89' lang='lat' dir='ltr'><strong><em>In</em></strong></span> <span class='ocrx_word' id='word_1_624' title='bbox 2637 2289 2901 2355; x_wconf 87' lang='lat' dir='ltr'><strong><em>potestate</em></strong></span> <span class='ocrx_word' id='word_1_625' title='bbox 2930 2285 3160 2341; x_wconf 84' lang='lat' dir='ltr'><strong><em>habebat</em></strong></span> <span class='ocrx_word' id='word_1_626' title='bbox 3187 2287 3487 2356; x_wconf 87' lang='lat' dir='ltr'><strong><em>Episcopus</em></strong></span> <span class='ocrx_word' id='word_1_627' title='bbox 3514 2301 3624 2341; x_wconf 92' lang='lat' dir='ltr'><strong><em>non</em></strong></span> 
     </span>
    </p>
   </div>
   <div class='ocr_carea' id='block_1_84' title="bbox 1920 2371 3619 2445">
    <p class='ocr_par' dir='ltr' id='par_1_84' title="bbox 1920 2371 3619 2445">
     <span class='ocr_line' id='line_1_84' title="bbox 1920 2371 3619 2445; baseline 0.001 -19"><span class='ocrx_word' id='word_1_628' title='bbox 1920 2371 2175 2440; x_wconf 87' lang='lat' dir='ltr'><strong><em>reddere;</em></strong></span> <span class='ocrx_word' id='word_1_629' title='bbox 2206 2372 2301 2428; x_wconf 88' lang='lat' dir='ltr'><strong><em>sed</em></strong></span> <span class='ocrx_word' id='word_1_630' title='bbox 2320 2374 2448 2444; x_wconf 83' lang='lat' dir='ltr'><strong><em>jure</em></strong></span> <span class='ocrx_word' id='word_1_631' title='bbox 2473 2375 2606 2442; x_wconf 91' lang='lat' dir='ltr'><strong><em>fori,</em></strong></span> <span class='ocrx_word' id='word_1_632' title='bbox 2636 2390 2745 2429; x_wconf 90' lang='lat' dir='ltr'><strong><em>non</em></strong></span> <span class='ocrx_word' id='word_1_633' title='bbox 2765 2375 2895 2444; x_wconf 88' lang='lat' dir='ltr'><strong><em>jure</em></strong></span> <span class='ocrx_word' id='word_1_634' title='bbox 2916 2375 3036 2445; x_wconf 89' lang='lat' dir='ltr'><strong><em>poli</em></strong></span> <span class='ocrx_word' id='word_1_635' title='bbox 3067 2374 3261 2444; x_wconf 83' lang='lat' dir='ltr'><strong><em>(Serm.</em></strong></span> <span class='ocrx_word' id='word_1_636' title='bbox 3295 2376 3421 2441; x_wconf 87' lang='lat'><strong><em>355,</em></strong></span> <span class='ocrx_word' id='word_1_637' title='bbox 3459 2390 3515 2429; x_wconf 90' lang='lat' dir='ltr'><strong><em>n.</em></strong></span> <span class='ocrx_word' id='word_1_638' title='bbox 3546 2372 3619 2444; x_wconf 85' lang='lat'><strong><em>5).</em></strong></span> 
     </span>
    </p>
   </div>
   <div class='ocr_carea' id='block_1_85' title="bbox 1924 2462 3622 2535">
    <p class='ocr_par' dir='ltr' id='par_1_85' title="bbox 1924 2462 3622 2535">
     <span class='ocr_line' id='line_1_85' title="bbox 1924 2462 3622 2535; baseline 0.001 -19"><span class='ocrx_word' id='word_1_639' title='bbox 1924 2462 2054 2516; x_wconf 83' lang='lat' dir='ltr'><strong><em>Hac</em></strong></span> <span class='ocrx_word' id='word_1_640' title='bbox 2082 2478 2315 2533; x_wconf 90' lang='lat' dir='ltr'><strong><em>quoque</em></strong></span> <span class='ocrx_word' id='word_1_641' title='bbox 2345 2463 2546 2534; x_wconf 89' lang='lat' dir='ltr'><strong><em>regula</em></strong></span> <span class='ocrx_word' id='word_1_642' title='bbox 2575 2462 2874 2519; x_wconf 85' lang='lat' dir='ltr'><strong><em>retinenda</em></strong></span> <span class='ocrx_word' id='word_1_643' title='bbox 2921 2462 3033 2534; x_wconf 90' lang='lat' dir='ltr'><strong><em>ipsi</em></strong></span> <span class='ocrx_word' id='word_1_644' title='bbox 3080 2462 3393 2530; x_wconf 87' lang='lat' dir='ltr'><strong><em>videbatur,</em></strong></span> <span class='ocrx_word' id='word_1_645' title='bbox 3430 2466 3493 2517; x_wconf 89' lang='lat' dir='ltr'><strong><em>ut</em></strong></span> <span class='ocrx_word' id='word_1_646' title='bbox 3519 2479 3622 2535; x_wconf 90' lang='lat' dir='ltr'><strong><em>pa-</em></strong></span> 
     </span>
    </p>
   </div>
   <div class='ocr_carea' id='block_1_86' title="bbox 1920 2550 3624 2622">
    <p class='ocr_par' dir='ltr' id='par_1_86' title="bbox 1920 2550 3624 2622">
     <span class='ocr_line' id='line_1_86' title="bbox 1920 2550 3624 2622; baseline 0.002 -19"><span class='ocrx_word' id='word_1_647' title='bbox 1920 2550 2043 2617; x_wconf 87' lang='lat' dir='ltr'><strong><em>tris,</em></strong></span> <span class='ocrx_word' id='word_1_648' title='bbox 2075 2550 2177 2622; x_wconf 90' lang='lat' dir='ltr'><strong><em>qui</em></strong></span> <span class='ocrx_word' id='word_1_649' title='bbox 2201 2550 2388 2606; x_wconf 84' lang='lat' dir='ltr'><strong><em>ﬁlium</em></strong></span> <span class='ocrx_word' id='word_1_650' title='bbox 2412 2568 2582 2607; x_wconf 89' lang='lat' dir='ltr'><strong><em>suum</em></strong></span> <span class='ocrx_word' id='word_1_651' title='bbox 2610 2552 2790 2607; x_wconf 87' lang='lat' dir='ltr'><strong><em>iratus</em></strong></span> <span class='ocrx_word' id='word_1_652' title='bbox 2815 2552 3248 2619; x_wconf 83' lang='lat' dir='ltr'><strong><em>exharedasset,</em></strong></span> <span class='ocrx_word' id='word_1_653' title='bbox 3282 2567 3401 2606; x_wconf 92' lang='lat' dir='ltr'><strong><em>non</em></strong></span> <span class='ocrx_word' id='word_1_654' title='bbox 3451 2550 3624 2606; x_wconf 89' lang='lat' dir='ltr'><strong><em>susci-</em></strong></span> 
     </span>
    </p>
   </div>
   <div class='ocr_carea' id='block_1_87' title="bbox 1920 2639 3619 2710">
    <p class='ocr_par' dir='ltr' id='par_1_87' title="bbox 1920 2639 3619 2710">
     <span class='ocr_line' id='line_1_87' title="bbox 1920 2639 3619 2710; baseline 0.001 -17"><span class='ocrx_word' id='word_1_655' title='bbox 1920 2644 2082 2710; x_wconf 89' lang='lat' dir='ltr'><strong><em>peret</em></strong></span> <span class='ocrx_word' id='word_1_656' title='bbox 2105 2640 2521 2709; x_wconf 86' lang='lat' dir='ltr'><strong><em>hareditatem,</em></strong></span> <span class='ocrx_word' id='word_1_657' title='bbox 2570 2641 2668 2696; x_wconf 91' lang='lat' dir='ltr'><strong><em>sed</em></strong></span> <span class='ocrx_word' id='word_1_658' title='bbox 2697 2640 2819 2696; x_wconf 85' lang='lat' dir='ltr'><strong><em>ﬁlio</em></strong></span> <span class='ocrx_word' id='word_1_659' title='bbox 2848 2640 3133 2698; x_wconf 82' lang='lat' dir='ltr'><strong><em>redderet.</em></strong></span> <span class='ocrx_word' id='word_1_660' title='bbox 3194 2639 3352 2695; x_wconf 87' lang='lat' dir='ltr'><strong><em>Unde</em></strong></span> <span class='ocrx_word' id='word_1_661' title='bbox 3395 2639 3619 2695; x_wconf 90' lang='lat' dir='ltr'><strong><em>consilii</em></strong></span> 
     </span>
    </p>
   </div>
   <div class='ocr_carea' id='block_1_88' title="bbox 1921 2724 3614 2800">
    <p class='ocr_par' dir='ltr' id='par_1_88' title="bbox 1921 2724 3614 2800">
     <span class='ocr_line' id='line_1_88' title="bbox 1921 2724 3614 2800; baseline 0.004 -22"><span class='ocrx_word' id='word_1_662' title='bbox 1921 2724 2011 2779; x_wconf 90' lang='lat' dir='ltr'><strong><em>sui</em></strong></span> <span class='ocrx_word' id='word_1_663' title='bbox 2038 2726 2321 2783; x_wconf 88' lang='lat' dir='ltr'><strong><em>rationem</em></strong></span> <span class='ocrx_word' id='word_1_664' title='bbox 2339 2728 2495 2800; x_wconf 90' lang='lat' dir='ltr'><strong><em>plebi</em></strong></span> <span class='ocrx_word' id='word_1_665' title='bbox 2515 2745 2634 2784; x_wconf 90' lang='lat' dir='ltr'><strong><em>sua</em></strong></span> <span class='ocrx_word' id='word_1_666' title='bbox 2650 2730 2999 2798; x_wconf 87' lang='lat' dir='ltr'><strong><em>redditurus,</em></strong></span> <span class='ocrx_word' id='word_1_667' title='bbox 3023 2729 3102 2784; x_wconf 89' lang='lat' dir='ltr'><strong><em>sic</em></strong></span> <span class='ocrx_word' id='word_1_668' title='bbox 3123 2742 3252 2784; x_wconf 87' lang='lat' dir='ltr'><strong><em>eam</em></strong></span> <span class='ocrx_word' id='word_1_669' title='bbox 3271 2729 3580 2800; x_wconf 86' lang='lat' dir='ltr'><strong><em>compellat</em></strong></span> <span class='ocrx_word' id='word_1_670' title='bbox 3600 2745 3614 2783; x_wconf 89' lang='lat'><strong>:</strong></span> 
     </span>
    </p>
   </div>
   <div class='ocr_carea' id='block_1_89' title="bbox 1916 2815 3618 2888">
    <p class='ocr_par' dir='ltr' id='par_1_89' title="bbox 1916 2815 3618 2888">
     <span class='ocr_line' id='line_1_89' title="bbox 1916 2815 3618 2888; baseline 0.004 -20"><span class='ocrx_word' id='word_1_671' title='bbox 1916 2815 2080 2869; x_wconf 89' lang='lat' dir='ltr'><strong><em>Pater</em></strong></span> <span class='ocrx_word' id='word_1_672' title='bbox 2102 2817 2153 2870; x_wconf 89' lang='lat' dir='ltr'><strong><em>si</em></strong></span> <span class='ocrx_word' id='word_1_673' title='bbox 2177 2818 2395 2886; x_wconf 88' lang='lat' dir='ltr'><strong><em>viveret,</em></strong></span> <span class='ocrx_word' id='word_1_674' title='bbox 2426 2833 2533 2873; x_wconf 91' lang='lat' dir='ltr'><strong><em>non</em></strong></span> <span class='ocrx_word' id='word_1_675' title='bbox 2556 2834 2676 2874; x_wconf 88' lang='lat' dir='ltr'><strong><em>eum</em></strong></span> <span class='ocrx_word' id='word_1_676' title='bbox 2707 2818 3023 2888; x_wconf 76' lang='lat' dir='ltr'><strong><em>placarem?</em></strong></span> <span class='ocrx_word' id='word_1_677' title='bbox 3050 2833 3158 2873; x_wconf 87' lang='lat' dir='ltr'><strong><em>non</em></strong></span> <span class='ocrx_word' id='word_1_678' title='bbox 3181 2821 3231 2873; x_wconf 91' lang='lat' dir='ltr'><strong><em>ei</em></strong></span> <span class='ocrx_word' id='word_1_679' title='bbox 3255 2819 3432 2887; x_wconf 78' lang='lat' dir='ltr'><strong><em>ﬁlium</em></strong></span> <span class='ocrx_word' id='word_1_680' title='bbox 3462 2833 3618 2874; x_wconf 84' lang='lat' dir='ltr'><strong><em>suum</em></strong></span> 
     </span>
    </p>
   </div>
   <div class='ocr_carea' id='block_1_90' title="bbox 1917 2905 3618 2976">
    <p class='ocr_par' dir='ltr' id='par_1_90' title="bbox 1917 2905 3618 2976">
     <span class='ocr_line' id='line_1_90' title="bbox 1917 2905 3618 2976; baseline 0.002 -20"><span class='ocrx_word' id='word_1_681' title='bbox 1917 2905 2264 2959; x_wconf 89' lang='lat' dir='ltr'><strong><em>reconciliare</em></strong></span> <span class='ocrx_word' id='word_1_682' title='bbox 2308 2905 2548 2961; x_wconf 90' lang='lat' dir='ltr'><strong><em>deberem</em></strong></span> <span class='ocrx_word' id='word_1_683' title='bbox 2565 2906 2593 2962; x_wconf 79' lang='lat'><strong>?</strong></span> <span class='ocrx_word' id='word_1_684' title='bbox 2632 2907 2899 2974; x_wconf 81' lang='lat' dir='ltr'><strong><em>Quomodo</em></strong></span> <span class='ocrx_word' id='word_1_685' title='bbox 2928 2922 3052 2975; x_wconf 90' lang='lat' dir='ltr'><strong><em>ergo</em></strong></span> <span class='ocrx_word' id='word_1_686' title='bbox 3099 2922 3219 2962; x_wconf 91' lang='lat' dir='ltr'><strong><em>cum</em></strong></span> <span class='ocrx_word' id='word_1_687' title='bbox 3245 2908 3358 2976; x_wconf 78' lang='lat' dir='ltr'><strong><em>ﬁlio</em></strong></span> <span class='ocrx_word' id='word_1_688' title='bbox 3382 2921 3478 2962; x_wconf 90' lang='lat' dir='ltr'><strong><em>suo</em></strong></span> <span class='ocrx_word' id='word_1_689' title='bbox 3501 2907 3618 2961; x_wconf 93' lang='lat' dir='ltr'><strong><em>volo</em></strong></span> 
     </span>
    </p>
   </div>
   <div class='ocr_carea' id='block_1_91' title="bbox 1918 2988 3619 3065">
    <p class='ocr_par' dir='ltr' id='par_1_91' title="bbox 1918 2988 3619 3065">
     <span class='ocr_line' id='line_1_91' title="bbox 1918 2988 3619 3065; baseline 0.002 -20"><span class='ocrx_word' id='word_1_690' title='bbox 1918 2995 1979 3046; x_wconf 89' lang='lat' dir='ltr'><strong><em>ut</em></strong></span> <span class='ocrx_word' id='word_1_691' title='bbox 2030 2992 2225 3047; x_wconf 87' lang='lat' dir='ltr'><strong><em>habeat</em></strong></span> <span class='ocrx_word' id='word_1_692' title='bbox 2267 3010 2478 3064; x_wconf 89' lang='lat' dir='ltr'><strong><em>pacem,</em></strong></span> <span class='ocrx_word' id='word_1_693' title='bbox 2532 2995 2688 3065; x_wconf 89' lang='lat' dir='ltr'><strong><em>cujus</em></strong></span> <span class='ocrx_word' id='word_1_694' title='bbox 2743 3000 2939 3065; x_wconf 90' lang='lat' dir='ltr'><strong><em>appeto</em></strong></span> <span class='ocrx_word' id='word_1_695' title='bbox 2990 2988 3401 3050; x_wconf 77' lang='lat' dir='ltr'><strong><em>hareditatem?</em></strong></span> <span class='ocrx_word' id='word_1_696' title='bbox 3457 2996 3619 3049; x_wconf 83' lang='lat' dir='ltr'><strong><em>Plane</em></strong></span> 
     </span>
    </p>
   </div>
   <div class='ocr_carea' id='block_1_92' title="bbox 1918 3080 3613 3154">
    <p class='ocr_par' dir='ltr' id='par_1_92' title="bbox 1918 3080 3613 3154">
     <span class='ocr_line' id='line_1_92' title="bbox 1918 3080 3613 3154; baseline 0.001 -19"><span class='ocrx_word' id='word_1_697' title='bbox 1918 3080 2136 3151; x_wconf 86' lang='lat' dir='ltr'><strong><em>quando</em></strong></span> <span class='ocrx_word' id='word_1_698' title='bbox 2164 3082 2365 3138; x_wconf 87' lang='lat' dir='ltr'><strong><em>donavi</em></strong></span> <span class='ocrx_word' id='word_1_699' title='bbox 2391 3084 2523 3152; x_wconf 74' lang='lat' dir='ltr'><strong><em>ﬁlio,</em></strong></span> <span class='ocrx_word' id='word_1_700' title='bbox 2548 3083 2693 3153; x_wconf 89' lang='lat' dir='ltr'><strong><em>quod</em></strong></span> <span class='ocrx_word' id='word_1_701' title='bbox 2721 3085 2898 3139; x_wconf 91' lang='lat' dir='ltr'><strong><em>iratus</em></strong></span> <span class='ocrx_word' id='word_1_702' title='bbox 2925 3089 3084 3154; x_wconf 88' lang='lat' dir='ltr'><strong><em>pater</em></strong></span> <span class='ocrx_word' id='word_1_703' title='bbox 3109 3085 3339 3139; x_wconf 90' lang='lat' dir='ltr'><strong><em>moriens</em></strong></span> <span class='ocrx_word' id='word_1_704' title='bbox 3365 3082 3613 3145; x_wconf 87' lang='lat' dir='ltr'><strong><em>abstulit,</em></strong></span> 
     </span>
    </p>
   </div>
   <div class='ocr_carea' id='block_1_93' title="bbox 1920 3168 3617 3242">
    <p class='ocr_par' dir='ltr' id='par_1_93' title="bbox 1920 3168 3617 3242">
     <span class='ocr_line' id='line_1_93' title="bbox 1920 3168 3617 3242; baseline 0.001 -19"><span class='ocrx_word' id='word_1_705' title='bbox 1920 3168 2046 3224; x_wconf 85' lang='lat' dir='ltr'><strong><em>bene</em></strong></span> <span class='ocrx_word' id='word_1_706' title='bbox 2057 3171 2167 3237; x_wconf 90' lang='lat' dir='ltr'><strong><em>feci</em></strong></span> <span class='ocrx_word' id='word_1_707' title='bbox 2196 3187 2211 3225; x_wconf 87' lang='lat'><strong>:</strong></span> <span class='ocrx_word' id='word_1_708' title='bbox 2236 3171 2477 3239; x_wconf 88' lang='lat' dir='ltr'><strong><em>laudent,</em></strong></span> <span class='ocrx_word' id='word_1_709' title='bbox 2510 3174 2608 3240; x_wconf 91' lang='lat' dir='ltr'><strong><em>qui</em></strong></span> <span class='ocrx_word' id='word_1_710' title='bbox 2632 3172 2845 3239; x_wconf 88' lang='lat' dir='ltr'><strong><em>volunt;</em></strong></span> <span class='ocrx_word' id='word_1_711' title='bbox 2871 3177 3130 3242; x_wconf 89' lang='lat' dir='ltr'><strong><em>parcant,</em></strong></span> <span class='ocrx_word' id='word_1_712' title='bbox 3155 3173 3252 3240; x_wconf 88' lang='lat' dir='ltr'><strong><em>qui</em></strong></span> <span class='ocrx_word' id='word_1_713' title='bbox 3275 3170 3502 3226; x_wconf 86' lang='lat' dir='ltr'><strong><em>laudare</em></strong></span> <span class='ocrx_word' id='word_1_714' title='bbox 3526 3185 3617 3225; x_wconf 90' lang='lat' dir='ltr'><strong><em>no-</em></strong></span> 
     </span>
    </p>
   </div>
   <div class='ocr_carea' id='block_1_94' title="bbox 1919 3255 3613 3332">
    <p class='ocr_par' dir='ltr' id='par_1_94' title="bbox 1919 3255 3613 3332">
     <span class='ocr_line' id='line_1_94' title="bbox 1919 3255 3613 3332; baseline 0.001 -21"><span class='ocrx_word' id='word_1_715' title='bbox 1919 3255 2058 3313; x_wconf 90' lang='lat' dir='ltr'><strong><em>lunt.</em></strong></span> <span class='ocrx_word' id='word_1_716' title='bbox 2108 3258 2463 3332; x_wconf 87' lang='lat' dir='ltr'><strong><em>Quandoque</em></strong></span> <span class='ocrx_word' id='word_1_717' title='bbox 2516 3259 2689 3314; x_wconf 89' lang='lat' dir='ltr'><strong><em>etiam</em></strong></span> <span class='ocrx_word' id='word_1_718' title='bbox 2716 3260 3018 3315; x_wconf 87' lang='lat' dir='ltr'><strong><em>verebatur</em></strong></span> <span class='ocrx_word' id='word_1_719' title='bbox 3043 3258 3408 3314; x_wconf 85' lang='lat' dir='ltr'><strong><em>hareditates</em></strong></span> <span class='ocrx_word' id='word_1_720' title='bbox 3438 3258 3613 3313; x_wconf 81' lang='lat' dir='ltr'><strong><em>susci-</em></strong></span> 
     </span>
    </p>
   </div>
   <div class='ocr_carea' id='block_1_95' title="bbox 1915 3347 3613 3418">
    <p class='ocr_par' dir='ltr' id='par_1_95' title="bbox 1915 3347 3613 3418">
     <span class='ocr_line' id='line_1_95' title="bbox 1915 3347 3613 3418; baseline 0.001 -18"><span class='ocrx_word' id='word_1_721' title='bbox 1915 3350 2077 3418; x_wconf 90' lang='lat' dir='ltr'><strong><em>pe‘re,</em></strong></span> <span class='ocrx_word' id='word_1_722' title='bbox 2126 3362 2198 3402; x_wconf 93' lang='lat' dir='ltr'><strong><em>ne</em></strong></span> <span class='ocrx_word' id='word_1_723' title='bbox 2252 3348 2401 3403; x_wconf 89' lang='lat' dir='ltr'><strong><em>forte</em></strong></span> <span class='ocrx_word' id='word_1_724' title='bbox 2450 3348 2935 3404; x_wconf 89' lang='lat' dir='ltr'><strong><em>sollicitudinibus</em></strong></span> <span class='ocrx_word' id='word_1_725' title='bbox 2964 3352 3022 3404; x_wconf 92' lang='lat' dir='ltr'><strong><em>et</em></strong></span> <span class='ocrx_word' id='word_1_726' title='bbox 3057 3347 3279 3404; x_wconf 86' lang='lat' dir='ltr'><strong><em>damnis</em></strong></span> <span class='ocrx_word' id='word_1_727' title='bbox 3310 3347 3613 3403; x_wconf 87' lang='lat' dir='ltr'><strong><em>Ecclesiam</em></strong></span> 
     </span>
    </p>
   </div>
   <div class='ocr_carea' id='block_1_96' title="bbox 1916 3434 3613 3509">
    <p class='ocr_par' dir='ltr' id='par_1_96' title="bbox 1916 3434 3613 3509">
     <span class='ocr_line' id='line_1_96' title="bbox 1916 3434 3613 3509; baseline 0.001 -20"><span class='ocrx_word' id='word_1_728' title='bbox 1916 3434 2296 3507; x_wconf 90' lang='lat' dir='ltr'><strong><em>implicarent.</em></strong></span> <span class='ocrx_word' id='word_1_729' title='bbox 2351 3437 2710 3509; x_wconf 87' lang='lat' dir='ltr'><strong><em>Quapropter</em></strong></span> <span class='ocrx_word' id='word_1_730' title='bbox 2751 3436 2858 3492; x_wconf 88' lang='lat' dir='ltr'><strong><em>hac</em></strong></span> <span class='ocrx_word' id='word_1_731' title='bbox 2902 3437 2965 3492; x_wconf 91' lang='lat' dir='ltr'><strong><em>in</em></strong></span> <span class='ocrx_word' id='word_1_732' title='bbox 3021 3453 3084 3492; x_wconf 90' lang='lat' dir='ltr'><strong><em>re</em></strong></span> <span class='ocrx_word' id='word_1_733' title='bbox 3129 3452 3315 3508; x_wconf 89' lang='lat' dir='ltr'><strong><em>neque</em></strong></span> <span class='ocrx_word' id='word_1_734' title='bbox 3367 3435 3613 3506; x_wconf 86' lang='lat' dir='ltr'><strong><em>laudari,</em></strong></span> 
     </span>
    </p>
   </div>
   <div class='ocr_carea' id='block_1_97' title="bbox 1919 3524 3616 3597">
    <p class='ocr_par' dir='ltr' id='par_1_97' title="bbox 1919 3524 3616 3597">
     <span class='ocr_line' id='line_1_97' title="bbox 1919 3524 3616 3597; baseline 0.002 -19"><span class='ocrx_word' id='word_1_735' title='bbox 1919 3540 2104 3597; x_wconf 88' lang='lat' dir='ltr'><strong><em>neque</em></strong></span> <span class='ocrx_word' id='word_1_736' title='bbox 2141 3525 2452 3597; x_wconf 88' lang='lat' dir='ltr'><strong><em>vituperari</em></strong></span> <span class='ocrx_word' id='word_1_737' title='bbox 2482 3527 2723 3583; x_wconf 89' lang='lat' dir='ltr'><strong><em>volebat.</em></strong></span> <span class='ocrx_word' id='word_1_738' title='bbox 2754 3528 3028 3596; x_wconf 83' lang='lat' dir='ltr'><strong><em>Boni/acii</em></strong></span> <span class='ocrx_word' id='word_1_739' title='bbox 3072 3525 3458 3594; x_wconf 83' lang='lat' dir='ltr'><strong><em>hareditatem,</em></strong></span> <span class='ocrx_word' id='word_1_740' title='bbox 3518 3524 3616 3581; x_wconf 89' lang='lat' dir='ltr'><strong><em>in-</em></strong></span> 
     </span>
    </p>
   </div>
   <div class='ocr_carea' id='block_1_98' title="bbox 1917 3613 3610 3685">
    <p class='ocr_par' dir='ltr' id='par_1_98' title="bbox 1917 3613 3610 3685">
     <span class='ocr_line' id='line_1_98' title="bbox 1917 3613 3610 3685; baseline 0.002 -17"><span class='ocrx_word' id='word_1_741' title='bbox 1917 3614 2064 3685; x_wconf 88' lang='lat' dir='ltr'><strong><em>quit,</em></strong></span> <span class='ocrx_word' id='word_1_742' title='bbox 2112 3617 2381 3685; x_wconf 88' lang='lat' dir='ltr'><strong><em>suscipere</em></strong></span> <span class='ocrx_word' id='word_1_743' title='bbox 2433 3617 2612 3684; x_wconf 87' lang='lat' dir='ltr'><strong><em>nolui;</em></strong></span> <span class='ocrx_word' id='word_1_744' title='bbox 2666 3631 2774 3671; x_wconf 91' lang='lat' dir='ltr'><strong><em>non</em></strong></span> <span class='ocrx_word' id='word_1_745' title='bbox 2819 3614 3214 3682; x_wconf 88' lang='lat' dir='ltr'><strong><em>misericordia,</em></strong></span> <span class='ocrx_word' id='word_1_746' title='bbox 3255 3613 3353 3670; x_wconf 89' lang='lat' dir='ltr'><strong><em>sed</em></strong></span> <span class='ocrx_word' id='word_1_747' title='bbox 3403 3616 3610 3671; x_wconf 89' lang='lat' dir='ltr'><strong><em>timore.</em></strong></span> 
     </span>
    </p>
   </div>
   <div class='ocr_carea' id='block_1_99' title="bbox 1917 3703 3617 3759">
    <p class='ocr_par' dir='ltr' id='par_1_99' title="bbox 1917 3703 3617 3759">
     <span class='ocr_line' id='line_1_99' title="bbox 1917 3703 3617 3759; baseline -0.001 -1"><span class='ocrx_word' id='word_1_748' title='bbox 1917 3703 2331 3758; x_wconf 89' lang='lat' dir='ltr'><strong><em>Naviculariam</em></strong></span> <span class='ocrx_word' id='word_1_749' title='bbox 2372 3705 2524 3759; x_wconf 90' lang='lat' dir='ltr'><strong><em>nolui</em></strong></span> <span class='ocrx_word' id='word_1_750' title='bbox 2570 3718 2681 3759; x_wconf 86' lang='lat' dir='ltr'><strong><em>esse</em></strong></span> <span class='ocrx_word' id='word_1_751' title='bbox 2717 3704 3013 3759; x_wconf 81' lang='lat' dir='ltr'><strong><em>Ecclesium</em></strong></span> <span class='ocrx_word' id='word_1_752' title='bbox 3042 3703 3264 3759; x_wconf 85' lang='lat' dir='ltr'><strong><em>Christi.</em></strong></span> <span class='ocrx_word' id='word_1_753' title='bbox 3294 3703 3456 3759; x_wconf 82' lang='lat' dir='ltr'><strong><em>Multi</em></strong></span> <span class='ocrx_word' id='word_1_754' title='bbox 3489 3705 3617 3758; x_wconf 89' lang='lat' dir='ltr'><strong><em>sunt</em></strong></span> 
     </span>
    </p>
   </div>
   <div class='ocr_carea' id='block_1_100' title="bbox 1915 3791 3616 3861">
    <p class='ocr_par' dir='ltr' id='par_1_100' title="bbox 1915 3791 3616 3861">
     <span class='ocr_line' id='line_1_100' title="bbox 1915 3791 3616 3861; baseline 0.001 -16"><span class='ocrx_word' id='word_1_755' title='bbox 1915 3791 2157 3861; x_wconf 79' lang='lat' dir='ltr'><strong><em>quidem,</em></strong></span> <span class='ocrx_word' id='word_1_756' title='bbox 2214 3794 2313 3860; x_wconf 86' lang='lat' dir='ltr'><strong><em>qui</em></strong></span> <span class='ocrx_word' id='word_1_757' title='bbox 2335 3795 2500 3849; x_wconf 88' lang='lat' dir='ltr'><strong><em>etiam</em></strong></span> <span class='ocrx_word' id='word_1_758' title='bbox 2543 3793 2610 3848; x_wconf 92' lang='lat' dir='ltr'><strong><em>de</em></strong></span> <span class='ocrx_word' id='word_1_759' title='bbox 2635 3793 2868 3848; x_wconf 90' lang='lat' dir='ltr'><strong><em>navibus</em></strong></span> <span class='ocrx_word' id='word_1_760' title='bbox 2918 3794 3226 3861; x_wconf 82' lang='lat' dir='ltr'><strong><em>acquirunt.</em></strong></span> <span class='ocrx_word' id='word_1_761' title='bbox 3264 3795 3461 3847; x_wconf 88' lang='lat' dir='ltr'><strong><em>Tamen</em></strong></span> <span class='ocrx_word' id='word_1_762' title='bbox 3504 3806 3616 3848; x_wconf 86' lang='lat' dir='ltr'><strong><em>una</em></strong></span> 
     </span>
    </p>
   </div>
   <div class='ocr_carea' id='block_1_101' title="bbox 1916 3880 3615 3949">
    <p class='ocr_par' dir='ltr' id='par_1_101' title="bbox 1916 3880 3615 3949">
     <span class='ocr_line' id='line_1_101' title="bbox 1916 3880 3615 3949; baseline 0.001 -16"><span class='ocrx_word' id='word_1_763' title='bbox 1916 3882 2139 3933; x_wconf 87' lang='lat' dir='ltr'><strong><em>tentatio</em></strong></span> <span class='ocrx_word' id='word_1_764' title='bbox 2192 3884 2345 3947; x_wconf 87' lang='lat' dir='ltr'><strong><em>esset,</em></strong></span> <span class='ocrx_word' id='word_1_765' title='bbox 2377 3883 2482 3934; x_wconf 89' lang='lat' dir='ltr'><strong><em>iret</em></strong></span> <span class='ocrx_word' id='word_1_766' title='bbox 2507 3883 2688 3947; x_wconf 89' lang='lat' dir='ltr'><strong><em>navis,</em></strong></span> <span class='ocrx_word' id='word_1_767' title='bbox 2720 3885 2771 3935; x_wconf 89' lang='lat' dir='ltr'><strong><em>et</em></strong></span> <span class='ocrx_word' id='word_1_768' title='bbox 2797 3883 3160 3949; x_wconf 85' lang='lat' dir='ltr'><strong><em>naufragaret</em></strong></span> <span class='ocrx_word' id='word_1_769' title='bbox 3199 3897 3213 3936; x_wconf 91' lang='lat'><strong>:</strong></span> <span class='ocrx_word' id='word_1_770' title='bbox 3259 3880 3494 3935; x_wconf 86' lang='lat' dir='ltr'><strong><em>homines</em></strong></span> <span class='ocrx_word' id='word_1_771' title='bbox 3539 3880 3615 3934; x_wconf 90' lang='lat' dir='ltr'><strong><em>ad</em></strong></span> 
     </span>
    </p>
   </div>
   <div class='ocr_carea' id='block_1_102' title="bbox 1915 3967 3614 4039">
    <p class='ocr_par' dir='ltr' id='par_1_102' title="bbox 1915 3967 3614 4039">
     <span class='ocr_line' id='line_1_102' title="bbox 1915 3967 3614 4039; baseline 0.001 -19"><span class='ocrx_word' id='word_1_772' title='bbox 1915 3971 2179 4021; x_wconf 88' lang='lat' dir='ltr'><strong><em>tormenta</em></strong></span> <span class='ocrx_word' id='word_1_773' title='bbox 2201 3967 2392 4022; x_wconf 89' lang='lat' dir='ltr'><strong><em>daturi</em></strong></span> <span class='ocrx_word' id='word_1_774' title='bbox 2418 3983 2652 4039; x_wconf 87' lang='lat' dir='ltr'><strong><em>eramus,</em></strong></span> <span class='ocrx_word' id='word_1_775' title='bbox 2680 3974 2742 4024; x_wconf 90' lang='lat' dir='ltr'><strong><em>ut</em></strong></span> <span class='ocrx_word' id='word_1_776' title='bbox 2766 3968 2832 4024; x_wconf 91' lang='lat' dir='ltr'><strong><em>de</em></strong></span> <span class='ocrx_word' id='word_1_777' title='bbox 2859 3970 3217 4024; x_wconf 83' lang='lat' dir='ltr'><strong><em>submersione</em></strong></span> <span class='ocrx_word' id='word_1_778' title='bbox 3244 3970 3402 4024; x_wconf 89' lang='lat' dir='ltr'><strong><em>navis</em></strong></span> <span class='ocrx_word' id='word_1_779' title='bbox 3431 3983 3614 4023; x_wconf 91' lang='lat' dir='ltr'><strong><em>secun-</em></strong></span> 
     </span>
    </p>
   </div>
   <div class='ocr_carea' id='block_1_103' title="bbox 1912 4053 3612 4128">
    <p class='ocr_par' dir='ltr' id='par_1_103' title="bbox 1912 4053 3612 4128">
     <span class='ocr_line' id='line_1_103' title="bbox 1912 4053 3612 4128; baseline 0.002 -20"><span class='ocrx_word' id='word_1_780' title='bbox 1912 4053 2044 4110; x_wconf 91' lang='lat' dir='ltr'><strong><em>dum</em></strong></span> <span class='ocrx_word' id='word_1_781' title='bbox 2092 4056 2525 4111; x_wconf 76' lang='lat' dir='ltr'><strong><em>consuetudinem</em></strong></span> <span class='ocrx_word' id='word_1_782' title='bbox 2577 4062 2927 4128; x_wconf 88' lang='lat' dir='ltr'><strong><em>quareretur,</em></strong></span> <span class='ocrx_word' id='word_1_783' title='bbox 2959 4062 3011 4111; x_wconf 91' lang='lat' dir='ltr'><strong><em>et</em></strong></span> <span class='ocrx_word' id='word_1_784' title='bbox 3047 4061 3422 4127; x_wconf 89' lang='lat' dir='ltr'><strong><em>torquerentur</em></strong></span> <span class='ocrx_word' id='word_1_785' title='bbox 3449 4073 3485 4111; x_wconf 93' lang='lat' dir='ltr'><strong><em>a</em></strong></span> <span class='ocrx_word' id='word_1_786' title='bbox 3513 4057 3612 4127; x_wconf 84' lang='lat' dir='ltr'><strong><em>ju-</em></strong></span> 
     </span>
    </p>
   </div>
   <div class='ocr_carea' id='block_1_104' title="bbox 1912 4143 3611 4214">
    <p class='ocr_par' dir='ltr' id='par_1_104' title="bbox 1912 4143 3611 4214">
     <span class='ocr_line' id='line_1_104' title="bbox 1912 4143 3611 4214; baseline 0.001 -16"><span class='ocrx_word' id='word_1_787' title='bbox 1912 4143 2029 4198; x_wconf 87' lang='lat' dir='ltr'><strong><em>dice</em></strong></span> <span class='ocrx_word' id='word_1_788' title='bbox 2051 4146 2149 4213; x_wconf 88' lang='lat' dir='ltr'><strong><em>qui</em></strong></span> <span class='ocrx_word' id='word_1_789' title='bbox 2175 4148 2346 4199; x_wconf 87' lang='lat' dir='ltr'><strong><em>essent</em></strong></span> <span class='ocrx_word' id='word_1_790' title='bbox 2386 4145 2454 4199; x_wconf 92' lang='lat' dir='ltr'><strong><em>de</em></strong></span> <span class='ocrx_word' id='word_1_791' title='bbox 2495 4147 2747 4214; x_wconf 80' lang='lat' dir='ltr'><strong><em>ﬂuctibus</em></strong></span> <span class='ocrx_word' id='word_1_792' title='bbox 2775 4147 3035 4202; x_wconf 86' lang='lat' dir='ltr'><strong><em>liberati?</em></strong></span> <span class='ocrx_word' id='word_1_793' title='bbox 3060 4146 3172 4201; x_wconf 88' lang='lat' dir='ltr'><strong><em>Sed</em></strong></span> <span class='ocrx_word' id='word_1_794' title='bbox 3206 4162 3314 4201; x_wconf 92' lang='lat' dir='ltr'><strong><em>non</em></strong></span> <span class='ocrx_word' id='word_1_795' title='bbox 3342 4161 3426 4202; x_wconf 90' lang='lat' dir='ltr'><strong><em>eos</em></strong></span> <span class='ocrx_word' id='word_1_796' title='bbox 3451 4146 3611 4202; x_wconf 89' lang='lat' dir='ltr'><strong><em>dare-</em></strong></span> 
     </span>
    </p>
   </div>
   <div class='ocr_carea' id='block_1_105' title="bbox 1910 4233 3609 4303">
    <p class='ocr_par' dir='ltr' id='par_1_105' title="bbox 1910 4233 3609 4303">
     <span class='ocr_line' id='line_1_105' title="bbox 1910 4233 3609 4303; baseline 0.002 -17"><span class='ocrx_word' id='word_1_797' title='bbox 1910 4246 2030 4287; x_wconf 90' lang='lat' dir='ltr'><strong><em>mus</em></strong></span> <span class='ocrx_word' id='word_1_798' title='bbox 2059 4250 2076 4286; x_wconf 88' lang='lat'><strong><em>:</em></strong></span> <span class='ocrx_word' id='word_1_799' title='bbox 2108 4233 2256 4287; x_wconf 88' lang='lat' dir='ltr'><strong><em>nullo</em></strong></span> <span class='ocrx_word' id='word_1_800' title='bbox 2296 4237 2458 4303; x_wconf 87' lang='lat' dir='ltr'><strong><em>pacto</em></strong></span> <span class='ocrx_word' id='word_1_801' title='bbox 2499 4235 2641 4288; x_wconf 85' lang='lat' dir='ltr'><strong><em>enim</em></strong></span> <span class='ocrx_word' id='word_1_802' title='bbox 2685 4235 2782 4289; x_wconf 88' lang='lat' dir='ltr'><strong><em>hoc</em></strong></span> <span class='ocrx_word' id='word_1_803' title='bbox 2834 4236 3015 4301; x_wconf 87' lang='lat' dir='ltr'><strong><em>facere</em></strong></span> <span class='ocrx_word' id='word_1_804' title='bbox 3056 4234 3260 4290; x_wconf 89' lang='lat' dir='ltr'><strong><em>deceret</em></strong></span> <span class='ocrx_word' id='word_1_805' title='bbox 3294 4235 3609 4290; x_wconf 75' lang='lat' dir='ltr'><strong><em>Ecclesium.</em></strong></span> 
     </span>
    </p>
   </div>
   <div class='ocr_carea' id='block_1_106' title="bbox 1911 4323 3611 4395">
    <p class='ocr_par' dir='ltr' id='par_1_106' title="bbox 1911 4323 3611 4395">
     <span class='ocr_line' id='line_1_106' title="bbox 1911 4323 3611 4395; baseline 0.001 -17"><span class='ocrx_word' id='word_1_806' title='bbox 1911 4323 2058 4378; x_wconf 87' lang='lat' dir='ltr'><strong><em>Onus</em></strong></span> <span class='ocrx_word' id='word_1_807' title='bbox 2107 4338 2232 4392; x_wconf 87' lang='lat' dir='ltr'><strong><em>ergo</em></strong></span> <span class='ocrx_word' id='word_1_808' title='bbox 2275 4324 2457 4393; x_wconf 74' lang='lat' dir='ltr'><strong><em>ﬁscale</em></strong></span> <span class='ocrx_word' id='word_1_809' title='bbox 2500 4324 2867 4393; x_wconf 80' lang='lat' dir='ltr'><strong><em>persolveret?</em></strong></span> <span class='ocrx_word' id='word_1_810' title='bbox 2912 4324 3018 4381; x_wconf 91' lang='lat' dir='ltr'><strong><em>Sed</em></strong></span> <span class='ocrx_word' id='word_1_811' title='bbox 3062 4325 3205 4380; x_wconf 90' lang='lat' dir='ltr'><strong><em>unde</em></strong></span> <span class='ocrx_word' id='word_1_812' title='bbox 3244 4324 3611 4395; x_wconf 80' lang='lat' dir='ltr'><strong><em>persolveret?</em></strong></span> 
     </span>
    </p>
   </div>
   <div class='ocr_carea' id='block_1_107' title="bbox 1908 4412 3612 4474">
    <p class='ocr_par' dir='ltr' id='par_1_107' title="bbox 1908 4412 3612 4474">
     <span class='ocr_line' id='line_1_107' title="bbox 1908 4412 3612 4474; baseline 0.001 -8"><span class='ocrx_word' id='word_1_813' title='bbox 1908 4412 2204 4474; x_wconf 85' lang='lat' dir='ltr'><strong><em>Enthecam</em></strong></span> <span class='ocrx_word' id='word_1_814' title='bbox 2249 4412 2404 4467; x_wconf 90' lang='lat' dir='ltr'><strong><em>nobis</em></strong></span> <span class='ocrx_word' id='word_1_815' title='bbox 2453 4412 2647 4467; x_wconf 83' lang='lat' dir='ltr'><strong><em>habere</em></strong></span> <span class='ocrx_word' id='word_1_816' title='bbox 2681 4428 2789 4468; x_wconf 92' lang='lat' dir='ltr'><strong><em>non</em></strong></span> <span class='ocrx_word' id='word_1_817' title='bbox 2823 4414 2963 4468; x_wconf 89' lang='lat' dir='ltr'><strong><em>licet.</em></strong></span> <span class='ocrx_word' id='word_1_818' title='bbox 3012 4414 3188 4469; x_wconf 88' lang='lat' dir='ltr'><strong><em>Locus</em></strong></span> <span class='ocrx_word' id='word_1_819' title='bbox 3215 4412 3309 4468; x_wconf 89' lang='lat' dir='ltr'><strong><em>hic</em></strong></span> <span class='ocrx_word' id='word_1_820' title='bbox 3337 4429 3403 4468; x_wconf 84' lang='lat' dir='ltr'><strong><em>ex</em></strong></span> <span class='ocrx_word' id='word_1_821' title='bbox 3436 4414 3507 4468; x_wconf 90' lang='lat' dir='ltr'><strong><em>iis</em></strong></span> <span class='ocrx_word' id='word_1_822' title='bbox 3528 4413 3612 4468; x_wconf 84' lang='lat' dir='ltr'><strong><em>in-</em></strong></span> 
     </span>
    </p>
   </div>
   <div class='ocr_carea' id='block_1_108' title="bbox 1908 4500 3610 4573">
    <p class='ocr_par' dir='ltr' id='par_1_108' title="bbox 1908 4500 3610 4573">
     <span class='ocr_line' id='line_1_108' title="bbox 1908 4500 3610 4573; baseline 0.001 -18"><span class='ocrx_word' id='word_1_823' title='bbox 1908 4500 2209 4572; x_wconf 86' lang='lat' dir='ltr'><strong><em>telligitur,</em></strong></span> <span class='ocrx_word' id='word_1_824' title='bbox 2256 4517 2387 4573; x_wconf 89' lang='lat' dir='ltr'><strong><em>qua</em></strong></span> <span class='ocrx_word' id='word_1_825' title='bbox 2424 4501 2712 4556; x_wconf 88' lang='lat' dir='ltr'><strong><em>habentur</em></strong></span> <span class='ocrx_word' id='word_1_826' title='bbox 2738 4501 2799 4557; x_wconf 91' lang='lat' dir='ltr'><strong><em>in</em></strong></span> <span class='ocrx_word' id='word_1_827' title='bbox 2821 4502 2955 4573; x_wconf 87' lang='lat' dir='ltr'><strong><em>jure</em></strong></span> <span class='ocrx_word' id='word_1_828' title='bbox 3006 4502 3291 4571; x_wconf 84' lang='lat' dir='ltr'><strong><em>Romano;</em></strong></span> <span class='ocrx_word' id='word_1_829' title='bbox 3331 4501 3610 4558; x_wconf 90' lang='lat' dir='ltr'><strong><em>nimirum</em></strong></span> 
     </span>
    </p>
   </div>
   <div class='ocr_carea' id='block_1_109' title="bbox 1910 4589 3609 4660">
    <p class='ocr_par' dir='ltr' id='par_1_109' title="bbox 1910 4589 3609 4660">
     <span class='ocr_line' id='line_1_109' title="bbox 1910 4589 3609 4660; baseline 0.001 -17"><span class='ocrx_word' id='word_1_830' title='bbox 1910 4601 2007 4643; x_wconf 89' lang='lat' dir='ltr'><strong><em>eos</em></strong></span> <span class='ocrx_word' id='word_1_831' title='bbox 2037 4589 2138 4660; x_wconf 90' lang='lat' dir='ltr'><strong><em>qui</em></strong></span> <span class='ocrx_word' id='word_1_832' title='bbox 2165 4590 2520 4645; x_wconf 86' lang='lat' dir='ltr'><strong><em>frumentum</em></strong></span> <span class='ocrx_word' id='word_1_833' title='bbox 2543 4590 2845 4660; x_wconf 91' lang='lat' dir='ltr'><strong><em>publicum</em></strong></span> <span class='ocrx_word' id='word_1_834' title='bbox 2875 4591 3116 4647; x_wconf 83' lang='lat' dir='ltr'><strong><em>Romam</em></strong></span> <span class='ocrx_word' id='word_1_835' title='bbox 3151 4595 3254 4646; x_wconf 90' lang='lat' dir='ltr'><strong><em>aut</em></strong></span> <span class='ocrx_word' id='word_1_836' title='bbox 3286 4590 3609 4646; x_wconf 84' lang='lat' dir='ltr'><strong><em>Constanti-</em></strong></span> 
     </span>
    </p>
   </div>
   <div class='ocr_carea' id='block_1_110' title="bbox 1906 4678 3610 4755">
    <p class='ocr_par' dir='ltr' id='par_1_110' title="bbox 1906 4678 3610 4755">
     <span class='ocr_line' id='line_1_110' title="bbox 1906 4678 3610 4755; baseline 0.002 -23"><span class='ocrx_word' id='word_1_837' title='bbox 1906 4678 2169 4749; x_wconf 87' lang='lat' dir='ltr'><strong><em>nopolim</em></strong></span> <span class='ocrx_word' id='word_1_838' title='bbox 2222 4679 2588 4733; x_wconf 83' lang='lat' dir='ltr'><strong><em>transvehere</em></strong></span> <span class='ocrx_word' id='word_1_839' title='bbox 2644 4682 2998 4744; x_wconf 87' lang='lat' dir='ltr'><strong><em>tenerentur,</em></strong></span> <span class='ocrx_word' id='word_1_840' title='bbox 3029 4678 3405 4755; x_wconf 82' lang='lat' dir='ltr'><strong><em>navicularios</em></strong></span> <span class='ocrx_word' id='word_1_841' title='bbox 3434 4678 3610 4735; x_wconf 85' lang='lat' dir='ltr'><strong><em>fuisse</em></strong></span> 
     </span>
    </p>
   </div>
   <div class='ocr_carea' id='block_1_111' title="bbox 1907 4766 3608 4838">
    <p class='ocr_par' dir='ltr' id='par_1_111' title="bbox 1907 4766 3608 4838">
     <span class='ocr_line' id='line_1_111' title="bbox 1907 4766 3608 4838; baseline 0 -17"><span class='ocrx_word' id='word_1_842' title='bbox 1907 4767 2242 4838; x_wconf 87' lang='lat' dir='ltr'><strong><em>appellatos,</em></strong></span> <span class='ocrx_word' id='word_1_843' title='bbox 2303 4767 2653 4837; x_wconf 86' lang='lat' dir='ltr'><strong><em>illorumque</em></strong></span> <span class='ocrx_word' id='word_1_844' title='bbox 2683 4767 2940 4822; x_wconf 85' lang='lat' dir='ltr'><strong><em>haredes</em></strong></span> <span class='ocrx_word' id='word_1_845' title='bbox 2970 4766 3160 4823; x_wconf 88' lang='lat' dir='ltr'><strong><em>eidem</em></strong></span> <span class='ocrx_word' id='word_1_846' title='bbox 3190 4766 3353 4824; x_wconf 90' lang='lat' dir='ltr'><strong><em>oneri</em></strong></span> <span class='ocrx_word' id='word_1_847' title='bbox 3391 4783 3608 4823; x_wconf 90' lang='lat' dir='ltr'><strong><em>succes-</em></strong></span> 
     </span>
    </p>
   </div>
   <div class='ocr_carea' id='block_1_112' title="bbox 1906 4853 3608 4926">
    <p class='ocr_par' dir='ltr' id='par_1_112' title="bbox 1906 4853 3608 4926">
     <span class='ocr_line' id='line_1_112' title="bbox 1906 4853 3608 4926; baseline 0.001 -17"><span class='ocrx_word' id='word_1_848' title='bbox 1906 4854 2064 4910; x_wconf 91' lang='lat' dir='ltr'><strong><em>sisse.</em></strong></span> <span class='ocrx_word' id='word_1_849' title='bbox 2107 4853 2270 4919; x_wconf 91' lang='lat' dir='ltr'><strong><em>Quod</em></strong></span> <span class='ocrx_word' id='word_1_850' title='bbox 2312 4853 2362 4908; x_wconf 87' lang='lat' dir='ltr'><strong><em>si</em></strong></span> <span class='ocrx_word' id='word_1_851' title='bbox 2407 4854 2776 4926; x_wconf 80' lang='lat' dir='ltr'><strong><em>naufragium</em></strong></span> <span class='ocrx_word' id='word_1_852' title='bbox 2817 4854 3134 4925; x_wconf 86' lang='lat' dir='ltr'><strong><em>accidisset,</em></strong></span> <span class='ocrx_word' id='word_1_853' title='bbox 3163 4856 3300 4911; x_wconf 84' lang='lat' dir='ltr'><strong><em>ﬁsco</em></strong></span> <span class='ocrx_word' id='word_1_854' title='bbox 3330 4856 3608 4912; x_wconf 88' lang='lat' dir='ltr'><strong><em>damnum</em></strong></span> 
     </span>
    </p>
   </div>
   <div class='ocr_carea' id='block_1_113' title="bbox 1904 4942 3609 5017">
    <p class='ocr_par' dir='ltr' id='par_1_113' title="bbox 1904 4942 3609 5017">
     <span class='ocr_line' id='line_1_113' title="bbox 1904 4942 3609 5017; baseline 0.002 -20"><span class='ocrx_word' id='word_1_855' title='bbox 1904 4948 2179 5015; x_wconf 84' lang='lat' dir='ltr'><strong><em>prastare</em></strong></span> <span class='ocrx_word' id='word_1_856' title='bbox 2210 4942 2585 5014; x_wconf 88' lang='lat' dir='ltr'><strong><em>cogebantur,</em></strong></span> <span class='ocrx_word' id='word_1_857' title='bbox 2622 4943 2733 4999; x_wconf 90' lang='lat' dir='ltr'><strong><em>nisi</em></strong></span> <span class='ocrx_word' id='word_1_858' title='bbox 2764 4943 3048 5015; x_wconf 87' lang='lat' dir='ltr'><strong><em>jacturam</em></strong></span> <span class='ocrx_word' id='word_1_859' title='bbox 3076 4945 3202 5001; x_wconf 88' lang='lat' dir='ltr'><strong><em>sola</em></strong></span> <span class='ocrx_word' id='word_1_860' title='bbox 3223 4944 3279 4999; x_wconf 91' lang='lat' dir='ltr'><strong><em>vi</em></strong></span> <span class='ocrx_word' id='word_1_861' title='bbox 3306 4949 3609 5017; x_wconf 86' lang='lat' dir='ltr'><strong><em>tempesta-</em></strong></span> 
     </span>
    </p>
   </div>
   <div class='ocr_carea' id='block_1_114' title="bbox 1904 5030 3605 5105">
    <p class='ocr_par' dir='ltr' id='par_1_114' title="bbox 1904 5030 3605 5105">
     <span class='ocr_line' id='line_1_114' title="bbox 1904 5030 3605 5105; baseline 0.001 -19"><span class='ocrx_word' id='word_1_862' title='bbox 1904 5030 1996 5097; x_wconf 88' lang='lat' dir='ltr'><strong><em>tis,</em></strong></span> <span class='ocrx_word' id='word_1_863' title='bbox 2032 5046 2150 5087; x_wconf 93' lang='lat' dir='ltr'><strong><em>non</em></strong></span> <span class='ocrx_word' id='word_1_864' title='bbox 2177 5031 2346 5103; x_wconf 88' lang='lat' dir='ltr'><strong><em>culpa</em></strong></span> <span class='ocrx_word' id='word_1_865' title='bbox 2374 5046 2497 5098; x_wconf 89' lang='lat' dir='ltr'><strong><em>sua,</em></strong></span> <span class='ocrx_word' id='word_1_866' title='bbox 2527 5030 2836 5104; x_wconf 87' lang='lat' dir='ltr'><strong><em>contigisse</em></strong></span> <span class='ocrx_word' id='word_1_867' title='bbox 2867 5033 3279 5105; x_wconf 84' lang='lat' dir='ltr'><strong><em>approbarent.</em></strong></span> <span class='ocrx_word' id='word_1_868' title='bbox 3316 5034 3386 5089; x_wconf 91' lang='lat' dir='ltr'><strong><em>Ut</em></strong></span> <span class='ocrx_word' id='word_1_869' title='bbox 3414 5036 3605 5088; x_wconf 83' lang='lat' dir='ltr'><strong><em>autem</em></strong></span> 
     </span>
    </p>
   </div>
   <div class='ocr_carea' id='block_1_115' title="bbox 1904 5118 3605 5193">
    <p class='ocr_par' dir='ltr' id='par_1_115' title="bbox 1904 5118 3605 5193">
     <span class='ocr_line' id='line_1_115' title="bbox 1904 5118 3605 5193; baseline -0.002 -17"><span class='ocrx_word' id='word_1_870' title='bbox 1904 5120 2076 5193; x_wconf 88' lang='lat' dir='ltr'><strong><em>hujus</em></strong></span> <span class='ocrx_word' id='word_1_871' title='bbox 2113 5120 2199 5175; x_wconf 89' lang='lat' dir='ltr'><strong><em>rei</em></strong></span> <span class='ocrx_word' id='word_1_872' title='bbox 2227 5118 2404 5176; x_wconf 87' lang='lat' dir='ltr'><strong><em>Iidem</em></strong></span> <span class='ocrx_word' id='word_1_873' title='bbox 2433 5119 2707 5189; x_wconf 84' lang='lat' dir='ltr'><strong><em>facerent,</em></strong></span> <span class='ocrx_word' id='word_1_874' title='bbox 2737 5121 2939 5177; x_wconf 89' lang='lat' dir='ltr'><strong><em>saltem</em></strong></span> <span class='ocrx_word' id='word_1_875' title='bbox 2980 5121 3096 5177; x_wconf 90' lang='lat' dir='ltr'><strong><em>duo</em></strong></span> <span class='ocrx_word' id='word_1_876' title='bbox 3136 5122 3227 5178; x_wconf 89' lang='lat' dir='ltr'><strong><em>vel</em></strong></span> <span class='ocrx_word' id='word_1_877' title='bbox 3254 5126 3371 5177; x_wconf 89' lang='lat' dir='ltr'><strong><em>tres</em></strong></span> <span class='ocrx_word' id='word_1_878' title='bbox 3414 5123 3605 5176; x_wconf 89' lang='lat' dir='ltr'><strong><em>nauta</em></strong></span> 
     </span>
    </p>
   </div>
   <div class='ocr_carea' id='block_1_116' title="bbox 1906 5208 3600 5282">
    <p class='ocr_par' dir='ltr' id='par_1_116' title="bbox 1906 5208 3600 5282">
     <span class='ocr_line' id='line_1_116' title="bbox 1906 5208 3600 5282; baseline -0.002 -19"><span class='ocrx_word' id='word_1_879' title='bbox 1906 5208 2081 5264; x_wconf 88' lang='lat' dir='ltr'><strong><em>dandi</em></strong></span> <span class='ocrx_word' id='word_1_880' title='bbox 2126 5212 2289 5265; x_wconf 90' lang='lat' dir='ltr'><strong><em>erant</em></strong></span> <span class='ocrx_word' id='word_1_881' title='bbox 2319 5208 2382 5263; x_wconf 91' lang='lat' dir='ltr'><strong><em>in</em></strong></span> <span class='ocrx_word' id='word_1_882' title='bbox 2434 5209 2834 5282; x_wconf 87' lang='lat' dir='ltr'><strong><em>quastionem,</em></strong></span> <span class='ocrx_word' id='word_1_883' title='bbox 2866 5216 2925 5266; x_wconf 90' lang='lat' dir='ltr'><strong><em>et</em></strong></span> <span class='ocrx_word' id='word_1_884' title='bbox 2949 5210 3013 5266; x_wconf 92' lang='lat' dir='ltr'><strong><em>in</em></strong></span> <span class='ocrx_word' id='word_1_885' title='bbox 3037 5210 3239 5282; x_wconf 88' lang='lat' dir='ltr'><strong><em>primis</em></strong></span> <span class='ocrx_word' id='word_1_886' title='bbox 3266 5209 3600 5273; x_wconf 82' lang='lat' dir='ltr'><strong><em>navarchus,</em></strong></span> 
     </span>
    </p>
   </div>
   <div class='ocr_carea' id='block_1_117' title="bbox 1906 5295 3606 5370">
    <p class='ocr_par' dir='ltr' id='par_1_117' title="bbox 1906 5295 3606 5370">
     <span class='ocr_line' id='line_1_117' title="bbox 1906 5295 3606 5370; baseline -0.002 -18"><span class='ocrx_word' id='word_1_887' title='bbox 1906 5297 2008 5370; x_wconf 86' lang='lat' dir='ltr'><strong><em>qui</em></strong></span> <span class='ocrx_word' id='word_1_888' title='bbox 2058 5296 2424 5370; x_wconf 87' lang='lat' dir='ltr'><strong><em>naufragium</em></strong></span> <span class='ocrx_word' id='word_1_889' title='bbox 2471 5297 2701 5355; x_wconf 87' lang='lat' dir='ltr'><strong><em>fecerat.</em></strong></span> <span class='ocrx_word' id='word_1_890' title='bbox 2736 5299 3085 5355; x_wconf 86' lang='lat' dir='ltr'><strong><em>Vocabulum</em></strong></span> <span class='ocrx_word' id='word_1_891' title='bbox 3123 5302 3318 5354; x_wconf 85' lang='lat' dir='ltr'><strong><em>autem</em></strong></span> <span class='ocrx_word' id='word_1_892' title='bbox 3367 5295 3606 5351; x_wconf 88' lang='lat' dir='ltr'><strong><em>entheca</em></strong></span> 
     </span>
    </p>
   </div>
   <div class='ocr_carea' id='block_1_118' title="bbox 1906 5383 3601 5460">
    <p class='ocr_par' dir='ltr' id='par_1_118' title="bbox 1906 5383 3601 5460">
     <span class='ocr_line' id='line_1_118' title="bbox 1906 5383 3601 5460; baseline -0.001 -19"><span class='ocrx_word' id='word_1_893' title='bbox 1906 5385 2051 5441; x_wconf 86' lang='lat' dir='ltr'><strong><em>nihil</em></strong></span> <span class='ocrx_word' id='word_1_894' title='bbox 2102 5385 2256 5442; x_wconf 88' lang='lat' dir='ltr'><strong><em>aliud</em></strong></span> <span class='ocrx_word' id='word_1_895' title='bbox 2308 5402 2376 5442; x_wconf 90' lang='lat' dir='ltr'><strong><em>eo</em></strong></span> <span class='ocrx_word' id='word_1_896' title='bbox 2403 5386 2514 5442; x_wconf 92' lang='lat' dir='ltr'><strong><em>loci</em></strong></span> <span class='ocrx_word' id='word_1_897' title='bbox 2552 5391 2741 5457; x_wconf 88' lang='lat' dir='ltr'><strong><em>sonat,</em></strong></span> <span class='ocrx_word' id='word_1_898' title='bbox 2783 5404 2959 5460; x_wconf 85' lang='lat' dir='ltr'><strong><em>quam</em></strong></span> <span class='ocrx_word' id='word_1_899' title='bbox 2985 5402 3142 5459; x_wconf 84' lang='lat' dir='ltr'><strong><em>gaza</em></strong></span> <span class='ocrx_word' id='word_1_900' title='bbox 3172 5383 3601 5457; x_wconf 87' lang='lat' dir='ltr'><strong><em>repositorium,</em></strong></span> 
     </span>
    </p>
   </div>
   <div class='ocr_carea' id='block_1_119' title="bbox 1907 5473 3607 5548">
    <p class='ocr_par' dir='ltr' id='par_1_119' title="bbox 1907 5473 3607 5548">
     <span class='ocr_line' id='line_1_119' title="bbox 1907 5473 3607 5548; baseline -0.002 -18"><span class='ocrx_word' id='word_1_901' title='bbox 1907 5490 2039 5530; x_wconf 91' lang='lat' dir='ltr'><strong><em>cum</em></strong></span> <span class='ocrx_word' id='word_1_902' title='bbox 2067 5474 2261 5532; x_wconf 85' lang='lat' dir='ltr'><strong><em>statim</em></strong></span> <span class='ocrx_word' id='word_1_903' title='bbox 2284 5474 2491 5532; x_wconf 88' lang='lat' dir='ltr'><strong><em>subdat</em></strong></span> <span class='ocrx_word' id='word_1_904' title='bbox 2517 5475 2873 5548; x_wconf 82' lang='lat' dir='ltr'><strong><em>Augustinus</em></strong></span> <span class='ocrx_word' id='word_1_905' title='bbox 2904 5491 2920 5530; x_wconf 90' lang='lat'><strong>:</strong></span> <span class='ocrx_word' id='word_1_906' title='bbox 2949 5477 3069 5533; x_wconf 90' lang='lat' dir='ltr'><strong><em>Non</em></strong></span> <span class='ocrx_word' id='word_1_907' title='bbox 3092 5478 3172 5529; x_wconf 87' lang='lat' dir='ltr'><strong><em>est</em></strong></span> <span class='ocrx_word' id='word_1_908' title='bbox 3198 5475 3339 5529; x_wconf 86' lang='lat' dir='ltr'><strong><em>enim</em></strong></span> <span class='ocrx_word' id='word_1_909' title='bbox 3365 5473 3607 5544; x_wconf 83' lang='lat' dir='ltr'><strong><em>episcopi</em></strong></span> 
     </span>
    </p>
   </div>
   <div class='ocr_carea' id='block_1_120' title="bbox 1906 5560 3602 5637">
    <p class='ocr_par' dir='ltr' id='par_1_120' title="bbox 1906 5560 3602 5637">
     <span class='ocr_line' id='line_1_120' title="bbox 1906 5560 3602 5637; baseline -0.002 -16"><span class='ocrx_word' id='word_1_910' title='bbox 1906 5578 2124 5621; x_wconf 85' lang='lat' dir='ltr'><strong><em>servare</em></strong></span> <span class='ocrx_word' id='word_1_911' title='bbox 2151 5579 2369 5637; x_wconf 88' lang='lat' dir='ltr'><strong><em>aurum,</em></strong></span> <span class='ocrx_word' id='word_1_912' title='bbox 2408 5568 2460 5621; x_wconf 90' lang='lat' dir='ltr'><strong><em>et</em></strong></span> <span class='ocrx_word' id='word_1_913' title='bbox 2508 5578 2760 5622; x_wconf 85' lang='lat' dir='ltr'><strong><em>revocare</em></strong></span> <span class='ocrx_word' id='word_1_914' title='bbox 2795 5578 2832 5619; x_wconf 92' lang='lat' dir='ltr'><strong><em>a</em></strong></span> <span class='ocrx_word' id='word_1_915' title='bbox 2880 5578 2937 5619; x_wconf 85' lang='lat' dir='ltr'><strong><em>se</em></strong></span> <span class='ocrx_word' id='word_1_916' title='bbox 2970 5560 3327 5619; x_wconf 80' lang='lat' dir='ltr'><strong><em>mendicantis</em></strong></span> <span class='ocrx_word' id='word_1_917' title='bbox 3380 5576 3602 5619; x_wconf 87' lang='lat' dir='ltr'><strong><em>manum</em></strong></span> 
     </span>
    </p>
   </div>
  </div>
