4060 6348
447 313 544 366 227

447 431 633 503 (ωτι,
677 446 770 485 nn.
815 429 870 497 4,
915 429 990 500 5).
1053 427 1184 482 Erat
1244 429 1436 480 tamen
1481 423 1803 495 Augustino
1860 421 2147 494 quoddam

447 517 922 592 gazophylacium
953 514 1305 588 excipiendis
1332 513 1588 568 ﬁdelium
1615 511 2020 578 oblationibus,
2053 510 2153 565 sed

444 609 590 666 illud
626 609 686 664 in
727 622 1048 680 pauperum
1094 620 1233 660 usus
1269 603 1427 660 brevi
1470 602 1912 658 exhauriebatur
1965 600 2151 673 (lbid.,

449 715 506 754 n.
544 697 649 766 t3).

520 783 1016 856 3.1mprobabant
1058 781 1346 849 nonnulli,
1393 779 1545 852 quod
1593 771 1955 834 hareditates
2002 792 2156 847 agre

451 874 780 946 susciperet.
831 875 1001 928 Erant
1050 870 1151 942 qui
1194 870 1718 933 obmurmurarent,
1761 871 1817 921 et
1843 865 1981 921 nihil
2013 865 2156 936 Hip-

450 963 693 1037 ponensi
744 960 1002 1017 Ecclesia
1041 961 1187 1014 hanc
1231 959 1304 1013 ob
1344 973 1573 1013 causam
1604 955 1806 1012 donari
1845 968 2156 1027 quereren-

450 1060 572 1110 tur.
636 1054 752 1107 Hoc
780 1065 1078 1106 murmure
1109 1049 1252 1104 adeo
1280 1065 1314 1102 a
1343 1047 1564 1102 ratione
1593 1047 1777 1100 alieno
1808 1061 1925 1100 non
1959 1059 2157 1098 move-

453 1143 624 1198 batur
660 1140 1014 1211 Augustinus
1045 1139 1180 1193 :sed
1217 1154 1320 1192 sua
1348 1153 1480 1191 eum
1511 1134 1788 1206 sapientia
1813 1132 2158 1205 quibusdam

457 1231 520 1286 in
563 1229 736 1285 rebus
782 1229 967 1284 facere
998 1227 1396 1299 compellebat,
1443 1225 1595 1297 quod
1640 1224 1702 1278 in
1753 1223 1880 1278 aliis
1919 1222 2160 1277 minime

451 1320 680 1376 faceret.
732 1317 844 1373 Etsi
873 1318 1030 1372 enim
1060 1317 1371 1371 oblationes
1413 1315 1502 1368 vel
1548 1313 1872 1385 probrosas,
1922 1311 2011 1366 vel
2060 1311 2159 1365 Ec-

455 1408 639 1464 clesia
685 1423 883 1479 graves
938 1406 1321 1475 molestasque
1379 1401 1682 1473 respuebat
1723 1417 1737 1456 :
1783 1399 2162 1472 proﬁtebatur

455 1503 649 1554 tamen
676 1512 734 1549 se
776 1494 1092 1549 oblationes
1122 1497 1341 1546 sanctas
1379 1491 1695 1562 suscipere;
1729 1494 1786 1544 et
1814 1489 2003 1560 reipsa
2030 1488 2160 1559 plu-

453 1603 548 1643 res
573 1586 630 1641 id
662 1584 888 1656 generis
916 1583 1166 1654 suscepit
1194 1581 1385 1652 (Ibid.,
1413 1597 1469 1635 n.
1499 1581 1576 1648 4).
1609 1579 1666 1635 Si
1697 1579 1824 1650 quis
1856 1577 2032 1649 igitur
2062 1578 2159 1631 Ec-

453 1674 638 1730 clesia
685 1673 772 1727 vel
821 1672 1077 1738 donaret,
1131 1671 1219 1725 vel
1265 1673 1610 1724 testamento
1652 1669 1871 1738 legaret
1899 1667 2160 1736 domum,

455 1767 554 1818 aut
571 1778 794 1834 agrum,
820 1765 916 1814 aut
936 1761 1149 1826 villam,
1179 1775 1296 1814 non
1326 1758 1754 1830 respuebat,sed
1777 1755 1982 1827 suscipi
2000 1756 2162 1826 jube-

454 1853 554 1909 bat
581 1849 836 1922 (Possid.,
869 1852 928 1903 in
964 1851 1091 1904 Vita
1123 1849 1384 1916 August,
1413 1863 1457 1901 c.
1485 1849 1593 1914 29).
1616 1847 1962 1918 Frequenter
1990 1843 2160 1898 etiam

455 1941 650 1997 ﬁdeles
675 1937 1099 2007 commonebat,
1129 1941 1194 1992 ut
1224 1936 1515 1992 Christum
1547 1936 1604 1990 in
1631 1950 1877 1992 numero
1909 1933 2161 1988 ﬁliorum

455 2030 752 2094 haberent,
795 2031 853 2082 et
894 2027 955 2081 in
995 2029 1217 2098 partem
1265 2024 1617 2080 hareditatis
1660 2026 1959 2090 vocarent;
2010 2023 2160 2094 quod

457 2118 556 2173 ubi
603 2117 890 2180 fecissent,
954 2115 1102 2168 hanc
1155 2113 1401 2168 libenter
1434 2112 1760 2185 portionem
1817 2110 2163 2181 suscipiebat

458 2207 648 2278 (Serm.
682 2208 806 2272 355,
845 2220 902 2259 n.
935 2203 1011 2275 4).
1045 2203 1149 2257 Eos
1200 2202 1418 2273 pariter
1445 2201 1800 2268 hortabatur,
1831 2204 1895 2254 ut
1939 2199 2159 2254 curiose

455 2294 877 2366 perquirerent,
911 2308 984 2346 an
1010 2291 1156 2345 servi
1188 2291 1287 2345 Dei
1318 2295 1375 2345 et
1403 2290 1665 2345 Ecclesia
1691 2288 1940 2343 ministri
1967 2287 2160 2360 aliqua

457 2400 519 2438 re
548 2383 896 2455 indigerent,
937 2385 995 2435 et
1023 2397 1221 2435 eorum
1241 2395 1438 2451 preces
1462 2379 1804 2434 liberalitate
1834 2395 1937 2433 sua
1963 2394 2161 2449 quam-

458 2471 711 2544 primum
758 2469 1144 2540 pravenirent
1190 2469 1412 2538 (Enarr.
1459 2470 1520 2522 in
1568 2469 1715 2524 Psal.
1767 2483 1879 2533 cm,
1912 2482 2068 2522 serm.
2103 2470 2155 2532 3,

457 2577 554 2616 nn.
603 2563 690 2629 tO,
743 2562 853 2629 t2).
905 2558 1049 2613 Illud
1099 2561 1289 2612 autem
1321 2575 1388 2612 eo
1430 2557 1702 2612 libentius
1729 2555 1970 2620 dicebat,
2006 2554 2157 2626 quod

460 2648 731 2704 omnibus
777 2648 1134 2719 exploratum
1181 2653 1346 2712 esset,
1401 2661 1534 2700 eum
1578 2647 1684 2700 hac
1724 2644 1781 2698 in
1829 2661 1890 2699 re
1920 2643 2157 2698 minimc

461 2754 682 2808 curare,
737 2741 800 2791 ut
848 2737 994 2791 hanc
1041 2735 1100 2790 in
1145 2735 1334 2806 ipsum
1377 2733 1815 2788 beneﬁcentiam
1864 2736 1920 2788 et
1961 2749 2156 2788 curam

460 2827 797 2882 adhiberent
826 2826 1046 2896 (Enarr.
1076 2826 1136 2878 in
1165 2825 1310 2881 Psal.
1347 2839 1542 2890 cxnvu,
1573 2839 1628 2878 η.
1668 2826 1752 2888 t7,
1792 2826 1842 2876 et
1866 2824 2069 2876 Enarr.
2101 2823 2159 2874 in

457 2916 604 2971 Psal.
637 2931 748 2982 cm,
797 2929 956 2980 serm,
1001 2917 1052 2980 3,
1083 2928 1137 2966 n.
1185 2915 1288 2981 t2).
1326 2912 1433 2968 Sed
1476 2916 1526 2967 et
1562 2912 1629 2966 de
1655 2912 1889 2979 neglecto
1917 2927 1953 2964 a
1982 2909 2158 2978 ﬁdeli-

459 3004 556 3059 bus
604 3003 995 3074 gazophylacio
1023 3007 1075 3058 et
1111 3003 1419 3070 secretario,
1461 3001 1603 3055 unde
1653 3001 1823 3055 altari
1857 3000 2160 3055 necessaria

453 3095 790 3161 inferuntur,
831 3090 1071 3147 Possidii
1120 3091 1290 3145 verba
1338 3093 1489 3156 sunt,
1517 3089 1814 3158 aliquando
1844 3090 1902 3142 in
1942 3089 2161 3143 ecclesia

459 3182 677 3251 loquens
715 3180 1065 3244 admonebat;
1116 3179 1261 3248 quod
1315 3181 1479 3233 etiam
1526 3178 1894 3232 beatissimum
1930 3177 2157 3232 Ambro-

458 3272 600 3324 sium
627 3285 682 3324 se
708 3273 969 3339 praesente
995 3271 1053 3322 in
1084 3269 1303 3322 ecclesia
1341 3270 1658 3322 tractavisse
1680 3267 1834 3322 nobis
1863 3266 2160 3336 aliquando

456 3360 720 3414 retulerat
746 3357 970 3429 (Possid.
998 3361 1056 3413 in
1097 3360 1226 3414 Vita
1261 3358 1524 3424 August,
1569 3373 1615 3414 c.
1658 3359 1766 3427 24).
1800 3357 2065 3412 Securius
2095 3373 2160 3412 ac

456 3448 642 3503 tutius
687 3447 973 3517 censebat,
1003 3447 1120 3500 sola
1149 3451 1490 3501 testamento
1530 3447 1735 3518 legata,
1770 3462 1942 3518 quam
1973 3445 2160 3501 hare-

459 3535 664 3592 ditates
706 3535 958 3606 integras
996 3534 1067 3589 ab
1115 3534 1361 3589 Ecclesia
1389 3535 1642 3606 suscipi:
1671 3534 2034 3590 hareditates
2074 3539 2158 3590 ta-

459 3641 594 3680 men
631 3624 923 3679 interdum
970 3622 1332 3694 suscipiebat,
1377 3627 1444 3678 ut
1482 3622 1695 3679 Juliani
1740 3622 2157 3690 hareditatem,

458 3713 614 3786 quod
653 3712 811 3767 nulla
855 3713 1016 3783 prole
1062 3711 1258 3767 relicta
1297 3711 1530 3766 obiisset
1576 3712 1762 3782 (Serm.
1818 3715 1942 3780 355,
1988 3727 2043 3767 η.
2077 3713 2154 3783 4).

457 3801 690 3874 Quidam
719 3804 882 3857 etiam
908 3817 976 3856 ea:
1014 3802 1290 3857 honoratis
1340 3803 1790 3871 Hipponensium,
1831 3801 1929 3868 ait,
1971 3801 2161 3854 Possi-

456 3891 604 3960 dius,
660 3890 813 3961 apud
869 3891 1252 3958 Carthaginem
1293 3892 1496 3956 vivens,
1535 3891 1786 3946 Ecclesiae
1826 3891 2162 3959 Hipponensi

451 3980 837 4052 possessionem
876 3980 1078 4035 donare
1121 3981 1313 4048 voluit,
1366 3984 1419 4035 et
1471 3981 1740 4045 confectas
1786 3979 2020 4041 tabulas,
2053 3978 2162 4032 sibi

453 4075 746 4140 usu/ructu
787 4076 1008 4133 retento,
1059 4072 1202 4124 ultro
1231 4070 1402 4124 eidem
1430 4075 1628 4124 sancta
1655 4072 1920 4125 memoriae
1966 4071 2160 4136 Augu-

455 4164 598 4216 stino
620 4162 773 4215 misit
805 4177 818 4215 :
852 4160 1008 4228 cujus
1037 4161 1128 4213 ille
1160 4160 1480 4214 oblationem
1518 4160 1742 4214 libenter
1770 4162 1996 4229 accepit,
2033 4175 2158 4214 con-

457 4251 743 4318 gratulans
771 4249 821 4302 ei
848 4248 993 4317 quod
1021 4251 1231 4302 aeternae
1262 4263 1373 4302 suae
1400 4263 1598 4302 memor
1635 4253 1768 4303 esset
1794 4250 2009 4302 salutis.
2049 4250 2155 4303 Ve-

454 4353 578 4393 rum
596 4341 722 4407 post
747 4337 957 4405 aliquot
999 4351 1167 4390 annos
1199 4336 1353 4391 nobis
1384 4338 1530 4403 forte
1555 4353 1675 4391 cum
1712 4337 1891 4392 eodem
1919 4339 2157 4393 cominus

454 4427 782 4492 constitutis,
812 4441 924 4480 ecce
952 4425 1043 4479 ille
1067 4424 1296 4479 donator
1320 4425 1528 4479 litteras
1545 4441 1646 4495 per
1663 4441 1820 4480 suum
1834 4428 2008 4495 ﬁlium
2037 4429 2157 4482 mit-

457 4519 592 4582 tens,
645 4515 860 4582 rogavit
886 4517 950 4567 ut
977 4514 1084 4568 illa
1120 4513 1471 4568 donationum
1510 4514 1706 4568 tabulae
1732 4530 1827 4570 suo
1863 4515 2157 4571 redderen-

455 4607 547 4658 tur
574 4604 718 4673 ﬁlio;
745 4602 1078 4675 pauperibus
1106 4617 1229 4657 vero
1258 4601 1555 4672 erogandos
1584 4603 1790 4658 direxit
1815 4604 2012 4660 solidos
2037 4621 2156 4660 cen-

458 4695 590 4746 tum.
623 4693 734 4758 Quo
773 4693 864 4746 ille
913 4695 1133 4747 sanctus
1175 4695 1408 4762 cognito,
1456 4695 1738 4761 ingemuit,
1773 4695 2037 4749 hominem
2073 4696 2157 4751 vel

453 4782 678 4850 ﬁnxisse
702 4780 1064 4848 donationem,
1103 4783 1186 4836 vel
1223 4797 1342 4836 eum
1377 4781 1443 4835 de
1480 4781 1612 4837 bono
1638 4798 1792 4852 opere
1817 4785 2152 4851 panituisse,

455 4873 507 4923 et
534 4872 744 4939 quanta
763 4872 968 4940 potuit,
990 4873 1094 4925 Deo
1123 4874 1438 4938 suggerente
1473 4870 1623 4925 cordi
1657 4871 1794 4940 ejus,
1829 4886 1946 4926 cum
1978 4871 2158 4926 dolore

455 4959 630 5013 animi
669 4974 736 5012 ea:
765 4959 948 5014 eadem
979 4961 1350 5028 refragatione
1377 4959 1544 5029 dixit,
1576 4963 1637 5014 in
1670 4961 1822 5015 illius
1843 4961 2045 5016 scilicet
2067 4963 2154 5015 in-

455 5049 816 5117 crepationem
869 5051 920 5102 et
971 5051 1346 5104 correctionem
1393 5063 1408 5103 :
1457 5052 1508 5102 et
1564 5048 1799 5116 tabulas,
1869 5063 2006 5117 quas
2065 5049 2156 5104 ille

454 5141 640 5206 sponte
667 5138 910 5203 miserat,
943 5151 1037 5191 nec
1080 5136 1436 5203 desideratas,
1480 5152 1573 5190 nec
1601 5141 1842 5206 exactas,
1873 5139 2155 5206 confestim

453 5225 726 5294 reddidit;
765 5226 1157 5296 pecuniamque
1205 5227 1359 5280 illam
1388 5229 1618 5295 respuit,
1667 5230 1830 5295 atque
1873 5229 2154 5298 rescriptis

453 5315 712 5381 eumdem,
746 5317 889 5370 sicut
921 5317 1176 5384 oportuit,
1218 5318 1270 5369 et
1313 5317 1501 5383 arguit
1546 5319 1595 5368 et
1622 5315 1916 5385 corripuit;
1961 5315 2152 5370 admo-

452 5419 583 5459 nens
611 5408 672 5458 ut
711 5403 776 5458 de
811 5419 913 5458 sua
939 5403 1282 5458 simulatione
1319 5405 1404 5457 vel
1439 5405 1730 5472 iniquitate
1754 5419 1872 5459 cum
1895 5407 2156 5474 paeniten-

454 5493 544 5548 tia:
575 5493 879 5547 humilitate
908 5495 1012 5547 Deo
1059 5494 1417 5559 satisfaceret,
1445 5507 1511 5546 ne
1538 5507 1657 5547 cum
1681 5500 1794 5547 tam
1829 5497 1990 5562 gravi
2017 5495 2152 5550 deli-

455 5583 539 5636 cto
576 5579 643 5636 de
668 5581 858 5638 seculo
909 5581 1082 5638 exiret
1116 5580 1374 5653 (Possid.,
1406 5582 1466 5638 in
1497 5583 1629 5641 Vita
1657 5581 1920 5653 August,
1951 5598 2004 5641 c.
2039 5582 2150 5654 24).

1660 298 1833 356 VITA
1889 297 1945 354 S.
2005 296 2393 354 AUGUSTINI
2453 297 2794 353 EPISCOPI.

3877 299 3980 353 228

2329 423 2383 478 4.
2415 419 2660 486 Quidam
2693 422 3028 488 Honoratus,
3073 417 3435 475 facultatibus
3470 419 3587 475 suis
3614 435 3739 476 non
3781 397 3985 475 dimis-

2263 511 2356 579 sis,
2385 511 2445 566 in
2473 511 2802 582 Tagastensi
2832 509 3092 566 canobio
3134 509 3509 566 monasticam
3538 511 3719 566 vitam
3747 511 3969 582 ample-

2263 617 2389 670 xus,
2418 604 2788 672 postmodum
2822 600 2883 656 in
2923 599 3223 656 Thiavensi
3266 599 3510 656 Ecclesia
3546 601 3854 673 presbyter
3881 616 3976 655 or-

2265 691 2492 746 dinatus
2519 696 2623 746 est.
2656 693 2788 746 Post
2817 692 2942 761 ejus
2984 691 3208 746 obitum
3240 690 3581 747 Thiavenses
3607 690 3768 768 illius
3795 691 3965 756 bona,

2265 779 2381 835 sive
2409 780 2516 834 hoc
2545 797 2662 835 uno
2691 780 2944 850 nomine,
2976 781 3130 852 quod
3149 781 3301 852 apud
3325 779 3482 851 ipsos
3507 781 3808 853 presbyter
3837 779 3979 834 fuis-

2265 872 2352 924 set
2378 869 2693 936 ordinatus,
2732 869 2847 924 sive
2875 869 3068 940 aliquo
3099 867 3426 924 donationis
3456 869 3621 924 titulo
3651 869 3758 924 sibi
3785 868 3973 924 vindi-

2265 963 2488 1014 carunt.
2513 958 2719 1014 Contra
2742 975 2872 1013 vero
2892 958 3129 1030 Alypius
3145 958 3268 1012 hac
3288 958 3442 1013 bona
3466 957 3817 1014 monasterio
3844 974 3972 1020 suo,

2269 1047 2422 1120 quod
2455 1049 2776 1103 Honoratus
2805 1047 2865 1102 in
2895 1063 2962 1102 eo
2991 1047 3370 1102 monasticam
3405 1047 3602 1102 fuisset
3631 1046 3969 1102 institutum

2269 1140 2531 1205 sectatus,
2562 1155 2814 1194 asserere
2857 1138 3177 1204 nitebatur;
3207 1143 3263 1192 et
3303 1155 3436 1193 cum
3477 1138 3797 1193 monachus
3828 1138 3972 1192 nihil

2269 1227 2564 1298 proprium
2588 1227 2877 1298 possidere
2905 1227 3128 1294 debeat,
3161 1227 3439 1299 quidquid
3462 1227 3558 1282 ille
3579 1227 3972 1293 habuisset,ad

2271 1316 2682 1372 monasterium
2710 1333 2877 1371 suum
2900 1315 3183 1387 pertinere
3213 1317 3610 1372 contendebat.
3645 1316 3744 1372 Sin
3774 1317 3972 1371 decer-

2270 1408 2507 1458 neretur
2536 1405 2845 1459 monachos
2879 1421 3044 1476 posse
3073 1403 3372 1477 quidpiam
3411 1403 3726 1475 possidere,
3784 1405 3972 1458 locum

2271 1492 2341 1547 iis
2367 1492 2489 1546 dari
2514 1493 2586 1548 ad
2616 1494 3161 1565 procrastinandam,
3193 1497 3471 1565 quantum
3493 1496 3741 1564 possent,
3777 1509 3973 1547 rerum

2272 1597 2507 1636 suarum
2553 1582 2958 1636 venditionem.
2992 1583 3104 1636 Hac
3132 1582 3202 1637 de
3245 1598 3414 1637 causa
3441 1582 3712 1636 Thiavam
3741 1597 3804 1636 se
3843 1597 3974 1636 cum

2269 1671 2473 1742 Alypio
2505 1671 2745 1726 contulit
2772 1671 3122 1742 Augustinus
3153 1687 3166 1726 :
3201 1671 3299 1726 sed
3329 1686 3461 1728 cum
3486 1671 3764 1743 temporis
3788 1686 3975 1742 angu-

2273 1761 2394 1814 stia
2427 1765 2732 1832 utrumque
2757 1760 2856 1814 diu
2884 1760 2990 1814 hac
3017 1759 3085 1815 de
3108 1776 3168 1814 re
3194 1759 3512 1817 deliberare
3541 1775 3657 1817 non
3683 1759 3970 1825 sivissent,

2263 1849 2404 1921 juri,
2449 1851 2604 1921 quod
2645 1850 2984 1904 Thiavenses
3025 1849 3132 1903 sibi
3175 1849 3556 1917 vindicabant,
3602 1848 3926 1905 intercessit
3960 1868 3976 1915 ;

2270 1939 2538 2010 visusque
2589 1942 2670 1992 est
2718 1937 2986 2009 probasse
3025 1937 3366 1992 sententiam
3412 1936 3624 2008 Alypii,
3657 1937 3758 2009 qui
3807 1936 3974 1992 dimi-

2269 2026 2422 2081 diam
2453 2026 2736 2080 bonorum
2758 2023 3025 2080 Honorati
3048 2028 3268 2097 partem
3292 2024 3972 2095 Tliiavensibus,alteram

2269 2131 2402 2169 vero
2433 2114 2796 2187 pauperibus,
2827 2115 2935 2169 hoc
2972 2118 3058 2169 est
3087 2113 3377 2168 monachis
3406 2114 3648 2169 canobii
3677 2114 3767 2169 sui
3795 2116 3976 2186 Taga-

2270 2204 2494 2267 stensis,
2527 2203 2711 2258 addici
2731 2203 2981 2270 volebat;
3014 2205 3093 2258 sic
3123 2207 3316 2258 tamen
3346 2207 3411 2258 ut
3436 2203 3549 2258 illis
3571 2203 3812 2258 dimidia
3839 2221 3971 2274 pars

2270 2309 2443 2365 quam
2472 2292 2582 2348 ista
2609 2292 2887 2347 divisione
2916 2292 3264 2360 amitterent,
3291 2293 3362 2347 ab
3389 2291 3709 2364 Augustino
3739 2292 3968 2346 aliunde

2264 2383 2686 2453 provideretur.
2729 2383 2854 2436 Non
2881 2382 3092 2453 placuit
3127 2381 3536 2436 Thiavensibus
3577 2381 3683 2436 ista
3714 2382 3964 2452 partitio.

2269 2469 2416 2534 Quin
2445 2470 2615 2524 etiam
2645 2469 2910 2524 videntur
2947 2468 3308 2524 insimulasse
3343 2468 3635 2539 Alypium,
3666 2468 3832 2540 quasi
3863 2468 3968 2522 mi-

2268 2575 2377 2614 nus
2413 2560 2519 2614 hac
2547 2558 2607 2613 in
2638 2575 2698 2614 re
2729 2557 3078 2630 aquitatem,
3120 2575 3294 2631 quam
3324 2574 3455 2612 suas
3487 2558 3670 2629 ipsius
3719 2557 3967 2612 rationes

2269 2649 2684 2720 commodaque
2711 2649 3047 2704 attenderet.
3071 2649 3136 2702 In
3157 2664 3224 2702 eo
3253 2652 3447 2702 tamen
3476 2651 3626 2702 statu
3650 2652 3969 2702 controver-

2270 2737 2352 2791 sia
2379 2741 2515 2792 tunc
2561 2737 2670 2791 ista
2695 2737 2889 2792 relicta
2919 2741 3021 2792 est.
3053 2738 3265 2791 Verum
3293 2752 3425 2792 cum
3463 2735 3816 2808 Augustinus
3843 2740 3970 2807 post

2269 2826 2515 2880 reditum
2544 2841 2773 2881 causam
2802 2826 2969 2880 istam
2999 2830 3293 2881 momento
3323 2842 3427 2880 suo
3453 2825 3553 2880 diu
3580 2824 3965 2896 ponderasset,

2268 2915 2411 2970 vidit
2447 2915 2604 2970 illam
2652 2920 3031 2970 controversa
3081 2915 3340 2987 pecunia
3387 2914 3758 2986 partitionem
3789 2914 3964 2985 suspi-

2269 3005 2431 3060 cione
2459 3005 2784 3076 cupiditatis
2811 3022 2928 3061 non
2947 3021 3154 3071 carere,
3189 3020 3540 3076 prorsusque
3571 3004 3834 3059 redolere
3859 3005 3962 3058 ho-

2269 3093 2472 3162 mines,
2505 3093 2605 3166 qui
2621 3094 2686 3149 de
2709 3093 3036 3165 pecuniario
3058 3093 3382 3158 commodo,
3407 3109 3525 3147 non
3552 3092 3621 3147 de
3645 3092 3868 3164 justitia
3890 3093 3967 3146 la-

2267 3181 2541 3237 borarent
2570 3199 2583 3238 :
2617 3182 2695 3236 sic
2723 3182 2972 3238 incidere
3001 3199 3059 3237 se
3087 3182 3146 3236 in
3169 3197 3297 3237 eam
3326 3180 3461 3236 mali
3484 3181 3759 3252 speciem,
3792 3198 3827 3235 a
3855 3197 3964 3252 qua

2269 3287 2372 3326 nos
2420 3271 2726 3342 Apostolus
2771 3271 2938 3341 jubet
2992 3271 3276 3326 abstinere
3329 3271 3372 3342 (l
3416 3271 3597 3326 Thess.
3643 3286 3694 3333 v,
3735 3271 3854 3341 22);
3887 3272 3962 3324 la-

2268 3360 2401 3416 bem
2439 3376 2496 3415 se
2525 3360 2888 3431 prasulibus,
2931 3359 3032 3432 qui
3061 3359 3255 3431 magni
3285 3359 3436 3431 apud
3482 3359 3762 3432 populum
3805 3364 3964 3414 erant

2271 3449 2540 3516 nominis,
2571 3465 2901 3521 aspergere;
2935 3465 3108 3521 seque
3139 3449 3505 3503 inﬁrmorum
3552 3447 3762 3502 animis
3809 3464 3962 3502 mor-

2269 3542 2384 3593 tem
2417 3538 2649 3606 inferre,
2679 3553 2926 3609 quorum
2953 3538 3021 3593 ad
3043 3539 3287 3592 salutem
3316 3536 3615 3608 permagni
3644 3535 3963 3602 interesset,

2268 3625 2768 3696 persuasissimum
2796 3625 3026 3692 habere,
3053 3623 3326 3696 praesules
3354 3624 3413 3679 in
3454 3624 3854 3695 hujuscemodi
3877 3639 3964 3679 re-

2268 3713 2375 3768 bus
2405 3714 2633 3769 sordida
2671 3712 2930 3785 pecunia
2958 3713 3270 3785 cupiditate
3301 3729 3414 3767 non
3451 3712 3602 3768 duci.
3645 3712 3811 3778 Quod
3847 3712 3969 3784 qui-

2269 3803 2399 3858 dem
2427 3807 2563 3857 tunc
2591 3801 2864 3874 temporis
2911 3818 2978 3856 eo
3019 3801 3202 3873 magis
3247 3801 3558 3856 cavendum
3606 3805 3748 3868 erat,
3814 3801 3966 3873 quod

2268 3908 2456 3964 nuper
2479 3891 2539 3946 hi
2561 3891 2761 3963 populi
2788 3890 3227 3962 catholieapaci
3257 3889 3644 3960 accessissent,
3669 3894 3804 3962 post
3824 3890 3967 3946 mul-

2269 3985 2359 4036 tos
2399 3980 2621 4035 labores
2649 3996 2716 4034 ea
2745 3980 2813 4034 de
2843 3995 3012 4034 causa
3040 3981 3359 4050 susceptos;
3401 3993 3648 4050 quorum
3677 3978 3962 4049 particeps

2267 4069 2328 4124 in
2360 4070 2562 4140 primis
2602 4069 2787 4124 fuerat
2821 4068 3193 4140 Augustinus,
3245 4083 3376 4122 cum
3406 4071 3644 4122 testetur
3684 4083 3744 4121 se
3783 4067 3858 4122 ab
3900 4067 3967 4121 iis

2269 4160 2595 4213 nullatenus
2616 4167 2777 4231 posse
2802 4156 3135 4213 desciscere.
3161 4156 3450 4212 Possidius
3469 4156 3590 4227 ipse
3614 4156 3780 4210 binas
3809 4161 3971 4211 notat

2267 4247 2573 4318 Augustini
2604 4247 2819 4301 litteras
2847 4247 2917 4301 ad
2941 4246 3279 4300 Thiavenses
3307 4249 3502 4300 contra
3532 4244 3856 4299 Donatistae
3889 4247 3967 4310 (In

2265 4336 2465 4399 Indic.,
2495 4353 2616 4407 cap.
2660 4337 2728 4406 3).
2763 4335 2926 4400 Quod
2964 4334 3167 4390 attinet
3194 4334 3266 4390 ad
3308 4333 3762 4396 incommodum,
3811 4335 3965 4406 quod

2265 4425 2504 4497 Alypius
2533 4425 2594 4479 in
2642 4425 2730 4479 his
2777 4424 2942 4480 bonis
2996 4423 3258 4480 Ecclesia
3307 4422 3608 4479 Thiavensi
3639 4421 3967 4478 addicendis

2265 4514 2510 4582 videbat,
2542 4518 2778 4586 propter
2813 4515 2960 4569 hanc
2996 4513 3208 4569 scilicet
3235 4529 3486 4583 causam,
3517 4512 3668 4584 quod
3699 4512 3967 4567 monachi

2265 4603 2535 4659 nuntium
2569 4603 2732 4658 bonis
2761 4602 2880 4656 suis
2911 4600 3200 4657 remittere
3232 4605 3584 4668 tenerentur,
3611 4601 3748 4656 satis
3775 4601 3964 4657 anim-

2266 4692 2596 4748 advertebat
2622 4691 2972 4763 Augustinus
3019 4690 3078 4746 id
3119 4689 3466 4746 incommodi
3501 4689 3563 4745 in
3600 4690 3708 4745 ista
3735 4706 3967 4762 quoque

2266 4781 2546 4837 divisione
2589 4780 2858 4852 reperiri;
2905 4779 2987 4836 ita
3028 4783 3095 4835 ut
3130 4779 3320 4834 minus
3349 4779 3588 4850 periculi
3617 4778 3739 4833 fore
3765 4795 3966 4834 cense-

2264 4875 2373 4938 ret,
2432 4871 2478 4926 si
2541 4870 2684 4926 nihil
2753 4869 2987 4925 omnino
3055 4867 3464 4923 Thiavensibus
3535 4867 3961 4923 concederetur.

2263 4958 2509 5015 Aliunde
2552 4957 2834 5014 rationem
2880 4955 3070 5029 Alypii
3109 4971 3226 5011 non
3253 4956 3440 5011 valere
3473 4955 3878 5023 arbitrabatur,
3912 4960 3970 5010 et

2262 5045 2324 5100 in
2363 5045 2453 5100 his
2493 5045 2755 5100 civilibus
2791 5043 2956 5098 bonis
2985 5043 3255 5098 standum
3300 5059 3420 5098 esse
3450 5042 3689 5114 putabat
3716 5041 3966 5113 imperio

2262 5134 2459 5206 legum
2483 5133 2763 5200 civilium;
2790 5134 2956 5204 juxta
2985 5147 3126 5205 quas
3163 5131 3430 5187 monachi
3466 5131 3579 5186 illis
3616 5131 3968 5202 temporibus

2261 5240 2352 5279 res
2381 5240 2510 5279 suas
2547 5223 2906 5292 obtinebant,
2949 5222 3128 5277 donec
3168 5237 3264 5277 eas
3301 5220 3713 5290 vendidissent,
3741 5225 3844 5276 aut
3873 5238 3966 5277 ea-

2261 5329 2393 5369 rum
2441 5313 2810 5369 donationem
2857 5311 3122 5368 fecissent
3161 5327 3175 5366 :
3235 5311 3376 5366 adeo
3415 5313 3481 5365 ut
3503 5309 3803 5365 monachis
3833 5315 3962 5366 ante

2261 5403 2625 5458 constitutam
2667 5401 3036 5457 donationem
3067 5399 3464 5468 morientibus,
3510 5415 3630 5454 non
3677 5404 3965 5455 monaste-

2260 5490 2435 5558 rium,
2462 5490 2560 5546 sed
2586 5489 2792 5563 privati
2821 5491 3153 5547 earumdem
3183 5506 3251 5545 ex
3279 5491 3473 5562 legum
3500 5489 3840 5562 prascripto
3855 5490 3965 5544 ha-

2264 5580 2431 5638 redes
2455 5579 2835 5638 succederent.
2869 5580 3042 5653 Cujus
3067 5579 3153 5639 rei
3179 5579 3397 5653 aliquot
3437 5579 3699 5652 exempla
3730 5594 3967 5651 praees-
