4060 6368
159 339 254 392 229

157 460 357 512 serant.
415 452 768 524 Augustinus
823 451 999 523 igitur
1054 450 1385 517 monachos,
1445 449 1604 521 prius
1661 466 1835 522 quam

156 545 554 616 reciperentur,
603 543 673 597 ad
702 557 898 597 rerum
945 557 1178 595 suarum
1207 539 1589 595 venditionem
1619 543 1716 594 aut
1742 540 1835 595 do-

156 634 427 689 nationem
469 629 728 702 astringi,
776 630 937 684 valde
985 629 1299 700 probabat:
1350 629 1436 682 sin
1468 645 1529 682 re
1570 644 1672 682 sua
1717 645 1834 683 non

157 722 372 778 vendita
401 736 502 774 nec
531 735 636 791 per
683 717 1058 774 donationem
1089 718 1149 772 in
1187 717 1518 789 quempiam
1561 717 1835 772 translata

156 813 517 875 morerentur,
563 823 764 863 eorum
814 808 963 862 bona
1008 807 1154 878 juris
1201 805 1377 860 civilis
1421 804 1583 876 sequi
1627 805 1832 860 debere

155 898 555 972 przescriptum,
593 902 658 951 ut
694 896 968 968 praesules
1016 895 1088 950 ab
1137 894 1260 965 ipsa
1303 893 1478 948 etiam
1506 892 1832 964 cupiditatis

155 988 324 1060 specie
354 1002 583 1059 prorsus
619 986 783 1040 vacui
821 988 877 1040 et
905 983 1035 1056 puri
1065 982 1392 1049 existerent,
1424 985 1479 1036 et
1507 981 1654 1036 hanc
1679 980 1830 1035 inte-

154 1074 362 1145 gritatis
391 1075 602 1129 famam
644 1071 1052 1145 dispensationi
1090 1088 1209 1126 suae
1249 1075 1544 1142 tantopere
1569 1085 1830 1125 necessa-

155 1164 286 1217 riam
332 1163 436 1217 sibi
473 1167 763 1217 servarent
792 1161 1157 1216 incolumem.
1188 1161 1264 1214 Ex
1295 1159 1402 1214 hac
1435 1159 1651 1229 regula,
1683 1156 1833 1210 bona

155 1251 412 1306 Honorati
441 1251 512 1305 ad
546 1250 886 1306 Thiavenses
923 1249 1306 1321 pertinebant.
1349 1247 1459 1303 Sed
1488 1251 1554 1302 ut
1599 1261 1665 1301 ea
1693 1245 1833 1300 falsa

154 1341 361 1397 fuisset:
410 1339 684 1411 quoniam
720 1339 874 1394 illius
912 1338 1123 1393 falsitas
1165 1335 1573 1391 Thiavensibus
1604 1334 1834 1389 demon-

156 1429 309 1484 strari
336 1444 450 1482 non
476 1431 717 1498 poterat,
744 1427 919 1482 satius
948 1442 1068 1481 esse
1089 1424 1356 1480 censebat
1377 1421 1749 1494 Augustinus,
1778 1425 1834 1476 et

155 1535 336 1573 eorum
367 1516 687 1571 inﬁrmitati
717 1513 976 1587 obsequi,
1007 1519 1062 1570 et
1079 1513 1408 1568 offensionis
1438 1511 1681 1566 vitanda:
1705 1525 1834 1581 gra-

152 1606 224 1661 tia
250 1605 448 1659 horum
473 1605 759 1659 bonorum
797 1602 1214 1673 possessionem
1253 1601 1363 1655 illis
1391 1599 1610 1655 cedere.
1647 1599 1832 1654 Move-

151 1695 307 1748 batur
330 1693 591 1764 exemplo
629 1690 844 1747 Christi
885 1688 1134 1756 Domini,
1187 1688 1288 1760 qui
1319 1688 1626 1757 tributum,
1657 1702 1690 1740 a
1718 1701 1832 1757 quo

152 1781 264 1853 ipse
297 1781 540 1836 liberum
569 1797 626 1836 se
659 1779 944 1851 professus
974 1782 1079 1844 est,
1118 1793 1243 1832 eam
1274 1776 1346 1831 ob
1371 1791 1599 1830 causam
1627 1773 1836 1845 persol-

152 1871 247 1936 vit;
279 1869 419 1924 sicut
455 1874 512 1924 et
540 1869 712 1940 gestis
739 1866 1018 1939 Apostoli,
1049 1865 1150 1938 qui
1180 1870 1244 1920 ut
1271 1866 1438 1920 fama:
1477 1880 1595 1918 suae
1636 1879 1836 1917 consu-

154 1959 301 2025 leret,
336 1958 395 2012 in
423 1958 548 2030 ipso
581 1956 836 2012 Ecclesiae
861 1957 992 2023 jure
1023 1955 1278 2027 pepercit
1305 1952 1569 2018 inﬁrmis,
1601 1956 1657 2006 et
1686 1951 1836 2005 debi-

155 2052 266 2101 tum
296 2047 643 2118 stipendium
683 2044 992 2117 aliquando
1023 2059 1137 2098 non
1173 2043 1377 2114 exegit.
1411 2040 1680 2107 Quamvis
1720 2042 1834 2094 Au-

154 2135 397 2207 gustinus
415 2134 503 2190 his
520 2134 832 2188 rationibus
853 2133 1125 2187 adductus
1143 2131 1199 2185 id
1213 2146 1552 2202 persuasum
1565 2128 1802 2184 haberet
1821 2147 1836 2194 ;

154 2230 330 2278 tamen
361 2241 432 2279 ne
463 2224 523 2278 in
546 2222 886 2278 sententiam
912 2237 1076 2276 suam
1106 2219 1409 2292 proclivior
1446 2222 1683 2285 erraret,
1719 2233 1837 2271 rem

155 2313 430 2369 Samsucio
462 2313 721 2384 episcopo
753 2309 1020 2365 Turrensi
1050 2309 1332 2379 exposuit,
1375 2307 1542 2379 eique
1572 2307 1630 2361 id
1661 2321 1836 2360 unum

155 2403 354 2473 retulit,
385 2403 542 2474 quod
564 2401 686 2473 ipse
703 2417 832 2454 cum
853 2399 1057 2470 Alypio
1079 2397 1328 2470 primum
1352 2396 1653 2452 statuisset.
1678 2395 1838 2450 Sam-

154 2491 329 2546 sucius
367 2490 428 2545 in
477 2489 809 2545 liberalibus
839 2488 1072 2558 quidem
1118 2486 1324 2542 litteris
1368 2502 1486 2541 non
1529 2485 1838 2540 admodum

153 2580 494 2644 exercitatus,
526 2579 622 2632 sed
653 2594 782 2631 vera
814 2576 926 2631 fide
956 2575 1233 2642 eruditus,
1269 2574 1340 2629 ad
1373 2575 1496 2629 haec
1525 2572 1835 2641 exhorruit,

93 2692 104 2701 -
157 2671 208 2722 et
232 2671 342 2722 tam
370 2667 582 2723 fmdam
605 2683 725 2721 rem
756 2665 1058 2737 cujuslibet
1076 2665 1192 2720 vita
1212 2669 1268 2718 et
1285 2664 1541 2718 moribus
1561 2661 1842 2732 indignis-

155 2755 364 2822 simam,
406 2756 468 2809 in
498 2754 803 2826 Augustini
832 2758 889 2808 et
917 2753 1106 2825 Alypii
1137 2758 1389 2807 mentem
1418 2751 1638 2806 venisse
1670 2750 1842 2805 mira-

153 2848 235 2899 tus
270 2851 369 2900 est.
415 2845 775 2915 Quapropter
803 2843 1175 2914 Augustinus,
1208 2845 1274 2895 ut
1300 2841 1693 2895 hasreditatem
1723 2841 1841 2894 Ho-

153 2934 325 2988 norati
369 2932 779 2989 Thiavensibus
809 2931 1046 2986 omnino
1090 2930 1335 2997 cederet,
1379 2927 1603 2999 scripsit
1643 2927 1714 2982 ad
1744 2942 1842 2982 eos

154 3022 462 3093 epistolam,
495 3037 668 3094 quam
711 3021 782 3076 ad
811 3019 1078 3091 Alypium
1109 3017 1339 3088 direxit,
1371 3033 1578 3088 rogans
1610 3020 1672 3070 ut
1715 3015 1843 3070 sub-

154 3111 411 3183 scriptam
457 3112 528 3166 ad
569 3127 666 3166 eos
710 3109 1142 3182 quamprimum
1185 3107 1618 3163 transmitteret.
1660 3103 1842 3160 Simul

154 3200 230 3254 illi
258 3201 526 3269 rationes,
569 3198 778 3270 quibus
823 3199 893 3252 ad
926 3196 1264 3252 sententiam
1303 3194 1641 3250 mutandam
1670 3194 1841 3248 indu-

153 3292 265 3343 ctus
293 3293 396 3356 est,
429 3288 682 3359 graviter
701 3287 958 3358 exponit.
999 3287 1152 3341 Hanc
1182 3301 1414 3357 quoque
1432 3284 1689 3355 regulam
1715 3284 1844 3338 reti-

153 3377 269 3432 neri
299 3379 436 3444 vult,
471 3379 532 3430 ut
559 3375 840 3446 quidquid
871 3377 1000 3446 jure
1027 3373 1179 3429 civili
1215 3373 1404 3428 clerici
1435 3373 1630 3442 fuerit,
1653 3372 1722 3426 ad
1751 3372 1840 3444 ip-

153 3463 260 3518 sius
288 3463 588 3518 Ecclesiam
625 3462 925 3532 pertineat.
976 3463 1168 3532 Neque
1200 3477 1331 3514 vero
1374 3460 1558 3532 ponit,
1589 3459 1676 3514 vel
1703 3459 1760 3514 id
1789 3459 1844 3514 vi

153 3552 467 3608 donationis
494 3556 661 3606 antea
681 3550 1002 3606 constitutae
1025 3549 1175 3617 ﬁeri;
1197 3550 1285 3604 vel
1310 3550 1662 3604 Honoratum
1682 3547 1844 3620 quid-

153 3657 315 3713 quam
345 3642 414 3697 de
448 3641 618 3696 rebus
647 3639 765 3694 suis
809 3638 1091 3694 statuisse.
1127 3639 1382 3693 Canones
1420 3643 1614 3693 tamen
1643 3636 1842 3693 Antio-

154 3730 309 3786 cheni
337 3731 520 3803 (Cone.
565 3730 818 3785 Antioch.
860 3743 1058 3782 canone
1097 3729 1197 3798 24;
1240 3727 1440 3796 Labbe,
1490 3731 1614 3782 tom.
1656 3729 1710 3793 2,
1739 3743 1839 3796 pp.

153 3822 266 3888 57l,
298 3823 424 3886 580,
465 3823 586 3884 etc.)
635 3822 694 3873 et
743 3817 1137 3888 Hipponenses
1186 3815 1394 3888 (Codice
1424 3816 1623 3872 Canon.
1656 3815 1841 3881 Afric.

149 3924 261 3964 can.
291 3909 381 3981 ~32)
423 3907 769 3979 permittunt
794 3905 1012 3960 clericis
1038 3921 1160 3970 sua,
1198 3903 1409 3975 quibus
1436 3903 1628 3970 velint,
1665 3903 1842 3957 relin-

153 4013 345 4068 quere;
377 4013 484 4051 nec
514 4011 709 4050 eorum
760 3993 1016 4048 Ecclesiis
1059 3992 1352 4061 addicunt,
1384 3991 1493 4045 nisi
1524 4007 1651 4062 quae
1683 3991 1844 4044 cleri-

154 4091 300 4141 catus
321 4085 414 4140 sui
437 4089 695 4154 tempore
716 4081 952 4136 nomine
981 4096 1084 4135 suo
1111 4079 1585 4150 comparaverint.
1612 4079 1846 4134 Videtur

155 4191 311 4245 porro
342 4176 470 4229 haec
509 4171 747 4226 facultas
777 4169 1118 4241 quibusdam
1166 4168 1338 4222 veluti
1378 4166 1643 4221 cancellis
1687 4173 1842 4238 post-

156 4264 380 4318 modum
423 4261 596 4315 fuisse
633 4259 925 4326 restricta;
973 4258 1332 4330 legimusqne
1362 4255 1668 4311 concilium
1711 4257 1842 4311 Car-

154 4352 480 4424 thaginense
500 4349 732 4404 tertium
755 4347 942 4402 idibus
954 4345 1291 4417 septembris
1313 4344 1678 4412 celebratum,
1693 4359 1844 4397 anno

155 4438 710 4512 quadringentesimo
747 4437 957 4509 primo,
987 4436 1142 4507 ipsos
1181 4434 1355 4490 etiam
1385 4432 1678 4505 episcopos
1709 4449 1843 4488 ana-

155 4540 391 4596 themate
422 4543 767 4611 percurtere,
796 4536 896 4604 qui
924 4535 1159 4597 alienos,
1183 4535 1270 4589 vel
1301 4533 1470 4589 etiam
1503 4533 1843 4604 consangui-

153 4644 280 4684 neos
310 4645 447 4683 suos
495 4627 738 4699 gentiles
787 4630 884 4680 aut
919 4624 1218 4680 haereticos
1259 4622 1520 4678 Ecclesiae
1567 4621 1845 4692 praetulis-

154 4717 487 4787 sent(lbid.,
533 4732 654 4771 can.
687 4713 796 4786 8t).
834 4716 1043 4768 Forsan
1084 4728 1314 4784 quoque
1353 4711 1650 4766 decretum
1690 4709 1844 4764 istud

152 4806 207 4861 in
241 4805 654 4878 posterioribus
676 4803 926 4859 conciliis
950 4802 1365 4874 amplilicatum
1394 4803 1498 4867 est,
1526 4803 1582 4854 et
1602 4799 1843 4869 alicujus

153 4894 498 4967 imperatorii
537 4892 704 4948 edicti
741 4890 1073 4946 auctoritate
1115 4890 1466 4944 roboratum.
1511 4887 1672 4952 Quod
1708 4901 1842 4941 vero

152 4989 396 5056 speraret
415 4983 674 5055 Alypius,
689 4980 1071 5052 Augustinum
1089 4977 1388 5035 dimidiam
1405 4980 1647 5049 partem,
1670 4991 1844 5047 quam

150 5072 552 5128 Thiavensibus
583 5070 818 5126 concedi
856 5069 1098 5135 volebat,
1131 5065 1478 5122 monasterio
1507 5062 1844 5136 Tagastensi

155 5162 594 5232 persoluturum,
643 5163 882 5214 testatur
914 5155 1290 5229 Augustinus,
1324 5155 1488 5210 modo
1526 5153 1583 5209 id
1610 5152 1846 5224 Alypius

150 5250 357 5319 justum
403 5266 526 5305 esse
574 5248 792 5320 liquido
831 5246 1154 5320 perspiciat,
1206 5261 1323 5300 non
1367 5244 1578 5300 abuere
1627 5259 1714 5310 se;
1746 5241 1846 5296 sed

155 5354 274 5394 cum
301 5337 566 5394 habuerit
591 5335 962 5401 redditurum,
997 5335 1054 5389 id
1086 5336 1188 5401 est,
1221 5349 1350 5388 cum
1376 5336 1535 5387 tanta
1563 5331 1670 5386 sibi
1699 5331 1846 5385 elee-

156 5441 384 5499 mosyna
413 5425 732 5495 obvenerit,
763 5429 828 5480 ut
872 5423 1006 5478 hinc
1051 5439 1117 5477 ea
1160 5437 1387 5477 summa
1417 5421 1692 5489 detracta,
1730 5435 1847 5474 non

156 5515 336 5572 minor
355 5532 532 5589 quam
554 5513 789 5588 aequalis
806 5528 939 5585 pars
965 5527 1071 5584 pro
1097 5526 1338 5567 numero
1349 5509 1594 5566 fratrum
1623 5508 1697 5565 ad
1717 5507 1847 5580 Bip-

155 5617 398 5671 ponense
437 5601 852 5663 monasterium
895 5599 1214 5675 perveniat.
1259 5599 1636 5668 Quandonam
1672 5613 1845 5671 porro

1603 328 1816 385 LIBER
1871 327 2203 397 QUARTUS

3540 332 3644 386 230

1944 449 2246 522 contigerit
2286 454 2405 506 tota
2442 449 2564 504 haec
2609 449 2994 505 controversia
3024 452 3225 521 (Epist.
3271 451 3382 524 83),
3410 451 3641 524 ignora-

1945 555 2090 596 mus.
2124 540 2186 594 ld
2219 555 2397 594 unum
2427 539 2628 611 liquet,
2657 537 3014 594 Samsucium
3044 539 3422 611 episcopalem
3450 542 3641 597 sedem

1943 628 2194 684 tenuisse
2245 627 2410 683 initio
2456 629 2815 700 episcopatus
2856 627 3182 699 Augustini,
3228 645 3416 700 neque
3459 630 3527 684 de
3574 647 3641 686 eo

1945 718 2256 790 quidquam
2285 717 2589 789 comperiri
2619 722 2747 790 post
2768 733 2981 772 annum
3010 717 3640 791 quadringentesimum

1944 806 2272 877 septimum.

2014 899 2065 949 ὅ.
2106 891 2374 959 Quamvis
2400 893 2545 966 ipse,
2576 909 2707 948 cum
2734 893 2992 949 animum
3025 894 3093 948 ab
3119 894 3278 948 omni
3307 894 3641 966 cupiditate,

1943 984 2088 1038 etab
2110 984 2439 1055 importuno
2459 982 2824 1055 negotiorum
2842 984 3098 1038 tumultu
3120 983 3366 1038 maxime
3390 984 3640 1038 alienum

1943 1077 2184 1144 gereret,
2215 1088 2515 1145 nunquam
2553 1072 2810 1140 domum,
2845 1089 3067 1144 agrum,
3102 1077 3200 1126 aut
3227 1071 3421 1126 villam
3451 1089 3642 1128 emere

1945 1161 2185 1217 voluerit
2233 1161 2490 1232 (Possid.,
2536 1164 2595 1216 in
2650 1163 2780 1219 Vita
2829 1162 3088 1229 August,
3137 1177 3183 1216 c.
3243 1163 3382 1232 2i);
3415 1162 3641 1216 cuidam

1942 1253 2135 1306 tamen
2175 1265 2205 1306 e
2247 1250 2465 1305 clericis
2497 1250 2613 1305 suis
2651 1255 2940 1305 auctorem
2983 1267 3041 1305 se
3087 1249 3261 1304 fuisse
3301 1254 3544 1306 testatur
3571 1251 3642 1305 ad

1942 1339 2358 1410 possessionem
2396 1339 2648 1412 aliquam
2690 1339 2749 1394 in
2790 1338 3045 1394 Ecclesia:
3083 1339 3452 1394 commodum
3489 1355 3644 1394 com-

1941 1429 2299 1499 parandam:
2347 1428 2448 1482 sed
2493 1444 2561 1482 eo
2608 1432 2802 1482 tamen
2846 1427 3104 1494 consilio,
3148 1431 3209 1482 ut
3252 1427 3297 1481 si
3345 1428 3538 1483 forsan
3582 1429 3644 1482 in

1941 1517 2124 1588 gradu
2154 1533 2272 1572 non
2302 1517 2652 1589 persisteret,
2683 1533 2784 1571 sua
2813 1517 2863 1570 ei
2890 1516 3168 1588 possessio
3199 1516 3554 1586 redderetur,
3579 1521 3649 1572 ut

1943 1604 2051 1676 ipsi
2073 1605 2308 1677 ejusque
2329 1604 2769 1676 consanguineis
2791 1604 2977 1660 omnis
2999 1604 3398 1675 expostulandi
3421 1605 3648 1660 tollere-

1942 1698 2038 1748 tur
2081 1695 2296 1750 occasio
2335 1697 2522 1766 (Serm.
2567 1697 2690 1761 356,
2737 1709 2795 1750 n.
2838 1695 2912 1764 7).
2962 1694 3340 1761 Fabricarum,
3388 1694 3466 1749 ait
3511 1696 3650 1750 Pos-

1945 1782 2140 1850 sidius,
2169 1799 2432 1838 nova-rum
2467 1798 2742 1851 nunquam
2779 1783 3022 1836 studium
3058 1782 3269 1848 habuit,
3303 1783 3550 1837 devitans
3589 1785 3648 1839 in

1945 1875 2021 1927 eis
2059 1874 2479 1942 implicationem
2516 1874 2604 1926 sui
2639 1873 2831 1936 animi,
2863 1885 3019 1938 quem
3056 1885 3262 1939 semper
3292 1870 3517 1925 liberum
3545 1872 3648 1926 ha-

1947 1962 2064 2015 bere
2091 1961 2299 2015 volebat
2326 1961 2394 2014 ab
2422 1963 2567 2014 omni
2586 1961 2828 2014 molestia
2856 1959 3140 2028 temporali
3166 1975 3178 2013 :
3211 1974 3317 2013 non
3347 1964 3522 2016 tamen
3549 1963 3649 2017 illa

1945 2050 2194 2114 volentes,
2227 2052 2277 2101 et
2312 2048 2636 2117 aediﬁcantes
2675 2047 3017 2116 prohibebat,
3050 2049 3161 2101 nisi
3201 2052 3410 2103 tantum
3453 2051 3649 2106 immo-

1945 2137 2158 2191 deratos
2207 2135 2458 2207 (Possid.,
2497 2137 2556 2190 in
2608 2137 2734 2191 Vita
2781 2135 3042 2205 August.,
3073 2152 3118 2190 c.
3171 2136 3279 2207 34).
3336 2137 3648 2208 Leporium

1948 2225 2344 2297 presbyterum
2383 2228 2709 2279 construere
2743 2223 2914 2295 jussit
2951 2225 3370 2281 xenodochium
3410 2227 3652 2298 pecunia

1949 2313 2206 2368 Ecclesiae
2243 2312 2303 2367 in
2331 2313 2486 2367 hunc
2527 2312 2702 2367 finem
2738 2313 2962 2368 collata.
2997 2313 3261 2384 Ejusdem
3299 2316 3476 2370 sancti
3505 2317 3653 2370 Pras-

1949 2402 2084 2457 sulis
2107 2401 2269 2473 jussu
2297 2401 2567 2473 Leporius
2591 2401 2775 2457 adhuc
2799 2401 3091 2456 basilicam
3120 2401 3192 2456 ad
3219 2402 3354 2458 Octo
3382 2405 3652 2476 Martyres

1951 2490 2178 2546 residua
2204 2490 2448 2561 pecunia
2491 2489 2793 2545 aediﬁcavit
2820 2490 3016 2560 (Serm.
3064 2493 3187 2559 356,
3218 2507 3274 2546 π.
3326 2491 3430 2563 l0).
3485 2494 3653 2548 Hera-

1950 2580 2114 2650 clius,
2143 2579 2244 2652 qui
2271 2579 2344 2634 ad
2369 2596 2658 2635 summum
2688 2578 2957 2634 diaconus
2977 2583 3119 2647 erat,
3149 2580 3490 2636 memoriam
3519 2597 3650 2635 san-

1950 2670 2027 2725 cti
2083 2668 2347 2740 martyris
2399 2668 2696 2741 Stephani,
2751 2671 2815 2722 ut
2862 2667 3104 2736 videtur,
3162 2668 3279 2723 suis
3330 2669 3652 2741 sumptibus

1951 2757 2128 2813 erexit
2154 2757 2343 2829 (Ibid,
2370 2773 2426 2811 η.
2458 2759 2533 2827 7).
2570 2756 2886 2812 Verisimile
2928 2762 3013 2813 est
3040 2757 3348 2828 Augustini
3378 2758 3651 2830 tempori-

1949 2847 2056 2902 bus
2098 2848 2386 2902 conditam
2431 2847 2605 2902 fuisse
2653 2846 2994 2901 memoriam
3043 2845 3280 2901 Protasii
3319 2850 3376 2900 et
3403 2845 3654 2901 Gervasii

1951 2940 2289 3008 martyrum,
2319 2935 2380 2989 in
2411 2951 2524 3007 qua
2555 2951 2880 2989 sermonem
2910 2934 3002 2989 die
3033 2932 3419 2989 anniversario
3449 2949 3650 2988 eorum

1951 3025 2104 3096 apud
2130 3024 2505 3080 Mediolanum
2527 3021 2872 3077 inventionis
2901 3021 3103 3076 habuit
3123 3020 3314 3092 (Serm.
3337 3023 3462 3090 286,
3493 3037 3547 3076 η.
3570 3019 3651 3092 4),

1951 3129 2070 3170 non
2107 3113 2230 3186 ipso
2269 3112 2463 3181 natali,
2494 3117 2554 3168 ut
2592 3111 2654 3167 in
2685 3110 2970 3166 veteribus
2999 3109 3157 3165 libris
3190 3111 3644 3181 prtenotabatur.

1955 3202 2085 3256 Erat
2111 3205 2168 3256 et
2199 3201 2310 3256 alia
2355 3201 2634 3256 memoria
2672 3201 3010 3256 eorumdem
3057 3205 3377 3271 martyrum
3417 3199 3479 3254 in
3521 3200 3653 3254 villa

1954 3291 2278 3346 Victoriana
2313 3290 2570 3346 dioecesis
2614 3289 2994 3361 Hipponensis
3027 3305 3040 3345 :
3071 3289 3170 3345 sed
3205 3288 3305 3344 illa
3333 3289 3528 3344 decem
3558 3293 3656 3343 aut

1953 3379 2254 3435 duodecim
2287 3378 2461 3434 leucis
2501 3380 2571 3436 ab
2613 3379 2754 3435 urbe
2792 3379 2988 3435 aberat
3015 3379 3108 3451 (De
3139 3379 3369 3436 Civitate
3396 3379 3509 3447 Dei,
3545 3378 3646 3434 lib.

1952 3471 2043 3540 22,
2074 3484 2194 3540 cap.
2225 3471 2276 3538 8,
2301 3485 2358 3526 η.
2391 3470 2466 3535 7).

2629 3557 2852 3612 CAPUT
2892 3557 2980 3612 IV.

1957 3648 1977 3700 ί
2021 3645 2378 3702 Sublevandis
2407 3646 2739 3716 pauperibus
2769 3645 3023 3702 intendit.
3051 3647 3085 3699 2
3120 3645 3184 3700 In
3210 3646 3450 3712 gratiam
3477 3645 3662 3700 Fascii

2022 3750 2126 3790 aere
2148 3736 2322 3789 alieno
2343 3736 2520 3803 pressi
2547 3733 2735 3789 scribit
2764 3733 2840 3787 ad
2861 3733 3069 3802 plebem
3097 3734 3511 3802 Hipponensem.
3540 3735 3570 3789 3
3592 3733 3657 3788 In

2024 3823 2476 3878 commendatione
2515 3837 2615 3876 sua
2659 3826 2709 3875 et
2756 3823 3133 3876 intercessione
3175 3820 3326 3889 apud
3364 3823 3656 3876 Potestates

2025 3910 2149 3964 aliis
2185 3909 2502 3982 praestanda
2539 3908 2770 3963 modeste
2806 3923 2862 3962 se
2893 3911 3052 3977 gerit.
3082 3909 3116 3963 4
3154 3909 3218 3963 In
3255 3911 3655 3964 rusticanorum

2025 4000 2264 4066 gratiam
2287 3997 2478 4053 scribit
2504 3997 2580 4052 ad
2608 3997 2910 4053 Romulum.

2029 4090 2082 4142 1.
2134 4087 2223 4142 Nil
2253 4103 2395 4158 opus
2426 4090 2510 4141 est
2539 4085 2903 4153 testimoniis,
2934 4089 3000 4140 ut
3026 4085 3391 4140 ostendamus
3419 4084 3480 4140 in
3511 4101 3654 4157 quos

1956 4188 2090 4227 usus
2143 4172 2496 4244 Augustinus
2544 4171 2798 4227 Ecclesiae
2853 4188 2971 4227 suae
3014 4171 3228 4226 reditus
3276 4172 3653 4244 impenderet.

1955 4261 2390 4318 Observabimus
2433 4265 2645 4328 tamen,
2695 4276 2828 4315 eum
2866 4259 3132 4327 scribere,
3165 4259 3320 4331 quod
3357 4275 3387 4315 e
3429 4261 3655 4316 Piniani

1956 4350 2332 4422 eleemosynis
2391 4349 2718 4422 accepisset,
2766 4365 3032 4421 erogasse
3078 4365 3159 4417 se,
3212 4353 3276 4404 ut
3330 4349 3654 4420 placuerat;

1954 4445 2117 4510 parte
2164 4440 2395 4511 quidem
2440 4438 2659 4494 clericis
2711 4438 3021 4501 monachis,
3067 4442 3123 4492 et
3169 4437 3523 4510 paucissimis
3570 4438 3655 4493 in-

1955 4528 2277 4600 digentibus
2305 4532 2461 4582 extra
2506 4527 2922 4583 monasterium
2967 4526 3319 4582 contulisse:
3367 4543 3542 4598 penes
3592 4543 3652 4581 se

1955 4617 2248 4672 residuum
2279 4632 2419 4682 esse,
2455 4616 2605 4688 quod
2628 4615 2753 4687 pari
2782 4615 2950 4669 modo
2979 4614 3050 4668 sit
3076 4617 3411 4685 erogaturus
3443 4616 3642 4685 (Epist.

1960 4708 2077 4771 126,
2109 4721 2168 4760 η.
2201 4705 2274 4775 8).
2311 4706 2418 4759 Hos
2462 4721 2606 4758 unos
2645 4702 2998 4759 oblationum
3047 4701 3304 4758 Ecclesiae
3346 4703 3653 4775 participes

1954 4793 2214 4849 faciebat.
2258 4792 2512 4847 Diximus
2540 4791 2822 4863 superius,
2854 4792 3073 4846 nullam
3112 4807 3245 4846 eum
3292 4791 3440 4863 apud
3474 4807 3532 4847 se
3561 4808 3654 4864 pe-

1955 4881 2183 4937 cuniam
2208 4879 2474 4935 habuisse
2504 4880 2828 4951 sepositam.
2854 4881 2974 4937 Non
2998 4884 3076 4935 est
3097 4881 3238 4934 enim
3261 4881 3517 4950 episcopi,
3549 4879 3649 4946 ait,

1955 4987 2171 5028 servare
2209 4985 2421 5036 aurum,
2456 4974 2507 5024 et
2548 4985 2797 5025 revocare
2833 4985 2868 5024 a
2914 4984 2969 5024 se
3013 4969 3371 5025 mendicantis
3411 4985 3650 5025 manum.

1956 5061 2203 5129 Quotidie
2227 5064 2338 5114 tam
2364 5060 2526 5115 multi
2545 5063 2756 5130 petunt,
2779 5063 2891 5114 tam
2914 5060 3074 5114 multi
3092 5063 3329 5127 gemunt,
3359 5063 3469 5113 tam
3493 5059 3654 5112 multi

1954 5167 2050 5206 nos
2082 5153 2266 5220 inopes
2304 5150 2680 5219 interpellant;
2723 5153 2784 5203 ut
2815 5149 3002 5218 plures
3044 5150 3222 5205 tristes
3259 5149 3647 5220 relinquamus,

1956 5241 2088 5309 quia
2123 5237 2267 5308 quod
2286 5239 2554 5308 possimus
2588 5236 2722 5292 dare
2749 5237 3015 5304 omnibus,
3045 5253 3150 5292 non
3187 5235 3439 5290 habemus
3471 5233 3645 5304 (Serm.

1958 5332 2079 5392 355.
2112 5345 2166 5384 η.
2201 5332 2274 5393 5).
2308 5329 2631 5399 Pauperum
2661 5343 2885 5398 semper
2913 5341 3137 5381 memor
3164 5328 3304 5390 erat,
3333 5323 3527 5392 eisque
3556 5321 3652 5376 in-

1956 5419 2024 5474 de
2053 5417 2340 5489 erogabat,
2372 5416 2526 5472 unde
2555 5421 2613 5471 et
2641 5415 2748 5471 sibi
2774 5415 3003 5488 suisque
3034 5412 3297 5468 omnibus
3327 5425 3520 5465 secum
3547 5411 3650 5466 ha-

1955 5506 2265 5563 bitantibus
2298 5505 2665 5578 erogabatur;
2705 5505 2814 5560 hoc
2843 5507 2946 5568 est,
2987 5502 3076 5557 vel
3116 5515 3184 5556 ex
3210 5497 3491 5554 reditibus
3517 5515 3654 5571 pos-

1957 5595 2272 5653 sessionum
2313 5593 2588 5658 Ecclesiae,
2619 5593 2707 5650 vel
2755 5591 2929 5649 etiam
2975 5605 3045 5646 ex
3091 5586 3482 5645 oblationibus
3511 5588 3652 5646 lide-
