4060 6352
415 299 509 352 231

414 421 579 477 lium.
612 419 752 473 Dum
782 411 1031 470 Ecclesia
1053 408 1285 480 pecunia
1313 403 1580 476 deﬁceret,
1605 401 1701 456 hoc
1725 403 1907 470 ipsum
1920 396 2122 468 populo

417 509 729 566 Christiano
748 499 1128 565 denuntiabat,
1158 511 1264 550 non
1293 510 1348 550 se
1364 493 1561 548 habere
1582 490 1725 562 quod
1755 485 2124 555 indigentibus

417 599 660 665 erogaret
693 590 948 664 (Possid.,
977 591 1038 642 in
1072 589 1201 644 Vita
1228 586 1491 652 August.,
1523 597 1571 636 c.
1604 581 1715 651 24).
1761 577 1907 633 Illud
1932 576 2127 665 ipsum

345 717 358 732 κ
420 663 604 742 facere
634 663 858 736 videtur
881 678 941 732 in
983 689 1244 730 sermone
1283 687 1456 744 quem
1488 667 1690 724 habuit
1721 666 1779 721 in
1811 663 2129 720 anniversa-

419 773 505 829 rio
555 767 894 844 episcopalis
941 760 1321 820 ordinationis
1377 777 1494 814 sua:
1546 760 1733 824 (Serm.
1778 757 1902 820 339,
1942 769 1994 807 n.

419 836 910 918 Gratulaturelibi
933 851 1088 925 plebi
1115 867 1254 918 suae,
1285 865 1415 922 quae
1440 847 1677 902 curabat
1701 848 1764 899 ut
1787 859 1859 898 ne
1889 841 2009 912 ipse
2034 836 2132 892 ali-

419 952 582 1022 cujus
611 948 697 1003 rei
735 945 1044 1016 indigeret,
1077 946 1136 995 et
1163 940 1474 995 fraternam
1513 934 1782 990 fratribus
1813 928 2130 986 misericor-

420 1016 587 1111 diam
608 1035 912 1092 exhibebat
957 1033 1157 1104 (Epist.
1197 1031 1322 1094 268,
1370 1043 1427 1082 n.
1465 1027 1532 1096 l).
1575 1023 1682 1089 Qui
1725 1026 1917 1111 tamen
1956 1016 2136 1073 Eccle-

419 1130 519 1184 sia":
539 1110 756 1182 reditus
786 1119 1286 1184 administrabant,
1313 1119 1571 1170 mutuam
1598 1110 1940 1183 quandoque
1962 1122 2137 1178 pecu-

422 1218 579 1272 niam
607 1229 854 1277 sumere,
887 1215 945 1265 et
988 1225 1066 1264 ms
1111 1207 1364 1262 alienum
1405 1202 1740 1258 contrahere
1787 1197 2140 1267 cogebantur

419 1307 612 1378 (Serm.
648 1305 774 1370 356,
822 1317 878 1356 η.
917 1299 1029 1367 15).
1072 1298 1574 1368 Supervacaneum
1619 1291 1765 1345 esset
1808 1287 2015 1342 seriem
2062 1283 2142 1338 lo.

425 1409 626 1451 corum
656 1396 927 1457 attexere,
952 1387 1011 1442 in
1039 1386 1249 1458 quibus
1281 1383 1560 1454 populum
1593 1380 1659 1435 ad
1694 1378 1900 1449 stipem
1931 1389 2144 1446 paupe-

425 1485 587 1540 ribus
627 1479 974 1551 erogandam
1012 1476 1364 1531 cohortatur.
1407 1474 1673 1527 Annuam
1715 1465 2140 1522 vestiendorum

424 1569 824 1644 indigentium
855 1563 1326 1622 consuetudinem
1366 1561 1426 1616 in
1456 1559 1669 1632 populo
1714 1574 1815 1611 suo
1855 1551 2148 1610 constituit

429 1642 624 1736 (Epist.
681 1664 803 1727 I22,
834 1674 890 1713 n.
939 1656 1049 1728 2):
1107 1655 1177 1710 de
1219 1669 1334 1725 quo
1384 1666 1547 1705 more
1600 1647 1855 1720 loquitur
1896 1642 2148 1736 quo-dam

427 1730 713 1816 sermone,
747 1753 804 1802 et
832 1747 953 1816 ejus
983 1741 1445 1798 exhortationem
1477 1736 1706 1811 publica
1735 1733 1948 1790 laetitiae
1978 1730 2146 1802 signi-

428 1839 692 1896 ﬁcatione
732 1835 979 1908 populus
1010 1829 1230 1902 excepit
1261 1831 1454 1900 (Serm.
1507 1831 1563 1897 2,
1593 1843 1647 1881 n.
1697 1825 1776 1896 8).
1828 1825 1904 1878 Eo
1955 1826 2146 1875 tamen

431 1929 666 1983 absente
696 1921 1048 1980 consuetudo
1087 1919 1194 1974 ista
1225 1918 1400 1973 semel
1433 1914 1758 1970 intermissa
1797 1916 1900 1966 est.
1937 1911 2147 1964 Verum

431 2017 673 2072 subinde
699 2030 804 2086 per
825 2013 1065 2078 litteras,
1099 2024 1241 2081 quas
1270 2007 1420 2062 clero
1447 2021 1550 2058 suo
1583 2007 1639 2059 et
1670 1997 2026 2072 Hipponensi
2047 2014 2148 2068 po-

431 2108 568 2180 pulo
603 2103 848 2174 scripsit,
882 2102 1029 2156 hanc
1069 2096 1416 2152 oblivionem
1459 2090 1857 2164 reprehendit.
1899 2090 1964 2144 Et
2009 2104 2151 2159 quo_

433 2177 591 2252 niam
621 2192 950 2249 calamitosa
979 2194 1116 2244 tunc
1142 2189 1306 2241 erant
1333 2189 1616 2254 tempora,
1647 2180 1874 2252 quibus,
1905 2181 1966 2232 ut
1996 2177 2152 2231 vide-

433 2289 546 2350 tur,
578 2281 788 2338 Alarici
815 2279 876 2334 in
893 2277 1144 2333 Africam
1169 2273 1412 2345 irruptio
1436 2269 1821 2336 metuebatur,
1855 2269 2052 2321 monet
2080 2281 2147 2318 eo

436 2372 619 2444 magis
665 2369 862 2425 ﬁdeles
918 2367 988 2421 ad
1019 2360 1307 2435 'inopiam
1361 2375 1684 2433 pauperum
1741 2354 2149 2412 sublevandam

453 2459 731 2531 abstringi
763 2458 959 2529 (Epist.
990 2455 1134 2525 122).

519 2554 574 2607 2.
619 2548 976 2605 Christianus
1025 2542 1260 2615 quidam
1307 2538 1620 2595 catholicus
1677 2533 1891 2602 (Fascio
1943 2546 2155 2587 nomen

440 2641 566 2711 fuit)
598 2655 729 2694 cum
772 2653 805 2692 a
847 2633 1226 2690 creditoribus
1275 2630 1391 2684 suis
1435 2628 1506 2683 ob
1553 2625 1813 2682 debitum
1851 2623 2048 2678 decem
2091 2626 2149 2676 et

442 2709 661 2801 septem
705 2725 1022 2782 solidorum
1060 2724 1388 2792 urgeretur,
1418 2733 1524 2772 nec
1566 2713 1837 2769 solvendo
1885 2714 2052 2780 esset,
2083 2709 2153 2764 ad

443 2795 694 2869 ecclesiae
737 2809 1037 2874 auxilium,
1063 2823 1135 2861 ne
1175 2804 1235 2859 in
1269 2798 1489 2858 vincula
1536 2803 1856 2872 raperetur,
1889 2795 2153 2851 convola-

448 2903 540 2959 vit.
573 2899 925 2958 Theodosius
965 2899 1255 2967 Augustus
1285 2909 1435 2947 anno
1473 2887 1869 2946 trecentesimo
1908 2899 2157 2954 nonage-

443 2993 589 3047 simo
620 2990 864 3063 septimo
911 2985 1187 3050 edixerat,
1219 2982 1342 3037 ﬁsci
1383 2980 1686 3046 debitores,
1728 2976 1829 3048 qui
1869 2975 1942 3029 ad
1984 2973 2156 3026 eccle-

444 3082 588 3136 siam
638 3077 1043 3148 confugissent,
1087 3072 1223 3128 inde
1270 3068 1664 3134 extrahendos,
1696 3071 1798 3121 aut
1839 3063 2152 3135 episcopos,

445 3188 478 3227 a
504 3170 717 3242 quibus
759 3166 1203 3228 occultarentur,
1255 3176 1331 3214 ass
1371 3159 1646 3223 alienum,
1678 3171 1791 3227 quo
1841 3153 1928 3206 illi
1970 3153 2159 3205 essent

446 3237 722 3324 obstricti,
755 3255 1147 3311 dissoluturos.
1185 3249 1370 3313 Quam
1399 3247 1586 3317 legem
1618 3245 1686 3299 ad
1714 3241 1938 3314 privata
1966 3237 2158 3294 debita

449 3345 779 3403 extenderat
821 3339 1098 3397 Arcadius
1139 3353 1292 3392 anno
1334 3333 1733 3390 trecentesimo
1782 3326 2156 3400 nonagesimo

449 3440 666 3492 octavo.
711 3432 894 3503 Igitur
937 3429 1052 3483 sive
1098 3427 1327 3481 illarum
1380 3424 1573 3495 legum
1628 3419 1986 3481 auctoritate,
2043 3417 2157 3470 sive

449 3524 628 3597 ipsius
673 3537 860 3576 causas
909 3516 1177 3589 aequitate
1227 3512 1359 3569 freti
1408 3511 1715 3566 creditores
1771 3505 1970 3573 Fascii,
2027 3519 2160 3559 cum

448 3593 734 3685 proﬁcisci
777 3610 1132 3679 cogerentur,
1165 3608 1222 3658 et
1266 3603 1372 3658 hac
1402 3601 1471 3656 de
1520 3615 1691 3654 causa
1731 3594 2064 3652 dilationem
2107 3593 2160 3647 ei

452 3703 586 3759 dare
617 3717 736 3756 non
761 3700 1015 3770 possent,
1048 3709 1179 3748 cum
1217 3692 1342 3764 ipso
1375 3688 1695 3761 Augustino
1733 3701 1800 3741 ea
1829 3685 1898 3740 de
1933 3700 1994 3738 re
2022 3697 2159 3736 con-

452 3790 638 3864 questi
680 3789 1046 3844 vehementer
1092 3782 1487 3846 iustituerunt,
1519 3781 1586 3833 ut
1614 3781 1713 3832 aut
1752 3774 2008 3830 Fascium
2054 3770 2162 3826 sibi

452 3860 720 3944 traderet,
750 3881 850 3931 aut
881 3876 999 3947 ipse
1030 3871 1358 3944 provideret
1384 3867 1539 3923 unde
1575 3864 1750 3921 Fascii
1775 3863 2032 3919 debitum
2057 3860 2164 3914 sol-

453 3975 701 4024 veretur.
735 3965 952 4022 Obtulit
995 3961 1184 4016 Fascio
1230 3957 1607 4030 Augustinus,
1637 3957 1703 4010 ut
1747 3953 1817 4008 de
1859 3951 2038 4024 ipsius
2068 3966 2164 4006 nc-

456 4059 612 4131 gotio
643 4057 716 4112 ad
744 4053 1024 4126 populum
1052 4050 1292 4114 diceret;
1323 4045 1424 4101 sed
1458 4045 1555 4100 ille
1597 4042 1818 4114 pudore
1861 4039 2164 4095 deterritus

455 4129 716 4202 sanctum
744 4141 1074 4215 praesulem,
1104 4154 1178 4192 ne
1205 4137 1436 4203 faceret,
1466 4133 1803 4202 deprecatus
1832 4133 1934 4185 est.
1967 4129 2166 4198 Itaque

457 4250 588 4289 cum
619 4233 732 4286 alia
761 4231 882 4300 ejus
913 4223 1222 4297 adjuvandi
1249 4221 1397 4276 ratio
1419 4237 1536 4275 non
1565 4222 1915 4290 suppeteret,
1942 4220 2166 4271 mutuos

459 4327 492 4377 ὸ.
539 4318 867 4377 Macedonio
898 4317 1094 4370 decem
1134 4317 1188 4366 et
1239 4314 1460 4381 septem
1506 4307 1717 4362 solidos
1759 4305 1994 4376 accepit,
2027 4321 2168 4376 quos

459 4409 640 4466 Fascii
684 4404 1059 4463 creditoribus
1105 4399 1279 4456 dedit.
1315 4398 1414 4452 Hic
1461 4395 1709 4450 vicissim
1747 4394 1895 4448 hanc
1925 4393 1977 4448 ei
2007 4408 2167 4448 sum-

461 4516 616 4555 mam
631 4497 700 4552 ad
716 4499 935 4551 certum
954 4492 1106 4547 diem
1130 4487 1491 4544 redditurum
1509 4501 1565 4539 se
1579 4483 1864 4556 pollicitus
1881 4486 1990 4548 est;
2017 4481 2170 4552 quod

460 4589 574 4645 nisi
594 4587 912 4659 praestaret,
935 4580 1110 4636 verba
1129 4579 1236 4634 hac
1258 4577 1327 4632 de
1355 4592 1415 4630 re
1435 4575 1508 4629 ad
1524 4574 1800 4645 populum
1821 4570 2018 4626 haberi
2043 4587 2172 4625 con-

462 4677 655 4733 sensit.
684 4674 771 4730 Ad
801 4670 1177 4728 constitutam
1199 4672 1394 4723 tamen
1421 4663 1573 4720 diem
1604 4678 1720 4717 non
1739 4659 1897 4716 venit
1915 4659 2169 4727 Fascius;

462 4782 577 4838 qua
598 4764 666 4819 de
688 4780 747 4818 re
763 4761 898 4834 quia
917 4757 1299 4815 commonitus
1309 4771 1428 4811 non
1445 4753 1554 4809 fuit
1570 4750 1948 4824 Augustinus,
1966 4754 2030 4804 ut
2050 4749 2172 4820 ipso

466 4837 558 4910 die
588 4855 968 4917 Pentecostes,
1003 4865 1116 4921 quo
1153 4847 1346 4902 aderat
1376 4843 1558 4915 major
1595 4840 1795 4914 populi
1829 4837 2172 4910 frequentia,

464 4957 787 4998 sermonem
820 4939 951 4994 inde
980 4939 1211 5003 faceret,
1245 4939 1416 5006 atque
1455 4948 1588 4987 mox
1617 4929 1814 4986 itineri
1844 4945 1902 4982 se
1935 4927 2174 4983 commi-

466 5032 569 5098 sit;
587 5031 716 5086 ideo
739 5030 935 5096 eloco,
957 5027 1018 5081 in
1041 5042 1154 5098 quo
1177 5029 1312 5079 tunc
1331 5020 1684 5086 versabatur,
1711 5018 1941 5089 plebem
1961 5016 2178 5088 Hippo-

465 5135 705 5190 nensem
727 5134 830 5190 per
850 5116 1070 5170 litteras
1089 5111 1330 5184 rogavit,
1355 5115 1420 5164 ut
1434 5110 1580 5164 hanc
1597 5123 1902 5176 summam,
1920 5122 2038 5160 non
2058 5110 2178 5161 tam

469 5210 748 5274 Fascium,
781 5221 954 5278 quam
994 5203 1166 5258 ﬁdem
1206 5216 1320 5272 qua
1349 5198 1472 5269 ipse
1505 5213 1563 5250 se
1594 5195 1974 5250 obstrinxerat
1999 5195 2177 5250 Mace-

467 5299 662 5366 donio,
689 5298 998 5352 liberatura
1018 5292 1394 5360 eleemosynze
1424 5284 1660 5340 nomine
1682 5283 1990 5339 conferret.
2037 5283 2181 5339 Scri-

469 5388 587 5460 psit
613 5386 784 5442 simul
811 5383 882 5440 ad
911 5383 1129 5436 clerum
1162 5392 1350 5439 suum,
1383 5378 1449 5429 ut
1478 5373 1524 5428 si
1555 5372 1759 5427 collata
1783 5387 1817 5426 a
1844 5373 2059 5444 populo
2084 5388 2181 5444 pe-

471 5459 644 5531 cunia
693 5492 812 5530 non
871 5471 1179 5536 sufﬁceret,
1237 5482 1306 5520 ex
1357 5461 1608 5519 ecclesias
1660 5459 1829 5515 bonis
1887 5460 2181 5517 residuum

471 5565 883 5638 compleretur.
917 5558 1158 5617 Malebat
1180 5559 1374 5612 tamen
1399 5553 1547 5608 hanc
1573 5565 1858 5606 summam
1883 5565 1951 5608 ex
1979 5549 2182 5624 populi

1632 276 1805 332 VlTA
1865 273 1920 328 S.
1992 268 2375 328 AUGUSTINI
2432 265 2768 324 EPISCOPI.

2233 391 2316 447 sui
2351 392 2446 464 pia
2477 389 2817 445 liberalitate
2846 386 3211 457 depromere,
3240 385 3306 438 ut
3335 386 3481 438 esset
3509 381 3693 438 veluti
3721 382 3945 438 fructus

2234 486 2393 537 ortus
2415 497 2445 536 e
2465 478 2788 535 coelestibus
2815 474 3044 547 pluviis,
3067 472 3276 544 quibus
3303 487 3429 526 eam
3460 473 3609 526 Deus
3630 487 3736 542 per
3763 469 3947 541 ipsius

2236 569 2617 626 ministerium
2642 566 2857 638 jugiter
2881 563 3158 636 irrigabat
3189 563 3387 632 (Epist.
3417 559 3570 632 268).
3606 561 3778 614 Notat
3809 560 3947 613 Pos-

2236 661 2432 727 sidius,
2461 657 2614 712 illius
2641 671 2778 726 erga
2806 653 3046 709 miseros
3084 650 3358 723 pietatem
3388 665 3455 704 eo
3485 647 3659 703 fuisse
3681 664 3950 720 progres-

2238 763 2379 813 sam,
2415 750 2477 800 ut
2502 745 2572 800 ad
2602 744 2924 814 complures
2954 740 3207 812 captivos
3238 743 3294 794 et
3321 755 3606 810 pauperes
3636 737 3946 793 sublevan-

2241 836 2344 891 dos
2377 852 2509 889 vasa
2540 831 2793 888 ecclesia:
2825 830 3050 886 initiata
3078 827 3268 900 frangi
3307 827 3661 898 conﬂarique
3684 825 3949 897 jusserit.

2242 926 2306 979 In
2337 940 2450 996 quo
2496 921 2542 975 si
2572 921 2859 976 carnalem
2890 918 3304 974 nonnullorum
3335 932 3568 971 sensum
3605 915 3951 982 offenderet,
4036 947 4037 954 η

2243 1017 2392 1069 certe
2422 1009 2706 1066 Ambrosii
2735 1008 3053 1064 doctrinam
3094 1011 3150 1062 et
3182 1006 3506 1077 exemplum
3547 1003 3726 1059 alacri
3756 1002 3952 1058 animo

2244 1103 2563 1158 sectabatur
2587 1099 2908 1172 (Possidius,
2938 1100 2997 1152 in
3032 1099 3161 1153 Vita
3183 1097 3444 1164 August.,
3467 1109 3513 1149 c.
3545 1095 3660 1165 24).

2319 1196 2370 1248 3.
2395 1192 2544 1256 Quos
2594 1191 2742 1244 Deus
2782 1204 2934 1242 curae.
2979 1190 3037 1241 et
3078 1185 3367 1240 dilectioni
3404 1200 3522 1238 suae
3559 1181 3952 1248 commiserat,

2247 1282 2420 1337 etiam
2435 1277 2929 1336 commendatione
2943 1292 3064 1343 sua,
3079 1279 3135 1330 et
3145 1274 3290 1329 datis
3301 1272 3574 1345 epistolis,
3591 1271 3746 1342 apud
3760 1269 3956 1325 saeculi

2248 1375 2560 1443 potestates
2584 1367 2910 1439 adjuvabat.
2939 1365 3050 1420 Sed
3079 1365 3226 1419 hanc
3249 1379 3412 1418 suam
3441 1379 3473 1417 a
3493 1360 3837 1416 melioribus
3868 1375 3956 1413 re-

2249 1460 2355 1516 bus
2386 1458 2817 1530 occupationem
2839 1460 3113 1527 tanquam
3141 1452 3437 1525 angariam
3465 1451 3800 1523 deputabat,
3827 1465 3956 1503 sua-

2251 1567 2377 1605 vem
2417 1563 2641 1620 semper
2668 1547 2886 1602 habens
2924 1545 2993 1601 de
3023 1544 3093 1599 iis
3123 1560 3253 1616 qua:
3292 1542 3394 1597 Dei
3433 1546 3586 1609 sunt,
3617 1541 3707 1595 vel
3737 1540 3959 1594 allocu-

2250 1639 2490 1708 tionem,
2545 1637 2633 1692 vel
2687 1633 3125 1691 collocutionem
3179 1633 3446 1704 fraternas
3504 1646 3567 1685 ac
3625 1629 3963 1685 domestica

2251 1727 2654 1784 familiaritatis
2684 1725 2880 1796 (Ibid,
2921 1740 2965 1780 ο.
3002 1723 3108 1794 19).
3148 1721 3458 1777 Sacerdotii
3490 1720 3579 1775 sui
3607 1735 3730 1774 esse
3762 1734 3961 1773 cense-

2252 1819 2369 1885 bat,
2416 1834 2519 1888 pro
2568 1816 2680 1870 reis
2727 1815 2880 1886 apud
2921 1812 3142 1885 judices
3186 1810 3559 1866 intercedere.
3609 1810 3749 1864 Cum
3802 1807 3964 1862 enim

2255 1907 2497 1977 alicujus
2534 1905 2648 1960 vita
2695 1903 3114 1975 periclitaretur
3159 1901 3218 1954 in
3243 1899 3480 1972 judicio,
3512 1897 3969 1953 concurrebatur

2256 1997 2318 2051 in
2347 1996 2668 2062 ecclesiam;
2698 1993 3007 2063 rogabatur
3035 1987 3354 2062 episcopus,
3386 1993 3452 2042 ut
3493 1985 3838 2042 intermissis
3870 2000 3967 2038 oc-

2255 2083 2655 2155 cupationibus
2697 2082 2783 2135 vel
2826 2078 3195 2151 gravissimis,
3238 2093 3342 2149 pro
3381 2092 3480 2131 reo
3525 2076 3961 2147 deprecaretur.

2258 2173 2417 2240 Quod
2447 2177 2659 2227 tamem
2687 2169 3038 2241 Augustinus
3066 2166 3384 2221 verecunde
3423 2169 3480 2219 et
3509 2163 3804 2218 moderate
3834 2177 3967 2233 age-

2257 2264 2372 2320 bat.
2405 2264 2662 2319 Novimus
2682 2276 2820 2327 eum,
2855 2258 2932 2313 ait
2960 2256 3268 2324 Possidius,
3301 2272 3335 2309 a
3354 2257 3466 2310 suis
3491 2255 3836 2308 charissimis
3869 2254 3957 2306 lit-

2262 2359 2500 2408 terarum
2528 2354 2873 2405 intercessum
2905 2346 3056 2419 apud
3093 2346 3276 2401 saeculi
3309 2347 3600 2414 potestates
3625 2342 3965 2413 postulatum

2259 2459 2367 2498 non
2396 2442 2625 2510 dedisse,
2642 2440 2902 2494 dicentem
2925 2435 3211 2506 cujusdam
3230 2434 3491 2504 sapientis
3511 2431 3837 2488 servandam
3857 2445 3968 2485 esse

2259 2531 2604 2598 sententiam,
2636 2528 2702 2582 de
2717 2543 2820 2597 quo
2843 2528 3104 2595 scriptum
3133 2527 3286 2589 esset,
3310 2521 3453 2591 quod
3480 2522 3652 2576 multa
3670 2536 3780 2575 suae
3799 2522 3968 2587 fama:

2265 2619 2709 2689 contemplatione
2735 2618 2924 2671 amicis
2952 2630 3059 2669 non
3083 2615 3448 2684 praestitisset.
3482 2614 3551 2667 Et
3578 2611 3719 2666 illud
3755 2612 3966 2665 nihilo-

2261 2713 2440 2765 minus
2474 2723 2630 2763 suum
2668 2706 2893 2773 addens,
2944 2705 3201 2773 quoniam
3233 2703 3551 2772 plerumque
3574 2705 3817 2770 potestas
3847 2715 3967 2768 quae

2259 2803 2506 2870 prastat,
2545 2797 2763 2866 premit.
2807 2796 2936 2851 Cum
2965 2809 3088 2848 vero
3120 2790 3557 2847 intercedendum
3594 2804 3705 2844 esse
3743 2794 3970 2857 rogatus

2261 2889 2499 2953 videbat,
2529 2891 2639 2940 tam
2669 2885 2730 2938 id
2758 2885 2969 2939 honeste
2997 2898 3060 2937 ac
3090 2885 3378 2951 temperate
3404 2879 3617 2948 agebat,
3649 2883 3713 2932 ut
3738 2894 3846 2932 non
3879 2893 3971 2933 so-

2264 2979 2376 3033 lum
2404 2989 2653 3031 onerosus
2682 2977 2779 3028 aut
2817 2973 3068 3027 molestus
3109 2985 3214 3025 non
3244 2969 3540 3035 videretur,
3571 2982 3756 3022 verum
3805 2970 3971 3021 etiam

2262 3066 2535 3121 mirabilis
2564 3066 2816 3118 existeret
2865 3061 3055 3134 (Ibid,
3099 3075 3146 3114 c.
3177 3059 3291 3130 20).
3339 3057 3534 3112 Refert
3571 3055 3778 3111 deinde
3826 3058 3969 3110 Pos-

2266 3155 2445 3210 sidius
2481 3150 2896 3214 testimonium,
2949 3148 3103 3221 quod
3151 3146 3510 3203 Macedonius
3564 3144 3771 3200 Africae
3823 3143 3972 3198 vica-

2267 3243 2386 3298 rius
2417 3243 2500 3296 illi
2528 3241 2633 3295 hac
2679 3241 2748 3295 de
2778 3255 2838 3293 re
2885 3237 3207 3294 tribuebat:
3255 3240 3508 3290 attamen
3546 3235 3672 3305 ejus
3713 3233 3973 3288 modesta

2268 3330 2537 3388 demissio
2587 3334 2645 3384 et
2674 3329 2871 3384 innata
2910 3327 2993 3382 illi
3040 3325 3246 3381 lenitas
3292 3341 3408 3380 non
3447 3323 3771 3390 obstabant,
3824 3339 3971 3394 quo-

2266 3420 2458 3477 minus
2493 3417 2740 3490 graviori
2781 3417 3125 3489 quandoque
3155 3419 3210 3470 et
3250 3415 3404 3469 velut
3438 3412 3646 3467 minaci
3687 3412 3858 3466 modo
3888 3411 3977 3465 in-

2267 3509 2619 3566 tercederet:
2662 3506 2947 3580 siquidem
2975 3505 3182 3560 veritas
3217 3507 3274 3559 et
3299 3502 3480 3558 dulcis
3517 3505 3622 3569 est,
3661 3505 3719 3555 et
3745 3517 3970 3555 amara:

2269 3598 2496 3671 quando
2521 3595 2702 3652 dulcis
2731 3599 2836 3664 est,
2859 3593 3068 3667 parcit;
3092 3592 3322 3665 quando
3343 3606 3556 3660 amara,
3587 3594 3749 3645 curat
3774 3591 3972 3660 (Epist.

2268 3689 2398 3756 247,
2427 3703 2483 3741 η.
2518 3685 2590 3756 1).

2343 3778 2397 3832 4.
2433 3774 2676 3839 Quidam
2717 3773 3013 3839 Romulus,
3055 3786 3228 3843 quem
3256 3767 3610 3840 Augustinus
3649 3783 3755 3840 per
3803 3768 3977 3822 Evan-

2278 3864 2494 3936 gelium
2518 3864 2577 3918 in
2600 3862 2821 3918 Christo
2836 3864 3130 3933 genuerat,
3152 3859 3524 3914 Ponticanum
3541 3863 3792 3914 actorem
3809 3874 3976 3912 suum

2271 3955 2332 4010 in
2370 3952 2725 4026 possessione
2773 3968 2876 4006 sua
2924 3951 3284 4015 collocatum,
3333 3948 3553 4003 colonis
3595 3948 3779 4002 eidem
3829 3947 3979 4001 villae

2272 4042 2537 4114 subjectis
2566 4039 2916 4111 praefecerat.
2949 4039 3000 4092 Is
3032 4054 3163 4093 cum
3192 4037 3404 4091 tributa
3426 4036 3671 4091 Romulo
3691 4035 3888 4090 debita
3910 4035 3982 4089 ab

2273 4131 2386 4186 illis
2417 4129 2715 4201 exegisset,
2757 4127 2910 4199 quod
2951 4125 3074 4197 ipse
3113 4124 3356 4180 inﬁciari
3384 4140 3504 4179 non
3532 4127 3773 4196 poterat,
3809 4140 3878 4178 ea
3911 4123 3982 4178 ad

2275 4238 2332 4274 se
2377 4218 2712 4273 intervertit.
2761 4216 3059 4283 Romulus,
3111 4215 3204 4270 cui
3251 4213 3478 4269 aliunde
3528 4212 3846 4268 nonnullus
3876 4213 3980 4266 Dei

2274 4308 2451 4363 timor
2484 4307 2686 4374 inerat,
2719 4305 2824 4359 hos
2862 4304 3200 4372 rusticanos,
3233 4303 3333 4374 qui
3378 4302 3470 4357 vix
3504 4302 3679 4356 semel
3709 4301 3981 4356 solvendo

2277 4396 2525 4461 fuerant,
2557 4394 2628 4448 ad
2660 4393 2966 4464 pandenda
2996 4393 3184 4448 denuo
3214 4393 3428 4448 tributa
3463 4391 3648 4446 teneri
3675 4391 3984 4446 contende-

2277 4485 2389 4540 bat.
2420 4483 2621 4555 lniqua
2647 4483 2768 4536 haec
2790 4481 3000 4553 agendi
3021 4481 3164 4536 ratio
3183 4480 3568 4553 Augustinum
3585 4478 3984 4556 vehementius

2276 4573 2539 4645 perculit,
2583 4571 2776 4626 minus
2804 4576 2998 4626 tamen
3027 4570 3319 4642 egentium
3349 4569 3703 4635 colonorum,
3746 4567 3848 4638 qui
3877 4583 3982 4638 op—

2277 4662 2695 4733 primebantur,
2715 4677 2889 4732 quam
2907 4659 3085 4730 ipsius
3103 4659 3334 4714 Romuli
3349 4674 3536 4724 causa,
3557 4656 3773 4728 quihac
3785 4660 3982 4726 tyran-

2279 4751 2414 4806 nide
2445 4750 2695 4806 divinam
2724 4748 2784 4803 in
2814 4765 2874 4803 se
2911 4747 3218 4804 vindictam
3245 4745 3607 4819 provocabat.
3631 4747 3815 4814 Neque
3843 4746 3986 4799 enim

2281 4845 2394 4896 tam
2420 4843 2586 4895 miser
2605 4853 2744 4906 sum,
2768 4837 2980 4909 inquit,
2999 4842 3050 4892 et
3069 4839 3277 4892 alienus
3303 4853 3337 4890 a
3356 4835 3648 4890 visceribus
3678 4835 3904 4900 Christi,
3926 4839 3986 4887 ut

2277 4945 2384 4984 non
2413 4930 2734 4998 gravissimo
2763 4928 2981 4983 vulnere
3018 4928 3256 4994 feriatur
3285 4941 3374 4981 cor
3412 4941 3606 4992 meum,
3651 4922 3870 4993 quando
3908 4925 3985 4977 sic

2282 5023 2452 5086 agunt
2483 5033 2613 5086 quos
2653 5022 2711 5072 in
2746 5017 2863 5086 ejus
2903 5016 3195 5085 Evangelio
3243 5017 3425 5085 genui.
3457 5012 3769 5069 Romulum
3809 5011 3990 5082 igitur

2282 5106 2534 5178 pellavit,
2570 5106 3015 5161 contendentem
3039 5106 3142 5160 hos
3167 5105 3401 5159 colonos
3431 5103 3740 5158 Ponticano
3770 5102 3988 5156 solvere

2283 5210 2406 5251 non
2435 5194 2732 5261 debuisse;
2759 5194 2968 5266 quibus
2995 5198 3189 5250 tamen
3219 5193 3342 5265 ipse
3372 5191 3724 5248 contrarium
3753 5207 3861 5262 per
3888 5190 3989 5246 lit-

2284 5289 2436 5339 teras
2465 5300 2579 5338 non
2604 5283 3060 5356 prtescripserat;
3093 5282 3236 5338 citra
3275 5299 3417 5354 quas
3445 5281 3570 5336 fieri
3599 5296 3715 5336 non
3744 5284 3989 5351 poterat,

2287 5378 2354 5429 ut
2381 5373 2674 5441 rusticani,
2707 5371 2804 5444 qui
2838 5371 3212 5427 Ponticanum
3233 5371 3499 5426 videbant
3519 5368 3589 5425 ab
3619 5385 3686 5424 eo
3715 5368 3829 5424 sibi
3857 5384 3991 5440 prse-

2287 5461 2559 5534 positum,
2587 5460 2892 5534 pecuniam
2909 5460 3145 5517 domino
3167 5460 3417 5517 debitam
3445 5459 3697 5531 pendere
3726 5459 3992 5515 detrecta-

2292 5555 2440 5610 rent.
2475 5552 2619 5608 Cum
2653 5550 3007 5623 Augustinus
3043 5549 3186 5608 nihil
3220 5549 3372 5623 apud
3400 5549 3714 5606 Romulum
3743 5549 3855 5606 hac
3878 5548 3991 5605 vice

3834 261 3942 314 232
4036 317 4037 338 Ν
