4060 6358
54 330 55 333 η
104 289 201 342 233

99 408 437 481 profecisset,
476 408 635 463 misit
659 408 751 464 die
789 408 1008 464 sabbati
1037 407 1109 464 ad
1138 423 1272 464 eum
1298 407 1484 465 adhuc
1512 410 1792 481 pranden-

102 503 232 563 tem,
285 500 347 551 ut
395 496 860 568 Hippone-Regio
908 512 1024 552 non
1069 495 1543 568 proﬁcisceretur,
1584 497 1695 553 nisi
1732 514 1791 553 se

98 586 339 641 adiisset.
387 584 758 640 Renuntiavit
803 585 881 640 ita
915 601 973 639 se
1019 601 1139 640 esse
1174 584 1479 643 facturum.
1512 586 1790 642 Postridie

98 681 288 731 tamen
316 674 377 729 in
402 674 697 730 ecclesiam
720 674 892 742 venit,
927 674 1127 745 oravit,
1158 678 1213 730 et
1231 680 1423 731 sancto
1444 676 1686 747 praesule
1702 676 1789 731 in-

104 765 343 819 salutato
372 764 656 835 profectus
686 767 789 819 est.
831 765 963 819 Erat
997 764 1105 819 hoc
1149 765 1531 835 Augustinum
1568 782 1793 820 summo

102 852 413 925 despicatui
435 853 660 909 ducere.
691 852 987 908 Piissimus
1010 857 1202 909 tamen
1227 854 1454 925 praesul,
1481 857 1546 908 ut
1574 870 1632 909 se
1660 870 1793 909 san-

99 947 181 997 cte
210 941 591 1008 ulcisceretur,
621 940 847 997 veniam
876 940 959 996 illi
989 941 1107 997 suis
1133 958 1165 997 a
1196 943 1310 997 Deo
1332 941 1593 1014 precibus
1621 942 1794 1014 depo-

98 1029 290 1101 poscit.
320 1029 427 1084 Sed
459 1029 735 1101 quoniam
775 1045 909 1084 reus
939 1030 1086 1085 hanc
1116 1029 1372 1085 obtinere
1401 1046 1518 1086 non
1548 1035 1789 1103 poterat,

100 1118 202 1173 nisi
231 1134 291 1172 se
321 1118 445 1190 ipse
483 1118 816 1190 corrigeret,
847 1122 1077 1174 sanctus
1106 1119 1321 1174 Praasul
1358 1120 1692 1175 acerrimam
1720 1122 1793 1176 ad

100 1223 225 1263 eum
254 1207 558 1279 epistolam
599 1208 846 1263 scribere
880 1212 1107 1263 coactus
1133 1212 1239 1277 est,
1267 1207 1328 1264 in
1358 1224 1472 1280 qua
1510 1209 1672 1265 illum
1694 1211 1793 1266 oh-

99 1300 329 1353 testatur
353 1299 523 1368 atque
553 1296 833 1366 obsecrat,
868 1300 928 1351 ut
965 1297 1239 1368 injuriam
1268 1298 1547 1365 attendat,
1581 1316 1694 1370 qua
1735 1315 1794 1354 se

101 1384 282 1454 ipsum
313 1381 522 1453 magis,
560 1398 734 1454 quam
762 1382 980 1437 villicos
1018 1399 1149 1437 suos
1176 1382 1426 1451 laederet,
1459 1400 1593 1455 erga
1632 1400 1793 1455 quos,

105 1476 162 1526 ut
201 1469 449 1525 inticiari
489 1486 607 1525 non
649 1473 890 1542 poterat,
926 1469 1288 1542 iniquissime
1335 1487 1394 1525 se
1443 1475 1682 1541 gereret.
1726 1474 1796 1527 Et

104 1559 248 1615 modo
278 1558 521 1629 quidem,
552 1559 761 1631 inquit,
800 1576 909 1615 non
953 1560 1250 1629 rogandus,
1286 1560 1381 1614 sed
1419 1560 1795 1630 objurgandus

101 1665 180 1706 es:
210 1664 341 1704 nam
364 1653 415 1703 et
443 1649 538 1704 hoc
557 1651 818 1719 scriptum
842 1654 937 1717 est,
974 1668 1002 1699 α
1034 1652 1146 1716 Ego
1176 1665 1332 1718 quem
1352 1664 1494 1716 amo,
1521 1649 1794 1718 redarguo

102 1743 146 1792 et
171 1738 377 1804 castigo
399 1755 427 1789 ››
452 1735 642 1807 (Apoc.
678 1752 756 1800 lli,
793 1737 906 1807 19).
935 1739 1047 1805 Ego
1073 1740 1267 1805 tamen,
1302 1738 1352 1792 si
1374 1752 1477 1807 pro
1499 1753 1579 1792 me
1607 1753 1798 1806 rogan-

102 1826 196 1881 dus
218 1840 379 1892 esses,
411 1827 555 1893 forte
581 1840 688 1880 non
714 1829 762 1880 te
790 1840 1036 1894 rogarem
1061 1841 1074 1879 :
1109 1827 1239 1894 quia
1254 1841 1376 1881 vero
1400 1841 1501 1896 pro
1532 1831 1581 1881 te
1598 1842 1798 1893 rogan-

103 1914 197 1969 dus
218 1929 293 1980 es,
316 1929 449 1981 rogo
481 1918 531 1969 te
551 1916 774 1982 iratum,
806 1919 868 1968 ut
881 1928 1082 1983 parcas
1100 1914 1219 1980 tibi,
1250 1920 1311 1968 ut
1336 1914 1568 1984 placeris
1586 1916 1718 1983 tibi;
1738 1919 1801 1970 ut

104 2004 201 2058 tibi
218 2005 473 2074 placetur
494 2004 584 2057 ille
613 2018 770 2073 quem
795 2018 974 2069 rogas.
1002 2002 1233 2072 Aperiat
1255 2002 1356 2057 tibi
1374 2017 1603 2071 sensum,
1628 2007 1689 2057 ut
1722 2004 1799 2059 vi-

106 2091 226 2145 deas
254 2106 379 2160 quae
404 2092 569 2158 facis,
600 2094 650 2144 et
685 2091 974 2145 exhorreas
1004 2094 1058 2145 et
1091 2089 1348 2144 emendes.
1376 2091 1558 2145 Parva
1587 2092 1727 2145 enim
1749 2094 1799 2144 et

104 2181 256 2251 quasi
282 2180 440 2234 nulla
466 2176 568 2232 tibi
594 2177 866 2245 videntur,
900 2194 1019 2246 quae
1050 2182 1160 2232 tam
1177 2193 1379 2246 magna
1397 2179 1544 2232 mala
1568 2183 1712 2246 sunt,
1738 2183 1797 2232 ut

104 2268 314 2340 quando
347 2273 397 2323 te
433 2267 640 2322 domita
682 2267 958 2336 cupiditas
998 2282 1061 2321 ea
1102 2267 1442 2321 considerare
1466 2270 1796 2336 permiserit,

104 2360 238 2425 riges
267 2358 525 2424 lacrymis
555 2359 777 2423 terram,
804 2358 864 2409 ut
906 2357 1044 2409 Deus
1072 2357 1393 2410 misereatur
1424 2357 1522 2410 tui.
1556 2356 1799 2410 Vereba-

109 2451 198 2501 tur
231 2443 609 2516 Augustinus,
642 2459 715 2498 ne
754 2443 850 2497 ille
879 2442 968 2497 his
996 2442 1198 2498 litteris
1224 2443 1409 2515 magis
1435 2449 1800 2515 exasperatus

108 2535 165 2589 in
203 2535 441 2589 colonos
477 2549 610 2587 suos
649 2531 834 2587 acrius
879 2531 1201 2599 desazviret;
1245 2533 1342 2588 sed
1384 2533 1558 2601 addit,
1604 2532 1653 2587 si
1697 2533 1803 2587 hoc

104 2623 337 2689 accidat,
368 2621 480 2677 illis
511 2621 858 2693 imputatum
887 2619 959 2675 iri
986 2620 1057 2675 ad
1080 2621 1347 2676 meritum
1379 2621 1618 2692 bonum,
1649 2622 1802 2693 quod

102 2729 201 2785 pro
244 2712 373 2783 ejus
421 2711 620 2778 salute,
652 2714 888 2782 propter
928 2725 1103 2780 quam
1135 2710 1432 2774 scribebat,
1479 2726 1612 2766 eum
1642 2714 1803 2782 pate-

107 2806 298 2857 rentur
316 2800 548 2855 iratum.
568 2799 756 2854 Unum
780 2797 879 2853 Dei
897 2797 1183 2869 judicium
1204 2798 1287 2853 illi
1314 2799 1639 2867 minitatur;
1661 2816 1801 2870 quo-

106 2890 261 2945 niam
291 2888 447 2960 apud
475 2886 757 2956 homines,
789 2875 1191 2964 qui'formulas
1218 2903 1252 2942 a
1281 2888 1502 2959 legibus
1528 2888 1803 2942 constitu-

106 2983 187 3034 tas
204 2978 278 3034 ad
299 2977 450 3033 alios
468 2976 696 3048 iniquos
717 2980 875 3030 actus
904 2975 1295 3046 prohibendos
1321 2976 1486 3048 sequi
1513 2980 1803 3043 tenentur,

111 3083 340 3123 causam
369 3065 625 3121 obtinere
650 3065 927 3120 Romulus
942 3068 1183 3136 poterat.
1211 3065 1368 3120 Unde
1389 3066 1805 3120 consectarium

106 3162 209 3226 est,
238 3154 501 3228 quamvis
532 3153 657 3209 aliis
694 3153 935 3209 minime
974 3153 1258 3224 denegare
1291 3154 1620 3221 debeamus,
1652 3154 1807 3225 quod

105 3245 172 3300 iis
199 3244 441 3300 reddere
483 3259 552 3298 ex
598 3242 994 3298 humanarum
1041 3243 1232 3314 legum
1281 3243 1611 3315 praescripto
1658 3247 1809 3298 tene-

110 3350 259 3403 mur,
292 3332 461 3389 nobis
482 3338 677 3388 tamen
703 3347 820 3387 non
844 3347 1072 3403 semper
1101 3331 1288 3398 licere,
1324 3332 1575 3405 quodex
1603 3331 1807 3387 iisdem

107 3423 327 3495 legibus
360 3421 525 3478 nobis
569 3420 669 3476 alii
703 3420 927 3487 debent,
964 3420 1189 3492 exigere
1227 3422 1422 3493 (Epist.
1462 3423 1587 3490 247,
1628 3436 1684 3477 n.
1739 3423 1809 3491 l).

796 3512 1023 3567 CAPUT
1064 3512 1125 3565 V.

113 3608 131 3659 t
170 3602 479 3672 Augustini
505 3601 699 3670 regula
724 3605 774 3655 et
802 3600 1096 3669 prudentia
1133 3601 1192 3653 in
1220 3599 1623 3655 visitationibus
1651 3600 1733 3654 vet
1754 3600 1812 3653 in

177 3693 305 3746 aliis
326 3689 659 3761 prastandis
684 3690 897 3758 ofﬁciis.
930 3691 963 3741 2
992 3690 1055 3743 In
1081 3688 1604 3744 Germanicianensis
1636 3703 1815 3758 para:-

177 3782 275 3835 οἰκ
312 3780 555 3849 gratiam
591 3778 781 3832 scribit
814 3776 890 3832 ad
926 3779 1273 3832 Pancarium.
1321 3779 1352 3831 3
1405 3779 1674 3832 Universz
1709 3779 1815 3831 Ec-

183 3870 360 3925 clesiae
374 3883 478 3937 pro
506 3882 607 3922 sua
630 3871 793 3936 parte
812 3880 873 3921 ac
902 3867 1167 3932 facultate
1186 3865 1283 3920 dat
1300 3881 1543 3935 operam.
1568 3866 1601 3920 4
1626 3865 1815 3921 Causis

178 3956 507 4012 dirimendis
536 3970 591 4010 se
619 3957 870 4024 occupari
906 3956 1267 4022 conqueritur.

181 4051 231 4102 1.
267 4046 339 4100 Ut
370 4044 551 4098 sancti
576 4041 842 4097 Praisulis
878 4041 938 4095 in
962 4041 1416 4117 administranda
1446 4040 1687 4095 Ecclesia
1715 4057 1813 4095 cu-

114 4148 231 4187 ram
278 4131 637 4198 ductumque
683 4142 990 4197 pergamus
1021 4142 1339 4198 exponere:
1388 4128 1451 4181 In
1491 4127 1817 4182 risitationi-

115 4222 225 4289 bus,
255 4216 454 4290 inquit
483 4214 789 4276 Possidius,
818 4214 1035 4269 modum
1080 4214 1288 4269 tenebat
1318 4213 1385 4268 ab
1408 4214 1684 4283 ‘Apostolo
1716 4214 1816 4269 de-

108 4309 350 4375 ﬁnitum,
383 4308 443 4359 ut
466 4305 686 4360 nonnisi
710 4304 946 4373 pupillos
979 4308 1030 4358 et
1066 4303 1261 4358 viduas
1288 4305 1344 4357 in
1376 4304 1815 4358 tribulationibus

112 4398 432 4452 constitutas
471 4395 738 4448 uisitaret.
773 4395 844 4447 Et
866 4394 916 4446 si
952 4394 1095 4460 forte
1121 4392 1190 4447 ab
1215 4392 1601 4459 aegrotantibus
1620 4392 1683 4447 ob
1722 4394 1815 4447 hoc

110 4488 403 4553 peteretur,
434 4486 494 4536 ut
510 4496 611 4551 pro
636 4483 711 4535 eis
728 4482 785 4535 in
805 4483 1058 4550 praesenti
1074 4483 1359 4536 Dominum
1378 4485 1614 4550 rogaret,
1639 4485 1818 4551 eisque

117 4587 308 4627 manus
334 4573 650 4640 imponeret,
678 4571 794 4626 sine
807 4584 959 4624 mora
980 4570 1258 4639 pergebat.
1284 4572 1625 4625 Feminarum
1640 4575 1819 4626 autem

118 4661 450 4715 monasteria
492 4659 713 4713 nonnisi
740 4659 1051 4725 urgentibus
1092 4659 1497 4713 necessitatibus
1533 4662 1815 4715 visitabat.

118 4748 457 4806 Seruandum
487 4763 696 4817 quoque
725 4749 785 4801 in
814 4750 932 4802 vita
951 4752 1001 4802 et
1019 4747 1255 4801 moribus
1284 4747 1512 4802 hominis
1544 4746 1644 4801 Dei
1671 4747 1819 4811 refe-

115 4840 286 4906 rebat,
311 4836 458 4907 quod
494 4838 553 4891 in
579 4838 828 4891 instituto
849 4840 1048 4903 sanctae
1075 4837 1341 4891 memoria
1377 4835 1655 4890 Ambrosii
1677 4848 1817 4889 com-

115 4931 356 4998 pererat,
408 4929 468 4980 ut
506 4940 728 4980 umorem
765 4927 1019 4995 cuiquam
1064 4940 1345 4995 nunquam
1382 4927 1619 4993 posceret
1652 4937 1820 4991 neque

117 5018 355 5071 militare
402 5013 663 5069 volentem
701 5012 776 5069 ad
813 5015 908 5069 hoc
955 5012 1369 5081 commendaret,
1410 5020 1591 5081 neque‘
1615 5014 1674 5066 in
1720 5026 1821 5066 sua

117 5106 304 5174 patria
321 5104 527 5173 petitus
556 5104 658 5156 iret
686 5101 762 5156 ad
788 5104 1113 5157 convivium.
1145 5104 1220 5157 De
1248 5102 1479 5169 singulis
1504 5101 1661 5155 rebus
1690 5100 1818 5154 red-

124 5193 249 5248 dens
275 5205 496 5259 causas,
527 5191 731 5245 scilicet
757 5205 822 5244 ne
840 5190 971 5245 dum
1001 5194 1142 5246 inter
1166 5206 1221 5247 se
1248 5190 1528 5259 conjngati
1551 5205 1681 5244 casu
1698 5190 1822 5259 jur-

123 5286 338 5349 qarent,
372 5282 422 5333 ei
449 5279 826 5333 maledica-ent
855 5293 954 5347 per
990 5295 1146 5348 quem
1175 5278 1449 5348 conjuncti
1493 5284 1692 5345 essent;
1728 5276 1823 5333 sed

121 5371 278 5439 plane
301 5368 378 5423 ad
394 5368 489 5422 hoc
509 5366 618 5422 sibi
625 5367 747 5436 jam
777 5367 889 5421 illis
914 5368 1367 5437 consentientibus
1390 5369 1629 5437 petitum
1654 5370 1820 5421 inter-

127 5473 232 5513 esse
259 5458 449 5514 debere
473 5455 821 5524 sacerdotem,
841 5458 904 5509 ut
930 5456 1015 5510 vel
1039 5470 1220 5511 eorum
1231 5457 1355 5526 jam
1370 5461 1536 5526 parta
1554 5460 1605 5512 et
1613 5456 1825 5527 placita

122 5547 503 5618 ﬁrmarentur,
528 5545 610 5599 uel
639 5542 1095 5600 benedicerentur.
1132 5547 1203 5600 Et
1226 5559 1293 5601 ne
1321 5547 1532 5602 militia:
1557 5560 1824 5601 commen-

438 5644 715 5709 PATROL.
765 5641 1014 5715 XXXII.

1541 286 1745 342 LIBER
1781 283 2126 351 QUARTUS.

3491 288 3596 344 234
3666 366 3675 381 ἱ

1901 411 2063 466 datus
2087 426 2148 465 ac
2174 411 2314 466 male
2341 424 2524 478 agens,
2554 410 2670 479 ejus
2698 410 2857 480 culpa
2875 409 3234 479 suffragatori
3251 410 3592 467 tribueretur.

1900 502 1971 555 Et
2015 515 2081 554 ne
2117 515 2216 569 per
2242 500 2606 568 frequentiam
2642 500 2700 553 in
2725 501 2923 569 patriae
2952 501 3211 554 conviviis
3253 503 3592 568 constitutus,

1861 584 2266 658 ’temperantiae
2294 589 2634 642 amitteretur
2664 587 2850 641 m'odus
2883 586 3198 658 (Possidius,
3229 588 3288 641 in
3325 589 3451 643 Vita
3472 588 3591 643 Au-

1900 682 2069 747 gust.,
2092 692 2138 733 c.
2161 677 2269 745 27).
2304 676 2633 731 Videbimus
2661 676 2900 731 inferius
2922 674 3424 747 vigilantissimum
3449 678 3595 732 Prae-

1899 767 2081 822 sulem
2108 765 2293 821 ofﬁcia
2321 765 2424 820 toti
2458 782 2575 820 suae
2606 765 2834 821 dioecesi
2874 764 3260 834 exhibentem,
3291 782 3421 837 quae
3452 766 3589 837 Hip-

1900 854 2248 927 poni—Regio
2280 854 2606 927 prmstabat.

1972 946 2025 998 2.
2063 946 2192 999 Erat
2218 943 2279 998 in
2320 944 2443 1015 ejus
2485 942 2714 998 dioecesi
2743 942 3295 998 Gcrmanicianensis
3331 942 3597 1014 paruacia,

1901 1034 2060 1105 cujus
2087 1034 2383 1105 presbyter
2411 1032 2766 1088 Secundinus
2788 1048 3017 1102 semper
3043 1032 3257 1103 populo
3280 1032 3595 1104 placuerat.

1907 1122 2013 1177 Ubi
2052 1126 2241 1177 tamen
2282 1120 2591 1176 Panearius
2631 1119 2868 1193 quidam
2910 1121 3042 1175 illuc
3082 1120 3332 1189 advenit,
3378 1118 3601 1190 scripsit

1904 1211 1972 1266 ad
2010 1209 2394 1282 Augustinum
2417 1211 2612 1282 (Epist.
2647 1211 2792 1278 23t),
2822 1213 3051 1280 paratos
3080 1225 3202 1265 esse
3227 1208 3441 1263 incolas
3469 1223 3602 1263 eum

1904 1299 2239 1355 criminibus
2305 1315 2610 1354 accersere.
2681 1298 2984 1353 Pancarius
3054 1297 3179 1364 iste,
3243 1304 3306 1352 ut
3359 1297 3600 1364 videtur,

1905 1405 2036 1444 cum
2066 1388 2176 1443 alio
2210 1389 2278 1444 de
2308 1388 2480 1459 hujus
2503 1386 2636 1459 pagi
2664 1387 3021 1458 possessione
3060 1386 3455 1453 contendebat,
3488 1402 3603 1457 qua

1907 1477 1976 1533 de
2016 1493 2184 1533 causa
2229 1478 2410 1532 multa
2449 1475 2811 1547 patiebantur
2848 1475 3066 1530 iucolre.
3101 1476 3243 1530 Cum
3285 1478 3478 1529 autem
3504 1474 3603 1530 Se-

1905 1566 2219 1621 cundinum
2248 1565 2310 1620 in
2338 1566 2446 1620 hoc
2477 1564 2704 1635 negotio
2730 1581 2846 1620 sure
2873 1563 3149 1619 voluntati
3180 1563 3465 1618 faventem
3489 1578 3604 1631 non

1907 1654 2231 1724 reperisset,
2280 1652 2600 1709 Donatistas
2640 1651 2701 1707 in
2732 1668 2865 1707 eum
2907 1666 3142 1723 pagum,
3188 1650 3249 1704 in
3291 1667 3404 1722 quo
3432 1655 3604 1705 antea

1906 1758 2022 1797 non
2066 1741 2310 1810 fuerant,
2352 1740 2422 1796 ad
2456 1741 2579 1811 ejus
2618 1756 2828 1795 nomen
2873 1738 3249 1795 deferendum
3279 1738 3599 1795 advocarat.

1910 1830 2188 1886 Rescribit
2222 1830 2293 1886 ad
2335 1826 3085 1897 Pancarium'Augustinus,
3117 1825 3317 1880 mirari
3357 1842 3417 1880 se
3447 1825 3600 1897 quod

1909 1918 2471 1973 Germanicianenses
2499 1917 2569 1972 de
2607 1916 2926 1972 Secundino
2948 1918 3407 1986 conquerantur;
3433 1930 3491 1969 se
3515 1918 3604 1969 ta-

1909 2022 2041 2061 men
2072 2010 2200 2077 qum
2234 2005 2320 2061 illi
2361 2004 2733 2076 objiciuntur,
2765 2003 2814 2058 si
2853 2002 3026 2059 modo
3064 2001 3329 2058 catholici
3364 2001 3479 2056 sint
3508 2000 3609 2074 qui

1910 2094 2208 2166 objiciunt,
2238 2110 2354 2149 non
2376 2110 2541 2165 posse
2569 2098 2970 2149 contemnere:
2998 2092 3396 2147 haereticorum
3417 2096 3607 2147 autem

1909 2182 2292 2239 accusationes
2317 2182 2624 2237 admittere
2645 2197 2748 2236 nec
2769 2196 2936 2252 posse
2957 2195 3060 2234 nec
3076 2180 3316 2247 debere;
3343 2178 3611 2251 quocirca

1911 2271 2097 2343 primo
2118 2274 2254 2342 agat
2280 2270 2606 2338 Pancarius,
2630 2274 2691 2325 ut
2709 2268 2963 2325 haeretici
2984 2285 3097 2324 non
3118 2268 3230 2323 sint
3252 2268 3347 2322 ubi
3367 2268 3610 2323 ante.ad-

1911 2358 2337 2430 ventumipsius
2357 2376 2474 2414 non
2504 2359 2752 2427 fuerant,
2784 2362 2908 2413 tum
2927 2374 2986 2413 se
3015 2373 3241 2413 causam
3272 2356 3606 2430 presbyteri,

1912 2448 2056 2503 sicut
2084 2463 2210 2503 eam
2233 2447 2421 2502 audiri
2452 2450 2698 2518 oportet,
2738 2446 3088 2501 auditurum.
3119 2446 3299 2502 Simul
3328 2461 3612 2501 commen-

1913 2537 2011 2593 dat
2040 2553 2109 2591 ne
2132 2536 2440 2591 Secundini
2472 2537 2710 2591 domum
2737 2534 2911 2606 diripi
2935 2534 3255 2607 vastarique
3277 2538 3376 2590 aut
3395 2550 3526 2589 eum
3542 2534 3612 2589 de

1914 2624 2148 2680 ecclesia
2179 2640 2282 2679 sua
2303 2623 2512 2695 deponi
2538 2623 2808 2694 patiatur.
2858 2623 3045 2677 Monet
3081 2622 3252 2677 etiam
3285 2626 3350 2676 ut
3386 2637 3614 2676 causam

1913 2711 2247 2786 quantocius
2292 2717 2454 2767 curet
2488 2711 2967 2783 componendam,
3002 2726 3073 2765 ne
3106 2710 3392 2780 indigenae
3425 2726 3492 2765 ea
3518 2726 3611 2765 oc-

1914 2801 2138 2857 casione
2161 2800 2375 2855 diutius
2404 2800 2756 2871 aftligantur.

1987 2893 2038 2945 3.
2074 2889 2249 2944 Unius
2278 2888 2655 2960 Hipponensis
2701 2887 2980 2954 Ecclesia),
3019 2886 3112 2941 cui
3149 2902 3208 2941 se
3252 2902 3478 2941 servum
3515 2885 3604 2941 di-

1915 2978 2127 3034 vinitus
2156 2978 2353 3032 datum
2396 2993 2515 3031 esse
2569 2976 2794 3030 dicebat
2834 2978 3030 3045 (Epist,
3064 2976 3185 3041 124,
3230 2990 3285 3029 n.
3331 2974 3386 3046 2)
3417 2990 3612 3029 curam

1914 3065 2209 3140 propriam
2237 3064 2304 3119 ad
2334 3080 2391 3119 se
2418 3063 2705 3136 pertinere
2726 3062 3124 3118 arbitrabatur.
3154 3062 3513 3133 Quapropter
3541 3062 3612 3117 ab

1919 3171 1988 3210 ea
2013 3168 2309 3225 nunquam
2346 3151 2455 3206 nisi
2483 3151 2693 3206 invitus
2722 3151 2914 3206 aberat
2943 3150 3139 3223 (Epist.
3176 3152 3265 3218 3i,
3295 3166 3353 3205 n.
3403 3152 3480 3222 5).
3518 3152 3617 3205 Po-

1921 3241 2089 3312 pulus
2116 3237 2360 3293 vicissim
2382 3253 2609 3308 semper
2630 3236 2782 3291 illius
2804 3236 3114 3291 absentiam
3137 3237 3375 3291 moleste
3395 3235 3615 3291 ferebat

1920 3331 2121 3401 (Epist.
2153 3330 2271 3396 122,
2290 3344 2343 3381 n.
2376 3326 2443 3398 1),
2470 3330 2812 3381 etutcratex
2828 3326 3142 3396 omnipene
3153 3329 3313 3396 parte
3331 3324 3615 3393 inﬁrmus,

1921 3418 2051 3473 inde
2086 3415 2159 3472 ad
2191 3414 2731 3487 periculosissimam
2759 3430 2941 3487 usque
2972 3414 3343 3469 offensionem
3372 3417 3431 3469 et
3458 3422 3617 3468 scan-‘

1921 3508 2115 3564 datum
2147 3505 2435 3561 interdum
2465 3504 2777 3560 laborabat.
2812 3505 2947 3559 Eam
2976 3504 3048 3559 ob
3076 3518 3201 3560 rem
3229 3507 3352 3559 erat
3376 3503 3436 3558 in
3467 3503 3609 3559 urbe

1924 3597 2105 3669 magis
2134 3594 2393 3650 assiduus
2419 3596 2617 3665 (Epist.
2657 3594 2778 3662 124,
2807 3609 2863 3648 n.
2896 3597 2971 3661 2).
3007 3591 3150 3657 Quia
3175 3592 3347 3647 etiam
3379 3608 3618 3663 corpore

1925 3686 2145 3751 absens,
2167 3698 2392 3754 semper
2415 3681 2620 3751 spiritu
2651 3680 2946 3751 cordisque
2979 3680 3184 3734 ati‘ectu
3213 3696 3465 3751 praisens
3501 3680 3614 3735 illis

1924 3774 2139 3828 aderat.
2159 3771 2245 3826 Ab
2266 3771 2425 3837 urbe,
2453 3774 2514 3824 ut
2531 3768 2628 3838 ait,
2658 3784 2954 3840 nunquam
2977 3768 3301 3824 discedebat
3328 3768 3622 3825 licentiosa

1924 3862 2207 3926 libertate,
2253 3858 2351 3913 sed
2388 3856 2705 3912 necessaria
2758 3855 3049 3926 servitute,
3083 3860 3144 3910 ut
3183 3856 3309 3911 aliis
3359 3858 3613 3913 Ecclesiae

1924 3948 2196 4005 membris
2235 3944 2426 4002 debita
2465 3949 2765 4017 praestaret
2806 3944 2993 3999 ofﬁcia
3024 3944 3222 4016 (Epist.
3280 3947 3401 4016 122,
3438 3961 3494 4000 n.
3547 3945 3621 4016 t).

1929 4040 2040 4093 Hac
2063 4036 2216 4091 enim
2245 4042 2314 4091 de
2344 4050 2513 4089 causa
2541 4033 2781 4105 singulis
2809 4033 2987 4089 ferme
3018 4032 3180 4088 annis
3200 4032 3621 4105 Carthaginem,

1926 4126 2254 4197 frequenter
2283 4124 2353 4179 ad
2395 4123 2506 4178 alia
2536 4123 2681 4189 loca,
2718 4127 2775 4178 et
2801 4122 3109 4194 aliquando
3138 4121 3201 4177 in
3229 4122 3625 4178 Mauritaniam

1926 4231 2107 4287 usque
2133 4231 2192 4269 se
2220 4212 2543 4269 conferebat
2566 4213 2774 4284 (Epist.
2811 4214 2931 4278 193,
2962 4228 3016 4266 n.
3053 4211 3121 4267 1).
3155 4211 3297 4281 Ipsis
3326 4210 3496 4266 etiam
3519 4227 3625 4266 na-

1926 4303 2231 4376 vigationis
2262 4302 2547 4357 laboribus
2577 4316 2647 4355 ac
2660 4299 2927 4372 periculis
2956 4315 3077 4355 sese
3104 4298 3365 4356 lubenter
3392 4299 3629 4371 objecis-

1926 4396 2031 4464 set,
2088 4391 2497 4448 transmarinas
2544 4389 2807 4461 regiones
2857 4405 2961 4460 pro
3030 4388 3273 4444 Ecclesia
3318 4388 3623 4459 petiturus,

1927 4482 2225 4554 ipsamque
2246 4481 2438 4536 aulam
2458 4477 2907 4551 imperatoriam,
2925 4481 2991 4532 ut
3006 4476 3128 4548 ejus
3148 4476 3382 4549 collegas
3404 4476 3627 4533 factita-

1927 4570 2088 4637 bant,
2119 4568 2230 4624 nisi
2260 4569 2383 4640 ejus
2404 4568 2633 4623 inﬁrma
2652 4566 2918 4622 valetudo
2948 4565 3260 4621 obstitisset
3287 4568 3628 4636 μερίδα-122,

1926 4676 1982 4714 n.
2031 4661 2101 4728 1).
2134 4657 2300 4729 Apud
2340 4656 2477 4712 alias
2506 4655 2772 4712 ecclesias
2813 4658 3037 4709 tantum
3074 4652 3300 4725 agebat,
3348 4658 3627 4726 quantum

1928 4746 2182 4818 episcopi
2212 4744 2519 4801 dioecesani
2549 4746 2637 4800 vel
2679 4743 3095 4815 permitterent,
3126 4743 3213 4798 vel
3257 4742 3633 4815 imponerent

1931 4835 2130 4908 (Epist.
2154 4837 2242 4902 34,
2265 4849 2321 4888 n.
2347 4832 2418 4904 5).
2448 4832 2715 4889 Concitiis
2735 4848 2839 4903 per
2866 4831 3117 4887 diversas
3148 4831 3466 4903 provincias
3485 4832 3629 4888 cele-

1928 4923 2108 4980 bratis
2133 4922 2352 4990 adesse,
2384 4937 2516 4977 cum
2542 4925 2756 4993 posset,
2794 4935 2912 4976 non
2941 4919 3261 4989 omittebat,
3290 4920 3476 4977 studio
3505 4937 3631 4977 suc-

1930 5028 2132 5068 census
2179 5008 2527 5066 inserviendi
2568 5024 2684 5064 non
2722 5008 2839 5064 suis
2893 5009 3229 5077 commodis,
3281 5009 3381 5065 sed
3425 5008 3633 5064 honori

1932 5099 2161 5167 Christi,
2211 5097 2567 5170 faciendique
2611 5113 2715 5169 pro
2760 5096 2913 5152 virili
2941 5113 3046 5153 sua
3087 5100 3268 5170 parte,
3313 5100 3380 5153 ut
3422 5100 3629 5152 sanctas

1933 5188 2192 5246 Ecclesiae
2220 5187 2516 5243 catholicae
2543 5191 2601 5243 et
2640 5186 2915 5243 inviolata
2941 5186 3084 5242 fides
3125 5188 3404 5253 maneret,
3436 5188 3493 5240 et
3518 5183 3631 5238 illi-

1931 5279 2064 5335 bata
2078 5276 2375 5350 disciplina
2394 5276 2642 5345 (Possid.,
2668 5278 2728 5331 in
2755 5276 3166 5345 Vita-August,
3190 5291 3235 5330 c.
3263 5274 3379 5344 21).
3399 5273 3542 5328 Cum
3562 5273 3632 5327 ab

1933 5366 2213 5440 episcopis
2258 5364 2543 5438 deputatis
2584 5364 2932 5421 haberentur
2975 5363 3194 5435 synodi,
3236 5364 3334 5416 aut
3371 5360 3634 5417 ecclesia-

1935 5456 2062 5512 stici
2086 5456 2308 5528 judiccs
2336 5455 2408 5511 ad
2436 5453 2712 5527 quasdam
2734 5451 3149 5510 controversias
3167 5449 3517 5505 dirimendas
3541 5450 3637 5505 de-

1938 5545 2276 5616 ligerentur,
2306 5542 2429 5616 ipse
2447 5542 2847 5615 episcoporum
2888 5538 3168 5597 Numidiae
3196 5536 3431 5594 nomine
3455 5537 3637 5597 ferme

3112 5633 3361 5719 (Ηιιίι.)
