4060 6366
479 289 582 343 235

477 424 705 481 semper
731 406 990 480 cooptari
1037 406 1274 461 solebat.
1320 406 1727 478 Episcoporum
1769 407 1985 477 pariter
2022 407 2180 460 ordi-

477 499 827 565 nationibus,
850 497 1140 552 interdum
1156 497 1324 550 etiam
1349 496 1708 550 basilicarum
1730 497 2181 550 dedicationibus

476 587 770 654 intererat,
803 591 864 640 ut
889 586 1080 641 videre
1110 586 1242 639 licet
1279 585 1337 638 in
1371 585 1609 655 epistola
1635 585 1707 638 ad
1743 585 2029 638 Nobilium
2057 585 2177 655 cpi-

476 691 709 748 scopum
733 674 926 745 (Epist.
953 677 1097 742 269),
1113 673 1210 744 qui
1233 690 1364 727 eum
1387 674 1454 728 ad
1479 673 1705 727 fabricas
1727 690 1846 727 suae
1870 673 2179 728 dedicatio-

477 781 610 819 nem
629 764 916 818 invitarat.
944 763 1057 816 lter
1077 767 1192 816 tam
1220 762 1504 832 prolixum
1529 762 1886 832 deprecatur,
1916 767 2083 815 utens
2101 761 2182 815 hi-

476 852 644 908 berni
670 851 946 922 temporis
976 867 1209 922 suaeque
1241 851 1545 904 senectutis
1583 851 1975 918 excusatione;
2007 867 2064 903 se
2097 854 2178 904 ta-

475 957 611 996 men
639 941 780 995 illud
813 940 1077 994 lubenter
1101 945 1498 1009 suscepturum
1530 938 1747 1006 scribit,
1791 938 1901 992 nisi
1928 937 2180 1009 corporis

478 1029 816 1084 inﬁrmitate
842 1027 1276 1098 praepediretur.

545 1122 598 1175 4.
630 1118 935 1188 Apostolus
983 1117 1294 1171 decernens
1347 1115 1545 1170 fideles
1587 1131 1701 1168 non
1755 1115 1903 1185 apud
1945 1114 2180 1168 saecula-

473 1206 628 1262 rium
671 1206 1114 1277 magistratuum
1154 1204 1481 1269 tribunalia,
1525 1203 1622 1258 sed
1662 1221 1692 1257 a
1732 1204 2084 1274 sapientibus
2123 1209 2179 1258 et

473 1295 683 1349 sanctis
718 1295 898 1366 ipsius
938 1293 1193 1348 Ecclesiae
1215 1293 1373 1359 viris,
1399 1292 1498 1364 qui
1528 1292 1587 1346 in
1621 1293 1758 1345 locis
1787 1292 2174 1359 consisterent,

469 1383 716 1455 judicari
773 1384 999 1449 debere,
1066 1382 1348 1453 episcopis
1401 1381 1615 1436 alienas
1661 1398 1859 1436 causas
1910 1380 2176 1436 audiendi

473 1473 871 1528 necessitatem
902 1471 1176 1543 imposuit
1207 1471 1300 1542 (De
1322 1472 1490 1540 Opere
1502 1473 1772 1539 monach.,
1796 1486 1849 1524 η.
1877 1470 1984 1541 3‘7).
2015 1470 2174 1524 Chri-

473 1561 643 1615 stiani
661 1577 894 1632 quoque
920 1560 1295 1631 imperatores
1318 1561 1465 1614 hanc
1478 1559 1758 1630 episcopis
1772 1558 2065 1629 judicandi
2079 1575 2176 1629 po-

464 1654 728 1705 testatem
751 1665 868 1703 non
885 1665 998 1703 una
1013 1654 1234 1703 tantum
1260 1648 1385 1717 lege
1407 1648 1801 1702 firmaverant.
1821 1647 2175 1717 Augustinus

467 1738 648 1808 igitur
675 1738 789 1791 sive
823 1752 856 1791 a
903 1736 1259 1802 Christianis,
1295 1736 1408 1789 sive
1445 1753 1478 1789 a
1521 1735 1766 1806 cujusvis
1796 1741 1962 1790 secta:
1994 1735 2174 1790 homi-

467 1827 637 1880 nibus
671 1825 739 1880 ad
779 1841 977 1879 causas
1030 1825 1345 1879 audiendas
1383 1824 1794 1894 interpellatus,
1828 1823 1938 1878 illis
1977 1823 2172 1877 sedulo

461 1915 730 1981 vacabat;
766 1918 821 1968 et
848 1913 953 1967 hoc
1000 1929 1264 1979 munere,
1298 1913 1450 1984 quod
1501 1913 1730 1982 pietatis
1757 1929 1874 1966 sum
1918 1928 2039 1966 esse
2071 1912 2173 1966 du-

464 2004 648 2070 cebat,
683 2001 947 2073 religiose
999 1992 1367 2071 fungebatur.
1399 2000 1579 2055 Simul
1622 2005 1817 2055 tamen
1846 2016 1967 2071 pra:
1993 1999 2171 2054 oculis

461 2091 705 2146 habebat
733 2091 876 2145 illud
906 2090 1203 2161 cujusdam
1241 2089 1512 2143 effatum:
1542 2090 1705 2143 Malle
1737 2105 1794 2143 se
1833 2088 1982 2142 inter
2009 2088 2170 2159 igno-

461 2186 571 2249 tos,
604 2196 776 2249 quam
820 2179 971 2233 inter
1005 2178 1220 2232 amicos
1260 2194 1458 2231 causas
1504 2177 1739 2232 audire:
1789 2177 2062 2248 quoniam
2099 2178 2167 2232 de

461 2268 770 2340 incognitis
795 2283 950 2336 eum,
981 2267 1298 2321 secundum
1336 2281 1507 2337 quem
1540 2282 1602 2318 ex
1628 2265 1776 2336 juris
1808 2282 2009 2320 norma
2039 2283 2165 2320 sen-

462 2357 643 2412 tentia
670 2355 972 2418 diceretur,
1005 2359 1196 2427 posset
1235 2354 1483 2408 amicum
1515 2353 1848 2425 acquirere:
1877 2355 1945 2408 de
1972 2354 2167 2408 amicis

461 2461 598 2500 vero
629 2461 784 2515 eum,
826 2449 1023 2498 contra
1067 2460 1238 2515 quem
1277 2443 1559 2497 sententia
1599 2443 1972 2514 proferretur,
2021 2449 2167 2496 esset

459 2535 696 2590 fortasse
711 2533 1036 2604 perditurus
1056 2532 1314 2602 (Possid.,
1331 2534 1391 2585 in
1426 2533 1554 2586 Vita
1575 2532 1833 2598 August,
1857 2547 1902 2585 c.
1930 2535 2024 2598 19;
2047 2534 2164 2587 Au-

460 2627 608 2688 gust.
648 2623 828 2691 Epist.
857 2623 944 2686 33,
976 2635 1034 2673 n.
1063 2620 1141 2690 5).
1179 2619 1317 2673 Huic
1340 2619 1604 2673 obeundo
1625 2618 1850 2672 muneri
1875 2618 2160 2690 interdum

459 2711 532 2765 ad
558 2726 738 2781 usque
758 2709 960 2763 horam
990 2708 1333 2775 refectionis,
1369 2707 1678 2778 aliquando
1709 2711 1900 2761 autem
1930 2711 2045 2761 tota
2072 2708 2163 2762 die

452 2799 722 2870 jejunans
764 2797 1355 2852 vacabat.Admodum
1410 2797 1692 2850 laboriosa
1736 2800 1875 2857 erat,
1937 2800 1992 2849 et
2049 2813 2163 2848 mo-

455 2887 598 2940 lesta
626 2885 749 2940 haec
778 2884 1072 2956 occupatio
1104 2884 1156 2939 ei
1201 2885 1344 2951 viro,
1393 2883 1491 2955 qui
1524 2884 1692 2938 unius
1731 2883 1984 2938 veritatis
2023 2901 2179 2962 con-_

451 2974 796 3044 templandm
823 2973 1008 3028 studio
1038 2972 1395 3027 afficiebatur
1435 2975 1658 3043 (Enarr.
1696 2975 1756 3026 in
1790 2973 1934 3028 Psal.
1970 2989 2157 3038 cxvm,

455 3078 618 3117 serm.
649 3065 738 3130 24,
769 3078 826 3116 n.
861 3063 931 3129 3).
962 3062 1103 3116 Hinc
1131 3078 1195 3115 ea
1219 3061 1288 3115 de
1306 3077 1366 3115 re
1394 3061 1604 3131 passim
1622 3061 2010 3132 conqueritur,
2046 3078 2160 3116 ma-

452 3151 766 3221 luissetque
783 3154 962 3204 certas
975 3149 1212 3220 singulis
1223 3149 1420 3204 diebus
1441 3150 1606 3202 horas
1625 3149 1683 3202 in
1695 3165 1864 3218 opere
1883 3165 2157 3203 manuum

455 3255 812 3300 consumere,
847 3255 1020 3309 quam
1057 3239 1144 3292 his
1179 3238 1539 3307 negotiorum
1570 3238 1911 3291 anfractibus
1946 3243 2001 3291 et
2029 3254 2154 3292 mo-

467 3327 646 3382 lestiis
675 3326 957 3397 implicari
987 3330 1079 3396 (De
1118 3326 1286 3395 Opere
1319 3327 1590 3391 monach.,
1619 3341 1675 3380 η.
1710 3325 1836 3394 37);
1873 3326 1971 3380 sed
2011 3327 2156 3381 hanc

473 3431 708 3486 operam
739 3413 1007 3469 fratribus
1028 3413 1494 3484 suis,pra=.sertim
1526 3413 1958 3480 inﬁrmioribus,
1983 3416 2154 3469 dene-

459 3519 596 3573 gare
627 3519 745 3557 non
775 3507 1016 3574 poterat.
1046 3503 1404 3573 Quapropter
1432 3501 1488 3556 id
1520 3502 1732 3556 laboris
1754 3519 1864 3556 non
1892 3503 2010 3557 sine
2041 3505 2157 3558 ulla

457 3591 845 3646 consolatione
884 3591 1227 3662 perferebat,
1275 3607 1508 3662 sperans
1536 3607 1592 3644 se
1640 3607 1706 3645 ex
1744 3591 2022 3661 patientia
2053 3609 2154 3646 sua

453 3681 701 3735 fructum
727 3680 855 3735 vita;
876 3683 1102 3734 aeterna:
1135 3679 1441 3751 aliquando
1470 3683 1897 3750 perceptarum.
1925 3683 2152 3737 Nostras

449 3771 736 3836 orationes,
776 3768 984 3840 inquit,
1019 3783 1158 3838 saepe
1185 3771 1398 3822 sauciat
1426 3773 1477 3822 et
1501 3768 1751 3822 debilitat
1782 3770 1956 3835 caligo
1982 3775 2033 3824 et
2053 3761 2149 3824 tu-

445 3859 647 3913 multus
676 3859 1017 3912 szcularium
1046 3860 1349 3924 actionum;
1378 3871 1515 3926 quas
1544 3859 1647 3910 etsi
1671 3863 1885 3912 nostras
1913 3874 2026 3912 non
2056 3859 2152 3912 ha-

446 3947 647 4012 bemus,
677 3961 857 4000 eorum
889 3951 1066 3999 tamen
1095 3947 1191 4015 qui
1217 3959 1312 4000 nos
1342 3947 1639 4014 angariant
1675 3947 1821 4000 mille
1855 3961 2071 4015 passus,
2100 3950 2151 4000 et

435 4035 692 4104 jubemur
723 4037 803 4088 ire
840 4049 960 4088 cum
991 4035 1067 4087 eis
1112 4034 1225 4087 alia
1263 4034 1389 4099 duo,
1423 4038 1588 4087 tanta:
1615 4035 1766 4088 nobis
1801 4037 2145 4101 ingeruntur,

442 4127 505 4176 ut
526 4124 625 4176 via:
652 4124 924 4190 respirare
937 4123 1210 4190 possimus
1242 4137 1254 4174 :
1284 4121 1554 4173 credentes
1586 4126 1762 4174 tamen
1793 4122 1937 4189 quod
1959 4123 2067 4188 ille,
2092 4124 2150 4175 in

443 4209 598 4276 cujus
627 4211 910 4276 conspectu
948 4209 1122 4260 intrat
1173 4208 1407 4273 gemitus
1446 4207 1886 4274 compeditorum,
1919 4222 2147 4275 perseve-

440 4300 623 4349 rantes
660 4310 755 4348 nos
785 4297 845 4347 in
873 4309 930 4348 eo
958 4295 1279 4356 ministerio,
1328 4296 1386 4346 in
1417 4309 1521 4362 quo
1563 4294 1822 4360 dignatus
1867 4301 1945 4348 est
1972 4297 2131 4348 collo-

440 4398 583 4449 care,
615 4398 735 4437 cum
772 4385 1046 4452 promissa
1076 4381 1334 4448 mercede,
1367 4382 1762 4450 adjuvantibus
1801 4384 2138 4436 orationibus

434 4473 651 4538 vestris,
673 4471 742 4525 ab
763 4473 910 4525 omni
927 4472 1185 4538 angustia
1207 4471 1458 4524 liberabit
1473 4471 1676 4539 (Epist.
1703 4473 1788 4539 48,
1813 4486 1869 4524 n.
1903 4471 1969 4539 l).
1995 4472 2135 4527 Cum

437 4559 506 4614 ad
535 4559 815 4630 populum
845 4559 1017 4613 verba
1035 4559 1270 4627 faceret,
1294 4559 1631 4612 hortabatur
1659 4575 1775 4626 eos,
1804 4559 2014 4630 quibus
2051 4560 2141 4614 in-

428 4646 598 4718 justas
629 4646 754 4700 lites
782 4647 1152 4709 inferrentur,
1193 4653 1257 4701 ut
1300 4663 1358 4700 se
1389 4647 1630 4717 pecunia
1660 4647 1939 4702 redimere
1965 4653 2020 4702 et
2048 4665 2139 4703 ex-

442 4734 639 4805 pedire
665 4740 1036 4801 conarentur;
1086 4735 1240 4806 quod
1271 4735 1392 4806 ipse
1424 4735 1485 4789 in
1513 4736 1696 4790 causis
1734 4737 1803 4790 ad
1830 4753 1888 4790 se
1918 4737 2137 4804 delatis,

433 4838 566 4877 cum
604 4828 812 4893 posset,
845 4823 1154 4878 factitabat.
1199 4825 1330 4880 Vult
1356 4826 1579 4893 aliquis.
1613 4825 1690 4879 ait
1735 4826 1985 4896 quodam
2015 4841 2137 4879 ser-

433 4926 625 4978 mone,
655 4926 880 4966 avocare
910 4917 959 4966 te
997 4913 1184 4966 litibus
1213 4929 1248 4966 a
1276 4915 1386 4968 Deo
1427 4918 1546 4967 tuo:
1594 4929 1703 4968 non
1732 4914 1954 4968 habebis
1983 4917 2136 4982 quie-

431 5005 545 5054 tum
574 5014 682 5069 cor,
714 5015 821 5054 non
851 5000 1068 5054 habebis
1089 5003 1447 5070 tranquillum
1475 5003 2022 5068 animum;everteris
2052 5017 2136 5056 co-

427 5088 788 5156 gitationibus
824 5090 952 5154 tuis,
983 5089 1228 5142 irritaris
1258 5088 1518 5142 adversus
1551 5092 1731 5158 ipsum
1757 5090 2133 5144 adversarium

427 5182 598 5232 tuum.
625 5178 760 5230 Ecce
789 5180 996 5245 tempus
1027 5176 1338 5245 perdidisti.
1369 5178 1579 5243 Quanto
1607 5193 1730 5246 ergo
1762 5181 1952 5233 melius
1973 5184 2052 5234 est
2072 5185 2134 5233 ut

423 5280 701 5319 nummum
732 5266 977 5332 amittas,
1017 5267 1068 5318 et
1114 5268 1320 5333 tempus
1356 5265 1633 5320 redimas?
1662 5268 1879 5321 Fratres
1907 5270 2031 5333 mei,
2072 5270 2131 5321 in

425 5356 606 5408 causis
625 5346 826 5407 vestris
850 5358 900 5406 et
931 5355 990 5406 in
1019 5354 1247 5418 negotiis
1274 5355 1488 5418 vestris,
1523 5354 1742 5422 quando
1762 5355 1836 5408 ad
1859 5370 1954 5409 nos
1976 5357 2129 5424 judi-

1728 284 1890 338 VITA
1928 285 1984 339 S.
2024 283 2397 339 AUGUSTINI
2443 282 2775 338 EPISCOP].
3899 287 3989 337 '23:”;

2287 407 2486 477 ﬁducia
2512 407 2670 461 debeo
2712 406 2903 470 dicere,
2948 411 3009 460 ut
3036 406 3234 460 reddat
3279 408 3558 462 alienum?
3590 408 3798 463 Ambos
3853 411 3983 463 enim

2289 498 2612 550 christianos
2641 495 2825 550 audio.
2860 498 2982 550 lam
3011 497 3102 549 ille
3141 497 3519 554 calumm’osus.
3562 501 3660 565 qui
3685 499 3811 551 vult
3840 499 3990 552 alteri

2287 590 2466 653 facere
2507 601 2747 654 causam,
2795 591 2846 640 et
2887 588 3066 639 tollere
3107 586 3175 638 ab
3211 589 3303 639 illo
3334 587 3416 640 vel
3451 603 3552 657 pro
3592 591 3986 657 compositione.

2288 675 2488 743 gaudet
2505 675 2579 727 ad
2600 677 2708 728 ista
2729 675 2910 728 verba.
2936 676 3225 742 Apostolus
3242 675 3425 728 dicrit:
3454 696 3475 722 ι
3497 677 3844 731 Redimentes
3865 680 3988 730 tem-

2283 777 2409 832 pus,
2443 763 2697 830 quoniam
2731 763 2842 815 dies
2861 763 2996 816 mali
3018 768 3145 817 sunt
3171 782 3198 812 η
3229 763 3450 833 (Ephes.
3468 781 3520 830 v,
3556 766 3662 834 15).
3687 767 3855 819 Facio
3876 781 3988 832 ergo

2286 853 2613 904 calumniam
2629 852 2924 904 christiano
2945 852 3056 915 illi;
3079 852 3212 905 velit
3228 853 3382 916 nolit,
3403 852 3500 906 dat
3518 855 3658 905 mihi
3677 855 3921 925 aliquid,
3938 863 3989 906 ut

2287 945 2493 1008 tempus
2520 939 2773 1004 redimat,
2799 942 2930 1008 quia
2951 943 3255 1009 episcopum
3284 941 3516 995 audivit.
3545 945 3638 996 Dic
3659 944 3820 1004 mihi,
3843 947 3893 997 si
3913 946 3990 996 illi

2287 1029 2532 1081 dicturus
2558 1043 2695 1091 sum,
2719 1028 2886 1082 Perde
2912 1030 3124 1097 aliquid
3152 1034 3212 1082 ut
3241 1032 3315 1083 sis
3345 1033 3577 1098 otiosus;
3612 1031 3718 1084 tibi
3739 1047 3851 1085 non
3878 1046 3987 1084 sum

2286 1117 2550 1183 dictu-rus,
2578 1118 2933 1182 Calumniose,
2952 1118 3182 1185 perdite,
3207 1119 3292 1185 ﬁli
3316 1118 3542 1182 diaboli,
3562 1134 3737 1186 quare
3750 1135 3842 1172 res
3862 1121 3985 1172 alie-

2285 1221 2383 1258 nas
2405 1209 2622 1271 auferre
2635 1206 2846 1259 moliris
2863 1205 2891 1259 ?
2912 1206 3141 1260 Causam
3167 1221 3273 1259 non
3294 1207 3478 1274 habes,
3508 1212 3558 1260 et
3573 1209 3859 1261 calumnia
3883 1210 3987 1276 ple-

2283 1309 2385 1347 nus
2400 1309 2472 1347 es.
2493 1293 2662 1348 Addit
2677 1293 2881 1347 deinde
2907 1309 2921 1347 :
2945 1294 3055 1347 Sed
3079 1296 3172 1348 hoc
3192 1297 3333 1360 forte
3352 1296 3518 1357 rides,
3542 1298 3678 1365 quia
3692 1300 3983 1366 pecuniam

2282 1383 2436 1450 rapis
2479 1381 2631 1443 Ride,
2655 1381 2794 1446 ride,
2816 1385 2864 1434 et
2887 1386 3184 1436 contemne:
3211 1397 3303 1449 ego
3324 1398 3552 1450 erogem,
3568 1385 3744 1438 veniet
3760 1387 3864 1454 qui
3883 1389 3987 1439 exi-

2283 1476 2376 1535 gat
2401 1471 2585 1538 (Scrm.
2624 1473 2783 1536 167,c
2820 1473 2870 1537 3,
2890 1486 2947 1524 n.
2969 1471 3042 1539 4).
3073 1471 3426 1540 Litigatores,
3449 1472 3598 1526 haud
3617 1473 3799 1527 dubie
3816 1474 3985 1527 vitan-

2283 1559 2368 1611 dze
2383 1557 2798 1628 provocationis
2815 1574 2978 1610 causa
2991 1599 3003 1622 ,
3019 1557 3096 1611 sic
3117 1559 3182 1611 ad
3203 1558 3382 1612 amice
3396 1559 3843 1630 transigendum
3856 1561 3982 1614 hor-

2281 1646 2528 1714 tabatur,
2545 1647 2716 1700 etiam
2739 1663 2867 1700 cum
2887 1647 2956 1700 de
2973 1647 3142 1700 unius
3162 1647 3239 1717 inj
3251 1653 3369 1700 usta
3383 1664 3571 1717 causa,
3593 1649 3731 1702 etde
3748 1650 3981 1704 alterius

2276 1737 2405 1805 jure
2435 1751 2547 1788 non
2573 1735 2908 1805 ambigeret.
2947 1737 3021 1789 De
3056 1736 3145 1789 his
3175 1737 3547 1807 probabiliter
3564 1739 3813 1808 negotiis
3838 1755 3871 1792 a
3893 1755 3982 1809 po-

2281 1822 2416 1890 pulo
2443 1837 2545 1874 suo
2576 1821 2806 1875 tandem
2849 1821 3117 1887 obtinuit,
3159 1827 3221 1876 ut
3251 1839 3352 1893 per
3387 1824 3641 1894 quinque
3673 1825 3983 1895 cujuslibet

2280 1909 2652 1962 hebdomadas
2677 1909 2796 1962 dies
2816 1925 2846 1962 a
2871 1910 3100 1963 nemine
3119 1910 3599 1982 interpellaretur.
3622 1913 3726 1967 Sed
3752 1915 3864 1967 hoc
3888 1915 3984 1968 ubi

2281 1998 2347 2050 ad
2377 1998 2544 2051 breve
2574 2002 2803 2068 tempus
2825 2004 3106 2052 servatum
3136 2005 3239 2057 est.
3279 2000 3564 2070 irruptum
3587 2006 3670 2056 est
3701 2003 3984 2057 violenter

2277 2083 2335 2138 in
2367 2101 2520 2146 eum.
2545 2090 2601 2139 et
2628 2090 2759 2140 ante
2791 2102 2852 2139 ac
2880 2091 3007 2156 post
3036 2088 3333 2142 meridiem
3372 2091 3847 2158 occupationibus
3877 2092 3980 2145 ho-

2278 2173 2501 2228 minum
2547 2174 2810 2244 occupari
2851 2179 3075 2228 coactus
3114 2175 3222 2229 fuit
3249 2177 3371 2245 (Ep.
3407 2181 3532 2243 2l3,
3578 2193 3642 2233 n.
3703 2179 3778 2248 5).
3829 2181 3978 2234 Tan-

2275 2263 2403 2315 dem
2435 2278 2588 2316 anno
2617 2263 3180 2333 quadringentesimo
3214 2264 3486 2334 vigesimo
3515 2269 3670 2319 sexto
3702 2266 3760 2319 in
3805 2269 3975 2321 Hera-

2275 2351 2447 2404 clium
2488 2353 2908 2422 presbyterum,
2945 2368 3120 2423 quem
3150 2353 3257 2406 sibi
3294 2369 3678 2408 successorem
3709 2355 3976 2427 designa-

2274 2439 2374 2503 vit,
2419 2440 2474 2494 id
2524 2441 2714 2494 oneris
2764 2441 2996 2495 refudit.
3059 2443 3267 2496 Harum
3313 2443 3751 2512 occupationum
3802 2445 3978 2498 mole-

2274 2529 2442 2582 stiam
2473 2529 2746 2599 singulari
2798 2529 3091 2600 patientia,
3143 2546 3257 2601 qua
3305 2532 3462 2586 illam
3510 2533 3815 2603 tolerabat,
3856 2551 3972 2588 non

2275 2619 2445 2672 modo
2490 2619 2559 2672 ad
2589 2634 2748 2672 suam
2797 2619 2994 2688 ipsius,
3041 2635 3240 2673 verum
3281 2621 3453 2674 etiam
3497 2621 3563 2674 ad
3609 2637 3832 2689 eorum,
3874 2624 3974 2694 qui

2273 2707 2424 2776 apud
2465 2706 2653 2776 ipsum
2693 2723 2921 2760 causam
2955 2707 3228 2772 dicerent,
3257 2709 3500 2762 salutem
3529 2715 3862 2764 convertere
3895 2712 3974 2764 ui-

2272 2795 2515 2849 tebatur.
2571 2797 2711 2849 Cum
2753 2796 2904 2848 enim
2940 2796 3227 2864 litigantes
3260 2797 3501 2862 audiret,
3543 2798 3713 2852 simul
3739 2800 3970 2854 interio-

2270 2899 2392 2936 rem
2434 2883 2757 2937 animarum
2791 2888 3003 2938 statum
3043 2889 3100 2939 et
3145 2885 3396 2939 diversos
3423 2887 3682 2942 cordium
3709 2887 3967 2942 ali'ectus

2270 2972 2654 3042 expendebat;
2676 2977 2732 3026 et
2765 2988 2828 3026 ex
2851 2973 3022 3027 modo
3043 2989 3158 3045 quo
3189 2990 3291 3028 sua
3311 2975 3538 3045 negotia
3561 2982 3969 3045 procurarent,

2269 3077 2552 3132 suumque
2597 3061 2693 3130 jus
2742 3067 3249 3132 persequerentur,
3297 3063 3630 3119 observabat
3685 3071 3970 3135 quantum

2269 3149 2511 3220 quisque
2560 3151 2644 3202 vel
2681 3149 2740 3204 in
2773 3150 2885 3204 ﬁde
2915 3151 3190 3222 bonisque
3219 3152 3487 3223 operibus
3517 3154 3842 3223 proliceret,
3884 3159 3969 3210 vel

2269 3238 2329 3292 at
2369 3237 2437 3290 iis
2475 3237 2758 3293 deﬁceret.
2794 3240 2859 3292 Et
2885 3239 2985 3292 ubi
3019 3255 3077 3292 se
3106 3241 3406 3295 commoda
3434 3241 3706 3296 offerebat
3729 3247 3969 3309 occasio,

2267 3326 2472 3379 divinae
2518 3328 2654 3395 legis
2696 3326 2993 3382 veritatem
3042 3319 3241 3400 partes
3269 3329 3526 3396 docebat,
3573 3346 3818 3403 eamque
3858 3334 3970 3387 illis

2267 3420 2388 3469 toto
2433 3414 2624 3468 animo
2659 3420 2711 3469 et
2742 3415 2902 3470 omni
2930 3416 3118 3471 studio
3146 3417 3454 3481 inculcans,
3489 3419 3557 3473 ad
3587 3420 3765 3474 vitam
3799 3427 3971 3476 aster-

2266 3520 2398 3557 nam
2429 3503 2849 3573 adipiscendam
2885 3506 3002 3559 suis
3043 3522 3138 3560 eos
3183 3507 3542 3562 sermonibus
3587 3509 3964 3566 hortabatur:

2267 3592 2320 3644 id
2352 3608 2531 3645 unum
2560 3592 2821 3647 videlicet
2836 3593 2895 3647 in
2925 3596 3329 3650 controversiis
3356 3597 3598 3651 aliorum
3621 3598 3968 3655 dirimendis

2264 3682 2484 3735 lucrum
2534 3681 2845 3751 quaerebat,
2895 3687 3077 3751 utea,
3122 3701 3251 3755 quas
3285 3687 3398 3739 Deo
3427 3690 3485 3740 et
3531 3687 3869 3743 hominibus
3901 3707 3963 3744 ex

2261 3769 2584 3823 christiana;
2631 3769 2860 3839 pietatis
2905 3772 3239 3844 praescripto
3283 3773 3577 3841 debemus,
3624 3775 3961 3844 implerent.

2260 3857 2330 3910 Et
2352 3857 2590 3922 faciebat
2615 3859 2708 3912 hoc
2725 3862 2985 3929 tanquam
3013 3863 3314 3930 speculator
3333 3878 3368 3916 α
3391 3865 3611 3918 Domino
3637 3868 3965 3920 constitutus

2259 3944 2444 3998 domui
2462 3946 2651 4010 Israel,
2665 3947 2977 4016 praedicans
2991 3949 3209 4004 verbum
3224 3954 3389 4020 atque
3404 3952 3615 4006 instans
3634 3957 3962 4022 opportune,

2256 4035 2566 4102 importune
2591 4050 2845 4104 arguens,
2879 4039 3121 4105 hortans,
3144 4041 3524 4109 increpans,in
3555 4043 3702 4094 omni
3719 4043 3965 4111 longani-

2255 4123 2444 4175 mitate
2471 4127 2521 4176 et
2545 4124 2827 4191 doctrina;
2857 4128 3233 4196 praecipueque
3261 4142 3480 4196 operam
3512 4128 3653 4185 dans
3688 4133 3965 4186 instruere

2255 4225 2360 4276 eos,
2392 4213 2490 4280 qui
2515 4217 2687 4266 essent
2722 4213 2902 4268 idonei
2930 4219 2980 4268 et
3011 4216 3148 4270 alios
3179 4216 3364 4270 docere
3409 4217 3668 4285 (Possid.,
3728 4221 3790 4273 in
3836 4223 3962 4276 Vita

2255 4299 2516 4366 August,
2573 4315 2620 4353 c.
2678 4301 2784 4371 l9).
2855 4301 2944 4356 Sic
2994 4319 3354 4375 quacumque
3411 4305 3600 4360 oblata
3661 4307 3961 4362 occasione

2254 4388 2436 4450 utens,
2464 4401 2759 4456 nunquam
2781 4405 2896 4443 non
2931 4406 3163 4462 operam
3195 4392 3368 4447 dabat
3389 4393 3516 4447 aliis
3541 4393 3656 4448 sive
3684 4396 3958 4466 privatim

2252 4471 2366 4525 sive
2387 4474 2575 4543 palam
2605 4475 2990 4533 instituendis.

2930 4569 3154 4623 CAPUT
3185 4571 3275 4625 Vl.

2255 4653 2273 4703 l
2312 4651 2371 4704 In
2390 4651 2568 4706 divini
2591 4653 2741 4708 verbi
2762 4655 3205 4724 medicationem
3235 4659 3419 4714 sedulo
3441 4661 3704 4716 incumbit
3731 4668 3955 4719 sanctus

2316 4742 2634 4809 Episcopus.
2665 4745 2699 4796 2
2745 4743 2951 4798 Audito
2987 4759 3044 4798 eo
3090 4748 3455 4815 concionante,
3499 4751 3719 4805 Firmus
3763 4753 3954 4806 Mani-

2314 4830 2489 4884 chaeus
2519 4830 2594 4883 ad
2613 4831 2818 4886 Christi
2836 4832 2997 4902 [idem
3012 4838 3364 4890 convertitur.
3397 4840 3428 4890 3
3452 4837 3712 4903 Quaedam
3741 4841 3800 4893 in
3829 4841 3954 4909 ejus
4037 4902 4041 4907 ⁴

2315 4918 2660 4974 Sermonibus
2690 4921 2977 4975 observatu
3003 4921 3193 4991 digna.
3234 4925 3268 4978 4
3305 4925 3499 4979 Latine
3526 4929 3952 4984 concionabatur

2314 5007 2466 5074 apud
2496 5009 2816 5077 Hipponem.
2850 5012 2880 5063 5
2924 5011 3256 5066 Consuetudo
3293 5013 3557 5067 audiendi
3591 5015 3811 5070 verbum
3855 5019 3953 5070 Dei

2309 5095 2558 5162 sedendo,
2593 5111 2756 5164 quam
2785 5113 2904 5166 quae
2962 5100 3358 5166 Africanarum
3388 5105 3753 5160 Ecclesiarum
3799 5114 3943 5174 erat,

2309 5183 2572 5237 audiendi
2597 5187 2802 5240 scilicet
2839 5189 3056 5250 stando,
3094 5193 3273 5256 magis
3302 5193 3389 5246 illi
3414 5193 3700 5261 probatur.

2312 5272 2360 5322 1.
2390 5271 2693 5326 Maximum
2733 5275 3194 5331 emolumentum
3233 5278 3514 5333 Africanis
3561 5282 3820 5336 Ecclesiis
3869 5287 3942 5336 at-

2234 5356 2366 5409 tulit
2400 5360 2706 5428 Augustini
2743 5361 3128 5434 episcopatus,
3159 5383 3226 5420 eo
3279 5369 3644 5438 potissimum
3677 5373 3931 5439 nomine,

423 5442 602 5497 canda
630 5445 871 5509 veniunt,
896 5441 1175 5496 sihomini
1196 5441 1496 5495 christiano
1517 5441 1658 5507 dico,
1690 5447 1750 5496 ut
1770 5457 1874 5512 pro
1897 5448 2128 5514 tempore
2233 5443 2414 5514 ipsius
2451 5447 2675 5501 Paulini
2708 5449 2946 5523 judicio,
2986 5454 3140 5524 quod
3179 5457 3353 5510 verba
3389 5459 3636 5513 ccelestia
3677 5461 3805 5531 ejus
3847 5478 3942 5517 ore
4037 5507 4041 5531 ί

421 5529 756 5597 redimendo,
781 5529 982 5599 perdat
1000 5527 1218 5597 aliquid
1241 5542 1425 5594 suum;
1457 5533 1658 5598 quanto
1683 5529 1890 5598 majore
1917 5545 2049 5586 cura
2069 5536 2123 5586 et
2231 5533 2526 5605 percipere
2557 5517 2905 5597 meruerunt.
2932 5517 3134 5614 (Epist.
3169 5547 3258 5612 32,
3285 5561 3338 5599 η.
3373 5548 3444 5616 2).
3476 5548 3545 5604 Ut
3571 5517 3728 5604 enini
3764 5552 3912 5608 Evan
4037 5517 4042 5628 Ι

4035 5671 4041 5770 ὲ
