4060 6390
117 297 222 351 '23?

111 417 342 489 gelium
371 416 554 472 adhuc
582 416 874 489 presbyter
906 432 1007 488 pro
1029 416 1176 471 virili
1202 433 1305 470 sua
1332 421 1491 487 parte
1520 405 1822 470 annuntia-

113 512 231 574 ret;
262 509 479 574 factum
520 511 618 567 est.
653 511 714 559 ut
760 507 1035 575 episcopus
1075 507 1241 559 multo
1270 508 1565 559 instantius
1593 520 1656 558 ac
1701 506 1822 570 fer-

109 596 350 658 ventius,
393 596 600 664 majore
649 597 989 654 auctoritate.
1026 610 1134 648 non
1173 597 1351 648 adhuc
1385 597 1445 648 in
1471 609 1584 647 una
1613 599 1824 648 tantum

112 685 357 752 regione,
396 683 492 738 sed
515 682 835 752 ubicumque
862 688 1085 750 rogatus
1107 684 1355 750 venisset,
1382 683 1602 736 verbum
1629 682 1823 736 salutis

112 778 335 827 eterna:
361 773 619 826 alacriter
654 787 718 825 ac
759 774 1010 840 gnaviter
1053 772 1355 840 pullulante
1378 777 1540 839 atque
1566 776 1826 825 crescente

115 863 343 917 Domini
368 862 605 915 Ecclesia
630 860 956 929 praedicaret
977 859 1294 930 (Possidius,
1328 860 1385 913 in
1418 860 1547 913 Vita
1564 859 1823 925 August.,

116 955 157 1005 ι.
201 949 309 1016 19).
344 946 582 1001 Possidii
630 946 800 1000 verba
830 946 929 1000 illa
958 951 1118 1011 sunt;
1171 946 1269 1016 qui
1314 962 1543 1000 rursum
1568 946 1638 1001 de
1670 946 1826 1014 ejus-

116 1037 253 1091 dem
302 1034 367 1090 in
414 1034 817 1105 praedicatione
866 1035 1060 1089 labore
1089 1034 1316 1088 assiduo
1346 1034 1564 1089 tradit:
1604 1035 1830 1090 Verbum

121 1127 218 1181 Dei
252 1139 427 1192 usque
456 1124 531 1177 ad
561 1126 738 1193 ipsum
770 1139 926 1177 suam
964 1128 1258 1178 extremam
1302 1123 1680 1190 aegritudinem
1725 1126 1830 1177 im—

123 1214 512 1283 pretermisse,
562 1213 820 1266 alacriter
856 1216 907 1266 et
928 1213 1169 1278 fortiter,
1216 1226 1353 1265 sana
1380 1215 1570 1276 mente,
1599 1226 1835 1278 sonoque

122 1302 348 1356 consitio
383 1303 443 1354 in
485 1300 721 1355 Ecclesia
764 1300 1086 1369 pradicavit
1115 1299 1306 1367 (Ibid.,
1346 1316 1391 1353 c.
1440 1300 1546 1367 3t).
1588 1300 1828 1353 Tantum

125 1390 177 1443 ei
207 1391 296 1443 vel
337 1388 536 1459 juveni
582 1390 866 1443 tributum
914 1393 1020 1456 est,
1050 1393 1115 1442 ut
1138 1388 1487 1458 ubicumque
1517 1388 1752 1450 adesset,
1786 1386 1832 1441 si

126 1478 437 1533 dicendum
468 1482 591 1533 erat
618 1477 688 1532 ad
719 1477 1020 1547 populum,
1054 1476 1108 1530 id
1133 1475 1388 1530 muneris
1413 1475 1466 1529 ei
1490 1491 1716 1545 semper
1735 1476 1833 1529 de-

124 1568 399 1632 ferretur,
447 1570 505 1619 et
548 1564 669 1635 ipse
712 1581 840 1619 raro
872 1570 1065 1619 tacere
1094 1569 1263 1635 atque
1301 1563 1444 1617 alios
1485 1563 1681 1617 audire
1710 1578 1836 1632 per-

126 1655 456 1710 mitteretur
490 1656 747 1723 (Retract.
786 1655 1030 1724 prologo.
1072 1669 1128 1706 n.
1174 1655 1249 1722 2).
1300 1654 1362 1707 Et
1388 1668 1519 1706 vero
1561 1652 1684 1721 ipse
1712 1668 1833 1705 mo-

129 1743 288 1798 deste
335 1760 396 1796 se
426 1758 653 1813 gerens,
683 1757 748 1796 ac
778 1742 947 1796 unius
979 1741 1354 1812 Hipponensis
1405 1740 1659 1795 Ecclesiae
1699 1755 1836 1793 cura

129 1836 459 1899 contentus,
506 1830 568 1884 in
619 1830 745 1885 aliis
799 1829 1122 1884 civitatibus
1184 1828 1559 1883 ecclesiastica
1606 1826 1838 1898 negotia

131 1924 359 1974 tantum
387 1919 640 1979 curabat.
673 1923 947 1989 quantum
991 1918 1320 1972 earumdem
1368 1916 1660 1971 civitatum
1690 1932 1839 1986 prae-

132 2009 281 2062 sules
302 2007 357 2062 ei
388 2008 810 2078 permitterent,
827 2008 910 2061 Vel
932 2005 1123 2075 potius
1149 2004 1511 2074 imponerent
1528 2007 1719 2074 (Epist.
1746 2006 1837 2073 3i,

131 2112 186 2151 η.
219 2097 296 2161 5).
328 2096 458 2150 Jam
477 2095 718 2149 vidimus
742 2110 897 2159 eum,
927 2094 1206 2164 quidquid
1234 2096 1349 2147 fere
1379 2092 1543 2147 vacui
1572 2092 1840 2162 temporis

132 2182 393 2247 haberet,
426 2181 496 2235 iis
534 2196 664 2252 quae
693 2181 765 2235 ad
810 2182 1088 2250 populum
1116 2180 1370 2234 dicturus
1399 2184 1541 2244 erat,
1575 2178 1842 2249 parandis

137 2271 430 2325 insumere
479 2269 839 2323 consuevisse
885 2270 1078 2338 (Epist.
1127 2273 1213 2329 73,
1255 2284 1311 2321 n.
1354 2268 1425 2334 5).
1477 2266 1676 2321 Sermo
1728 2271 1843 2319 tre-

137 2359 482 2414 centesimus
531 2356 1045 2428 quinquagesimus
1086 2355 1307 2426 primus
1350 2354 1574 2409 videtur
1603 2354 1669 2408 ad
1710 2369 1844 2407 ver-

140 2448 275 2503 bum
307 2447 483 2501 fuisse
524 2443 909 2516 praescriptus,
950 2449 1007 2497 et
1036 2444 1335 2498 mandatus
1380 2442 1692 2497 memoriae.
1749 2443 1847 2495 Ex-

142 2536 526 2606 temporalem
573 2533 881 2604 aliquando
928 2533 1261 2586 concionem
1311 2531 1577 2586 habebat.
1625 2530 1728 2585 Ubi
1777 2533 1845 2585 de

144 2623 297 2679 illius
335 2621 401 2678 in
448 2622 724 2676 Joannem
764 2620 1115 2675 Tractatibus
1143 2636 1400 2690 agemus,
1429 2618 1750 2673 videbimus
1778 2617 1847 2671 il-

149 2711 266 2766 lum
289 2710 494 2766 diebus
511 2708 765 2779 quinque
791 2707 1077 2761 continuis
1104 2707 1274 2761 fuisse
1304 2706 1723 2760 concionalum.
1748 2706 1850 2760 Ge-

148 2800 332 2854 minos
361 2800 429 2853 in
455 2798 746 2853 Psalmum
791 2796 1206 2866 octogesimum
1252 2801 1514 2850 octavum
1557 2810 1849 2848 sermones

149 2890 344 2943 eodem
375 2886 472 2943 die
518 2886 750 2952 habuit;
789 2886 1033 2939 alterum
1064 2883 1359 2938 matutinis
1388 2883 1565 2949 horis,
1596 2881 1850 2953 pomeri-

148 2976 329 3032 dianis
384 2977 654 3031 alterum.
705 2975 816 3029 Nec
866 2991 901 3027 a
941 2972 1096 3027 verbi
1144 2971 1460 3026 ministerio
1508 2971 1848 3036 abstinebat,

152 3064 323 3118 etiam
369 3078 503 3117 cum
535 3063 780 3132 languor
806 3059 859 3115 ei
890 3058 1308 3131 propemodum
1341 3058 1511 3111 verba
1537 3056 1851 3127 prmclude-

153 3156 270 3207 ret:
297 3157 356 3206 et
384 3151 533 3205 vires
558 3150 842 3221 loquendo
867 3147 1237 3219 recuperabat
1261 3147 1456 3216 (Serm.
1488 3148 1575 3209 42,
1601 3161 1675 3200 cc.
1706 3149 1753 3211 l,
1778 3146 1849 3214 3).

154 3242 327 3296 Tanto
356 3238 635 3294 nimirum
667 3237 947 3309 profectus
973 3235 1174 3307 populi
1203 3234 1291 3291 sui
1335 3234 1524 3289 studio
1556 3234 1851 3305 ﬂagrabat,

156 3335 217 3385 ut
244 3329 456 3386 laboris
479 3344 544 3381 ac
572 3326 782 3382 doloris
811 3342 979 3380 sensu
1009 3340 1201 3380 carere
1227 3323 1533 3378 videretur.

226 3425 276 3473 2.
330 3418 404 3472 Es
448 3416 698 3471 fortuitis
745 3413 1052 3485 aliquando
1097 3412 1322 3468 casibus
1360 3412 1673 3484 judicabat,
1718 3411 1856 3482 quid

159 3508 264 3563 sibi
310 3508 464 3562 Deus
509 3505 581 3560 ad
626 3504 905 3575 populum
951 3503 1138 3558 dicere
1198 3500 1535 3573 praeciperet
1602 3499 1858 3570 Exempli

160 3613 349 3665 causa,
382 3594 432 3650 si
464 3595 662 3659 lector,
694 3593 796 3664 qui
825 3593 1037 3663 saepius
1064 3607 1210 3662 puer
1239 3594 1382 3659 erat,
1413 3591 1698 3661 psalmum
1737 3591 1858 3659 ipse

159 3685 478 3756 delegisset,
513 3687 609 3736 aut
648 3686 890 3736 errasset
920 3681 1106 3751 (Serm.
1151 3683 1275 3745 352,
1315 3695 1362 3735 c.
1398 3682 1448 3743 1,
1478 3695 1533 3733 n.
1562 3680 1638 3746 l);
1680 3677 1767 3731 vix
1798 3677 1860 3731 in

162 3773 418 3828 animum
460 3770 729 3826 inducere
772 3773 1016 3840 poterat,
1048 3773 1112 3822 ut
1138 3767 1306 3822 certis
1345 3767 1417 3821 de
1448 3764 1861 3837 qumstionibus

163 3862 231 3917 ad
272 3860 557 3932 populum
604 3858 777 3914 verba
820 3855 1256 3927 faceretyquod
1301 3858 1496 3909 tamen
1543 3868 1713 3923 agere
1742 3868 1861 3906 non

164 3950 485 4014 omittebat,
510 3963 642 4002 cum
661 3963 725 4001 ex
746 3943 1009 4001 interiori
1034 3944 1217 3998 cordis
1247 3948 1400 3999 motu
1428 3943 1607 3997 Deum
1634 3940 1692 3997 id
1717 3941 1861 3994 velle

166 4038 401 4094 sentiret
422 4038 609 4102 (Serm.
633 4037 722 4100 52,
749 4049 790 4088 ο.
818 4036 872 4100 8,
895 4049 947 4087 n.
974 4033 1079 4100 20).
1095 4031 1419 4101 Aliquando
1445 4031 1592 4084 Deus
1614 4029 1764 4083 aliud
1788 4028 1859 4090 ei,

167 4142 333 4196 quam
378 4123 535 4196 quod
578 4122 764 4177 fuerat
800 4119 1250 4192 praemeditatus,
1296 4117 1640 4188 suggerebat
1671 4118 1862 4183 (Serm.

165 4220 251 4282 7|,
281 4232 326 4271 c.
358 4219 413 4281 5,
434 4230 497 4269 η.
530 4215 604 4280 8).
634 4211 807 4281 Cujus
825 4209 906 4264 rei
932 4207 1219 4264 Possidius
1235 4206 1459 4276 insigne
1482 4206 1655 4261 refert
1673 4221 1863 4261 exem-

170 4305 322 4374 plum
353 4303 417 4357 in
447 4301 567 4358 haec
614 4300 785 4354 verba
829 4313 843 4353 :
884 4299 1005 4353 Scio
1032 4300 1159 4351 item
1193 4311 1299 4350 non
1326 4296 1470 4350 solus
1497 4297 1631 4364 ipse,
1681 4310 1867 4349 verum

168 4397 328 4448 etiam
368 4394 472 4448 alii
503 4394 707 4460 fratres
735 4394 786 4444 et
813 4388 1093 4454 conservi,
1122 4387 1218 4455 qui
1244 4385 1521 4439 nobiscum
1552 4387 1678 4438 tunc
1716 4385 1867 4437 intra

170 4484 561 4551 Hipponensem
585 4480 879 4534 Ecclesium
896 4491 1014 4531 cum
1042 4475 1220 4529 eodem
1245 4478 1428 4528 sancto
1449 4475 1567 4526 viro
1594 4473 1865 4538 vivebant,

170 4573 319 4626 nobis
348 4574 561 4640 pariter
589 4568 663 4622 ad
692 4580 933 4623 mensam
968 4566 1274 4619 constitutis
1315 4578 1432 4617 eum
1462 4563 1669 4616 dixisse
1699 4577 1712 4615 :
1745 4562 1871 4615 Ad-

171 4662 408 4714 vertistis
452 4659 607 4713 hodie
648 4658 707 4710 in
733 4656 952 4710 ecclesia
991 4668 1165 4707 meum
1189 4664 1500 4715 sermonem,
1530 4652 1752 4719 ejusque
1782 4652 1869 4703 in-

174 4749 351 4813 itium,
393 4750 445 4801 et
472 4748 631 4815 ﬁnem
658 4748 845 4799 contra
868 4756 1040 4796 meam
1064 4738 1499 4795 consuetudinem
1525 4739 1868 4806 processisse,

177 4837 430 4903 quoniam
448 4850 554 4889 non
565 4848 683 4888 eam
702 4847 813 4887 rem
833 4831 1180 4886 terminatam
1194 4828 1737 4896 emplicuerim,quam
1748 4840 1873 4894 pro-

173 4937 473 4991 posueram,
510 4922 604 4977 sed
628 4920 944 4991 pendentem
972 4914 1322 4986 reliquerim?
1348 4916 1447 4971 Cui
1474 4913 1869 4982 respondimus.

179 5011 260 5064 lta
285 5026 381 5065 nos
410 5013 471 5065 in
511 5015 743 5079 tempore
770 5010 994 5063 miratos
1017 5007 1191 5074 fuisse
1216 5004 1433 5069 scimus,
1465 5007 1515 5057 et
1537 5003 1876 5068 recognosci-

180 5110 313 5152 mus.
344 5097 422 5152 At
447 5098 538 5152 ille
566 5115 582 5151 :
610 5095 799 5157 Credo,
830 5096 931 5162 ait,
976 5093 1122 5164 quod
1165 5093 1308 5160 forte
1335 5092 1569 5159 aliquem
1604 5094 1877 5144 errantem

182 5184 238 5235 in
261 5185 460 5254 populo
502 5187 757 5239 Dominus
788 5198 889 5253 per
930 5186 1171 5237 nostram
1206 5180 1522 5236 oblivionem
1552 5183 1603 5233 et
1634 5190 1879 5232 errorem

186 5269 359 5326 doceri
400 5277 451 5329 et
485 5273 673 5327 curari
706 5272 962 5337 voluerit;
1003 5272 1061 5324 in
1100 5270 1256 5339 cujus
1282 5283 1448 5322 manu
1475 5272 1601 5322 sunt
1628 5270 1680 5321 et
1706 5280 1801 5321 nos
1830 5268 1880 5318 et

190 5373 449 5416 sermones
467 5363 662 5416 nostri.
692 5362 832 5416 Nam
856 5374 976 5414 cum
999 5360 1288 5429 proposita
1308 5357 1620 5426 quastionis
1645 5354 1881 5409 latebras

189 5453 601 5516 pet-tractarem,
644 5451 701 5503 in
728 5447 883 5503 aliud
909 5447 1167 5502 sermonis
1195 5458 1425 5500 excursu
1440 5443 1691 5515 perrexi;
1722 5446 1885 5511 atque

194 5535 272 5591 ita
296 5552 401 5594 non
429 5539 679 5596 conclusa
706 5536 792 5593 vel
818 5536 1094 5608 explicata
1122 5536 1434 5603 quastione,
1461 5532 1881 5602 disputationem

1584 292 1799 350 LIBER
1837 291 2187 359 QUARTUS.

3514 304 3631 358 238

1935 420 2244 483 terminavi,
2269 420 2448 485 magis
2476 418 2765 475 adversum
2792 422 3209 479 Manichaeorum
3232 426 3628 494 errorem,unde

1933 506 2071 559 nihil
2099 505 2275 560 dicere
2302 506 2658 574 decreveram,
2686 508 2995 578 disputans,
3019 526 3183 580 quam
3217 511 3283 565 de
3310 514 3378 567 iis
3403 529 3521 582 qua:
3549 530 3632 570 as-

1931 607 2105 647 serere
2138 609 2540 663 proposueram.
2592 599 2662 651 Et
2690 602 2813 665 post
2841 598 2968 663 hac,
3018 601 3124 652 nisi
3151 601 3340 669 fallor,
3370 616 3482 656 ecce
3518 603 3629 656 alia

1933 681 2042 744 die,
2073 683 2155 735 vel
2178 688 2300 752 post
2334 683 2578 749 biduum,
2609 687 2753 738 venit
2778 685 2999 753 quidam
3033 690 3241 741 Firmus
3278 691 3506 755 nomine,
3540 705 3633 745 ne-

1935 772 2191 837 gotiator,
2223 776 2272 825 et
2297 773 2448 825 intra
2484 775 2867 828 monasterium
2889 774 3100 829 sedente
3116 781 3299 830 sancto
3326 779 3633 845 Augustino

1932 860 2086 913 nobis
2114 875 2313 925 coram,
2340 861 2414 914 ad
2429 862 2590 930 pedes
2613 863 2727 930 ejus
2757 864 2978 930 genibus
2993 866 3308 933 provolutus
3334 881 3445 921 sese
3457 867 3635 934 jacta-

1936 949 2033 1007 vit.
2066 949 2333 1016 lucrgmas
2359 949 2617 1015 fundens,
2649 955 2699 1003 et
2726 966 2924 1018 rogans
2948 957 3009 1005 ut
3038 967 3139 1021 pro
3168 955 3282 1007 suis
3311 954 3518 1007 delictis
3549 969 3635 1009 sa-

1939 1036 2121 1090 cerdos
2153 1052 2271 1091 cum
2299 1040 2500 1092 sanctis
2531 1040 2813 1092 Dominum
2851 1044 3185 1108 precaretur,
3216 1041 3464 1111 conﬁtens
3494 1042 3638 1109 quod

1938 1126 2357 1179 Manichaeorum
2395 1130 2592 1180 sectam
2643 1133 2854 1181 secutus
2879 1129 3096 1194 fuisset.
3151 1132 3203 1182 et
3248 1130 3308 1182 in
3362 1144 3426 1181 ea
3472 1144 3636 1197 quam

1940 1213 2194 1281 plurimis
2220 1216 2378 1268 annis
2411 1217 2661 1283 vixisset,
2691 1220 2741 1267 et
2767 1221 3052 1285 propterea
3086 1219 3371 1285 pecuniam
3413 1218 3639 1271 multam

1940 1302 2079 1369 ipsis
2120 1304 2433 1357 Manichzis
2460 1304 2544 1357 vel
2579 1305 2656 1357 eis
2692 1318 2823 1371 quos
2867 1304 3056 1359 dicunt
3100 1305 3327 1366 Eiectos,
3368 1306 3641 1359 incassum

1941 1395 2237 1457 erogasset;
2261 1406 2324 1445 ac
2351 1405 2407 1444 se
2433 1393 2493 1444 in
2522 1392 2778 1454 Ecclesia,
2806 1394 2904 1445 Dei
2931 1391 3304 1446 misericordia
3331 1393 3503 1458 fuisse
3523 1393 3639 1462 ejus

1945 1479 2266 1534 tractatibus
2303 1494 2477 1548 nuper
2526 1491 2838 1538 correctum.
2872 1483 3035 1548 atque
3062 1481 3382 1535 catholicum
3406 1482 3639 1547 factum.

1945 1567 2097 1633 Quod
2113 1572 2164 1621 et
2191 1570 2308 1637 ipse
2327 1568 2647 1622 venerabilis
2671 1570 3029 1636 Augustinus,
3067 1573 3119 1622 et
3140 1583 3236 1623 nos
3257 1570 3355 1637 qui
3383 1573 3507 1623 tunc
3530 1569 3640 1622 ad-

1945 1670 2177 1717 eramus.
2207 1656 2276 1709 ab
2304 1656 2483 1710 eodem
2506 1656 2799 1722 diligenter
2835 1658 3189 1724 inquirentes,
3216 1672 3283 1710 ea:
3312 1672 3422 1726 qua
3450 1672 3509 1711 re
3534 1672 3641 1726 po-

1946 1746 2216 1799 tissimum
2243 1746 2304 1798 in
2328 1746 2420 1798 illo
2450 1748 2687 1799 tractatu
2705 1745 2815 1799 sibi
2841 1747 3012 1812 fuerit
3040 1745 3411 1812 satisfactum,
3441 1749 3492 1799 et
3509 1747 3647 1812 refe-

1946 1837 2093 1886 rente
2117 1848 2193 1898 eo,
2220 1832 2480 1902 nobisque
2508 1832 2752 1887 omnibus
2777 1833 3035 1886 sermonis
3058 1834 3247 1887 seriem
3275 1846 3646 1900 recognoscen-

1951 1921 2113 1987 tibus,
2155 1920 2490 1988 profundum
2519 1920 2803 1974 consilium
2846 1921 2941 1973 Dei
2978 1934 3078 1988 pro
3113 1920 3287 1973 salute
3334 1923 3644 1974 animarum

1949 2009 2281 2062 admirantes
2324 2012 2377 2062 et
2416 2012 2708 2076 stupentes,
2758 2006 3183 2078 gloriﬁcavimus
3232 2012 3478 2062 sanctum
3528 2008 3645 2076 ejus

1948 2112 2158 2163 nomen,
2186 2100 2237 2150 et
2288 2096 2684 2161 benedimimus;
2735 2098 2833 2166 qui
2859 2111 2978 2150 cum
3005 2089 3255 2163 voluerit,
3287 2101 3338 2150 et
3363 2096 3505 2150 unde
3548 2110 3647 2151 vo-

1951 2186 2132 2247 luerit,
2149 2189 2199 2238 et
2223 2184 2483 2254 quomodo
2505 2186 2753 2250 voluerit,
2771 2189 2821 2239 et
2840 2200 2936 2253 per
2954 2186 3198 2251 scientes,
3228 2188 3277 2239 et
3296 2200 3396 2254 per
3421 2186 3649 2239 nescien-

1954 2278 2029 2327 tes
2074 2274 2303 2327 salutem
2355 2277 2609 2341 operatur
2664 2275 2992 2326 animarum.
3041 2274 3111 2327 Et
3160 2287 3228 2325 ea:
3272 2287 3329 2327 eo
3370 2272 3462 2327 ille
3500 2273 3651 2326 homo

1951 2364 2223 2431 proposito
2268 2376 2543 2416 servorum
2595 2363 2689 2414 Dei
2715 2360 3016 2423 adhaerens,
3060 2361 3409 2426 negotiatoris
3439 2360 3653 2414 dimisit

1954 2452 2236 2511 actionem,
2270 2454 2322 2503 et
2362 2451 2646 2518 proﬁciens
2673 2451 2732 2502 in
2759 2450 3007 2502 Ecclesiae
3033 2448 3306 2513 membris,
3337 2450 3396 2501 in
3425 2449 3540 2503 alia
3567 2463 3652 2501 re-

1956 2538 2112 2603 gione
2139 2536 2213 2589 ad
2232 2537 2557 2605 presbyterii
2586 2551 2812 2605 quoque,
2845 2537 2943 2590 Dei
2967 2538 3243 2589 voluntate
3267 2539 3468 2605 petitus
3492 2540 3542 2590 et
3571 2551 3654 2591 co-

1957 2629 2128 2691 actus,
2158 2627 2378 2679 accessit
2407 2624 2671 2695 ofﬁcium,
2718 2630 2897 2679 tenens
2927 2628 3090 2693 atque
3130 2623 3432 2679 custodiens
3461 2639 3654 2694 propo-

1957 2715 2052 2767 siti
2076 2714 2420 2766 sanctitatem
2447 2730 2464 2766 :
2496 2716 2547 2766 et
2567 2715 2708 2779 forte
2733 2713 2912 2766 adhuc
2936 2727 3105 2782 usque
3134 2714 3189 2766 in
3215 2713 3373 2767 rebus
3402 2712 3656 2767 humanis

1957 2802 2094 2856 vivit
2114 2805 2267 2854 trans
2295 2815 2445 2854 mare
2467 2802 2788 2855 constitutus
2811 2798 3130 2870 (Possidius,
3160 2801 3219 2854 in
3253 2802 3372 2854 vita
3395 2801 3654 2869 August,

1958 2904 2004 2945 c.
2036 2889 2143 2956 l5).

2036 2979 2088 3031 3.
2137 2977 2202 3030 In
2248 2979 2537 3030 senectute
2584 2990 2714 3028 cum
2746 2975 3019 3046 gravitate
3050 2974 3274 3046 majori,
3306 2976 3403 3030 sed
3447 2974 3659 3029 minori

1961 3064 2282 3136 prolixitate
2312 3063 2757 3119 concionabatur
2778 3064 2969 3132 (Serm.
2993 3066 3115 3128 350,
3140 3079 3195 3118 n.
3230 3063 3304 3131 3).
3335 3063 3656 3135 Aliquando

1966 3170 2082 3227 prie
2112 3153 2290 3208 nimia
2332 3152 2662 3222 fatigatione
2693 3151 2907 3205 viribus
2949 3152 3160 3221 fractis,
3206 3152 3515 3223 cogebatur
3540 3167 3658 3205 ser-

1966 3258 2191 3297 monem
2224 3242 2578 3313 abrumpere,
2631 3244 2690 3294 ut
2732 3241 2852 3311 ipsa
2897 3240 2988 3296 die
3038 3241 3267 3296 Pnschaa
3312 3240 3530 3307 accidit,
3587 3241 3660 3294 ob

1968 3332 2241 3395 laborem,
2282 3345 2453 3402 quem
2483 3328 2540 3383 in
2571 3327 2869 3401 pervigilio
2898 3329 3027 3383 festi
3053 3329 3293 3400 jejunus
3329 3328 3668 3383 toleraverat

1965 3419 2160 3490 (Serm.
2198 3421 2346 3487 320).
2396 3417 2767 3473 Sermonibus
2819 3416 2993 3472 ﬁnem
3027 3416 3388 3489 frequentius
3414 3416 3669 3488 impono-

1967 3508 2081 3572 bat,
2118 3523 2188 3561 ne
2214 3506 2405 3561 nimiis
2434 3506 2719 3560 auditores
2751 3522 2880 3559 suos
2905 3505 3272 3560 documentis
3310 3508 3590 3559 oneraret.
3623 3505 3670 3558 Α

1967 3594 2370 3668 praedicatione
2396 3594 2684 3649 interdum
2719 3594 3058 3660 abstinebat,
3084 3598 3152 3648 ut
3179 3593 3426 3665 spatium
3451 3592 3669 3664 populo

1970 3684 2127 3739 daret
2160 3682 2228 3737 ad
2259 3699 2345 3748 ea,
2377 3698 2506 3753 quae
2532 3687 2660 3736 ante
2690 3681 2941 3751 dixisset,
2964 3686 3184 3736 attenta
3213 3685 3405 3737 mente
3423 3682 3671 3735 recolen-

1971 3772 2041 3826 da
2072 3770 2263 3841 (Serm.
2297 3771 2420 3835 352,
2453 3784 2499 3823 c.
2530 3772 2581 3837 l,
2611 3784 2669 3822 n.
2703 3768 2775 3839 1).
2808 3769 3019 3822 Verum
3042 3783 3173 3822 cum
3191 3768 3443 3839 populus
3461 3784 3673 3823 sermo-

1973 3875 2074 3913 nes
2101 3859 2224 3928 ejus
2254 3856 2414 3911 avide
2454 3872 2519 3911 ac
2567 3855 2870 3910 salubriter
2912 3856 3217 3927 exciperet,
3249 3854 3321 3909 iis
3348 3854 3670 3927 proritaba-

1972 3951 2066 4001 tur
2092 3944 2246 3998 illius
2274 3944 2473 4012 fames,
2500 3944 2715 3998 nedum
2747 3942 3076 3997 satiabatur.
3110 3944 3307 4014 Itaque
3334 3942 3448 4013 piis
3468 3943 3593 4013 ejus
3613 3947 3671 3997 et

1973 4033 2209 4089 utilibus
2236 4032 2380 4087 votis
2409 4032 2607 4086 cedere
2640 4031 2971 4102 cogebatur.
3002 4029 3268 4086 Studium
3297 4046 3464 4085 suum
3485 4045 3672 4102 papu-

1975 4124 2063 4177 lus
2091 4127 2148 4176 et
2175 4120 2549 4176 attentionem
2590 4118 2764 4173 animi
2795 4119 2863 4174 ad
2903 4134 3035 4173 eum
3061 4117 3411 4173 audiendum
3452 4116 3672 4188 signili-

1974 4211 2171 4276 cabat;
2223 4209 2478 4263 indicans
2506 4209 2677 4263 modo
2712 4206 3035 4278 intelligere
3073 4222 3132 4260 se
3163 4221 3255 4260 res
3284 4204 3670 4271 difﬁcillimas,

1975 4314 2116 4371 quas
2141 4297 2448 4364 enodaret;
2490 4297 2656 4351 modo
2701 4311 2785 4361 ea,
2820 4311 2951 4367 quae
2982 4294 3237 4349 dicturus
3266 4298 3406 4353 erat,
3455 4308 3677 4364 prieoc-

1975 4403 2214 4458 cupans,
2236 4392 2289 4441 et
2311 4387 2520 4458 saepius
2537 4402 2670 4440 eum
2690 4385 2942 4440 maximo
2965 4384 3241 4456 applausu
3261 4382 3632 4454 interpellans
3656 4398 3671 4436 :

1978 4476 2076 4549 qui
2102 4475 2486 4545 Augustinum
2516 4474 2750 4545 quidem
2780 4472 2990 4544 gaudio
3022 4470 3324 4537 afﬁciebat,
3357 4469 3510 4541 quod
3538 4469 3677 4524 illo-

1979 4580 2104 4620 rum
2136 4579 2272 4634 erga
2298 4563 2596 4617 veritatem
2627 4561 2879 4616 studium
2908 4565 2963 4614 et
2985 4574 3241 4614 amorem
3266 4574 3336 4612 ex
3364 4573 3433 4613 eo
3471 4572 3686 4628 cogno-

1979 4656 2191 4717 sceret;
2215 4652 2313 4704 sed
2344 4650 2445 4722 qui
2464 4650 2586 4720 ejus
2615 4648 2911 4704 modestiae
2940 4663 3004 4701 ac
3027 4646 3372 4702 demissione
3395 4650 3673 4700 terrorem

1981 4738 2309 4794 incutiebat.
2351 4740 2411 4792 In
2446 4738 2616 4792 rebus
2641 4736 2915 4807 gravioris
2943 4734 3221 4789 momenti
3257 4732 3552 4805 plausibus
3581 4748 3680 4787 eo-

1981 4841 2110 4881 rum
2139 4840 2257 4880 non
2295 4828 2616 4891 contentus,
2648 4822 2920 4893 pergebat
2948 4821 3156 4883 dicere,
3186 4821 3364 4875 donec
3405 4820 3684 4891 lacrymas

1984 4931 2049 4967 ex
2081 4927 2279 4967 eorum
2299 4911 2476 4966 oculis
2495 4911 2736 4965 ﬂuentes
2754 4914 3012 4964 cerneret
3039 4909 3133 4979 (De
3153 4911 3332 4965 Doctr.
3356 4909 3685 4975 christiana,

1986 5002 2078 5057 lib.
2109 5001 2164 5066 4,
2195 5016 2250 5055 n.
2284 5000 2389 5067 53).
2415 5000 2556 5055 Mihi
2579 5013 2747 5069 prope
2778 5013 3006 5067 semper,
3036 4997 3136 5062 ait,
3177 5011 3347 5053 sermo
3390 5010 3535 5052 meus
3563 4995 3689 5049 dis-

1980 5091 2166 5160 plicet.
2196 5088 2435 5143 Melioris
2481 5089 2621 5141 enim
2666 5086 2863 5140 avidus
2892 5102 3028 5148 sum.
3057 5101 3162 5156 quo
3189 5100 3328 5155 sepe
3353 5086 3514 5153 fruor
3537 5085 3686 5138 inte—

1986 5178 2125 5243 rius,
2156 5179 2446 5243 antequam
2470 5160 2589 5228 eum
2612 5175 2890 5244 empticare
2906 5172 3090 5229 verbis
3109 5172 3425 5228 sonantibus
3442 5183 3643 5239 cepero
3673 5183 3702 5224 °.

1990 5263 2135 5336 quod
2156 5264 2253 5318 ubi
2279 5264 2476 5331 minus,
2510 5278 2671 5333 quam
2696 5262 2835 5317 mihi
2862 5265 3018 5317 notus
3055 5265 3153 5327 est,
3182 5261 3446 5327 evaluere,
3481 5259 3689 5312 contri-

1990 5358 2105 5410 stor
2124 5354 2365 5419 linguam
2394 5366 2566 5407 meam
2592 5350 2746 5406 cordi
2762 5367 2875 5406 meo
2902 5366 3008 5406 non
3024 5350 3265 5421 potuisse
3286 5348 3556 5416 sufﬁcere.
3583 5348 3682 5402 To-

1998 5445 2110 5496 tum
2138 5441 2278 5495 enim
2303 5439 2448 5509 quod
2465 5440 2729 5509 intelligo,
2751 5439 2867 5494 volo
2899 5442 2959 5492 ut
2978 5439 3076 5508 qui
3103 5450 3184 5492 me
3210 5434 3368 5490 audit
3391 5433 3687 5503 intelligat,

1996 5533 2047 5585 et
2075 5531 2247 5586 sentio
2274 5543 2357 5584 me
2382 5542 2490 5583 non
2538 5529 2622 5582 ita
2669 5528 2841 5595 loqui,
2892 5529 2952 5578 ut
2998 5526 3091 5578 hoc
3121 5524 3357 5591 efﬁciam
3415 5535 3428 5575 :
3462 5524 3698 5576 maxime
