4060 6350
444 302 548 357 239

448 424 581 495 quia
608 422 700 479 ille
726 420 1022 477 intellectus
1052 422 1214 489 quasi
1238 418 1438 489 rapida
1469 419 1831 473 coruscatione
1852 414 2138 487 perfundit

445 514 714 579 animum;
750 511 849 565 illa
876 515 1053 565 autem
1082 511 1273 565 locutio
1302 508 1464 563 tarda
1493 512 1542 562 et
1570 508 1729 574 longa
1757 510 1853 573 est,
1886 506 2141 573 longeque

443 603 759 667 dissimilis;
803 605 853 656 et
881 599 1009 655 dum
1037 601 1145 654 ista
1187 599 1442 664 volvitur,
1466 598 1587 667 jam
1615 611 1668 650 se
1713 596 1805 650 ille
1844 597 1903 649 in
1940 605 2141 649 secreta

444 706 547 747 sua
588 690 832 748 condidit
864 705 877 743 :
910 693 1086 744 tamen
1117 689 1249 758 quia
1286 688 1518 755 vestigia
1548 684 1794 755 quaedam
1823 686 1958 738 miro
1986 683 2140 737 modo

443 781 717 852 impressit
744 779 1027 843 memoria,
1056 776 1358 846 perdurant
1383 775 1481 828 illa
1519 789 1637 828 cum
1666 772 2001 841 syllabarum
2028 785 2140 825 mo-

442 870 614 934 rulis;
648 871 811 937 atque
839 881 905 919 ea:
953 864 1149 918 eisdem
1177 864 1421 931 vestigiis
1450 862 1703 916 sonantia
1730 862 1888 925 signa
1913 860 2140 928 peragi-

441 972 580 1014 mus.
612 958 721 1014 Nos
750 959 927 1011 autem
954 954 1266 1024 plerumque
1296 953 1354 1005 in
1404 950 1677 1004 auditoris
1708 950 1998 1002 utilitatem
2043 961 2140 1001 ve-

442 1047 711 1101 hementer
750 1043 1019 1110 ardentes,
1061 1043 1143 1095 ita
1182 1042 1331 1109 loqui
1370 1041 1634 1108 volumus,
1694 1035 2140 1106 quemadmodum

442 1138 568 1189 tunc
597 1133 973 1199 intelligimus,
1006 1144 1125 1183 cum
1152 1143 1248 1198 per
1276 1130 1453 1197 ipsam
1488 1127 1833 1181 intentionem
1861 1125 2010 1193 loqui
2033 1139 2139 1177 non

440 1237 744 1294 possumus.
778 1224 848 1277 Et
882 1221 1014 1289 quia
1043 1233 1150 1272 non
1186 1216 1440 1284 succedit,
1472 1216 1724 1283 angimur
1752 1217 1801 1268 et
1829 1214 1974 1267 velut
2014 1213 2142 1279 fru-

437 1318 554 1367 stra
603 1325 821 1382 operam
868 1311 1223 1373 insumamus,
1257 1305 1413 1360 ιωὰἰο
1444 1305 1854 1369 marcescimus;
1883 1306 2045 1371 atque
2072 1318 2139 1355 ea:

436 1403 557 1472 ipso
586 1400 744 1455 taedio
774 1396 1086 1465 languidior
1110 1398 1174 1465 ﬁt
1200 1394 1343 1449 idem
1378 1408 1548 1448 sermo
1600 1395 1650 1447 et
1692 1391 1941 1458 hebetior,
1975 1406 2138 1460 quam

416 1494 555 1544 "erat
591 1488 735 1543 unde
758 1486 1022 1558 perduxit
1048 1484 1121 1539 ad
1152 1483 1387 1539 mdium.
1420 1481 1530 1537 Sed
1573 1481 1711 1535 mihi
1752 1495 1890 1550 saepe
1930 1479 2139 1533 indicat

436 1593 619 1634 eorum
668 1577 931 1644 studium,
976 1576 1073 1645 qui
1125 1589 1208 1627 me
1244 1572 1437 1627 audire
1467 1571 1713 1640 cupiunt,
1752 1584 1858 1623 non
1899 1570 1981 1623 ita
2029 1583 2139 1623 esse

434 1666 711 1735 frigidum
749 1666 1020 1734 eloquium
1048 1677 1240 1728 meum,
1279 1665 1342 1716 ut
1368 1660 1584 1714 videtur
1609 1660 1751 1713 mihi
1762 1676 1778 1720 ;
1812 1663 1862 1713 et
1898 1673 1979 1713 eos
2013 1658 2138 1711 inde

437 1755 655 1824 aliquid
701 1754 834 1808 utile
888 1767 1098 1821 capere,
1143 1766 1211 1804 ea:
1258 1765 1437 1805 eorum
1467 1749 1811 1803 delectatione
1838 1762 2131 1815 cognosco;

435 1857 746 1914 mecumque
772 1857 874 1909 ago
903 1840 1106 1905 sedulo,
1133 1842 1195 1892 ut
1223 1839 1348 1893 huic
1377 1836 1677 1891 ezchibendo
1709 1834 2006 1890 ministerio
2030 1850 2136 1890 non

437 1933 627 1999 desim,
666 1934 726 1986 in
771 1946 876 2001 quo
904 1930 1026 1984 illos
1056 1928 1208 1984 video
1239 1928 1365 1982 bene
1405 1928 1647 1995 accipere
1676 1924 1821 1996 quod
1851 1925 2136 1979 exhibetur

438 2021 534 2093 (De
561 2018 972 2078 Catechizandis
1017 2016 1264 2081 rudibus,
1311 2031 1405 2070 nn.
1441 2018 1493 2079 3,
1545 2016 1621 2085 4).
1664 2015 1728 2068 In
1757 2013 1881 2084 ejus
1932 2012 2001 2067 ad
2032 2028 2135 2084 po-

433 2110 637 2182 pulum
666 2106 1023 2163 sermonibus
1051 2105 1375 2176 complures
1408 2103 1563 2159 haud
1588 2102 1757 2158 dubie
1788 2105 1922 2156 sunt
1950 2101 2010 2155 in
2041 2118 2137 2155 eo-

434 2214 566 2254 rum
606 2196 849 2270 gratiam
892 2194 1211 2266 compositi,
1241 2193 1363 2265 qui,
1409 2208 1539 2247 cum
1569 2191 1824 2247 muneris
1852 2190 2135 2262 ofﬁciique

437 2287 526 2342 sui
556 2286 701 2341 ratio
738 2285 809 2340 ab
856 2283 926 2339 iis
974 2283 1225 2355 postulet
1252 2286 1316 2337 ut
1356 2281 1416 2335 in
1446 2280 1681 2335 ecclesia
1709 2279 2132 2347 concionentur,

438 2389 805 2447 nequaquam
821 2372 1034 2427 habent
1055 2371 1379 2426 facultatem
1395 2368 1750 2440 excogitandi
1771 2384 1900 2441 quae
1922 2368 2131 2424 dicant.

435 2464 616 2536 Hujus
646 2461 872 2535 generis
902 2465 1037 2516 sunt
1061 2460 1173 2515 duo
1203 2458 1273 2514 ad
1297 2458 1803 2529 Carthaginensem
1833 2456 2132 2511 diaconum

434 2553 597 2608 missi
626 2552 687 2607 in
732 2551 879 2606 libro
908 2550 975 2605 de
1004 2547 1431 2606 Catechizandis
1490 2546 1747 2612 rudibus,
1781 2562 2004 2601 necnon
2041 2546 2135 2599 ille

435 2642 581 2697 forte
629 2640 730 2713 qui
758 2640 818 2695 in
855 2639 1034 2712 ipsius
1072 2638 1415 2694 Sermonum
1447 2636 1781 2691 collectione
1812 2640 1897 2689 est
1926 2635 2134 2689 ducen-

432 2730 673 2786 tesimus
701 2729 955 2785 decimus
986 2732 1241 2799 quartus.
1284 2728 1427 2782 Nam
1467 2726 1605 2781 utile
1644 2742 1763 2779 esse
1794 2724 2134 2791 afﬁrmabat,

432 2824 499 2875 ut
516 2820 603 2874 vel
632 2819 711 2874 sic
739 2817 909 2873 multi
937 2816 1336 2889 prtedicatores
1373 2815 1627 2871 veritatis
1666 2815 1869 2870 ﬁerent
1910 2816 1999 2885 (De
2028 2817 2133 2868 Do-

431 2918 610 2973 ctrina
633 2917 956 2981 christiana,
989 2914 1084 2969 lib.
1112 2915 1167 2980 4,
1199 2929 1244 2968 c.
1268 2915 1357 2980 29,
1379 2928 1435 2967 n.
1466 2914 1577 2981 62).
1607 2912 1673 2965 In
1693 2911 2015 2966 elocutione
2034 2926 2137 2964 sua

431 3003 820 3077 grammatica:
850 3003 1004 3075 leges
1035 3001 1250 3056 violare
1279 3016 1397 3055 non
1437 2999 1749 3068 dubitabat,
1780 3014 1893 3070 quo
1935 2998 2005 3053 ab
2032 2998 2135 3053 im-

427 3093 632 3166 peritis
671 3097 726 3148 et
758 3091 994 3148 rudibus
1022 3089 1244 3145 facilius
1271 3089 1707 3160 intelligeretur.
1741 3087 2009 3152 Quamvis
2039 3104 2133 3142 au-

430 3188 548 3238 tem
577 3182 638 3237 in
668 3181 783 3237 suis
813 3181 883 3235 ad
906 3179 1135 3251 plebem
1161 3178 1495 3233 tractatibus
1525 3177 1655 3232 stilo
1677 3177 1850 3249 paulo
1881 3176 2132 3231 submis-

431 3270 578 3327 siore
621 3270 707 3325 uti
748 3267 1126 3335 consueverit,
1194 3265 1472 3320 sermonis
1518 3270 1715 3320 tamen
1766 3280 1964 3319 curam
2014 3282 2129 3320 non

430 3375 611 3431 usque
641 3358 781 3413 adeo
811 3357 1036 3428 abjecit,
1068 3359 1133 3409 ut
1178 3355 1407 3409 sordida
1436 3353 1507 3408 sit
1534 3354 1657 3425 ejus
1687 3353 1888 3408 oratio.
1922 3354 2131 3408 Verum

428 3448 578 3503 hanc
600 3463 717 3502 non
745 3445 1045 3501 minimam
1074 3442 1337 3498 oratoriae
1365 3442 1498 3497 artis
1522 3447 1746 3514 partem
1774 3442 2130 3514 putabat,ac-

429 3536 798 3593 commodare
819 3551 940 3589 sese
970 3534 1041 3588 ad
1070 3538 1300 3604 captum
1339 3531 1615 3587 auditoris
1648 3548 1661 3587 :
1695 3536 1750 3586 et
1770 3532 2017 3587 malebat
2042 3548 2129 3585 re-

428 3625 633 3698 dargui
662 3642 719 3680 se
745 3641 779 3679 a
807 3621 1216 3696 grammaticis,
1242 3637 1415 3693 quam
1437 3638 1469 3675 a
1498 3620 1727 3692 populis
1748 3636 1863 3674 non
1888 3619 2132 3691 intelligi

428 3715 621 3787 (Enar.
673 3716 729 3769 in
776 3713 924 3769 Psal.
974 3728 1198 3779 xxxviii,
1250 3726 1307 3765 η.
1357 3710 1469 3781 20).
1514 3709 1794 3764 Probabat
1831 3709 1891 3764 in
1928 3709 2130 3780 primis

428 3804 647 3861 dictum
668 3801 1247 3875 oratoris,quamdam
1267 3799 1329 3855 in
1348 3798 1636 3871 loquendo
1657 3798 1991 3869 diligentem
2011 3814 2129 3852 esse

433 3892 845 3966 negligentiam
868 3890 1150 3959 docentis;
1184 3889 1283 3946 ubi
1310 3894 1500 3944 tamen
1533 3889 1629 3943 illa
1656 3887 1734 3942 sic
1763 3887 2022 3943 detrahat
2044 3904 2132 3942 or-

398 3988 628 4040 natum
661 3986 726 4039 ut
755 3981 947 4038 sordes
987 3997 1107 4035 non
1134 3978 1724 4034 contrahat.Bonorum
1763 3979 2123 4046 ingeniorum,

425 4072 524 4140 ait,
578 4074 809 4139 insignis
855 4075 933 4126 est
960 4069 1187 4135 indoles,
1228 4070 1287 4122 in
1328 4067 1505 4121 verbis
1546 4082 1726 4121 verum
1773 4082 1978 4133 amare,
2025 4081 2131 4120 non

422 4160 607 4215 verba.
641 4158 783 4226 Quid
824 4159 967 4213 enim
1008 4156 1230 4227 prodest
1256 4156 1426 4209 clavis
1456 4170 1644 4223 aurea,
1673 4155 1724 4208 si
1748 4156 1962 4223 aperire
1989 4154 2133 4222 quod

422 4247 669 4302 volumus
698 4261 805 4301 non
836 4244 1054 4315 potest?
1103 4247 1200 4297 aut
1229 4243 1365 4312 quid
1393 4243 1538 4297 obest
1576 4243 1773 4309 lignea,
1822 4244 1872 4296 si
1910 4243 2005 4296 hoc
2030 4258 2129 4311 po-

425 4335 567 4392 test?
609 4334 828 4405 quando
855 4334 999 4388 nihil
1029 4333 1339 4401 quaerimus,
1369 4332 1480 4384 nisi
1500 4335 1689 4400 patere
1716 4330 1860 4400 quod
1889 4332 2130 4385 clausum

424 4429 503 4481 est
532 4423 625 4495 (De
651 4424 909 4479 Doctrina
928 4422 1249 4488 christiana,
1275 4421 1366 4475 lib.
1392 4420 1496 4482 4,c.
1526 4420 1610 4485 10,
1643 4434 1698 4473 n.
1726 4418 1851 4482 26)?
1878 4419 2128 4474 Tandem

421 4514 788 4587 plerumque,
818 4514 879 4566 ut
906 4510 1027 4583 ipse
1052 4510 1331 4577 observat,
1355 4508 1525 4564 dictio
1543 4508 1664 4581 ipsa
1690 4508 1967 4564 submissa
1990 4511 2127 4566 dum

425 4602 591 4658 solvit
619 4600 982 4658 difﬁcillimas
1029 4599 1396 4673 quaestiones,
1431 4599 1676 4653 maxime
1716 4598 1943 4670 quando
1970 4600 2129 4655 adest

424 4691 477 4748 ei
504 4691 792 4763 quoddam
816 4690 986 4745 decus
1025 4706 1144 4745 non
1173 4687 1518 4760 appetitum.
1551 4688 1646 4742 sed
1677 4688 1924 4759 quodam
1956 4689 2125 4744 modo

423 4780 705 4847 naturale,
738 4783 923 4835 tantas
963 4776 1400 4834 acclamationes
1442 4776 1667 4845 excitat,
1699 4781 1765 4832 ut
1789 4776 1881 4832 vix
1912 4777 2126 4833 intelli-

422 4874 593 4941 gatur
620 4884 739 4924 esse
769 4868 1051 4923 submissa
1080 4867 1264 4938 (Ibid.,
1294 4883 1349 4922 n.
1377 4864 1491 4938 56).
1529 4866 1644 4921 Hoc
1672 4882 1844 4939 porro
1869 4884 2124 4939 persaepe

419 4959 519 5015 illo
538 4959 608 5015 ad
627 4957 904 5031 populum
924 4956 1143 5012 dicente
1173 4955 1555 5027 contingebat.

490 5053 546 5104 4.
605 5046 854 5103 Dubium
885 5062 1001 5100 non
1042 5048 1146 5114 est,
1198 5044 1338 5116 quin
1377 5043 1553 5099 latine
1582 5059 1713 5099 suos
1764 5044 1835 5100 ad
1874 5044 2121 5115 plebem,

421 5138 622 5212 quales
663 5138 901 5198 exstant,
934 5149 1226 5188 sermones
1254 5132 1512 5188 haberet.
1546 5134 1625 5187 Ac
1657 5149 1716 5187 re
1738 5133 1971 5204 quidem
2001 5134 2125 5206 ipsa

419 5243 553 5284 cum
582 5222 1004 5297 Hippo-Regius
1033 5225 1177 5277 esset
1206 5221 1340 5275 urbs
1386 5219 1643 5287 celebris,
1678 5221 1936 5275 Romana
1988 5220 2124 5275 civi-

417 5322 525 5385 tas,
557 5331 662 5371 seu
706 5311 943 5368 colonia:
986 5311 1116 5383 jure
1168 5309 1442 5382 gaudens,
1474 5325 1539 5363 ac
1576 5308 1898 5363 maritimus
1930 5314 2125 5381 portus

419 5406 495 5463 ad
513 5420 687 5478 quem
708 5398 1156 5473 frequentissimi
1177 5398 1410 5454 advenae
1432 5397 1787 5470 appellerent
1811 5397 2008 5469 (Epist.
2033 5402 2120 5468 35,

418 5507 477 5547 κ.
510 5494 571 5557 3;
594 5494 667 5546 De
696 5491 860 5548 Civil.
892 5491 1013 5559 Dei,
1027 5488 1121 5544 lib.
1145 5490 1235 5555 2'2,
1258 5503 1380 5559 cap.
1407 5489 1468 5555 8;
1493 5488 1643 5545 Cont.
1674 5488 1809 5542 Litt.
1841 5488 2120 5556 Petiliani,

421 5578 518 5635 lib.
544 5579 598 5647 2,
627 5594 672 5635 c.
708 5581 796 5649 83,
819 5595 874 5635 n.
902 5579 1043 5651 184),
1062 5575 1377 5649 generatim
1398 5575 1678 5649 populum
1700 5575 1874 5632 latine
1894 5574 2123 5632 scivisse

1686 293 1841 347 VITA
1880 292 1935 347 S.
1977 290 2352 347 AUGUSTINI
2396 289 2724 345 EPISCOPI.

3854 287 3963 342 240

2250 414 2517 469 credibile
2538 417 2647 468 est.
2692 413 2757 467 In
2800 411 3049 484 quodam
3097 425 3357 467 sermone
3384 410 3755 484 proverbium
3785 411 3961 481 puni-

2250 520 2380 559 cum
2411 503 2584 557 latine
2633 501 2818 557 reddit
2850 517 2864 556 :
2898 501 3110 567 Latine,
3158 500 3364 573 inquit,
3395 500 3546 556 vobis
3577 500 3796 568 dicam;
3829 503 3959 569 quia

2248 595 2440 663 punice
2461 608 2565 647 non
2590 606 2769 647 omnes
2795 591 2963 647 nostis
2987 591 3172 659 (Serm.
3205 593 3325 658 167,
3357 606 3403 645 c.
3437 594 3490 660 3,
3520 606 3574 645 n.
3609 592 3689 663 4).
3714 590 3961 646 Clericos

2250 682 2642 753 conquirebat,
2684 680 2784 752 qui
2807 680 3041 736 latinam
3079 680 3335 751 linguam
3364 681 3637 735 callerent
3669 695 3685 734 :
3716 682 3774 734 et
3802 680 3959 751 quod

2251 771 2463 827 mirum
2493 770 2668 825 videri
2705 769 2898 842 possit,
2933 768 3001 824 iis
3031 785 3090 824 se
3122 767 3458 824 destitutum
3498 785 3640 836 esse,
3697 772 3756 824 et
3794 769 3874 823 ob
3904 769 3961 823 id

2252 860 2589 931 evangelicae
2631 858 3051 931 praedicationis
3099 874 3461 929 progressum
3515 858 3792 913 retardari
3821 873 3966 913 con-

2251 949 2529 1021 queritur.
2563 950 2637 1003 Ea
2666 948 2734 1003 de
2765 964 2932 1002 causa
2956 947 3234 1002 Lucillum
3261 947 3586 1014 diaconum,
3612 964 3790 1020 quem
3822 948 3965 1003 edu-

2251 1054 2402 1093 casse
2433 1037 2677 1105 videtur,
2711 1054 2741 1092 a
2772 1054 2829 1092 se
2854 1037 3141 1092 dimittere
3170 1036 3374 1092 noluit.
3411 1036 3660 1092 Lucilius
3688 1036 3797 1092 iste
3828 1053 3961 1109 ger-

2253 1143 2453 1183 manus
2483 1131 2603 1182 erat
2643 1127 2863 1192 Novati,
2917 1127 3217 1193 Sitifensis,
3275 1131 3341 1181 ut
3387 1126 3613 1181 videtur
3669 1127 3955 1199 episcopi,

2251 1216 2351 1289 qui
2380 1232 2511 1270 eum
2545 1216 2614 1270 ab
2652 1214 2971 1287 Augustino
3009 1215 3258 1287 repetiit,
3291 1218 3354 1270 ut
3382 1214 3608 1270 dioecesi
3628 1232 3749 1270 sum
3779 1216 3960 1287 prod-

2250 1307 2414 1358 esset.
2446 1303 2555 1358 Sed
2594 1320 2724 1358 cum
2754 1303 3034 1359 Sitifensis
3083 1303 3325 1358 Ecclesia
3363 1304 3660 1370 ministris,
3720 1304 3827 1377 qui
3884 1306 3962 1359 la-

2248 1392 2367 1447 tiue
2409 1392 2634 1460 scirent,
2675 1393 2912 1448 minime
2941 1392 3247 1465 indigeret,
3283 1394 3564 1448 Novatum
3592 1393 3818 1465 rogavit
3846 1396 3960 1449 Au-

2247 1481 2530 1553 gustinus,
2573 1486 2636 1536 ut
2668 1481 2927 1537 Ecclesiae
2976 1498 3093 1537 sum
3143 1482 3571 1537 necessitatibus
3617 1483 3957 1553 consulens,

2248 1570 2358 1625 sibi
2390 1570 2665 1626 Lucillum
2695 1570 3028 1625 concederet
3068 1587 3186 1625 non
3216 1572 3364 1626 ultra
3402 1571 3805 1642 repetendum.
3839 1573 3959 1627 An-

2248 1660 2377 1715 nuit
2407 1661 2651 1715 Novatus
2680 1660 2850 1715 modo
2883 1660 3051 1731 longe
3092 1659 3448 1730 suavissimo,
3487 1676 3803 1731 agnoscens
3834 1661 3961 1734 qni-

2249 1749 2379 1804 dem
2416 1749 2622 1804 durum
2653 1766 2793 1816 esse,
2828 1765 3166 1820 germanum
3206 1764 3479 1820 germano
3498 1749 3823 1821 denegare;
3851 1767 3959 1805 suo

2248 1854 2305 1892 se
2338 1837 2563 1892 effectui
2592 1837 2711 1893 vim
2739 1838 3046 1892 maximam
3077 1837 3318 1905 inferre;
3352 1843 3415 1893 ut
3445 1844 3635 1893 tamen
3666 1839 3725 1894 id
3752 1854 3960 1894 conce-

2248 1927 2428 1990 deret,
2456 1944 2513 1981 se
2545 1931 2601 1982 et
2624 1926 2802 1998 ipsius
2846 1927 3183 1999 episcopalis
3212 1927 3385 1982 ofﬁcii
3425 1942 3559 1983 cura
3589 1933 3646 1983 et
3691 1928 3957 1984 ﬁdelium

2248 2017 2427 2071 salute
2472 2016 2694 2071 adduci.
2742 2016 2978 2072 Videtur
3009 2018 3276 2087 Novatus,
3326 2018 3495 2072 simul
3535 2034 3600 2073 ac
3640 2018 3960 2090 episcopus

2246 2110 2466 2160 creatus
2534 2110 2636 2174 est,
2718 2105 2951 2161 fratrem
3008 2122 3176 2161 suum
3247 2105 3538 2177 repetiisse
3594 2107 3795 2178 (Epist.
3859 2111 3955 2175 8t,

2244 2210 2338 2250 nn.
2372 2199 2420 2263 l,
2453 2195 2525 2262 2).
2558 2194 2916 2267 Quapropter
2940 2194 2996 2249 id
3048 2195 3353 2267 contigerit
3396 2201 3528 2251 ante
3564 2212 3782 2251 annum
3813 2212 3956 2268 qua-

2245 2284 2761 2356 dringentesimum
2792 2283 3181 2355 undecimum,
3210 2301 3324 2357 quo
3378 2285 3623 2341 Novatus
3652 2285 3954 2358 Carthagi-

2245 2374 2410 2429 neusi
2449 2372 3046 2446 collationijnterfuit.

2317 2466 2369 2517 5.
2414 2462 2588 2533 Leges
2632 2462 2865 2534 quidem
2897 2462 2955 2516 in
2986 2462 3229 2535 publicis
3259 2461 3717 2518 institutionibus
3746 2463 3949 2519 obser-

2245 2550 2459 2605 vandas
2508 2551 2855 2624 praescripsit
2882 2557 3107 2606 sanctus
3141 2554 3348 2607 Doctor
3371 2552 3430 2607 in
3460 2552 3608 2607 libro
3636 2558 3845 2625 quarto
3878 2554 3950 2609 de

2248 2638 2513 2694 Doctrina
2563 2639 2923 2695 christiana:
2966 2657 3107 2711 quas
3162 2645 3351 2695 autem
3404 2640 3463 2695 in
3514 2641 3750 2712 privatis
3781 2643 3951 2714 sequi

2247 2731 2524 2799 oporteat,
2558 2727 2618 2781 in
2648 2728 2849 2799 primis
2878 2744 3013 2799 erga
3033 2728 3345 2783 initiandos
3366 2729 3656 2785 adnotavit
3684 2730 3743 2785 in
3774 2731 3948 2799 libro,

2247 2817 2346 2889 qui
2400 2821 2472 2873 De
2515 2817 2925 2875 Catechizandis
2971 2818 3199 2873 rudibus
3240 2818 3583 2874 inscribitur.
3618 2820 3682 2873 In
3712 2836 3779 2873 eo
3811 2821 3953 2890 legi-

2245 2922 2373 2961 mus
2414 2906 2872 2962 concionatorem
2922 2906 2984 2962 in
3027 2907 3291 2962 Africana
3332 2908 3597 2974 Ecclesia,
3658 2908 3944 2963 stantibus

2246 2995 2621 3064 auditoribus,
2646 2998 2832 3052 solum
2863 2996 3073 3053 sedisse
3105 3016 3119 3054 :
3152 2998 3214 3052 in
3243 2998 3584 3070 quibusdam
3610 3002 3805 3053 autem
3840 2999 3950 3053 Ec-

2244 3085 2428 3140 clesiis
2480 3086 2895 3153 transmarinis,
2945 3086 3225 3159 populum
3277 3087 3465 3156 ipsum
3516 3087 3811 3142 sedentem
3851 3105 3951 3141 au-

2243 3174 2429 3230 diisse.
2472 3174 2651 3240 Quam
2692 3175 3159 3231 consuetudinem
3196 3175 3378 3247 magis
3421 3176 3625 3247 probat
3678 3176 3952 3248 Augusti-

2242 3280 2368 3328 nus,
2400 3264 2552 3335 quod
2582 3264 2767 3320 standi
2805 3265 2965 3319 labor
3003 3269 3061 3319 et
3090 3264 3390 3319 difﬁcultas
3423 3265 3680 3320 animum
3711 3281 3744 3320 ει
3775 3266 3951 3321 verbo

2245 3352 2342 3408 Dei
2381 3357 2595 3408 attente
2649 3353 2936 3408 audiendo
2982 3358 3198 3409 avertat
3244 3354 3338 3425 (De
3379 3354 3645 3411 Catechiz.
3691 3354 3950 3424 rudibus,

2240 3457 2296 3496 n.
2335 3441 2437 3511 10).
2498 3442 2686 3496 Exstat
2731 3442 2960 3497 Caesarii
2999 3459 3208 3510 sermo,
3243 3442 3560 3515 adscriptus
3585 3442 3724 3497 olim
3755 3447 3951 3516 Augu-

2242 3530 2413 3598 stino,
2447 3529 2507 3585 in
2556 3548 2668 3602 quo
2715 3531 3000 3602 signiﬁcat
3050 3532 3439 3600 concionator,
3495 3548 3555 3587 se
3584 3531 3785 3604 paucis
3818 3538 3950 3588 ante

2240 3620 2441 3675 diebus
2468 3636 2696 3691 rogasse
2717 3620 2931 3675 debiles
2972 3624 3029 3675 et
3056 3619 3337 3690 inﬁrmos,
3368 3625 3432 3676 ut
3459 3621 3596 3676 dum
3623 3624 3763 3677 Acta
3793 3639 3947 3677 mar-

2240 3710 2433 3779 tyrum
2459 3711 2514 3761 et
2543 3706 2878 3777 prolixiores
2907 3707 3214 3778 Scriptura:
3252 3707 3522 3763 lectiones
3547 3709 3948 3779 recitarentur,

2240 3792 2635 3850 considerent:
2666 3794 2906 3850 subinde
2937 3811 3069 3851 vero
3103 3812 3305 3852 omnes
3334 3798 3755 3870 propemodum
3786 3799 3953 3855 femi-

2241 3897 2363 3949 nas,
2406 3881 2577 3937 etiam
2618 3882 2758 3938 citra
2803 3883 3224 3940 incommodam
3272 3886 3684 3955 valetudinem,
3724 3904 3951 3943 morem

2241 3988 2355 4026 non
2393 3971 2650 4027 modeste
2696 3972 2929 4029 sedendi
2961 3974 3033 4030 ad
3061 3991 3147 4043 ea,
3196 3991 3323 4047 qum
3370 3976 3721 4047 legerentur,
3753 3981 3952 4032 atten-

2240 4061 2353 4117 tius
2392 4062 2693 4130 audienda,
2747 4063 2845 4118 sed
2890 4065 3258 4121 recumbendi
3303 4065 3459 4121 velut
3503 4065 3564 4121 in
3600 4066 3762 4121 lectis
3804 4068 3948 4135 suis,

2242 4154 2298 4204 et
2343 4151 2632 4221 garriendi
2678 4150 2963 4207 induxisse
3014 4154 3201 4225 (Apud
3244 4155 3634 4223 Augustinnm,
3681 4156 3944 4226 Append.

2242 4240 2410 4295 Serm.
2446 4242 2568 4303 300,
2599 4256 2656 4295 n.
2712 4241 2779 4311 1).
2808 4241 2929 4306 Qua
2955 4242 3025 4297 de
3053 4259 3114 4297 re
3143 4242 3270 4297 illas
3302 4243 3363 4298 in
3410 4244 3517 4299 hoc
3554 4260 3820 4299 sermone
3851 4262 3945 4301 re-

2240 4328 2545 4399 prehendit
2574 4329 2959 4400 concionator,
2991 4331 3267 4403 docetque
3298 4348 3413 4404 qua
3451 4332 3731 4405 religione
3762 4339 3821 4390 et
3851 4351 3948 4390 re-

2241 4416 2492 4472 verentia
2538 4418 2775 4473 verbum
2824 4419 2924 4474 Dei
2971 4420 3227 4492 excipere
3279 4421 3546 4479 debeant.
3608 4423 3749 4478 Cum
3802 4440 3945 4479 vero

2238 4506 2406 4577 pauci
2448 4505 2712 4578 privatim
2744 4507 3142 4580 instituuntur,
3173 4509 3369 4566 scribit
3396 4511 3752 4583 Augustinus
3782 4529 3944 4568 arro-

2238 4594 2493 4666 gantiam
2528 4612 2649 4652 esse
2688 4613 2804 4653 non
2832 4597 3146 4668 ferendam,
3179 4599 3226 4654 si
3265 4599 3590 4655 erudiendis
3622 4600 3795 4657 sessio
3826 4618 3945 4657 non

2238 4684 2537 4754 offeratur;
2588 4685 2983 4742 animadverso
3029 4689 3351 4759 praesertim
3392 4689 3717 4745 auditorum
3748 4691 3943 4763 taedio,

2238 4773 2394 4846 quod
2425 4790 2522 4830 eos
2552 4774 2846 4831 interdum
2872 4775 3025 4832 aliud
3044 4781 3423 4849 praetexentes
3449 4778 3519 4833 ad
3549 4778 3943 4836 excedendum

2235 4866 2422 4934 potest
2482 4864 2797 4936 impellere.
2850 4866 2964 4921 Hoc
3005 4865 3126 4937 ipse
3182 4870 3473 4937 expertus,
3523 4882 3654 4921 cum
3708 4867 3943 4922 rustica-

2234 4970 2376 5009 num
2413 4953 2709 5010 hominem
2760 4955 3069 5033 aliquando
3110 4955 3394 5028 mysteriis
3430 4955 3732 5026 imbueret,
3764 4973 3941 5028 quam

2235 5043 2376 5098 illud
2403 5044 2843 5114 praecavendum
2861 5049 3027 5113 esset,
3051 5045 3247 5101 didicit
3271 5046 3369 5116 (De
3388 5046 3654 5103 Catechiz.
3678 5046 3933 5111 rudibus,

2232 5148 2288 5187 n.
2326 5132 2433 5203 19).
2485 5134 2814 5189 Advertitur
2850 5134 3083 5189 solitum
3138 5132 3311 5190 fuisse
3356 5151 3649 5190 sermones
3677 5151 3809 5191 suos
3834 5136 3941 5191 hac

2234 5221 2595 5277 conclusione
2652 5223 2941 5279 absolvere
2992 5240 3005 5279 :
3060 5225 3315 5281 Conversi
3359 5224 3745 5280 adDominum
3773 5227 3939 5281 Deum

2233 5311 2449 5364 Patrem
2486 5313 2918 5382 omnipotentem,
2956 5328 3095 5382 puro
3143 5312 3301 5367 corde
3332 5315 3404 5383 ei,
3450 5318 3715 5383 quantum
3767 5319 3939 5386 potest

2228 5398 2481 5470 parvitas
2510 5404 2713 5468 nostra,
2743 5403 3019 5456 maximas
3038 5404 3201 5472 atque
3220 5403 3407 5458 uberes
3435 5405 3649 5471 gratias
3669 5420 3933 5473 agamus;

2228 5492 2510 5558 precantes
2540 5492 2648 5544 toto
2677 5491 2857 5545 animo
2884 5491 3215 5558 singularem
3245 5492 3711 5547 mansuetudinem
3739 5494 3939 5565 ejus,ut

2228 5591 2413 5647 preces
2439 5580 2653 5634 nostras
2678 5579 2737 5634 in
2769 5577 3097 5649 beneplacito
3126 5593 3222 5635 suo
3259 5579 3522 5635 exaudire
3542 5580 3821 5650 dignetur,
3852 5586 3937 5638 in-
