4060 6348
107 275 209 328 2H

98 665 302 734 ducat,
335 682 431 736 per
466 670 646 722 Jesum
684 669 960 724 Christum
984 671 1185 724 Filium
1212 671 1355 739 ejus.
1393 671 1582 726 Amen.
1631 674 1818 738 (Serm.

1579 283 1790 340 LIBER
1829 283 2181 352 QUARTUS.

102 398 340 452 imicum
360 397 623 454 a'nostris
645 400 854 455 actibus
878 405 927 456 et
939 401 1356 470 cogitationibus
1387 416 1487 458 sua
1506 404 1707 460 virtute
1735 421 1824 459 cm-

97 489 308 558 pellat,
339 489 490 543 nobis
538 491 854 560 multiplicet
880 491 1059 560 ﬁdem,
1085 492 1341 559 gubernet
1378 497 1620 562 mentem,
1655 497 1822 564 spiri-

100 577 290 632 tuales
312 580 658 646 cogitationes
674 580 944 646 concedat,
968 585 1017 634 et
1041 581 1114 634 ad
1137 581 1519 636 beatitudinem
1539 598 1690 637 suam
1706 600 1823 654 per-

3525 291 3631 347 242

1934 407 2180 480 denique
2214 408 2512 475 medelam,
2555 407 2692 463 citra
2715 408 3063 479 judiciorum
3088 409 3399 464 forensium
3431 411 3630 466 severi-

1931 499 2127 563 tatem,
2161 514 2263 568 pro
2292 497 2438 552 virili
2469 503 2628 569 parte
2649 499 3006 570 procurabat.
3046 498 3318 563 Quocirca
3337 499 3629 572 continge-

1930 585 2026 639 bat
2052 586 2378 657 aliquando,
2404 591 2469 640 ut
2490 587 2696 658 quibus
2727 591 2859 642 nota
2890 590 3052 642 erant
3081 586 3179 641 illa
3208 588 3466 656 crimina,
3499 605 3629 643 con-

1931 679 2307 745 quererentur
2337 675 2489 746 quod
2520 675 2616 729 illa
2645 691 2760 729 non
2793 679 3075 747 argueret,
3101 692 3228 730 cum
3259 676 3470 730 scilicet
3496 693 3628 731 eum

98 757 193 814 67.
246 771 308 808 η.
367 757 460 823 l0;
511 757 680 812 Serm.
735 760 854 821 106,
905 775 960 813 η.
1002 761 1065 825 4;
1111 759 1282 816 Serm.
1323 763 1528 828 183,11.
1579 764 1670 828 15;
1699 768 1822 832 post
1927 769 2027 817 aut
2071 763 2389 834 prudentiae
2442 763 2564 834 lege
2595 763 2864 830 cohiberi,
2896 768 2994 818 aut
3022 780 3139 818 non
3179 781 3406 835 semper
3435 765 3631 819 omnia

98 845 318 898 Enarr.
349 846 405 898 in
430 845 575 900 Psal.
608 861 691 913 eL,
719 845 838 916 etc).

774 935 999 991 CAPUT
1038 936 1155 990 VII.

103 1023 117 1075 l
156 1022 448 1076 Invenitur
478 1023 536 1076 in
570 1024 726 1076 vitia.
760 1023 794 1075 2
821 1023 957 1093 Ejus
987 1025 1046 1078 in
1073 1025 1430 1094 corripiendis
1469 1027 1817 1096 peccantibus

161 1111 470 1180 prudentia
513 1116 563 1166 et
606 1113 864 1166 charitas.
911 1115 940 1166 3
970 1113 1016 1167 Λ
1049 1115 1443 1182 ﬂagitiosorum
1473 1116 1817 1171 Christiano-

165 1215 300 1253 rum
331 1201 507 1267 magis
555 1215 719 1268 quam
752 1201 820 1254 ab
850 1203 1201 1257 Ethnicorum
1231 1205 1473 1258 convictu
1503 1219 1612 1259 sese
1642 1205 1815 1260 absti-

164 1293 280 1342 net.
318 1290 353 1342 4
384 1289 460 1344 0b
491 1289 725 1359 alicujus
748 1294 1029 1358 peccatum
1061 1295 1227 1345 totam
1252 1291 1369 1360 ejus
1397 1293 1670 1358 familiam
1713 1309 1816 1347 ea:-

164 1379 564 1431 communicari
609 1393 715 1432 non
741 1378 956 1449 probat.
1000 1381 1029 1432 5
1061 1381 1498 1435 Mathematicum
1529 1381 1815 1450 quemdam

166 1467 227 1519 in
252 1468 646 1535 pcenitentium
680 1482 962 1522 numerum
1007 1470 1219 1538 recipit.
1271 1473 1302 1524 6
1355 1471 1716 1540 Lampadium
1757 1473 1815 1526 in

162 1558 467 1626 quaestione
501 1556 566 1610 de
595 1560 864 1611 astrorum
886 1559 1006 1624 fato
1035 1559 1316 1613 haerentem
1346 1559 1543 1613 erudit.

167 1648 217 1699 l.
269 1635 444 1700 Afros.
483 1645 551 1700 ad
597 1646 901 1713 luxuriam,
951 1647 1283 1702 ebrietatem
1333 1653 1388 1703 et
1417 1649 1812 1719 juramentum

89 1733 380 1804 proclives
432 1733 605 1789 fuisse
655 1735 977 1789 observant.
1026 1736 1383 1807 Quapropter
1431 1736 1806 1808 Augustinus,

93 1827 232 1876 teste
285 1823 566 1889 Possidio,
611 1823 902 1878 laborabat
948 1824 1008 1878 in
1051 1825 1275 1895 primis,
1324 1830 1387 1880 ut
1426 1825 1683 1880 inolitam
1709 1825 1808 1896 ju-

92 1911 259 1965 randi
302 1912 782 1966 consuetudinem
831 1929 860 1966 e
906 1914 1121 1984 populo
1169 1931 1270 1968 suo
1318 1914 1545 1986 penitus
1587 1915 1811 1968 tolleret

92 2002 416 2068 (Possidius,
443 2004 500 2056 in
533 2003 654 2056 Vita
692 2003 950 2071 August,
982 2019 1028 2056 c.
1060 2004 1166 2071 22$).
1202 2005 1433 2058 Exstant
1464 2003 1651 2076 reipsa
1689 2019 1801 2056 ser-

92 2107 291 2146 mones
335 2090 560 2161 aliquot
603 2091 675 2144 ab
719 2090 844 2161 ipso
893 2090 954 2145 in
992 2091 1114 2146 haec
1139 2092 1278 2146 vitia
1307 2092 1506 2148 habiti.
1544 2094 1618 2147 Ea
1649 2093 1716 2145 de
1746 2108 1807 2146 re

89 2178 257 2231 verba
284 2177 478 2232 facere
527 2194 754 2248 semper
797 2179 1114 2246 distulerat,
1164 2181 1378 2235 veritus
1423 2197 1493 2235 ne
1522 2180 1806 2234 monendo

91 2267 390 2320 auditores
430 2283 562 2320 suos
610 2268 966 2322 nocentiores
1009 2269 1219 2324 faceret
1264 2286 1276 2323 :
1333 2269 1429 2323 sed
1470 2269 1701 2323 tandem
1735 2267 1806 2322 ti-

91 2356 256 2421 muit,
311 2372 390 2410 ne
421 2356 839 2426 mandatO'ipse
889 2373 1005 2411 non
1049 2362 1292 2428 pareret,
1337 2358 1490 2429 quod
1523 2357 1632 2411 sibi
1673 2373 1802 2411 cum

90 2445 280 2500 Jacobi
337 2444 588 2516 Epistola
631 2445 936 2516 legeretur,
982 2445 1174 2500 divino
1231 2447 1423 2500 afflatu
1480 2447 1802 2517 injunctum

94 2534 264 2588 fuisse
297 2533 686 2588 arbitrabatur
707 2536 894 2603 (Serm.
928 2537 1046 2602 l80,
1080 2551 1124 2589 c.
1152 2539 1232 2601 l2,
1258 2552 1310 2589 n.
1346 2536 1450 2606 14).
1484 2537 1544 2589 In
1567 2534 1801 2590 ebrieta-

97 2628 204 2675 tem
239 2638 477 2693 quoque
503 2620 716 2692 passim
747 2620 1052 2676 invehitur.
1092 2621 1350 2676 Ebriosos
1382 2623 1688 2695 aliquando
1711 2623 1804 2677 ob'

88 2710 428 2781 jurgaturus
463 2727 475 2764 :
507 2712 569 2767 Si
600 2726 704 2764 non
733 2726 814 2764 me
843 2711 1153 2779 audieritis,
1186 2711 1392 2783 inquit,
1425 2717 1475 2765 et
1505 2717 1681 2766 tamen
1708 2727 1799 2778 ego

93 2813 198 2851 non
238 2803 479 2865 tacuero,
520 2800 759 2854 animam
795 2815 965 2854 meam
1009 2800 1264 2855 liberabo.
1306 2801 1412 2856 Sed
1455 2801 1574 2854 nolo
1613 2802 1799 2856 salvus

89 2903 194 2940 (sse
221 2889 340 2942 sine
368 2888 519 2942 vobis
541 2888 728 2958 (Serm.
768 2891 850 2954 l7,
883 2903 929 2942 c.
965 2891 1016 2950 2,
1038 2905 1093 2944 n.
1122 2891 1194 2956 2).
1223 2889 1381 2952 Quod
1413 2889 1480 2942 ad
1510 2887 1796 2942 luxuriam

91 2980 324 3046 spectat,
377 2981 616 3032 conatur
664 2977 724 3030 in
753 2976 953 3048 primis
983 2977 1298 3043 ostendere,
1333 2976 1565 3030 maritos
1596 2977 1791 3031 eadem

92 3065 198 3118 lide
218 3082 357 3136 erga
383 3066 659 3137 conjuges
681 3081 809 3119 suas
839 3065 1136 3136 obstringi,
1171 3081 1342 3136 quam
1375 3065 1484 3136 ipsi
1504 3065 1575 3119 ab
1592 3064 1660 3118 iis
1684 3064 1799 3118 exi-

93 3158 224 3223 gant
241 3156 436 3220 (Serm.
469 3159 523 3223 9,
550 3171 596 3210 c.
624 3158 677 3224 9,
703 3171 796 3210 nn.
825 3157 910 3221 ll,
939 3157 1002 3208 l‘2
1022 3171 1035 3221 ;
1059 3155 1228 3209 Serm.
1257 3156 1380 3219 392,
1403 3169 1448 3208 c.
1474 3157 1526 3220 5,
1553 3169 1606 3208 n.
1635 3153 1706 3224 5).
1733 3154 1795 3208 In

93 3257 199 3311 quo
233 3243 512 3297 Romamn
541 3244 692 3314 leges
731 3243 803 3298 ab
851 3242 1190 3314 evangelicis
1233 3241 1551 3313 plurimum
1583 3242 1795 3298 discre-

93 3331 317 3400 pabant.
354 3331 516 3387 Unde
563 3331 926 3404 contingebat
953 3348 1152 3386 omnes
1180 3331 1597 3404 propemodum
1642 3331 1793 3386 viros

92 3417 144 3472 in
173 3420 320 3474 hanc
347 3421 572 3492 prolabi
603 3437 831 3476 morum
862 3421 1262 3492 corruptelam,
1304 3437 1432 3492 quae
1477 3425 1669 3476 tamen
1718 3421 1786 3475 si-

94 3509 260 3563 lentio
301 3509 604 3582 tegebatur
655 3510 1081 3582 fovebaturque.
1115 3511 1188 3564 At
1214 3509 1418 3564 maluit
1443 3509 1792 3581 Augustinus

95 3597 380 3654 veritatem
416 3615 529 3653 non
554 3599 812 3666 tacendo,
847 3599 1130 3667 omnium,
1158 3599 1259 3670 qui
1288 3615 1413 3653 eam
1435 3598 1633 3653 sectari
1665 3599 1790 3653 nol-

97 3686 226 3754 lent,
259 3687 410 3742 odiis
437 3704 495 3743 se
527 3687 791 3759 objicere,
826 3704 998 3758 quam
1029 3687 1090 3741 in
1120 3687 1489 3742 dissimulata:
1517 3686 1787 3754 veritatis,

98 3777 249 3845 cujus
279 3777 528 3848 imperio
561 3777 719 3848 loqui
739 3777 1066 3848 jubebatur,
1091 3776 1306 3830 crimen
1325 3775 1632 3830 incurrere.
1655 3777 1786 3842 Hoc,

97 3865 275 3934 ipsum
324 3871 414 3920 est
457 3866 811 3938 praecipuum
851 3870 1256 3936 argumentum
1286 3865 1584 3931 sermonis,
1618 3881 1788 3935 quem

98 3955 159 4006 De
203 3954 382 4010 decem
435 3956 662 4011 Chordis
710 3953 1010 4025 inscripsit,
1061 3958 1365 4024 prOpterea
1409 3953 1562 4024 quod
1593 3952 1788 4007 decem

97 4041 186 4094 llei
216 4043 509 4109 mandata,
543 4059 672 4113 qua).
701 4043 759 4096 in
790 4043 894 4097 hoc
933 4058 1194 4096 sermone
1235 4041 1484 4112 exponit,
1533 4056 1661 4094 cum
1692 4041 1788 4096 de-

95 4130 368 4186 cacbordo
402 4130 694 4202 psalterio,
736 4136 801 4185 ut
834 4130 1121 4201 Scriptura
1160 4130 1432 4201 loquitur,
1466 4137 1779 4200 comparat.

156 4223 205 4274 2.
236 4222 440 4292 Leges,
473 4237 615 4292 quas
651 4221 952 4292 Apostolus
989 4220 1283 4274 Timotheo
1324 4220 1394 4273 ad
1421 4221 1658 4274 verbum
1691 4221 1789 4275 Dei

95 4309 514 4374 (medicandum
565 4309 904 4378 prmscribit,
963 4314 1220 4362 accurate
1273 4309 1556 4375 servabat;
1615 4314 1670 4363 et
1725 4315 1789 4364 ut

94 4397 302 4451 caeteris
352 4403 571 4452 metum
617 4398 897 4468 injiceret,
948 4397 1172 4467 publice
1219 4403 1512 4468 peccantes
1560 4397 1786 4468 publice

96 4501 324 4556 arguere
354 4503 472 4542 non
495 4487 1066 4557 timebat(Possidius,
1088 4489 1145 4540 in
1174 4487 1301 4541 Vita
1322 4487 1581 4555 August,
1604 4503 1648 4542 c.
1682 4488 1783 4558 19).

101 4573 244 4630 L’ude
275 4576 614 4631 laudabatur
661 4576 732 4630 ab
769 4575 1063 4642 omnibus;
1115 4575 1208 4629 sed
1250 4591 1308 4628 se
1355 4575 1474 4644 ipse
1521 4574 1785 4646 privatim

97 4668 218 4716 ante
243 4664 540 4735 arguebat.
576 4665 746 4719 Erant
772 4667 963 4718 tamen
993 4663 1128 4717 vitia
1155 4662 1234 4716 sic
1258 4663 1483 4728 usitata,
1519 4668 1580 4717 ut
1605 4679 1785 4734 quan-

97 4752 298 4806 tumvis
335 4753 565 4824 publica
593 4754 798 4820 forent,
844 4769 912 4808 ea
952 4752 1043 4806 vix
1091 4752 1240 4806 lente
1272 4755 1327 4806 et.
1350 4751 1606 4806 arridens
1637 4751 1786 4806 inse-

97 4839 225 4894 ctari
257 4857 319 4896 ac
347 4842 654 4913 prohibere
677 4842 933 4908 auderet,
965 4857 1035 4895 ne
1063 4844 1356 4913 peccantes
1385 4840 1456 4895 ad
1485 4839 1631 4894 iram
1659 4857 1787 4910 pro-

100 4934 336 4997 vocarct,
354 4936 412 4986 et
431 4931 551 5002 ipse
573 4937 809 4986 novator
834 4931 1142 4986 haberetur
1161 4931 1354 5002 (Serm.
1385 4933 1467 4997 l7,
1495 4944 1541 4984 c.
1567 4933 1618 4994 3,
1641 4946 1698 4984 η.
1723 4933 1783 4996 3.;

102 5019 264 5085 Epist.
294 5019 370 5074 ad
401 5021 579 5077 Galat.
609 5025 836 5091 Expos.,
871 5038 928 5075 n.
969 5020 1078 5090 33).
1115 5019 1343 5075 Occulta
1372 5035 1504 5073 vero
1534 5022 1784 5090 peccata,

102 5107 332 5162 maxime
371 5125 502 5164 cum
538 5110 732 5180 gravia
770 5125 962 5164 secum
1002 5108 1381 5180 importarent
1406 5107 1784 5174 incommoda,

100 5198 155 5247 ut
177 5202 308 5251 sunt
335 5198 646 5252 homicidia
693 5203 750 5252 et
785 5198 1084 5266 adulteria,
1127 5197 1370 5252 charitas
1403 5213 1533 5251 eum
1563 5196 1786 5267 publice

101 5297 318 5353 carpere
348 5303 466 5342 non
496 5287 734 5342 sinebat.
767 5288 956 5358 Neque
979 5292 1169 5341 tamen
1201 5303 1267 5340 ea
1292 5286 1634 5357 negligebat.
1671 5287 1785 5340 Hu-

98 5370 336 5436 jusmodi
384 5376 690 5431 sceleribus
730 5375 1026 5430 obstrictos
1059 5375 1292 5430 remotis
1329 5375 1554 5430 arbitris
1584 5375 1782 5430 admo-

109 5475 256 5530 nens,
287 5481 482 5520 eorum
524 5465 702 5520 oculis
730 5464 904 5519 divini
927 5465 1130 5534 judicii
1161 5465 1312 5520 diem
1346 5465 1698 5536 subjiciebat,
1731 5469 1789 5518 et

107 5547 298 5606 timore
335 5553 449 5609 illis
480 5554 702 5610 incusso
731 5553 1128 5625 paenitentiam
1151 5554 1546 5623 persuadebat.
1580 5555 1786 5609 Eorum

1930 852 2070 906 scire
2099 853 2336 907 minime
2359 852 2716 906 attenderent
2740 852 2926 922 (Serm.
2951 856 3040 922 8‘2,
3059 870 3101 907 c.
3126 858 3156 907 ’7
3182 858 3232 907 et
3250 856 3399 920 8,nn.
3421 856 3534 920 lO,l
3554 853 3622 920 l).

1999 943 2048 995 3.
2100 942 2146 994 A
2193 940 2644 995 Christianorum
2687 940 2967 1011 flagitiose
3008 941 3322 995 viventium
3365 941 3627 996 convictu

1924 1029 2268 1100 quandoque
2297 1029 2632 1094 abstinebat,
2679 1034 2742 1082 ut
2784 1046 2878 1083 eos
2907 1034 2964 1084 et
2990 1029 3210 1100 pudore
3241 1030 3622 1096 sutfunderet,

1922 1122 1980 1191 et
2006 1117 2074 1172 ad
2102 1118 2398 1172 meliorem
2431 1118 2652 1188 frugem
2684 1117 2789 1172 hac
2817 1118 3038 1172 ratione
3069 1122 3378 1173 revocaret.
3413 1119 3624 1174 Convi-

1925 1222 2054 1259 vcre
2085 1207 2302 1260 solebat
2327 1206 2519 1277 potius
2544 1221 2674 1260 cum
2703 1205 2951 1260 Ethnicis
2973 1211 3029 1260 et
3050 1207 3263 1278 impiis,
3289 1223 3462 1278 quam
3492 1223 3622 1262 cum

1925 1293 2226 1348 Catholicis
2257 1294 2568 1364 sceleratis;
2604 1294 2665 1348 in
2696 1311 2808 1365 quo
2841 1311 3062 1349 morem
3092 1295 3328 1366 gerebat
3353 1297 3622 1367 Apostolo

1921 1385 2146 1451 (Enarr.
2194 1386 2250 1436 in
2291 1384 2435 1438 Psal.
2489 1397 2541 1450 c,
2581 1399 2638 1436 η.
2672 1383 2747 1454 8).
2802 1383 3460 1438 Excommunicationem
3490 1401 3622 1440 vero

1920 1471 1978 1526 in
2006 1471 2340 1526 criminibus
2367 1487 2493 1526 eam
2523 1471 2876 1543 exigentibus
2899 1473 3222 1539 adhibebat,
3257 1478 3535 1546 quantum
3563 1473 3622 1528 id

1922 1578 2030 1631 pax
2062 1561 2322 1616 Ecclesiae
2368 1560 2600 1627 sineret,
2650 1566 2706 1615 et
2735 1561 2854 1632 ipse
2883 1561 3275 1632 peccatoribus
3304 1562 3441 1616 utile
3471 1561 3620 1616 arbi-

1920 1653 2192 1704 traretur.
2235 1651 2377 1704 Nam
2407 1647 2683 1714 ebriosos,
2707 1650 2952 1721 exempli
2979 1667 3167 1717 causa,
3199 1667 3312 1721 quo
3333 1650 3515 1721 magis
3543 1649 3622 1704 vi-

1919 1736 2062 1790 tium
2111 1737 2250 1791 illud
2302 1754 2606 1792 commune
2637 1743 2692 1792 et
2721 1741 3091 1810 pervagatum
3120 1743 3257 1801 erat,
3294 1755 3359 1792 eo
3405 1738 3618 1807 minus,

1921 1827 2152 1880 meritos
2179 1827 2332 1896 licet,
2366 1827 2728 1881 anathemate
2760 1827 2948 1893 ferire,
2971 1831 3026 1880 et
3059 1827 3129 1880 de
3162 1825 3405 1880 Ecclesia
3435 1826 3616 1896 proji-

1919 1931 2044 1968 cere
2076 1914 2338 1969 audebat.
2393 1916 2535 1968 Nam
2579 1931 2707 1968 cum
2753 1914 2838 1968 illi
2876 1913 3131 1968 criminis
3161 1914 3250 1968 sui
3281 1913 3616 1985 gravitatem

1918 2019 2033 2057 non
2063 2002 2198 2056 satis
2227 2007 2620 2074 agnoscerent,
2663 2003 2900 2057 timebat
2941 2019 3012 2056 ne
3061 2002 3183 2074 ipso
3234 2001 3483 2056 fortassis
3513 2003 3613 2056 lla-

1917 2093 2064 2161 gello
2094 2093 2315 2163 pejores
2344 2092 2564 2158 ﬁerent,
2597 2091 2695 2163 qui
2732 2092 3104 2147 cmderentur.
3137 2091 3493 2162 Quapropter
3521 2107 3613 2145 so-

1917 2181 1985 2234 lis
2014 2181 2218 2252 szepius
2249 2180 2433 2236 verbis
2460 2197 2556 2234 eos
2579 2179 2920 2252 corripiebat
2947 2181 3132 2250 (Serm.
3173 2183 3256 2247 l7,
3288 2195 3334 2234 c.
3369 2182 3420 2245 3,
3452 2196 3508 2234 n.
3533 2180 3608 2249 3).

1916 2270 2162 2336 Maritos,
2195 2269 2294 2341 qui
2336 2269 2450 2324 suis
2480 2267 2754 2323 uxoribus
2771 2269 2943 2323 fidem
2973 2285 3086 2322 non
3117 2268 3437 2337 servabant,
3468 2285 3610 2339 quo-

1917 2359 2046 2412 dam
2075 2374 2335 2412 sermone
2359 2358 2726 2428 compellans,
2766 2357 2814 2412 A
2845 2359 3227 2424 communione,
3260 2357 3357 2424 ait,
3388 2373 3443 2412 se
3470 2359 3610 2412 cohi-

1915 2448 2090 2513 beant,
2123 2450 2220 2516 qui
2245 2449 2422 2501 sciunt
2452 2449 2584 2516 quia
2608 2448 2733 2501 novi
2753 2451 2975 2516 peccata
3003 2449 3272 2516 ipsorum;
3302 2462 3368 2500 ne
3395 2447 3462 2500 de
3480 2463 3607 2502 can-

1912 2537 2056 2590 cellis
2082 2537 2448 2606 projiciantur
2470 2538 2659 2604 (Serm.
2695 2538 2818 2603 392,
2847 2551 2891 2590 c.
2930 2541 2979 2602 5,
3001 2551 3056 2589 n.
3091 2536 3160 2603 5).
3185 2535 3523 2607 Quanquam
3548 2534 3608 2590 in

1912 2625 2063 2679 hunc
2091 2641 2434 2694 sermonem,
2467 2640 2638 2695 quem
2669 2623 2818 2678 inter
2845 2623 3048 2678 dubios
3069 2623 3466 2678 collocandum
3483 2639 3602 2677 cen-

1910 2713 2148 2782 suimus,
2182 2714 2278 2768 illa
2314 2713 2593 2768 sententia
2641 2713 2892 2766 immissa
2930 2711 3107 2767 videri
3139 2715 3342 2782 potest,
3375 2727 3505 2766 cum
3535 2711 3606 2766 ad

1907 2803 2046 2856 illud
2078 2802 2368 2856 confertur
2396 2801 2551 2874 quod
2581 2800 2936 2870 Augustinus
2965 2799 3025 2853 in
3047 2816 3309 2854 sermone
3331 2803 3606 2854 trecente-

1908 2891 2052 2944 simo
2089 2889 2565 2961 quinquagesimo
2611 2889 2798 2958 primo
2837 2887 3170 2959 pronuntiat
3203 2904 3215 2942 :
3249 2891 3357 2944 Nos
3403 2904 3526 2942 vero
3568 2904 3604 2942 a

1907 2982 2270 3033 communione
2289 2978 2572 3048 prohibere
2610 2993 2930 3047 quemquam
2955 2993 3058 3031 non
3081 2992 3366 3046 possumus
3388 2976 3600 3046 (quam-

1904 3067 1984 3120 ris
2011 3068 2117 3120 haec
2142 3067 2436 3136 prohibitio
2464 3065 2700 3120 nondum
2725 3068 2797 3120 sit
2816 3063 3085 3132 mortalis,
3104 3065 3198 3120 sed
3216 3065 3597 3135 medicinalis),

1904 3157 2016 3209 nisi
2051 3160 2146 3209 aut
2175 3160 2360 3225 sponte
2407 3157 2727 3223 confessum,
2759 3158 2854 3209 aut
2889 3157 2947 3208 in
2985 3155 3169 3223 aliquo
3195 3155 3307 3208 sive
3329 3154 3596 3220 smcuIari,

1903 3247 2015 3298 sive
2060 3245 2410 3299 ecclesiastico
2458 3244 2667 3314 judicio
2715 3245 3051 3297 nominatum
3098 3246 3258 3311 atque
3302 3245 3599 3296 convictum

1906 3335 2089 3403 (Serm.
2111 3337 2234 3403 35-l,
2257 3351 2300 3388 c.
2325 3335 2380 3402 4,
2403 3349 2458 3388 n.
2484 3335 2584 3401 l0).
2602 3331 2868 3396 Quamvis
2889 3331 2962 3386 ob
2983 3330 3366 3402 quorumdam
3386 3329 3594 3384 facino-

1903 3436 1964 3474 ra
1981 3421 2245 3475 adversus
2263 3419 2564 3474 Ecclesiam
2580 3419 2908 3474 immaniter
2922 3421 3243 3490 perpetrata
3263 3417 3594 3489 gravissime

1901 3510 2207 3581 aliquando
2239 3513 2718 3577 commoveretur;
2768 3524 3065 3580 nunquam
3106 3511 3299 3562 tamen
3328 3522 3421 3561 eos
3464 3522 3595 3561 cum

1900 3602 2017 3652 tota
2064 3598 2282 3654 familia
2321 3599 2681 3654 anathemate
2724 3602 3019 3668 percutere
3069 3613 3240 3651 ausus
3269 3599 3352 3650 est
3393 3611 3406 3650 :
3464 3611 3595 3650 cum

1900 3704 2012 3758 qua
2041 3688 2260 3742 ratione
2305 3692 2495 3758 posset
2540 3687 2597 3742 id
2643 3691 2792 3741 recte
2823 3685 2948 3740 ﬁeri
2976 3701 3090 3740 non
3134 3683 3431 3751 inveniret,
3465 3683 3597 3739 licet

1899 3777 2007 3831 hoc
2032 3776 2101 3830 ab
2132 3776 2256 3830 aliis
2285 3775 2521 3830 forsitan
2549 3779 2922 3846 usurparetur
2949 3774 3146 3844 (Epist.
3175 3777 3300 3840 250,
3330 3789 3387 3827 η.
3430 3774 3502 3842 2).

1968 3867 2020 3920 4.
2055 3866 2195 3920 Cum
2225 3863 2510 3930 nonnulli,
2542 3863 2639 3934 qui
2669 3879 2771 3934 per
2788 3862 3153 3933 Evangelium
3178 3862 3590 3932 pejeraverant,

1898 3953 2281 4018 in_ecclesiam
2311 3952 2716 4023 confugissent,
2766 3955 2832 4006 ut
2855 3951 3078 4005 violata:
3105 3950 3236 4004 fidei
3263 3949 3590 4020 perfugium

1897 4043 1954 4097 iu
1985 4041 2106 4114 ipsa
2136 4042 2269 4097 fidei
2292 4042 2459 4096 domo
2503 4040 2889 4112 requirerent;
2935 4039 3298 4110 magistratus
3329 4038 3592 4093 christia-

1897 4149 2004 4186 nus
2035 4131 2216 4185 ﬁdelis
2245 4129 2607 4202 (Classiciano
2645 4145 2859 4184 nomen
2887 4132 3023 4192 erat)
3054 4143 3158 4198 pro
3184 4126 3462 4198 dignitate
3492 4144 3593 4181 sua

1897 4221 2196 4276 comitatus
2233 4221 2293 4274 in
2350 4219 2643 4274 ecclesiam
2697 4219 2871 4287 venit,
2916 4221 3148 4272 acturus
3189 4233 3320 4271 cum
3365 4215 3591 4271 Auxilio

1898 4309 2211 4364 dioecesano
2241 4309 2528 4380 episcopo,
2553 4325 2624 4362 ne
2657 4311 2852 4362 contra
2867 4306 2959 4377 jus
2980 4322 3145 4360 suum
3176 4304 3329 4360 hisce
3349 4304 3593 4376 perjuris

1895 4397 2125 4452 faveret.
2150 4399 2342 4470 [Equus
2365 4415 2497 4452 sane
2523 4397 2866 4468 postulabat.
2902 4394 3283 4450 Nihilominus
3311 4393 3593 4465 Auxilius,

1897 4486 2155 4558 quicum
2201 4487 2384 4542 adhuc
2425 4491 2571 4541 esset
2617 4485 3075 4552 datecbumenus,
3126 4482 3463 4539 Classiciano
3493 4482 3592 4537 be-

1897 4575 2216 4630 nevolentia
2284 4576 2618 4646 conjunctus
2670 4575 2876 4641 fuerat,
2929 4588 3106 4644 usque
3163 4571 3304 4626 adeo
3356 4571 3595 4627 indulsit

1894 4664 2226 4733 iracundiae,
2275 4669 2335 4719 ut
2382 4669 2508 4736 post
2558 4663 2837 4734 exscripta
2882 4662 2965 4716 rei
3003 4664 3175 4732 gesta:
3206 4664 3349 4727 acta,
3383 4659 3590 4714 Classi-

1895 4753 2122 4807 cianum
2173 4769 2304 4807 eum
2348 4757 2467 4808 tota
2507 4753 2674 4807 domo
2714 4767 2816 4806 sua
2846 4751 3202 4805 anathemate
3229 4748 3588 4820 percusserit.

1896 4842 2280 4900 Contendebat
2333 4842 2486 4897 haud
2533 4841 2703 4896 dubie
2753 4857 2975 4896 sacrum
3015 4839 3266 4895 ecclesiae
3311 4840 3530 4912 asylum
3560 4856 3594 4894 a

1896 4930 2231 4987 Classiciano
2255 4928 2425 4984 fuisse
2449 4929 2740 4997 violatum,
2764 4934 2820 4984 et
2841 4945 2968 4984 reos
2993 4928 3125 4984 inde
3153 4945 3257 5000 per
3283 4927 3398 4982 vim
3419 4928 3591 4983 fuisse

1896 5019 2188 5075 abductos.
2221 5019 2427 5073 Verum
2459 5017 2833 5073 Classicianus
2860 5017 2929 5072 de
2951 5017 3056 5072 hac
3085 5015 3298 5088 injuria
3323 5031 3428 5087 per
3447 5015 3592 5070 litte-

1896 5125 1985 5162 ras
2005 5107 2158 5178 apud
2179 5107 2563 5178 Augustinum
2588 5111 3020 5179 conquesturus,
3044 5109 3279 5160 testatus
3300 5108 3386 5159 est
3405 5107 3592 5158 sontes

1896 5197 2121 5252 sceleris
2148 5197 2233 5252 sui
2264 5196 2614 5251 conscientia
2650 5213 2898 5267 pressos,
2945 5195 3086 5251 citra
3115 5195 3230 5249 vim
3261 5211 3327 5248 ex
3355 5191 3591 5248 ecclesia

1895 5291 2098 5358 sponte
2123 5303 2223 5342 sua
2252 5286 2422 5341 fuisse
2461 5286 2758 5357 digressos.
2789 5285 3019 5340 iuvenis
3059 5284 3243 5339 adhuc
3272 5285 3393 5337 erat
3419 5279 3592 5336 Auxi-

1896 5376 2082 5438 lius,et
2097 5392 2312 5430 annum
2342 5375 2401 5429 in
2435 5375 2739 5446 episcopali
2761 5390 2998 5429 munere
3027 5371 3271 5427 necdum
3301 5371 3586 5440 exegerat:

1895 5465 2244 5536 Augustinus
2274 5468 2464 5519 autem
2495 5468 2577 5519 tot
2598 5465 2720 5535 jam
2758 5478 3041 5518 annorum
3073 5459 3371 5530 episcopus
3391 5473 3590 5513 senue-

1898 5557 2002 5607 rat.
2034 5553 2268 5623 Scripsit
2300 5557 2489 5606 tamen
2537 5553 2606 5607 ad
2643 5553 2956 5620 Auxilium,
2989 5549 3034 5604 si
3065 5563 3181 5619 qua
3232 5547 3326 5602 ille
3372 5546 3590 5603 ratione
