4060 6352
402 304 503 357 243

403 428 597 495 posset
621 425 940 493 ostendere,
973 426 1047 481 ob
1077 427 1246 482 unius
1278 435 1570 500 peccatum
1618 436 1793 489 totam
1825 430 2101 488 familiam

396 513 528 583 jure
554 503 1058 578 excommunicari,
1094 532 1151 570 se
1183 521 1443 587 paratum
1474 536 1592 575 esse
1624 523 1694 577 ab
1724 540 1791 578 eo
1830 523 2043 577 discere
2085 537 2099 575 :

403 601 452 655 si
487 619 621 657 vero
666 620 781 657 non
812 609 1024 674 posset,
1058 606 1283 675 culpam
1316 606 1373 660 in
1424 623 1490 661 eo
1535 611 1803 679 residere,
1835 611 1932 683 qui
1959 626 2102 677 rem,

405 690 568 761 cujus
616 691 895 745 rationem
929 692 1166 747 reddere
1207 709 1323 747 non
1354 697 1555 764 valeat,
1587 700 1756 755 fuerit
1783 716 2101 770 aggressus.

406 779 681 835 Eumdem
711 786 896 850 rogat,
941 785 1004 835 ut
1036 781 1083 834 si
1112 783 1279 852 culpa
1307 790 1466 839 vacet
1509 788 1902 853 Classicianus,
1947 804 2105 840 erro-

408 884 527 922 rem
557 884 748 936 suum,
777 868 834 922 in
868 884 1040 939 quem
1071 886 1138 924 ex
1168 871 1421 926 humana
1454 874 1763 945 fragilitate
1810 875 2108 948 prolapsus

408 960 513 1021 est,
563 956 829 1027 corrigat,
887 962 943 1011 et
997 962 1156 1029 gesta
1199 961 1575 1017 ecclesiastica
1604 964 1664 1018 in
1694 980 1825 1018 eum
1855 964 2111 1018 confecta

410 1044 715 1098 rescindat.
760 1046 863 1099 Nec
903 1046 1209 1112 arbitreris,
1252 1047 1461 1119 inquit,
1503 1052 1619 1106 ideo
1648 1055 1798 1106 nobis
1828 1069 1931 1107 non
1955 1067 2111 1121 posse

409 1132 693 1202 subrepere
718 1134 979 1202 injustam
1008 1139 1426 1204 commotionem,
1462 1142 1594 1209 quia
1613 1144 1850 1210 episcopi
1876 1155 2059 1195 sumus
2094 1155 2108 1194 :

412 1221 507 1276 sed
528 1224 713 1291 potius
733 1224 1022 1289 cogitemus
1051 1225 1193 1277 inter
1222 1226 1437 1295 laqueos
1464 1231 1816 1282 tentationum
1844 1244 1939 1283 nos
1965 1230 2111 1298 peri-

412 1310 742 1365 culosissime
779 1311 976 1373 vivere,
1031 1315 1161 1381 quia
1197 1314 1431 1369 homines
1477 1331 1661 1371 sumus
1706 1318 1893 1385 (lbid.,
1928 1332 1985 1371 η.
2037 1316 2109 1386 3).

415 1397 719 1455 Collationi
763 1398 1195 1468 Carthagiueusi
1245 1403 1502 1458 Auxilius
1566 1406 1945 1460 Nurconensis
1996 1405 2115 1476 epi-

416 1503 621 1557 scopus
646 1487 939 1543 intererat.
978 1488 1129 1542 ldem
1161 1489 1208 1543 si
1239 1491 1333 1556 sit,
1364 1507 1479 1545 nou
1509 1494 1699 1564 potuit
1727 1494 1850 1548 haec
1878 1494 2117 1564 epistola

417 1576 601 1631 serius
659 1592 780 1630 esse
835 1576 1063 1648 scripta,
1120 1595 1292 1648 quam
1348 1596 1499 1635 anno
1551 1582 2115 1653 quadringentesimo

420 1663 775 1719 duodecimo.
805 1665 912 1720 Sed
940 1670 994 1719 et
1012 1682 1162 1736 aegre
1178 1668 1437 1724 animum
1460 1670 1778 1737 induxeris,
1795 1687 1921 1725 eam
1938 1670 2118 1724 multo

419 1756 550 1807 ante
603 1752 978 1822 conscriptam
1019 1770 1168 1817 esse;
1211 1772 1342 1811 cum
1389 1759 1745 1829 Augustinus
1784 1775 1934 1813 anno
1978 1775 2118 1829 qua-

421 1840 869 1910 dringentesimo
898 1842 1235 1898 duodecimo
1258 1850 1479 1900 tantum
1500 1848 1784 1901 decimum
1812 1847 2121 1918 septimum

425 1930 807 1999 episcopatus,
846 1930 1029 1984 aetatis
1055 1937 1244 1986 autem
1275 1950 1392 1988 sum
1420 1936 1729 2004 septimum
1756 1941 1813 1991 et
1838 1936 2122 2008 quinqua-

424 2016 707 2086 gesimum
727 2033 942 2072 annum
962 2024 1186 2088 ageret;
1204 2037 1317 2092 quo
1331 2028 1733 2093 sanetempore
1752 2025 1846 2078 vix
1866 2024 2125 2079 videatur

423 2105 558 2158 satis
604 2111 922 2176 provectus,
959 2113 1024 2161 ut
1053 2125 1180 2163 cum
1210 2111 1437 2165 Auxilio
1467 2118 1761 2184 tamquam
1791 2129 1961 2167 senex
1992 2129 2123 2167 cum

418 2192 651 2261 juvene,
701 2199 873 2265 atque
921 2196 1219 2267 episcopus
1263 2203 1346 2253 tot
1401 2216 1684 2255 annorum
1741 2216 1871 2255 cum
1910 2202 2125 2267 collega

428 2282 670 2335 necdum
728 2283 993 2338 anniculo
1039 2285 1328 2355 loquatur.
1378 2288 1489 2357 lpsi
1519 2293 1712 2343 autem
1760 2274 2124 2355 Classiciano,

429 2386 459 2423 a
491 2386 605 2437 quo
635 2371 850 2426 litteras
898 2389 1072 2442 super
1099 2373 1194 2427 illa
1234 2390 1294 2427 re
1324 2382 1638 2445 acceperat,
1690 2376 1963 2447 rescripto
1992 2393 2125 2430 con-

429 2460 620 2514 silium
652 2475 820 2512 suum
854 2466 1223 2532 mentemque
1261 2463 1488 2532 aperuit
1537 2479 1550 2518 :
1596 2468 1711 2532 Ego
1753 2470 1977 2535 propter
2020 2481 2125 2528 eos,

429 2550 639 2621 inquit,
668 2552 764 2619 qui
785 2539 884 2618 pro
902 2554 1123 2618 peccato
1151 2554 1311 2604 unius
1342 2554 1535 2606 animm
1565 2557 1731 2607 totam
1754 2553 1969 2607 domum
1989 2555 2126 2620 ejus,

429 2638 491 2692 id
518 2643 616 2702 est,
645 2638 915 2706 plurimas
940 2639 1152 2691 animas
1183 2640 1524 2691 anathemate
1547 2641 1742 2709 ligant,
1789 2643 2027 2694 maa-ime
2065 2657 2131 2694 ne

434 2728 513 2781 ibi
555 2733 848 2795 quisquam
890 2728 1007 2779 sine
1049 2728 1383 2795 Buptismate
1423 2728 1489 2781 de
1517 2743 1734 2797 corpore
1762 2730 2048 2795 abscedat;
2080 2735 2131 2783 et

429 2824 610 2871 utrum
639 2832 745 2871 non
775 2818 936 2871 etiam
976 2815 1043 2868 de
1085 2817 1303 2869 ecclesia
1325 2816 1565 2885 pellendi
1604 2823 1750 2882 sunt,
1792 2820 1890 2888 qui
1929 2834 1985 2872 eo
2013 2834 2132 2872 con-

425 2908 669 2973 fttgiunt,
703 2920 807 2974 quo
828 2904 996 2972 ﬁdem
1031 2903 1439 2972 ﬁdejussoribus
1489 2907 1776 2975 frangant,
1836 2906 2133 2975 adjuvante

428 2997 667 3059 Domino,
720 2998 771 3047 et
812 2996 870 3048 in
916 2993 1137 3047 concilio
1182 2998 1365 3048 nostra
1406 3010 1564 3061 agere
1592 2998 1769 3064 cupio,
1811 3001 1861 3049 et
1904 2999 1955 3050 si
1997 3012 2130 3065 opus

424 3086 596 3151 fuerit
626 3083 700 3136 ad
744 3082 932 3138 Sedem
969 3083 1321 3150 apostolicam
1363 3083 1633 3150 scribere;
1663 3088 1725 3138 ut
1752 3086 1811 3138 in
1839 3085 1924 3137 his
1953 3088 2131 3139 causis

428 3171 563 3242 quid
590 3174 744 3239 sequi
772 3170 1076 3235 debeamus,
1109 3171 1358 3224 concordi
1385 3174 1623 3226 omnium
1653 3176 1974 3228 auctoritate
2001 3190 2132 3228 con-

428 3276 455 3315 s
482 3263 692 3314 ituatur
722 3264 883 3326 atque
909 3257 1175 3327 ﬁrmetur.
1203 3259 1347 3312 Illud
1367 3261 1529 3328 plane
1543 3275 1647 3314 non
1666 3266 1856 3315 temere
1873 3262 2128 3327 direrim,

430 3347 575 3417 quod
611 3348 662 3400 si
708 3348 1000 3414 quisquam
1030 3345 1272 3413 ﬁdelium
1298 3348 1471 3413 fuerit
1499 3349 1879 3403 anathematus
1904 3352 2128 3419 injuste;

428 3438 479 3490 ei
503 3438 688 3505 potius
718 3434 889 3488 oberit
915 3436 1011 3502 qui
1038 3436 1225 3501 faciet,
1257 3451 1421 3504 quam
1446 3439 1495 3491 ei
1515 3439 1613 3506 qui
1637 3438 1775 3492 hanc
1791 3441 2035 3509 patietur
2052 3442 2133 3493 in-

422 3525 655 3593 juriam.
708 3524 951 3592 Spiritus
978 3524 1120 3577 enim
1149 3530 1368 3578 sanctus
1413 3525 1667 3581 habitans
1696 3528 1755 3580 in
1783 3530 2004 3595 sanctis,
2035 3544 2134 3596 per

430 3629 586 3683 quem
634 3614 867 3682 quisque
921 3612 1129 3679 ligatur
1183 3618 1279 3666 aut
1317 3614 1566 3679 solvitur,
1621 3616 1946 3670 immeritam
1992 3618 2135 3670 nulli

428 3716 641 3772 poenam
660 3702 863 3769 ingerit
893 3715 906 3754 :
930 3716 1032 3770 per
1059 3716 1177 3755 eum
1218 3704 1419 3771 quippe
1450 3702 1785 3771 diffunditur
1803 3704 2043 3758 charitas
2074 3708 2132 3757 in

428 3790 679 3846 cordibus
721 3792 941 3858 nostris,
974 3805 1093 3859 quae
1115 3805 1221 3844 non
1250 3792 1367 3855 agit
1410 3806 1696 3860 perperam
1728 3795 1832 3859 (Ea:
1854 3794 2029 3861 Epist.
2058 3793 2133 3847 ad

429 3881 839 3940 Glassicianum,
866 3884 990 3950 post
1018 3880 1195 3947 Epist.
1229 3882 1354 3941 250.
1382 3885 1520 3935 temo
1548 3884 1603 3947 2,
1634 3897 1764 3950 pag.
1798 3884 1973 3947 133i).

498 3972 551 4023 5.
586 3969 648 4023 In
676 3968 794 4022 suis
825 3968 1195 4023 Sermonibus
1224 3969 1577 4039 Augustinus
1607 3986 1780 4022 vanas
1810 3972 2129 4039 astrologia:

420 4058 742 4130 judiciariae
763 4056 1196 4128 superstitiones
1218 4062 1534 4127 oppugnat,
1556 4058 1763 4127 quibus
1784 4059 2130 4113 Christiano-

426 4163 555 4201 rum
586 4146 759 4200 etiam
790 4145 1115 4214 complures
1144 4144 1365 4198 deditos
1395 4145 1474 4199 sic
1513 4145 1687 4199 fuisse
1738 4146 2128 4217 conqueritur,

428 4239 491 4286 ut
518 4232 782 4287 nonnulli
809 4247 1005 4285 coram
1049 4231 1173 4300 ipso
1205 4232 1446 4286 ﬁdenter
1483 4233 1757 4303 dicerent,
1787 4234 1950 4305 quasi
1985 4235 2128 4289 nihil

428 4319 491 4374 in
521 4335 590 4374 ea
617 4336 680 4374 re
710 4319 847 4373 mali
873 4320 1149 4385 subesset,
1186 4319 1354 4373 certis
1380 4337 1438 4375 se
1468 4321 1669 4376 diebus
1699 4338 1813 4375 non
1844 4338 1965 4377 esse
1993 4339 2128 4393 pro-

425 4408 892 4473 fecturos.,Quod
942 4406 1146 4462 vitium
1201 4407 1281 4461 ita
1327 4410 1561 4480 vulgare
1593 4415 1733 4476 erat,
1770 4414 1829 4464 ut
1857 4410 1946 4465 vix
1978 4413 2130 4466 ullus

425 4494 566 4557 illud
601 4494 1024 4565 reprehendere
1047 4494 1301 4550 auderet.
1337 4496 1491 4550 Unde
1524 4496 1603 4551 sic
1641 4498 1955 4552 exclamare
1982 4499 2132 4570 cogi-

425 4588 520 4637 tur
552 4598 567 4637 :
613 4585 704 4637 Vw
739 4586 972 4653 peccatis
1011 4584 1305 4649 hominum,
1347 4600 1465 4653 qua:
1493 4587 1609 4640 sola
1645 4588 1911 4641 inusitata
1934 4590 2131 4642 emhor—

424 4669 680 4725 rescimus
704 4672 1037 4742 (Enchirid.,
1070 4688 1133 4729 n.
1179 4674 1265 4742 2t)
1300 4676 1312 4727 ε
1361 4674 1759 4729 Verumtamen
1790 4691 1919 4729 cum
1969 4692 2128 4730 vanae

424 4759 598 4829 hujus
648 4764 704 4814 et
758 4759 951 4833 impiae
1009 4761 1146 4815 artis
1198 4767 1502 4817 sectatores
1548 4764 1956 4832 (mathematici
2003 4771 2125 4819 tum

426 4846 775 4917 dicebautur)
825 4849 895 4904 ad
947 4849 1379 4905 conversionem
1432 4853 1786 4919 accederent,
1819 4869 1913 4906 eos
1943 4854 2126 4924 paeni-

424 4935 617 4991 tentiae
641 4935 883 5007 publica:
913 4937 1227 5005 addicebat,
1256 4955 1359 4994 nec
1378 4940 1447 4995 ad
1476 4956 1599 4995 eam
1622 4941 1730 4995 nisi
1754 4947 1880 5013 post
1902 4943 2128 4996 crebras

424 5025 836 5096 postulationes
890 5030 947 5079 et
976 5026 1298 5097 interjectas
1326 5044 1517 5083 moras
1548 5030 1904 5086 admittebat.
1953 5030 2127 5101 Cujus

424 5115 509 5169 rei
553 5113 830 5168 habemus
872 5114 1098 5185 insigne
1151 5117 1476 5187 exemplum
1508 5118 1575 5172 ad
1606 5118 1815 5173 calcem
1845 5120 2124 5173 sermonis

422 5202 484 5259 in
513 5203 800 5273 psalmum
830 5202 1247 5273 sexagesimum
1271 5205 1547 5275 primum.
1576 5208 1682 5261 Illa
1712 5210 1959 5263 Ecclesiae
1980 5212 2122 5275 sitis,

422 5291 634 5363 inquit,
664 5306 847 5346 unum
877 5307 946 5345 ex
973 5291 1307 5361 hujusmodi
1339 5294 1755 5350 mathematicis
1787 5297 2119 5366 paenitenti-

423 5379 529 5434 bus
556 5380 712 5451 plebi
739 5381 1156 5447 demonstrans,
1185 5382 1348 5436 etiam
1368 5384 1533 5436 istum
1554 5399 1708 5452 quem
1726 5385 2127 5451 videtis,bibere

423 5471 559 5524 vult.
591 5471 766 5527 Simul
793 5472 956 5525 etiam
993 5475 1055 5525 ut
1079 5472 1357 5536 noveritis,
1404 5487 1567 5539 quam
1592 5473 1753 5528 multi
1780 5476 1839 5527 in
1867 5476 2126 5529 commic-

426 5560 571 5613 tione
600 5561 1052 5628 Christianorum,
1080 5574 1171 5615 ore
1189 5574 1285 5615 suo
1316 5560 1651 5630 benedicant,
1681 5566 1731 5617 et
1759 5564 1819 5618 in
1847 5564 2009 5619 corde
2031 5579 2128 5619 suo

1647 308 1804 361 VITA
1842 308 1896 362 S.
1938 306 2314 363 AUGUSTINI
2360 305 2697 360 EPISCUl’l.

3825 304 3918 355 2H

2212 429 2565 495 maledicant;
2597 430 2699 483 iste
2726 443 2793 481 ea'
2823 427 3119 481 christiano
3146 431 3197 480 et
3221 425 3370 494 fideli
3390 425 3656 495 pwnitens
3686 424 3855 487 redit,
3877 427 3923 477 et

2215 520 2436 573 territus
2458 521 2720 588 potestate
2759 518 2993 585 Domini,
3031 516 3363 569 convertitur
3389 513 3463 567 ad
3494 513 3925 567 misericordiam

2214 608 2445 661 Domini.
2478 604 2742 659 Seductus
2772 606 2909 657 enim
2927 603 2995 657 ab
3023 604 3260 667 inimico,
3292 617 3409 656 cum
3435 605 3569 656 esset
3593 601 3799 671 ﬁdelis,
3830 599 3927 652 diu

2214 695 2621 747 mathematicus
2662 695 2775 759 fuit
2818 709 2835 746 :
2870 692 3119 745 seductus
3157 692 3435 766 seducens,‘
3479 690 3730 759 deceptus
3777 689 3926 742 deci-

2215 785 2390 850 piens,
2412 783 2610 848 illexit,
2639 782 2859 847 fefellit,
2890 782 3063 834 multa
3090 780 3372 833 mendacia
3394 781 3599 833 locutus
3624 784 3706 833 est
3733 783 3929 832 contra

2216 874 2403 935 Deum,
2456 871 2553 938 qui
2602 870 2755 923 dedit
2810 868 3113 923 hominibus
3153 872 3470 937 potestatem
3496 867 3743 933 faciendi
3780 865 3931 935 quod

2220 959 2414 1012 bonum
2442 964 2537 1021 est,
2571 965 2621 1011 et
2648 973 2756 1012 non
2783 958 3027 1024 faciendi
3055 957 3200 1026 quod
3219 958 3421 1011 malum
3442 960 3539 1010 est.
3566 957 3669 1010 Iste
3688 955 3925 1017 dicebat,

2220 1049 2351 1115 quia
2376 1047 2705 1101 adulterium
2730 1061 2837 1099 non
2866 1046 3105 1112 faciebat
3129 1047 3378 1099 voluntas
3401 1047 3651 1114 propria,
3680 1044 3777 1098 sed
3814 1045 3929 1099 Ve-

2219 1150 2355 1200 nus;
2383 1139 2433 1188 et
2464 1134 2815 1189 homicidium
2853 1149 2960 1188 non
2999 1134 3238 1200 faciebat
3264 1136 3513 1188 voluntas
3548 1134 3803 1202 propria,
3834 1130 3931 1185 sed

2222 1228 2402 1291 Mars;
2446 1229 2497 1277 et
2518 1224 2730 1292 justum
2770 1237 2877 1277 non
2906 1223 3138 1288 faciebat
3168 1226 3327 1287 Deus,
3358 1221 3454 1276 sed
3479 1223 3627 1275 lovis
3658 1236 3672 1275 :
3715 1225 3766 1275 et
3811 1222 3931 1272 alia

2222 1313 2394 1366 multa
2433 1314 2699 1379 sacrilega
2735 1327 2841 1365 non
2872 1326 3070 1381 parva.
3116 1311 3288 1377 Quam
3322 1310 3507 1364 multis
3557 1325 3679 1364 eum
3714 1312 3929 1379 putatis

2224 1402 2541 1455 christianis
2574 1415 2820 1455 nummos
2845 1400 3172 1454 abstulisse?
3201 1402 3375 1470 Quam
3393 1400 3553 1453 multi
3578 1398 3648 1451 ab
3675 1398 3771 1452 illo
3798 1412 3933 1451 eme-

2223 1495 2353 1543 runt
2398 1489 2778 1544 mendacium?
2812 1488 2992 1554 Modo,
3044 1490 3185 1543 sicut
3213 1487 3279 1541 de
3331 1488 3424 1541 illo
3462 1486 3789 1542 credendum
3827 1490 3927 1550 est,

2228 1580 2439 1633 horruit
2485 1578 2844 1641 mendacium,
2896 1582 2945 1632 et
2985 1579 3276 1632 multorum
3321 1578 3592 1632 hominum
3637 1578 3932 1632 illectorem

2226 1683 2281 1722 se
2329 1667 2628 1736 aliquando
2673 1683 2705 1721 a
2750 1667 2964 1721 diabolo
2996 1669 3162 1721 sensit
3202 1667 3466 1730 illectum;
3501 1668 3838 1720 convertitur
3862 1666 3935 1718 ad

2228 1759 2395 1811 Deum
2438 1758 2716 1825 pamitens.
2766 1759 3045 1821 Putemus,
3093 1758 3320 1823 fratres,
3373 1756 3439 1809 de
3484 1772 3678 1823 magno
3746 1759 3939 1809 timore

2231 1844 2408 1898 cordis
2438 1845 2713 1899 accidisse.
2760 1844 2903 1911 Quid
2934 1846 3075 1899 enim
3111 1844 3320 1898 dicturi
3345 1844 3570 1899 sumus?
3596 1841 3847 1913 Namque
3891 1845 3943 1898 si

2230 1950 2299 1988 ea:
2319 1950 2537 2003 pagano
2563 1939 2958 1988 converteretur
2976 1935 3407 2001 mathematicus,
3434 1949 3691 2002 magnum
3714 1935 3943 2003 quidem

2232 2028 2364 2077 esset
2392 2023 2682 2090 gaudium;
2715 2023 2810 2076 sed
2838 2028 3013 2076 tamen
3050 2027 3227 2091 posset
3254 2023 3451 2088 videri,
3484 2025 3615 2091 quia
3644 2025 3697 2075 si
3722 2037 3943 2077 conver-

2232 2126 2324 2165 sus
2373 2117 2525 2180 esset,
2577 2112 2887 2166 clericatum
2941 2117 3202 2181 quaereret
3243 2113 3301 2164 in
3359 2113 3613 2165 Ecclesia.
3666 2114 3944 2167 Paenitens

2233 2204 2339 2267 est;
2396 2216 2502 2254 non
2558 2203 2752 2269 quaerit
2799 2203 2912 2254 nisi
2959 2202 3126 2253 solam
3164 2200 3609 2254 misericordiam.
3660 2201 3942 2256 Commen-

2235 2288 2450 2343 dandus
2475 2293 2552 2343 est
2588 2306 2711 2355 ergo
2741 2294 2790 2341 et
2817 2291 2981 2342 oculis
3011 2293 3061 2342 et
3089 2290 3335 2343 cordibus
3365 2290 3579 2342 vestris.
3612 2290 3750 2342 Eum
3780 2305 3942 2357 quem

2235 2377 2453 2443 videtis,
2483 2378 2734 2431 cordibus
2772 2384 2968 2442 amate,
3018 2379 3185 2431 oculis
3222 2364 3502 2430 custodite.
3540 2377 3728 2431 Videte
3757 2380 3938 2440 illum.

2236 2468 2421 2519 scitote
2463 2468 2637 2532 illum,
2682 2471 2733 2520 et
2788 2482 3122 2535 quacumque
3167 2467 3259 2519 ille
3306 2468 3603 2529 transierit,
3661 2467 3942 2533 fratribus

2238 2556 2461 2620 caeteris,
2483 2557 2581 2623 qui
2604 2556 2758 2609 modo
2784 2555 2869 2608 hic
2894 2548 3000 2609 non
3028 2560 3172 2619 sunt,
3198 2556 3458 2609 ostendite
3485 2556 3641 2608 illum
3679 2570 3695 2608 :
3729 2560 3783 2607 et
3830 2558 3940 2610 ista

2239 2640 2528 2709 diligentia
2552 2644 2925 2696 misericordia
2950 2647 3047 2706 est,
3071 2659 3135 2695 ne
3160 2644 3261 2696 ille
3276 2642 3526 2696 seductor
3547 2643 3799 2698 retrahat
3826 2660 3939 2707 ctr,

2238 2735 2288 2782 et
2325 2735 2615 2799 oppugnet.
2651 2731 2924 2785 Custodite
2959 2746 3073 2794 vos,
3112 2746 3219 2783 non
3260 2745 3352 2784 vos
3396 2732 3564 2785 lateat
3608 2735 3946 2785 conversatio

2230 2803 2376 2883 'ejus,
2431 2822 2525 2872 via
2568 2820 2712 2887 ejus;
2745 2824 2806 2872 ut
2836 2821 3131 2873 testimonio
3161 2825 3338 2873 vestro
3366 2820 3519 2872 nobis
3566 2819 3943 2888 conﬁrmetur,

2239 2921 2359 2959 vere
2387 2907 2541 2960 illum
2579 2907 2654 2960 ad
2691 2910 2970 2961 Dominum
3008 2922 3118 2960 esse
3145 2922 3471 2962 conversum.
3505 2904 3786 2963 Non'cnim
3818 2911 3948 2963 sile-

2242 2994 2317 3047 bit
2346 2997 2500 3060 fama
2530 2995 2595 3048 de
2637 2998 2754 3049 vita
2802 2996 2941 3064 ejus,
2987 2995 3204 3065 quando
3234 2998 3313 3050 sic
3339 2996 3487 3050 vobis
3516 3002 3568 3050 et
3596 2996 3867 3052 videndus
3896 3002 3952 3051 et

2239 3080 2579 3136 miserandus
2611 3082 2852 3151 offertur.
2886 3085 3066 3139 Nostis
3106 3084 3163 3137 in
3190 3084 3398 3139 actibus
3427 3084 3809 3153 Apostolorum
3835 3100 3951 3139 esse

2239 3172 2520 3239 scriptum,
2562 3173 2693 3240 quia
2728 3174 2888 3225 multi
2912 3172 3138 3241 perditi,
3181 3172 3244 3225 id
3270 3178 3364 3233 est.
3398 3174 3591 3226 talium
3613 3174 3819 3227 artium
3850 3174 3946 3227 ho-

2239 3261 2408 3311 mines
2460 3264 2510 3311 et
2574 3260 2945 3313 doctrinarum
3001 3263 3341 3327 nefariarum
3402 3266 3706 3324 sectatores,
3761 3276 3944 3316 omnes

2240 3349 2445 3401 codices
2473 3363 2595 3402 suos
2616 3348 2690 3400 ad
2719 3350 3002 3417 Apostolos
3029 3350 3348 3408 attulerunt.
3370 3354 3422 3404 et
3444 3351 3650 3404 incensi
3664 3354 3794 3404 sunt
3812 3351 3951 3404 libri

2243 3443 2351 3490 tum
2391 3437 2571 3502 multi,
2603 3441 2663 3490 ut
2706 3439 3001 3507 pertineret
3053 3437 3128 3491 ad
3173 3440 3485 3507 scriptorem
3534 3440 3946 3493 wstimatimem

2241 3542 2421 3579 eorum
2450 3529 2652 3593 facere,
2698 3532 2749 3579 et
2790 3541 3054 3580 summam
3081 3529 3249 3595 pretii
3272 3527 3600 3581 conscribere
3627 3528 3778 3594 (Act.
3827 3544 3944 3593 nx,

2246 3615 2351 3681 19).
2385 3615 2494 3668 Hoc
2547 3616 2736 3684 utique
2779 3620 3001 3684 propter
3042 3615 3275 3682 gloriam
3322 3614 3433 3679 Dei,
3482 3630 3549 3669 ne
3593 3617 3727 3670 tales
3777 3618 3945 3670 etiam

2240 3702 2444 3770 perditi
2486 3702 2901 3770 desperarentur
2945 3703 3013 3756 ab
3050 3704 3163 3768 illo,
3209 3706 3307 3772 qui
3334 3705 3485 3757 novit
3525 3719 3762 3773 quaerere
3800 3706 3946 3773 quod

2236 3792 2489 3859 perierat.
2551 3793 2792 3846 Perierat
2842 3807 2966 3860 ergo
3012 3794 3131 3858 iste,
3174 3807 3315 3847 nunc
3360 3795 3635 3861 quaesitus,
3670 3794 3941 3860 inventus,

2239 3878 2506 3933 adductus
2558 3884 2681 3934 est:
2711 3884 2895 3949 portat
2938 3894 3114 3934 secum
3161 3880 3365 3934 codices
3412 3880 3795 3947 incendendos,
3848 3896 3947 3951 per

2240 3983 2371 4037 quos
2398 3970 2584 4034 fuerat
2612 3969 3005 4035 incendendus;
3045 3974 3107 4024 ut
3160 3970 3274 4023 illis
3301 3972 3361 4023 in
3382 3971 3562 4039 ignem
3593 3972 3800 4039 missis,
3830 3973 3947 4042 ipse

2239 4059 2297 4109 in
2325 4059 2675 4125 refrigerium
2702 4062 2959 4111 transeat.
2990 4058 3193 4113 Sciatis
3214 4073 3328 4111 eum
3363 4062 3558 4124 tamen,
3588 4060 3949 4125 fratres,olim

2238 4146 2458 4213 pulsare
2512 4146 2588 4200 ad
2616 4148 2911 4201 Ecclesium
2940 4152 3065 4201 ante
3104 4148 3313 4201 Pascha
3356 4165 3373 4201 :
3416 4152 3542 4201 ante
3572 4148 3778 4202 Pascha
3806 4150 3950 4201 enim

2239 4237 2394 4302 carpit
2440 4241 2621 4304 petere
2677 4235 2743 4289 de
2791 4237 3027 4291 Ecclesia
3063 4236 3272 4292 Christi
3292 4235 3635 4290 medicinam.
3669 4236 3777 4291 Sed
3805 4239 3941 4306 quia

2239 4324 2367 4377 talis
2396 4328 2474 4377 est
2502 4338 2614 4387 ars,
2646 4325 2705 4377 in
2731 4339 2841 4394 qua
2869 4327 3195 4379 exercitatus
3220 4329 3356 4388 erat,
3385 4340 3503 4393 qua
3530 4330 3780 4394 suspecta
3807 4324 3947 4380 esset

2238 4413 2304 4466 de
2330 4412 2605 4466 mendacio
2628 4417 2791 4482 atque
2829 4400 3078 4480 fallacia.
3120 4413 3324 4467 dilatus
3358 4419 3456 4474 est,
3486 4428 3550 4466 ne
3580 4418 3851 4479 tentaret;
3892 4419 3947 4468 et

2237 4501 2535 4570 aliquando
2549 4506 2724 4556 tamen
2750 4502 3020 4556 admissus
3039 4507 3137 4568 est,
3158 4517 3222 4555 ne
3239 4504 3599 4571 periculosius
3619 4507 3941 4558 tentaretur.

2238 4592 2401 4646 Orate
2424 4605 2525 4659 pro
2553 4590 2644 4643 illo
2672 4605 2770 4659 per
2800 4592 3092 4649 Christum.
3123 4605 3347 4660 prorsus
3377 4591 3694 4645 hodiernam
3729 4607 3943 4661 precem

2234 4695 2334 4749 pro
2360 4680 2454 4734 illo
2467 4680 2686 4745 fundite
2712 4682 2929 4733 Domino
2956 4682 3058 4733 Deo
3086 4684 3292 4734 nostra.
3329 4680 3537 4735 Scimus
3556 4682 3698 4734 enim
3720 4686 3773 4733 et
3799 4684 3938 4734 certi

2236 4783 2441 4833 sumus,
2474 4771 2606 4837 quia
2655 4771 2829 4823 oratio
2879 4773 3059 4823 vestra
3085 4768 3225 4822 delet
3252 4783 3431 4823 omnes
3456 4770 3763 4838 impietates
3799 4769 3937 4837 eius.

2240 4860 2492 4912 Dominus
2520 4858 2793 4913 vobiscum
2823 4857 3044 4928 (Enarr.
3073 4859 3133 4912 in
3164 4858 3308 4912 Psal.
3350 4873 3459 4923 LXI,
3488 4873 3544 4912 n.
3573 4858 3681 4925 23).

2309 4949 2359 5000 6.
2417 4946 2658 5011 Quidam
2712 4947 2949 5001 nomine
2990 4946 3330 5018 Lampadius
3380 4947 3635 5018 aliquam
3662 4946 3795 5000 huic
3824 4946 3936 4999 arti

2236 5032 2409 5088 ﬁdem
2435 5033 2757 5089 adhibebat.
2782 5035 2838 5088 ld
2871 5033 2969 5088 ubi
3008 5034 3361 5103 Augustinus
3389 5049 3456 5088 ex
3501 5033 3790 5105 colloquio
3814 5033 3937 5104 pri-

2238 5138 2416 5185 mum,
2450 5122 2581 5177 dein
2611 5138 2678 5177 ex
2718 5122 2921 5177 litteris
2960 5122 3029 5176 ab
3082 5122 3282 5177 eodem
3337 5122 3580 5193 acceptis
3608 5122 3821 5177 certius
3848 5122 3942 5175 iu-

2236 5210 2473 5280 tellexit,
2520 5210 2717 5282 paucis
2759 5211 2812 5265 ei
2856 5210 3146 5281 rescripsit
3186 5213 3383 5281 (Epist.
3432 5213 3579 5279 246),
3612 5211 3768 5282 leges
3796 5210 3941 5266 divi-

2235 5315 2338 5354 nas
2389 5305 2447 5353 et
2499 5299 2799 5364 humanas,
2853 5299 3163 5371 omniaque
3218 5299 3462 5370 publica:
3509 5316 3573 5354 ac
3609 5300 3940 5355 domestica:

2237 5386 2553 5457 disciplima
2578 5386 2857 5464 instituta,
2890 5387 3169 5458 perversis
3195 5386 3296 5441 fati
3315 5391 3371 5440 et
3398 5386 3621 5441 virtutis
3649 5388 3936 5442 astrorum

2236 5476 2294 5530 in
2324 5477 2604 5530 humanas
2633 5478 2880 5530 actiones
2918 5476 3290 5547 opinionibus
3326 5475 3559 5546 penitus
3610 5476 3941 5531 labefactari

2242 5570 2412 5636 atque
2441 5565 2689 5621 subverti
2728 5579 2744 5621 :
2791 5564 2945 5637 ipsos
2971 5566 3143 5621 etiam
3182 5565 3615 5621 mathematicos
3638 5581 3757 5620 non
3787 5566 3933 5621 adeo
