4060 6418
121 298 254 352 ⁸245

117 415 470 490 insanire,
503 429 563 479 ut
586 425 790 481 domus
818 443 935 482 suae
964 433 1332 485 moderamen
1355 431 1426 487 ad
1446 431 1602 487 illius
1626 435 1896 502 scientiae,

117 522 344 576 quam
408 511 542 566 aliis
575 514 780 582 grandi
809 516 1052 585 pecunia
1084 519 1416 589 venderent,
1461 523 1736 577 amussim
1764 541 1902 579 nor-

121 610 470 670 mamque
503 600 970 674 dirigantJtogat
994 623 1222 677 quoque
1253 609 1654 680 Lampadium,
1681 613 1896 684 utquid

121 684 209 740 de
248 685 391 742 hac
434 689 675 760 epistola
719 693 945 762 sentiat,
974 695 1337 752 rescribendo
1369 698 1602 754 edoceat
1645 717 1658 754 :
1693 717 1820 772 quae
1852 687 1899 756 si

120 774 278 843 ejus
317 777 605 834 aviditati
623 796 740 834 non
766 782 1029 850 sufﬁciat,
1054 783 1342 856 integrum
1371 786 1475 841 hac
1505 787 1574 842 de
1597 804 1658 843 re
1691 790 1896 844 librum

126 862 192 918 ei
223 865 603 935 pollicetur;
634 868 804 924 modo
833 875 1118 942 exspectet
1146 873 1284 928 dum
1312 873 1369 930 id
1397 891 1502 946 per
1530 875 1710 932 otium
1740 894 1896 932 exse-

126 951 255 1022 qui
291 955 526 1024 possit,
558 960 616 1011 et
657 957 923 1028 promissi
952 960 1040 1015 sui
1087 962 1429 1018 memoriam
1457 963 1765 1021 identidem
1805 983 1894 1021 rc-

127 1039 384 1097 fricare
423 1059 542 1096 non
567 1049 852 1114 gravetur.

846 1134 1071 1189 CAPUT
1111 1136 1253 1191 Vill.

293 1234 612 1275 AUGUSTINI
649 1237 719 1275 AD
759 1237 1012 1276 PRIVATOS
1051 1241 1250 1280 MONITA
1289 1241 1350 1279 ΕΤ
1391 1242 1765 1284 ΗΟΒΤΑΗΕΝΤΑ.

139 1309 162 1362 1
211 1307 594 1364 Christinum
622 1310 696 1364 ad
714 1313 968 1380 pietatem
984 1313 1249 1381 incendit,
1276 1317 1308 1369 2
1333 1315 1612 1373 Adversus
1631 1317 1893 1374 scandala

217 1399 574 1453 corroborat
619 1399 1015 1455 Sebastianum.
1064 1405 1094 1457 3
1135 1405 1205 1457 Et
1242 1405 1588 1460 Restitutum.
1621 1409 1650 1459 4
1680 1407 1887 1463 Chrisi-

212 1501 392 1540 mum
448 1503 483 1540 a
512 1486 882 1557 desperatione
927 1496 1157 1544 revocat.
1208 1495 1237 1546 5
1284 1493 1521 1548 Ecdiciae
1547 1496 1654 1563 pia
1674 1497 1890 1562 femina

220 1575 622 1631 inconsultam
668 1577 868 1644 agendi
909 1581 1172 1634 rationem
1222 1584 1435 1647 arguit.
1489 1585 1520 1636 6
1552 1582 1890 1640 Obduratum

216 1663 492 1721 Cornelii
519 1668 762 1720 animum
802 1669 1018 1736 premit.
1066 1671 1096 1722 7
1146 1670 1510 1724 Florentinam
1551 1686 1651 1740 per
1676 1671 1884 1727 litteras

209 1753 436 1808 docere
477 1771 585 1810 non
625 1761 855 1811 recusat.
889 1759 921 1812 8
966 1757 1243 1813 Fabiolam
1291 1765 1483 1828 monet,
1539 1763 1886 1830 praesentiam

213 1848 559 1898 sanctorum
621 1860 838 1914 corpore
877 1850 1048 1914 tenus,
1103 1864 1300 1917 parum
1352 1848 1705 1918 expetendam
1753 1865 1879 1904 esse.

215 1933 252 1985 9
287 1933 544 2001 Pupilla:
571 1949 757 1988 curam
783 1937 943 2002 gerit.

222 2023 278 2075 l.
312 2021 401 2074 Ex
439 2027 555 2075 tam
588 2021 781 2076 multis
812 2023 1319 2090 lucubrationibus,
1354 2042 1496 2096 quas
1527 2024 1882 2096 Augustinus

140 2107 220 2162 ad
256 2108 536 2178 privatos
564 2113 663 2164 aut
679 2109 1054 2166 instituendos
1074 2117 1173 2166 aut
1191 2113 1502 2168 hortandos
1521 2113 1879 2184 conscripsit,

138 2212 245 2249 eas
298 2196 430 2250 hoc
473 2197 620 2251 libro
664 2199 810 2252 solas
840 2215 1244 2266 memoramus,
1277 2201 1485 2272 quibus
1514 2202 1881 2256 recensendis

137 2285 310 2338 locus
361 2285 749 2355 opportunior
779 2303 898 2340 non
929 2287 1172 2342 videtur.
1207 2290 1344 2344 Cum
1377 2289 1608 2361 quidam
1641 2290 1878 2345 Christi-

136 2388 257 2427 nus
312 2373 586 2442 nomine,
634 2374 985 2445 professione
1033 2376 1393 2443 Christianus,
1447 2378 1633 2432 solum
1693 2383 1879 2433 tamen

135 2461 633 2529 catechumenus,
667 2468 766 2517 aut
802 2465 1000 2518 saltem
1052 2465 1244 2519 saeculi
1285 2465 1506 2536 laqueis
1533 2465 1878 2537 implicatus,

135 2548 450 2604 ofﬁciosas
470 2550 548 2632 ad.
568 2566 702 2605 eum
722 2551 1038 2622 scripsisset
1061 2553 1295 2619 litteras,
1320 2559 1375 2606 et
1396 2541 1466 2607 ab
1485 2570 1550 2607 eo
1578 2554 1878 2625 epistolam

141 2637 509 2709 llagitasset;
555 2639 673 2710 egit
699 2640 785 2694 illi
823 2640 1034 2712 gratias
1065 2658 1167 2711 pro
1209 2643 1330 2712 ejus
1360 2642 1615 2697 officiosa
1645 2644 1877 2698 urbani-

137 2731 282 2794 tate,
319 2732 385 2782 et
417 2729 491 2782 ad
524 2727 791 2798 pietatem
823 2730 1083 2784 hortatus
1113 2732 1195 2784 e'st
1225 2729 1330 2785 hac
1360 2731 1519 2785 brevi
1544 2731 1828 2786 sententia
1859 2750 1872 2787 :

139 2818 281 2871 Cum
312 2819 379 2871 in
407 2818 606 2870 itinere
635 2819 732 2871 Dei
758 2818 1014 2884 faciliora
1041 2823 1089 2872 et
1117 2821 1418 2888 fructuosa,
1449 2822 1650 2888 ignaua
1675 2823 1876 2887 formi-

143 2903 280 2958 dine
331 2907 669 2973 fugiuntur;
721 2908 777 2959 in
804 2907 994 2960 itinere
1029 2909 1278 2961 saeculari
1307 2908 1534 2962 duriora
1571 2913 1620 2962 et
1664 2912 1877 2964 sterilia

144 3009 464 3048 zrumnoso
495 2994 674 3048 labore
703 2995 1000 3049 tolerantur
1039 2996 1234 3065 (Epist.
1263 2995 1408 3066 256).

215 3086 271 3136 2.
309 3082 691 3138 Sebastianus
738 3083 1049 3137 monachus
1092 3087 1150 3138 et
1178 3083 1371 3151 abbas,
1405 3082 1520 3138 sive
1550 3087 1756 3138 sancta:
1790 3083 1872 3138 fa-

148 3170 332 3226 milim
367 3171 732 3242 praepositus,
765 3171 1098 3242 aliquandiu
1127 3171 1484 3227 familiariter
1515 3189 1650 3227 usus
1678 3175 1870 3243 Augu-

149 3258 327 3323 stino,
365 3260 679 3331 plurimam
719 3277 835 3316 suae
865 3261 1092 3332 pietatis
1122 3261 1595 3316 existimationem
1625 3262 1870 3334 relique-

151 3353 261 3402 rat.
281 3349 376 3403 Ad
400 3349 788 3421 Augustinum
813 3354 1028 3420 postea,
1062 3355 1119 3404 et
1138 3350 1208 3404 ad
1227 3349 1516 3421 Alypium,
1542 3355 1605 3404 ut
1624 3350 1867 3418 videtur,

152 3436 382 3495 litteras
400 3437 650 3508 scripsit,
673 3454 813 3508 quas
832 3437 1184 3509 Augustinus
1203 3439 1593 3509 gratahundus
1614 3439 1829 3510 accepit
1853 3456 1866 3494 :

147 3542 412 3598 cumque
461 3526 521 3581 in
573 3526 660 3581 his
703 3525 1064 3582 Sebastianus
1113 3527 1184 3581 ob
1232 3533 1461 3598 peccata
1504 3533 1560 3581 et
1605 3529 1868 3582 scandala

151 3615 517 3686 iniquorum,
550 3616 720 3670 taedio
745 3632 804 3669 se
826 3615 1093 3670 affectum
1124 3620 1454 3683 testaretur;
1478 3617 1868 3672 sanctissimus

150 3705 373 3758 Praesul
406 3705 561 3758 illius
609 3704 794 3759 zelum
825 3704 1084 3776 impense
1114 3705 1385 3774 laudavit,
1419 3722 1552 3760 eum
1576 3709 1767 3760 tamen
1798 3706 1867 3760 ad

153 3794 671 3860 perseverantiam,
715 3800 771 3847 et
814 3793 881 3848 ad
941 3794 1206 3848 solatium
1254 3810 1422 3848 suum
1467 3793 1529 3848 in
1580 3794 1867 3848 bonorum

151 3881 404 3935 fratrum
438 3881 723 3952 probitate
783 3887 955 3952 atque
995 3881 1056 3935 in
1100 3881 1364 3936 ﬁdelibus
1414 3881 1516 3936 Dei
1570 3881 1867 3952 promissis

152 3969 540 4037 quaerendum
571 3969 830 4022 hortatus
874 3972 978 4022 est.
1007 3969 1241 4039 Alypius
1287 3985 1439 4035 vero,
1471 3985 1601 4023 cum
1631 3970 1698 4024 ad
1733 3986 1864 4023 eum

152 4059 457 4127 propriam
490 4057 791 4127 epistolam
839 4056 1082 4110 scribere
1111 4057 1408 4127 potuisset,
1450 4057 1652 4111 maluit
1675 4061 1867 4128 Augu-

155 4145 286 4201 stini
333 4145 600 4216 epistolae
645 4159 827 4216 pauca
870 4143 1122 4198 officiosa
1162 4145 1330 4199 verba
1376 4149 1645 4210 attexere,
1697 4145 1864 4216 eique

155 4235 539 4301 subscribere,
564 4238 627 4289 ut
647 4250 845 4288 eorum
865 4233 1302 4288 unanimitatem
1325 4250 1438 4288 una
1464 4233 1635 4288 etiam
1655 4234 1867 4305 pagina

155 4326 470 4378 testaretur
498 4324 701 4392 (Epist.
727 4323 872 4392 248).

227 4415 281 4467 3.
328 4415 477 4467 Cum
505 4411 556 4465 ei
590 4411 918 4480 Deogratias
947 4409 1068 4478 (ille
1107 4409 1259 4465 idem
1301 4409 1421 4480 ipse
1462 4408 1734 4478 fortassis,
1792 4412 1861 4466 ad

158 4514 332 4568 quem
362 4499 502 4554 alibi
533 4499 727 4554 scribit
754 4499 1128 4570 Augustinus)
1159 4497 1460 4552 indicasset
1490 4505 1659 4553 cestus
1686 4499 1864 4554 animi

159 4587 456 4656 cujusdam
508 4586 732 4641 diaconi
772 4585 1035 4641 catholici
1082 4586 1385 4657 (Restituto
1446 4603 1652 4641 nomen
1698 4593 1860 4655 erat),

161 4675 258 4744 qui
299 4692 468 4747 mque
515 4693 578 4730 ac
616 4675 998 4743 Sebastianus,
1040 4676 1460 4730 Catholicorum
1498 4675 1633 4730 vitia
1661 4675 1860 4746 iniquo

164 4763 387 4818 videtur
435 4765 628 4819 tulisse
655 4765 849 4819 animo
874 4781 888 4831 ;
921 4763 1211 4834 rescripsit
1239 4763 1371 4818 huic
1400 4764 1701 4830 Restituto,
1732 4781 1860 4817 sun-

163 4850 348 4924 sitque
381 4859 444 4908 ut
473 4853 746 4924 Tychonii
767 4852 1073 4908 Donatista:
1099 4853 1310 4907 librum
1337 4853 1404 4907 de
1436 4852 1680 4906 Ecclesia
1707 4853 1862 4923 lege-

166 4944 266 5002 ret,
301 4940 633 5012 cogniturns
674 4959 742 4997 ex
773 4943 894 5014 ejus
939 4941 1197 5008 lectione,
1232 4941 1408 4996 bonos
1436 4957 1566 4995 cum
1597 4941 1764 4996 malis
1789 4942 1859 4996 ad

166 5029 336 5086 tinem
365 5048 547 5103 usque
583 5031 775 5086 saeculi
807 5031 1082 5103 permixte
1109 5048 1229 5085 esse
1262 5030 1526 5086 victuros.
1559 5031 1748 5086 Monet
1776 5034 1859 5085 ta-

171 5133 314 5186 men,
347 5121 701 5192 Tychonium
730 5138 913 5193 pauca
964 5122 1148 5174 solum
1196 5121 1300 5175 hac
1333 5121 1400 5176 de
1442 5136 1504 5175 re
1555 5119 1860 5191 Scriptura:

170 5205 488 5264 testimonia
540 5209 868 5281 protulisse,
918 5208 1282 5279 cavendaque
1325 5225 1446 5262 esse
1493 5224 1621 5278 quae
1674 5207 1769 5262 ille
1800 5207 1860 5262 in

173 5295 478 5352 schismatis
513 5341 528 5367 ,
581 5298 672 5352 cui
740 5297 1067 5370 adhaerebat
1107 5339 1122 5366 ,
1182 5296 1565 5368 patrocinium
1631 5296 1862 5352 adducit

173 5381 360 5452 (Epist.
393 5387 538 5457 249).

213 5475 289 5535 ,4.
324 5475 528 5531 Fidelis
558 5475 791 5547 quidam
824 5475 1106 5546 Baptismo
1136 5473 1416 5538 initiatus.
1447 5475 1676 5530 nomine
1707 5474 1861 5530 Chri-

179 5558 364 5632 simus,
404 5566 501 5638 qui
536 5564 771 5620 verbum
817 5563 915 5619 Dei
965 5563 1213 5618 studiose
1246 5579 1470 5632 semper
1493 5555 1770 5630 audierat,
1805 5566 1862 5618 et

1627 313 1834 369 LIBER
1873 314 2217 380 QUARTUS.

3597 327 3701 380 246

2012 439 2274 493 cordatus
2304 439 2639 510 habebatur,
2671 456 2801 494 cum
2843 441 3124 496 bonorum
3169 460 3401 498 suorum
3421 445 3703 515 jacturam

2010 526 2249 593 fecisset,
2281 527 2342 582 in
2371 543 2496 582 eam
2528 527 2704 582 animi
2735 528 3222 600 perturbationem
3256 530 3474 599 incidit,
3502 539 3566 588 ut
3594 534 3702 589 sibi

2009 630 2210 669 manus
2241 615 2519 670 violentas
2547 616 2808 671 illaturus
2845 616 3153 672 videretur.
3189 619 3348 683 Quod
3378 619 3476 674 ubi
3505 637 3703 675 rumor

2008 705 2077 760 ad
2106 705 2492 776 Augustinum
2524 705 2746 771 detulit,
2777 722 3000 760 summa
3027 705 3122 760 ille
3154 707 3516 762 miseratione
3542 725 3700 763 com-

2005 797 2211 860 motus,
2257 810 2360 866 per
2387 794 2607 849 litteras
2637 811 2755 850 non
2791 796 3202 851 benevolentia:
3231 797 3421 862 modo,
3457 799 3553 852 sed
3584 799 3700 853 exi-

2004 881 2343 936 stimationis
2373 883 2544 937 etiam
2582 884 2800 954 plenas,
2832 901 2962 938 eum
2992 884 3247 938 hortatus
3277 891 3383 952 est,
3409 902 3479 939 ne
3506 886 3564 939 in
3595 887 3699 940 ad-

2003 970 2196 1034 versis,
2237 987 2366 1038 quae
2413 973 2561 1026 Deus
2605 972 2679 1025 ad
2709 971 2829 1042 ejus
2869 973 3106 1027 salutem
3138 972 3473 1038 immiserat,
3509 973 3700 1028 animo

2001 1059 2285 1114 deficeret.
2321 1061 2510 1114 Brevis
2539 1068 2625 1114 est
2648 1061 2770 1114 haec
2791 1060 3047 1130 epistola,
3075 1062 3172 1116 sed
3201 1061 3429 1131 pictatis
3458 1067 3515 1116 et
3544 1063 3700 1132 iugc-

2000 1147 2178 1202 niosae
2225 1149 2514 1203 charitatis
2556 1149 2904 1220 plenissima.
2951 1149 3135 1204 Simul
3181 1150 3254 1204 ad
3303 1166 3436 1205 eum
3481 1151 3698 1205 litteras

2001 1233 2200 1302 misit,
2250 1252 2393 1306 quas
2447 1236 2519 1290 ad
2563 1236 2846 1290 Comitem
2889 1235 3043 1290 illius
3099 1253 3232 1308 ergo
3289 1236 3702 1308 conscripserat

1996 1327 2204 1393 (Epist.
2235 1326 2384 1393 244).

2173 1413 2439 1485 Epistula,
2498 1419 2626 1485 qua:
2675 1417 2761 1468 est
2806 1413 2877 1468 ad
2933 1413 3228 1477 Ecdiciam,
3260 1414 3488 1485 gravius
3518 1431 3694 1485 argu-

1996 1504 2254 1554 mentum
2277 1499 2690 1571 complectitur.
2718 1500 2920 1555 Fidelis
2933 1501 3056 1555 heec
3075 1507 3215 1568 erat,
3245 1504 3299 1555 et
3319 1501 3472 1556 fideli
3495 1505 3694 1573 nupta,

1995 1604 2064 1641 ex
2094 1604 2206 1658 quo
2247 1589 2430 1642 ﬁlium
2456 1594 2776 1659 pepererat.
2805 1592 3068 1644 Attamen
3100 1607 3215 1644 non
3245 1594 3534 1660 expectato
3563 1606 3692 1644 ma-

1993 1676 2089 1730 riti
2115 1693 2392 1731 consensu
2431 1677 2798 1732 continentia:
2829 1683 3023 1733 votum
3053 1679 3420 1749 nuncupavit,
3453 1696 3567 1734 non
3597 1679 3693 1733 ad-

1992 1770 2218 1836 vertens
2247 1782 2306 1820 se
2352 1765 2582 1820 virtutis
2633 1767 2823 1836 hujus,
2856 1767 3116 1838 quamvis
3145 1783 3272 1820 eam
3314 1783 3430 1820 non
3461 1767 3688 1831 coleret,

1992 1854 2231 1924 praemio
2263 1854 2499 1908 minime
2527 1854 2853 1919 carituram,
2882 1856 2929 1908 si
2951 1871 3065 1909 non
3085 1871 3222 1922 suae,
3253 1857 3349 1909 sed
3382 1855 3470 1908 sui
3499 1856 3694 1926 conju-

1991 1941 2075 2012 gis
2103 1941 2426 1996 inlirmitati
2445 1943 2686 1997 cederet.
2714 1944 2918 1998 Verum
2946 1943 3091 1996 hanc
3111 1944 3336 2013 culpam
3359 1942 3489 1997 felix
3515 1960 3690 1998 even-

1989 2035 2081 2084 tus
2127 2031 2409 2101 reparavit
2463 2047 2476 2085 :
2535 2031 2773 2085 maritus
2832 2031 2985 2085 enim
3043 2031 3235 2084 uxoris
3290 2048 3407 2086 sum
3464 2037 3689 2086 secutus

1991 2119 2334 2188 exemplum,
2391 2117 2593 2172 eodem
2645 2135 2699 2172 se
2753 2117 3116 2172 continentiae
3173 2123 3301 2172 voto
3358 2119 3685 2185 adstrinxit;

1991 2207 2181 2277 sicque
2228 2207 2549 2276 complures
2598 2223 2778 2260 annos
2823 2223 2936 2277 quo
2989 2206 3234 2260 sanctius
3272 2211 3328 2261 ct
3356 2207 3584 2276 castius,
3618 2224 3685 2262 eo

1988 2295 2178 2348 verius
2207 2298 2263 2349 et
2291 2293 2625 2349 concordius
2655 2295 2926 2365 conjuges
2958 2299 3308 2349 manserunt.
3336 2296 3398 2350 In
3418 2296 3524 2350 hoc
3553 2313 3686 2366 pro-

1990 2384 2176 2455 posito
2225 2383 2520 2438 communi
2569 2382 2798 2452 mulier,
2849 2382 2964 2437 sive
3010 2383 3071 2437 in
3118 2383 3447 2438 abdicandis
3495 2385 3690 2438 saeculi

1989 2473 2261 2541 moribus,
2297 2472 2410 2526 sive
2454 2471 2516 2526 in
2559 2471 2703 2543 stipe
2752 2472 3097 2543 pauperibus
3146 2473 3431 2542 eroganda
3481 2472 3688 2527 fortior

1991 2563 2298 2617 videbatur.
2331 2563 2538 2616 Verum
2564 2577 2692 2616 cum
2723 2560 2795 2614 ad
2817 2560 3115 2615 arbitrium
3144 2565 3464 2632 nutumque
3493 2561 3596 2615 viri
3626 2577 3685 2616 se

1985 2652 2110 2721 ipsa
2157 2650 2585 2705 accommodare
2633 2647 2872 2702 minime
2924 2649 3194 2718 studeret,
3239 2649 3390 2703 illius
3421 2649 3680 2704 animum

1987 2754 2104 2791 non
2135 2754 2220 2803 ea,
2251 2753 2365 2807 qua
2390 2753 2494 2806 par
2520 2740 2662 2802 erat,
2692 2733 2998 2805 prudentia
3025 2735 3318 2798 tractabat,
3351 2752 3454 2790 nec
3484 2735 3682 2790 mulie-

1985 2823 2146 2878 brem
2193 2824 2376 2877 zelum
2406 2821 2640 2876 scientia
2680 2826 2738 2875 ct
2766 2821 3040 2876 charitate
3077 2820 3497 2876 moderabatur.
3533 2821 3684 2876 Licet

1984 2911 2138 2965 enim
2192 2908 2562 2964 continentiae
2611 2912 2737 2961 voto
2781 2912 3092 2976 teneretur,
3140 2907 3200 2960 in
3231 2908 3448 2961 caeteris
3486 2912 3678 2962 tamen

1986 3001 2151 3055 rebus
2202 3002 2318 3052 viro
2367 3013 2470 3051 suo
2516 3011 2719 3066 parere
2770 2994 2985 3050 debuit.
3031 2993 3217 3049 Nihilo
3267 2999 3454 3049 tamen
3484 2994 3677 3049 minus

1982 3107 2013 3143 a
2035 3088 2241 3144 marito
2272 3087 2417 3142 forte
2437 3087 2596 3158 jussa
2625 3086 3057 3157 conjugatarum
3079 3083 3388 3139 mulierum
3417 3083 3678 3139 habitum

1980 3183 2222 3249 gestare,
2247 3193 2376 3231 cum
2407 3175 2727 3230 modestum
2745 3188 2967 3228 sumere
2987 3171 3369 3236 debuisset,in
3398 3189 3512 3244 quo
3544 3189 3678 3226 sane

1979 3265 2426 3320 consentientem
2470 3263 2657 3318 virum
2696 3261 3001 3328 habuisset,
3033 3261 3258 3333 nigram
3287 3261 3462 3315 instar
3490 3261 3676 3316 viduae

1979 3360 2034 3409 ct
2062 3354 2356 3409 monachae
2386 3356 2597 3408 vestem
2624 3349 2826 3406 induit.
2861 3350 3098 3420 Culpam
3127 3349 3274 3404 hanc
3294 3349 3406 3403 alia
3425 3351 3673 3403 cumula-

1980 3445 2074 3499 vit.
2109 3445 2249 3499 Nam
2279 3458 2410 3498 cum
2454 3441 2694 3496 maritus
2734 3440 2856 3512 ejus
2903 3439 2969 3494 ad
3003 3439 3421 3510 eleemosynam
3447 3438 3674 3509 segnior

1977 3537 2139 3594 esset,
2173 3531 2288 3585 sive
2318 3530 2390 3585 ob
2439 3529 2616 3584 animi
2647 3528 2872 3596 vitium,
2913 3527 3026 3581 sive
3069 3527 3141 3581 ob
3171 3526 3545 3581 necessariam
3573 3544 3672 3581 cu-

1976 3635 2122 3688 ram,
2165 3632 2340 3689 quam
2390 3615 2448 3670 in
2499 3616 2617 3670 tilio
2665 3615 2851 3670 adhuc
2893 3630 3072 3685 puero
3110 3629 3326 3684 ponere
3355 3614 3674 3681 tenebatur,

1977 3722 2148 3778 quem
2179 3705 2248 3759 ad
2278 3705 2332 3758 id
2364 3704 2516 3776 quod
2547 3703 2750 3758 melius
2778 3707 2922 3757 esset
2952 3703 3194 3757 debebat
3221 3702 3452 3773 quidem
3483 3703 3671 3757 incen-

1975 3795 2132 3862 dere,
2162 3793 2260 3848 sed
2290 3792 2361 3846 ad
2406 3791 2777 3846 monasticam
2822 3790 3148 3844 institutum
3196 3805 3398 3860 cogere
3428 3807 3543 3844 non
3573 3806 3671 3861 po-

1973 3886 2120 3937 terat
2153 3899 2166 3936 :
2199 3885 2396 3935 contra
2429 3879 2664 3935 Ecdiciae
2694 3878 2753 3933 in
2783 3877 2990 3948 optatis
3028 3881 3168 3945 erat,
3200 3894 3398 3932 omnes
3425 3879 3665 3933 faculta-

1975 3977 2054 4024 tcs
2084 3986 2212 4024 suas
2263 3969 2323 4023 in
2369 3967 2578 4040 egenos
2625 3966 2986 4038 profundere.
3048 3966 3228 4037 Igitur
3255 3966 3487 4021 absente
3525 3966 3666 4035 viro,

1973 4075 2104 4114 cum
2130 4058 2243 4113 duo
2274 4055 2560 4129 peregrini
2587 4055 2821 4127 quidam
2861 4053 3125 4108 monachi
3155 4053 3228 4109 ad
3256 4069 3380 4108 eam
3409 4053 3666 4109 divertis-

1973 4152 2118 4210 sent,
2151 4146 2262 4200 illis
2283 4144 2497 4211 omnia,
2519 4143 2607 4198 vel
2639 4158 2785 4215 pene
2805 4141 2998 4197 omnia
3030 4158 3159 4214 quae
3196 4141 3442 4196 habebat
3472 4157 3668 4212 eroga-

1975 4234 2067 4289 vit.
2121 4235 2181 4290 Id
2252 4237 2554 4306 postquam
2600 4231 2791 4288 resciit
2833 4231 3090 4293 maritus,
3141 4230 3436 4286 iracundia
3495 4247 3666 4302 supra

1973 4323 2207 4378 modum
2237 4321 2445 4378 exarsit
2470 4321 2527 4374 in
2554 4321 2854 4392 conjugem
2885 4336 3064 4384 suam,
3092 4323 3149 4374 et
3176 4318 3234 4373 in
3258 4319 3514 4390 geminos
3543 4320 3667 4375 illos

1971 4417 2334 4480 veteratores,
2368 4410 2468 4483 qui
2493 4411 2558 4466 ad
2592 4409 2770 4482 ipsius
2799 4409 3031 4464 domum
3065 4408 3532 4478 exhauriendam,
3563 4411 3667 4465 sub

1971 4503 2102 4556 ficto
2132 4501 2546 4556 monachorum
2569 4498 2769 4553 habitu
2801 4498 2903 4568 (sic
2932 4496 3086 4552 enim
3115 4498 3210 4552 ille
3240 4496 3542 4552 arbitratus
3560 4499 3664 4563 est)

1972 4593 2337 4645 accesserant.
2377 4589 2440 4643 Et
2468 4588 2589 4659 ipse
2618 4587 2826 4642 fatetur
2852 4586 3219 4656 Augustinus,
3251 4585 3549 4640 dubitandi
3581 4588 3663 4641 to-

1969 4696 2099 4734 cum
2120 4695 2260 4746 esse,
2286 4694 2358 4733 an
2387 4677 2487 4749 qui
2510 4677 2579 4731 ab
2608 4675 2801 4747 ignota
2828 4680 2883 4730 et
2911 4675 3212 4746 conjugata
3240 4676 3478 4730 muliere
3513 4679 3668 4730 tanta

1969 4767 2334 4837 recepissent,
2387 4764 2534 4820 servi
2579 4764 2681 4818 Dei
2711 4763 3038 4818 existerent.
3089 4762 3195 4817 Sed
3224 4764 3394 4834 longe
3438 4763 3667 4834 gravius

1969 4855 2398 4910 incommodum
2430 4856 2684 4907 secutum
2734 4856 2818 4907 est
2848 4868 2862 4906 :
2912 4868 3046 4907 nam
3077 4851 3313 4906 maritus
3338 4851 3480 4906 iram
3519 4851 3580 4906 in
3606 4868 3665 4907 se

1969 4940 2703 5012 convertens,continentia3
2721 4944 2871 5008 voto,
2894 4940 3047 5012 quod
3076 4939 3194 5011 ipse
3215 4945 3661 5011 nuncupaverat,

1967 5031 2199 5096 violato,
2224 5047 2282 5085 se
2303 5031 2364 5085 in
2389 5028 2740 5102 profundum
2765 5027 3028 5083 adulterii
3049 5028 3339 5100 gurgitem
3361 5028 3686 5085 immersit.‘

1969 5120 2034 5174 In
2062 5119 2168 5174 hoc
2216 5124 2330 5174 tam
2372 5117 2703 5174 calamitose
2736 5132 2930 5171 rerum
2973 5121 3124 5172 statu
3169 5116 3392 5171 Ecdicia
3443 5133 3544 5188 per
3570 5117 3662 5171 lit-

1968 5213 2117 5263 teras
2164 5207 2548 5280 Augustinum
2581 5205 2884 5273 consuluit,
2916 5208 2980 5261 ut
3022 5205 3188 5260 sciret
3218 5205 3353 5276 quid
3382 5204 3487 5258 sibi
3516 5205 3662 5258 facto

1969 5314 2110 5367 opus
2162 5302 2327 5353 esset.
2382 5296 2733 5369 Augustinus
2779 5295 3063 5367 epistolae,
3121 5310 3294 5366 quam
3349 5292 3660 5364 rescripsit,

1969 5384 2276 5438 maximam
2321 5389 2545 5456 partem
2577 5383 2768 5456 posuit
2805 5382 2864 5437 in
2896 5381 2963 5436 iis
2995 5381 3278 5450 notandis,
3310 5396 3437 5451 qua:
3473 5379 3574 5434 illa
3602 5379 3662 5434 in

1967 5477 2237 5528 anteacta:
2264 5472 2396 5528 vitae.
2433 5473 2653 5528 ratione
2706 5487 3005 5544 perperam
3054 5469 3257 5541 egisset
3299 5485 3312 5522 :
3345 5467 3497 5538 quod
3529 5483 3660 5524 vero

1967 5562 2034 5617 ad
2067 5566 2359 5635 posterum
2391 5567 2615 5635 tempus
2645 5562 2930 5626 attineret,
2963 5557 3186 5630 scripsit
3208 5573 3356 5624 eam,
3388 5572 3519 5613 cum
3547 5573 3661 5613 ma-
