4060 6352
400 288 500 345 247

398 410 542 466 ritus
571 413 762 465 votum
793 409 1164 465 continentiae
1195 410 1265 465 ab
1308 424 1375 465 ea
1418 414 1811 481 nuncupatum
1842 426 2105 483 compro-

398 499 605 567 basset,
634 498 706 553 ad
735 498 874 554 illud
906 498 967 553 in
996 499 1168 555 ﬁnem
1210 499 1785 571 usque’servandum.
1822 504 1880 555 et
1906 501 1976 555 ad
1999 499 2106 554 viri

400 589 657 659 culpam,
690 592 972 659 quantum
1003 588 1060 642 in
1092 604 1157 643 ea
1183 587 1355 642 situm
1384 592 1545 655 esset,
1578 587 1972 643 redimendam
1999 588 2102 642 ob-

401 676 586 749 ligari.
631 677 803 732 Indue
845 680 1048 747 itaque,
1108 677 1205 743 ait,
1245 678 1604 732 humilitatem
1648 680 1862 743 mentis,
1892 683 1943 733 et
1970 681 2028 731 ut
2057 680 2106 731 te

402 769 541 823 Deus
583 770 854 822 conservet
876 771 1325 836 perseverantem,
1351 768 1466 821 noli
1489 768 1750 821 maritum
1779 771 2106 821 contemnere

393 860 716 926 pereuntem.
758 856 941 910 Funde
964 871 1066 926 pro
1113 857 1205 910 illo
1256 858 1383 926 pias
1428 860 1478 910 et
1522 856 1775 911 assiduas
1802 858 2100 922 orationes;

394 947 639 1014 sacriﬁca
660 946 950 1015 lacrymas,
978 950 1239 1014 tanquam
1267 946 1538 999 vulnerati
1556 947 1871 1014 sanguinem
1891 944 2098 1011 cordis;

394 1038 445 1089 et
475 1033 647 1089 scribe
676 1033 750 1087 ad
779 1049 897 1088 eum
927 1035 1380 1103 satisfactionem,
1408 1039 1593 1103 petens
1623 1036 1853 1101 veniam,
1889 1036 2020 1104 quia
2043 1036 2101 1087 in

399 1138 517 1177 eum
544 1124 810 1193 peccasti;
845 1123 989 1191 quod
1009 1127 1209 1193 prater
1236 1123 1353 1192 ejus
1391 1124 1671 1178 consilium
1698 1127 1747 1177 et
1775 1122 2102 1177 voluntatem

395 1211 462 1266 de
488 1211 646 1265 rebus
675 1212 779 1265 tuis
807 1211 1008 1277 fecisti,
1041 1211 1187 1280 quod
1213 1210 1527 1277 faciendum
1542 1212 1759 1280 putasti
1787 1224 1798 1265 :
1831 1226 1937 1265 non
1966 1214 2026 1265 ut
2055 1214 2104 1266 te

390 1302 649 1371 prenileat
698 1299 951 1354 tribuisse
997 1300 1352 1369 pauperibus,
1387 1300 1481 1354 sed
1509 1316 1627 1354 eum
1668 1301 1753 1354 tui
1778 1299 1903 1355 boni
1928 1302 2101 1370 operis

388 1390 718 1461 participem
758 1394 809 1444 et
855 1388 1246 1444 moderatorem
1297 1388 1491 1443 habere
1539 1388 1796 1443 noluisse.
1845 1390 2103 1444 Promitte

395 1478 461 1533 de
489 1481 675 1533 extero
704 1479 763 1532 in
805 1477 1079 1547 adjutorio
1123 1479 1353 1545 Domini,
1383 1480 1433 1533 si
1458 1481 1508 1532 et
1536 1478 1691 1533 illum
1714 1492 1824 1533 suae
1854 1480 2103 1548 turpitu-

395 1567 543 1622 dinis
566 1568 901 1637 panituerit,
946 1570 996 1621 et
1036 1568 1440 1634 continentiam,
1474 1582 1637 1635 quam
1661 1566 1917 1635 deseruit,
1944 1583 2102 1637 repe—

394 1658 598 1723 tiverit,
624 1660 673 1711 te
701 1656 806 1723 illi,
834 1657 975 1711 sicut
1001 1656 1168 1726 decet,
1197 1657 1256 1710 in
1284 1655 1531 1711 omnibus
1558 1657 1905 1710 servituram.
1936 1655 2104 1710 Jubet

394 1742 643 1815 denique
673 1746 737 1798 ut
764 1744 834 1799 ad
862 1743 969 1798 viri
1000 1743 1256 1799 animum
1294 1744 1402 1798 sibi
1432 1744 1853 1799 conciliandum
1886 1759 1952 1799 eo
1981 1760 2099 1799 ma-

388 1832 501 1902 jori
532 1830 717 1887 studio
747 1830 1063 1899 incumbat,
1095 1832 1248 1904 quod
1277 1831 1420 1886 citra
1449 1831 1595 1886 hanc
1616 1831 1941 1887 animorum
1972 1848 2104 1887 con-

396 1919 646 1975 cordiam
686 1918 840 1975 ﬁlius
869 1920 990 1993 ejus
1034 1919 1096 1975 in
1121 1920 1323 1975 timore
1350 1920 1450 1976 Dei
1481 1924 1537 1976 et
1565 1920 1865 1993 sapientia,
1889 1924 1954 1976 ut
1978 1921 2100 1992 ipsa

393 2009 649 2081 optabat,
678 2008 907 2064 educari
938 2024 1057 2063 non
1103 2013 1332 2081 posset;
1376 2026 1506 2064 eum
1553 2014 1701 2064 esset
1728 2009 1789 2064 in
1819 2012 2099 2082 potestate

395 2097 590 2171 patris,
641 2100 697 2153 et
735 2086 871 2153 huic
914 2098 1045 2168 jure
1091 2097 1349 2169 poscenti
1378 2102 1523 2153 esset
1548 2098 1869 2153 necessario
1896 2114 2098 2153 conce-

392 2187 613 2243 dendus
645 2187 836 2257 (Epist.
861 2187 1011 2256 262).
1041 2186 1204 2251 Quod
1230 2186 1323 2241 hic
1347 2186 1543 2242 scribit
1568 2188 1943 2259 Augustinus,
1970 2204 2101 2242 con-

387 2275 619 2347 jugatas
655 2273 921 2329 videlicet
957 2274 1228 2329 mulieres
1266 2291 1430 2345 posse
1461 2274 1521 2329 in
1549 2276 1794 2347 superbo
1825 2276 1979 2331 cultu
2004 2292 2102 2331 cor

395 2363 615 2420 humile
646 2379 892 2431 servare,
925 2362 971 2418 si
1002 2379 1069 2418 eo
1096 2367 1318 2418 tantum
1350 2364 1465 2419 fine
1495 2379 1554 2419 se
1581 2368 1802 2431 ornent,
1834 2369 1898 2421 ut
1926 2365 2099 2420 mari-

393 2452 467 2507 tis
512 2451 630 2506 suis
685 2450 1094 2524 obsequantur,
1137 2459 1585 2509 consentaneum
1629 2458 1713 2508 est
1747 2453 1819 2509 iis
1848 2471 1977 2527 quae
2030 2455 2098 2510 ad

396 2539 719 2596 Possidium
748 2540 944 2595 scribit
974 2556 987 2596 :
1017 2546 1356 2596 ornamenta
1390 2558 1505 2597 non
1526 2558 1646 2597 esse
1666 2543 1791 2615 conj
1803 2542 1986 2614 ugatis
2008 2544 2103 2598 ab-

396 2629 583 2684 solute
619 2629 998 2701 prohibenda,
1050 2635 1260 2701 prazter
1288 2630 1600 2701 pigmenta,
1633 2635 1689 2686 et
1731 2647 1797 2685 ea
1821 2648 1951 2704 qua:
1982 2648 2099 2686 ma-

401 2717 586 2789 gicam
618 2717 1082 2790 superstitionem
1114 2718 1376 2773 redolent
1407 2720 1600 2789 (Epist.
1632 2721 1779 2791 245).

468 2811 520 2864 6.
579 2807 637 2864 Si
702 2807 1026 2864 vehementi
1082 2808 1338 2863 oratione
1400 2808 1713 2864 insectatur
1766 2808 2049 2865 Ecdiciam
2083 2849 2099 2877 ,

400 2899 570 2969 longe
600 2896 957 2968 gravioribus
981 2897 1167 2952 verbis
1196 2897 1464 2969 objurgat
1493 2896 1841 2968 Cornelium,
1860 2899 1958 2970 qui
1978 2915 2104 2970 per-

400 2985 774 3041 niciosissimo
830 2984 1268 3042 Manichzeorum
1325 3002 1519 3042 errore
1569 2987 1756 3042 fuerat
1803 2987 1941 3042 olim
1970 3002 2100 3042 cum

398 3075 523 3146 ipso
570 3074 889 3146 Augustino
934 3074 1276 3146 implicatus.
1327 3073 1558 3129 Iuvenis
1586 3077 1725 3129 tunc
1779 3079 1919 3142 erat,
1972 3074 2104 3130 licet

402 3168 566 3221 astate
627 3162 1009 3235 Augustinum
1062 3162 1448 3230 antecederet;
1500 3178 1534 3216 a
1584 3163 1853 3218 muliebri
1910 3167 2103 3218 tamen

403 3268 598 3309 amore
628 3268 761 3306 eum
791 3268 849 3307 se
879 3267 1103 3306 summo
1128 3250 1523 3322 temperantiae
1564 3252 1769 3306 robore
1799 3250 2102 3306 abstraxis-

400 3345 505 3409 set,
537 3340 811 3396 continuo
843 3339 905 3395 in
935 3356 1067 3395 eum
1098 3356 1218 3395 sese
1246 3339 1414 3395 altius
1439 3339 1738 3396 immersit.
1764 3341 1827 3395 In
1850 3345 2103 3395 extremo

397 3429 527 3485 vitae
571 3429 845 3501 periculo,
890 3428 1244 3501 Baptismum
1299 3428 1571 3501 percepit,
1603 3444 1733 3484 cum
1756 3428 1875 3501 jam
1905 3432 2102 3500 Augu-

399 3518 581 3575 stinus
611 3518 908 3590 episcopus
937 3517 1238 3586 senuisset,
1261 3522 1432 3590 atque
1454 3518 1595 3573 adeo
1619 3518 1739 3590 ipse
1764 3519 1913 3574 foret
1940 3523 2104 3575 aetate

399 3607 581 3680 magis
627 3607 1074 3678 ingravescente.
1113 3608 1378 3662 Attamen
1406 3623 1437 3661 e
1462 3606 1663 3662 morbo
1690 3612 1996 3675 recreatus,
2032 3607 2102 3663 ab

395 3696 659 3769 improba
688 3696 956 3768 peccandi
982 3696 1391 3751 consuetudine
1422 3713 1539 3751 non
1568 3713 1627 3751 se
1658 3697 1970 3767 revocavit;
2003 3697 2103 3753 sed

397 3786 667 3859 pellicum
697 3801 870 3857 grege
916 3785 977 3840 in
1020 3785 1468 3841 dies'crescente
1516 3785 1757 3858 stipatus
1782 3786 2099 3842 incedebat.

398 3874 773 3948 Augustinus,
825 3874 926 3947 qui
966 3891 1098 3930 eum
1149 3891 1374 3946 semper
1402 3876 1803 3930 charissimum
1832 3876 2098 3942 habebat,

397 3963 605 4036 saepius
629 3965 699 4020 de
730 3963 987 4018 moribus
1017 3963 1387 4018 emendandis
1417 3963 1628 4018 frustra
1648 3969 2100 4021 commonuerat.

399 4054 450 4107 ls
480 4068 650 4124 porro
695 4051 1038 4123 Cyprianam
1068 4051 1127 4105 in
1158 4051 1588 4105 matrimonium
1641 4052 1878 4107 duxerat
1907 4051 2100 4106 castis-

398 4141 601 4195 simam
651 4140 946 4211 feminam,
977 4156 1107 4211 qum
1134 4139 1255 4194 viro
1289 4140 1456 4210 longe
1483 4138 1795 4207 dissimilis,
1828 4155 1959 4194 cum
1992 4140 2102 4194 ob-

394 4228 576 4284 scenis
606 4228 740 4283 licet
776 4228 1069 4282 amoribus
1098 4227 1385 4282 irretitum
1417 4227 1741 4293 adamabat,
1775 4232 1833 4283 et
1861 4244 2100 4282 conver-

395 4315 729 4387 sionis'ejus
775 4315 1055 4371 desiderio
1102 4315 1428 4372 tenebatur.
1478 4317 1552 4370 Ex
1602 4316 1707 4371 hac
1751 4316 1864 4371 vita
1894 4317 2103 4389 migra-

394 4406 493 4473 vit,
514 4404 637 4460 etin
660 4409 945 4459 castarum
967 4408 1136 4475 atque
1159 4403 1416 4458 fidelium
1435 4403 1758 4459 animarum
1774 4405 2100 4461 societatem

394 4498 623 4565 recepta
653 4497 754 4548 est.
780 4494 935 4548 'Post
983 4493 1105 4564 ejus
1138 4492 1360 4547 obitum
1409 4492 1702 4548 Cornelius
1732 4494 1801 4549 ad
1829 4494 2100 4566 Augusti-

398 4599 540 4643 num
570 4581 811 4652 scripsit,
843 4584 903 4635 ut
931 4581 1003 4636 ad
1038 4598 1096 4636 se
1126 4580 1356 4652 optimm
1382 4582 1643 4653 conjugis
1668 4587 1853 4638 morte
1886 4583 2103 4654 gravis-

395 4670 538 4726 sime
567 4673 922 4724 commotum
962 4668 1212 4742 aliquam
1244 4668 1523 4741 prolixam
1560 4671 1860 4743 epistolam
1898 4688 2101 4727 conso-

393 4758 660 4816 latoriam
690 4758 1049 4829 daret,’sicut
1078 4764 1334 4814 sanctum
1359 4759 1662 4816 Paulinum
1693 4762 1763 4817 ad
1796 4762 2100 4817 Macarium

392 4847 590 4903 fecisse
649 4847 1007 4903 meminerat.
1061 4848 1148 4903 Ad
1212 4848 1333 4903 hanc
1389 4849 1648 4905 rescribit
1700 4851 2096 4921 Augustinus,

391 4936 549 4992 illius
574 4952 808 4992 uxorem
837 4936 1106 4992 humanis
1135 4954 1250 4993 non
1269 4954 1436 5009 egere
1467 4939 1761 5006 laudibus;
1792 4939 1896 4993 has
1914 4939 2101 4993 viven-

391 5024 564 5090 tibus,
594 5041 713 5081 non
753 5025 995 5081 mortuis
1037 5026 1301 5097 impendi
1338 5027 1547 5095 solere;
1594 5043 1727 5082 eum
1757 5026 1889 5082 vitae
1917 5033 2101 5083 muta-

392 5113 551 5170 tione
598 5113 849 5189 elogium
879 5114 1137 5187 conjugis
1168 5132 1285 5171 sua:
1318 5114 1636 5186 promereri
1665 5114 1873 5170 debere
1906 5132 1920 5171 :
1955 5115 2098 5172 illud

391 5202 653 5275 polliceri
682 5219 741 5257 se
771 5219 837 5258 ea
866 5204 1214 5272 conditione,
1246 5220 1417 5276 quam
1463 5204 1588 5274 ejus
1613 5218 1761 5259 uxor
1780 5204 1965 5259 etiam
1999 5205 2096 5259 dc-

390 5293 584 5348 functa
613 5297 962 5363 peroptaret,
996 5293 1483 5365 quemadmodum
1510 5291 1702 5345 vivens
1732 5293 2092 5363 expetiisset:

388 5383 533 5438 velle
576 5382 743 5437 aliter
788 5396 1097 5436 maerorem
1143 5381 1487 5451 abstergcre,
1538 5379 1918 5436 adulationem
1951 5399 2093 5454 esse,

389 5486 506 5525 non
548 5469 1010 5526 consolationem.
1059 5468 1240 5523 Simul
1269 5472 1519 5537 turpem,
1552 5466 1612 5522 in
1659 5485 1774 5541 quo
1812 5476 2090 5541 versatur,

389 5547 597 5614 statum
624 5557 795 5613 illius
833 5558 1012 5614 oculis
1059 5560 1251 5628 aperte
1296 5556 1541 5626 subjicit,
1592 5575 1838 5632 eumque
1882 5577 2091 5633 magna
2143 5596 2151 5603 ι

1610 287 1784 344 VlTA
1823 286 1885 342 S.
1931 285 2321 344 AUGUSTINI
2361 285 2699 343 EPISCOPI.

3812 286 3914 341 248

2214 410 2440 467 dicendi
2467 410 2541 478 vi,
2574 414 2638 463 nt
2660 408 2793 464 inde
2823 411 3096 481 emergat,
3121 412 3177 464 et
3196 408 3562 465 vehementer
3581 412 3638 466 et
3658 413 3922 466 amanter

2212 499 2473 555 hortatur
2504 500 2697 570 (Epist.
2727 499 2879 568 259).
2945 533 2960 549 .

2281 594 2333 644 7.
2370 590 2501 643 Erat
2529 591 2684 643 extra
2729 586 2986 642 diazcesis
3034 586 3417 658 Hipponensis
3458 587 3673 643 limites
3725 589 3922 661 puella

2214 676 2578 746 (Florentium
2609 692 2820 731 nomen
2848 676 3005 747 fuit),
3036 692 3166 748 quas
3197 677 3324 732 licet
3354 677 3923 751 adolescentula,pie-

2211 766 2344 821 tatis
2391 783 2454 821 ac
2481 782 2628 820 vera:
2653 764 2948 837 sapientiae
2976 765 3202 820 ardenti
3234 766 3426 821 studio
3454 759 3777 823 tenebatur.
3811 770 3919 824 Pa.

2213 858 2404 909 rentes
2447 855 2571 925 ejus
2605 853 2830 925 optimi,
2865 856 2921 907 et
2949 852 3017 908 de
3048 853 3181 908 ﬁlia:
3209 854 3421 926 pietate
3451 858 3821 926 gratulantes,
3849 857 3921 913 ab

2209 942 2530 1015 Augustino
2561 941 2621 997 in
2650 942 2738 997 his
2769 941 2883 997 oris
2918 947 3310 999 commorante
3349 944 3807 1015 postularunt,ut
3834 946 3921 1002 illi

2211 1032 2544 1102 edocendas,
2575 1031 2635 1086 in
2666 1047 2781 1104 quo
2812 1048 2958 1103 opus
2987 1037 3150 1095 esset,
3185 1049 3345 1089 suam
3369 1049 3599 1107 Operam
3625 1035 3922 1109 impende-

2210 1125 2315 1175 ret.
2351 1121 2614 1175 Benuere
2647 1136 2764 1174 non
2811 1118 2999 1188 potuit
3042 1120 3396 1193 Augustinus
3442 1138 3457 1178 :
3492 1125 3548 1178 et
3587 1138 3649 1178 re
3680 1123 3922 1195 quidem

2209 1208 2333 1279 ipsa
2381 1223 2578 1263 curam
2623 1208 2778 1263 illius
2804 1224 2923 1263 non
2953 1209 3139 1264 solum
3169 1209 3226 1263 in
3257 1208 3522 1281 precibus
3555 1211 3702 1281 apud
3736 1211 3921 1265 Deum

2209 1296 2491 1367 suscepit;
2521 1312 2721 1352 verum
2751 1296 2925 1353 etiam
2955 1313 3084 1352 cum
3107 1298 3177 1354 ad
3206 1299 3330 1370 ejus
3348 1303 3592 1355 matrem
3622 1299 3920 1363 scriberet,

2209 1384 2460 1455 plurima
2486 1384 2571 1440 illi
2592 1386 2937 1441 documenta
2964 1387 3215 1442 tradidit.
3239 1387 3346 1443 Sed
3372 1388 3496 1459 ejus
3524 1392 3709 1443 mater
3723 1390 3926 1461 Augu-

2210 1474 2357 1529 stino
2401 1474 2711 1545 rescripsit,
2740 1473 2901 1547 prius
2937 1475 3117 1530 filiam
3142 1476 3287 1531 velle
3318 1476 3537 1531 litteras
3566 1478 3639 1533 ab
3667 1493 3737 1533 eo
3765 1478 3920 1533 neci-

2209 1579 2375 1635 pere;
2409 1568 2531 1618 tum
2561 1564 2793 1619 demum
2834 1564 3216 1621 confidentius
3264 1565 3624 1638 scripturam,
3665 1581 3921 1639 eumque

2210 1652 2280 1707 de
2311 1652 2643 1707 necessariis
2672 1654 2841 1708 rebus
2870 1669 2992 1709 esse
3024 1654 3430 1709 consulturam.
3464 1654 3549 1710 Ad
3580 1670 3706 1710 eam
3736 1654 3920 1726 igitur

2210 1741 2438 1812 scripsit
2472 1742 2845 1813 Augustinus,
2877 1746 2941 1798 ut
2967 1742 3021 1797 ei
3048 1742 3272 1797 fiduciae
3301 1742 3511 1797 ostium
3534 1742 3812 1813 aperiret;
3839 1743 3920 1797 si-

2209 1830 2445 1903 mulque
2473 1846 2600 1886 eam
2630 1831 2892 1886 hortatus
2918 1835 3019 1899 est,
3051 1835 3115 1886 ut
3146 1835 3436 1903 promeret
3463 1831 3609 1903 ipsa,
3639 1832 3685 1886 si
3713 1831 3855 1904 quid
3885 1848 3921 1887 a

2209 1934 2268 1973 se
2298 1920 2672 1991 quazrendum
2702 1925 2947 1990 putaret.
2981 1921 3098 1976 Aut
3116 1922 3255 1975 enim
3273 1923 3402 1988 scio,
3425 1920 3632 1993 inquit,
3665 1921 3813 1991 quod
3835 1923 3925 1976 in-

2209 2010 2490 2077 quisieris;
2524 2013 2573 2063 et
2614 2025 2719 2064 non
2748 2011 2950 2077 negabo
2991 2026 3004 2065 :
3036 2014 3132 2065 aut
3174 1998 3259 2065 ita
3278 2012 3469 2076 nescio,
3497 2015 3558 2066 ut
3593 2011 3740 2067 nullo
3786 2010 3926 2081 ﬁdei

2206 2098 2506 2166 salutisque
2535 2098 2853 2154 detrimento
2880 2101 3137 2165 nesciam,
3168 2103 3219 2154 et
3244 2099 3309 2154 de
3335 2100 3430 2154 hoc
3458 2101 3621 2153 etiam
3641 2104 3690 2154 te
3714 2101 3922 2169 ipsam,

2206 2187 2257 2240 si
2278 2190 2523 2256 potuero,
2561 2188 2763 2254 faciam
2804 2187 3024 2242 reddita
3063 2190 3274 2243 ratione
3318 2204 3581 2243 securam.
3631 2189 3746 2244 Aut
3776 2193 3921 2245 certe

2208 2276 2258 2329 si
2280 2278 2330 2328 et
2358 2276 2553 2343 nescio,
2584 2279 2635 2330 et
2663 2279 2837 2330 tamen
2866 2276 3140 2331 sciendum
3164 2280 3261 2344 est,
3294 2278 3379 2331 vel
3407 2278 3707 2347 impetrabo
3735 2294 3771 2332 a
3798 2281 3910 2333 Do-

2208 2362 2371 2427 mino,
2422 2377 2488 2415 ne
2530 2362 2633 2415 tibi
2660 2362 2861 2427 desim;
2909 2378 3037 2417 nam
3065 2379 3205 2433 saepe
3246 2365 3486 2432 ofﬁcium
3532 2364 3905 2434 impertiendi,

2208 2451 2457 2505 meritum
2474 2455 2550 2505 est
2568 2451 2907 2521 accipiendi:
2932 2452 3013 2506 vel
3033 2454 3113 2506 ita
3132 2452 3234 2506 tibi
3246 2452 3591 2522 respondebo,
3613 2457 3676 2508 ut
3698 2456 3915 2509 noveris

2203 2554 2307 2609 pro
2329 2539 2427 2594 hac
2452 2542 2575 2609 ipsa
2595 2556 2671 2607 re,
2696 2556 2856 2609 quam
2876 2543 3091 2611 pariter
3109 2543 3391 2611 nescimus,
3412 2541 3487 2595 ad
3511 2557 3668 2611 quem
3689 2544 3916 2612 pulsare

2209 2628 2510 2683 debeamus.
2544 2631 2666 2684 Haec
2711 2630 2828 2684 ideo
2868 2631 3193 2700 praelocutus
3232 2646 3370 2697 sum,
3418 2646 3484 2685 ne
3527 2635 3576 2686 te
3616 2647 3721 2701 pro
3767 2637 3914 2689 certo

2208 2731 2385 2787 speres
2415 2717 2688 2787 quidquid
2714 2734 2748 2772 a
2776 2733 2858 2773 me
2885 2720 3195 2787 quaesiveris
3224 2718 3569 2785 audituram;
3598 2724 3648 2774 et
3678 2736 3800 2775 cum
3819 2720 3917 2776 hoc

2208 2821 2314 2860 non
2339 2808 2663 2876 provenerit,
2694 2806 2955 2861 audacter
2976 2809 3160 2877 potius
3199 2824 3363 2876 quam
3388 2808 3686 2879 prudenter
3709 2825 3794 2864 me
3832 2812 3916 2878 fe-

2210 2896 2340 2949 cisse
2364 2894 2670 2964 arbitreris,
2697 2895 2842 2964 quod
2872 2896 2975 2950 tibi
2992 2897 3285 2966 quaerendi,
3317 2899 3369 2953 si
3388 2898 3524 2967 quid
3542 2899 3701 2964 voles,
3731 2900 3919 2965 facul-

2212 2988 2372 3037 tatem
2417 2983 2561 3038 dedi.
2609 2985 2716 3038 Hoc
2744 2986 2885 3039 enim
2935 2986 3060 3053 feci,
3113 3000 3219 3040 non
3264 2986 3449 3041 doctor
3494 2989 3789 3057 perfectus,
3822 2987 3919 3042 sed

2210 3088 2328 3127 cum
2372 3072 2624 3128 docendis
2665 3073 3054 3143 perﬁciendus,
3099 3073 3321 3129 domina
3367 3077 3573 3129 emimia
3618 3079 3917 3145 meritoque

2213 3160 2544 3216 honorabilis
2594 3163 2652 3215 in
2694 3162 2906 3218 Christo
2944 3178 3007 3217 ac
3049 3163 3395 3235 suscipienda
3449 3164 3590 3234 ﬁlia.
3644 3166 3918 3235 Equidem

2212 3252 2375 3304 etiam
2395 3253 2453 3305 in
2477 3252 2545 3305 iis
2562 3250 2720 3305 rebus
2742 3265 2878 3320 quas
2897 3255 3184 3322 utcumque
3210 3255 3339 3318 scio,
3362 3255 3538 3322 magis
3562 3257 3611 3308 te
3629 3256 3790 3323 cupio
3810 3270 3922 3310 esse

2211 3340 2481 3406 scientem,
2516 3355 2679 3408 quam
2702 3341 2939 3395 scientia
2956 3345 3152 3395 nostrae
3165 3341 3511 3408 indigentem.
3539 3340 3721 3409 Neque
3749 3344 3921 3409 enim,

2211 3431 2271 3480 ut
2301 3426 2445 3495 quod
2470 3428 2674 3483 scimus
2715 3427 3015 3495 doceamus,
3046 3430 3279 3484 aliorum
3316 3431 3681 3498 ignorantiam
3725 3435 3921 3499 optare

2212 3514 2479 3570 debemus.
2522 3517 2691 3571 Multo
2740 3518 2942 3587 quippe
2984 3518 3175 3573 melius
3221 3533 3399 3573 omnes
3441 3532 3625 3573 sumus
3660 3518 3921 3574 docibiles

2211 3607 2336 3660 Deo.
2368 3606 2558 3678 Pergit
2595 3606 2801 3662 deinde
2848 3608 3236 3663 demonstrare
3274 3607 3624 3680 periculum.
3674 3609 3828 3679 quod
3859 3610 3922 3664 in

2212 3695 2335 3750 aliis
2354 3694 2686 3750 erudiendis
2710 3696 3024 3767 comperit:
3055 3696 3218 3768 cujus
3238 3696 3378 3752 illud
3402 3701 3487 3751 est
3506 3698 3614 3753 sibi
3630 3698 3922 3769 singulare

2213 3783 2501 3851 solatium,
2531 3784 2577 3838 si
2605 3783 2813 3839 animas
2843 3783 2905 3839 in
2931 3784 3142 3856 pietate
3174 3784 3253 3841 ita
3279 3786 3672 3857 proﬁciant,ut
3690 3803 3759 3841 eo
3788 3803 3919 3859 per-

2211 3873 2461 3941 veniant,
2497 3874 2596 3929 ubi
2638 3873 2887 3929 hominis
2918 3874 3165 3930 doctoris
3200 3891 3318 3931 non
3349 3876 3594 3948 amplius
3624 3875 3922 3949 indigeant

2211 3963 2530 4018 ministerio
2557 3965 2758 4032 (Epist.
2787 3963 2931 4032 266).

2281 4054 2333 4107 8.
2376 4052 2518 4107 Cum
2549 4052 2727 4105 altera
2771 4050 2982 4121 puella,
3015 4050 3248 4106 nomine
3284 4050 3535 4119 Fabiola,
3562 4051 3630 4107 ad
3664 4067 3797 4107 eum
3824 4068 3919 4108 re-

2210 4138 2483 4206 scribens,
2538 4138 2716 4195 animi
2747 4138 2835 4194 sui
2880 4155 3186 4195 maerorem
3236 4138 3288 4195 ei
3337 4140 3917 4213 signiﬁcasset,quod

2210 4227 2393 4282 adhuc
2431 4227 2492 4281 in
2531 4227 2637 4282 hac
2677 4232 2907 4283 terrena
2943 4228 3401 4301 peregrinatione
3439 4235 3779 4298 moraretur,
3809 4246 3919 4287 nec

2210 4332 2436 4388 semper
2470 4316 2561 4371 hic
2593 4321 2920 4372 sanctorum
2951 4318 3232 4373 consortio
3260 4318 3374 4373 frui
3402 4323 3628 4391 posset;
3656 4319 3811 4391 quod
3843 4320 3917 4375 ad

2208 4405 2398 4477 ipsum
2426 4406 2835 4477 Augustinum,
2863 4412 2928 4463 ut
2943 4408 3188 4475 videtur,
3217 4407 3497 4463 referebat
3530 4407 3610 4463 :is
3634 4408 3807 4464 ofﬁcii
3827 4408 3920 4464 sui

2210 4511 2328 4549 esse
2364 4494 2604 4565 putavit,
2640 4495 2692 4550 ei
2740 4496 3072 4565 rescribere,
3103 4502 3170 4553 ut
3194 4512 3467 4565 amorem,
3502 4514 3616 4569 quo
3645 4498 3742 4552 illa
3778 4514 3920 4571 erga

2209 4599 2298 4639 res
2325 4584 2578 4639 caelestes
2618 4583 2927 4653 ferebatur,
2974 4586 3433 4653 commendaret;
3471 4585 3758 4658 simulque
3786 4603 3917 4642 eam

2210 4673 2458 4741 doceret,
2499 4690 2805 4746 corporum
2834 4676 3203 4745 praesentiam
3232 4675 3560 4733 animorum
3590 4675 3918 4746 prmsentiae

2208 4780 2328 4817 esse
2358 4764 2807 4836 postponendam
2843 4766 3038 4834 (Epist.
3074 4764 3224 4834 267).
3265 4765 3395 4819 Haec
3425 4764 3658 4820 Fabiola
3685 4764 3915 4819 videtur

2208 4851 2406 4907 eadem
2445 4869 2586 4917 esse,
2629 4869 2801 4925 quam
2845 4853 3226 4925 Hieronymus
3255 4857 3510 4909 sanctam
3538 4852 3718 4908 filiam
3748 4868 3916 4909 suam

2171 4955 2178 4961 ’
2207 4942 2473 5011 appellat,
2497 4942 2637 4997 dum
2653 4942 2721 4997 ad
2747 4942 3134 4997 Marcellinum
3152 4942 3211 4996 in
3230 4942 3416 4997 Africa
3447 4943 3749 5013 degentem
3782 4942 3918 4997 scri-

2206 5028 2457 5084 bitanno
2488 5030 3056 5103 quadringentesimo
3070 5030 3374 5087 undecimo
3395 5035 3495 5086 aut
3522 5030 3915 5103 quadringen-

2205 5117 2408 5174 tesimo
2439 5119 2797 5188 duodecimo,
2832 5136 2996 5193 posse
3020 5120 3193 5176 illum
3236 5120 3309 5175 ab
3334 5120 3463 5193 ipsa
3487 5120 3744 5176 mutuari
3770 5121 3917 5176 duos

2203 5208 2425 5280 priores
2455 5209 2634 5264 libros
2675 5208 2735 5264 in
2780 5209 3153 5278 Ezechielem,
3207 5226 3352 5283 quos
3395 5209 3465 5265 ad
3511 5225 3637 5267 eam
3667 5209 3917 5266 misisset

2205 5298 2419 5369 (Hieron
2432 5339 2445 5353 .
2461 5339 2475 5365 ,
2506 5300 2694 5368 Epist.
2733 5300 2840 5369 82).

2274 5389 2326 5440 9.
2373 5387 2503 5440 Erat
2551 5386 3014 5458 Hippone-Regio
3051 5386 3242 5458 puella
3273 5387 3560 5459 quasdam,
3591 5389 3757 5459 patre
3787 5402 3913 5456 suo,

2201 5478 2267 5529 ut
2291 5474 2535 5541 videtur,
2567 5475 2793 5543 orbata;
2825 5476 2986 5548 cujus
3015 5476 3191 5532 etiam
3220 5480 3407 5532 mater
3432 5492 3551 5532 non
3574 5477 3914 5549 apparebat.

2203 5563 2477 5621 Ecclesia
2509 5563 2725 5632 tutelis,
2785 5568 2866 5620 ut.
2894 5566 3018 5637 ejus
3056 5566 3328 5621 adversus
3374 5566 3776 5638 improborum
3800 5568 3917 5623 vim
