4060 6348
153 292 260 345 249

151 410 435 481 praesidio
463 415 738 480 uteretur,
769 413 1168 470 commendata
1191 416 1375 472 fuerat
1403 434 1433 472 a
1463 421 1754 489 spectabili
1784 421 1866 476 vi-

152 517 239 568 ro,
273 501 441 572 cujus
470 517 679 556 nomen
705 502 774 556 ab
801 503 1122 574 Augustino
1151 505 1422 560 reticetur
1451 525 1467 560 :
1493 523 1606 562 non
1635 510 1788 564 enim
1818 511 1864 565 is

152 589 313 644 idem
363 590 609 660 videtur,
639 608 702 644 ac
751 593 1068 646 Benenatus
1109 594 1428 665 episcopus,
1462 595 1560 666 qui
1608 612 1711 650 nec
1758 597 1863 651 viri

151 679 489 748 spectabilis
521 679 754 735 nomine
793 682 1080 736 notandus
1117 687 1284 745 esset,
1317 688 1372 737 et
1410 700 1604 739 curam
1645 685 1783 754 ejus,
1816 685 1863 740 si

152 767 212 821 in
244 767 434 838 ipsius
462 767 662 823 fuisset
686 773 983 840 potestate,
1009 770 1294 842 suscipere
1325 771 1636 829 debuisset.
1679 776 1861 839 Quan-

151 872 335 927 quam
359 873 470 912 non
498 856 894 928 negaverimus
919 861 1268 915 Benenatum
1292 860 1464 916 istum
1486 862 1638 917 illius
1658 865 1863 934 puellte

150 945 608 1016 consanguinem
662 945 885 1002 fuisse:
941 947 1042 1019 qui
1097 965 1231 1003 sane
1283 949 1672 1006 conditionem
1729 951 1863 1008 huic

148 1035 368 1105 puellas
396 1035 797 1106 propositurus
822 1037 891 1091 ad
921 1037 1303 1108 Augustinum
1327 1039 1568 1111 scripsit.
1597 1041 1863 1112 Augusti-

150 1138 262 1176 nus
293 1138 566 1193 pro.cura
599 1124 887 1196 praecipue
915 1125 1152 1196 pupillis
1179 1127 1404 1182 tuendis
1433 1128 1622 1183 debita
1651 1131 1711 1184 in
1741 1131 1862 1201 ejus

149 1211 396 1266 tutelam
427 1212 625 1267 sedulo
654 1213 1013 1282 incumbens,
1043 1215 1294 1271 oblatam
1333 1217 1722 1274 conditionem
1753 1220 1861 1274 sibi

151 1317 267 1355 non
302 1300 605 1371 displicere
636 1303 965 1374 respondit;
995 1305 1091 1359 sed
1125 1307 1375 1376 puellam
1406 1307 1590 1361 adhuc
1620 1324 1741 1364 esse
1770 1313 1857 1362 tc-

149 1389 373 1445 neriori
401 1395 589 1458 tetate,
613 1407 788 1462 quam
819 1396 879 1446 ut
907 1393 1176 1464 cuiquam
1196 1399 1387 1465 posset
1412 1395 1689 1466 promitti,
1720 1396 1857 1451 dum

151 1480 538 1548 adolesceret;
563 1480 717 1536 illius
743 1481 973 1537 interim
1002 1488 1267 1553 matrem,
1289 1485 1451 1556 cujus
1475 1486 1776 1541 auctoritas
1799 1487 1858 1542 in

151 1569 437 1624 tradenda
467 1569 585 1625 ﬁlia
614 1571 831 1626 caeteris
854 1571 1120 1627 omnibus
1141 1577 1287 1628 esset
1311 1576 1716 1645 prmponenda,
1749 1577 1860 1632 for-

151 1674 252 1713 san
281 1658 711 1730 apparituram;
745 1659 1042 1715 meliorem
1073 1661 1221 1716 forte
1247 1662 1631 1719 conditionem
1661 1681 1858 1720 occur-

151 1763 372 1816 suram,
405 1764 577 1820 quam
609 1747 730 1820 ipse
757 1753 990 1821 propter
1021 1751 1200 1804 Deum
1244 1751 1494 1822 judicem
1524 1752 1609 1807 illi
1647 1770 1855 1826 procu-

151 1851 276 1889 rare
308 1839 632 1903 teneretur;
657 1835 904 1908 denique
927 1836 1208 1892 incertum
1240 1854 1382 1903 esse,
1415 1845 1609 1894 utrum
1639 1842 1856 1897 nubere

151 1925 350 1990 vellet;
385 1924 572 1980 dicere
603 1925 852 1992 solitam,
894 1927 1037 1981 velle
1077 1943 1134 1981 se
1174 1943 1296 1982 esse
1333 1929 1851 1996 sanctimonialem;

151 2019 207 2068 et
233 2012 498 2085 quamvis
527 2013 599 2068 ob
630 2018 852 2068 nitatem
881 2014 948 2068 iis
972 2031 1090 2069 non
1112 2016 1260 2071 foret
1280 2017 1638 2072 sermonibus
1668 2019 1856 2074 adlim-

151 2103 417 2169 rendum,
453 2118 511 2157 se
541 2105 732 2157 tamen
762 2104 1080 2173 prmstolari
1122 2105 1353 2172 debere,
1387 2107 1523 2161 dum
1562 2107 1684 2177 ipsa
1722 2108 1855 2162 vitae

151 2192 484 2247 institutum
513 2208 615 2246 sua
641 2196 841 2263 sponte
871 2193 1120 2264 deligere
1150 2194 1352 2248 valeat.
1386 2194 1557 2249 Addit
1588 2195 1852 2262 Felicem,

152 2281 247 2353 qui
280 2283 490 2354 puellas
528 2281 696 2352 hujus
725 2285 1089 2336 materteram
1132 2281 1192 2336 in
1222 2282 1652 2338 matrimonium
1682 2284 1855 2339 duxe-

153 2376 251 2434 rat,
283 2371 522 2443 quicum
544 2387 610 2424 ea
639 2371 708 2425 de
739 2387 798 2425 re
830 2371 1483 2434 necessariosermonem
1504 2373 1853 2440 contulisset,

152 2459 401 2513 oblatam
435 2459 822 2515 conditionem
859 2460 1278 2531 comprobasse,
1306 2461 1436 2532 jure
1476 2467 1667 2516 tamen
1710 2461 1854 2516 ami-

151 2548 296 2602 citiae
319 2549 496 2603 fuisse
522 2553 913 2621 conquestum,
939 2550 1093 2620 quod
1115 2549 1193 2604 nil
1218 2550 1323 2604 hac
1348 2550 1416 2604 de
1439 2566 1498 2605 re
1520 2567 1622 2620 per
1644 2550 1855 2606 litteras

153 2636 463 2707 accepisset
493 2637 692 2708 (Epist.
733 2640 879 2705 254).
912 2639 1173 2708 Paganus
1203 2637 1434 2709 quidam
1467 2638 1713 2708 (Rustico
1744 2655 1852 2693 no-

152 2740 286 2779 men
317 2727 456 2795 erat)
487 2726 632 2780 hanc
663 2725 910 2797 puellam
938 2725 1102 2796 petiit
1137 2725 1196 2778 in
1227 2727 1576 2780 connubium
1607 2727 1723 2782 tilio
1753 2743 1854 2781 suo

153 2812 364 2882 pariter
399 2829 646 2884 pagano,
680 2813 778 2885 qui
819 2830 922 2869 nec
968 2831 1026 2868 se
1073 2814 1438 2868 christianam
1482 2815 1592 2869 ﬁde
1621 2816 1854 2885 Lample-

152 2915 360 2954 xurum
385 2916 506 2955 esse
537 2900 933 2972 pollicebatur.
961 2902 1170 2956 Verum
1191 2901 1545 2972 Augustinus
1575 2902 1645 2956 ab
1675 2919 1742 2957 ea
1769 2902 1854 2956 illi

153 2989 429 3043 tradenda
471 2989 784 3060 plurimum
825 2990 1185 3057 abhorrebat,
1219 2995 1282 3045 ut
1328 2991 1448 3061 ipse
1494 2991 1722 3046 Rustico
1751 3007 1854 3062 per

152 3075 365 3131 litteras
415 3077 756 3149 signiﬁcavit
806 3079 1004 3150 (Epist.
1057 3081 1202 3149 255),
1249 3084 1456 3152 printer
1503 3096 1570 3134 ea
1623 3095 1752 3152 quae
1792 3081 1851 3135 in

151 3165 390 3236 epistola
421 3166 492 3221 ad
534 3168 884 3222 Benenatum
924 3167 1256 3238 episcopum
1295 3168 1573 3223 iudicasse
1603 3184 1661 3224 se
1693 3169 1849 3238 dicit,

151 3254 356 3325 quibus
386 3255 457 3310 de
484 3254 636 3309 illius
664 3257 868 3326 puellm
901 3256 1186 3312 connubio
1216 3261 1352 3312 tunc
1380 3258 1656 3329 temporis
1684 3258 1850 3330 quid-

151 3359 322 3414 quam
353 3344 636 3416 spondere
665 3345 1097 3416 prohibebatur.
1131 3346 1228 3400 Vix
1259 3346 1615 3410 adducimur,
1649 3353 1708 3403 ut
1735 3364 1852 3402 cre-

151 3433 348 3489 damus
374 3435 522 3489 hanc
551 3435 733 3506 ipsam
764 3435 1148 3490 conditionem
1191 3451 1330 3502 esse,
1373 3452 1546 3508 quam
1580 3437 1850 3508 Augusti-

151 3537 254 3575 nus
287 3522 347 3577 in
388 3522 631 3593 epistola
675 3524 744 3578 ad
783 3525 1154 3590 Benenatum,
1196 3529 1262 3578 ut
1298 3524 1563 3592 diximus,
1596 3525 1850 3580 absolute

151 3611 251 3665 sibi
281 3612 561 3682 placuisse
590 3617 856 3669 testatur.
904 3615 972 3668 Ut
1001 3613 1153 3669 enim
1195 3615 1515 3668 Bcncnatus
1543 3614 1702 3668 illam
1733 3619 1848 3669 Au-

149 3701 374 3770 gustino
403 3702 812 3773 proposuisset,
841 3719 907 3757 ea
933 3706 1154 3758 tantum
1181 3703 1325 3774 lege,
1357 3707 1422 3758 ut
1451 3703 1664 3758 Rustici
1696 3703 1849 3758 ﬁlius

149 3789 514 3844 christianam
546 3791 715 3845 ﬁdem
748 3791 1060 3862 susciperet
1091 3807 1104 3846 :
1135 3796 1325 3846 tamen
1357 3791 1710 3862 Augustinus
1740 3792 1847 3846 cir-

149 3879 544 3933 cumstantiam
586 3879 727 3933 adeo
772 3896 1001 3950 gravem
1043 3880 1281 3934 minime
1321 3880 1604 3935 tacuisset.
1641 3882 1718 3935 De
1754 3897 1846 3934 ea-

149 3963 293 4032 dem,
331 3971 397 4020 ut
437 3965 682 4033 videtur,
716 3968 905 4037 puella
936 3967 1136 4022 Felicis
1181 3972 1347 4039 nepte
1388 3969 1540 4022 idem
1581 3969 1735 4023 Felix
1776 3969 1845 4024 ad

148 4054 530 4125 Augustinum
559 4055 881 4124 scripserat,
915 4062 972 4110 et
1009 4057 1330 4126 spectabilis
1369 4056 1494 4123 viri,
1530 4073 1563 4110 a
1595 4073 1708 4128 quo
1748 4057 1845 4112 Ec-

149 4142 328 4198 clesiae
361 4143 548 4198 fuerat
581 4143 900 4210 commissa,
935 4143 1148 4198 litteras
1189 4145 1258 4199 ad
1291 4160 1422 4199 eum
1455 4145 1702 4200 miserat.
1738 4147 1844 4201 Re-

149 4229 338 4286 scribit
379 4231 732 4303 Augustinus
775 4248 854 4298 se,
888 4249 1017 4287 cum
1068 4233 1214 4287 hanc
1248 4234 1530 4304 pupillam
1576 4234 1844 4306 cuiquam

149 4320 356 4387 passim
381 4320 738 4375 committere
771 4337 882 4375 non
913 4321 1138 4388 audeat,
1172 4322 1476 4376 adventum
1507 4323 1651 4393 ejus,
1685 4324 1846 4394 cujus

149 4405 360 4463 litteras
390 4410 461 4464 ad
497 4426 556 4464 se
595 4409 860 4477 misisset,
895 4415 1382 4482 exspectaturum;
1417 4411 1554 4483 quid
1592 4413 1741 4467 facto
1773 4412 1847 4467 sit

149 4511 288 4566 opus
307 4513 496 4552 coram
512 4498 612 4553 illo
635 4499 1113 4566 deliberaturum;
1136 4501 1533 4572 lecturumque
1552 4500 1705 4572 quod
1733 4502 1843 4555 Do-

151 4584 336 4640 minus
366 4586 687 4641 facieudum
720 4603 840 4642 esse
869 4587 1236 4659 inspiraverit
1265 4592 1460 4658 (Epist.
1490 4591 1640 4659 252).
1685 4589 1843 4644 llaud

148 4673 373 4742 scimus,
401 4691 474 4729 an
504 4675 573 4730 de
602 4676 798 4731 eadem
829 4677 1015 4732 adhuc
1039 4678 1232 4748 puella
1260 4678 1468 4732 scribat
1486 4677 1838 4750 Augustinus

152 4761 217 4815 ad
248 4764 620 4832 Benenatum,
654 4765 938 4820 audivisse
986 4783 1064 4835 se,
1096 4766 1248 4838 quod
1292 4766 1361 4821 de
1393 4766 1624 4837 negotio
1659 4771 1842 4821 trans-

150 4849 352 4921 igendo
383 4854 674 4924 cogitaret.
706 4856 967 4910 Testatur
995 4855 1201 4910 adduci
1235 4872 1296 4911 se
1327 4873 1441 4910 non
1473 4873 1658 4927 posse,
1692 4862 1758 4911 ut
1785 4856 1843 4912 id

151 4939 250 4995 sibi
293 4945 663 5014 persuadeat;
713 4945 761 4999 si
806 4950 1000 5000 tamen
1055 4961 1254 5000 verum
1304 4945 1394 5014 sit,
1444 4961 1610 5000 nosse
1654 4945 1842 5017 ipsum

151 5032 626 5100 quemadmodum
672 5035 930 5089 Ecclesiae
977 5035 1292 5102 consulere,
1335 5051 1399 5090 ac
1445 5039 1668 5090 tantum
1711 5051 1840 5090 cum

152 5120 418 5177 catholica
449 5121 639 5190 domo,
673 5139 802 5195 quas
847 5140 963 5178 non
993 5125 1207 5190 obesse,
1243 5125 1339 5179 sed
1371 5125 1638 5196 prodesse
1667 5125 1846 5196 possit

155 5207 426 5280 Ecclesiae,
460 5213 776 5283 transigere
804 5213 1007 5268 debeat
1038 5215 1241 5284 (Epist.
1277 5214 1424 5286 253).

819 5302 1044 5356 CAPUT
1086 5304 1171 5357 1X.

159 5387 174 5437 l
219 5388 596 5445 Madaurenses
627 5390 702 5445 ad
727 5391 1085 5446 christianam
1106 5392 1417 5459 religionem
1440 5391 1717 5446 traducere
1737 5395 1842 5444 stu-

220 5477 323 5532 det.
355 5483 387 5532 2
426 5483 556 5537 Cum
586 5481 923 5548 Longiniano
953 5494 1160 5549 quoque
1184 5497 1399 5550 pagano
1440 5481 1710 5536 sacerdote
1744 5495 1840 5550 per

220 5566 420 5626 litteras
449 5575 586 5637 agit,
617 5575 675 5624 ut
701 5585 816 5624 eam
845 5570 1218 5640 amplectatur.
1254 5574 1283 5626 3
1305 5572 1605 5626 Maximam
1633 5571 1837 5626 exortis

1585 298 1788 354 LIBER
1827 300 2168 364 QUARTUS.
2208 337 2212 342 -

3555 309 3659 362 250

2043 426 2100 478 in
2128 426 2410 494 provincia
2433 439 2534 479 sua
2561 425 2832 481 erroribus
2855 426 3231 496 perturbatam
3272 429 3482 484 solatur
3508 435 3558 486 et
3581 445 3670 485 ro-

2045 513 2216 568 borat.
2247 515 2282 568 4
2321 514 2451 570 Cum
2498 513 2725 570 diversis
2771 516 3034 570 haereticis
3077 517 3135 570 in
3177 520 3442 572 certamen
3486 521 3669 574 venit:

2042 606 2228 656 contra
2275 602 2560 670 quemdam
2616 619 2643 656 e
2683 605 3006 660 Novatianis
3047 605 3234 659 scribit
3284 605 3358 658 ad
3403 607 3666 661 Seleucia-

2041 705 2186 744 nam.
2217 693 2247 744 5
2285 689 2819 745 Tertullianistarum
2848 693 3065 746 haeresis
3102 708 3159 746 eo
3182 697 3444 762 prasente
3473 693 3665 748 deleta.

2043 780 2074 832 6
2102 779 2356 833 Abelonii
2385 794 2594 847 quoque
2621 794 2713 834 seu
2742 780 2999 836 Abeloitw
3030 783 3090 836 in
3123 784 3471 852 Hipponensi'
3495 787 3673 838 tractu

2041 867 2344 922 ministerio
2374 872 2424 922 et
2452 868 2630 922 labore
2661 870 2832 937 ipsius
2861 870 3080 925 sublati.

2045 958 2094 1010 l.
2126 957 2200 1010 Ex
2232 955 2348 1010 suis
2386 955 2746 1026 potissimum
2789 959 3197 1014 certaminibus
3243 975 3372 1015 cum
3415 960 3670 1016 hostibus

1972 1045 2229 1099 Ecclesise
2261 1045 2472 1100 nobilis
2503 1050 2555 1100 et
2581 1047 2766 1100 clarus
2796 1047 2972 1102 evasit
2999 1049 3370 1119 Augustinus.
3404 1050 3670 1106 Ethnicos

1969 1145 2095 1183 cum
2127 1130 2254 1184 aliis
2284 1130 2793 1198 lucubrationibus,
2825 1134 2947 1186 tum
2991 1133 3237 1188 maxime
3266 1150 3437 1205 opere
3478 1135 3548 1189 de
3579 1135 3668 1190 Ci-

1968 1217 2138 1272 vitate
2171 1219 2270 1273 Dei
2301 1219 2523 1274 fortiter
2551 1218 2932 1290 impugnavit.
2967 1221 3107 1276 Cum
3133 1222 3359 1278 cuidam
3390 1223 3668 1278 Florenti-

1967 1324 2064 1374 no,
2101 1308 2200 1378 qui
2249 1325 2398 1362 unus
2443 1325 2472 1363 e
2520 1309 2803 1364 Madaurm
2839 1311 3175 1380 proceribus
3209 1313 3381 1366 fuisse
3423 1312 3668 1382 videtur,

1970 1396 2228 1468 Ilippone
2260 1397 2556 1468 quidpiam
2588 1398 2804 1469 negotii
2835 1403 3002 1466 esset,
3023 1416 3221 1454 omnes
3249 1401 3409 1455 urbis
3438 1401 3670 1456 ordines

1965 1500 2070 1556 per
2096 1502 2226 1539 eum
2259 1485 2609 1556 scripserunt
2633 1487 2974 1559 Augustino,
3006 1493 3071 1543 ut
3096 1488 3203 1560 ipsi
3235 1489 3295 1544 in
3323 1490 3553 1560 negotio
3575 1490 3669 1546 ad-

1967 1588 2090 1628 esse
2124 1575 2478 1646 dignaretur.
2515 1577 2646 1631 Haec
2673 1581 2794 1631 crat
2823 1576 3139 1631 litterarum
3169 1576 3485 1648 inscriptio,
3514 1578 3671 1633 Patri

1964 1663 2295 1731 Augustino,
2324 1665 2381 1718 in
2412 1667 2631 1719 Domino
2649 1669 2904 1720 aetemam
2928 1667 3189 1731 salutem;
3210 1665 3551 1736 subscriptio
3572 1681 3669 1719 au-

1966 1756 2103 1817 tem,
2149 1753 2408 1822 Optamus
2447 1758 2514 1819 te,
2552 1754 2784 1821 domine,
2818 1757 2874 1807 in
2915 1756 3021 1808 Deo
3063 1757 3113 1807 et
3143 1754 3356 1809 Christo
3403 1755 3538 1821 ejus,
3569 1769 3669 1822 per

1964 1840 2158 1893 multos
2187 1855 2360 1894 annos
2389 1855 2594 1909 semper
2622 1842 2680 1893 in
2713 1841 2848 1917 clero
2879 1845 2968 1893 tuo
3003 1841 3256 1906 gaudere.
3286 1842 3411 1895 lam
3440 1841 3666 1911 pridem

1964 1927 2192 1982 dolebat
2212 1928 2562 1999 Augustinus
2583 1928 2735 1981 idola
2763 1944 2880 1981 non
2910 1927 3092 1998 magis
3112 1928 3172 1982 in
3204 1929 3661 1984 Madaurensium

1967 2016 2214 2086 templis,
2240 2033 2410 2088 quam
2444 2016 2501 2070 in
2535 2032 2732 2070 eorum
2763 2016 3024 2071 cordibus
3049 2017 3284 2072 includi.
3306 2018 3666 2090 Quapropter

1965 2103 2220 2174 epistolas
2249 2105 2479 2158 titulum
2512 2105 2746 2159 miratus
2777 2109 2878 2159 est.
2918 2107 3093 2160 Tanta
3143 2121 3236 2175 spe
3258 2106 3434 2160 subito
3462 2112 3664 2163 erectus

1963 2207 2101 2253 sum.
2129 2193 2337 2264 inquit,
2363 2201 2421 2246 ut.
2451 2194 2716 2247 crederem
2748 2209 2838 2248 vos
2866 2193 2940 2246 ad
2975 2195 3151 2262 ipsum
3180 2197 3481 2261 Dominum,
3512 2201 3563 2250 et
3591 2197 3666 2250 ad

1964 2283 2140 2349 ipsam
2167 2287 2421 2335 aeternam
2449 2283 2696 2347 salutem,
2722 2286 2818 2335 aut
2841 2281 2961 2347 jam
2990 2296 3100 2336 esse
3122 2297 3418 2348 conversos,
3442 2288 3538 2338 aut
3564 2300 3665 2353 per

1964 2375 2203 2424 nostrum
2246 2372 2606 2424 ministerium
2639 2370 2950 2424 desiderare
2987 2372 3239 2430 converti.
3281 2371 3386 2426 Sed
3424 2372 3518 2426 ubi
3562 2375 3668 2439 legi

1964 2464 2173 2524 cwtcra,
2206 2461 2463 2525 refriguit
2499 2461 2712 2512 animus
2751 2473 2916 2512 meus.
2961 2459 3199 2524 Quaesivi
3229 2463 3404 2514 tamen
3442 2460 3510 2513 ab
3547 2463 3664 2530 epi-

1963 2548 2110 2601 stola
2127 2549 2416 2616 perlatore,
2448 2552 2629 2601 utrum
2648 2548 2768 2617 jam
2788 2548 2870 2601 vel
2896 2549 3078 2602 essetis
3107 2548 3415 2617 christiani,
3445 2551 3526 2603 vel
3554 2565 3665 2604 esse

1963 2638 2242 2705 cuperetis.
2291 2636 2453 2706 Cujus
2497 2637 2836 2706 responsione
2875 2641 3231 2705 posteaquam
3269 2639 3518 2706 comperi,
3568 2654 3660 2692 ne-

1963 2740 2238 2795 quaquam
2270 2740 2360 2779 vos
2391 2739 2500 2780 esse
2526 2729 2794 2789 mutatos;
2826 2727 3054 2794 gravius
3083 2725 3254 2792 dolui,
3283 2727 3428 2794 quod
3457 2727 3663 2783 Christi

1961 2829 2169 2879 nomen,
2201 2815 2291 2867 cui
2307 2813 2431 2882 jam
2462 2817 2629 2867 totum
2661 2815 2839 2868 orbem
2867 2813 3161 2882 subjectum
3202 2827 3311 2866 esse
3333 2814 3661 2881 conspicitis,

1961 2918 2067 2956 non
2092 2903 2263 2957 solum
2292 2918 2327 2955 a
2352 2903 2500 2957 vobis
2530 2903 2911 2972 repellendum,
2941 2903 3036 2957 sed
3073 2904 3236 2957 etiam
3261 2903 3320 2956 in
3347 2902 3499 2955 nobis
3530 2902 3661 2955 irri-

1962 2992 2196 3046 dendum
2242 3006 2352 3046 esse
2396 2991 2728 3057 credidistis,
2781 2991 2910 3044 dum
2959 2991 3097 3044 mihi
3167 2991 3399 3059 (negotia
3460 2989 3660 3060 vestra)

1963 3081 2207 3136 curanda
2234 3083 2535 3150 imponitis.
2568 3080 2892 3135 Florentino
2933 3078 3313 3134 nihilominus
3351 3077 3509 3132 omni
3552 3091 3660 3148 ope

1960 3170 2169 3238 adfuit;
2222 3170 2320 3225 sed
2365 3171 2478 3224 tale
2525 3169 2818 3240 negotium
2872 3172 3016 3234 erat,
3063 3167 3216 3240 quod
3259 3165 3420 3222 facile
3460 3165 3662 3238 peragi

1961 3263 2168 3331 posset.
2209 3259 2593 3324 Quamobrem
2634 3257 2950 3312 immissam
2987 3255 3160 3311 fuisse
3199 3271 3234 3310 a
3271 3257 3387 3310 Deo
3426 3254 3656 3310 Madau-

1960 3348 2220 3403 rensibus
2249 3348 2321 3402 ad
2346 3363 2403 3402 se
2435 3346 2718 3402 scribendi
2741 3350 2992 3401 mentem
3022 3345 3282 3411 credidit,
3315 3348 3378 3399 ut
3403 3344 3657 3398 veritatis

1961 3438 2072 3491 illis
2103 3436 2509 3491 annuntiandas
2541 3437 2647 3490 sibi
2681 3435 3167 3507 opportunitatem
3207 3434 3456 3488 oﬁ‘erret.
3490 3433 3656 3488 Obla-

1959 3529 2076 3580 tam
2108 3525 2284 3596 igitur
2301 3525 2576 3596 arripuit;
2597 3529 2652 3579 et
2671 3523 2770 3579 ubi
2789 3523 3037 3578 ostendit
3059 3522 3324 3577 illusores
3344 3537 3439 3576 eos
3459 3520 3654 3586 fuisse,

1960 3631 2088 3670 cum
2119 3614 2328 3670 Christi
2355 3614 2588 3669 nomine
2609 3614 2715 3669 sibi
2743 3615 3025 3669 honorem
3047 3617 3099 3667 et
3123 3611 3537 3667 observantiam
3561 3627 3658 3665 ει-

1959 3704 2154 3759 hibere
2185 3703 2550 3772 simularunt,
2574 3703 2621 3756 si
2653 3702 2860 3758 Christi
2891 3703 3080 3757 hostes
3105 3701 3289 3756 adhuc
3317 3701 3654 3768 existerent;

1959 3793 2178 3863 aliquot
2207 3791 2561 3861 argumentis
2581 3790 2947 3844 christianam
2977 3789 3314 3859 religionem
3336 3788 3558 3855 asserit,
3583 3788 3653 3843 ad

1958 3896 2131 3952 quam
2161 3879 2617 3948 amplectendam
2660 3894 2757 3932 eos
2787 3879 3154 3944 adhortatur;
3187 3877 3340 3948 quod
3375 3882 3566 3931 tamen
3598 3893 3659 3932 se

1957 3986 2085 4024 cum
2129 3974 2380 4024 tremore
2426 3967 2616 4022 cordis
2655 3985 2759 4039 pro
2811 3967 2891 4022 eis
2935 3968 3120 4022 facere
3158 3967 3484 4037 proﬁtetur.
3521 3969 3662 4022 Novi

1955 4060 2115 4125 enim,
2151 4058 2357 4130 inquit,
2391 4061 2591 4126 qaanto
2635 4059 2938 4124 graviorem
2967 4061 3016 4111 et
3049 4057 3481 4125 perniciosiorem
3524 4071 3653 4110 cau-

1954 4165 2070 4203 sam
2097 4151 2218 4206 sitis
2250 4147 2495 4202 habituri
2521 4145 2672 4216 apud
2701 4149 2885 4205 Deum,
2917 4147 2968 4198 si
2989 4146 3207 4211 frustra
3247 4143 3398 4198 vobis
3429 4144 3535 4198 hare
3566 4144 3654 4198 di-

1953 4253 2103 4292 xero.
2129 4239 2250 4292 Erit
2273 4239 2412 4291 enim
2436 4240 2585 4291 testis
2606 4236 2829 4304 affectus
2850 4237 2909 4289 in
2929 4249 3019 4290 vos
3037 4235 3214 4289 cordis
3234 4235 3357 4296 mei,
3377 4249 3477 4303 per
3497 4233 3655 4300 hanc,

1955 4331 2217 4396 quantum
2238 4327 2416 4396 potui,
2446 4327 2709 4394 paginam
2738 4339 3024 4394 expressus
3058 4341 3071 4378 :
3103 4326 3207 4378 erit
3239 4325 3388 4377 testis
3419 4323 3566 4377 vobis
3598 4325 3658 4376 in

1946 4416 2158 4485 judicio
2186 4416 2324 4486 ejus,
2356 4417 2452 4484 qui
2481 4415 2748 4470 credentes
2785 4415 2892 4468 sibi
2933 4416 3350 4482 confirmaturus
3388 4417 3465 4466 est
3492 4416 3542 4466 et
3569 4414 3654 4466 in-

1953 4505 2195 4559 credulos
2235 4506 2578 4570 confusurus.
2623 4505 2728 4557 Eos
2777 4507 2834 4557 et
2873 4503 3076 4556 fratres
3122 4518 3255 4556 suos
3295 4505 3352 4556 et
3392 4505 3658 4572 parentes

1953 4599 2266 4664 nuncupat,
2297 4594 2369 4648 ob
2400 4593 2546 4647 hanc
2585 4593 2821 4647 fortasse
2853 4607 3104 4657 causam,
3140 4591 3293 4661 quod
3332 4606 3477 4660 puer
3505 4590 3656 4644 litte-

1952 4700 2044 4737 ras
2075 4683 2226 4754 apud
2275 4683 2568 4737 Madauras
2607 4681 2912 4736 didicisset.
2961 4682 3345 4751 Imperatores
3385 4678 3538 4750 ipsos
3584 4678 3656 4733 ad

1952 4771 2245 4842 piscatoris
2274 4770 2426 4826 Petri
2456 4770 2781 4841 sepulcrum
2819 4769 3100 4824 submisso
3145 4767 3471 4823 diademate
3517 4783 3655 4838 sup~

1952 4859 2160 4931 plicare
2189 4862 2471 4913 memorat
2499 4857 2558 4911 in
2584 4856 2656 4911 iis
2681 4857 2912 4922 litteris;
2941 4857 3260 4928 eodemque
3290 4856 3412 4910 loco
3441 4871 3500 4910 se
3529 4859 3660 4926 post

1954 4950 2105 5021 leges
2126 4948 2186 5002 in
2205 4947 2356 5003 idola
2371 4961 2521 5001 anno
2541 4945 2940 5001 trecentesimo
2965 4944 3334 5016 nonagesimo
3357 4959 3510 4998 nono
3528 4957 3660 4997 con-

1952 5038 2178 5092 stitutas
2217 5036 2483 5099 scribere,
2525 5051 2644 5089 non
2677 5034 2916 5090 obscure
2952 5033 3238 5106 signiﬁcat
3275 5033 3474 5103 (Epist.
3509 5033 3652 5100 232).

2020 5129 2073 5180 2.
2108 5128 2251 5182 Cum
2297 5123 2674 5196 Longiniauo,
2707 5140 2932 5195 pagano
2973 5123 3233 5189 homine,
3273 5127 3330 5176 et
3367 5121 3655 5176 idolorum

1951 5213 2036 5282 (ut
2065 5212 2319 5284 apparet)
2351 5211 2618 5282 pontiﬁce
2661 5227 2995 5282 congressus
3021 5209 3347 5282 aliquando,
3381 5208 3442 5262 in
3481 5207 3655 5276 hujus

1951 5301 2222 5374 colloquii
2250 5301 2405 5356 velut
2435 5301 2666 5372 speculo
2693 5300 2958 5371 inspexit,
2984 5316 3115 5354 eum
3141 5311 3446 5367 agnoscere
3471 5296 3651 5350 Deum

1951 5408 2070 5446 esse
2101 5390 2418 5453 colendum,
2456 5390 2602 5444 bene
2639 5389 2849 5444 sentire
2881 5389 2951 5443 de
2994 5387 3237 5454 Christo,
3269 5385 3338 5439 ad
3378 5383 3649 5439 virtutem

1950 5480 2123 5536 etiam
2153 5497 2217 5536 ex
2259 5480 2450 5534 animo
2483 5478 2796 5548 adspirare.
2831 5477 3058 5547 Optima
3087 5491 3223 5528 sane
3259 5473 3382 5528 haec
3412 5477 3539 5528 erat
3581 5474 3649 5528 ad

1947 5569 2104 5625 illam
2146 5569 2334 5644 reipsa
2379 5567 2837 5647 consequendam
2887 5564 3065 5626 animi
3109 5561 3457 5618 constitutio.
3500 5567 3648 5641 Quaq
