4060 6352
376 283 471 334 25l
1630 277 1781 331 VITA
1819 276 1874 331 S.
1916 278 2289 334 AUCL'STINI
2334 275 2662 331 EPlSCOPl.

375 408 608 477 propter
637 419 769 458 eum
801 403 1068 458 adamare
1099 401 1269 472 ctcpit
1296 399 1669 473 Augustinus,
1699 403 1767 454 ut
1794 399 1916 470 ipse
1947 399 2074 455 red-

372 494 601 548 amabat
618 491 1029 562 Augustinum.
1057 491 1154 546 llic
1167 496 1361 546 autem
1378 493 1534 545 ratus
1545 487 1760 543 amicos
1782 504 1896 543 non
1913 505 2075 560 posse

371 580 720 638 fructuosius
751 581 867 634 ulla
903 580 972 635 de
999 596 1062 635 re
1100 578 1372 650 colloqui,
1405 593 1580 650 quam
1617 580 1687 632 de
1717 575 1921 631 mediis
1950 576 2076 648 qui-

373 671 478 726 bus
509 669 644 725 boni
673 669 940 740 beatique
969 667 1168 736 simus,
1201 667 1520 722 litterarum
1546 681 1718 737 super
1744 681 1809 720 ea
1838 682 1900 720 re
1929 682 2080 720 com-

375 758 652 814 mercium
699 773 830 812 cum
876 755 1234 827 Longiniano
1271 755 1517 811 libenter
1545 753 1692 810 iniit.
1734 753 1948 809 Idcirco
1976 769 2080 825 per

374 851 592 906 litteras
615 849 691 904 ab
721 866 788 904 eo
819 849 1000 921 petiit,
1031 853 1096 903 ut
1116 848 1223 902 sibi
1243 847 1602 917 rescriberet,
1626 863 1876 919 quonam
1905 846 2078 901 modo

376 938 636 994 crederet
676 939 858 993 Deum
899 937 1236 1004 colendum;
1280 937 1420 1008 quid
1461 936 1699 990 sentiret
1737 935 1806 989 de
1854 935 2077 991 Christo

378 1027 654 1092 Domino;
685 1043 758 1080 an
787 1026 896 1080 alia
926 1026 1036 1094 via,
1066 1041 1240 1095 quam
1266 1025 1388 1095 ipse
1419 1024 1584 1080 nobis
1615 1024 2077 1089 demonstrasset,

375 1115 442 1170 ad
473 1115 699 1170 beatam
731 1114 906 1169 vitam
946 1113 1234 1185 perveniri
1269 1129 1437 1184 posse
1475 1117 1766 1178 censeret;
1799 1127 1872 1166 an
1903 1128 2078 1166 unam

374 1203 522 1258 hanc
550 1202 700 1258 viam
730 1203 1058 1269 arbitratus,
1085 1219 1196 1273 qua
1222 1201 1376 1274 piam
1404 1205 1625 1256 tantum
1656 1217 1724 1254 ex
1755 1216 1924 1254 causa
1950 1216 2078 1254 eam

372 1290 518 1346 inire
550 1291 800 1346 ditferret
832 1291 1030 1361 (Epist.
1060 1291 1208 1361 233).
1242 1288 1556 1360 Respondit
1581 1287 1966 1358 Longinianus
1994 1287 2078 1342 in-

374 1378 524 1450 signi
554 1378 853 1450 veracique
885 1379 1090 1450 elogio.
1119 1379 1260 1433 Eum
1291 1378 1444 1432 enim
1472 1377 1862 1432 Romanorum
1892 1376 2075 1431 virum

377 1483 506 1522 vere
538 1466 844 1539 optimum,
878 1467 1062 1522 virum
1093 1467 1330 1531 bonum,
1363 1465 1411 1519 si
1440 1465 1568 1537 quis
1599 1465 1736 1518 alias
1765 1464 1955 1530 fuerit,
1987 1463 2076 1518 in-

373 1555 597 1627 digitat.
629 1557 692 1612 Si
716 1556 955 1626 quidem,
988 1555 1197 1626 inquit,
1218 1554 1396 1608 adhuc
1421 1558 1545 1623 post
1575 1553 1846 1607 hominum
1878 1567 2076 1607 memo-

373 1648 516 1699 riam
545 1647 656 1699 nisi
682 1646 1042 1715 Xenophontis
1080 1645 1348 1713 ﬁgmentis
1379 1643 1680 1711 composita:
1707 1641 1908 1708 fabulae
1935 1642 2077 1696 sche-

373 1749 462 1788 ma
504 1733 783 1801 concedas,
813 1733 991 1786 adhuc
1031 1733 1322 1798 audierim,
1365 1732 1604 1798 legerim,
1643 1730 1872 1784 uiderim
1907 1731 2076 1783 nemi-

370 1837 508 1889 nem,
540 1825 636 1875 aut
655 1825 792 1875 certe
814 1825 938 1890 post
965 1836 1132 1873 unam
1157 1820 1377 1890 (Cyrum
1403 1820 1661 1888 fortasse)
1683 1819 1911 1879 nullum,
1935 1817 2079 1888 quod

373 1913 478 1966 Deo
508 1914 656 1976 teste,
690 1910 820 1964 bono
843 1909 1081 1978 periculo
1112 1912 1359 1978 certoque
1388 1907 1646 1974 durerim,
1677 1909 1790 1962 nisi
1818 1911 1886 1973 te,
1913 1909 2078 1961 Deum

372 2003 422 2052 et
451 1999 656 2053 conniti
680 2012 890 2067 semper
913 1993 1218 2065 agnoscere,
1248 2002 1298 2050 et
1320 2011 1474 2065 posse
1498 1998 1739 2065 puritate
1765 1997 1940 2049 animi
1959 2011 2075 2049 cor-

369 2089 631 2158 porisque
658 2087 902 2156 projecta
929 2085 1219 2154 gravedine
1244 2087 1444 2140 sectari
1461 2086 1742 2150 facillime,
1769 2089 1925 2154 ctspc
1953 2100 2076 2153 per-

371 2177 526 2243 fecta:
555 2178 886 2231 conscientiae
913 2191 1019 2228 non
1057 2174 1226 2227 dubia
1259 2172 1574 2227 credulitate
1614 2179 1804 2226 tenere.
1840 2171 1926 2226 Ad
1954 2173 2078 2226 Au-

375 2264 590 2335 gustini
620 2263 860 2336 quwsila
891 2262 1218 2333 respondet,
1251 2261 1444 2315 dicens
1474 2261 1546 2314 ad
1577 2277 1756 2314 unum
1788 2263 1843 2314 et
1881 2276 2077 2315 verum

375 2353 578 2420 Deum,
611 2349 1250 2422 incomprehensibilem
1280 2365 1468 2402 rerum
1501 2348 1761 2402 omnium
1791 2348 2078 2419 opiﬁcem,

374 2439 503 2496 vita:
541 2438 887 2510 integritate,
922 2439 1172 2493 deorum
1212 2436 1326 2491 sive
1372 2436 1464 2508 (ut
1509 2436 1811 2492 Christiani
1861 2439 2076 2506 vocant)

373 2528 729 2600 Angelorum
759 2527 1044 2594 societate,
1077 2531 1132 2580 et
1159 2526 1528 2596 antiquorum
1561 2541 1852 2580 sacrorum
1883 2525 2077 2597 expia-

377 2617 628 2672 tionibus
649 2633 768 2670 esse
789 2615 1261 2686 perveniendum.
1293 2616 1372 2669 De
1405 2613 1626 2670 Christo
1659 2619 1852 2668 autem
1882 2621 1938 2668 et
1961 2613 2080 2683 Spi-

376 2707 522 2760 ritus
567 2706 714 2760 dono
763 2721 882 2760 non
909 2705 1131 2774 ,audere
1176 2719 1255 2771 se,
1286 2719 1390 2758 nec
1436 2720 1616 2774 posse,
1662 2703 1800 2774 quid
1849 2703 2077 2770 sentiat,

376 2795 728 2866 exprimere;
751 2810 881 2848 cum
904 2794 1119 2848 nullam
1140 2807 1341 2847 eorum
1363 2791 1625 2846 notitiam
1647 2791 1872 2846 habeat.
1900 2793 2081 2863 Rogat

375 2882 553 2954 igitur
581 2882 986 2955 Augustinum,
1019 2887 1082 2937 ut
1108 2881 1217 2936 sibi
1246 2880 1384 2954 quid
1426 2881 1496 2935 de
1533 2880 1622 2934 his
1651 2880 1957 2951 existimet,
1989 2897 2078 2934 rc-

375 2973 620 3026 scribere
649 2973 915 3042 dignetur
943 2974 1143 3041 (Epist.
1183 2973 1310 3040 234,
1341 2987 1396 3024 n.
1436 2974 1506 3038 l).
1547 2971 1620 3024 Ex
1666 2974 1782 3024 tam
1821 2969 2080 3024 felicibus

376 3060 702 3132 primordiis
733 3060 1130 3116 incredibilem
1162 3060 1508 3130 voluptatem
1528 3057 1676 3129 cepit
1702 3058 2078 3130 Augustinus,

376 3151 671 3222 Deumque
714 3155 974 3221 precatus
1010 3155 1116 3212 est,
1151 3153 1214 3202 ut
1244 3147 1446 3218 primis
1486 3153 1735 3201 extrema
1771 3148 2079 3219 responde-

375 3243 524 3292 rent.
559 3240 639 3293 Ne
671 3254 802 3292 vero
824 3237 948 3308 ipse
973 3237 1212 3302 deesset,
1238 3235 1592 3305 Longiuiano
1622 3234 1932 3306 rescripsit,
1963 3251 2081 3290 non

376 3325 704 3396 improbare
733 3342 813 3391 se,
847 3325 1001 3396 quod
1040 3324 1110 3379 de
1151 3323 1374 3380 Christo
1416 3322 1561 3377 nihil
1601 3327 1815 3377 temere
1845 3323 1954 3377 sibi
1981 3339 2079 3378 ne-

375 3414 632 3486 gandum
651 3415 735 3468 vel
757 3412 1164 3468 altirmandum
1184 3417 1439 3482 putasset
1458 3429 1473 3479 ;
1491 3411 1547 3466 id
1570 3427 1748 3466 unum
1771 3428 1975 3482 rogare
1995 3429 2078 3480 se,

375 3508 444 3558 ut
462 3503 752 3570 rescribat,
779 3518 851 3556 an
873 3501 989 3556 illa:
1007 3501 1374 3572 antiquorum
1395 3516 1688 3556 sacrorum
1711 3499 2078 3572 expiationes,

375 3591 446 3647 de
475 3593 684 3663 quibus
728 3591 1089 3662 loquebatur,
1123 3589 1195 3644 ad
1233 3589 1519 3661 integram
1549 3588 1723 3644 vitam
1761 3589 2078 3644 necessario

377 3680 624 3735 debeant
651 3679 940 3746 accedere,
972 3695 1046 3734 an
1090 3677 1247 3732 illius
1291 3693 1476 3732 causa:
1516 3677 1652 3746 sint,
1683 3684 1780 3732 aut
1825 3679 2077 3745 etfectus,

377 3775 476 3824 aut
505 3769 765 3841 quaedam
789 3767 968 3824 veluti
997 3767 1183 3839 portio
1211 3782 1224 3822 :
1249 3767 1466 3822 nodum
1487 3766 1639 3821 hunc
1653 3766 1813 3838 prius
1834 3783 1953 3822 esse
1973 3767 2081 3822 sol-

377 3859 644 3926 vendum,
669 3875 838 3930 quam
864 3858 931 3913 ad
951 3861 1152 3912 caetera
1172 3855 1514 3929 procedatur
1535 3855 1734 3926 (Epist.
1758 3856 1902 3928 235).
1920 3857 2083 3922 Quae-

379 3964 508 4002 nam
540 3949 710 4019 hujus
749 3947 1019 4018 colloquii
1065 3945 1258 4013 series,
1288 3945 1484 4017 quisve
1527 3946 1709 4000 exitus
1747 3943 1942 4014 fuerit,
1975 3962 2081 4000 nos

377 4039 530 4093 latet.
565 4039 832 4093 Libenter
852 4036 996 4090 illud
1017 4036 1088 4090 ad
1121 4042 1365 4104 tempus,
1399 4049 1512 4104 quo
1543 4033 1725 4088 adhuc
1754 4034 1930 4088 laicus
1960 4039 2084 4088 erat

376 4126 751 4197 Augustinus,
783 4123 1146 4189 referremus,
1188 4121 1300 4176 nisi
1345 4120 1733 4192 Longinianus
1782 4138 1915 4176 eum
1963 4122 2079 4177 frc-

377 4221 622 4284 quenter
647 4218 871 4284 patrem
899 4215 1290 4282 nuncuparet;
1320 4209 1475 4281 quod
1503 4225 1620 4263 non
1650 4209 1763 4264 nisi
1792 4210 2080 4283 episcopo,

377 4303 465 4356 vel
495 4301 715 4356 homini
739 4307 908 4355 astate
929 4301 1053 4371 jam
1078 4299 1280 4353 affecta
1311 4298 1532 4352 videtur
1562 4299 1882 4353 convenire.

449 4394 501 4446 3.
545 4390 736 4445 Sancti
767 4387 1023 4444 Doctoris
1051 4387 1292 4454 labores,
1322 4403 1467 4458 quos
1509 4391 1626 4441 tota
1663 4387 1928 4459 deinceps
1972 4387 2082 4442 vita

378 4483 575 4534 contra
603 4479 900 4533 haereticos
946 4494 1050 4550 pro
1077 4477 1294 4533 tuenda
1335 4476 1615 4532 catholica
1659 4477 1769 4532 lide
1809 4478 2079 4549 suscepit,

380 4583 550 4622 nemo
580 4573 666 4622 est
705 4567 806 4638 qui
835 4566 1200 4639 cogitatione,
1231 4565 1442 4622 nedum
1475 4565 1732 4620 oratione
1772 4583 1836 4619 ac
1875 4567 2080 4636 verbis,

382 4657 608 4727 assequi
641 4657 838 4712 valeat.
873 4657 1146 4722 Quasdam
1185 4656 1285 4712 Dei
1313 4655 1526 4710 famula
1557 4654 1835 4726 (Maximus
1868 4671 2082 4710 nomen

381 4747 519 4813 erat)
569 4745 638 4800 ad
676 4762 808 4800 eum
861 4762 924 4801 ex
970 4745 1241 4817 llispania
1287 4746 1525 4800 fortasse
1574 4743 1821 4816 scripsit,
1846 4744 2082 4815 provin-

380 4834 528 4889 ciam
553 4833 614 4890 in
637 4851 754 4906 qua
773 4835 1032 4907 degebat,
1056 4851 1158 4906 per
1179 4836 1382 4890 noxios
1407 4849 1624 4889 errores
1655 4835 1824 4906 longe
1851 4834 2082 4906 lateque

379 4923 613 4978 diffusos
642 4923 888 4995 graviter
917 4924 1243 4996 periclitari.
1278 4925 1451 4980 Suam
1476 4923 1689 4996 pariter
1717 4923 1786 4980 de
1817 4923 2080 4978 lncarna-

381 5011 554 5067 tionis
584 5011 853 5083 mysterio
882 5012 1078 5080 fidem,
1106 5029 1278 5084 quam
1309 5013 1434 5084 ejus
1452 5013 1668 5084 judicio
1691 5012 2079 5080 submitteret,

381 5100 674 5173 exposuit;
706 5106 766 5156 et
802 5100 1228 5156 lucubrationes
1258 5101 1525 5156 adversus
1554 5102 1854 5157 haereticos
1884 5102 1955 5157 ab
1987 5120 2080 5158 eo-

382 5189 889 5261 dem'conscriptas
918 5190 1233 5261 pestulasse
1261 5191 1503 5244 videtur.
1538 5191 1866 5262 Respondet
1893 5196 2082 5263 Augu-

383 5279 584 5346 stinus,
612 5295 738 5334 eam
761 5296 946 5350 posse,
975 5294 1106 5332 cum
1137 5277 1388 5344 libuerit,
1415 5278 1638 5332 mittere
1658 5277 1794 5350 quid
1827 5279 2082 5335 laborum

383 5384 616 5422 suorum
649 5369 922 5440 opuscula
953 5367 1276 5422 describant
1305 5366 1576 5437 (locuples
1605 5367 1758 5421 enim
1784 5368 1958 5422 luisse
1985 5369 2084 5423 illa

385 5457 662 5529 videtur);
693 5458 816 5528 ejus
847 5458 917 5512 de
949 5456 1088 5511 Filio
1120 5456 1220 5510 Dei
1242 5455 1533 5510 incarnato
1563 5455 1735 5512 ﬁdem
1760 5458 2040 5528 approbat
2067 5475 2080 5513 :

386 5552 548 5617 rogat
593 5553 677 5616 ut,
724 5547 770 5602 si
832 5547 1033 5619 possit,
1091 5545 1310 5618 aliquot
1363 5544 1634 5602 horumce
1687 5547 2080 5602 haereticorum

3787 276 3899 329 252

2187 401 2363 455 libros
2400 401 2472 454 ad
2507 415 2565 452 se
2595 398 2821 453 mittere
2865 395 3148 467 dignetur,
3181 412 3295 468 quo
3340 411 3539 450 eorum
3569 394 3899 450 doctrinam

2187 495 2243 542 et
2270 487 2520 559 penitius
2552 503 2740 555 nosse,
2769 491 2828 541 et
2854 486 3142 542 eflicacius
3181 485 3360 556 possit
3400 485 3678 538 refellere.
3719 487 3900 538 Acer-

2185 577 2485 632 bissimum
2533 575 2791 630 dolorem
2840 591 2959 646 prae
2991 591 3050 628 se
3096 575 3207 629 fert
3246 573 3318 627 ob
3367 574 3661 627 hmreseon
3709 572 3902 626 incre-

2184 670 2380 720 menta
2410 681 2422 719 :
2458 681 2520 719 ex
2549 664 2659 718 hoc
2685 669 2878 718 tamen
2908 681 2966 718 se
2993 663 3114 734 ipse
3141 662 3379 729 solatur,
3411 662 3563 732 quod
3588 661 3711 715 haec
3746 662 3900 715 Deus

2185 753 2423 808 minime
2468 752 2847 824 permitteret,
2897 751 3013 806 nisi
3059 752 3244 820 majus
3292 752 3604 804 electorum
3652 766 3896 804 suorum

2185 841 2398 897 bonum
2439 857 2508 896 ex
2544 840 2614 895 iis
2659 841 2826 894 vellet
2863 841 3086 894 elicere.
3133 842 3384 904 Tantum,
3419 838 3626 908 inquit.
3650 855 3735 892 eos
3763 855 3894 906 per-

2183 933 2355 985 mittit
2399 946 2530 998 esse,
2574 934 2837 998 quantum
2890 930 3040 983 novit
3094 928 3370 997 eipedire,
3427 933 3588 996 atque
3641 929 3897 994 sufficere

2184 1019 2532 1074 admouendae
2575 1024 2738 1088 atque
2781 1017 3087 1072 exercenda?
3127 1021 3327 1071 sanctae
3365 1015 3549 1070 domui
3591 1031 3722 1070 suae.
3764 1014 3896 1070 Hec

2183 1113 2424 1164 nostram
2447 1107 2512 1162 de
2532 1108 2643 1162 illis
2675 1107 2958 1160 tristitiam
2979 1106 3284 1160 consolatur
3316 1121 3329 1158 :
3355 1107 3487 1174 quia
3507 1109 3554 1158 ct
3576 1106 3698 1173 ipsa
3720 1105 3897 1157 tristi-

2186 1201 2285 1265 tia,
2317 1213 2479 1268 quam
2505 1212 2607 1266 pro
2645 1196 2754 1250 illis
2782 1194 3059 1262 habemus,
3089 1207 3183 1247 nos
3215 1193 3446 1259 relevat;
3479 1193 3597 1246 illos
3627 1197 3808 1246 autem
3834 1194 3894 1246 in

2183 1303 2282 1342 sua
2327 1287 2682 1356 perversitate
2723 1287 3125 1358 perseverantes
3163 1285 3378 1350 gravat.
3424 1280 3697 1336 Gaudium
3744 1296 3892 1346 vero,

2185 1374 2327 1444 quod
2349 1375 2697 1443 percipimus,
2729 1371 2946 1442 quando
2976 1371 3153 1440 aliqui
3175 1385 3242 1424 ea:
3271 1371 3347 1424 eis
3372 1375 3593 1424 correcti
3615 1371 3673 1424 in
3700 1370 3893 1424 melius

2184 1465 2601 1524 commutantur,
2649 1464 2699 1514 et
2743 1463 3050 1518 sanctorum
3086 1459 3328 1514 societati
3366 1458 3708 1528 copulantur,
3749 1458 3897 1512 nulli

2183 1549 2385 1618 gaudio
2414 1551 2471 1604 in
2500 1550 2600 1604 hac
2626 1550 2742 1603 vita
2770 1549 3080 1618 comparari
3098 1552 3291 1618 potest.
3329 1547 3476 1602 Unde
3503 1551 3552 1601 et
3579 1549 3894 1602 maestitiam

2185 1642 2333 1692 tuam
2360 1635 2425 1690 de
2469 1635 2690 1702 talibus,
2721 1641 2772 1690 et
2811 1636 3157 1702 vigilantiam
3185 1639 3348 1704 atque
3387 1635 3656 1689 cautelam
3700 1640 3895 1690 contra

2186 1727 2338 1791 tales,
2371 1741 2535 1794 quam
2562 1727 2668 1779 tuis
2700 1725 2892 1780 litteris
2929 1725 3269 1794 expressisti,
3301 1725 3531 1778 multum
3567 1723 3812 1794 approbo
3843 1729 3895 1778 et

2185 1814 2348 1868 laudo
2380 1830 2392 1867 :
2427 1819 2589 1882 atque
2627 1817 2688 1868 ut
2717 1815 2776 1868 in
2811 1813 2910 1868 hac
2944 1815 3036 1867 via
3059 1816 3465 1882 perseveranter
3499 1812 3759 1880 ambules,
3786 1828 3895 1882 pro

2184 1905 2313 1957 meis
2338 1903 2567 1969 viribus,
2600 1904 2732 1972 quia
2761 1903 2856 1957 hoc
2885 1903 3081 1970 exigis,
3113 1906 3162 1957 et
3192 1903 3375 1956 hortor
3408 1906 3457 1956 et
3483 1917 3666 1956 moneo
3699 1908 3761 1956 ut
3787 1904 3894 1956 mi-

2185 1993 2413 2046 serearis
2456 2007 2635 2046 eorum
2680 1997 2942 2061 tanquam
2993 1991 3225 2060 simplex
3268 1995 3324 2044 ut
3373 1989 3646 2057 columba;
3697 2005 3893 2045 caccas

2185 2085 2364 2135 autem
2389 2081 2508 2136 illos
2548 2085 2810 2150 tanquam
2846 2084 3030 2135 astuta
3063 2082 3204 2135 sicut
3241 2093 3486 2148 serpens;
3527 2078 3723 2149 desque
3761 2095 3891 2149 ope-

2185 2181 2326 2235 ram,
2370 2172 2635 2238 quantum
2665 2173 2840 2239 potes,
2887 2172 2946 2222 ut
2988 2169 3086 2239 qui
3129 2168 3231 2222 tibi
3266 2167 3562 2235 adhaerent,
3612 2171 3783 2222 tecum
3832 2170 3893 2223 in

2186 2263 2332 2312 recta
2352 2258 2459 2327 [ide
2486 2264 2860 2328 permaneant,
2892 2263 2988 2312 aut
3027 2258 3101 2311 ad
3126 2258 3286 2328 ﬁdem
3323 2262 3545 2326 rectam,
3582 2259 3632 2311 si
3657 2258 3800 2324 forte
3832 2259 3892 2310 in

2186 2347 2369 2415 aliquo
2407 2347 2584 2415 aliqui
2625 2347 2912 2416 depravati
2946 2351 3092 2413 sunt,
3127 2349 3471 2415 corrigantur
3501 2346 3697 2416 (Epist.
3736 2346 3888 2415 264).

2255 2437 2308 2490 4.
2356 2435 2623 2490 Geminos
2687 2435 2863 2490 libros
2926 2440 3122 2490 contra
3171 2435 3554 2489 adversarium
3611 2435 3774 2507 Legis
3831 2440 3892 2490 et

2186 2524 2604 2594 Prophetarum
2633 2524 2841 2579 directe
2870 2524 3138 2580 adversus
3167 2523 3547 2579 Marcionistas
3577 2527 3633 2578 et
3660 2523 3802 2578 alios
3831 2523 3888 2578 id

2186 2628 2367 2681 genus
2395 2613 2694 2666 hwreticos
2722 2613 3072 2684 conscripsit.
3113 2614 3251 2667 Eum
3291 2616 3486 2666 contra
3517 2599 3886 2667 Priscilliani-

2187 2706 2299 2755 stas
2331 2701 2606 2771 llispanos
2637 2702 2706 2756 ad
2731 2701 3013 2768 Orosium,
3039 2701 3109 2756 ad
3133 2700 3500 2757 Consentium
3521 2705 3576 2756 et
3601 2699 3890 2756 Ccretium

2187 2789 2475 2861 scripsisse
2517 2790 2837 2845 videbimus
2879 2790 3136 2846 inferius.
3170 2791 3232 2845 In
3279 2790 3481 2845 eodem
3507 2789 3576 2844 ad
3624 2789 3892 2845 Orosium

2187 2877 2332 2932 libro
2362 2877 2546 2932 varios
2585 2895 2805 2933 errores
2835 2879 3067 2950 Origeni
3097 2879 3396 2934 attributos
3424 2879 3746 2950 impugnat.
3782 2881 3894 2934 No-

2187 2965 2544 3020 vatianorum
2576 2965 2808 3022 haeresis
2848 2972 2968 3022 erat
3003 2972 3138 3022 tunc
3176 2967 3450 3038 temporis
3486 2967 3548 3022 in
3585 2966 3893 3022 Occidente

2187 3055 2509 3109 communis
2564 3058 2619 3109 et
2670 3060 2994 3126 pervagata.
3050 3055 3192 3111 Cum
3243 3056 3572 3112 Seleuciana
3625 3061 3892 3112 matrona

2187 3159 2475 3199 sermones
2505 3159 2634 3198 cum
2684 3144 2901 3217 aliquo,
2932 3145 3033 3218 qui
3078 3162 3136 3201 se
3183 3147 3357 3218 hujus
3399 3161 3519 3200 esse
3549 3150 3713 3201 sectas
3743 3145 3893 3201 dice-

2186 3233 2302 3300 bat,
2353 3233 2703 3300 contulisset,
2751 3251 3000 3306 eumque
3049 3234 3268 3291 Christo
3315 3234 3526 3290 lucrari
3576 3239 3887 3306 expeteret,

2186 3321 2571 3392 Augustinum
2601 3322 2839 3394 rogavit,
2871 3329 2936 3378 ut
2964 3323 3230 3396 quaedam
3273 3322 3359 3378 illi
3396 3323 3739 3379 documenta
3766 3329 3890 3379 tra-

2188 3409 2323 3464 dere
2353 3409 2706 3483 dignaretur.
2737 3411 2917 3466 Simul
2959 3412 3030 3468 ad
3072 3427 3205 3467 eum
3235 3411 3480 3484 scripsit,
3511 3413 3665 3468 hunc
3701 3413 3888 3468 Nova-

2187 3499 2411 3554 tianum
2458 3501 2678 3555 nullam
2726 3500 2837 3556 nisi
2895 3505 3028 3557 ante
3072 3501 3431 3573 Baptismum
3491 3501 3889 3573 paenitentiam

2189 3605 2522 3660 agnoscere;
2546 3594 2718 3662 atque
2739 3589 2910 3645 etiam
2930 3591 3293 3653 contendere,
3323 3593 3554 3646 Petrum
3577 3606 3697 3645 non
3711 3590 3890 3645 fuisse

2187 3677 2559 3748 baptizatum.
2595 3680 2835 3734 Credere
2873 3679 3089 3750 pariter
3123 3679 3439 3746 videbatur,
3471 3678 3774 3751 neophytis
3801 3679 3890 3734 in-

2186 3767 2412 3822 terdqu
2442 3766 2770 3839 impositam
2798 3767 2971 3823 fuisse
2999 3767 3071 3822 ab
3098 3768 3406 3839 Apostolis,
3441 3767 3714 3839 Baptismi
3739 3767 3889 3834 loco,

2187 3855 2602 3927 pmnitentiam.
2627 3858 2762 3922 Qua:
2794 3861 2987 3914 tamen
3012 3873 3128 3911 non
3148 3862 3269 3912 erat
3295 3857 3741 3912 Novatianorum
3766 3873 3891 3911 sen-

2188 3945 2390 4002 tentia.
2431 3945 2738 4018 Rescripsit
2766 3946 2936 4017 igitur
2964 3947 3035 4002 ad
3064 3945 3459 4002 Seleucianam
3491 3946 3848 4018 Augustinus
3877 3962 3891 4000 :

2187 4039 2242 4088 et
2274 4033 2370 4088 ubi
2395 4033 2698 4106 triplicem,
2724 4051 2896 4107 quam
2917 4036 3175 4107 agnoscit
3196 4035 3460 4102 Ecclesia,
3489 4035 3893 4108 paenitentiam

2186 4123 2382 4194 paucis
2413 4124 2696 4195 probavit,
2741 4126 2973 4180 uberius
3021 4125 3268 4180 ostendit
3295 4127 3522 4180 nullum
3561 4141 3682 4179 esse
3723 4124 3892 4179 dubi-

2189 4212 2350 4267 tandi
2377 4213 2589 4281 locum,
2623 4213 2764 4286 quin
2789 4216 2990 4270 Petrus
3018 4213 3341 4285 baptizatus
3365 4213 3557 4269 fuerit.
3591 4212 3770 4285 Hujus
3798 4230 3897 4268 au-

2188 4305 2304 4356 tem
2354 4302 2600 4373 apostoli
2654 4305 2978 4375 exemplum
3024 4303 3096 4358 ad
3153 4303 3510 4376 probandam
3556 4302 3896 4357 canonicam

2189 4389 2318 4462 post
2341 4397 2668 4462 susceptum
2702 4393 2988 4463 Baptisma
3012 4392 3412 4463 pamitentiam
3441 4407 3558 4448 non
3583 4392 3704 4446 vult
3735 4391 3898 4447 adhi-

2189 4479 2311 4534 beri
2339 4479 2546 4550 (Epist.
2578 4480 2726 4550 265).

2259 4571 2310 4624 5.
2355 4568 2615 4636 Hmresis,
2649 4570 2810 4640 cujus
2852 4569 3076 4625 celeber
3118 4569 3215 4625 ille
3261 4568 3645 4625 Tertullianus
3683 4585 3894 4640 parens

2189 4657 2392 4724 fuerat,
2437 4661 2494 4712 et
2541 4674 2670 4729 quae.
2726 4658 2912 4730 reipsa
2962 4659 3516 4714 Tertullianistarum
3569 4657 3888 4725 dicebatur,

2191 4747 2375 4802 adhuc
2400 4763 2518 4802 asvo
2544 4747 2849 4818 Augustini
2879 4748 3220 4819 Carthagine
3247 4747 3471 4820 vigebat
3495 4765 3508 4804 :
3533 4763 3732 4802 verum
3755 4763 3888 4802 cum

2189 4834 2468 4906 paulatim
2496 4834 2698 4890 fuisset
2717 4835 3032 4904 debilitata,
3066 4837 3299 4892 tandem
3319 4837 3541 4908 aliquot
3569 4835 3736 4891 annis
3762 4841 3897 4891 ante

2190 4923 2413 4979 obitum
2445 4924 2703 4995 ejusdem
2727 4925 2910 4980 sancti
2936 4925 3203 4982 Praesulis
3232 4925 3462 4998 penitus
3483 4925 3757 4981 exstincta
3785 4930 3894 4979 est.

2191 5015 2334 5069 Cum
2365 5013 2518 5069 enim
2547 5015 2898 5087 Augustinus
2929 5019 3074 5070 esset
3105 5015 3463 5088 Carthagine,
3494 5015 3661 5087 pauci
3691 5013 3894 5070 admo-

2190 5103 2328 5158 dum
2353 5102 2450 5176 qui
2479 5109 2816 5175 supererant
2843 5104 3304 5175 Teitullianistaz,
3327 5105 3477 5159 illius
3499 5103 3697 5175 procul
3719 5103 3897 5159 dubio

2190 5192 2527 5262 hortatibus,
2565 5194 2636 5248 ad
2683 5193 2943 5248 Ecclesia“:
2988 5194 3282 5249 catholicas
3324 5193 3604 5248 unitatem
3652 5192 3897 5263 reducti,

2190 5281 2501 5350 basilicam,
2535 5299 2708 5354 quam
2757 5284 3030 5338 hactenus
3076 5287 3395 5346 tenuerant,
3441 5283 3500 5336 in
3543 5281 3800 5337 Ecclesiae
3840 5289 3896 5337 et

2190 5371 2408 5425 Aurelii
2459 5372 2717 5444 episcopi
2762 5389 2968 5428 manus
3021 5373 3380 5434 tradiderunt
3430 5372 3523 5444 (De
3567 5373 3895 5439 llacresibus,

2192 5462 2320 5514 hwr.
2355 5462 2463 5528 8'7).

2263 5548 2448 5604 Aliam
2503 5549 2769 5606 haeresim
2827 5549 2887 5606 in
2943 5550 3297 5624 Hipponensi
3352 5555 3534 5610 tractu
3575 5553 3742 5606 astate
3780 5551 3896 5605 Au-
