4060 6368
187 310 297 362 253

188 427 433 499 gustini,
458 433 516 483 et
551 429 737 501 ipsam
762 444 991 502 quoque
1020 430 1143 502 ejus
1166 430 1322 486 haud
1350 432 1522 488 dubie
1554 433 1895 500 ministerio,

186 518 425 573 tametsi
455 518 512 573 id
558 523 786 573 sanctus
833 518 1142 591 Episcopus
1186 536 1304 594 prae
1346 521 1625 577 modestia
1673 522 1900 578 silentio

184 611 519 678 praetereat,
552 608 701 662 Deus
736 607 1029 675 exstinxit;
1065 608 1135 664 de
1184 626 1298 681 qua
1343 609 1439 666 ille
1485 611 1606 666 hare
1653 611 1711 665 in
1753 612 1899 667 libro

184 696 264 751 de
299 696 617 751 Hzeresibus
639 697 810 753 refert
838 712 851 751 :
882 700 982 754 Est
1011 699 1257 767 quedam
1289 701 1505 755 heresis
1532 704 1814 756 rusticana
1840 705 1900 756 in

183 800 383 854 campo
420 788 620 853 nostro,
650 785 712 838 id
747 789 827 840 est
854 788 1208 855 Hipponensi,
1240 790 1325 842 vel
1347 792 1532 859 potius
1572 792 1723 857 fuit:
1754 806 1898 861 pau-

185 874 351 927 latim
375 875 519 928 enim
548 873 837 941 diminuta,
874 877 934 928 in
961 891 1071 929 una
1096 879 1296 944 exigua
1318 879 1450 932 villa
1468 884 1820 949 remanserat,
1842 882 1899 934 in

184 983 305 1037 qua
350 968 569 1038 quidem
612 971 952 1038 paucissimi,
997 970 1091 1024 sed
1137 985 1315 1026 omnes
1360 973 1456 1027 hoc
1497 974 1752 1043 fuerunt;
1803 975 1903 1043 qui

184 1071 371 1111 omnes
400 1056 555 1111 modo
583 1059 810 1112 correcti
836 1063 886 1113 et
913 1059 1178 1115 Catholici
1200 1061 1343 1128 facti
1384 1066 1531 1130 sunt,
1562 1077 1655 1117 nec
1694 1063 1900 1132 aliquis

182 1146 347 1200 illius
373 1146 677 1216 supersedit
723 1148 943 1202 erroris.
996 1147 1248 1202 Abelonii
1290 1150 1639 1213 vocabantur,
1695 1153 1899 1207 Punica

184 1232 550 1288 declinatione
577 1236 831 1289 nominis.
870 1237 977 1290 Hos
1022 1237 1271 1290 nonnulli
1311 1236 1499 1293 dicunt
1528 1255 1594 1292 ea:
1622 1240 1734 1308 filio
1764 1240 1899 1297 Adae

182 1322 367 1387 fuisse
388 1324 709 1389 nominatos,
743 1326 843 1393 qui
874 1327 952 1378 est
980 1329 1197 1380 vocatus
1224 1324 1361 1380 Abel
1392 1341 1405 1380 :
1436 1327 1578 1381 unde
1608 1328 1898 1384 Abelianos

184 1411 276 1465 vel
306 1410 582 1466 Abeloitas
607 1426 691 1467 eos
719 1427 815 1467 nos
839 1427 1125 1483 possumus
1155 1414 1347 1469 dicere.
1382 1417 1500 1471 Non
1536 1416 1900 1473 miscebantur

184 1500 458 1554 uxoribus
492 1516 506 1554 :
537 1504 588 1556 et
612 1502 686 1555 eis
716 1506 892 1555 tamen
912 1503 1027 1557 sine
1054 1502 1315 1558 uxoribus
1338 1504 1532 1573 virere,
1553 1509 1705 1560 sectae
1723 1507 1897 1576 ipsius

184 1588 443 1657 dogmate
460 1603 567 1644 non
596 1590 809 1644 licebat.
842 1592 960 1645 Mas
980 1606 1103 1659 ergo
1133 1595 1186 1646 et
1211 1592 1418 1657 femina
1441 1592 1539 1646 sub
1560 1595 1899 1649 continentiae

178 1680 527 1748 professione
571 1679 733 1733 simul
774 1679 1102 1749 habitantes,
1142 1695 1370 1749 puerum
1417 1685 1467 1735 et
1505 1682 1743 1751 puellam
1788 1684 1897 1737 sibi

184 1765 535 1836 adoptabant
564 1769 620 1821 in
650 1767 888 1837 ejusdem
934 1768 1327 1837 conjunctionis
1374 1774 1530 1839 pacto
1573 1784 1896 1826 successores

182 1869 318 1910 suos
344 1856 581 1922 futuros.
615 1857 786 1910 Morte
829 1858 1117 1926 praeventis
1164 1856 1466 1927 quibusque
1516 1860 1748 1925 singulis
1795 1860 1899 1913 alii

182 1943 660 2014 subrogabantur;
696 1943 825 1998 dum
855 1950 1030 1999 tamen
1057 1945 1163 1999 duo
1193 1945 1399 2001 duobus
1446 1946 1689 2016 disparis
1735 1962 1895 2003 scmus

186 2032 251 2083 in
284 2031 435 2084 illius
475 2031 663 2086 domus
702 2034 949 2087 societate
992 2034 1348 2089 succederent.
1399 2036 1659 2090 Utrolibet
1696 2034 1897 2106 quippe

176 2124 416 2189 parente
446 2118 717 2185 defuncto,
747 2136 856 2173 una
890 2124 1207 2189 remanenti,
1239 2137 1406 2192 usque
1433 2124 1509 2177 ad
1545 2124 1660 2193 ejus
1689 2139 1898 2195 quoque

183 2209 399 2261 obitum
439 2208 544 2277 ﬁlii
582 2210 904 2264 seruiebant.
956 2214 1079 2265 Post
1115 2211 1269 2281 cujus
1315 2216 1536 2266 mortem
1576 2215 1739 2267 etiam
1786 2214 1898 2283 ipsi

180 2310 418 2368 puerum
448 2301 500 2351 et
540 2298 777 2366 puellam
821 2299 1073 2353 similiter
1106 2299 1443 2369 adoptabant
1474 2315 1487 2353 :
1518 2315 1610 2354 nec
1656 2316 1896 2371 unquam

184 2387 269 2439 eis
295 2385 475 2452 defuit
502 2386 645 2440 unde
675 2386 1018 2457 adoptarent,
1067 2388 1448 2455 generantibus
1478 2390 1896 2459 circumquaque

183 2475 408 2543 vicinis,
444 2477 494 2529 et
519 2474 664 2546 ﬁlios
686 2489 808 2530 suos
838 2478 1022 2546 inopes
1050 2476 1126 2530 ad
1161 2491 1309 2547 spem
1342 2476 1677 2532 hereditatis
1707 2479 1898 2533 alienas

185 2562 423 2617 libenter
449 2563 708 2619 dantibus
739 2563 945 2635 (lbid.).
978 2563 1115 2629 Quae
1144 2580 1278 2619 vero
1304 2570 1502 2620 contra
1532 2565 1893 2636 Maniehteos,

186 2650 517 2707 Donatistas
568 2655 626 2706 et
670 2652 1007 2723 Pelagianos
1036 2653 1346 2725 scripserit,
1367 2653 1603 2726 reliquie
1639 2654 1894 2710 historias

184 2739 370 2795 series
396 2740 674 2796 edocebit.
707 2741 843 2806 Quae
884 2741 1101 2812 pariter
1139 2743 1407 2797 adversus
1444 2743 1682 2798 Arianos
1724 2743 1894 2800 variis

185 2822 550 2894 temporibus
578 2823 943 2893 elucubrarit,
975 2824 1080 2880 sub
1111 2828 1430 2880 extremum
1451 2825 1580 2880 vitae
1601 2825 1753 2880 illius
1773 2843 1896 2882 cur-

185 2911 441 2968 riculum
472 2911 829 2984 colligemus.

878 3001 1106 3057 CAPUT
1143 3003 1206 3058 X.

189 3093 245 3146 l.
276 3089 411 3147 Cum
433 3090 785 3145 Proculeiano
825 3092 1071 3161 episcopo
1099 3091 1436 3161 Hipponensi
1472 3092 1756 3146 Donatista
1783 3091 1890 3147 col-

262 3179 417 3248 loqui
444 3183 633 3234 tentat.
665 3180 700 3233 2
730 3181 843 3234 Hac
867 3179 935 3234 de
960 3196 1019 3234 re
1039 3180 1230 3235 scribit
1247 3179 1323 3234 ad
1344 3180 1655 3237 Eusebium.
1680 3180 1895 3250 3Apud

260 3266 506 3323 eumdem
534 3267 897 3337 conqueritur,
930 3268 1183 3339 juvenem
1228 3270 1422 3324 matris
1465 3283 1576 3324 suae
1607 3283 1894 3339 percusso-

260 3371 379 3410 rem
409 3372 444 3410 a
472 3358 819 3412 Proculeiano
857 3361 1145 3428 receptum,
1179 3359 1314 3412 etin
1341 3359 1493 3413 illius
1530 3362 1694 3428 parte
1731 3358 1896 3413 reba-

258 3446 550 3515 ptizatum.
584 3447 616 3499 4
646 3448 714 3499 De
744 3447 922 3499 Primo
965 3461 1175 3515 quoque
1217 3446 1542 3501 subdiacono
1581 3448 1890 3516 Spaniensi,

261 3535 477 3588 homine
517 3536 807 3603 ﬂagitiosa,
857 3551 889 3588 a
926 3537 1221 3590 Donatistis
1261 3536 1600 3605 rebaptizato
1639 3540 1894 3605 expostu-

263 3623 365 3677 lat.
389 3626 419 3677 5
444 3624 650 3679 Valerii
668 3626 904 3694 episcopi
922 3623 1122 3679 obitus.
1154 3627 1186 3679 6
1210 3624 1303 3679 Ad
1321 3625 1647 3681 Casulanum
1665 3624 1894 3695 presby-

261 3714 438 3765 terum
463 3706 531 3765 de'
547 3712 761 3780 jejunio
788 3713 1041 3766 rescribit
1064 3713 1434 3780 Augustinus.

265 3802 317 3854 t.
369 3799 493 3853 lam
525 3799 870 3869 notavimus,
922 3800 1226 3855 Ecclesiam
1277 3800 1700 3871 Hipponensem
1747 3797 1894 3853 sebi.

181 3892 374 3943 smate
421 3888 842 3943 Donatistarum
873 3889 1043 3943 fuisse
1071 3888 1328 3944 divisam.
1364 3888 1458 3943 His
1484 3888 1636 3960 apud
1683 3887 1894 3958 Hippo-

181 3992 323 4032 nem
356 3975 653 4048 episcopus
683 3981 804 4031 crat
833 3976 1254 4044 Proculeianus,
1287 3993 1459 4048 quem
1502 3975 1641 4030 satis
1676 3975 1897 4030 colebat

180 4064 566 4134 Augustinus,
625 4079 755 4118 cum
808 4067 1043 4135 pr0pter
1083 4063 1261 4134 ipsius
1306 4065 1574 4118 humanas
1616 4062 1896 4119 societatis

182 4153 507 4218 vinculum,
541 4151 693 4223 quod
733 4151 932 4205 ambos
980 4151 1300 4222 copulabat,
1344 4156 1469 4206 tum
1517 4151 1671 4223 quod
1718 4150 1779 4205 in
1826 4166 1895 4204 eo

181 4239 472 4295 nonnulla
500 4238 737 4310 placida:
765 4238 973 4294 mentis
1003 4238 1213 4294 indicia
1242 4240 1580 4305 relucerent,
1627 4243 1684 4294 et
1710 4239 1835 4310 ejus
1863 4256 1896 4294 a

180 4325 481 4403 plerisque
511 4327 923 4399 praedicaretur
945 4328 1290 4384 humanitas.
1340 4328 1448 4383 Diu
1475 4333 1668 4383 tamen
1697 4331 1892 4400 Augu-

182 4418 395 4477 stinus.
428 4433 494 4471 ex
517 4433 632 4489 quo
652 4421 873 4471 creatus
901 4421 986 4471 est
1014 4416 1332 4489 episcopus,
1356 4417 1505 4489 apud
1538 4432 1670 4472 eum
1696 4418 1891 4484 tacuit,

183 4511 348 4562 ratus
376 4521 741 4577 congressum
773 4521 941 4560 suum
972 4508 1029 4559 et
1058 4505 1409 4577 colloquium
1440 4506 1512 4560 ab
1541 4521 1608 4561 eo
1625 4506 1895 4561 detrecto.

182 4594 259 4649 ri.
295 4594 504 4648 Vemm
533 4609 663 4648 cum
702 4609 833 4647 casu
863 4598 1065 4665 postea
1094 4593 1442 4665 contigisset,
1475 4598 1539 4648 ut
1570 4594 1813 4650 Evodius
1839 4598 1895 4648 et

187 4682 601 4738 Proculeianus
623 4682 682 4736 in
715 4683 975 4737 eamdem
1004 4682 1684 4749 domum’convenissent,
1706 4698 1893 4737 sermo

181 4772 342 4827 inter
369 4786 463 4825 eos
492 4771 562 4825 de
609 4787 706 4842 spe
746 4771 1018 4834 ﬁdelium,
1060 4770 1167 4825 hoc
1211 4774 1314 4838 est,
1360 4771 1430 4825 de
1460 4771 1789 4826 hmreditate
1820 4775 1876 4826 et

187 4859 435 4917 Ecclesia
476 4860 682 4915 Christi
718 4865 877 4915 ortus
922 4864 1025 4914 est.
1066 4860 1216 4915 Tum
1248 4858 1510 4925 Evodius,
1552 4859 1653 4931 qui
1688 4875 1748 4915 se
1775 4874 1891 4916 non

185 4950 571 5015 adutatorem,
604 4948 699 5004 sed
741 4948 1014 5017 veritatis,
1062 4948 1224 5019 cujus
1264 4947 1710 5003 studiosissimus
1748 4952 1890 5015 erat,

193 5042 686 5111 propugnatorem
739 5053 861 5092 esse
915 5037 1199 5109 cupiebat,
1257 5036 1315 5092 id
1370 5037 1513 5091 forte
1559 5036 1891 5098 ferventius,

188 5143 366 5201 quam
417 5127 823 5181 Proculeianus
850 5127 1039 5194 vellet,
1088 5126 1196 5181 fuit
1241 5129 1539 5181 exsecutus
1571 5142 1585 5181 :
1620 5124 1891 5180 Evodium

190 5216 349 5270 enim
396 5213 505 5269 sibi
554 5215 961 5269 contumeliose
1006 5215 1362 5287 respondisse
1411 5214 1506 5269 ille
1549 5220 1894 5287 conquestus

187 5311 295 5361 est.
327 5304 712 5360 Nihilominus
742 5303 1103 5375 signiﬁcavit,
1123 5305 1267 5360 velle
1298 5321 1378 5372 se,
1410 5319 1600 5359 coram
1626 5304 1893 5375 gravibus

186 5399 247 5449 et
276 5394 531 5449 honestis
560 5393 712 5457 viris,
746 5408 876 5447 eum
913 5393 1233 5464 Augustino
1263 5394 1519 5448 conferre
1563 5408 1884 5447 sermones.

184 5483 372 5548 Quam
401 5482 558 5537 illius
586 5480 923 5537 sententiam
968 5496 1033 5535 ac
1074 5481 1428 5536 voluntatem
1459 5480 1703 5535 Evodius
1749 5496 1893 5551 gau-

188 5570 333 5627 dens
373 5569 693 5643 Augustino
738 5568 1010 5624 indicavit
1039 5584 1053 5624 :
1084 5569 1182 5642 qui
1227 5585 1357 5626 cum
1386 5585 1510 5626 eam
1543 5586 1657 5625 non
1702 5568 1894 5625 minus

1652 315 1857 372 LIBER
1897 317 2234 381 QUARTUS.

3593 328 3700 384 234

2009 435 2252 489 libenter
2296 434 2621 506 accepisset,
2671 437 2919 493 oblatam
2958 437 3064 493 sibi
3093 457 3124 494 a
3152 442 3520 499 Proculeiano
3560 446 3706 500 arri-

2008 523 2133 594 puit
2164 524 2518 580 occasionem
2545 525 2884 581 discutiendi
2909 543 3134 583 causam
3161 534 3219 585 et
3247 531 3530 602 originem
3551 533 3704 589 illius

2008 612 2254 668 luctuosi
2284 612 2623 678 schismatis,
2655 615 2812 686 quod
2842 619 2898 669 et
2921 615 3166 671 familias
3195 622 3252 672 et
3281 634 3552 689 personas
3573 638 3705 676 con-

2001 700 2391 770 junctissimas
2422 701 2741 757 miserrima
2770 703 3096 759 discissione
3134 706 3427 763 turbabat.
3469 708 3706 764 Litteras

2007 789 2185 861 igitur
2212 789 2529 845 honestatis
2577 795 2629 845 et
2674 792 3085 848 benevolentiae
3124 794 3322 864 plenas
3370 796 3591 868 scripsit
3634 798 3704 852 ad

2008 877 2468 944 Proculeianum,
2501 878 2557 932 in
2584 879 2791 951 quibus
2822 880 2915 935 ubi
2947 881 3139 936 Evodii
3168 882 3449 939 fervorem
3477 901 3705 941 excusa-

2006 965 2109 1033 vit,
2145 966 2501 1040 asseruitque
2538 984 2734 1022 cavere
2775 985 2832 1023 se
2856 986 2928 1023 ne
2965 971 3136 1025 verbo
3168 973 3494 1044 quempiam
3518 974 3703 1041 laedat,

2006 1055 2294 1126 promittit
2317 1072 2376 1111 se
2407 1061 2707 1112 venturum
2753 1059 2821 1113 ad
2864 1060 3213 1133 colloquium
3244 1078 3434 1117 coram
3463 1062 3534 1117 iis
3563 1080 3707 1136 quos

2006 1144 2413 1199 Proculeianus
2455 1145 2575 1218 ipse
2619 1146 2912 1219 delegerit,
2964 1150 3135 1204 modo
3183 1150 3484 1224 utriusque
3531 1152 3706 1207 verba

2005 1231 2136 1287 stilo
2167 1232 2553 1305 excipiantur:
2589 1240 2704 1303 aut,
2737 1236 2783 1290 si
2812 1238 3014 1308 placet,
3046 1237 3203 1309 prius
3227 1255 3333 1310 per
3356 1239 3700 1311 singularem

2005 1334 2395 1391 congressum,
2428 1326 2529 1376 aut
2554 1323 2724 1377 etiam
2768 1339 2874 1395 pcr
2919 1325 3218 1396 epistolas;
3273 1327 3585 1382 dummodo
3614 1327 3701 1383 vel

2005 1408 2274 1481 colloquii
2312 1414 2457 1473 acta,
2489 1412 2575 1466 vel
2601 1417 2816 1467 mutua:
2847 1414 3053 1470 litteris.
3082 1415 3344 1487 plebibus
3369 1416 3698 1483 recitentur,

2002 1500 2069 1550 ut
2096 1496 2402 1569 aliquando
2433 1515 2548 1554 non
2577 1501 2790 1571 plebes,
2824 1503 2921 1557 sed
2950 1504 3109 1575 plebs
3138 1520 3250 1558 una
3280 1509 3335 1559 et
3355 1504 3594 1561 Ecclesia
3623 1505 3704 1560 di-

2003 1588 2182 1640 catur.
2217 1587 2275 1642 ld
2306 1586 2462 1642 enim
2493 1589 2713 1644 Valerio
2739 1595 2860 1646 tum
2890 1592 3109 1647 absenti
3138 1598 3366 1665 gratum
3398 1595 3519 1649 fore
3540 1594 3705 1666 polli-

2002 1678 2180 1728 cctur.
2217 1675 2455 1746 Reliqua
2481 1677 2717 1747 epistola
2747 1680 3182 1735 Proculeianum
3203 1685 3327 1736 orat
3349 1686 3519 1752 atque
3545 1682 3703 1736 obsc-

2005 1766 2139 1825 crat,
2162 1766 2221 1817 ut
2243 1763 2496 1819 studium
2530 1766 2682 1837 pacis
2711 1766 2936 1822 caducis
2963 1769 3279 1823 honoribus
3304 1772 3359 1823 et
3387 1770 3700 1824 commodis

2003 1854 2331 1921 anteponat.
2366 1853 2523 1916 Quod
2554 1855 2697 1909 forte
2724 1855 2948 1922 dixerit,
2989 1856 3121 1927 quia
3152 1858 3406 1911 nondum
3440 1858 3702 1912 Africana

2006 1938 2248 1992 Ecclesia
2278 1939 2622 2007 decreverat,
2654 1943 2950 2014 episcopus
2986 1944 3304 1999 Donatistae
3351 1945 3410 1999 in
3457 1945 3700 2017 gradum

2005 2042 2172 2082 suum
2203 2027 2525 2082 admittere.
2563 2030 2955 2101 Presbyterne,
2988 2047 3059 2085 an
3092 2031 3393 2103 episcopus
3419 2038 3563 2088 esset
3592 2036 3701 2088 Au-

2006 2115 2289 2186 gustinus,
2332 2130 2463 2169 cum
2511 2116 2655 2171 hanc
2697 2118 2997 2189 epistolam
3040 2120 3281 2191 scripsit,
3323 2136 3441 2175 non
3484 2121 3690 2194 liquet;

2007 2206 2147 2259 Vero
2171 2204 2412 2259 similius
2443 2210 2635 2259 tamen
2666 2206 3010 2261 arbitramur
3037 2210 3150 2275 iam
3199 2213 3320 2264 tum
3370 2210 3700 2282 episcopum

2003 2293 2204 2357 fuisse,
2236 2292 2307 2347 ob
2337 2293 2393 2349 id
2423 2294 2670 2349 maxime
2698 2296 2847 2367 quod
2882 2296 2951 2350 de
2979 2297 3291 2352 honoribus
3329 2297 3544 2354 ibidem
3566 2299 3703 2354 scri~

2003 2381 2109 2443 bit,
2144 2381 2353 2454 quibus
2379 2398 2510 2437 eum
2541 2383 3039 2455 prosequebantur
3063 2384 3349 2462 homines,
3367 2402 3558 2442 causas
3573 2402 3701 2443 suas

1999 2472 2308 2537 saeculares,
2341 2471 2550 2543 inquit,
2581 2472 2733 2541 apud
2756 2488 2852 2527 nos
2878 2475 3036 2542 ﬁnire
3060 2476 3349 2544 cupientes,
3379 2476 3596 2546 quando
3624 2480 3703 2533 eis

2002 2562 2296 2614 necessarii
2318 2562 2586 2628 fuerimus
2610 2577 2622 2615 :
2645 2547 2743 2631 pro
2763 2562 2957 2631 quibus
2986 2562 3143 2616 rebus
3173 2564 3414 2633 quotidie
3440 2565 3702 2622 submisso

2000 2650 2179 2717 capite
2205 2649 2510 2721 salutamur
2540 2649 2736 2719 (Epist.
2788 2651 2901 2719 33).
2944 2650 3041 2704 Vix
3072 2649 3226 2706 enim
3251 2652 3568 2723 comperire
3595 2657 3700 2721 est,

2001 2735 2073 2790 iis
2110 2736 2210 2808 qui
2239 2740 2463 2792 tantum
2487 2738 2805 2809 presbyteri
2834 2743 3042 2808 essent,
3069 2739 3161 2811 jus
3193 2739 3365 2794 fuisse
3388 2742 3618 2814 negotia
3646 2748 3703 2798 ct

2000 2825 2415 2880 controversias
2437 2825 2763 2882 dirimendi.
2789 2827 2950 2881 Certe
2980 2827 3215 2898 quidem
3244 2843 3375 2884 cum
3398 2829 3542 2885 illud
3570 2835 3702 2886 ante

2001 2913 2326 2985 contigerit,
2358 2929 2531 2986 quam
2552 2912 2857 2985 epistolam
2900 2915 2971 2969 ad
3002 2914 3309 2971 Eusebium
3338 2916 3606 2987 primam,
3637 2918 3701 2976 in

2001 3018 2114 3075 qua
2144 3017 2202 3056 se
2224 3002 2409 3057 adhuc
2428 3002 2672 3057 tironem
2694 3003 3025 3074 episcopum
3050 3005 3354 3059 conﬁtetur
3380 3006 3582 3078 (Epist.
3607 3009 3693 3076 34,

2000 3106 2059 3144 n.
2091 3089 2166 3161 6),
2199 3089 2484 3152 scriberet,
2530 3090 2783 3163 dumque
2823 3092 3007 3146 adhuc
3037 3092 3098 3147 in
3125 3092 3263 3147 vivis
3309 3099 3504 3165 ageret
3536 3095 3697 3150 Vale-

2000 3178 2141 3245 rius,
2174 3179 2343 3250 longe
2370 3182 2502 3251 post
2539 3180 2897 3253 episcopatus
2923 3180 3079 3236 illius
3106 3180 3273 3236 initia
3299 3181 3539 3237 minime
3567 3182 3700 3239 licet

2002 3268 2252 3325 differre.
2282 3268 2428 3334 Quid
2459 3285 2525 3323 ex
2567 3269 2673 3324 hac
2702 3270 2769 3323 ad
2803 3270 3236 3325 Proculeianum
3265 3270 3505 3342 epistola
3533 3287 3697 3326 secu-

2001 3361 2126 3412 tum
2156 3358 2338 3420 fuerit,
2370 3373 2477 3411 nos
2503 3359 2661 3413 latet.
2696 3359 2841 3413 Illud
2881 3363 3072 3413 tamen
3110 3364 3347 3427 constat,
3383 3360 3700 3416 Donatistae

2003 3446 2319 3517 generatim
2349 3446 2651 3518 Augustini
2682 3446 3030 3518 colloquium
3058 3447 3352 3519 refugisse.

2072 3538 2125 3590 2.
2161 3536 2322 3602 Quod
2352 3536 2420 3590 ad
2451 3536 2669 3591 litteras
2702 3536 2926 3605 attinet,
2958 3536 3097 3591 alias
3116 3536 3297 3591 etiam
3344 3536 3440 3591 ille
3478 3535 3701 3609 scripsit

2003 3623 2074 3679 ad
2102 3624 2407 3695 primarios
2437 3624 2859 3679 Donatistarum
2880 3624 3178 3696 episcopos
3206 3625 3408 3696 (Epist.
3442 3624 3556 3696 43),
3583 3640 3701 3680 non

2003 3711 2236 3783 quidem
2258 3711 2815 3779 communieatorias,
2837 3712 3047 3783 quibus
3075 3728 3134 3767 se
3162 3712 3428 3784 indignos
3451 3729 3484 3766 a
3512 3713 3702 3768 catho-

2001 3798 2110 3854 lica
2142 3799 2385 3855 Ecclesia
2412 3799 2798 3855 dissentiendo
2828 3800 3107 3867 fecerant;
3147 3801 3244 3856 sed
3271 3802 3415 3855 tales
3452 3800 3701 3872 privatas

2003 3902 2145 3957 quas
2176 3884 2348 3941 etiam
2380 3886 2449 3940 ad
2481 3888 2740 3958 Paganos
2778 3886 3022 3941 scribere
3065 3887 3248 3952 liccat,
3293 3886 3574 3943 ofticiosas
3612 3892 3699 3942 ta-

2004 3989 2136 4029 men
2163 3980 2220 4030 et
2257 3976 2323 4030 ad
2370 3989 2571 4047 pacem
2615 3974 3027 4029 conciliandam
3074 3975 3330 4042 idoneas,
3381 3980 3445 4029 ut
3483 3990 3582 4030 eos
3628 3976 3700 4031 ad

2004 4079 2307 4119 commune
2363 4063 2715 4135 colloquium
2767 4062 3052 4132 invitaret,
3106 4063 3166 4117 in
3223 4078 3337 4136 quo
3381 4062 3703 4119 schismatis

2003 4168 2192 4220 causa,
2224 4157 2282 4207 et
2308 4152 2416 4207 alia
2448 4153 2503 4207 id
2534 4168 2717 4224 genus
2744 4152 2949 4207 discuti
2971 4157 3222 4224 possent.
3248 4154 3455 4208 Verum
3485 4152 3605 4225 ipse
3619 4157 3701 4207 tc-

2003 4246 2201 4309 statur,
2229 4241 2446 4296 litteras
2474 4258 2605 4296 suas
2645 4242 2934 4296 interdum
2967 4242 3240 4314 periectas
3270 4241 3339 4297 ab
3377 4242 3489 4296 illis
3526 4241 3699 4297 fuisse

2002 4329 2256 4398 rejectas,
2297 4345 2401 4383 nec
2430 4345 2525 4383 cos
2554 4344 2811 4401 unquam
2837 4328 2956 4383 sive
2985 4345 3089 4400 per
3130 4334 3546 4401 contemptum,
3580 4329 3701 4383 sive

2002 4413 2195 4483 potius
2214 4429 2318 4486 per
2340 4414 2627 4469 inscitiam
2656 4420 2714 4469 et
2737 4414 3116 4469 difﬁdentiam
3146 4414 3505 4486 respondisse
3538 4415 3698 4486 (Con-

2003 4508 2091 4557 tra
2120 4504 2249 4558 Litt.
2280 4505 2458 4572 Petit,
2494 4504 2586 4558 lib.
2622 4508 2672 4572 t,
2703 4519 2759 4558 η.
2798 4504 2869 4575 t).
2903 4505 2980 4559 Do
3010 4502 3132 4575 ipso
3166 4503 3537 4559 Preculoiano
3556 4504 3701 4559 scri-

2001 4590 2107 4657 bit,
2133 4595 2431 4663 espertum
2472 4607 2530 4646 se
2572 4591 2745 4646 fuisse
2792 4591 3009 4646 litteras
3055 4607 3186 4645 suas
3224 4591 3295 4647 ab
3342 4607 3408 4646 eo
3455 4592 3698 4647 recusari

2002 4679 2196 4749 (Epist.
2227 4682 2317 4746 35,
2345 4696 2401 4735 τι.
2440 4680 2509 4749 t).
2541 4681 2679 4735 Nam
2702 4684 3009 4751 quaternas
3037 4680 3239 4734 saltem
3256 4679 3329 4735 ad
3349 4696 3481 4736 eum
3507 4681 3698 4753 dedit;

2002 4768 2127 4822 licet
2155 4768 2324 4823 hodie
2353 4768 2471 4823 sola
2502 4774 2683 4823 exstet
2710 4768 2975 4840 epistola,
3012 4769 3081 4825 de
3123 4784 3235 4841 qua
3280 4783 3412 4825 mox
3452 4769 3697 4840 egimus.

2001 4858 2084 4912 Ad
2107 4857 2162 4912 id
2195 4857 2242 4912 si
2269 4856 2470 4912 referri
2499 4858 2725 4921 debeat,
2750 4858 2900 4929 quod
2931 4858 2988 4912 in
3022 4857 3229 4913 litteris
3277 4859 3347 4924 ad
3393 4859 3700 4915 Eusebium

2002 4946 2265 5013 habetur,
2300 4945 2655 5017 respondisse
2687 4946 3121 5003 Proculeianum
3150 4963 3255 5019 per
3299 4963 3480 5002 unum
3512 4964 3543 5004 e
3569 4963 3699 5019 pre-

2001 5034 2242 5110 sbyteris
2270 5034 2409 5102 suis,
2439 5034 2724 5090 Victorem
2751 5035 3011 5106 nomine,
3054 5036 3154 5109 qui
3197 5036 3414 5109 publici
3443 5036 3701 5093 muneris

2000 5124 2386 5191 administros,
2419 5125 2488 5179 ad
2517 5124 2916 5196 excipiendum
2962 5125 3317 5181 Proculciani
3363 5139 3696 5197 responsum

2004 5212 2221 5279 missos,
2254 5214 2531 5268 allocutus
2550 5218 2662 5281 est;
2693 5214 2802 5269 hoc
2831 5230 3190 5287 responsum.
3221 5214 3371 5287 quod
3403 5213 3574 5268 iidem
3603 5213 3699 5268 ad-

2002 5300 2249 5356 ministri
2278 5302 2417 5356 actis
2446 5302 2693 5373 publicis
2720 5303 3150 5375 consignarunt,
3198 5303 3269 5356 iis
3310 5316 3439 5373 qua:
3485 5302 3698 5356 Procu-

2002 5390 2220 5445 leianus
2251 5390 2457 5446 Evodio
2489 5391 2728 5459 dixerat,
2783 5393 2918 5447 satis
2962 5396 3407 5449 consentaneum
3453 5393 3594 5457 erat,
3643 5394 3700 5445 et

2002 5495 2153 5546 cum,
2186 5483 2252 5534 ut
2276 5479 2520 5561 videtur,
2544 5480 2833 5554 colloquio
2854 5478 3148 5535 communi
3177 5476 3483 5547 obligabat.
3513 5477 3699 5543 Quan-

2003 5584 2176 5642 quam
2205 5569 2315 5625 hoc
2341 5569 2485 5624 forte
2512 5569 2682 5624 aliam
2708 5569 3013 5641 quamdam
3041 5565 3269 5638 respicit
3293 5567 3697 5638 expostulatioo
