4060 6374
360 282 461 333 255

359 417 512 470 nem,
543 401 610 456 ad
642 415 816 473 quam
841 400 898 456 id
931 400 1188 472 responsi
1236 399 1358 455 dari
1383 399 1632 471 jusserat
1660 416 1673 454 :
1713 400 1776 456 Si
1798 401 2058 455 christia-

358 506 460 546 nus
490 505 564 559 cs,
595 505 751 545 serva
782 491 877 545 hoc
899 489 1108 560 judicio
1135 491 1231 544 Dei
1253 488 1449 559 (Epist.
1478 493 1565 555 35,
1596 505 1652 543 η.
1685 489 1758 556 li).
1796 490 1928 544 Utut
1952 493 2056 555 est,

359 595 462 651 per
488 579 690 634 urbem
732 578 1157 650 Hipponensem
1205 578 1446 633 subinde
1493 578 1819 649 pervulgari
1869 578 2056 649 cmpit,

361 683 474 722 non
507 667 616 722 hoc
644 666 1081 722 Proculeianum
1111 668 1432 734 mandasse,
1466 667 1617 738 quod
1639 666 1934 738 publicum
1964 682 2056 720 re-

361 756 680 812 nuntiasset
709 756 969 812 Officium
1000 756 1198 827 (Epist.
1245 758 1334 822 3i,
1365 773 1420 811 η.
1456 755 1532 827 5).
1572 755 1880 812 Ferebatur
1909 759 1966 810 et
1991 754 2056 808 il-

362 845 457 901 lud
479 845 704 911 dixisse,
729 845 774 900 si
803 848 957 900 tanta
975 845 1362 916 Augustinum
1386 843 1716 917 disputandi
1742 844 1948 915 cupido
1977 843 2060 898 in-

361 937 621 1002 cesseret,
650 933 1078 990 Constantinam
1109 934 1192 989 ire
1223 932 1505 1000 debuisse,
1532 950 1645 1004 quo
1672 933 1777 1006 ipsi
1800 934 2060 1004 frequen-

361 1027 446 1078 tes
474 1027 872 1091 convenerant,
904 1023 991 1079 vel
1023 1023 1104 1077 illi
1138 1023 1390 1078 eundum
1431 1022 1696 1090 Milevim,
1728 1022 1826 1077 ubi
1871 1020 2056 1076 conci-

361 1113 500 1168 lium
532 1113 687 1168 brevi
719 1116 906 1168 essent
933 1111 1202 1168 habituri.
1238 1113 1369 1167 Erat
1391 1116 1512 1167 tum
1535 1112 1687 1182 apud
1720 1111 2060 1182 Hipponem-

365 1202 605 1274 Regium
631 1201 903 1257 Eusebius
923 1200 1008 1256 vir
1025 1200 1352 1272 primarius,
1380 1199 1797 1256 Donatistarum
1817 1199 2057 1271 quidem

362 1294 604 1344 sectator
646 1294 702 1344 et
747 1289 1103 1345 Proculeiani
1136 1288 1371 1355 amicus,
1403 1304 1601 1343 verum
1650 1285 1924 1358 singulari
1971 1303 2059 1341 sa-

362 1378 599 1450 pientia,
633 1379 908 1450 gravitate
940 1383 998 1434 et
1025 1378 1417 1434 moderatione
1454 1377 1746 1450 praeditus.
1780 1378 1920 1433 Cum
1950 1376 2059 1449 igi-

362 1471 457 1522 tur
485 1468 661 1522 nollet
687 1467 1039 1540 Augustinus
1084 1467 1155 1523 ad
1202 1467 1640 1522 Proculeianum
1682 1466 1895 1521 litteras
1923 1465 2057 1520 scri-

363 1557 518 1626 bere,
551 1557 702 1629 quod
730 1573 824 1611 eas
851 1557 948 1612 ille
985 1560 1296 1629 respueret,
1339 1557 1493 1612 hunc
1537 1556 1842 1612 Eusebium
1883 1555 2060 1610 inter-

365 1646 619 1718 pellavit,
653 1651 854 1718 petens
883 1647 954 1702 ab
983 1663 1048 1702 eo
1080 1663 1182 1718 per
1207 1647 1387 1702 bonos
1415 1650 1472 1702 et
1507 1647 1777 1702 honestos
1804 1645 1976 1715 viros,
1996 1648 2063 1699 ut

362 1750 395 1788 a
427 1735 798 1790 Proculeiano
829 1739 1132 1807 quaereret,
1166 1751 1304 1789 num
1333 1735 1442 1789 hoc
1481 1734 1817 1789 mandatum
1854 1731 2060 1787 Victori

363 1823 601 1891 dederit,
636 1824 788 1895 quod
819 1824 1004 1878 Victor
1029 1823 1208 1894 ipsius
1237 1823 1423 1878 verbis
1471 1823 1669 1879 Ofticio
1696 1822 1928 1894 publico
1969 1837 2057 1875 re-

361 1911 707 1979 nuntiasset;
743 1929 813 1967 an
840 1911 923 1967 illi
950 1913 1182 1984 publico
1205 1912 1430 1968 muneri
1453 1912 1706 1984 praefecti
1728 1928 1793 1967 ex
1822 1910 2060 1966 Victoris

360 2001 546 2056 verbis
569 2001 734 2056 falsas
762 2003 986 2057 tabulas
1015 2002 1405 2058 confecissent.
1450 2001 1533 2056 Ad
1567 2002 1831 2056 eumdem
1862 2005 2059 2072 postea

361 2090 432 2145 de
463 2091 571 2146 hoc
601 2095 938 2163 argumento
969 2091 1214 2163 scripsit,
1245 2107 1456 2164 rogans
1478 2093 1542 2145 ut
1576 2089 1890 2162 generatim
1922 2105 2059 2160 per-

361 2184 743 2247 cunctaretur,
776 2196 1041 2252 quaenam
1074 2180 1430 2235 Proculeiani
1454 2196 1615 2234 mens
1655 2183 1801 2234 esset
1841 2179 1910 2234 de
1940 2182 2060 2233 tota

361 2267 675 2322 schismatis
695 2268 1016 2339 qumstione
1047 2267 1424 2323 discutienda.
1460 2269 1790 2331 Profitetur,
1823 2267 1892 2322 ad
1913 2266 2060 2320 hanc

361 2357 579 2428 placide
607 2373 738 2411 cum
767 2357 865 2412 illo
894 2357 1350 2428 pertractandam
1389 2373 1448 2411 se
1487 2357 1730 2411 libenter
1757 2357 2058 2411 descensu-

360 2462 512 2514 rum,
541 2446 589 2501 si
619 2446 1022 2501 Proculeianus
1051 2451 1358 2514 annueret;
1393 2446 1546 2517 quod
1595 2462 1662 2500 ex
1703 2444 2060 2499 sermonibus

361 2535 432 2590 ad
462 2551 520 2588 se
551 2534 743 2589 relatis
782 2535 1040 2590 futurum
1070 2535 1352 2606 sperabat.
1385 2537 1690 2606 Acceperat
1726 2533 1880 2588 enim
1927 2549 2060 2587 eum

363 2622 594 2689 dixisse,
625 2622 787 2678 denis
817 2621 1106 2693 utrimque
1132 2621 1397 2693 gravibus
1427 2627 1484 2677 et
1513 2620 1767 2676 honestis
1798 2619 1952 2682 viris,
1982 2619 2059 2674 ci-

362 2715 446 2766 tra
473 2711 808 2783 popularem
835 2712 1147 2766 tumultum
1180 2711 1467 2779 adhibitis,
1499 2711 1607 2767 sibi
1647 2711 1922 2765 ambobus
1965 2725 2058 2764 ve-

360 2799 587 2855 ritatem
620 2817 684 2856 ex
715 2800 1022 2872 Scriptura:
1053 2800 1386 2856 auctoritate
1431 2817 1552 2856 esse
1597 2800 2050 2873 disquirendam.

360 2888 664 2960 Suhjungit
694 2895 918 2945 sanctus
960 2891 1188 2958 Doctor,
1221 2890 1267 2946 si
1299 2891 1702 2946 Proculeianus
1747 2906 1940 2946 secum
1989 2889 2059 2944 ad

360 2978 708 3050 colloquium
738 2996 890 3052 aegre
911 2980 1284 3035 descensurus
1300 2984 1464 3050 esset,
1487 2981 1640 3052 quod
1661 2979 2058 3035 huumaniori-

357 3066 464 3121 bus
493 3067 829 3139 disciplinis,
860 3070 1249 3134 utferebatur,
1277 3069 1469 3124 minus
1489 3071 1636 3123 foret
1661 3069 1942 3140 expolitus
1964 3088 1980 3136 ;
1999 3067 2062 3122 li-

358 3154 637 3211 beralium
670 3157 988 3212 litterarum
1009 3157 1324 3213 doctrinam
1358 3157 1498 3211 nihil
1532 3157 1601 3212 ad
1626 3159 1770 3210 hanc
1798 3156 2063 3228 quaestio-

361 3260 494 3298 nem
525 3245 832 3316 pertinere,
869 3263 997 3317 quae
1025 3247 1113 3300 vel
1143 3246 1212 3300 de
1236 3246 1444 3299 sanctis
1474 3245 1800 3317 Scripturis.
1828 3247 1915 3300 vel
1954 3245 2060 3300 do-

360 3333 642 3387 cumentis
672 3333 1060 3388 ecclesiasticis
1086 3339 1183 3388 aut
1212 3334 1450 3404 publicis
1477 3338 1623 3389 esset
1653 3333 2010 3389 discutienda
2044 3350 2058 3389 :

361 3437 526 3492 posse
554 3426 745 3477 tamen
769 3439 923 3489 eum,
957 3439 1128 3494 quem
1161 3439 1190 3477 θ
1221 3422 1338 3477 suis
1378 3423 1623 3478 voluerit
1650 3424 1926 3494 collegam
1956 3423 2060 3478 ad-

362 3509 630 3578 sciscere;
658 3516 756 3566 aut
780 3527 839 3566 se
870 3511 1161 3566 Samsucio
1194 3511 1450 3567 Ecclesia:
1470 3512 1768 3568 Turrensis
1795 3511 2058 3584 episcopo

362 3599 660 3667 catholico,
696 3601 796 3672 qui
824 3605 945 3655 tum
977 3600 1234 3672 Hippone
1283 3602 1634 3670 versabatur,
1666 3601 1812 3658 vices
1843 3618 1972 3656 suas
2000 3600 2061 3656 in

362 3688 461 3744 illo
491 3689 774 3762 colloquio
807 3690 1282 3746 demandaturum
1317 3693 1513 3762 (Epist.
1561 3695 1648 3752 35,
1689 3708 1744 3746 π.
1793 3692 1867 3762 6).
1901 3691 2058 3747 Sam-

364 3777 552 3834 sucius
577 3777 680 3834 iste
710 3779 881 3835 simul
911 3795 1038 3834 cum
1071 3779 1276 3852 Alypio
1323 3784 1380 3836 et
1417 3781 1739 3852 Augustino
1783 3781 1855 3836 ad
1902 3781 2062 3837 Seve-

363 3883 490 3923 rum
542 3868 764 3940 scripsit
801 3870 994 3939 (Epist.
1051 3872 1158 3938 62),
1211 3869 1379 3925 tertio
1422 3870 1546 3925 loco
1591 3869 1654 3925 in
1693 3870 1816 3942 ipsa
1859 3869 2060 3925 inscri-

363 3957 559 4029 ptione
580 3957 924 4014 nominatus.
959 3960 1120 4014 Hunc
1143 3958 1260 4014 suis
1290 3959 1351 4014 in
1377 3960 1564 4015 dubiis
1582 3959 1935 4032 Augustinus
1963 3959 2063 4014 ali-

364 4047 594 4120 quando
625 4048 977 4116 consulebat,
1010 4064 1257 4119 eumque
1287 4048 1355 4103 de
1383 4064 1444 4102 re
1474 4048 1685 4120 aliqua,
1726 4049 1787 4103 in
1816 4065 1929 4121 qua
1961 4049 2060 4103 du-

361 4136 490 4192 bius
516 4136 638 4208 ipse
677 4141 734 4191 et
777 4153 983 4207 anceps
1027 4137 1292 4204 haeserat,
1338 4142 1489 4192 recte
1529 4138 1740 4194 sentire
1785 4137 2065 4210 comperit

364 4225 562 4296 (Epist.
594 4229 682 4292 83,
713 4241 769 4281 η.
797 4226 869 4295 4).
905 4225 1173 4291 Quamvis
1205 4225 1358 4280 enim
1387 4242 1651 4282 sermone
1699 4227 1848 4284 foret
1874 4228 2060 4299 impo-

365 4314 520 4381 litus,
552 4330 684 4368 vera
713 4318 908 4368 tamen
947 4314 1061 4369 tide
1110 4314 1369 4385 apprime
1410 4319 1532 4370 erat
1571 4316 1827 4372 eruditus
1861 4317 2058 4388 (Epist.

367 4405 455 4471 34,
485 4420 539 4458 n.
573 4404 648 4474 6).
682 4404 1039 4474 QuaprOpter
1066 4419 1198 4458 eum
1237 4420 1369 4459 cum
1395 4406 1766 4462 Proculeiano
1797 4408 2061 4462 commit-

363 4497 482 4549 tere
528 4509 644 4548 non
691 4493 990 4548 verebatur
1034 4493 1408 4565 Augustinus,
1447 4496 1745 4552 confidens
1772 4513 1905 4553 eum
1957 4514 2062 4568 pro

365 4580 603 4636 veritate
642 4585 953 4636 certantem
980 4582 1249 4639 divinitus
1289 4584 1691 4655 adjuvandum.
1741 4588 1818 4642 De
1860 4587 2066 4642 Milevi-

365 4673 500 4724 tana
528 4685 664 4725 vero
709 4671 850 4726 urbe
891 4672 1141 4744 petenda
1190 4675 1499 4745 respondet
1537 4676 1909 4747 Augustinus,
1958 4676 2067 4731 sibi

366 4761 546 4813 totam
575 4759 910 4830 quatstionis
940 4760 1112 4834 hujus
1142 4762 1428 4818 rationem
1469 4764 1718 4821 maxime
1748 4781 1876 4820 cum
1925 4768 2063 4821 Pro-

365 4847 627 4904 culeiano
656 4864 796 4915 esse,
829 4849 1051 4924 sibique
1089 4851 1152 4907 in
1197 4851 1324 4907 aliis
1371 4852 1692 4910 civitatibus
1739 4871 1857 4910 non
1895 4855 2065 4910 licere

367 4935 684 5008 quidquam
715 4955 907 5010 agere,
933 4955 1064 4996 eum
1093 4941 1330 5013 prepria
1359 4957 1492 4999 cura
1532 4945 1704 5000 unius
1733 4943 2064 5017 Hipponen-

365 5023 442 5080 sis
471 5026 729 5082 Ecclesiaa
759 5027 830 5082 ad
861 5045 920 5084 se
941 5029 1238 5101 pertineat.

439 5118 492 5171 3.
523 5116 649 5171 Alia
680 5117 851 5173 simul
882 5135 971 5174 res
999 5121 1380 5192 Augustinum
1419 5123 1488 5178 ad
1532 5122 1770 5178 Eusebio
1814 5123 2064 5179 scriben-

367 5204 506 5260 dum
536 5207 911 5277 compulerat.
961 5209 1190 5265 Juvenis
1228 5210 1461 5282 quidam
1505 5212 1815 5268 catholicus
1860 5213 2064 5284 Hippo-

369 5295 562 5350 nensis
608 5297 808 5352 solitus
857 5304 978 5354 erat
1013 5303 1255 5354 matrem
1303 5317 1462 5356 suam
1514 5301 1762 5368 viduam,
1814 5301 2065 5374 inopem,

369 5385 619 5440 vetulam
661 5390 718 5440 et
754 5386 912 5441 omni
949 5387 1158 5443 auxilio
1214 5389 1545 5446 destitutam
1596 5390 1842 5456 credere;
1885 5407 2067 5464 eoque

371 5472 575 5528 furoris
603 5490 937 5547 progressus
967 5477 1170 5545 fuerat,
1207 5483 1400 5533 utnec
1444 5478 1556 5532 illis
1599 5478 1818 5546 diebus,
1859 5479 2069 5550 quibus

373 5561 565 5632 legum
617 5564 884 5623 severitas
942 5566 1394 5624 sceleratissimis
1439 5567 1641 5642 parcit,
1695 5569 1889 5640 quales
1935 5574 2070 5624 sunt

1565 276 1736 334 VITA
1785 275 1844 332 S.
1888 271 2284 334 AUGUSTINI
2323 273 2662 331 EPISCOPl.

3771 273 3893 327 256

2171 397 2501 464 Dominicae,
2533 401 2588 451 et
2620 399 2757 451 octo
2796 393 3025 450 Pascha:
3054 393 3192 460 dies,
3227 393 3431 466 impias
3460 393 3532 449 ab
3563 409 3630 448 ea
3660 409 3894 449 manus

2171 487 2509 542 contineret.
2542 485 2638 541 Sui
2671 501 2802 540 eum
2833 484 3088 539 criminis
3133 483 3321 555 arguit
3359 483 3731 555 Augustinus.
3770 484 3891 537 Ve-

2170 593 2296 631 rum
2325 593 2454 630 cum
2475 575 2570 630 ille
2608 576 2788 629 scelus
2819 591 2986 629 suum
3018 574 3086 628 ab
3118 573 3360 628 Ecclesia
3389 572 3684 645 prohiberi
3713 571 3887 626 vide-

2170 670 2276 732 ret,
2311 666 2503 720 furoro
2531 668 2822 736 correptus
2855 663 3024 718 matri
3050 679 3166 716 sum
3213 663 3294 717 ita
3330 662 3714 717 comminatus
3745 665 3836 715 est
3868 676 3885 714 :

2173 759 2523 824 Transferam
2551 771 2632 810 me
2662 757 2720 809 in
2754 759 2968 824 partem
3008 754 3225 821 Donati,
3265 757 3314 808 ct
3345 751 3523 806 bibam
3552 753 3888 820 sanguinem

2171 849 2339 900 tuum.
2376 844 2648 898 Videntur
2676 841 2962 914 ipsissima
2989 840 3163 896 fuisse
3201 840 3355 894 illius
3384 840 3572 896 verba.
3616 841 3889 895 Priorem

2170 934 2456 988 minarum
2488 949 2722 988 suarum
2747 935 2969 1002 partem
2990 931 3263 1001 perficere
3291 946 3403 984 non
3433 928 3670 984 distulit.
3707 932 3753 984 A
3773 931 3884 983 Do-

2171 1022 2391 1077 natistis
2423 1021 2717 1094 recipitur,
2747 1019 3134 1092 rebaptizatur
3153 1019 3369 1089 furens,
3395 1023 3452 1074 et
3479 1017 3730 1074 materni
3748 1035 3885 1072 san-

2169 1111 2357 1182 guinis
2385 1111 2583 1166 avidus
2612 1109 2756 1165 albis
2783 1109 3034 1164 vestibus
3061 1107 3418 1163 candidatur.
3461 1109 3615 1162 Intra
3646 1107 3882 1162 cancel-

2171 1201 2254 1254 los
2284 1198 2662 1254 eminentiora
2692 1198 2817 1253 loco
2851 1197 3220 1254 constituitur
3260 1197 3603 1268 spectandus
3640 1196 3712 1250 ab
3755 1212 3885 1251 om—

2171 1288 2358 1354 nibus,
2391 1288 2544 1343 velut
2572 1288 2722 1343 dono
2753 1286 2999 1358 Spiritus
3031 1285 3210 1340 sancti
3255 1285 3502 1358 perfecte
3543 1288 3878 1351 renovatus,

2173 1378 2271 1450 qui
2300 1377 2453 1432 aliud
2483 1376 2626 1432 nihil
2659 1393 2830 1449 quam
2861 1375 3249 1430 malricidium
3278 1374 3571 1446 cogitaret.
3602 1374 3667 1429 Id
3690 1391 3879 1429 unum

2170 1471 2485 1538 supererat,
2519 1471 2581 1520 ut
2609 1466 2708 1538 qui
2736 1481 2868 1521 eum
2895 1465 2974 1520 sic
3000 1465 3266 1520 affectum
3295 1464 3747 1537 baptizaverant,
3777 1480 3878 1518 ur-

2170 1560 2372 1628 gerent
2403 1556 2470 1611 ad
2498 1555 2808 1627 reliquum,
2837 1555 2989 1627 quod
3019 1559 3274 1624 noverat,
3297 1553 3446 1608 intra
3462 1570 3592 1608 suas
3624 1557 3880 1620 :nctavas,

2172 1647 2600 1703 exsolvendum.
2643 1647 2727 1701 Ad
2756 1647 2864 1701 hoc
2895 1647 3303 1718 spectaculum,
3335 1646 3423 1700 vel
3466 1644 3616 1700 inter
3643 1646 3883 1700 Donati-

2173 1740 2306 1804 stas,
2336 1753 2506 1791 nemo
2539 1752 2654 1790 non
2679 1735 2920 1806 gemuit,
2948 1738 3014 1789 ut
3042 1735 3284 1788 innuere
3333 1732 3556 1788 videtur
3599 1733 3881 1804 Augusti-

2171 1842 2302 1893 nus,
2334 1826 2431 1898 qui
2465 1831 2581 1880 tam
2607 1825 2950 1879 exsecranda
2979 1823 3227 1879 facinore
3258 1822 3624 1877 vehementer
3650 1823 3882 1893 percul-

2173 1930 2267 1968 sus
2297 1920 2400 1969 est.
2434 1915 2594 1977 Hinc,
2623 1917 3122 1985 quantuscumque
3154 1911 3300 1967 foret
3331 1911 3756 1966 Donatistarum
3779 1911 3876 1966 fu-

2173 2020 2284 2068 ror,
2320 2020 2378 2057 se
2404 2004 2602 2057 saltem
2633 2003 2700 2057 ad
2733 2001 3081 2073 loquendum
3113 2000 3238 2072 cogi
3273 2000 3580 2056 arbitratus
3621 2005 3723 2055 est.
3768 2003 3883 2055 Pu-

2171 2091 2330 2147 blicis
2359 2092 2554 2164 itaque
2581 2091 2790 2147 tabulis
2819 2090 3144 2162 consignari
3173 2090 3352 2144 voluit
3380 2093 3495 2145 tam
3529 2090 3878 2162 sacrilegum

2171 2181 2349 2248 nefas,
2383 2186 2465 2248 ut,
2498 2180 2845 2252 ubicumque
2876 2183 3265 2253 opportunum
3296 2184 3551 2234 censeret
3595 2180 3663 2234 de
3709 2184 3878 2234 tanto

2171 2269 2386 2342 ﬂagitio
2414 2269 2706 2342 conqueri,
2739 2269 2856 2324 sive
2897 2269 3047 2324 intra
3094 2269 3522 2340 Hipponensem
3555 2268 3875 2336 civitatem,

2171 2357 2285 2412 sive
2315 2363 2491 2426 extra,
2525 2359 2580 2414 id
2611 2357 2752 2412 citra
2779 2357 3057 2413 mendacii
3091 2357 3471 2428 suspicionem
3503 2361 3716 2429 posset.
3757 2359 3874 2412 Eo-

2171 2447 2300 2502 dem
2325 2448 2600 2519 temporis
2630 2447 2890 2518 vestigio,
2919 2448 3252 2519 priusquam
3282 2446 3521 2500 infelicis
3537 2446 3708 2517 hujus
3733 2463 3877 2501 neo-

2170 2536 2333 2607 phyti
2364 2541 2575 2592 octava:
2595 2538 3038 2608 complerentur,
3071 2537 3138 2590 ad
3174 2535 3479 2590 Eusebium
3502 2535 3730 2606 scripsit
3749 2552 3877 2606 spe-

2171 2642 2302 2680 rans
2331 2625 2472 2693 fore,
2505 2631 2568 2680 ut
2595 2625 2715 2696 ipse
2737 2626 2953 2680 facinus
2991 2625 3130 2680 illud
3159 2625 3506 2696 improbaret
3538 2641 3550 2678 :
3585 2625 3877 2696 simulque

2172 2714 2222 2768 ei
2255 2716 2432 2769 Deum
2457 2719 2799 2770 contestatus
2824 2715 3180 2770 denuntiavit
3204 2731 3284 2782 se,
3307 2719 3586 2786 quantum
3614 2715 3880 2769 christia-

2175 2821 2304 2860 nam
2333 2821 2530 2876 pacem
2555 2805 2836 2876 diligeret,
2863 2808 3086 2859 tantum
3111 2803 3397 2874 sacrilegis
3423 2801 3535 2856 illis
3559 2800 3875 2871 factisﬁqua:

2172 2894 2511 2949 schismatici
2542 2895 2601 2948 in
2632 2911 2732 2948 sua
2753 2894 3104 2948 dissensione
3134 2893 3454 2964 patrabant,
3488 2886 3872 2955 commoveri;

2171 2988 2439 3038 cmterum
2461 2984 2615 3038 hunc
2637 2983 2813 3038 animi
2837 2982 2922 3036 sui
2941 2987 3163 3036 motum
3189 2996 3310 3036 esse
3330 2979 3660 3052 pacificum;
3681 2993 3877 3048 neque

2172 3089 2293 3128 sese
2322 3073 2380 3127 id
2405 3089 2595 3144 agere,
2631 3078 2692 3127 ut
2721 3073 2790 3128 ad
2820 3071 3283 3127 communionem
3324 3067 3659 3124 catholicam
3709 3065 3884 3138 quis-

2172 3178 2342 3233 quam
2371 3167 2606 3233 cogatur
2624 3161 2854 3229 invitus,
2877 3161 2975 3216 sed
2999 3165 3058 3214 ut
3079 3159 3344 3215 omnibus
3364 3156 3686 3213 errantibus
3709 3171 3877 3227 aper-

2170 3254 2230 3305 ta
2256 3250 2464 3305 veritas
2505 3251 2841 3327 declaretur,
2889 3265 2951 3304 ac
2994 3249 3073 3303 sic
3117 3265 3176 3302 se
3228 3245 3684 3319 amplectendam
3733 3244 3874 3298 satis

2171 3338 2294 3410 ipsa
2321 3338 2666 3410 persuadeat
2693 3339 2885 3410 (Epist.
2917 3338 3028 3408 34).
3773 3384 3782 3388 -

2240 3431 2292 3484 4.
2346 3428 2662 3499 Augustino
2721 3426 3011 3498 rescripsit
3067 3423 3374 3492 Eusebius,
3429 3422 3704 3478 confitens
3759 3421 3871 3476 sibi

2170 3535 2287 3572 non
2307 3517 2561 3588 probari,
2593 3518 2745 3589 quod
2772 3516 2923 3572 ﬁlius
2943 3531 3241 3588 percussor
3260 3512 3458 3568 matris
3479 3511 3868 3583 reciperetur:

2172 3603 2629 3672 Proculeianum,
2677 3603 2724 3658 si
2767 3602 2952 3667 sciret,
3003 3601 3437 3675 prohibiturum
3486 3597 3659 3653 fuisse
3688 3614 3722 3651 a
3765 3613 3872 3652 sua

2171 3692 2594 3761 communione,
2627 3696 2742 3748 tam
2788 3691 3073 3748 nefarium
3115 3691 3561 3758 adolescentem;
3594 3691 3872 3743 crateram

2169 3783 2370 3838 mirari
2398 3799 2479 3850 se,
2509 3782 2659 3854 quod
2679 3781 2860 3854 judex
2897 3785 2954 3836 et
2983 3779 3198 3835 arbiter
3225 3778 3377 3833 inter
3405 3777 3703 3849 episcopos
3730 3775 3873 3831 fuis-

2172 3875 2256 3926 set
2278 3871 2348 3926 ab
2377 3871 2502 3941 ipso
2541 3871 2897 3925 constitutus.
2943 3868 3295 3941 Augustinus
3332 3867 3477 3922 datis
3508 3867 3577 3921 ad
3607 3881 3740 3920 eum
3771 3864 3873 3919 de-

2171 3977 2287 4016 nuo
2316 3960 2518 4016 litteris
2544 3959 2854 4030 rescripsit,
2887 3975 3117 4030 rogasse
3169 3974 3227 4012 se
3276 3955 3672 4011 tantummodo
3715 3953 3876 4010 illius

2170 4049 2603 4121 benignitatem,
2636 4053 2693 4104 et
2721 4049 2904 4103 adhuc
2930 4064 3148 4120 rogare,
3183 4050 3248 4102 ut
3271 4063 3303 4100 a
3332 4043 3700 4101 Proculeiano
3719 4059 3874 4114 quin-

2172 4144 2342 4206 reret,
2369 4143 2564 4194 utrum
2598 4139 2706 4193 hoc
2736 4138 2856 4209 ipse
2888 4139 3212 4193 mandasset
3240 4134 3468 4201 Victori,
3501 4133 3656 4204 quod
3685 4134 3756 4188 ab
3803 4149 3873 4188 eo

2173 4228 2279 4283 sibi
2293 4228 2505 4284 dictum
2524 4228 2818 4299 publicum
2836 4227 3096 4282 Ofllcium
3111 4225 3564 4291 renuntiaverat;
3581 4223 3875 4294 simulque

2173 4322 2660 4390 percunctaretur,
2683 4317 2819 4389 quid
2846 4317 2940 4372 ille
2962 4317 3031 4372 de
3049 4315 3330 4387 colloquio
3345 4314 3606 4370 sentiret:
3624 4312 3781 4384 quod
3803 4312 3873 4367 ad

2168 4407 2438 4477 juvenem
2487 4406 2651 4460 illum
2699 4409 3004 4476 spectaret;
3060 4403 3519 4471 Proculeianum,
3555 4400 3601 4454 si
3638 4404 3876 4471 paratus

2175 4500 2321 4550 esset
2349 4511 2481 4549 eum
2511 4512 2542 4550 a
2576 4511 2677 4549 sua
2705 4493 3107 4549 communione
3135 4492 3440 4565 prohibere
3482 4506 3610 4544 eum
3653 4489 3876 4544 facinus

2175 4584 2283 4656 ipsi
2309 4583 2458 4639 foret
2486 4585 2863 4656 exploratum,
2894 4599 3017 4638 rem
3053 4587 3270 4654 gestam
3313 4580 3481 4636 modo
3507 4594 3872 4650 cognoscere,

2175 4673 2344 4728 modo
2381 4672 2725 4744 prohibendi
2763 4688 2987 4728 moram
3035 4686 3301 4727 excusare
3330 4669 3656 4725 nullatenus
3685 4683 3870 4739 posse.

2178 4764 2315 4818 Eum
2338 4762 2556 4834 pariter
2575 4762 2644 4817 de
2669 4761 2776 4816 alio
2799 4761 3043 4829 monuit,
3069 4777 3241 4832 quem
3263 4759 3667 4815 Proculeianus
3687 4758 3877 4812 adhuc

2177 4870 2206 4908 a
2228 4869 2329 4908 sua
2353 4852 2757 4908 communione
2785 4855 3076 4907 teneretur
3107 4850 3426 4906 excludere.
3451 4849 3675 4905 Primus
3702 4848 3749 4903 is
3779 4863 3875 4918 ap-

2176 4943 2525 5014 pellabatur,
2557 4942 2885 5014 Spaniensis
2919 4941 3179 4998 Ecclesiae
3217 4941 3278 4996 in
3307 4940 3554 5007 dioecesi,
3596 4945 3660 4994 ut
3704 4955 3876 5012 appa-

2178 5037 2284 5101 ret,
2316 5032 2663 5104 Hipponensi
2701 5031 2992 5104 quondam
3037 5031 3416 5087 subdiaconus
3451 5046 3463 5084 :
3508 5028 3606 5101 qui
3637 5045 3766 5084 cum
3805 5029 3876 5083 ab

2180 5137 2406 5176 accessu
2437 5121 2862 5193 indisciplinato
2901 5119 3421 5176 sanctimonialium
3454 5117 3870 5189 prohiberetur,

2178 5215 2348 5282 atque
2377 5211 2639 5266 ordinata
2666 5215 2722 5265 et
2752 5227 2888 5267 sana
2917 5215 3203 5282 praecepta
3244 5211 3658 5274 contemneret,
3707 5223 3740 5261 a
3769 5207 3877 5261 cle.

2177 5299 2358 5355 ricatu
2385 5304 2636 5355 remotus
2665 5304 2770 5357 est.
2804 5299 2968 5364 Quod
2997 5299 3092 5353 ille
3120 5297 3358 5368 indigne
3387 5297 3598 5362 ferens,
3627 5295 3699 5350 ad
3739 5311 3876 5365 par—

2178 5394 2262 5445 tes
2290 5390 2716 5445 Donatistarum
2757 5388 3004 5453 transiit,
3037 5403 3070 5441 a
3108 5386 3318 5458 quibus
3345 5401 3462 5439 una
3493 5400 3624 5438 cum
3653 5383 3876 5438 duabus

2181 5479 2705 5534 sanetimonialibus
2735 5495 2802 5532 ex
2843 5478 3045 5533 eodem
3089 5493 3256 5548 pago,
3303 5473 3620 5546 quasillum
3669 5478 3876 5529 secutas

2181 5569 2428 5640 fuerant,
2453 5566 2836 5640 rebaptizatus
2871 5571 2972 5624 est.
3017 5568 3094 5623 Ex
3125 5581 3193 5622 eo
3223 5568 3480 5636 tempore
3509 5563 3660 5618 inter
3688 5562 3874 5634 perdi-
