4060 6352
121 297 233 349 257

120 420 220 470 tos
275 415 761 472 muliercularum
817 433 1038 490 greges,
1094 421 1150 474 et
1190 420 1555 476 exsecrandas
1611 421 1856 477 Circum-

119 504 465 560 cellionum
502 506 940 562 comessationes
988 506 1161 562 vitam
1191 524 1352 563 suam
1382 509 1538 564 omni
1571 509 1851 583 intempe-

119 595 353 648 rantiae
381 595 615 650 addixit.
639 595 840 650 Subdit
859 597 1228 667 Augustinus,
1253 599 1506 666 modum,
1531 616 1703 671 quem
1733 601 1854 671 ipse

119 687 394 751 teneret,
426 701 459 739 a
491 684 854 740 Proculeiano
896 685 1108 757 pariter
1145 704 1264 742 esse
1295 689 1652 756 servandum,
1685 688 1856 744 nimi-

119 788 265 826 rum
302 777 373 828 ut
403 773 503 846 qui
548 773 617 828 ab
667 775 926 842 Ecclesia,
978 775 1292 846 disciplima
1338 777 1621 848 fugiendas
1665 795 1854 846 causa,

123 860 492 928 desciscunt,
525 861 668 918 citra
698 863 1048 934 paenitentiae
1079 865 1533 921 humiliationem
1565 883 1678 922 non
1709 867 1856 922 reci-

124 950 404 1022 piantur.
459 953 640 1022 Rogat
682 952 858 1023 igitur
905 953 1229 1022 Eusebium,
1273 959 1332 1009 ut
1361 955 1430 1010 de
1461 956 1549 1011 his
1592 957 1856 1012 omnibus

125 1041 458 1096 certiorem
490 1042 928 1098 Proculeianum
956 1042 1150 1112 faciat;
1184 1048 1282 1099 aut
1306 1061 1364 1100 se
1392 1045 1498 1100 ista
1515 1062 1618 1117 per
1637 1046 1856 1101 codices

124 1130 413 1200 publicos
445 1131 629 1186 eidem
663 1132 1028 1188 Proculeiano
1061 1134 1528 1189 denuntiaturum
1549 1135 1858 1190 commina-

125 1224 230 1274 tur
265 1236 280 1276 :
319 1221 493 1275 silere
524 1237 582 1275 se
625 1238 738 1276 non
767 1238 950 1293 posse,
983 1222 1082 1277 ubi
1123 1225 1271 1278 Deus
1317 1224 1474 1296 loqui
1514 1222 1713 1292 jubeat
1745 1242 1757 1280 :
1810 1225 1854 1279 si

127 1325 238 1379 per
272 1308 398 1364 vim
429 1309 513 1364 illi
541 1325 709 1382 agere
731 1312 1092 1382 contendant,
1125 1311 1430 1367 Dominum
1454 1313 1708 1368 Ecclesiae
1738 1331 1854 1369 sua:

126 1413 251 1450 non
288 1397 649 1454 defuturum.
692 1400 874 1454 Aliam
922 1417 1150 1472 quoque
1193 1402 1582 1472 expostulandi
1629 1419 1854 1457 causam

127 1487 216 1541 illi
249 1488 518 1558 exponit.
571 1490 700 1543 Erat
745 1490 971 1544 cuidam
1017 1489 1275 1544 Ecclesiae
1321 1491 1523 1545 colono
1560 1491 1678 1546 filia
1706 1497 1852 1547 cate-

128 1577 455 1646 chumcna,
503 1596 632 1651 quae
681 1598 714 1636 a
765 1581 1093 1635 Donastistis
1143 1582 1372 1636 seducta
1420 1583 1768 1654 Baptismum
1801 1589 1856 1639 et

129 1667 596 1724 sanctimonialis
639 1669 812 1724 etiam
862 1669 1108 1725 formam
1154 1671 1224 1726 ab
1269 1671 1473 1726 iisdem
1512 1677 1851 1743 susceperat.

133 1757 336 1812 Voluit
369 1773 498 1812 eam
525 1763 688 1829 pater
717 1760 784 1813 ad
808 1758 1270 1814 communionem
1302 1760 1636 1815 catholicam
1669 1761 1852 1833 patrio

124 1844 262 1914 jure
305 1861 376 1899 ac
409 1846 589 1916 plagis
614 1845 844 1900 inﬂictis
876 1863 1135 1900 revocare
1177 1867 1189 1902 :
1232 1847 1330 1901 sed
1359 1849 1711 1919 Augustinus
1740 1848 1854 1903 vim

128 1933 217 1988 illi
247 1950 283 1986 a
315 1938 484 2004 patre
534 1934 710 1989 vetuit
738 1935 1016 2004 adhiberi,
1050 1935 1247 1990 nolens
1277 1952 1402 1991 eam
1433 1935 1543 1990 nisi
1570 1937 1855 1992 volentem

132 2027 191 2076 et
220 2028 439 2094 sponte
485 2039 587 2077 sua
633 2023 962 2078 redeuntem
1001 2024 1224 2095 suscipi.
1279 2023 1428 2079 Licet
1470 2025 1616 2079 hanc
1652 2026 1855 2096 agendi

131 2111 429 2165 rationem
461 2112 530 2166 ab
580 2116 736 2166 omni
786 2112 838 2166 vi
876 2112 1018 2167 adeo
1047 2113 1291 2166 alienam
1323 2113 1614 2180 tenuisset,
1646 2115 1852 2169 nihilo-

135 2200 336 2255 minus
360 2216 492 2254 cum
515 2217 616 2272 per
636 2201 982 2272 Spanianum
996 2217 1209 2272 pagum
1229 2201 1538 2273 aliquando
1562 2203 1852 2273 transiret,

136 2283 503 2338 Proculeiani
534 2285 844 2356 presbyter,
879 2286 978 2357 qui
1018 2286 1068 2340 ei
1099 2286 1158 2340 in
1188 2286 1364 2341 fundo
1394 2287 1686 2342 catholicas
1714 2288 1852 2359 piis-

132 2372 424 2444 simzeque
455 2373 683 2427 femina:
711 2375 970 2440 occurrit,
999 2374 1059 2428 in
1085 2391 1216 2430 eum
1248 2380 1303 2430 et
1329 2375 1388 2430 in
1428 2376 1610 2447 ipsam
1641 2381 1851 2430 matro-

133 2477 271 2515 nam
303 2462 516 2516 acriter
547 2462 799 2516 invcctus
837 2466 938 2528 est,
975 2480 1184 2531 eosque
1213 2464 1516 2519 traditores
1562 2480 1624 2519 ac
1655 2482 1852 2536 persc-

135 2554 368 2606 cutorcs
402 2550 728 2622 appellavit.
781 2552 904 2605 Non
929 2552 1100 2606 modo
1131 2569 1188 2607 se
1215 2553 1336 2624 ipse
1361 2553 1517 2608 alite
1550 2554 1854 2609 refrenavit

136 2647 521 2718 Augustinus,
554 2649 652 2702 sed
680 2654 734 2702 et
759 2647 1207 2716 multitudinem,
1229 2667 1356 2722 quas
1386 2667 1444 2705 se
1474 2651 1852 2707 comitabatur

139 2736 522 2806 compescuit.
559 2735 664 2790 Sed
697 2735 783 2789 his
831 2735 1069 2808 aliisque
1116 2742 1304 2791 motus
1337 2739 1638 2794 Eusebium
1666 2744 1848 2810 rogat,

141 2827 206 2877 ut
234 2823 677 2878 Proculeianum
709 2824 777 2879 de
808 2825 1118 2879 coercenda
1147 2825 1480 2881 clericorum
1511 2844 1744 2882 suorum
1785 2827 1850 2882 li-

139 2912 329 2966 ccutia
349 2917 740 2980 commoneat;
767 2913 1003 2984 necjam
1023 2915 1158 2969 velit
1181 2931 1212 2968 a
1239 2914 1404 2970 bonis
1429 2917 1751 2986 pastoribus
1767 2921 1850 2971 ta-

138 3000 274 3067 ceri,
310 3001 455 3056 dum
487 3001 569 3056 illi
593 3019 792 3057 eorum
823 3018 953 3057 oves
974 3002 1370 3058 insidiantibus
1386 3005 1850 3076 morsibuslupo-

138 3105 270 3144 rum
331 3106 496 3144 more
547 3090 866 3162 depraedari
919 3095 1200 3146 conantur
1257 3095 1450 3162 (Epist.
1511 3097 1617 3164 33).
1686 3094 1853 3149 Binas

142 3177 279 3233 istas
328 3179 550 3233 litteras
601 3179 837 3234 Eusebio
885 3179 1108 3251 scripsit
1145 3182 1494 3253 Augustinus
1524 3199 1721 3238 recens
1750 3183 1853 3238 ad-

145 3267 256 3322 huc
289 3269 623 3340 episcopus;
659 3273 1009 3342 quapropter
1037 3270 1106 3325 ad
1140 3270 1245 3326 hoc
1277 3275 1499 3344 tempus
1531 3289 1624 3327 eas
1651 3272 1850 3328 retuli-

154 3371 304 3411 mus.

219 3449 272 3500 5.
323 3441 582 3501 Valerius
629 3445 947 3518 episcopus,
999 3446 1098 3519 qui
1142 3448 1325 3504 adhuc
1353 3448 1412 3503 in
1457 3447 1597 3504 vivis
1625 3451 1849 3522 agebat,

142 3549 272 3589 cum
285 3535 646 3606 Augustinus
665 3536 1096 3591 Proculeianum
1119 3538 1189 3592 ad
1211 3542 1471 3593 mutuam
1493 3539 1852 3593 collationem

146 3623 355 3694 scripta
387 3623 497 3694 ipsi
528 3623 767 3694 epistola
788 3624 1055 3680 invitaret
1085 3627 1280 3696 (Epist.
1314 3629 1404 3696 33,
1433 3643 1488 3681 τι.
1521 3627 1592 3696 4),
1627 3627 1855 3682 videtur

147 3713 318 3782 paulo
350 3717 481 3783 post
511 3729 578 3766 ex
606 3712 710 3766 hac
740 3713 849 3768 vita
879 3713 1152 3785 migrasse
1178 3731 1190 3769 :
1220 3716 1419 3770 saltem
1443 3715 1586 3769 nihil
1609 3716 1853 3787 amplius

148 3798 214 3852 de
244 3799 346 3855 illo
379 3801 784 3871 comperimus.
823 3801 1200 3874 Hieronymus
1233 3803 1550 3874 Vignierius
1595 3803 1656 3857 in
1685 3819 1853 3858 suum

142 3887 624 3960 Supplementum
651 3891 844 3945 retulit
873 3907 1195 3946 sermonem
1227 3892 1852 3964 quemdam,habitum,

149 3981 209 4030 ut
229 3981 420 4047 putat,
454 3977 524 4032 ab
549 3976 868 4048 Augustino
898 3995 1030 4032 cum
1060 3980 1314 4050 primum
1340 3985 1470 4051 post
1499 3979 1720 4035 obitum
1749 3982 1854 4035 Va-

149 4063 270 4120 lerii
296 4065 474 4120 verba
499 4065 634 4120 fecit
652 4066 724 4120 ad
745 4068 1048 4138 populum,
1072 4075 1377 4139 postquam
1405 4073 1518 4123 tres
1549 4075 1856 4124 conventus

153 4153 287 4220 dies,
324 4155 403 4209 ob
433 4153 546 4207 vim
578 4154 956 4225 lacrymarum
978 4172 1210 4210 suarum
1233 4157 1516 4228 totiusque
1547 4157 1860 4228 populi,ta-

150 4241 289 4296 citus
321 4242 714 4315 praeteriisset.
753 4243 850 4297 llic
892 4261 1078 4298 sermo
1130 4244 1378 4316 plurima
1415 4251 1574 4316 gesta
1602 4247 1857 4318 comple-

153 4332 342 4399 ctitur,
376 4331 498 4403 qui,
539 4331 588 4385 si
618 4331 906 4402 legitimus
935 4333 1090 4388 credi
1127 4339 1338 4405 posset,
1367 4334 1721 4390 uberrimam
1752 4352 1857 4390 no-

151 4418 234 4474 bis
261 4419 493 4476 dicendi
536 4425 786 4492 segetem
825 4421 1234 4492 suppeditaret.
1271 4424 1412 4478 Eum
1443 4441 1566 4492 nos,
1612 4424 1748 4496 quia
1786 4425 1857 4480 de

151 4509 498 4564 subdiacono
525 4509 773 4580 quodam
800 4527 833 4564 a
864 4511 1166 4565 Donatistis
1186 4511 1536 4584 rebaptizato
1566 4517 1623 4567 et
1649 4512 1710 4567 in
1742 4513 1860 4568 dia-
1890 4515 1902 4530 ‘

151 4611 357 4651 conum
387 4597 648 4652 ordinato
693 4597 828 4668 agit,
863 4599 1161 4668 rejecimus
1185 4599 1254 4654 ad
1285 4601 1496 4654 calcem
1524 4602 1663 4656 tomi
1693 4602 1856 4683 noni,

153 4700 264 4754 quo
290 4685 503 4758 scripta
544 4691 739 4742 contra
769 4687 1088 4742 Donatistas
1116 4687 1504 4744 continentur.
1538 4691 1606 4744 Ut
1632 4689 1859 4744 omitta-

156 4789 279 4828 mus
312 4775 652 4846 expendere,
705 4792 844 4831 num
890 4776 1055 4831 stilus
1099 4782 1184 4832 sat
1211 4777 1501 4848 gravitatis
1539 4777 1764 4845 habeat,
1796 4783 1862 4833 ut

160 4863 476 4933 Augustino
506 4865 680 4936 possit
709 4865 974 4933 adscribi,
1015 4883 1202 4921 sermo
1233 4865 1338 4922 iste
1369 4865 1574 4936 majori
1605 4882 1671 4920 ex
1701 4871 1860 4938 parte

164 4955 375 5019 spectat
426 4952 497 5007 ad
541 4953 938 5008 Rusticianum
985 4955 1495 5026 Mutugennensem
1533 4955 1857 5024 diaconum,

164 5036 275 5091 sive
304 5039 745 5108 subdiaconum;
776 5041 1032 5113 quicum
1076 5043 1146 5097 ab
1188 5041 1432 5097 Ecclesia
1470 5041 1765 5096 defecisset
1789 5042 1860 5097 ad

164 5123 501 5197 Donatistas,
528 5146 558 5183 a
580 5129 857 5184 Macrobio
885 5130 1271 5201 rebaptizatus
1286 5131 1491 5196 fuerat,
1512 5134 1569 5185 et
1589 5129 1860 5185 diaconus

163 5213 472 5287 ordinatus.
505 5218 612 5273 Iste
640 5218 1000 5274 Rusticianus
1022 5235 1089 5274 ex
1108 5219 1374 5290 plurimis
1403 5217 1630 5275 indiciis
1655 5222 1709 5274 et
1731 5235 1861 5273 con-

158 5299 388 5369 jecturis
419 5306 643 5362 videtur
672 5308 824 5362 idem
850 5324 914 5362 ac
943 5308 1214 5363 diaconus
1245 5309 1340 5364 ille
1372 5308 1858 5380 Mutugennensis,

164 5388 228 5443 de
263 5409 372 5463 quo
401 5396 753 5467 Augustinus
798 5397 867 5451 ad
899 5397 1270 5453 Maximinum
1307 5398 1552 5470 scripsit,
1587 5401 1649 5452 ut
1688 5413 1862 5469 supra

176 5483 486 5538 notavimus
518 5485 653 5556 (Lib.
689 5487 739 5553 3,
772 5501 892 5555 cap.
927 5489 977 5550 9,
1009 5502 1066 5542 η.
1099 5486 1175 5556 6).

240 5569 287 5624 ϐ.
339 5572 465 5630 Erat
500 5573 651 5629 inter
697 5573 876 5630 sancti
916 5574 1182 5630 Praesulis
1211 5575 1423 5632 amicos
1449 5575 1748 5648 presbyter
1778 5574 1858 5629 al-

1626 300 1829 356 LIBER
1867 299 2208 365 QUARTUS.

3545 289 3655 362 '258

1961 423 2138 479 terius
2170 423 2446 492 Ecclesia,
2497 425 2728 481 nomine
2780 425 3107 494 Casulanus,
3153 429 3314 500 cujus
3360 431 3561 487 studiis
3601 439 3657 488 et

1961 515 2090 569 stilo
2135 514 2390 586 impense
2440 515 2823 571 delectabatur
2870 517 3252 587 Augustinus;
3295 518 3554 591 quicum
3583 521 3656 576 ob

1961 603 2280 674 ingenium,
2312 605 2464 677 quod
2491 605 2550 659 in
2581 606 2835 677 epistolis
2862 605 2977 660 suis
3009 607 3358 676 ostendebat,
3392 609 3657 666 hortaba-

1963 696 2056 746 tur
2086 698 2147 747 ut
2175 691 2234 748 iu
2263 693 2431 748 verbo
2466 695 2563 749 Dei
2588 694 2906 766 proficeret,
2939 699 2994 750 ct
3021 696 3092 750 ad
3128 697 3383 752 Ecclesia:
3409 697 3657 756 fructum

1965 780 2144 852 magis
2176 799 2238 836 ac
2276 782 2457 854 magis
2485 783 2817 839 abundaret.
2855 785 3106 855 Degebat
3132 785 3199 848 is,
3235 791 3298 841 ut
3329 785 3567 855 videtur,
3598 789 3657 844 in

1964 871 2206 942 quadam
2235 871 2434 926 Africa:
2464 873 2702 927 Ecclesia
2731 890 2798 927 ex
2829 873 2898 927 iis
2924 873 2981 927 in
3013 874 3220 945 quibus
3250 872 3346 928 alii
3369 875 3656 946 jejunium

1963 959 2184 1015 sabbati
2209 961 2528 1030 servabant,
2551 960 2647 1016 alii
2676 961 2938 1018 minime.
2975 963 3098 1016 Non
3119 962 3273 1018 enim
3296 968 3417 1018 tum
3435 975 3582 1019 unus
3603 969 3660 1020 et

1961 1048 2114 1104 idem
2144 1049 2353 1121 ubique
2397 1066 2516 1104 mos
2563 1049 2818 1105 Ecclesiae
2868 1051 3014 1105 circa
3067 1051 3174 1105 hoc
3195 1051 3483 1122 jejunium
3515 1060 3655 1110 erat.

1963 1137 2220 1192 Romana
2265 1143 2324 1193 et
2351 1139 2570 1211 aliquot
2597 1139 2914 1194 Occidentis
2954 1140 3232 1207 Ecclesiae,
3265 1141 3487 1196 etiamsi
3517 1160 3657 1213 pau-

1963 1242 2062 1294 cae,
2095 1227 2235 1282 illud
2266 1232 2425 1282 extra
2463 1228 2883 1300 quinquaginta
2917 1230 3037 1284 dies
3075 1229 3348 1302 temporis
3376 1231 3660 1286 Paschalis

1962 1317 2354 1373 observabant.
2390 1319 2596 1372 Verum
2643 1335 2744 1390 per
2771 1335 2970 1373 omnes
3001 1318 3333 1385 Orientales,
3369 1323 3423 1374 et
3452 1321 3661 1376 multos

1962 1405 2134 1460 etiam
2165 1406 2550 1462 Occidentales
2574 1409 2816 1479 populos
2853 1407 3192 1463 christianos
3221 1410 3412 1463 nullus
3443 1426 3508 1463 eo
3545 1410 3656 1478 die,

1963 1500 2343 1566 praeterquam
2371 1497 2601 1551 sabbato
2633 1502 2847 1564 sancto,
2865 1498 3179 1569 jejunabat.
3208 1499 3269 1552 In
3292 1499 3394 1553 hac
3420 1515 3656 1554 consue-

1962 1583 2173 1637 tudinis
2199 1584 2594 1656 discrepantia,
2645 1586 2868 1640 videtur
2909 1587 3219 1642 Casulanus
3250 1587 3318 1641 ad
3349 1588 3657 1658 quemdam

1960 1672 2298 1726 familiarem
2318 1689 2484 1727 suum
2508 1675 2746 1728 Romam
2777 1673 3085 1746 scripsisse,
3118 1680 3181 1729 ut
3209 1675 3376 1730 sciret
3405 1677 3543 1747 quid
3569 1693 3656 1731 es-

1961 1764 2043 1815 set
2073 1761 2514 1818 observandum.
2546 1762 2682 1816 Inde
2703 1763 2918 1818 amicus
2948 1763 3042 1817 ille
3069 1763 3141 1817 ad
3167 1780 3298 1818 eum
3323 1764 3656 1830 rescribens,

1963 1849 2417 1904 dissertationem
2463 1850 2609 1906 bene
2657 1851 2888 1922 longam
2934 1851 3111 1919 misit,
3143 1851 3200 1906 in
3243 1869 3356 1923 qua
3387 1854 3656 1908 Romanae

1963 1938 2222 1993 Ecclesiae
2273 1939 2742 1994 consuetudinem
2785 1940 3119 1994 servandam
3152 1944 3209 1994 et
3244 1941 3475 1996 sabbato
3498 1941 3657 2012 jeju-

1961 2028 2213 2082 nandum
2269 2028 2682 2095 contendebat;
2738 2043 2802 2082 ac
2856 2045 3015 2082 secus
3051 2028 3341 2096 facientes,
3402 2031 3508 2084 hoc
3552 2031 3684 2098 est,‘

1959 2115 2288 2170 universum
2320 2132 2494 2188 prope
2525 2117 2723 2172 orbem
2753 2117 3123 2172 christianum
3155 2117 3443 2188 injuriosis
3473 2118 3657 2172 verbis

1960 2205 2260 2260 lacerabat.
2317 2205 2428 2259 Sed
2476 2221 2606 2261 cum
2637 2222 2942 2276 operosum
2988 2206 3152 2272 foret,
3202 2207 3656 2262 commentitium

1961 2293 2100 2348 illud
2125 2293 2425 2365 jejunandi
2451 2301 2803 2366 prasceptum
2826 2295 3024 2349 validis
3045 2295 3332 2350 rationum
3355 2295 3658 2350 momentis

1959 2381 2316 2449 confirmare,
2348 2382 2488 2437 laxis
2517 2383 2754 2438 habenis
2802 2383 2862 2438 in
2897 2383 3102 2454 jejunii
3131 2383 3354 2438 laudem
3399 2400 3658 2440 excurre-

1959 2471 2075 2538 bat,
2119 2474 2174 2525 et
2204 2471 2263 2526 in
2293 2471 2732 2526 comessationes
2763 2488 2825 2526 ac
2855 2473 3168 2527 temulenta
3193 2471 3449 2527 convivia
3477 2471 3658 2527 insul-

1959 2560 2246 2615 tabundus
2287 2560 2661 2616 invehebatur
2711 2577 2723 2615 :
2768 2561 2923 2632 quod
2951 2561 3019 2615 ab
3049 2561 3309 2616 instituta
3339 2561 3655 2632 quaestione

1959 2647 2212 2703 alienum
2244 2653 2392 2718 erat;
2426 2655 2522 2703 aut
2566 2665 2764 2703 omnes
2794 2649 2893 2720 qui
2931 2649 3172 2720 singulis
3205 2649 3402 2704 diebus
3431 2666 3548 2705 non
3571 2651 3655 2720 je-

1954 2738 2244 2810 junarent,
2277 2737 2384 2792 hoc
2415 2742 2498 2792 est
2540 2738 2859 2793 Romanam
2888 2738 3191 2810 ipsammet
3234 2738 3560 2809 Ecclesiam,
3596 2745 3661 2794 ut

1959 2831 2292 2896 eLcazteras,
2338 2826 2767 2880 condemnabat.
2812 2828 2964 2880 Hanc
3003 2827 3457 2882 dissertationem
3484 2827 3654 2882 Casu-

1957 2915 2124 2970 lanus
2151 2915 2220 2970 ad
2239 2915 2624 2985 Augustinum
2647 2915 2822 2990 misit,
2857 2919 2919 2969 ut
2946 2931 3070 2969 eam
3101 2916 3404 2982 refelleret,
3437 2915 3659 2984 sibique

1961 3001 2292 3056 rescriberet
2313 3007 2529 3068 ,utrum
2555 3002 2788 3056 sabbato
2821 3002 3012 3057 liceret
3025 3003 3310 3074 jejunare.
3334 3003 3522 3056 Voluit
3543 3007 3657 3056 Au-

1960 3091 2251 3162 gustinum
2284 3107 2493 3146 nomen
2518 3091 2670 3146 illius
2701 3091 2984 3162 ignorare,
3019 3092 3180 3162 cujus
3211 3091 3657 3162 disputationem

1959 3180 2032 3235 ad
2070 3196 2202 3235 eum
2223 3179 2502 3251 mittebat,
2534 3181 2698 3235 illum
2730 3181 3126 3236 tantummodo
3162 3179 3425 3234 Urbicum
3457 3196 3660 3252 quem-

1959 3269 2090 3326 dam
2138 3286 2493 3342 nuncupans.
2538 3269 2857 3342 Augustino
2889 3285 2918 3324 e
2948 3268 3226 3324 memoria
3256 3269 3459 3323 excidit
3487 3270 3656 3324 Casu-

1961 3358 2090 3413 lano
2121 3359 2450 3426 rescribere,
2483 3358 2663 3413 donec
2693 3359 2898 3413 alteras
2927 3357 3233 3429 accepisset
3262 3357 3502 3426 litteras,
3535 3357 3658 3428 qui-

1959 3446 2066 3502 bus
2089 3447 2218 3518 jure
2248 3447 2559 3516 charitatis,
2591 3463 2705 3520 qua
2735 3464 2913 3502 unum
2944 3450 3124 3514 erant,
3157 3446 3266 3502 sibi
3310 3447 3542 3502 tandem
3571 3463 3664 3501 re-

1961 3536 2230 3607 sponderi
2270 3537 2580 3608 ﬂagitabat.
2635 3537 2989 3592 Arctissimas
3027 3537 3204 3608 igitur
3261 3535 3662 3608 occupationes

1961 3641 2092 3679 suas
2142 3625 2465 3694 intermisit,
2521 3631 2586 3680 ut
2644 3626 2900 3682 debitum
2937 3626 3088 3680 istud
3127 3626 3469 3693 exsolveret;
3496 3625 3663 3698 eique

1961 3711 2254 3776 indicaret,
2277 3711 2338 3766 in
2362 3712 2458 3782 huj
2470 3712 2691 3766 usmodi
2708 3713 2876 3766 rebus
2895 3711 3085 3766 divina
3107 3712 3231 3782 lege
3253 3712 3489 3767 minime
3516 3729 3661 3784 pras-

1963 3799 2186 3869 scriptis
2221 3799 2521 3854 certiorem
2553 3800 2831 3870 regulam,
2865 3816 3040 3871 quam
3070 3802 3140 3855 ab
3178 3801 3301 3872 ipso
3333 3802 3497 3856 beato
3527 3804 3662 3857 Am-

1961 3889 2150 3944 brosio
2199 3888 2524 3960 accepisset,
2575 3905 2692 3942 esse
2723 3889 3194 3944 consuetudinem
3236 3889 3416 3959 ipsius
3443 3889 3570 3955 loci,
3603 3887 3664 3942 in

1963 3994 2077 4050 quo
2107 3977 2400 4049 degimus;
2433 3981 2531 4032 aut
2559 3977 2606 4032 si
2634 3977 2756 4032 haec
2795 3977 3120 4032 uniusmodi
3151 3993 3266 4032 non
3297 3977 3386 4045 sit,
3421 3991 3665 4047 sequen-

1966 4067 2104 4122 dum
2142 4082 2263 4121 esse
2292 4067 2620 4138 exemplum
2651 4066 2920 4138 episcopi.
2952 4066 3058 4122 Sed
3087 4066 3227 4121 falsa
3255 4064 3666 4121 dissertationis

1966 4154 2074 4210 sibi
2102 4155 2290 4210 missa
2320 4161 2661 4226 argumenta
2689 4155 2813 4210 fuse
2842 4154 3041 4222 diluit;
3085 4155 3164 4210 sic
3194 4159 3384 4210 tamen
3417 4158 3480 4210 ut
3510 4153 3570 4208 in
3596 4152 3666 4206 iis

1965 4243 2298 4314 singulatim
2354 4243 2678 4299 refellendis
2734 4260 2852 4299 non
2903 4244 3258 4306 immoratur,
3292 4259 3405 4315 quo
3435 4242 3494 4297 in
3539 4241 3664 4296 aliis

1967 4333 2238 4404 operibus
2291 4329 2476 4402 magis
2533 4332 2868 4404 urgentibus
2927 4332 3109 4387 otium
3157 4348 3327 4387 suum
3365 4332 3667 4385 collocaret

1968 4421 2168 4492 (Epist.
2204 4422 2320 4491 36).
2357 4426 2500 4477 tum
2524 4422 2601 4476 ibi
2621 4421 2816 4476 laudat
2841 4420 3206 4476 Ambrosium
3231 4421 3292 4475 in
3323 4421 3444 4476 haec
3475 4420 3662 4486 verba,

1965 4511 2221 4566 Indicabo
2259 4511 2380 4577 tibi,
2413 4511 2548 4580 quid
2580 4512 2718 4565 mihi
2756 4511 2821 4564 de
2866 4510 2960 4566 hoc
2989 4511 3288 4580 requirenti
3330 4508 3666 4579 responderit

1967 4599 2302 4654 venerandus
2333 4600 2670 4666 Ambrosius,
2705 4616 2739 4653 a
2761 4615 2863 4668 quo
2894 4599 3203 4670 baptizatus
3231 4614 3370 4665 sum,
3403 4596 3666 4652 Mediola-

1966 4690 2147 4742 nensis
2161 4689 2440 4758 episcopus
2461 4687 2708 4758 (lbid.,n.
2741 4689 2828 4754 32)
2846 4685 3056 4753 ;locum
3077 4686 3174 4741 dat
3194 4684 3518 4756 suspicandi
3535 4699 3667 4739 eum

1968 4775 2213 4831 scribere
2235 4780 2364 4830 ante
2392 4775 2677 4830 Ambrosii
2707 4774 2946 4841 obitum,
2969 4774 3068 4846 qui
3087 4791 3237 4829 anno
3266 4773 3666 4829 trecentesimo

1967 4863 2338 4935 nonagesimo
2385 4863 2650 4935 septimo,
2694 4862 2876 4935 pridie
2926 4863 3210 4918 Paschatis
3261 4862 3517 4934 contigit.
3563 4861 3665 4916 Cui

1968 4953 2226 5025 opinioni
2253 4951 2398 5007 nihil
2435 4952 2670 5007 interest
2700 4951 2994 5022 refragari.

2647 5041 2874 5096 CAPUT
2913 5041 3003 5097 Χῐ.

1974 5135 1993 5187 ι
2029 5133 2106 5187 De
2135 5130 2290 5185 libris
2320 5129 2395 5184 ad
2423 5131 2839 5200 Simplicianum
2868 5130 3208 5199 conscriptis,
3249 5143 3352 5198 quo
3391 5129 3448 5181 in
3487 5125 3665 5180 labore

2037 5219 2526 5290 praedestinationis
2555 5221 2752 5273 veritas
2780 5219 2865 5272 illi
2897 5234 2932 5272 a
2971 5220 3073 5272 Deo
3100 5217 3386 5270 reveletur.
3419 5216 3452 5266 2
3481 5212 3656 5278 Quan-

2040 5307 2235 5362 donam
2284 5307 2421 5362 editi
2455 5310 2564 5362 sint
2595 5308 2758 5362 iidem
2787 5306 2935 5361 libri.
2971 5309 3000 5360 3
3028 5304 3328 5375 Epistolam
3356 5299 3664 5367 Manichzi,

2039 5411 2202 5465 quam
2231 5397 2494 5452 vocabant
2522 5395 2900 5462 Fundamenti,
2923 5394 3123 5460 refellit
3139 5391 3498 5458 Augustinus.
3525 5391 3552 5441 li
3577 5389 3661 5442 Li-

2040 5485 2194 5540 brum
2222 5485 2335 5540 edit
2363 5485 2430 5540 de
2454 5485 2640 5552 Agone
2668 5485 2983 5539 christiano.

2045 5577 2092 5630 ί.
2126 5575 2241 5630 Hoc
2269 5590 2419 5631 anno
2448 5573 2634 5643 pridie
2667 5587 2842 5626 nonas
2869 5567 3064 5640 aprilis
3088 5581 3153 5622 ex
3183 5566 3287 5620 bac
3319 5563 3434 5622 vita
3463 5563 3668 5636 migra-
