4060 6384
408 264 510 317 259
1643 255 1806 311 \‘l'l‘A
1843 254 1896 310 s.
1939 253 2312 311 AUGUSTlNl
2357 233 2690 310 Ebiscori.

401 383 487 438 .vit
514 380 866 450 Ambrosius,
907 379 999 435 cui
1041 358 1308 434 successit
1344 377 1770 450 Simplicianus.
1801 379 1972 434 Hune
1996 382 2115 436 Au-

409 473 670 544 gustinus
701 469 1001 526 Mediolani
1028 472 1279 532 noverat,
1313 468 1548 540 ejusque
1578 467 1850 538 consiliis,
1881 484 2011 523 cum
2043 467 2114 522 de

410 577 514 616 sua
542 560 910 615 conversione
935 559 1056 631 jam
1085 557 1234 613 serio
1265 557 1559 629 cogitaret,
1593 573 1728 612 usus
1758 557 1954 612 fuerat.
1988 558 2113 612 Jam

409 655 535 705 tum
551 650 610 704 in
631 667 698 704 eo
726 651 1032 720 paternum
1058 646 1345 713 affectum,
1374 663 1487 718 quo
1519 645 1998 716 benignissimum
2019 660 2115 700 cor

411 739 564 795 illius
593 736 846 806 ardebat,
885 737 1070 791 fuerat
1104 739 1370 808 expertus
1415 737 1608 805 (Epist.
1652 738 1740 804 37,
1771 751 1827 790 η.
1873 736 1940 804 l).
1974 736 2112 790 Cum

413 827 617 884 deinde
648 825 998 897 Augustinus
1028 824 1089 879 in
1115 824 1284 879 variis
1319 823 1812 878 lucubrationibus
1839 823 2112 878 desudas-

413 909 516 986 siet,
548 931 744 971 earum
772 914 1064 968 nonnulla:
1087 913 1146 968 in
1164 913 1518 983 Simpliciaui
1544 929 1744 967 manus
1767 912 2111 978 inciderunt,

413 1022 555 1078 quas
585 1004 677 1059 ille
710 1019 838 1059 cum
870 1002 1145 1074 singulari
1164 1002 1344 1056 animi
1366 1002 1649 1073 voluptate
1672 1000 1936 1072 perlegit.
1968 1001 2113 1066 Quin

415 1093 586 1148 etiam
610 1109 712 1163 per
741 1091 954 1146 litteras
985 1090 1304 1162 Augustino
1337 1089 1698 1161 signiﬁcavit,
1730 1089 1880 1142 illius
1913 1106 1971 1142 se
2002 1094 2115 1143 stu-

414 1181 640 1236 diosum
660 1197 722 1234 ac
749 1197 1062 1234 memorem
1090 1180 1158 1234 de
1181 1179 1343 1234 donis
1360 1177 1630 1232 divinitus
1660 1177 1712 1231 ei
1743 1177 1957 1232 collatis
1985 1193 2112 1248 gra-

415 1269 585 1324 tulari
618 1285 631 1324 :
665 1269 831 1323 simul
872 1268 1214 1340 quaestiones
1261 1267 1472 1337 aliquot
1513 1266 1595 1321 illi
1627 1265 1943 1338 proposuit,
1975 1282 2115 1337 quas

414 1375 529 1412 uno
554 1357 744 1412 libello
768 1356 1000 1411 enodari
1028 1357 1098 1410 ab
1122 1373 1187 1410 eo
1208 1355 1528 1426 postulabat
1550 1353 1646 1424 (De
1667 1354 1893 1409 diversis
1916 1354 2110 1420 Quaest.

415 1447 490 1501 ad
518 1447 951 1516 Simplicianum,
985 1446 1074 1500 lib.
1109 1448 1161 1507 2,
1196 1448 1383 1514 quaest.
1419 1444 1493 1514 6).
1529 1443 1900 1514 Augustinus,
1943 1458 2114 1512 quem

415 1536 658 1590 illustria
687 1541 803 1589 tam
835 1537 1011 1589 sancti
1041 1533 1145 1587 viri
1179 1533 1380 1588 merita
1403 1549 1518 1586 non
1547 1532 1818 1598 latebant,
1853 1531 2003 1586 illius
2036 1531 2116 1586 di-

415 1623 668 1678 lectionis
698 1623 908 1677 iudicia
937 1622 1406 1693 suffragiumque,
1448 1638 1560 1692 quo
1593 1620 1896 1674 litterarios
1937 1619 2116 1690 ipsius

413 1712 637 1766 labores
668 1711 1097 1782 comprobabat,
1121 1711 1248 1765 laeto
1269 1710 1462 1764 animo
1485 1708 1730 1780 excepit;
1753 1713 1907 1763 ratus
1938 1709 2115 1762 Deum

413 1799 469 1854 id
500 1799 681 1853 solatii
714 1799 862 1853 curis
891 1798 1008 1852 suis
1039 1799 1241 1852 allerre
1262 1797 1524 1866 voluisse,
1548 1813 1677 1851 cum
1701 1812 1924 1868 semper
1953 1800 2117 1850 antea

413 1886 648 1959 pavidus
682 1905 802 1942 esse
834 1891 1135 1959 cogeretur
1165 1903 1227 1942 ac
1257 1886 1550 1953 sollicitus,
1582 1902 1654 1939 ne
1685 1885 1825 1956 quid
1853 1884 1914 1939 in
1943 1901 2116 1956 crpo-

414 1977 617 2032 nendis
645 1976 950 2048 Scripturis
976 1982 1075 2031 aut
1104 1993 1206 2047 per
1235 1975 1520 2030 inscitiam
1567 1978 1666 2028 aut
1705 1991 1809 2046 per
1837 1974 2116 2029 incuriam

413 2065 788 2137 delinqueret.
823 2065 987 2129 Quod
1027 2065 1096 2120 ad
1135 2065 1475 2136 qurestiones
1507 2062 1725 2130 attinet,
1760 2079 1899 2135 quas
1930 2061 2038 2118 sibi
2087 2080 2116 2115 a

412 2153 780 2226 Simpliciano
813 2155 965 2208 velut
993 2153 1251 2224 piissimo
1281 2158 1442 2224 patre
1471 2152 1786 2224 propositas
1825 2151 1999 2206 fuisse
2031 2151 2116 2206 di-

414 2241 510 2309 cit,
547 2259 662 2296 non
695 2247 753 2297 ut
799 2242 869 2296 ab
912 2243 1038 2313 ipso
1086 2242 1386 2314 quidpiam
1413 2241 1671 2306 disceret,
1706 2239 1803 2295 sed
1835 2245 1896 2294 ut
1925 2241 2110 2310 explo-

413 2336 568 2386 raret
599 2330 1010 2402 proﬁcientem,
1060 2335 1116 2385 et
1160 2330 1492 2384 emendaret
1520 2333 1838 2395 errantem;
1882 2331 2118 2381 testatur

414 2435 472 2473 se
499 2436 612 2473 non
647 2423 1038 2473 contumacem
1088 2419 1274 2485 modo,
1307 2419 1404 2473 sed
1438 2417 1729 2488 ingratum
1759 2415 1930 2470 etiam
1959 2416 2115 2469 futu-

414 2523 547 2561 rum
577 2506 769 2573 fuisse,
797 2507 909 2561 nisi
938 2507 1019 2561 eis
1050 2506 1434 2577 respondisset
1463 2505 1647 2575 (lbid.,
1671 2507 2114 2575 ὑιΡνεεῙαιίοηε).

415 2597 602 2661 Quare
633 2610 762 2649 cum
790 2595 901 2649 illa:
932 2595 1274 2667 quaestiones
1299 2594 1512 2665 partim
1543 2598 1731 2648 essent
1760 2592 1828 2646 de
1871 2592 2119 2663 Epistola

416 2684 486 2738 ad
511 2685 821 2752 Romanos,
841 2683 1046 2755 partim
1071 2683 1139 2738 de
1160 2683 1319 2737 libris
1351 2683 1601 2753 Regum;
1635 2681 1776 2736 duos
1798 2681 2120 2751 composuit

416 2772 613 2838 libros,
646 2771 899 2843 priorem
939 2771 1171 2844 quidem
1205 2771 1272 2826 de
1304 2771 1719 2844 quaestionibus
1764 2770 1823 2825 in
1853 2771 2115 2838 Paulum,

415 2877 544 2932 qua:
575 2860 702 2914 duae
730 2860 965 2915 omnino
997 2865 1186 2928 erant;
1221 2860 1598 2931 posteriorem
1636 2876 1768 2914 vero
1802 2859 1870 2914 de
1900 2858 2118 2913 cateris

415 2949 849 3020 qumstionibus,
898 2966 1142 3021 quarum
1173 2949 1574 3021 propheticum
1628 2965 1856 3003 sensum
1887 2946 2117 3018 Simpli-

413 3038 610 3092 cianus
659 3038 1002 3110 requirebat.
1048 3039 1112 3092 Et
1152 3037 1249 3092 illa
1297 3037 1548 3109 quidem,
1585 3054 1714 3109 qua:
1746 3037 1815 3091 de
1846 3036 2117 3107 Apostolo

412 3127 770 3182 dissolvenda
800 3127 1202 3198 Simplicianus
1232 3128 1607 3198 proponebat,
1647 3127 1769 3197 jam
1809 3126 1879 3179 ab
1920 3128 2117 3195 Augu-

415 3216 564 3270 stino
616 3215 868 3269 discussa
906 3217 1154 3284 fuerant,
1198 3215 1513 3287 litterisque
1547 3215 1817 3269 mandata
1849 3231 1864 3268 τ
1895 3214 1993 3268 sed
2021 3213 2118 3267 ille

414 3308 571 3358 ratus
609 3304 1041 3375 Simplicianum
1085 3320 1150 3358 ca
1184 3304 1292 3359 sibi
1319 3304 1748 3375 propositurum
1779 3319 1894 3357 non
1922 3302 2116 3369 fuisse,

415 3393 463 3447 si
492 3409 691 3447 sensus
721 3409 920 3448 eorum
945 3392 1125 3448 facilis
1155 3393 1300 3447 foret
1331 3410 1392 3447 ac
1422 3392 1718 3463 expeditus
1750 3408 1762 3445 :
1795 3407 1867 3445 ne
1890 3390 2028 3462 quid
2061 3389 2119 3444 in

413 3480 596 3552 priori
628 3480 983 3535 discussione
1014 3479 1374 3550 negligenter
1400 3479 1789 3550 prasteriisset,
1813 3495 1879 3533 ea
1898 3477 2118 3532 cautius

415 3569 605 3624 denuo
639 3569 1021 3640 attentiusque
1061 3568 1298 3622 rimatus
1338 3574 1442 3623 est.
1486 3571 1566 3622 Ac
1614 3585 1673 3622 re
1721 3567 1954 3639 quidem
1998 3566 2118 3638 ipsa

413 3673 545 3712 cum
576 3657 814 3712 alteram
845 3657 1223 3729 quaestionem
1261 3657 1329 3712 de
1359 3657 1448 3712 his
1477 3656 1736 3728 Apostoli
1767 3655 2120 3726 verbis,Quid

414 3747 576 3801 habes
606 3747 752 3816 quod
770 3763 875 3801 non
896 3747 1153 3816 accepisti
1182 3747 1225 3818 (Ι
1258 3747 1376 3803 Cor.
1409 3761 1485 3814 Iv,
1519 3745 1619 3814 7)?
1649 3746 1716 3800 ad
1736 3745 2014 3800 trutinam
2037 3761 2120 3799 re-

410 3841 681 3902 vocasset,
719 3835 957 3890 mutavit
985 3834 1322 3890 sententiam
1352 3834 1409 3888 in
1442 3851 1552 3906 qua
1581 3834 1741 3905 prius
1767 3834 2121 3904 fuerat,arbi-

410 3928 592 3979 tratus
623 3924 797 3980 ﬁdem
828 3941 948 3979 esse
980 3925 1048 3979 ab
1082 3924 1312 3979 homine
1341 3925 1434 3997 (De
1460 3925 1719 3979 Prwdest.
1751 3927 1948 3992 sanct.,
1983 3938 2027 3977 c.
2061 3924 2117 3992 4,

406 4029 466 4068 η.
486 4015 818 4085 8),eumque
832 4017 958 4084 post
975 4013 1227 4067 veritatis
1240 4013 1593 4084 prreconium
1611 4029 1668 4068 se
1686 4013 1755 4067 ad
1768 4012 2118 4067 credendum

410 4106 509 4156 aut
537 4119 654 4156 non
691 4101 1040 4157 credendum
1093 4101 1476 4156 determinare
1515 4101 1767 4172 propriae
1809 4099 2118 4155 voluntatis

411 4189 648 4245 arbitrio
669 4189 853 4257 (Ibid.,
875 4205 931 4243 η.
956 4189 1030 4259 7).
1057 4189 1208 4242 Hanc
1224 4205 1386 4243 suam
1398 4188 1893 4260 sententiam,quce
1912 4187 2118 4242 deinde

413 4277 1005 4348 Semipelagianorum
1050 4275 1175 4342 fuit,
1225 4276 1285 4330 in
1328 4276 1623 4330 nonnullis
1651 4275 1957 4347 opusculis,
1989 4292 2118 4347 quae

415 4365 721 4436 scripserat
759 4364 948 4419 adhuc
991 4364 1306 4435 presbyter,
1349 4363 1714 4419 indicaverat.
1749 4365 1959 4429 Verum
1989 4380 2121 4418 cum

412 4470 516 4508 usu
560 4457 617 4508 et
643 4451 1044 4508 exercitatione
1084 4451 1370 4507 scribendi
1411 4451 1752 4524 legendique
1794 4451 2116 4523 proﬁceret,

412 4541 620 4597 clarius
649 4541 709 4597 in
747 4542 854 4597 hoc
883 4557 1075 4613 opere,
1110 4557 1281 4612 quam
1316 4541 1453 4595 alias
1481 4557 1759 4612 unquam,
1790 4540 2020 4595 initium
2049 4541 2116 4596 ﬁ-

410 4629 502 4686 dei
529 4630 766 4702 perinde
797 4647 861 4685 ac
911 4629 1193 4685 bonorum
1241 4645 1483 4701 operum
1526 4629 2000 4701 consequentium
2035 4647 2118 4684 se-

410 4718 580 4790 riem,
610 4719 822 4774 donum
855 4719 954 4774 Dei
996 4735 1116 4775 esse
1159 4735 1226 4773 ex
1259 4717 1451 4774 divina
1478 4718 1824 4773 revelatione
1851 4719 2118 4789 cognovit

413 4807 512 4877 (De
537 4811 679 4864 Dono
703 4811 1140 4878 perseverantia,
1162 4824 1208 4864 ο.
1231 4811 1321 4875 20,
1349 4823 1403 4863 n.
1436 4809 1552 4879 52).
1577 4807 1664 4863 Sic
1685 4812 1987 4880 postquam
2008 4824 2114 4878 pro

410 4895 917 4952 liberolaborasset
945 4897 1203 4968 arbitrio,
1229 4897 1460 4952 tandem
1485 4897 1792 4968 aliquando
1819 4895 1914 4950 Dei
1933 4896 2118 4967 gratia

409 4984 546 5040 vicit
572 4987 884 5055 (Retractat.
915 4987 1012 5042 lib.
1045 4989 1097 5053 2,
1120 5002 1243 5056 cap.
1280 4989 1330 5054 1,
1351 5002 1404 5041 η.
1437 4986 1513 5056 1).
1548 4986 1612 5039 In
1637 4984 1938 5056 posteriori
1960 4984 2115 5038 enim

404 5077 573 5146 .parte
597 5073 805 5144 prioris
835 5073 967 5129 libri
1022 5074 1219 5129 statuit
1256 5075 1411 5128 velut
1440 5089 1560 5128 rem
1592 5074 1827 5127 minime
1858 5073 2112 5137 dubiam,

409 5162 653 5233 gratiam
685 5163 785 5217 Dei
813 5179 929 5216 non
959 5162 1270 5218 secundum
1293 5163 1497 5217 merita
1517 5167 1712 5216 nostra
1733 5162 1878 5216 dari.
1911 5163 2116 5217 Probat

409 5250 584 5306 etiam
635 5249 868 5305 initium
911 5250 1046 5305 ﬁdei
1077 5267 1197 5306 esse
1225 5251 1443 5306 donum
1479 5249 1604 5306 Dei.
1646 5252 1707 5305 Et
1738 5267 1803 5304 ea
1831 5250 2116 5322 principia

409 5339 594 5412 ponit,
645 5356 713 5395 ex
751 5338 960 5412 quibus
1002 5339 1166 5394 facile
1205 5339 1277 5394 sit
1305 5337 1537 5407 inferre,
1579 5339 1708 5394 licet
1738 5339 1798 5394 id
1827 5339 2116 5409 conceptis

317 5425 320 5428 ’
407 5428 595 5484 verbis
611 5445 730 5484 non
752 5429 1031 5497 dicat,nos
1050 5427 1534 5500 perseverantiam
1557 5445 1733 5500 usque
1747 5428 1806 5482 in
1824 5427 2000 5482 ﬁnem
2021 5428 2118 5482 ha-

407 5515 545 5573 bere
559 5533 677 5575 non
696 5517 1000 5590 posse,nisi
1018 5516 1090 5573 ab
1113 5532 1182 5573 eo
1199 5515 1300 5592 qui
1317 5532 1422 5572 nos
1442 5516 1509 5573 ad
1533 5531 1776 5587 regnum
1800 5519 1854 5571 et
1872 5514 2118 5588 gloriam

3833 261 3940 313 260

2225 395 2387 434 suam
2417 375 2859 450 praedestinavit,
2893 375 3057 432 nobis
3086 377 3409 432 conferatur
3457 379 3556 450 (De
3581 381 3735 435 Dono
3767 396 3950 450 perse-

2223 485 2362 540 vera,
2392 484 2437 524 c.
2470 471 2618 535 21,13.
2650 466 2757 538 55).
2787 466 3171 532 Quamobrem
3202 469 3552 540 Prosperum
3573 473 3629 524 et
3651 469 3947 524 Hilarium

2225 563 2403 630 rogat,
2431 563 2494 612 ut
2522 558 2626 612 hoc
2655 574 2798 628 opus
2819 555 3284 623 Massiliensibus,
3319 558 3420 630 qui
3437 558 3766 613 doctrinam
3793 559 3948 614 hanc

2224 646 2660 718 impugnabant,
2706 650 2907 701 curent
2944 647 3379 718 perlegendum,
3423 647 3473 703 si
3517 647 3718 703 forsan
3748 649 3948 704 adhuc

2225 753 2342 791 non
2359 735 2604 807 legerint
2625 735 2722 804 (De
2743 735 2998 791 Praedest.
3020 741 3218 803 sanct.,
3235 752 3282 790 c.
3299 737 3352 802 4,
3373 752 3429 790 η.
3453 737 3529 806 8).
3554 737 3647 792 Sic
3662 737 3807 793 ﬁdei
3825 754 3947 792 sua:

2226 827 2475 880 fructum
2499 823 2942 896 percepit,cujus
2965 824 3216 896 impulsu
3245 825 3315 879 ad
3333 825 3784 897 Simplicianum
3805 827 3949 882 scri-

2228 920 2432 986 pserat,
2468 931 2548 983 se,
2578 914 2710 970 licet
2735 913 3080 986 quaestiones
3113 914 3184 968 ab
3216 932 3283 968 eo
3316 914 3422 968 sibi
3450 916 3804 986 propositas,
3841 934 3946 970 sua

2227 1005 2489 1059 tarditate
2539 1004 2883 1074 implicatus,
2923 1003 3114 1057 minus
3148 1002 3513 1073 intelligeret,
3557 1005 3681 1074 ejus
3737 1012 3946 1059 tamen

2229 1093 2446 1148 meritis
2466 1093 2672 1146 fretum
2698 1093 2820 1145 illas
2843 1097 3176 1162 aperturum
3207 1092 3411 1162 (Epist.
3446 1095 3535 1161 37,
3566 1109 3620 1147 η.
3655 1095 3732 1163 3).
3769 1095 3841 1147 Et
3870 1094 3945 1147 ad

2227 1183 2467 1236 alteram
2485 1181 2860 1253 quaestionem
2883 1179 3126 1251 gradum
3153 1180 3383 1245 faciens,
3411 1185 3649 1237 testatur
3668 1200 3731 1235 se
3753 1182 3942 1252 ipsius

2226 1271 2492 1342 precibus
2531 1270 2812 1340 adjutum,
2860 1286 2979 1324 rem
3026 1269 3169 1324 adeo
3207 1269 3514 1340 implexam
3545 1275 3603 1323 et
3629 1271 3942 1324 obscuram

2227 1359 2465 1431 aggredi
2516 1375 2528 1413 :
2562 1375 2691 1413 cum
2730 1363 2914 1412 certus
2949 1356 3022 1412 sit
3051 1374 3152 1428 pro
3179 1358 3304 1428 ejus
3335 1374 3470 1429 erga
3499 1376 3557 1413 se
3585 1358 3946 1414 benevolen-

2228 1447 2324 1513 tia,
2375 1462 2673 1518 nunquam
2704 1463 2836 1500 eum
2861 1446 3158 1516 jussurum
3206 1445 3402 1511 fuisse,
3451 1450 3516 1501 ut
3559 1445 3686 1501 hac
3728 1465 3942 1500 arcana

2227 1540 2530 1601 reserarat,
2553 1535 2664 1588 nisi
2690 1534 2858 1588 simul
2881 1534 3082 1588 fuisset
3102 1552 3133 1588 a
3156 1535 3268 1588 Deo
3291 1534 3627 1604 deprecatus
3660 1541 3724 1590 ut
3748 1543 3944 1605 posset

2230 1623 2324 1693 (De
2355 1623 2580 1677 diversis
2613 1623 2806 1689 Quaest.
2839 1622 2913 1677 ad
2931 1624 3201 1692 Simplic.,
3234 1623 3328 1677 lib.
3358 1627 3411 1686 2,
3445 1629 3630 1693 quasi.
3670 1628 3724 1694 l,
3749 1627 3942 1694 Pref].

2228 1712 2657 1783 Simplicianum
2684 1711 2900 1782 pariter
2930 1716 3107 1782 rogat,
3138 1715 3194 1766 ul
3225 1711 3287 1766 in
3333 1712 3440 1766 hoc
3465 1730 3660 1784 opere,
3690 1713 3944 1786 aliisque

2227 1819 2355 1873 qum
2387 1801 2444 1856 in
2473 1818 2676 1855 manus
2706 1800 2860 1855 illius
2889 1801 3032 1855 forte
3064 1801 3450 1872 pervenirent,
3477 1818 3594 1856 non
3623 1804 3816 1858 solum
3851 1820 3947 1858 cu-

2228 1907 2353 1946 ram
2383 1890 2622 1961 legentis
2643 1889 2960 1959 impendat,
2989 1891 3083 1944 sed
3117 1890 3288 1944 etiam
3311 1907 3611 1944 censuram
3643 1893 3945 1961 corrigen-

2232 1979 2302 2034 tis
2339 1983 2591 2032 assumat
2618 1979 2814 2048 (Epist.
2849 1981 2937 2045 37,
2970 1995 3027 2034 u.
3063 1981 3139 2048 3).
3168 1979 3230 2032 Et
3251 1979 3308 2032 in
3337 1983 3591 2033 extrema
3621 1979 3756 2033 libri
3790 1980 3947 2033 clau-

2229 2067 2371 2133 sula,
2397 2073 2698 2137 postquam
2719 2082 2821 2136 pro
2842 2065 2958 2119 suis
2983 2065 3184 2120 erratis
3207 2082 3401 2137 preces
3421 2066 3491 2120 ab
3513 2083 3580 2120 eo
3594 2067 3940 2138 postulavit:

2227 2157 2557 2210 Sententiam
2612 2170 2756 2223 vero,
2787 2153 2994 2225 inquit,
3044 2153 3109 2208 de
3150 2154 3244 2208 hoc
3288 2171 3444 2224 opere
3490 2161 3638 2209 tuam
3681 2156 3942 2211 brevissi-

2227 2258 2390 2308 mam,
2419 2241 2513 2296 ,ςρά
2540 2243 2924 2308 gravissimam
2952 2243 3170 2308 ﬂagito;
3192 2246 3240 2295 et
3270 2240 3398 2295 dum
3425 2243 3497 2296 sit
3529 2244 3842 2308 verissima,
3864 2260 3942 2297 sc—

2226 2333 2564 2385 vcrissimam
2592 2347 2697 2384 non
2744 2344 2925 2383 recuso
2959 2331 3053 2399 (De
3077 2329 3306 2383 diversis
3339 2329 3533 2396 Quaest.
3570 2331 3645 2384 ad
3685 2331 3939 2402 Simplic.

2230 2420 2324 2475 lib.
2358 2423 2414 2487 2,
2447 2423 2636 2488 quasi.
2691 2421 2759 2487 6).
2793 2419 2946 2472 Inter
2991 2417 3336 2488 quaestiones
3385 2417 3469 2472 illi
3500 2435 3531 2472 a
3560 2418 3939 2490 Simpliciano

2229 2507 2546 2580 propositas
2579 2523 2691 2561 una
2719 2511 2841 2560 erat
2867 2506 2936 2560 de
2968 2507 3318 2578 pythonissa,
3351 2523 3480 2578 qua:
3512 2507 3796 2563 Samuelis
3817 2506 3939 2561 ani-

2229 2614 2384 2651 mam
2417 2594 2582 2651 Sai'ili
2602 2595 2856 2650 exhibuit
2887 2595 3076 2665 (Ibid.,
3109 2600 3297 2665 quaest.
3331 2595 3406 2664 3).
3429 2596 3566 2650 Cum
3588 2599 3786 2666 postea
3809 2596 3942 2649 Dul-

2229 2683 2396 2739 citius
2424 2684 2588 2738 illum
2620 2684 2817 2738 eadem
2849 2682 2916 2738 de
2946 2700 3006 2738 re
3035 2683 3432 2753 consuluisset,
3464 2700 3530 2738 ea
3558 2701 3688 2755 qum
3713 2684 3839 2755 jam
3869 2683 3939 2737 ad

2230 2773 2664 2844 Simplicianum
2695 2773 3015 2844 scripserat,
3049 2772 3408 2828 Solummodo
3438 2773 3684 2842 repetiit.
3714 2772 3936 2842 Adjecit

2230 2863 2424 2915 tamen
2456 2860 2527 2915 ad
2557 2861 2766 2914 calcem
2798 2859 3006 2932 operis,
3036 2860 3216 2915 videri
3246 2860 3373 2927 sibi,
3400 2879 3469 2916 ex
3498 2861 3587 2915 bis
3619 2878 3751 2932 qua:
3783 2866 3938 2930 post-

2231 2948 2470 3004 modum
2518 2948 2577 3003 in
2616 2949 3000 3004 Ecclesiastico
3035 2950 3422 3021 comperisset,
3459 2966 3576 3005 non
3607 2950 3934 3005 simulatam

2230 3037 2507 3093 Samuelis
2545 3037 2857 3109 imaginem
2904 3037 3156 3109 maligno
3206 3039 3556 3110 pythonisste
3612 3039 3934 3093 ministerio

2230 3130 2652 3198 prmsentatam,
2682 3127 2780 3181 sed
2811 3127 3133 3181 Samuelem
3154 3127 3342 3198 ipsum
3375 3127 3620 3182 adfuisse
3646 3127 3928 3198 spectabi-

2230 3217 2342 3271 lem
2375 3215 2468 3286 (De
2499 3219 2610 3270 octo
2639 3216 2864 3270 Dulcitii
2891 3216 3111 3285 Quzest.,
3143 3223 3329 3284 quaest.
3363 3219 3413 3279 6,
3444 3232 3500 3270 η.
3534 3217 3604 3282 5).

2301 3307 2353 3358 2.
2390 3303 2504 3358 Etsi
2533 3303 2882 3375 Augustinus
2912 3321 3110 3358 eorum
3140 3305 3439 3371 librorum,
3464 3321 3608 3376 quos
3627 3305 3932 3376 episcopus

2230 3392 2560 3461 elaboravit,
2584 3393 2799 3465 primos
2825 3410 2943 3448 esse
2961 3393 3104 3448 duos
3122 3393 3190 3448 ad
3210 3393 3646 3465 Simplicianum
3671 3393 3925 3466 (Retract.

2230 3481 2325 3536 tib.
2351 3485 2403 3550 2,
2433 3497 2553 3551 cap.
2591 3484 2640 3545 1,
2671 3498 2727 3536 η.
2765 3484 2833 3552 l),
2867 3498 3078 3553 eosque
3106 3481 3167 3537 in
3198 3482 3428 3537 exordio
3458 3482 3546 3537 sui
3575 3484 3933 3555 episcopatus

2231 3569 2467 3640 scriptos
2511 3588 2543 3623 a
2594 3585 2652 3624 se
2694 3573 2932 3625 testatur
2982 3571 3077 3640 (De
3124 3571 3379 3626 Praedcst.
3428 3577 3599 3627 sanet.-
3646 3588 3704 3629 η.
3749 3576 3811 3639 8;
3865 3576 3932 3628 De

2231 3662 2376 3715 Dono
2417 3675 2708 3729 persever.,
2752 3676 2808 3715 η.
2848 3663 2955 3728 55),
2988 3659 3130 3714 nihil
3169 3661 3225 3715 id
3251 3661 3437 3716 obstat
3466 3660 3780 3732 quominus
3807 3662 3931 3715 illos

2228 3747 2287 3801 in
2311 3763 2525 3801 annum
2556 3748 3022 3803 trecentesimum
3043 3748 3484 3818 nonagesimum
3513 3749 3826 3820 septimum
3841 3767 3930 3805 re-

2227 3834 2388 3906 jiciat
2402 3837 2648 3891 Joannes
2678 3835 2892 3903 Rivius,
2915 3835 3070 3890 haud
3099 3835 3304 3891 dubius
3334 3853 3468 3891 sane
3498 3836 3930 3908 Simplicianum

2223 3926 2347 3996 jam
2377 3928 2499 3979 tum
2530 3940 2650 3979 esse
2681 3925 3012 3996 episcopum
3046 3927 3273 3992 (Rivius,
3312 3942 3479 3994 pagg.
3518 3928 3638 3993 l25,
3671 3928 3797 3997 636)
3835 3926 3930 3980 :iu

2232 4029 2345 4083 quo
2379 4012 2604 4067 Baronii
2637 4011 2976 4066 sententiam
3007 4011 3229 4067 videtur
3257 4017 3484 4067 secutus
3514 4013 3822 4084 (Baronius,
3862 4014 3932 4068 ad

2231 4118 2358 4157 anu.
2390 4104 2515 4172 397,
2543 4100 2727 4170 11.55).
2752 4101 2887 4156 Ausi
2913 4118 3028 4156 non
3050 4119 3249 4158 sumus
3267 4103 3336 4158 ab
3353 4109 3597 4174 utroque
3615 4103 3928 4170 discedere,

2231 4206 2361 4245 cum
2391 4190 2451 4244 in
2479 4189 2634 4244 hisce
2667 4189 2825 4244 libris
2864 4191 3220 4261 Augustinus
3248 4191 3680 4263 Simplicianum
3710 4197 3932 4263 patrem

2231 4295 2400 4332 suum
2443 4279 2693 4349 appellet
2745 4278 2940 4350 (Epist.
2983 4283 3072 4346 37,
3120 4281 3276 4334 titulo
3313 4285 3364 4334 et
3393 4297 3448 4335 η.
3501 4284 3557 4346 l;
3590 4283 3664 4334 De
3703 4281 3932 4335 diversis

2233 4368 2626 4434 qustionibus
2670 4367 2744 4421 ad
2783 4366 3203 4436 Simplicianum
3255 4368 3346 4422 lib.
3386 4370 3432 4434 l,
3468 4371 3526 4422 in
3558 4371 3930 4438 Prw/atmiis),

2231 4461 2626 4528 perpetuoque
2674 4461 2888 4509 asserat
2934 4455 3223 4525 scripsisse
3265 4473 3322 4510 se
3352 4456 3407 4511 id
3439 4457 3648 4527 operis,
3681 4474 3836 4512 nunc
3863 4459 3933 4511 ad

2231 4543 2666 4614 Simplicianum
2698 4543 2952 4598 Ecclesiae
2984 4544 3417 4600 Mediolauensis
3437 4545 3935 4608 autistitem,nunc

2231 4633 2298 4688 ad
2357 4632 2789 4704 Simplicianum
2842 4632 3172 4704 episcopum
3201 4633 3636 4689 Mediolannesis
3670 4633 3930 4688 Ecclesiae

2239 4724 2497 4792 (Retract.
2531 4722 2625 4776 lib.
2655 4725 2710 4788 2,
2741 4737 2862 4792 cap.
2899 4726 2947 4789 1,
2976 4725 3044 4776 De
3064 4724 3209 4776 Dono
3220 4738 3512 4792 pcrseeer.,
3539 4738 3586 4778 c.
3612 4725 3701 4789 2t,
3732 4739 3784 4777 η.
3817 4722 3928 4791 55),

2229 4809 2408 4865 sancti
2437 4809 2720 4864 Ambrosii
2752 4825 3154 4866 successorem.
3197 4811 3292 4880 (De
3332 4811 3586 4866 Prazdest.
3636 4815 3833 4877 sanet,
3871 4828 3927 4866 τι.

2229 4901 2286 4970 8)
2305 4903 2430 4966 ;aut
2449 4899 2588 4953 alias
2609 4897 2906 4966 dicat,rem
2927 4915 2957 4952 a
2980 4913 3038 4953 se
3057 4898 3348 4969 quaesiisse
3366 4898 3800 4968 Simplicianum
3820 4900 3926 4953 Me-

2230 4988 2623 5042 diolanensem
2651 4988 2984 5059 episcopum
3018 4987 3108 5058 (De
3136 4991 3250 5042 octo
3267 4989 3493 5042 Dulcitii
3513 4987 3927 5054 Quzstionibus,

2230 5080 2418 5146 quaest.
2453 5079 2576 5142 6,11.
2608 5077 2661 5148 2)
2698 5091 2710 5131 :
2744 5091 3043 5146 nunquam
3070 5079 3258 5130 autem
3278 5075 3710 5146 Simplicianum
3735 5081 3933 5146 postea

2229 5165 2440 5218 factum
2467 5164 2799 5236 episcopum
2829 5163 3048 5218 innuat.
3083 5163 3420 5236 Quanquam
3445 5179 3561 5217 non
3580 5167 3794 5217 temere
3823 5163 3931 5217 exi-

2230 5252 2450 5306 stimari
2482 5252 2680 5323 possit,
2717 5251 3150 5324 Simplicianum
3193 5251 3380 5306 adhuc
3409 5252 3834 5322 presbyterum,
3863 5251 3928 5304 ab

2229 5339 2572 5409 Augustino,
2603 5356 2708 5410 pro
2739 5338 3016 5411 singulari
3046 5340 3170 5410 ejus
3201 5356 3336 5411 erga
3363 5343 3591 5394 tantum
3623 5338 3809 5394 virum
3840 5338 3928 5392 ob-

2229 5429 2528 5496 servantia,
2563 5433 2786 5500 patrem
2816 5428 3170 5500 nuncupari;
3204 5427 3486 5501 siquidem
3510 5427 3631 5499 ipse
3661 5427 3924 5498 Augusti-

2228 5533 2338 5573 nus
2367 5533 2501 5574 eum
2528 5516 2816 5573 Ambrosii
2846 5517 2904 5573 in
2927 5517 3256 5589 accipienda
3283 5516 3490 5573 Christi
3511 5516 3695 5588 gratia
3712 5522 3922 5589 patrem
4028 5513 4034 5618 ι
