4060 6384
213 300 305 356 261
1686 304 1885 360 LIBER
1926 305 2060 370 QUA
2073 305 2267 360 RTUS.

211 425 492 493 nominat,
528 431 584 479 et
607 440 736 480 vere
767 430 832 482 ut
857 418 1082 498 patrem
1112 425 1181 481 ab
1213 426 1411 480 eodem
1443 427 1710 483 dilectum
1742 429 1913 484 fuisse

207 514 388 568 tradit
419 515 678 582 (Confess.
714 514 807 568 lib.
842 517 894 579 8,
927 531 1044 585 cap.
1081 518 1134 579 2,
1166 530 1228 571 η.
1270 517 1334 583 3).
1369 516 1698 570 Ambrosius
1728 517 1916 588 reipsa

206 603 644 675 Simplicianum
703 603 880 674 patris
922 605 1042 658 loco
1080 621 1138 658 se
1182 606 1365 658 colere
1401 605 1619 660 disertis
1675 607 1916 677 ipsemet

206 693 398 747 verbis
428 693 708 762 significat
743 709 756 747 :
791 709 924 748 nam
965 698 1020 746 et
1065 709 1195 748 eum
1243 699 1422 765 rogat,
1473 700 1535 748 ut
1574 712 1631 748 se
1665 696 1916 766 parentis

210 783 421 836 affectu
447 781 683 852 diligere
705 787 903 852 pergat
923 782 1113 852 (Apud
1132 783 1378 838 Ambros.
1403 787 1576 852 Epist.
1601 788 1688 849 65,
1711 801 1766 838 n.
1798 786 1875 846 10)
1898 801 1911 839 :

211 875 268 924 et
300 869 457 925 alibi.
500 872 702 925 Veteris
731 871 981 938 affectum
1011 875 1282 938 amicitiae,
1310 872 1513 942 inquit,
1545 879 1594 926 et
1623 874 1766 942 quod
1792 877 1916 942 plus

211 965 315 1026 est,
362 964 609 1029 paterna
657 961 850 1024 gratiae
878 975 1110 1013 amorem
1147 975 1482 1027 recognosco;
1524 976 1651 1014 nam
1680 967 1917 1015 refusius

216 1049 380 1101 habet
421 1048 638 1118 aliquid
679 1064 799 1102 eum
827 1049 1077 1117 pluribus
1105 1050 1471 1115 consociabile,
1509 1052 1726 1120 patrius
1767 1067 1920 1105 amor

214 1151 325 1190 non
357 1137 516 1191 habet
547 1137 726 1206 (ibid,
762 1139 931 1205 Epist.
973 1139 1061 1202 37,
1091 1154 1145 1192 η.
1184 1138 1256 1207 1).
1295 1138 1432 1193 Cum
1465 1143 1654 1192 autem
1686 1137 1915 1209 Simpli-

207 1225 440 1279 ciannm
480 1227 595 1278 tam
643 1225 951 1279 honorifice
1003 1225 1262 1280 habuerit
1327 1226 1676 1290 Ambrosius,
1732 1243 1915 1298 neque

212 1314 374 1367 deest
404 1314 554 1366 unde
585 1313 956 1384 Augustinus,
1003 1313 1100 1385 qui
1132 1314 1429 1368 Ambrosio
1460 1319 1514 1369 et
1546 1319 1711 1369 mtate
1749 1319 1802 1368 et
1830 1315 1915 1368 di-

211 1402 430 1472 gnitate
455 1401 689 1454 inferior
709 1405 849 1468 erat,
871 1403 1131 1456 eiimdem
1157 1403 1286 1456 licet
1308 1402 1560 1456 nondum
1583 1402 1915 1473 episcopum

211 1497 435 1560 patrem
468 1490 764 1544 nominare
794 1491 1037 1544 voluisse
1067 1491 1438 1544 existimetur.
1475 1491 1772 1544 Enimvero
1802 1507 1916 1544 non

208 1578 462 1648 legimus
481 1578 668 1649 ipsum
690 1578 834 1633 hanc
848 1578 1291 1649 appellationem
1305 1581 1386 1631 vel
1407 1578 1675 1633 Romanis
1696 1580 1915 1633 deferre

209 1666 574 1736 prmsulibus,
623 1667 708 1721 vel
755 1667 1020 1737 episcopo
1060 1667 1514 1738 Carthaginensi,
1565 1683 1708 1738 quos
1747 1667 1916 1722 etiam

209 1755 556 1826 plerumque
613 1754 814 1808 fratres
870 1756 1118 1826 appellat
1174 1755 1331 1810 Unde
1388 1754 1708 1825 intelligere
1764 1755 1914 1819 licet,

212 1859 349 1897 eum
387 1843 564 1913 patris
595 1843 822 1897 titulum
873 1843 979 1914 ipsi
1009 1843 1397 1914 Simpliciano,
1431 1859 1544 1895 non
1576 1848 1767 1897 autem
1797 1844 1917 1897 sedi

219 1931 626 1986 Mediolanensi
657 1931 989 1986 concedere.
1025 1931 1170 1985 Addi
1201 1932 1371 1986 etiam
1392 1935 1715 2002 potesteum
1731 1931 1915 1985 eidem

208 2019 604 2091 Simpliciano,
635 2020 681 2074 si
707 2021 825 2091 jam
857 2020 1158 2074 exstitisset
1197 2019 1496 2091 episcopus
1528 2019 1914 2074 Mediolanen-

209 2108 309 2173 sis,
339 2108 568 2162 titulum
588 2125 750 2179 papte
773 2107 1139 2180 probabiliter
1157 2109 1495 2162 collaturum
1519 2107 1690 2162 fuisse
1714 2124 1914 2178 quem-

209 2197 525 2250 admodum
578 2197 808 2251 Aurelio
856 2195 1282 2267 Carthaginensi
1334 2199 1524 2265 (Epist.
1561 2197 1653 2264 41,
1693 2212 1748 2250 n.
1801 2197 1914 2263 60),

209 2301 446 2339 necnon
470 2284 577 2356 ipsi
607 2284 902 2339 Ambrosio
933 2284 1225 2339 deferebat
1253 2285 1452 2354 (Epist.
1490 2287 1578 2348 3t,
1611 2301 1666 2338 n.
1702 2287 1781 2352 8).
1822 2287 1915 2338 Hm

209 2373 491 2428 nimirum
540 2374 697 2428 sedes
739 2373 892 2444 paris
923 2373 1340 2444 propemodum
1387 2371 1682 2442 dignitatis
1717 2373 1773 2426 in
1821 2375 1916 2426 Ec-

206 2462 382 2515 clesia
445 2462 840 2527 censebantur,
895 2466 950 2516 ct
1004 2463 1125 2533 ipsa
1178 2463 1358 2515 locum
1418 2461 1776 2532 intercapedo
1832 2463 1919 2530 (ut

205 2551 593 2605 venerandam
641 2549 992 2621 Simpliciani
1040 2550 1302 2604 canitiem
1345 2549 1630 2617 sileamus)
1663 2550 1790 2620 plus
1819 2550 1918 2603 ad-

207 2639 328 2693 huc
356 2639 530 2693 officii
558 2644 614 2693 et
642 2638 878 2692 honoris
914 2654 1050 2709 erga
1082 2637 1556 2692 Mediolanensem
1587 2637 1780 2692 sedem
1811 2637 1914 2691 ad-

208 2727 400 2781 hiberi
432 2728 774 2798 postulabat.
805 2728 887 2782 Ad
921 2728 1042 2781 haec
1073 2727 1416 2793 Gennadius,
1443 2727 1541 2798 qui
1562 2727 1917 2796 Simpliciani

209 2817 422 2888 legisse
449 2817 674 2870 videtur
702 2815 1021 2887 epistolam,
1069 2815 1227 2870 testis
1265 2820 1351 2870 est
1381 2831 1513 2869 eum
1543 2815 1613 2869 ad
1643 2817 1918 2885 Augusti-

207 2920 354 2959 num
386 2904 570 2959 adhuc
601 2905 989 2975 presbyterum
1013 2903 1320 2974 scripsisse.
1351 2904 1456 2956 Has
1477 2903 1654 2972 igitur
1680 2903 1752 2956 ad
1783 2918 1914 2957 eum

205 2993 430 3046 litteras
450 2992 670 3047 dederit
698 2993 930 3045 ineunte
950 3007 1100 3045 anno
1125 2990 1515 3044 trecentesimo
1545 2990 1915 3060 nonagesimo

206 3086 372 3136 sexto
395 3097 408 3135 :
435 3081 582 3135 unde
595 3080 921 3134 inducimur
934 3080 1298 3134 uteredamus
1311 3079 1694 3147 Augustinum
1715 3079 1916 3133 eodem

213 3170 452 3242 quidem
483 3186 633 3224 anno
661 3170 733 3224 ad
764 3170 924 3224 illum
967 3167 1288 3239 scripsisse;
1323 3167 1418 3221 sed
1447 3166 1540 3221 ubi
1573 3171 1772 3238 postea
1811 3168 1918 3222 bos

213 3259 283 3313 ad
317 3259 749 3329 Simplicianum
799 3258 972 3312 libras
1018 3255 1372 3320 memoravit,
1425 3271 1576 3320 eum,
1623 3271 1916 3310 commen-

213 3348 395 3402 dandi
425 3353 482 3402 et
509 3347 799 3402 indicandi
821 3346 925 3401 viri
951 3362 1142 3414 causa,
1173 3345 1502 3418 episcopum
1532 3345 1916 3402 Mediolanen-

213 3452 341 3490 sem
365 3435 756 3507 appellavisse.

289 3527 344 3578 3.
377 3525 508 3578 Post
535 3523 709 3579 libros
740 3523 807 3578 ad
837 3523 1266 3594 Simplicianum
1296 3524 1534 3578 collocat
1563 3523 1918 3594 Augustinus

210 3613 559 3683 opusculum
609 3630 641 3667 a
692 3629 750 3666 se
791 3612 1150 3667 lucubratum
1179 3617 1374 3667 contra
1407 3612 1719 3683 Epistolam
1749 3611 1919 3666 Mani—

207 3701 555 3772 chmi,quam
583 3701 858 3754 vocabant
883 3700 1255 3755 Fundamenti
1277 3703 1528 3768 (Retract.
1550 3700 1645 3754 lib.
1669 3702 1724 3764 2,
1752 3715 1796 3752 c.
1820 3701 1876 3768 2)
1901 3715 1914 3752 :

206 3789 489 3862 quoniam
511 3789 697 3860 reipsa
716 3793 899 3843 totum
926 3788 1261 3860 pene,quod
1283 3788 1574 3842 Manichaei
1594 3788 1918 3853 credebant,

205 3879 693 3949 complectebatur
715 3878 890 3948 (Cant.
924 3879 1098 3947 Epist.
1132 3880 1438 3944 Manicha'i,
1461 3893 1506 3932 c.
1532 3881 1586 3946 5,
1615 3893 1670 3930 η.
1708 3881 1779 3940 6).
1812 3879 1918 3929 Ve-

206 3982 344 4020 rum
368 3968 489 4020 sola
506 3963 660 4019 illius
681 3963 983 4036 principia,
1002 3964 1058 4018 id
1085 3969 1187 4031 est,
1210 3966 1432 4035 priores
1455 3964 1708 4036 epistolae
1729 3969 1919 4036 partes

209 4053 448 4109 refellit.
485 4054 550 4107 In
573 4052 848 4123 reliquam
873 4051 1028 4105 enim
1049 4052 1347 4122 epistolam
1369 4050 1764 4106 adnotationes
1785 4055 1917 4104 tan-

207 4149 339 4196 tum
369 4140 621 4204 dictavit,
647 4155 775 4210 quas
797 4144 987 4194 tamen
1009 4139 1204 4193 omnia
1223 4139 1294 4195 ad
1319 4155 1445 4193 eam
1477 4139 1917 4193 subvertendam

208 4229 539 4285 necessaria
563 4227 968 4294 continebant;
1002 4232 1065 4282 ut
1093 4228 1182 4282 bis
1211 4228 1365 4282 velut
1394 4227 1572 4298 signis
1597 4231 1652 4282 et
1694 4226 1918 4282 indiciis

209 4319 643 4383 admoneretur,
673 4317 720 4370 si
750 4316 1059 4388 aliquando
1101 4321 1301 4371 contra
1337 4319 1516 4370 totam
1545 4315 1792 4370 scribere
1821 4331 1914 4368 va-

209 4411 374 4461 caret
407 4407 656 4476 (Rctract.
691 4405 786 4459 lib.
817 4408 870 4472 2,
916 4419 1033 4474 cap.
1064 4404 1137 4474 2).
1182 4404 1300 4459 Illa:
1338 4403 1734 4458 adnotationes
1764 4403 1916 4458 exci-

208 4497 444 4551 derunt.
478 4495 590 4549 Hoc
636 4509 779 4564 opus
827 4497 1022 4548 contra
1071 4492 1408 4547 Manichaeos
1459 4491 1684 4547 orditur
1740 4493 1919 4548 Deum

211 4586 551 4654 deprecans,
596 4587 656 4638 ut
701 4583 808 4637 sibi
853 4586 1106 4637 mentem
1144 4582 1240 4637 det
1268 4585 1522 4652 pacatam
1554 4585 1725 4653 atque
1754 4586 1918 4636 tran-

210 4673 480 4746 quillam,
509 4688 638 4744 qua:
682 4671 751 4726 de
783 4671 1012 4725 illorum
1055 4668 1404 4724 correctione
1435 4669 1616 4739 magis
1646 4685 1819 4740 quam
1849 4670 1918 4724 de

209 4761 584 4818 subversione
610 4760 848 4831 cogitet;
895 4775 1024 4814 cum
1064 4775 1200 4829 erga
1228 4774 1325 4812 eos
1355 4757 1765 4823 misericordia,
1799 4773 1918 4812 non

208 4850 348 4906 odio
379 4853 706 4916 moveatur;
739 4865 883 4921 quos
913 4863 1120 4917 nempe
1150 4846 1352 4900 iisdem
1381 4844 1689 4911 erroribus,
1711 4844 1920 4916 quibus

207 4953 366 5008 aegre
397 4937 536 4992 adeo
565 4953 624 4992 se
651 4936 980 5008 expedierit,
1008 4935 1161 4990 videt
1189 4935 1524 5006 implicatos.

284 5028 340 5082 4.
361 5025 500 5080 Huic
517 5024 662 5080 libro
685 5023 914 5095 subjicit
942 5039 1096 5090 eum,
1119 5037 1291 5094 quem
1326 5024 1396 5076 De
1415 5022 1601 5088 Agone
1621 5020 1920 5075 christiano

207 5112 477 5169 inscribit
516 5113 710 5183 (lbid.,
759 5127 884 5183 cap.
937 5112 1013 5181 3),
1043 5127 1110 5166 eo
1161 5109 1315 5182 quod
1347 5109 1426 5164 ibi
1473 5107 1821 5165 Christianos
1850 5107 1920 5162 ad

210 5199 528 5255 ineundam
557 5203 752 5255 contra
782 5200 1106 5255 daemonem
1136 5203 1195 5253 et
1222 5214 1280 5252 se
1310 5197 1464 5269 ipsos
1507 5212 1758 5268 pugnam
1791 5212 1920 5250 eru-

211 5290 355 5344 diat.
396 5289 459 5343 In
491 5305 557 5344 eo
587 5289 720 5344 tidei
761 5290 1038 5358 regulam,
1088 5292 1146 5343 et
1189 5287 1336 5342 bene
1375 5286 1602 5341 vivendi
1637 5288 1924 5358 praecepta

212 5378 412 5451 paucis
442 5377 626 5432 verbis
651 5377 846 5446 tradit,
871 5377 931 5432 in
961 5376 1168 5449 quibus
1187 5381 1378 5432 tamen
1411 5376 1592 5430 multa
1619 5377 1923 5429 occurrunt

209 5470 386 5539 longe
417 5465 820 5538 pulcherrima.
853 5464 1173 5535 Prascipuas
1201 5463 1417 5535 pariter
1445 5464 1690 5520 haereses
1717 5463 1826 5518 hoc
1861 5461 1921 5517 in

215 5557 363 5612 libro
392 5555 638 5611 breviter
664 5552 1118 5624 comprehendit,
1150 5568 1290 5624 quas
1319 5552 1468 5607 inter
1509 5556 1565 5606 ct
1604 5551 1920 5608 Donatista~

3587 323 3590 332 ‘
3623 315 3723 366 26‘)

2023 445 2149 483 rum
2175 435 2225 484 et
2261 429 2740 484 Luciferianorum
2771 435 2944 484 sectas
2978 438 3250 486 recenset.
3285 433 3554 489 Obscrvat
3581 451 3723 507 quo-

2024 534 2136 590 que
2186 519 2499 572 Donatistas
2558 519 2614 573 in
2666 519 2816 572 varia
2872 520 3178 574 schismata
3225 521 3394 575 fuisse
3426 523 3722 578 distractos

2025 608 2120 677 (De
2152 609 2334 676 Agone
2353 609 2666 674 chiistiano,
2692 625 2783 662 nu.
2806 611 2892 675 3t,
2927 610 3035 679 32).
3067 611 3273 664 Verum
3297 611 3365 664 ad
3395 625 3578 664 causa:
3604 628 3721 666 sum

2022 695 2324 750 utilitatem
2369 712 2483 750 non
2513 698 2704 762 trahit,
2739 697 2892 768 quod
2945 699 3342 752 Praetextatum
3390 703 3445 753 et
3492 700 3722 755 Felicia-

2023 799 2185 850 num,
2215 800 2342 838 cum
2374 784 2511 839 diris
2535 791 2666 839 ante
2700 786 3199 856 imprecationibus
3230 788 3454 856 ejectos,
3487 789 3727 859 recepis-

2025 877 2152 925 sent
2199 871 2259 926 in
2310 873 2776 928 communionem
2821 891 2980 929 suam
3026 891 3038 929 :
3073 875 3201 930 licet
3231 875 3287 929 id
3319 876 3460 930 circa
3496 875 3720 931 initium

2023 959 2159 1013 anni
2188 961 2574 1016 trecentesimi
2605 963 2960 1034 nonagesimi
2984 963 3212 1034 septimi
3246 963 3566 1034 contigerit.
3601 966 3720 1020 Non

2023 1063 2228 1118 parum
2262 1048 2366 1103 hoc
2391 1049 2537 1103 favet
2565 1049 2633 1103 iis
2664 1066 2792 1121 quas
2825 1050 3090 1114 diximus,
3125 1068 3256 1106 eum
3287 1051 3470 1105 forsan
3495 1049 3563 1107 ad
3583 1053 3725 1107 Sim-

2009 1135 2332 1206 plicianum
2366 1137 2653 1207 scripsisse
2679 1139 2960 1208 jaminde
3005 1140 3073 1194 ab
3125 1156 3276 1193 anno
3319 1141 3721 1194 trecentesimo

2023 1224 2392 1295 nonagesimo
2415 1230 2590 1280 sexto.
2627 1227 2792 1281 Notat
2818 1228 2969 1281 hunc
3000 1227 3208 1282 librum
3240 1229 3308 1282 de
3340 1231 3535 1298 Agone
3564 1228 3722 1283 chri—

2024 1313 2208 1365 stiano
2239 1313 2444 1368 humili
2475 1315 2622 1379 stilo,
2656 1319 2712 1369 et
2734 1316 3000 1370 fratribus
3030 1316 3202 1371 latino
3233 1332 3496 1371 sermone
3526 1317 3724 1373 leviter

2023 1399 2258 1455 imbutis
2287 1402 2712 1457 accommodato
2754 1419 2785 1458 a
2841 1420 2898 1458 se
2955 1404 3127 1459 fuisse
3177 1405 3560 1476 conscriptum
3601 1407 3722 1478 (Re-

2025 1493 2165 1544 tract
2192 1529 2206 1556 ,
2241 1491 2335 1544 lib.
2367 1493 2420 1558 2,
2451 1505 2570 1560 cap.
2607 1495 2677 1560 3).

2691 1580 2914 1635 CAPUT
2951 1581 3066 1636 Χῐῐ.

2025 1668 2046 1720 1
2085 1665 2247 1719 Libri
2273 1667 2338 1720 de
2368 1669 2622 1722 Doctrina
2643 1669 2945 1724 christiana
2967 1675 3201 1738 quatuor
3219 1671 3287 1724 ab
3318 1671 3624 1737 Augustino
3647 1671 3726 1724 lu-

2093 1755 2324 1809 cubrati.
2355 1757 2388 1808 2
2422 1757 2555 1810 Tum
2593 1757 2728 1810 liber
2773 1763 2960 1812 contra
2997 1761 3211 1812 Partem
3244 1761 3437 1812 Donati
3461 1773 3475 1812 :
3502 1763 3552 1812 et
3581 1760 3724 1814 Con—

2093 1844 2387 1908 fessionum
2419 1842 2549 1896 libri
2568 1843 2845 1897 tredecim.
2881 1847 2911 1898 3
2953 1845 3100 1912 Opus
3123 1849 3310 1898 contra
3340 1846 3596 1898 Faustum
3623 1845 3722 1899 sub

2095 1930 2238 1983 idem
2279 1935 2484 1998 tempus
2523 1931 2827 1998 vulgatum.
2878 1933 2912 1986 4
2960 1933 3022 1985 1η
3067 1932 3349 1986 tribuendo
3396 1933 3722 2002 quibusdam

2093 2019 2364 2086 opusculis
2393 2033 2488 2072 suo
2516 2019 2649 2081 loco,
2673 2019 2811 2088 quid
2837 2020 3117 2074 observare
3135 2022 3310 2074 visum
3335 2025 3432 2075 est.
3465 2024 3494 2072 5
3519 2020 3722 2076 Scribit

2094 2107 2434 2172 Augustinus
2455 2106 2654 2159 librum
2669 2107 2735 2158 de
2759 2108 2998 2162 Canticis
3015 2108 3089 2161 ad
3109 2108 3308 2163 altare.
3337 2111 3368 2162 6
3392 2109 3720 2174 Questiones

2092 2194 2528 2259 Evangeliorum.
2587 2198 2618 2247 7
2670 2194 3061 2250 Adnotationes
3090 2199 3148 2250 in
3181 2196 3292 2250 Iob.
3339 2199 3370 2249 8
3410 2197 3629 2251 Librum
3658 2197 3723 2250 de

2094 2281 2504 2337 Catechizandis
2533 2281 2791 2339 rudibus.
2822 2285 2860 2352 _9
2891 2284 2972 2338 Ac
2994 2283 3060 2338 de
3094 2286 3358 2338 Trinitale
3377 2285 3541 2339 libros
3571 2287 3724 2354 quin-

2094 2368 2286 2424 decim.

2099 2458 2148 2510 1.
2178 2456 2350 2522 Ordo,
2397 2472 2570 2528 quem
2601 2457 2660 2512 in
2691 2459 2807 2512 suis
2835 2460 3106 2531 operibus
3155 2462 3514 2516 recensendis
3539 2466 3724 2517 servat

2023 2544 2396 2613 Augustinus,
2429 2545 2560 2599 facit
2588 2550 2648 2599 ut
2675 2546 2798 2615 ejus
2829 2546 2898 2600 de
2932 2547 3196 2601 Doctrina
3225 2547 3534 2602 christiana
3563 2549 3722 2602 lucu-

2022 2630 2344 2686 brationem
2357 2632 2488 2686 huic
2500 2635 2744 2704 tempori
2766 2634 3120 2705 assignemus
3142 2638 3420 2704 (Retract.,
3444 2638 3478 2692 t.
3495 2639 3550 2703 2,
3572 2651 3619 2692 c.
3647 2639 3720 2706 4).

2024 2720 2088 2773 In
2119 2736 2185 2774 ea
2207 2720 2390 2775 tribus
2419 2721 2654 2792 quidem
2683 2723 2972 2792 prioribus
3003 2725 3161 2778 libris
3183 2725 3566 2796 intelligendas
3582 2727 3725 2782 Scri-

2025 2813 2212 2880 pture
2243 2811 2468 2879 regulas
2504 2812 2819 2880 priescribit
2851 2828 2865 2866 :
2899 2819 3104 2883 quarto
3134 2818 3324 2868 autem
3374 2815 3521 2870 libro
3562 2815 3727 2869 docet

2029 2898 2342 2968 quomodo,
2388 2914 2517 2968 qua:
2565 2898 2852 2954 intellecta
2900 2905 2956 2955 et
3008 2906 3275 2972 percepta
3314 2903 3546 2968 fuerint,
3599 2903 3726 2956 aliis

2022 2986 2300 3040 tradenda
2329 2985 2459 3040 sint.
2495 2986 2636 3041 Cum
2663 2987 2730 3040 ad
2769 2987 2916 3041 istud
2949 3004 3092 3059 opus
3117 2989 3406 3044 edendum
3434 3007 3494 3044 se
3523 2996 3722 3044 contu-

2025 3073 2111 3141 lit,
2136 3073 2304 3143 plura
2331 3074 2399 3128 de
2431 3075 2535 3128 bac
2565 3091 2623 3128 re
2648 3075 2767 3145 jam
2798 3075 2858 3128 in
2885 3076 3224 3147 cogitatione
3255 3077 3500 3140 tenebat,
3535 3094 3725 3147 spera-

2026 3161 2258 3232 batque,
2313 3161 2408 3215 ubi
2459 3161 2583 3216 aliis
2628 3162 2959 3233 impendere
3002 3179 3068 3216 ea
3095 3163 3376 3235 coepisset,
3412 3166 3588 3220 Deum
3622 3166 3722 3236 qui

2025 3249 2146 3304 haec
2172 3250 2426 3319 dederat,
2456 3255 2660 3306 caetera
2706 3250 2814 3305 sibi
2842 3252 3025 3306 adhuc
3053 3253 3369 3306 necessaria
3407 3269 3519 3307 non
3549 3254 3724 3308 dene-

2025 3343 2290 3408 gaturum
2322 3339 2419 3408 (De
2449 3342 2704 3394 Doctrina
2733 3342 3057 3408 christiana,
3091 3342 3186 3395 tib.
3224 3345 3272 3408 1,
3303 3357 3359 3396 n.
3397 3342 3466 3412 1).
3499 3343 3611 3396 lloc
3639 3347 3722 3396 ta-

2024 3443 2157 3481 men
2187 3443 2348 3498 Opus,
2381 3443 2532 3482 anno
2561 3428 2702 3482 forte
2732 3429 3131 3483 trecentesimo
3161 3430 3530 3502 nonagesimo
3562 3432 3728 3502 septi-

2024 3529 2120 3568 mo
2150 3519 2420 3584 coeptum,
2453 3520 2588 3569 tunc
2615 3517 2890 3587 temporis
2917 3533 3030 3571 non
3073 3517 3342 3583 absolvit;
3383 3519 3476 3572 sed
3505 3519 3576 3574 ad
3606 3535 3725 3573 me-
3825 3569 3830 3574 .

2025 3603 2184 3656 dium
2207 3605 2568 3658 solummodo
2590 3609 2760 3674 caput
2780 3605 3116 3674 vigesimum
3139 3607 3403 3677 quintum
3429 3607 3557 3661 libri
3571 3607 3724 3662 tertii

2024 3691 2288 3761 perduxit
2313 3694 2563 3759 (Retract.
2595 3693 2692 3748 lib.
2723 3695 2776 3760 2,
2807 3708 2929 3762 cap.
2960 3695 3036 3764 4),
3059 3710 3122 3748 ac
3143 3695 3722 3768 statim,quamquam

2025 3779 2442 3848 imperfectum,
2465 3780 2732 3848 permisit
2747 3780 2805 3832 in
2828 3781 3034 3850 vulgus
3053 3782 3226 3849 exire,
3249 3783 3722 3854 quandoquidem

2024 3866 2082 3920 id
2113 3866 2250 3921 citat
2276 3867 2336 3920 in
2368 3867 2526 3920 libris
2557 3883 2698 3938 quos
2712 3873 2912 3922 contra
2932 3870 3200 3923 Faustum
3226 3871 3397 3940 paulo
3427 3875 3558 3940 post
3587 3888 3724 3926 con-

2026 3954 2252 4025 scripsit
2279 3956 2501 4023 (Contra
2527 3958 2806 4023 Faustum,
2836 3957 2930 4010 tib.
2959 3959 3048 4022 22,
3072 3973 3191 4027 cup.
3224 3959 3332 4027 9t).
3363 3960 3571 4014 Verum
3593 3976 3722 4014 cum

2026 4059 2202 4113 Opera
2247 4059 2350 4098 sua
2395 4059 2804 4114 recognoscens
2850 4061 3115 4100 mancum
3163 4062 3306 4117 opus
3336 4047 3721 4119 comperisset,

2023 4132 2183 4202 prius
2212 4132 2626 4203 perliciendum
2669 4132 2775 4187 sibi
2805 4133 3165 4203 existimavit,
3198 4151 3368 4207 quam
3396 4136 3469 4190 ad
3499 4136 3607 4190 alia
3635 4153 3722 4191 re-

2024 4221 2316 4276 tractanda
2339 4223 2578 4292 gradum
2601 4223 2827 4276 faceret.
2853 4224 3008 4277 Tunc
3029 4223 3222 4296 itaque
3255 4225 3462 4279 librum
3488 4225 3722 4280 tertium

2024 4309 2340 4379 complevit,
2377 4315 2760 4382 quartumque
2800 4311 3086 4381 integrum
3117 4312 3324 4383 adjecit
3350 4315 3440 4378 (De
3471 4315 3726 4369 Doctrina

2025 4400 2240 4468 christ,
2261 4398 2359 4467 lib,
2387 4400 2440 4464 4,
2463 4415 2509 4453 c.
2533 4401 2622 4464 24,
2639 4415 2695 4453 n.
2721 4399 2832 4468 53),
2864 4401 3070 4471 elapsis
3099 4405 3232 4456 tunc
3249 4401 3318 4456 ab
3344 4402 3546 4457 itinere
3567 4404 3726 4475 quod

2024 4489 2094 4541 ad
2125 4487 2324 4542 urbem
2347 4488 2660 4543 Caesaream
2685 4489 3035 4544 Mauritaniae
3059 4507 3210 4545 anno
3232 4491 3434 4547 Christi
3453 4493 3726 4564 quadrin-

2025 4575 2342 4646 gentesimo
2374 4576 2594 4631 decimo
2625 4581 2837 4643 octavo,
2873 4594 3067 4634 mense
3097 4579 3430 4650 septembri,
3463 4597 3724 4652 suscepe-

2025 4668 2135 4734 rat,
2160 4665 2327 4719 annis
2363 4670 2488 4719 octo
2517 4665 2604 4720 vel
2633 4681 2863 4736 novem,
2894 4666 2948 4721 id
2979 4665 3078 4733 est,
3113 4684 3264 4723 anno
3297 4670 3523 4725 Domini
3551 4687 3726 4742 supra

2026 4752 2658 4823 quadringentesimum
2681 4759 2834 4809 sexto
2863 4759 2962 4809 aut
2987 4756 3252 4828 septimo.
3284 4758 3348 4814 In
3377 4761 3624 4816 secundo
3657 4761 3725 4816 li-

2028 4840 2154 4908 bro,
2190 4840 2284 4895 ubi
2321 4841 2512 4896 laudat
2540 4858 2685 4912 opus
2731 4843 3014 4898 Ambrosii
3046 4845 3197 4916 quod
3224 4863 3257 4901 a
3285 4848 3524 4904 Paulino
3553 4849 3728 4922 petie-

2025 4933 2134 4990 rat,
2157 4934 2414 4983 sanctum
2445 4929 2607 4985 illum
2629 4932 2932 5002 praesulem
2955 4938 3216 4990 nostrum
3241 4937 3606 4992 Ambrosium
3627 4955 3726 5010 ap-

2024 5019 2200 5088 pellat
2224 5017 2412 5090 (lbid.,
2433 5019 2527 5074 lib.
2559 5020 2614 5088 2,
2635 5035 2682 5075 c.
2704 5022 2794 5086 28,
2817 5036 2872 5075 n.
2893 5021 2994 5092 43).
3029 5023 3184 5078 Unde
3204 5028 3420 5095 tamen,
3442 5030 3504 5080 ut
3525 5026 3724 5098 opina-

2029 5122 2176 5173 mur,
2210 5106 2407 5162 inferri
2436 5123 2551 5162 non
2580 5112 2785 5180 potest,
2825 5109 2979 5164 hunc
3005 5115 3128 5166 tum
3157 5117 3258 5167 aut
3287 5114 3343 5168 in
3374 5113 3514 5168 vivis
3541 5113 3723 5168 adhuc

2026 5195 2229 5266 egisse,
2260 5200 2359 5251 aut
2387 5213 2417 5251 e
2447 5196 2586 5251 vivis
2627 5198 2748 5268 jam
2787 5199 3103 5255 excessisse.
3152 5202 3363 5267 Refert,
3395 5218 3454 5256 se
3487 5218 3598 5254 non
3646 5201 3724 5255 ita

2028 5283 2248 5355 pridem
2277 5285 2556 5356 accepisse
2585 5303 2618 5340 a
2646 5287 2992 5357 gravissimis
3023 5289 3178 5356 viris,
3209 5289 3433 5360 ﬁdeque
3459 5288 3724 5359 dignissi-

2027 5372 2157 5442 mis,
2188 5389 2412 5428 servum
2450 5374 2756 5430 barbarum
2799 5376 3194 5444 christianum,
3235 5376 3332 5447 qui
3364 5376 3580 5430 litteras
3609 5394 3724 5433 non

2027 5465 2239 5532 nosset,
2270 5463 2498 5534 plenam
2525 5479 2720 5519 earum
2747 5465 3008 5520 notitiam
3034 5464 3311 5520 triduanis
3339 5463 3601 5534 precibus
3630 5466 3725 5522 di-

2029 5550 2241 5606 vinitus
2269 5551 2602 5621 obtinuisse,
2633 5553 2773 5608 adeo
2806 5560 2865 5608 ut
2892 5554 3144 5607 codicem
3173 5551 3455 5622 oblatum,
3486 5557 3724 5626 stupen-
