4060 6352
421 257 524 311 263

398 380 553 436 tibus
581 376 683 452 qui
707 377 968 449 aderant,
984 375 1245 449 expedite
1271 373 1514 448 legendo
1534 372 1877 447 percurrerit
1906 372 2101 444 (Ibid.,

398 470 499 527 lib.
536 472 588 534 t,
621 469 835 536 Prolog.
865 484 921 523 η.
955 467 1029 538 4).

470 565 525 618 2.
574 562 710 617 Post
756 560 931 616 libros
974 560 1044 615 de
1095 558 1355 615 Doctrina
1406 556 1714 613 christiana
1750 555 2104 612 mentionem

402 651 541 708 facit
562 649 914 723 Augustinus
944 650 1189 705 duorum
1211 648 1659 719 librorum,quos
1676 647 1871 703 Contra
1891 650 2105 717 partem

397 743 597 799 Donati
624 739 990 812 inscripserat
1020 739 1286 809 (Retract.
1323 738 1418 793 lib.
1450 741 1506 805 2,
1541 752 1664 806 cap.
1698 737 1787 808 5);
1815 735 1914 791 sed
1933 734 2103 790 illiad

403 835 602 887 nostra
618 835 881 902 tempora
907 844 1020 884 non
1046 831 1446 899 pervenerunt.
1470 826 1720 881 Collocat
1737 823 1941 881 deinde
1962 824 2104 879 Con-

399 921 713 977 fessionum
742 933 974 974 suarum
1016 916 1215 983 libros,
1261 916 1323 971 in
1360 915 1571 988 quibus
1602 913 1703 969 Dei
1725 911 2009 985 justitiam
2040 928 2104 966 ac

405 1008 721 1066 bonitatem
745 1005 804 1062 in
833 1009 1198 1079 peccatorum
1228 1020 1462 1060 suorum
1492 1002 1883 1071 recordatione
1911 1017 1974 1056 ac
2003 1000 2103 1056 be-

402 1098 743 1154 neficiorum
774 1094 1050 1150 divinitus
1089 1097 1446 1166 acceptorum
1491 1091 1768 1147 memoria
1804 1105 2105 1146 commen-

403 1187 565 1249 dans,
599 1186 846 1242 hominis
877 1185 1229 1241 intellectum
1252 1183 1311 1238 in
1341 1198 1631 1237 summum
1651 1181 1793 1236 illud
1812 1176 2027 1235 bonum
2048 1183 2106 1234 ct

401 1276 688 1332 inﬁnitam
728 1275 829 1330 Dei
884 1275 1241 1345 majestatcm
1297 1272 1519 1327 excitat.
1576 1272 1688 1325 Hoc
1744 1269 1900 1324 enim
1951 1267 2103 1323 inse

402 1366 605 1437 egisse,
638 1380 768 1420 cum
801 1363 1202 1429 scriberentur,
1235 1364 1291 1417 et
1315 1376 1483 1431 agere
1514 1375 1645 1415 cum
1668 1356 2106 1431 lcguntur,mul—

401 1454 589 1525 tisque
617 1451 890 1507 fratribus
912 1468 1010 1505 eos
1031 1449 1308 1521 placuisse
1331 1459 1385 1503 et
1404 1449 1629 1519 placere
1649 1451 1892 1502 testatur
1912 1446 2101 1515 (Ibid,

403 1559 460 1598 η.
494 1544 571 1613 6).
597 1540 802 1596 Scribit
820 1539 976 1607 alibi,
992 1539 1216 1594 nullum
1237 1554 1267 1593 e
1293 1538 1408 1592 suis
1431 1537 1701 1608 operibus
1720 1540 1818 1590 aut
1836 1535 2103 1607 frequen-

402 1627 535 1694 tius,
557 1632 657 1683 aut
671 1626 1063 1683 delectabilius
1085 1626 1258 1682 fuisse
1271 1626 1586 1697 perlectum
1605 1624 1703 1693 (De
1714 1627 1857 1679 Dono
1872 1638 2078 1693 persev.
2089 1662 2104 1690 ,

399 1733 456 1772 η.
491 1719 605 1788 53).
640 1718 763 1771 Non
792 1720 917 1771 erat
944 1720 1137 1770 tamen
1166 1716 1394 1769 nescius
1413 1731 1446 1769 a
1466 1713 1756 1769 nonnullis
1777 1713 1969 1768 forsan
1995 1712 2103 1766 im-

401 1804 709 1877 probatum
759 1804 829 1859 iri
884 1804 1144 1874 (Retract.
1192 1804 1287 1858 lib.
1334 1805 1388 1866 2,
1429 1818 1550 1873 cap.
1584 1803 1657 1871 6).
1694 1803 1757 1857 Et
1784 1818 1845 1856 re
1871 1801 2103 1873 quidem

402 1893 525 1965 ipsa
550 1909 680 1948 cum
707 1892 1015 1965 aliquando
1033 1909 1067 1946 a
1087 1892 1341 1963 quodam
1362 1891 1628 1963 episcopo
1650 1891 1772 1946 haec
1799 1892 1921 1962 ejus
1937 1891 2106 1945 verba

402 1983 599 2037 Romae
627 1984 1236 2047 commemorarentur,
1262 1983 1343 2036 Da
1374 1980 1520 2049 quod
1528 1979 1706 2050 iubes,
1728 1984 1780 2035 et
1799 1980 1932 2051 jubc
1960 1979 2107 2049 quod

398 2073 513 2139 vis;
544 2070 804 2141 Pelagius
833 2070 935 2142 qui
960 2070 1175 2137 aderat,
1208 2073 1264 2123 et
1284 2068 1515 2124 haeresis
1537 2085 1653 2124 sua:
1676 2068 1829 2124 virus
1856 2069 2104 2124 necdum

402 2160 710 2230 retegebat,
752 2175 819 2213 ea
861 2158 1009 2213 ferre
1049 2173 1166 2212 non
1201 2157 1421 2229 potuit;
1476 2160 1531 2211 et
1576 2158 1970 2212 contradicens
1999 2158 2101 2212 ali-

400 2247 632 2320 quando
662 2246 1023 2314 commotius,
1054 2262 1200 2317 pene
1229 2261 1360 2301 cum
1390 2261 1478 2314 eo,
1510 2245 1609 2317 qui
1639 2244 1736 2300 illa
1764 2261 2106 2300 commemo-

402 2340 645 2403 raverat,
674 2335 918 2407 litigavit
947 2336 1044 2405 (De
1062 2337 1208 2390 Dono
1222 2350 1455 2405 persev.,
1486 2350 1542 2390 n.
1575 2335 1683 2404 53).
1707 2336 1917 2390 Verum
1938 2336 2105 2406 longe

400 2426 599 2497 plures
637 2429 771 2479 sunt
806 2423 905 2478 alii
950 2423 1121 2494 hujus
1167 2421 1355 2495 operis
1388 2422 1517 2489 loci,
1548 2422 1701 2477 unde
1732 2422 2022 2494 Pelagiani
2052 2427 2108 2478 ct

404 2511 851 2584 Semipelagiani
901 2511 1144 2567 debeant
1205 2511 1582 2566 offensionem
1637 2511 1914 2582 accipere,
1975 2527 2105 2567 cum

404 2602 639 2658 illorum
668 2617 894 2657 errores
917 2601 1173 2656 nondum
1199 2605 1450 2669 exortos,
1480 2599 1541 2654 in
1571 2600 1676 2654 hoc
1699 2616 1869 2671 opere
1894 2600 2107 2670 passim

407 2692 732 2763 impugnet.
783 2692 1052 2762 Apparet,
1103 2689 1446 2745 Petilianum
1487 2688 1751 2760 quaedam
1778 2690 1947 2743 verba
1976 2688 2107 2743 libri

403 2780 561 2836 tertii
599 2780 1033 2836 Confessionum
1083 2783 1431 2851 praepostero
1471 2795 1638 2833 sensu
1696 2770 1994 2850 accepisse,
2046 2782 2108 2833 ut

403 2869 539 2925 inde
568 2884 767 2925 ansam
797 2885 865 2924 ea
892 2868 1236 2924 criminandi
1279 2868 1589 2939 arriperet;
1629 2868 1887 2940 quamvis
1918 2873 1976 2923 et
2002 2883 2107 2939 per

402 2975 462 3014 se
486 2959 808 3031 perspicua,
841 2961 897 3012 et
922 2973 990 3013 ex
1020 2957 1215 3013 multis
1256 2962 1386 3012 ante
1417 2962 1473 3012 et
1498 2962 1696 3028 postea
1723 2957 1886 3013 dictis
1920 2962 2109 3013 essent

400 3047 703 3103 manifesta
732 3047 915 3116 (Cont.
944 3048 1077 3101 Litt.
1096 3047 1278 3110 Petil.,
1301 3046 1395 3102 lib.
1429 3049 1481 3113 3,
1512 3063 1567 3101 n.
1601 3047 1716 3117 60).
1739 3048 1883 3101 Cum
1907 3046 2105 3101 Darius

328 3156 333 3160 ’
401 3136 603 3192 Comes
633 3135 1069 3191 Confessionum
1094 3135 1269 3189 libros
1295 3135 1366 3189 ab
1394 3134 1711 3206 Augustino
1742 3136 2103 3206 postulasset,

402 3241 500 3279 eos
530 3225 624 3278 ille
654 3223 1044 3278 transmittens
1090 3223 1169 3277 sic
1217 3222 1452 3277 Darium
1482 3224 1785 3295 compellat
1833 3240 1846 3278 :
1894 3224 1980 3279 Ibi
2025 3240 2107 3279 me

402 3314 629 3383 inSpice,
658 3328 726 3369 ne
750 3328 833 3367 me
875 3312 1062 3367 laudes
1092 3313 1239 3367 ultra
1278 3328 1442 3381 quam
1470 3327 1618 3379 sum;
1648 3312 1729 3366 ibi
1750 3327 1855 3367 non
1883 3314 2010 3368 aliis
2042 3314 2108 3367 de

402 3417 487 3457 me
507 3401 682 3467 crede,
715 3400 810 3456 sed
837 3401 1002 3470 mihi;
1031 3400 1112 3455 ibi
1138 3417 1220 3455 me
1247 3401 1484 3469 attende,
1512 3406 1561 3456 et
1590 3400 1714 3456 vide
1743 3401 1879 3470 quid
1905 3403 2107 3469 fuerim

402 3492 463 3545 in
493 3505 573 3545 me
591 3491 729 3559 ipso,
755 3505 855 3559 per
880 3504 964 3543 me
991 3491 1205 3559 ipsum;
1238 3495 1287 3544 et
1316 3491 1366 3544 si
1389 3488 1526 3558 quid
1555 3491 1615 3544 in
1642 3505 1725 3544 me
1754 3489 1856 3544 tibi
1879 3491 2106 3559 placue-

401 3580 503 3643 rit,
537 3577 705 3633 lauda
734 3578 814 3632 ibi
834 3593 1057 3645 mecum,
1104 3593 1259 3647 quem
1288 3577 1511 3632 laudari
1536 3577 1684 3632 volui
1711 3577 1777 3631 de
1800 3594 1912 3644 me;
1937 3594 2107 3648 neque

402 3668 544 3722 enim
584 3682 685 3722 me.
742 3668 1010 3734 Quoniam
1039 3668 1156 3737 ipse
1183 3668 1315 3734 fecit
1339 3681 1456 3737 nos,
1484 3671 1535 3722 et
1562 3682 1669 3722 non
1717 3668 1831 3736 ipsi
1856 3682 1980 3735 nos;
2010 3683 2105 3723 nos

403 3762 583 3812 autem
599 3756 1015 3827 perdideramus
1037 3770 1154 3824 nos,
1184 3756 1279 3811 sed
1306 3758 1404 3825 qui
1426 3757 1580 3824 fecit,
1607 3757 1814 3824 refecit.
1843 3757 1973 3813 Cum
1999 3773 2106 3811 au—

401 3852 508 3903 tem
527 3846 607 3901 ibi
633 3862 714 3902 me
740 3848 1027 3914 inveneris,
1055 3862 1152 3900 ora
1165 3861 1266 3916 pro
1284 3861 1385 3913 me,
1408 3862 1474 3900 ne
1490 3845 1733 3915 deﬁciam
1752 3848 1954 3917 (Epist.
1976 3848 2072 3901 23!
2090 3885 2105 3914 ,

397 3952 454 3992 n.
488 3935 696 4007 6).~Hoc
717 3952 891 4006 opere,
914 3934 1106 4007 inquit
1126 3934 1434 3999 Possidius,
1459 3937 1640 4004 qualis
1661 3940 1786 3989 ante
1796 3940 2107 4004 perceptam

399 4029 639 4095 gratiam
658 4026 851 4095 fuerit,
865 4026 1150 4094 qualisque
1164 4025 1283 4094 jam
1299 4028 1517 4094 sumpta
1535 4026 1754 4087 viveret,
1778 4024 2101 4093 designavit.

400 4117 513 4170 Hoc
537 4117 678 4169 enim
705 4116 886 4181 facere
911 4114 1102 4181 voluit,
1158 4118 1217 4168 ut
1246 4115 1327 4167 ait
1354 4113 1663 4182 Apostolus,
1690 4128 1755 4166 ne
1785 4113 1851 4167 de
1876 4128 1931 4167 se
1960 4115 2108 4183 quis-

401 4217 566 4271 quam
595 4202 863 4256 hominum
892 4214 1065 4270 supra
1112 4214 1276 4268 quam
1323 4213 1378 4253 se
1422 4213 1533 4253 esse
1559 4199 1799 4267 noverat,
1832 4204 1927 4253 aut
1963 4200 2029 4253 de
2052 4214 2108 4254 se

400 4290 652 4344 auditum
669 4290 886 4357 fuisset,
917 4288 1152 4342 crederet
1173 4288 1257 4342 vel
1283 4291 1503 4357 putaret
1525 4286 1601 4357 (II
1622 4288 1739 4343 Cor.
1776 4303 1875 4355 xu,
1909 4291 1980 4358 6).
2012 4290 2108 4344 hu-

399 4378 656 4433 militatis
686 4381 886 4432 sancte
901 4391 1045 4432 more
1072 4380 1247 4440 utens,
1279 4380 1330 4431 et
1350 4376 1473 4445 jam
1509 4376 1718 4431 nullum
1745 4376 1976 4444 fallens;
2013 4378 2108 4433 sed

402 4466 619 4522 laudem
646 4481 753 4522 non
780 4481 953 4531 suam,
981 4465 1076 4521 sed
1104 4468 1193 4520 sui
1213 4467 1431 4520 Domini
1450 4465 1516 4519 de
1533 4468 1765 4536 propria
1795 4466 2108 4522 liberatione

401 4570 466 4611 ac
496 4571 712 4610 munere
741 4570 1002 4626 quaerens,
1033 4554 1101 4611 ea:
1129 4557 1200 4611 iis
1224 4555 1475 4611 videlicet
1494 4570 1613 4623 quae
1623 4555 1745 4625 jam
1760 4560 2103 4625 perceperat;

400 4648 452 4700 et
475 4646 755 4713 fraternas
780 4660 963 4716 preces
993 4660 1214 4716 poscens
1248 4645 1314 4699 de
1342 4646 1412 4699 iis
1450 4659 1569 4714 qua:
1593 4647 1833 4715 accipere
1860 4645 2108 4715 cupiebat

404 4732 644 4802 (Possid.
665 4774 681 4804 ,
709 4735 767 4787 in
799 4735 930 4791 Vita
957 4734 1217 4803 August,
1238 4735 1461 4804 Praef).
1499 4732 1643 4798 Quia
1666 4749 1800 4788 vero
1832 4733 2106 4789 Paulinus

399 4821 671 4893 Alypium
693 4822 1854 4895 episcopum,quamvisfrustra,rogavitut
1873 4838 2106 4878 omnem

400 4910 530 4965 vitae
558 4926 676 4964 suae
701 4910 998 4966 historiam
1022 4912 1093 4967 ad
1120 4912 1311 4984 ipsum
1332 4911 1603 4968 scriberet
1624 4911 1819 4983 (Apud
1841 4912 2100 4982 August,

400 4999 579 5069 Epist.
611 5000 780 5065 24,11.
813 5000 896 5068 4),
920 5015 987 5054 eo
1017 4999 1192 5054 fretus
1222 5002 1482 5072 exemplo
1511 5000 1791 5056 Baronius
1813 5000 2103 5072 opinatur,

404 5088 663 5159 ejusdem
675 5087 900 5142 Paulini
915 5092 1115 5160 rogatu
1130 5103 1192 5143 ac
1207 5089 1458 5160 impulsu
1471 5089 1712 5161 scriptos
1723 5090 1895 5145 fuisse
1909 5090 1980 5144 ab
1991 5091 2104 5145 Au-

400 5175 630 5248 gustino
659 5191 790 5231 suos
820 5175 1251 5230 Coufessionum
1270 5177 1444 5231 libros
1469 5177 1716 5246 (Baron.,
1737 5176 1811 5231 ad
1835 5191 1927 5230 an.
1952 5178 2100 5249 395).

403 5265 526 5320 Non
547 5280 693 5321 unus
704 5268 898 5319 tamen
918 5263 1309 5331 Paulinus,sed
1334 5264 1499 5318 multi
1517 5264 1656 5319 boni
1672 5264 2104 5337 Christiani,qui

399 5369 533 5408 eum
565 5358 862 5427 noverant,
877 5353 964 5408 vel
985 5352 1200 5424 potius,
1216 5352 1369 5423 quod
1395 5352 1466 5408 ad
1487 5352 1948 5408 constitutionem
1979 5353 2103 5408 ani-

400 5456 509 5496 mas
536 5456 654 5497 non
681 5457 813 5497 eum
836 5444 1127 5504 noverant,
1149 5456 1278 5512 quae
1300 5443 1450 5496 esset
1475 5440 1593 5495 vita
1621 5439 1799 5512 ipsius
1830 5456 1993 5497 nosse
2009 5457 2103 5497 cu-

397 5529 651 5601 piebant.
676 5530 897 5588 Hisille
915 5544 1139 5586 morem
1168 5528 1358 5600 gessit,
1389 5544 1533 5602 quos
1562 5528 1849 5600 sperabat,
1883 5533 1942 5587 et
1968 5546 2102 5587 con-

1660 248 1817 304 VITA
1854 246 1912 305 S.
1951 244 2328 304 AUGUSTINI
2370 244 2702 302 EPISCOPI.

2214 371 2600 444 gratulaturos
2630 370 2683 425 ei
2723 369 2794 425 de
2821 368 2990 424 bonis
3023 367 3131 441 ipsi
3160 385 3195 424 a
3224 369 3340 425 Deo
3371 368 3539 439 datis,
3572 373 3633 426 et
3660 372 3925 427 oraturos

2214 461 2395 516 Deum
2423 476 2529 532 pro
2560 458 2902 532 quibusdam
2931 457 3305 530 pristinorum
3339 458 3616 515 vitiorum
3662 459 3923 532 reliquiis

2213 549 2392 621 ipsius
2446 548 2506 603 in
2546 548 2634 603 via
2684 546 2782 602 Dei
2837 562 3207 619 progressum
3256 547 3440 604 adhuc
3493 548 3923 605 retardantibus

2215 640 2475 709 (Confess.
2502 638 2598 694 lib.
2643 640 2728 705 l0,
2756 652 2878 707 cap.
2913 639 2967 708 3,
2988 653 3080 693 nn.
3104 638 3157 706 4,
3191 638 3271 709 5).

2285 732 2337 785 3.
2385 729 2540 799 Opus
2581 732 2783 782 contra
2829 727 3100 781 Faustum
3143 726 3204 781 in
3245 728 3738 784 Retractationum
3776 727 3924 783 serie

2213 817 2646 873 Confessionum
2676 815 2848 871 libros
2867 814 3354 887 excipit(Retract.
3383 815 3480 874 lib.
3503 820 3559 880 2,
3581 832 3707 888 cap.
3733 818 3821 888 7).
3846 818 3924 873 De

2214 909 2418 963 Fausto
2436 921 2607 977 supra
2623 904 2890 971 diximus,
2916 920 2979 959 ac
2998 905 3068 960 de
3095 904 3241 960 libro
3260 920 3430 978 quem
3461 921 3567 977 pro
3590 906 3924 962 Manichaeis

2213 997 2481 1051 adversus
2524 994 2826 1049 Ecclesiam
2871 994 3176 1066 scripserat
3205 994 3352 1064 (Lib.
3390 1000 3437 1060 t,
3466 1010 3596 1066 cap.
3648 999 3703 1064 9,
3739 1011 3801 1053 η.
3832 998 3921 1066 4).

2213 1085 2355 1140 Cum
2384 1084 2489 1139 iste
2520 1082 2665 1139 liber
2686 1082 2747 1138 in
2766 1082 3072 1154 Augustini
3101 1097 3305 1138 manus
3323 1082 3589 1150 venisset,
3620 1084 3923 1156 lectusque

2212 1173 2413 1229 fuisset
2457 1189 2488 1228 a
2524 1172 2814 1235 fratribus,
2859 1172 3026 1227 enixe
3069 1171 3152 1227 illi
3194 1187 3229 1226 a
3259 1175 3454 1228 sancto
3491 1173 3766 1240 Prmsule,
3787 1174 3923 1245 jure

2212 1262 2504 1318 charitatis
2523 1278 2637 1333 qua
2657 1260 2797 1331 ipsis
2816 1260 3112 1328 serviebat,
3145 1259 3479 1332 flagitarunt
3498 1265 3565 1315 ut
3592 1261 3648 1315 ei
3678 1276 3921 1333 respon-

2214 1352 2392 1407 deret.
2437 1349 2752 1421 Respondit
2797 1348 2993 1420 igitur,
3045 1351 3102 1404 et
3137 1347 3447 1421 propositis
3490 1349 3682 1404 Fausti
3731 1349 3923 1408 verbis

2214 1438 2609 1509 responsiones
2682 1453 2810 1492 suas
2848 1437 3104 1509 subjecit.
3147 1437 3237 1493 Sic
3278 1454 3421 1510 opus
3475 1437 3622 1493 bene
3674 1438 3922 1511 longum

2213 1527 2408 1595 evasit,
2450 1527 2511 1581 in
2539 1532 2651 1582 tres
2679 1531 2737 1581 et
2766 1527 3006 1598 triginta.
3033 1526 3280 1582 divisum
3308 1526 3752 1598 disputationes,
3778 1544 3923 1600 quas

2212 1617 2430 1671 mavult
2475 1616 2649 1671 libros
2695 1616 3016 1688 appellare;
3060 1615 3321 1687 quamvis
3350 1616 3466 1671 sint
3492 1615 3553 1672 in
3586 1617 3671 1672 eis
3699 1617 3925 1689 aliquot

2212 1704 2510 1777 perbreves
2544 1721 2557 1760 :
2591 1704 2691 1759 sed
2716 1708 2851 1760 sunt
2879 1705 3143 1759 nonnulli
3169 1705 3482 1761 admodum
3506 1706 3743 1777 prolixi,
3779 1723 3927 1779 pras-

2212 1794 2409 1850 sertim
2436 1794 2734 1849 vicesimus
2766 1794 3070 1864 secundus,
3100 1794 3161 1849 in
3189 1811 3304 1867 quo
3341 1795 3807 1850 Patriarcharurn
3840 1795 3928 1850 vi-

2212 1889 2333 1941 tam
2362 1889 2558 1939 contra
2594 1883 2782 1939 Fausti
2808 1883 3121 1938 calumnias
3148 1884 3419 1940 defendit.
3454 1885 3634 1956 Hujus
3659 1884 3928 1939 vicesimi

2212 1974 2445 2028 secundi
2464 1973 2596 2027 libri
2624 1973 2816 2028 locum
2839 1972 3056 2042 profert
3086 1972 3145 2026 in
3176 1972 3600 2037 Quaestionibus
3624 1974 3700 2029 ad
3722 1973 3927 2029 Dulci-

2213 2062 2358 2117 tium
2399 2062 2622 2133 (qust.
2658 2066 2733 2127 7).
2774 2061 2941 2117 Liber
2985 2062 3090 2118 iste
3132 2062 3358 2117 videtur
3387 2078 3509 2118 esse
3552 2078 3700 2134 opus
3748 2063 3925 2132 illud,

2213 2151 2369 2222 quod
2392 2150 2463 2206 de
2482 2151 2596 2207 vita
2621 2150 3077 2206 Patriarcharum
3095 2153 3292 2205 contra
3310 2151 3577 2206 Faustum
3598 2156 3925 2223 nuncupat.

2215 2236 2371 2308 Opus
2396 2251 2565 2291 suum
2595 2238 2797 2289 contra
2827 2235 3109 2309 Faustum.
3124 2250 3242 2291 una
3269 2251 3400 2291 cum
3429 2234 3671 2308 epistola
3709 2237 3921 2307 (Epist.

2215 2327 2306 2395 82,
2359 2340 2419 2381 n.
2471 2326 2553 2395 t7)
2596 2324 2749 2379 misit
2793 2324 2867 2379 ad
2910 2323 3318 2396 Hieronymum
3347 2341 3499 2380 anno
3527 2324 3755 2381 circiter
3784 2342 3925 2391 qua-

2214 2412 2669 2485 dringentesimo
2697 2412 2919 2485 quinto.

2284 2502 2340 2559 4.
2374 2504 2591 2558 Nostrae
2620 2502 2855 2574 quidem
2880 2506 3017 2558 sunt
3042 2506 3253 2574 partes,
3283 2519 3523 2576 operum
3553 2504 3924 2575 singulorum

2216 2597 2462 2662 tempus,
2504 2591 2552 2646 si
2604 2591 2777 2647 modo
2830 2591 3136 2664 comperiri
3165 2593 3364 2664 possit,
3396 2593 3705 2665 diligenter
3728 2596 3928 2650 obser-

2217 2697 2367 2737 vare.
2400 2682 2611 2736 Verum
2657 2697 2832 2753 supra
2877 2682 3179 2736 memorati
3227 2682 3356 2737 libri
3393 2688 3495 2739 aut
3520 2699 3697 2754 parva
3723 2684 3924 2739 admo-

2213 2769 2373 2838 dum,
2414 2773 2511 2825 aut
2541 2770 2699 2825 nulla
2727 2770 3002 2842 temporis
3038 2770 3247 2827 indicia
3273 2788 3392 2844 pra:
3439 2788 3498 2828 se
3526 2772 3740 2828 ferunt.
3776 2774 3922 2828 Nam

2216 2860 2366 2932 quod
2415 2860 2485 2915 ad
2529 2859 2702 2915 libros
2739 2865 2934 2915 contra
2985 2861 3277 2929 Faustum,
3332 2861 3505 2917 refert
3553 2862 3922 2920 solummodo

2215 2948 2588 3020 Augustinus,
2629 2965 2690 3004 se
2731 2950 2860 3004 illos
2907 2949 3198 3020 scripsisse
3235 2950 3331 3006 diu
3362 2955 3494 3006 ante
3518 2957 3819 3023 acceptam
3849 2954 3920 3007 ab

2216 3039 2561 3110 Hieronymo
2581 3038 2882 3110 epistolam
2898 3055 3140 3095 numero
3153 3040 3559 3111 octogesimum
3579 3041 3914 3111 secundam,

2215 3145 2343 3200 qua:
2374 3128 2457 3182 illi
2475 3128 2636 3183 reddi
2659 3145 2773 3182 non
2802 3128 2984 3200 potuit
3007 3133 3138 3184 ante
3168 3145 3384 3184 annum
3412 3129 3920 3202 quadringentesi-

2184 3246 2187 3247 ν
2215 3233 2377 3272 mum
2406 3217 2697 3289 quintum.
2725 3217 2895 3272 Aliud
2916 3218 3093 3288 igitur
3115 3218 3280 3273 nobis
3307 3235 3422 3273 non
3441 3218 3917 3297 licuit,quam~se-

2214 3306 2315 3378 qui
2345 3306 2548 3361 seriem
2582 3307 2653 3361 ab
2681 3306 2807 3378 ipso
2838 3306 3159 3379 Augustino
3188 3308 3251 3362 in
3275 3307 3794 3364 Retractationibus
3822 3310 3922 3364 in-

2215 3394 2492 3459 stitutam,
2536 3394 2635 3465 qui
2681 3410 2739 3448 se
2769 3394 3033 3449 ordinem
3067 3396 3362 3467 temposis,
3395 3400 3676 3467 quantum
3704 3396 3919 3468 potuit,

2215 3500 2464 3539 servasse
2491 3486 2732 3538 testatur
2759 3483 3015 3555 (Retract.
3036 3486 3202 3552 Prol.,
3230 3500 3288 3540 n.
3322 3485 3395 3555 3).
3419 3486 3572 3549 luco
3589 3488 3787 3541 tamen
3803 3502 3919 3541 non

2215 3572 2323 3628 fuit
2368 3573 2603 3628 omnino
2649 3580 2965 3630 accuratus.
3024 3574 3167 3628 Nam
3203 3573 3366 3629 libris
3405 3578 3603 3630 contra
3649 3576 3920 3631 Faustum

2215 3661 2473 3734 proxime
2498 3661 2795 3733 subjungit
2821 3659 3269 3733 disputationem
3296 3668 3491 3718 contra
3522 3663 3769 3721 Felicem
3803 3666 3922 3721 Ma-

2217 3752 2524 3821 nicheeum,
2551 3767 2729 3825 quam
2764 3751 2917 3806 haud
2949 3751 3118 3807 dubie
3148 3750 3348 3807 habuit
3385 3767 3583 3808 mense
3629 3753 3924 3810 decembri

2214 3838 2354 3893 anni
2408 3837 2959 3910 quadringentesimi
2995 3839 3185 3911 quarti
3230 3840 3326 3911 (De
3366 3843 3523 3897 Actis
3567 3858 3689 3897 cum
3725 3845 3921 3910 Felice,

2215 3928 2310 3983 lib.
2346 3931 2394 3995 t,
2434 3942 2554 3997 cap.
2607 3926 2673 3997 'l).
2714 3928 2778 3982 Et
2815 3927 2917 3983 ubi
2949 3930 3272 3999 complures
3308 3929 3452 3985 alios
3490 3932 3790 3987 'l‘ractatus
3840 3949 3924 3987 re-

2214 4016 2453 4084 censuit,
2485 4016 2722 4072 collocat
2745 4016 2920 4072 libros
2939 4021 3138 4073 contra
3157 4018 3503 4075 Petilianum
3522 4036 3537 4076 :
3562 4036 3708 4093 quos
3723 4024 3923 4077 tamen

2217 4106 2322 4161 sub
2377 4105 2674 4161 Anastasio
2722 4122 2893 4179 papa,
2932 4107 3039 4162 hoc
3079 4111 3181 4176 est,
3229 4124 3379 4163 anno
3417 4110 3621 4164 saltem
3648 4110 3927 4182 quadrin-

2215 4195 2536 4266 gentesimo
2566 4197 2814 4252 secundo
2834 4197 3165 4269 conscripsit
3187 4198 3353 4269 (Cont.
3381 4199 3514 4254 Litt.
3537 4200 3720 4267 Petil.,
3742 4199 3842 4254 lib.
3867 4203 3921 4267 2,

2213 4300 2261 4339 c.
2289 4288 2368 4351 l5,
2392 4301 2448 4339 n.
2472 4288 2614 4353 tl8).
2640 4286 2848 4340 Forsan
2876 4286 3038 4358 operi
3060 4290 3259 4341 contra
3276 4287 3549 4342 Faustum
3570 4291 3778 4343 caetera
3795 4304 3927 4359 Ope-

2214 4387 2299 4443 ra,
2322 4389 2451 4445 quas
2470 4375 2831 4445 postmodum
2853 4375 3154 4447 scripserat
3171 4376 3438 4431 adversus
3454 4375 3923 4437 Manichaaos,vo-

2213 4461 2323 4517 luit
2351 4462 2712 4518 continenter
2760 4467 3082 4522 annectere.
3136 4466 3200 4520 Et
3247 4481 3305 4520 re
3342 4464 3579 4537 quidem
3622 4465 3748 4536 ipsa
3792 4468 3926 4536 post

2174 4574 2183 4577 Α
2212 4551 2411 4619 libros,
2444 4567 2589 4623 quos
2605 4568 2671 4607 eo
2686 4552 2799 4608 loci
2823 4553 3182 4620 memoravit,
3212 4554 3438 4609 nullum
3456 4552 3706 4624 amplius
3722 4553 3926 4608 adver-

2213 4654 2310 4694 sus
2339 4639 2484 4695 hanc
2508 4640 2773 4696 haeresim
2803 4642 2873 4697 ab
2902 4657 2971 4696 eo
2999 4640 3276 4713 scriptum
3311 4642 3720 4713 comperimus.
3756 4642 3922 4696 Hunc

2212 4727 2472 4784 ordinem
2495 4744 2822 4801 sequemur,
2847 4729 3071 4802 aliaque
3098 4746 3293 4802 opera,
3318 4746 3447 4802 quae
3466 4730 3631 4786 libris
3657 4730 3727 4785 ad
3751 4730 3925 4785 Mani-

2213 4817 2400 4872 chaeos
2463 4818 2849 4889 spectantibus
2877 4818 3126 4891 subjicit,
3155 4819 3249 4875 hic
3276 4819 3450 4874 etiam
3487 4819 3919 4888 collocabimus,

2213 4906 2402 4977 quoad
2455 4911 2758 4965 occurrant
2794 4906 3008 4980 aliqua,
3053 4920 3304 4981 quorum
3331 4912 3560 4980 tempus
3589 4907 3917 4964 distinctius

2168 5014 2169 5019 η
2211 4993 2465 5051 indicare
2492 4995 2801 5067 possimus.

2284 5086 2336 5139 5.
2370 5083 2595 5139 Primus
2623 5085 2685 5140 in
2713 5085 2820 5141 hac
2847 5084 2991 5141 serie
3019 5085 3186 5142 nobis
3234 5085 3481 5142 occurrit
3523 5086 3688 5155 liber,
3742 5102 3918 5158 quem

2211 5176 2408 5227 contra
2434 5173 2691 5228 Hilarum
2722 5174 3051 5247 quemdam,
3073 5175 3262 5230 virum
3289 5174 3674 5238 tribunitium,
3705 5175 3920 5231 laicum

2211 5261 2554 5318 catholicum
2610 5263 2838 5335 scripsit
2887 5267 3140 5337 (Retract.
3196 5266 3290 5321 lib.
3333 5267 3387 5333 2,
3441 5280 3563 5335 cap.
3602 5266 3707 5335 tl).
3738 5266 3792 5320 Is
3833 5265 3921 5320 ira

2210 5367 2514 5407 succensus
2568 5352 2757 5423 (causa
2799 5369 2906 5409 nos
2961 5354 3117 5426 latet)
3162 5355 3436 5410 adversus
3494 5353 3757 5411 Ecclesim
3807 5354 3919 5410 mi-

2168 5440 2443 5509 ‘nistros,
2476 5445 2539 5497 ut
2566 5440 2693 5498 ﬁeri
2730 5444 2952 5511 assolet,
3004 5444 3085 5499 ait
3130 5443 3510 5516 Augustinus,
3560 5458 3789 5500 morem
3818 5443 3918 5517 qui

2210 5534 2350 5586 tunc
2392 5531 2546 5603 apud
2576 5531 2985 5603 Carthaginem
3025 5532 3221 5591 induci
3252 5536 3526 5605 coeperat,
3554 5537 3620 5590 ut
3650 5533 3855 5605 hymni
3885 5550 3921 5589 e
