4060 6366
111 329 209 382 265
1426 326 1638 384 LIBER
1692 325 2043 394 QUARTUS.

114 451 464 506 Psalmorum
483 449 630 504 libro
659 449 729 505 ad
758 443 934 505 altare
957 454 1316 517 canerentur,
1347 451 1462 505 sive
1490 454 1621 506 ante
1651 451 1802 506 obla-

113 542 342 600 tionem,
377 539 492 594 sive
515 555 646 594 cum
674 539 888 610 populo
921 538 1357 594 distribueretur
1384 541 1659 607 oblatum,
1687 556 1803 595 ma-

110 630 285 684 ledica
327 628 772 700 reprehensione
815 627 1103 699 carpebat.
1153 629 1294 684 Cum
1332 629 1508 700 igitur
1535 631 1682 684 hanc
1708 629 1803 684 ille

112 717 582 774 consuetudinem
612 717 766 772 velut
794 733 1093 773 erroneam
1125 717 1470 790 ubicumque
1509 719 1802 786 laceraret,

109 807 464 878 Augustinus
492 807 735 861 fratrum
778 822 1014 861 suorum
1054 806 1318 878 precibus
1349 808 1677 878 compulsus
1723 811 1806 862 est

111 913 236 950 eum
267 896 548 950 refellere.
603 896 714 950 Hoc
757 912 902 966 opus
945 895 1268 967 appellatur
1297 911 1330 949 a
1375 895 1629 950 Possidio
1662 895 1807 968 liber

113 987 305 1039 contra
348 984 602 1039 Hilarum
634 984 704 1038 de
752 983 995 1039 Canticis
1041 1000 1170 1055 qua:
1214 984 1285 1039 ad
1324 984 1501 1039 altare
1542 984 1807 1040 dicuntur

113 1073 365 1145 (Possid.,
395 1075 455 1127 in
480 1073 678 1136 Indic.,
709 1089 828 1143 cap.
863 1072 934 1143 6).
965 1073 1141 1128 Hodie
1173 1089 1289 1128 non
1319 1077 1519 1129 exstat.

182 1165 233 1217 6.
273 1163 410 1216 Post
451 1162 606 1216 hunc
652 1161 863 1217 librum
908 1162 1148 1217 collocat
1183 1163 1536 1233 Augustinus
1579 1161 1804 1234 exposi-

115 1251 291 1306 tiones
311 1252 697 1322 quorumdam
742 1253 994 1306 locorum
1042 1268 1109 1306 ex
1153 1252 1453 1323 Evangelio
1493 1253 1805 1327 secundum

116 1341 435 1396 Matthasum
454 1345 511 1395 et
529 1341 756 1406 Lucam,
774 1341 998 1395 duobus
1017 1340 1174 1395 libris
1189 1340 1644 1411 comprehensas,
1665 1357 1806 1412 quas

117 1431 434 1496 Quzstiones
461 1431 878 1498 Evangeliorum
908 1428 1166 1483 inscribit
1189 1429 1441 1498 (Rctract.
1474 1430 1570 1485 lib.
1593 1429 1648 1497 2,
1681 1444 1800 1498 cap.

119 1517 222 1589 i2).
247 1519 306 1572 Id
335 1518 524 1590 operis
544 1518 867 1589 composuit
888 1518 960 1572 ad
985 1533 1153 1572 usum
1172 1518 1486 1588 cujusdam,
1509 1519 1609 1589 qui
1633 1519 1804 1572 Evan-

115 1607 321 1677 gelium
338 1622 456 1660 una
476 1622 606 1660 cum
620 1622 686 1660 eo
703 1606 918 1678 legens,
937 1605 983 1660 si
1006 1604 1143 1677 quid
1168 1604 1277 1676 ipsi
1296 1605 1592 1660 videbatur
1609 1605 1806 1660 obscu-

116 1712 257 1764 rum,
280 1694 447 1749 illum
476 1695 823 1762 consulebat,
847 1698 904 1749 et
931 1711 1058 1765 qua:
1079 1694 1198 1766 ipse
1222 1693 1412 1765 primo
1432 1694 1803 1766 praeterierat,

115 1784 417 1856 aliquando
449 1784 807 1838 retractabat.
828 1784 988 1838 Unde
1012 1783 1074 1838 ﬁt
1095 1788 1157 1838 ut
1180 1783 1295 1838 illa:
1323 1783 1664 1854 questiones
1689 1799 1805 1838 non

115 1889 332 1944 semper
359 1871 677 1944 evangelici
723 1876 912 1926 textus
959 1871 1161 1926 seriem
1203 1876 1534 1942 sequantur.
1585 1871 1687 1927 Cui
1715 1871 1803 1926 in-

113 1963 407 2017 commodo
443 1965 505 2016 ut
541 1961 866 2016 mederetur
893 1960 1266 2031 Augustinus,
1304 1961 1602 2016 titulorum
1631 1960 1801 2032 sylla-

113 2052 240 2106 bum
284 2050 486 2106 texuit.
538 2051 711 2104 Porro
740 2065 845 2104 nec
893 2064 1090 2103 omnes
1137 2048 1519 2115 difficultates,
1568 2063 1672 2102 nec
1701 2048 1804 2101 ali-

115 2139 336 2211 quando
375 2137 666 2210 graviores
695 2154 823 2210 quae
840 2137 1082 2209 proponi
1114 2140 1372 2207 possunt,
1422 2136 1482 2191 in
1519 2136 1607 2191 his
1647 2137 1805 2191 libris

116 2229 462 2296 enodantur;
513 2227 648 2299 quia
694 2227 794 2300 qui
848 2226 1182 2282 consulebat
1229 2225 1635 2297 Augustinum,
1683 2226 1803 2298 jam

118 2318 379 2388 pleraque
409 2319 666 2370 noverat.

177 2409 236 2459 7.
278 2404 692 2460 Aduotationes
737 2402 797 2457 in
838 2401 942 2458 Job
973 2406 1107 2457 sunt
1135 2401 1399 2473 qumdam
1440 2400 1802 2458 solummodo

118 2495 339 2561 scholia,
373 2511 505 2566 qua:
536 2511 568 2548 a
620 2498 812 2547 sancto
844 2494 1082 2547 Doctore
1130 2492 1201 2546 ad
1251 2492 1570 2562 marginem
1618 2495 1804 2546 textus

118 2583 409 2655 adscripta,
444 2598 649 2652 parum
697 2586 957 2635 accurate
1004 2580 1102 2634 alii
1149 2581 1592 2651 exscripserunt,
1638 2584 1694 2634 et
1742 2581 1804 2635 in

121 2689 287 2728 unum
317 2688 526 2742 corpus
559 2670 926 2741 redegerunt.
973 2670 1129 2724 Unde
1173 2669 1393 2724 dubitat
1426 2669 1802 2739 Augustinus,

117 2779 184 2817 an
219 2763 370 2817 hunc
398 2762 582 2816 fetum
626 2764 688 2814 ut
726 2775 892 2813 suum
922 2763 980 2814 et
1016 2758 1338 2830 legitimum
1371 2774 1675 2829 agnoscere
1707 2757 1804 2812 de-

116 2852 260 2908 beat.
298 2852 530 2906 Fatetur
557 2851 658 2904 has
687 2847 1090 2903 Adnotationes
1122 2851 1378 2918 acceptas
1408 2850 1464 2900 et
1492 2847 1560 2901 ad
1592 2846 1802 2900 intelli-

117 2939 360 3010 gentiam
408 2938 868 2993 accommodatas
917 2952 1034 2990 non
1071 2936 1213 3003 fore,
1269 2934 1380 2989 nisi
1415 2933 1800 3006 paucissimis;

121 3028 318 3100 quibus
348 3028 526 3083 etiam
556 3027 738 3082 multa
766 3026 826 3080 in
858 3025 944 3080 his
975 3027 1291 3087 occurrent,
1324 3039 1453 3095 qua:
1483 3021 1806 3094 percepturi

120 3133 223 3170 non
258 3117 390 3185 sint,
424 3132 557 3170 cum
586 3118 822 3186 propter
853 3112 1266 3168 sententiarum
1294 3111 1647 3177 brevitatem,
1683 3114 1806 3166 tum

121 3209 344 3277 propter
362 3205 595 3272 menda,
629 3220 756 3275 quae
779 3203 840 3257 in
870 3219 962 3257 eas
985 3206 1100 3256 tam
1121 3201 1319 3256 crebra
1347 3201 1721 3271 irrepserunt,
1744 3204 1809 3254 ut

119 3294 412 3349 emendare
463 3309 580 3347 non
623 3291 896 3362 potuerit.
947 3291 1369 3362 Qualecumque
1419 3293 1615 3344 tamen
1662 3292 1809 3343 esset

120 3383 216 3438 hoc
253 3399 418 3454 opus,
466 3380 782 3452 expetitum
807 3379 916 3434 fuit
943 3394 977 3433 a
1004 3378 1294 3445 fratribus,
1342 3393 1589 3450 quorum
1617 3376 1806 3431 studio

119 3486 238 3525 cum
270 3471 557 3541 denegare
596 3484 711 3522 non
744 3466 1018 3538 potuisset
1052 3465 1424 3536 Augustinus,
1459 3464 1518 3518 in
1552 3463 1668 3518 suis
1699 3465 1806 3518 Re-

119 3557 515 3613 tractationum
581 3555 740 3611 libris
785 3555 929 3610 illud
984 3557 1049 3610 ut
1114 3569 1284 3609 suum
1337 3553 1572 3626 agnovit
1623 3552 1805 3624 (Ibid.,

120 3663 230 3717 cap.
267 3649 370 3714 t3).

182 3739 232 3791 8.
261 3733 673 3791 Adnotationes
713 3733 847 3787 istas
872 3731 1082 3803 excipit
1109 3732 1252 3787 liber
1291 3731 1360 3786 de
1389 3730 1808 3786 Catechizandis

118 3825 344 3879 rudibus
381 3823 570 3895 (Ibid.,
609 3837 728 3892 cap.
765 3820 876 3892 14),
917 3821 989 3875 ad
1023 3821 1356 3892 Deogratias
1397 3819 1807 3889 Carthaginem

121 3932 229 3970 sem
257 3915 590 3983 diaconum,
627 3912 699 3968 ad
739 3928 910 3983 quem
949 3910 1150 3982 primis
1187 3911 1322 3966 fidei
1360 3910 1658 3964 elementis
1699 3910 1808 3964 im-

121 4003 316 4060 buendi
360 4001 574 4073 saepius
617 3999 1068 4055 deducebantur:
1117 3999 1273 4069 quod
1311 3997 1359 4052 is
1401 3997 1462 4052 in
1503 3996 1811 4051 christiana

122 4092 382 4164 religione
427 4091 574 4144 foret
621 4087 879 4158 apprime
927 4086 1202 4153 eruditus,
1236 4102 1296 4140 ac
1340 4085 1497 4139 suavi
1546 4084 1844 4139 facundia.

121 4181 502 4252 singularique
533 4174 918 4231 catechizandi
947 4175 1213 4230 facultate
1242 4175 1505 4245 polleret.
1539 4175 1805 4227 Attamen

121 4269 173 4324 in
198 4271 300 4325 hac
331 4266 738 4325 exercitatione
763 4263 870 4318 sibi
901 4263 1022 4334 ipse
1050 4279 1165 4318 non
1189 4262 1434 4318 faciebat
1461 4261 1626 4328 satis;
1659 4276 1808 4332 pene

121 4375 334 4431 semper
373 4354 667 4428 angustias
707 4353 1053 4424 patiebatur,
1093 4350 1299 4406 dubius
1339 4355 1398 4405 et
1444 4365 1650 4420 anceps
1693 4365 1806 4420 quo

120 4453 272 4518 pacto
313 4461 403 4517 ea,
435 4458 683 4517 quorum
716 4442 858 4497 fides
887 4458 989 4496 nos
1018 4439 1356 4495 christianos
1379 4439 1534 4518 facit,
1565 4454 1807 4509 expone-

121 4511 228 4604 ret;
258 4511 551 4592 undenam
578 4530 927 4587 exordienda
953 4533 1100 4585 esset
1126 4527 1430 4598 institutio,
1461 4511 1643 4582 et‘ubi
1672 4542 1805 4580 con-

120 4624 391 4680 cludenda
416 4639 429 4678 :
457 4639 530 4677 an
561 4618 903 4676 institutioni
935 4617 1288 4689 subjicienda
1317 4616 1581 4689 quaedam
1609 4615 1811 4670 exhor-

120 4713 270 4781 tatio,
301 4729 376 4768 an
407 4711 593 4766 solum
626 4707 960 4780 exponenda
989 4710 1294 4778 praecepta,
1329 4721 1577 4776 quorum
1610 4704 1807 4758 obser-

119 4802 398 4857 vationem
427 4800 499 4855 ad
545 4797 851 4854 christiano
890 4811 1050 4850 more
1087 4794 1395 4848 vivendum
1431 4791 1808 4848 necessariam

117 4891 248 4946 scire
286 4893 581 4945 teneretur
628 4884 1078 4941 catechizandus.
1133 4882 1491 4947 Querebatur
1547 4896 1804 4952 quoque,

122 4979 260 5051 quod
289 4978 514 5050 prolixo
542 4991 805 5031 sermone
837 4973 1107 5045 fatigatus
1125 4985 1380 5043 persaepe
1405 4985 1525 5041 prae
1551 4973 1808 5039 tempore

120 5069 520 5140 languesceret,
561 5069 616 5119 et
661 5064 741 5118 sic
787 5063 977 5118 animo
1021 5061 1257 5116 affectus
1308 5073 1412 5113 nec
1456 5057 1810 5112 catechizan-

123 5157 266 5224 dum,
308 5171 416 5212 nec
465 5153 761 5210 audientes
806 5150 1158 5206 accenderet.
1209 5147 1592 5219 Augustinum
1633 5145 1811 5216 igitur

124 5243 218 5300 hac
241 5246 309 5300 de
337 5261 400 5300 re
430 5242 540 5298 sibi
581 5241 804 5297 monita
836 5240 1104 5294 daturum
1145 5235 1386 5292 credidit
1417 5251 1430 5290 :
1465 5239 1522 5290 et
1552 5237 1619 5288 ut
1656 5232 1811 5287 illius

125 5333 400 5389 familiaris
429 5335 572 5400 erat,
603 5331 674 5386 ab
703 5345 769 5384 eo
790 5344 896 5400 per
919 5328 1139 5382 litteras
1163 5324 1348 5398 petiit,
1381 5328 1444 5378 ut
1467 5323 1617 5378 inter
1645 5337 1809 5376 occu-

125 5423 369 5493 pationes
407 5437 538 5476 suas
585 5435 704 5475 non
746 5420 1080 5489 gravaretur
1123 5413 1360 5486 aliquod
1407 5411 1517 5467 sibi
1563 5410 1810 5467 catechi-

129 5511 277 5567 zandi
307 5510 593 5583 specimen
624 5509 812 5562 edere.
860 5502 1207 5560 Existimavit
1243 5500 1617 5573 Augustinus,
1655 5516 1714 5554 se
1743 5515 1810 5554 ex

127 5599 299 5656 officio
336 5605 394 5656 et
421 5598 719 5664 charitate,
752 5611 866 5667 qua
901 5609 1018 5647 non
1057 5591 1161 5648 uni
1198 5594 1422 5646 tantum
1466 5587 1672 5656 amico,
1713 5587 1811 5643 sed

465 5697 740 5762 PATROL.
791 5690 1042 5758 XXXII.

3500 338 3602 390 266

1907 452 2224 522 generatim
2273 452 2378 507 toti
2409 452 2665 507 Ecclesiae
2697 451 2975 508 obstricus
3004 458 3147 523 erat,
3189 455 3370 509 teneri
3418 473 3476 511 se
3526 457 3595 511 ad

1907 539 2048 595 illud
2078 541 2310 596 alterius
2337 547 2467 596 voto
2493 542 2736 597 libenter
2750 543 3197 598 concedendum.
3222 545 3430 611 Quanto
3449 549 3591 600 enim

1911 632 2086 700 cupio,
2119 629 2322 702 inquit,
2356 633 2520 686 latius
2548 634 2762 700 erogari
2777 634 3062 702 pecuniam
3077 633 3421 701 dominicam,
3454 638 3604 690 tanto

1909 720 2086 788 magis
2106 735 2187 774 me
2214 725 2437 789 oportet,
2470 722 2520 774 si
2545 737 2707 789 quam
2737 721 3134 790 dispensatores
3158 737 3433 778 conservos
3459 738 3600 778 meos

1911 808 2292 877 difficultatem
2321 812 2377 863 in
2397 809 2664 876 eroganda
2695 811 2892 864 sentire
2919 825 3191 879 cognosco,
3233 827 3390 880 agere
3416 827 3600 882 quan-

1913 901 2028 952 tum
2059 899 2113 952 in
2144 913 2225 952 me
2263 901 2360 963 est,
2409 902 2469 952 ut
2505 899 2670 965 facile
2697 903 2860 968 atque
2908 899 3155 968 expedite
3196 902 3430 969 possint,
3463 900 3608 969 quod

1910 989 2143 1057 impigre
2163 1003 2224 1042 ac
2247 988 2479 1043 studiose
2502 990 2686 1043 colunt
2703 989 2795 1059 (De
2811 990 3020 1045 Catech.
3044 989 3254 1058 rud.,c.
3283 993 3327 1052 1,
3353 989 3500 1061 n.2).
3528 992 3608 1044 De

1911 1075 2019 1131 hoc
2047 1076 2223 1147 igitur
2250 1080 2584 1148 argumento
2616 1077 2825 1131 librum
2856 1093 2968 1148 quo
2999 1077 3066 1132 de
3094 1077 3336 1148 agimus,
3371 1079 3443 1133 ad
3472 1095 3606 1133 eum

1913 1163 2156 1234 scripsit,
2182 1165 2281 1219 ubi
2302 1165 2553 1235 primum
2567 1165 2892 1220 consolatur
2907 1182 3041 1220 eum
3053 1166 3121 1220 de
3144 1165 3336 1234 tasdio,
3355 1166 3504 1238 quod
3526 1166 3610 1221 illi

1912 1252 2120 1307 dicenti
2149 1254 2456 1324 subrepere
2482 1254 2717 1308 solebat.
2753 1255 2910 1308 Idem
2934 1254 3163 1309 sibimet
3183 1271 3360 1326 prope
3381 1271 3610 1326 semper

1912 1341 2242 1413 contingere
2274 1343 2504 1412 fatetur,
2538 1345 2674 1398 dum
2705 1343 2765 1396 in
2794 1343 3145 1414 (exponendis
3165 1343 3298 1398 fidei
3324 1344 3609 1415 mysteriis

1910 1429 2108 1500 lingua
2134 1431 2312 1485 menti
2340 1431 2595 1486 sufﬁcere
2628 1422 2738 1486 non
2759 1436 2979 1502 potest:
3003 1432 3136 1487 inde
3156 1433 3414 1487 animum
3440 1449 3608 1487 suum

1911 1519 2117 1590 frangi,
2150 1535 2322 1590 seque
2353 1520 2478 1574 aliis
2508 1522 2809 1575 molestum
2842 1521 3136 1588 arbitrari;
3169 1538 3297 1577 cum
3324 1526 3517 1576 tamen
3539 1538 3605 1576 ex

1911 1608 2100 1663 studio
2121 1612 2178 1664 et
2206 1609 2511 1676 alacritate,
2537 1625 2708 1681 quam
2730 1626 2850 1681 prae
2875 1627 2936 1664 se
2957 1611 3149 1665 ferunt
3163 1610 3476 1677 audientes,
3497 1611 3612 1665 elo-

1912 1696 2114 1768 quium
2153 1712 2342 1767 suum,
2374 1697 2739 1768 quantumvis
2768 1697 2874 1752 sibi
2895 1697 3004 1769 ipsi
3030 1697 3302 1768 frigidum
3324 1697 3606 1766 videatur,

1910 1784 2041 1840 illos
2084 1784 2443 1839 inflammare
2485 1784 2764 1855 conjiciat.
2812 1786 2968 1839 Inter
3005 1785 3114 1839 alia
3157 1789 3443 1856 praecepta
3473 1801 3604 1856 quas

1911 1871 2101 1940 tradit,
2134 1877 2332 1927 monet
2360 1872 2647 1943 expedire,
2688 1877 2752 1927 ut
2779 1872 3043 1944 privatim
3075 1873 3436 1928 instituendis
3466 1873 3607 1928 offe-

1912 1964 2071 2014 ratur
2092 1961 2285 2024 sessio,
2309 1977 2438 2015 cum
2468 1966 2533 2015 ut
2559 1961 2781 2016 videtur
2808 1961 2907 2015 illa
2927 1961 3142 2032 species
3160 1962 3356 2029 fastus,
3378 1962 3608 2033 quando

1912 2053 2121 2104 stantes
2151 2050 2440 2104 sedentem
2473 2050 2750 2120 jubentur
2789 2049 3008 2117 audire,
3059 2054 3183 2105 tum
3212 2051 3348 2122 quia
3386 2050 3607 2106 contin-

1913 2152 2048 2208 gere
2088 2141 2292 2207 potest,
2347 2141 2410 2191 ut
2450 2137 2651 2192 stando
2701 2136 2992 2208 defatigati
3037 2154 3116 2208 se,
3161 2139 3332 2193 aliam
3379 2154 3609 2194 causam

1911 2229 2306 2296 praetexentes,
2355 2225 2704 2280 subducant:
2738 2226 2890 2296 quod
2925 2225 3032 2280 sibi
3079 2227 3354 2281 rusticum
3403 2244 3609 2298 quem-

1913 2314 2045 2368 dam
2062 2313 2263 2385 primis
2277 2314 2407 2369 Iidei
2423 2314 2760 2368 rudimentis
2777 2314 3059 2370 imbuenti
3084 2315 3350 2370 accidisse
3371 2319 3614 2371 testatur

1915 2403 2099 2474 (Ibid.,
2128 2419 2173 2458 c.
2198 2406 2280 2469 t3,
2302 2419 2357 2457 η.
2383 2404 2490 2473 19).
2517 2403 2868 2474 Deogratias,
2893 2403 2981 2458 cui
3008 2408 3280 2460 tractatus
3298 2404 3390 2459 hic
3410 2405 3610 2459 inscri-

1912 2492 2085 2562 bitur,
2119 2493 2188 2548 ad
2212 2493 2634 2564 presbyterium
2664 2492 2869 2547 deinde
2899 2497 3201 2564 provectus
3226 2498 3330 2561 est,
3363 2493 3412 2548 si
3443 2495 3613 2548 modo

1912 2581 2064 2636 idem
2107 2585 2191 2636 est
2217 2581 2307 2636 cui
2347 2581 2700 2652 Augustinus
2731 2581 2882 2636 circa
2928 2598 3144 2636 annum
3174 2582 3610 2654 quadringente-

1913 2669 2123 2724 simum
2155 2674 2379 2724 sextum
2431 2670 2500 2724 ad
2530 2669 2878 2741 quaestiones
2915 2669 2985 2724 ab
3026 2686 3094 2725 eo
3139 2671 3246 2726 sibi
3276 2671 3616 2742 Carthagine

1913 2759 2113 2814 missas
2166 2759 2475 2829 respondet
2521 2758 2760 2829 epistola
2798 2759 3105 2812 centesima
3141 2761 3406 2816 secunda.
3455 2761 3613 2814 Hunc

1913 2845 2306 2917 presbyterum
2346 2861 2462 2899 non
2499 2846 2670 2900 modo
2702 2849 2764 2899 ut
2791 2846 3129 2900 familiarem
3168 2863 3353 2908 suum,
3401 2846 3492 2900 cui
3522 2847 3616 2900 de-

1914 2949 2124 3003 negare
2154 2933 2298 2987 nihil
2337 2933 2537 3004 possit,
2587 2934 2920 3004 compellat;
2963 2934 3062 2989 sed
3112 2933 3285 2988 etiam
3324 2937 3386 2988 ut
3425 2935 3610 2988 virum

1914 3022 2188 3094 peritum,
2212 3022 2310 3092 qui
2330 3022 2723 3077 consuleretur
2742 3021 2804 3076 in
2833 3021 3036 3085 dubiis,
3061 3027 3116 3077 et
3135 3023 3297 3094 cujus
3319 3022 3481 3078 stilus
3503 3021 3610 3076 sibi

1918 3115 1975 3166 et
2004 3111 2127 3165 aliis
2155 3111 2515 3181 probaretur.

1985 3203 2036 3254 9.
2067 3199 2232 3254 Libro
2263 3199 2332 3254 de
2354 3199 2776 3255 Catechizandis
2805 3199 3040 3255 rudibus
3069 3200 3262 3255 subdit
3289 3198 3618 3271 quindecim

1915 3287 2094 3342 libros
2125 3288 2194 3343 de
2223 3288 2498 3343 Trinitate
2527 3290 2784 3357 (Retract.
2819 3289 2913 3343 lib.
2947 3290 3002 3356 2,
3030 3304 3151 3358 cap.
3188 3289 3301 3358 15),
3333 3305 3478 3360 quos
3506 3305 3611 3360 per
3662 3353 3673 3363 .

1915 3376 2139 3448 aliquot
2168 3393 2344 3431 annos
2374 3377 2737 3432 elucubratus
2767 3381 2872 3446 est,
2914 3393 3045 3432 cum
3075 3393 3193 3444 eos,
3225 3382 3289 3432 ut
3323 3378 3441 3447 ipse
3473 3379 3611 3432 scri-

1916 3465 2020 3532 bit,
2045 3465 2274 3536 juvenis
2302 3465 2603 3534 inchoarit,
2626 3482 2795 3521 senex
2823 3465 3064 3521 ediderit
3086 3465 3278 3537 (Epist.
3321 3466 3460 3536 174).
3486 3466 3617 3521 Illos

1916 3554 2202 3625 siquidem
2222 3554 2656 3622 intermittebat,
2680 3554 2902 3626 quoties
2924 3555 3036 3609 alio
3057 3554 3460 3626 implicabatur
3479 3571 3614 3626 ope-

1914 3644 2165 3711 re,quod
2187 3641 2448 3712 pluribus
2467 3643 2831 3713 profuturum
2853 3642 3216 3697 existimabat
3235 3645 3488 3712 (Retract.
3512 3643 3612 3698 lib.

1915 3733 1971 3798 2,
2005 3745 2126 3799 cap.
2153 3731 2266 3798 t6);
2290 3733 2445 3785 ratus
2473 3730 2623 3784 istud
2644 3731 2941 3801 operosius
2961 3735 3017 3786 et
3036 3731 3225 3785 minus
3250 3731 3408 3800 utile,
3434 3747 3610 3802 quam

1915 3818 2186 3889 pleraque
2215 3817 2346 3884 alia,
2379 3819 2534 3888 quod
2564 3834 2652 3871 res
2683 3817 2874 3872 minus
2899 3819 3240 3873 necessarias
3270 3822 3325 3872 et
3346 3819 3618 3889 apaucio-

1917 3905 2076 3959 ribus
2129 3905 2529 3975 intelligendas
2555 3905 2874 3961 contineret
2903 3908 3096 3977 (Epist.
3137 3909 3256 3973 169,
3287 3922 3333 3960 c.
3372 3910 3421 3972 1,
3452 3922 3507 3962 n.
3549 3908 3617 3976 t).

1919 3993 2079 4048 Unde
2108 3993 2164 4047 id
2194 4009 2336 4064 opus
2364 3993 2726 4064 potissimum
2757 3994 3002 4066 suscepit
3028 3994 3089 4048 in
3119 4010 3320 4048 eorum
3349 3993 3614 4064 gratiam,

1917 4081 2015 4154 qui
2030 4082 2164 4136 ﬁdei
2179 4082 2569 4138 auctoritatem
2586 4081 2974 4154 repudiantes,
3002 4082 3406 4154 mysteriorum
3424 4082 3622 4138 verita-

1915 4172 2032 4226 tem
2062 4170 2282 4226 ratione
2315 4171 2423 4226 sibi
2444 4171 2824 4226 demonstrari
2852 4171 3120 4226 volebant
3142 4173 3231 4241 (De
3253 4173 3406 4226 Trin.
3442 4171 3536 4226 lib.
3567 4176 3617 4226 l.

1915 4275 1962 4315 c.
1995 4262 2044 4327 1,
2069 4275 2124 4315 n.
2150 4263 2220 4330 1).
2245 4260 2386 4315 Cum
2411 4264 2604 4316 autem
2628 4260 2832 4331 inlege
2856 4259 3105 4326 Domini,
3128 4264 3405 4330 quantum
3429 4259 3538 4314 sibi
3559 4256 3623 4314 li-

1919 4347 2102 4417 cebat,
2122 4348 2526 4416 meditaretur;
2555 4364 2673 4403 non
2702 4348 3026 4420 patiebatur
3054 4347 3296 4402 charitas
3318 4364 3468 4414 cum,
3491 4363 3620 4419 qua:

1915 4452 1982 4490 ex
2006 4435 2107 4490 Dei
2127 4436 2279 4491 dono
2297 4436 2720 4492 acrevelatione
2737 4435 3062 4507 accepisset.
3083 4435 3208 4490 aliis
3227 4436 3538 4507 denegare:
3557 4452 3622 4489 ac

1916 4524 2026 4579 sibi
2044 4524 2421 4595 pollicebatur
2439 4526 2580 4593 fore,
2599 4529 2664 4580 ut
2683 4541 2750 4580 ea
2771 4525 3150 4580 ministrando
3171 4524 3320 4592 aliis,
3339 4525 3460 4595 ipse
3481 4540 3621 4595 quo-

1916 4629 2028 4684 que
2040 4614 2370 4684 proficeret;
2391 4615 2643 4685 dumque
2663 4614 2744 4669 eis
2755 4618 2988 4684 cuperet
3000 4613 3342 4684 respondere
3356 4629 3621 4684 quaaren-

1916 4700 2086 4761 tibus,
2119 4700 2272 4770 quod
2299 4700 2472 4754 etiam
2507 4701 2628 4772 ipse
2647 4702 2941 4772 quaerebat
2962 4700 3246 4754 inveniret
3267 4699 3456 4772 (Ibid.,
3486 4717 3532 4755 c.
3567 4703 3620 4768 3,

1914 4803 1970 4842 η.
2006 4787 2081 4858 5).
2105 4791 2248 4856 Ergo
2273 4790 2484 4857 suscepi
2508 4790 2637 4855 haec,
2659 4788 2868 4860 inquit,
2883 4789 3104 4858 jubente
3132 4792 3294 4857 atque
3320 4788 3621 4857 adjuvante

1915 4878 2140 4930 Domino
2174 4879 2272 4930 Deo
2290 4882 2490 4944 nostra,
2513 4893 2619 4932 non
2641 4881 2751 4931 tam
2771 4879 2986 4944 cognita
3015 4892 3141 4933 cum
3160 4880 3483 4932 auctoritate
3506 4877 3623 4932 dis-

1916 4980 2107 5031 serere,
2131 4980 2295 5033 quam
2314 4979 2377 5018 ea
2397 4980 2516 5019 cum
2537 4967 2743 5034 pietate
2762 4965 3072 5020 disserendo
3093 4980 3402 5034 cognoscere
3431 4965 3477 5025 (1
3482 4965 3619 5032 bid.,

1917 5072 1964 5109 c.
1980 5058 2034 5123 5,
2049 5069 2105 5107 n.
2120 5055 2198 5123 8).
2216 5053 2481 5107 Cernitur
2497 5053 2546 5106 is
2567 5054 2746 5108 sancti
2770 5053 3026 5109 Doctoris
3046 5053 3274 5109 animus
3291 5055 3353 5108 in
3374 5054 3624 5124 permul-

1917 5143 1990 5196 tis
2018 5143 2189 5212 bujus
2212 5141 2400 5213 operis
2420 5142 2573 5208 locis,
2600 5147 2656 5197 et
2673 5143 2732 5197 in
2753 5142 2890 5214 ipsis
2920 5143 3169 5198 maxime
3189 5142 3499 5215 prooemiis.
3522 5142 3622 5195 Te-

1919 5235 2102 5286 statur
2116 5229 2311 5285 stilum
2333 5247 2391 5286 se
2411 5231 2762 5302 perlibenter
2781 5232 2953 5287 fuisse
2975 5245 3436 5304 suppressurum,
3458 5227 3505 5282 si
3522 5232 3623 5284 aut

1919 5335 2010 5374 res
2038 5319 2369 5390 hujusmodi
2404 5319 2754 5376 sufﬁcienter
2779 5337 2810 5375 a
2852 5321 3064 5376 Latinis
3099 5318 3497 5374 invenirentur
3523 5333 3620 5371 ex-

1919 5407 2138 5480 positas,
2171 5413 2269 5463 aut
2299 5407 2479 5464 Graeci
2508 5408 2810 5480 scriptores
2840 5414 3032 5465 essent
3058 5407 3233 5463 latine
3259 5403 3490 5472 redditi,
3522 5409 3624 5461 aut

1919 5497 2012 5552 alii
2035 5496 2281 5568 denique
2301 5513 2498 5553 curam
2517 5497 2900 5570 respondendi
2918 5495 3328 5568 questionibus
3350 5493 3461 5547 sibi
3488 5511 3622 5564 pro-

1920 5585 2121 5660 positis
2153 5585 2362 5644 vellent
2406 5585 2719 5658 suscipere.
2759 5585 2928 5641 Initio
2973 5582 3106 5639 libri
3157 5581 3364 5638 decimi
3413 5583 3624 5656 quinti,

3050 5679 3310 5766 mea.)
