4060 6366
454 293 553 344 267

451 431 584 487 quae
626 414 686 468 in
732 412 1127 485 superioribus
1163 416 1522 484 exposuerat,
1561 413 1986 483 compendiario
2034 430 2149 468 ser-

453 520 622 558 mone
667 503 1065 574 complectitur
1105 502 1285 573 (lbid.,
1328 503 1422 558 lib.
1470 504 1555 571 l5,
1601 518 1659 557 n.
1700 506 1771 572 3).
1818 504 1926 556 llos
1972 502 2149 557 libros

452 591 788 664 singillatim
818 592 985 647 edere
1018 590 1263 653 nolebat,
1297 589 1461 644 sicuti
1491 590 1662 644 libros
1692 590 1762 645 de
1793 590 2023 646 Civitate
2049 590 2150 645 Dei

452 685 655 752 postea
674 679 871 746 edidit,
898 679 997 734 sed
1022 693 1219 732 omnes
1244 676 1445 744 simul;
1468 678 1619 748 quod
1649 681 1901 732 extrema
1926 677 2146 749 primis,

451 768 902 824 ratiocinationis
945 766 1107 839 quasi
1155 766 1401 831 vinculo,
1455 770 1886 822 connectantur.
1941 768 2148 821 Verum

453 857 555 930 qui
584 859 652 913 de
690 857 840 911 hisce
879 855 1038 910 libris
1076 854 1291 925 aliquid
1329 853 1650 924 audierant,
1692 859 1748 909 et
1774 854 1902 908 illos
1940 853 2148 909 habere

451 947 819 1001 vehementer
856 942 1180 1014 cupiebant,
1216 946 1435 996 tantam
1468 958 1688 997 moram
1717 946 1773 997 et
1815 942 2150 997 dilationem

452 1034 689 1092 minime
718 1031 889 1105 passi,
915 1047 1097 1086 unum
1120 1030 1205 1085 illi
1236 1032 1528 1103 exemplar
1558 1032 1982 1098 subtraxerunt,
2003 1032 2149 1086 libro

451 1122 791 1180 duodecimo
812 1122 1072 1176 nondum
1100 1120 1385 1187 absoluto,
1406 1124 1463 1174 et
1483 1119 1609 1174 aliis
1625 1120 1815 1174 minus
1834 1120 2149 1175 emendatis

448 1217 506 1269 et
532 1210 858 1282 recognitis,
889 1225 1064 1281 quam
1092 1225 1188 1265 eos
1217 1209 1472 1264 editurus
1504 1225 1626 1263 esse
1662 1208 1951 1264 voluisset.
1984 1210 2149 1274 Quod

449 1299 549 1354 ubi
569 1297 865 1368 comperit,
889 1302 1166 1353 statuerat
1182 1314 1297 1365 eos,
1322 1298 1515 1353 labore
1535 1314 1637 1352 suo
1660 1297 2004 1365 intermisso,
2030 1314 2149 1352 non

446 1389 635 1455 edere,
663 1387 760 1442 sed
780 1387 841 1441 in
871 1386 983 1441 alio
1014 1387 1265 1458 quodam
1286 1387 1559 1457 opusculo
1580 1387 1648 1441 de
1677 1386 1830 1442 hisce
1853 1387 2010 1441 libris
2040 1387 2147 1442 sibi

445 1477 731 1547 subreptis
760 1475 1037 1547 conqueri
1060 1492 1076 1530 :
1097 1492 1296 1530 verum
1319 1474 1736 1530 ardentissimis
1758 1475 1998 1530 fratrum
2025 1491 2149 1545 pre-

445 1564 622 1631 cibus,
670 1569 726 1619 et
768 1564 829 1618 in
874 1563 1078 1636 primis
1124 1564 1342 1619 Aurelii
1388 1563 1852 1635 Carthaginensis
1889 1563 2147 1618 Ecclesiae

446 1653 699 1724 episcopi
714 1653 888 1724 jussis
904 1652 1172 1707 reluctari
1194 1669 1309 1707 non
1333 1652 1531 1708 valuit.
1563 1654 1758 1724 Itaque
1777 1652 1930 1724 quod
1950 1669 2145 1724 super-

445 1746 569 1797 erat
597 1742 667 1797 ad
704 1740 1041 1796 coronidem
1070 1740 1352 1812 perduxit,
1397 1745 1453 1795 et
1496 1730 1713 1811 prieres
1743 1741 1918 1796 libros
1950 1757 2145 1796 emen-

445 1831 598 1887 davit
618 1850 633 1899 ;
656 1846 774 1885 non
802 1834 998 1886 tamen
1027 1834 1092 1885 ut
1111 1830 1181 1885 ad
1210 1846 1301 1884 res
1325 1830 1466 1885 adeo
1488 1829 1745 1885 difﬁciles
1766 1831 2147 1901 explanandas

445 1924 503 1975 et
531 1919 898 1974 illustraudas
927 1918 1317 1974 necessarium
1345 1934 1466 1974 esse
1497 1918 1785 1987 censebat,
1821 1919 1921 1973 sed
1949 1923 2014 1973 ut
2040 1936 2148 1990 po-

443 2009 579 2072 tuit,
611 2023 846 2079 operam
875 2008 1151 2063 adhibens
1173 2025 1245 2062 ne
1267 2009 1338 2062 ab
1360 2007 1451 2072 iis,
1489 2008 1588 2079 qui
1618 2007 1742 2078 ipso
1771 2007 1950 2062 invito
1980 2008 2148 2077 prod-

444 2097 652 2165 ierant,
667 2097 914 2150 multum
927 2095 1316 2166 discreparent
1328 2096 1582 2165 (Retract.
1599 2096 1689 2148 lib.
1706 2098 1761 2162 2,
1777 2110 1898 2164 cap.
1908 2098 1930 2148 1
1942 2097 2053 2161 5,η.
2081 2094 2142 2165 1).

445 2188 552 2242 Eos
582 2186 827 2241 subinde
856 2202 961 2256 per
998 2185 1305 2240 diaconum
1336 2186 1641 2255 quemdam
1675 2184 1829 2239 misit
1865 2184 1938 2239 ad
1974 2187 2148 2238 Aure-

443 2274 1150 2345 lium'Carthaginensem
1182 2290 1295 2327 una
1332 2285 1463 2327 cum
1514 2272 1755 2343 epistola
1790 2273 1990 2343 (Epist.
2028 2273 2145 2342 174)

445 2381 621 2437 quam
648 2363 709 2418 in
737 2365 926 2419 fronte
955 2363 1237 2418 librorum
1262 2361 1487 2433 praeligi
1515 2363 1773 2432 rogabat,
1807 2367 1869 2417 ut
1891 2366 2039 2417 esset
2064 2367 2147 2417 in-

445 2459 564 2508 star
583 2452 876 2523 prooemii:
894 2451 1367 2523 proptereaquod
1387 2452 1491 2504 hac
1508 2450 1565 2504 in
1590 2451 1849 2521 epistola,
1867 2468 1995 2523 quas
2016 2468 2147 2506 mox

445 2542 747 2598 retulimus
778 2540 1108 2597 adnotabat.
1132 2541 1196 2594 In
1226 2540 1478 2611 quadam
1507 2539 1580 2593 ad
1605 2539 1878 2594 Evodium
1909 2540 2146 2611 epistola

447 2630 665 2693 scribit,
686 2646 743 2684 se
765 2629 1023 2684 nondum
1045 2629 1150 2683 hoc
1175 2644 1320 2698 opus
1344 2628 1585 2683 edidisse
1613 2628 1807 2699 (Epist.
1834 2631 1956 2696 l62,
1977 2645 2030 2683 η.
2054 2629 2140 2698 2);

445 2724 503 2774 et
523 2719 585 2774 in
615 2718 853 2790 epistola
881 2718 953 2773 ad
985 2716 1254 2772 eumdem
1286 2717 1483 2785 altera,
1518 2732 1647 2788 quae
1687 2718 1872 2772 solum
1904 2723 2143 2771 exeunte

443 2824 596 2863 anno
625 2806 1189 2879 quadringentesimo
1211 2805 1431 2861 decimo
1455 2806 1656 2877 quinto
1687 2806 2006 2877 conscripta
2036 2812 2139 2872 est,

443 2914 501 2950 se
532 2896 791 2951 nondum
820 2895 964 2949 illud
993 2894 1295 2965 perfecisse
1330 2899 1567 2949 testatur
1599 2894 1797 2966 (Epist.
1845 2899 1967 2964 169,
2008 2911 2054 2949 c.
2094 2899 2140 2962 l,

439 3002 496 3040 η.
518 2988 583 3057 l),
599 2984 989 3057 quamvisjam
1002 2983 1219 3056 primos
1234 2983 1488 3056 quinque
1509 2984 1577 3038 de
1590 2983 1825 3051 Civitate
1850 2984 1948 3038 Dei
1966 2984 2143 3039 libros

441 3075 803 3129 elaborasset.
831 3075 907 3128 Ex
926 3073 1037 3128 alia
1057 3089 1227 3144 porro
1250 3073 1488 3145 epistola
1508 3074 1612 3128 sub
1636 3073 1811 3127 finem
1844 3073 1978 3128 anni
2008 3090 2142 3143 qua-

442 3162 875 3234 dringentesimi
913 3162 1236 3217 duodecimi
1275 3163 1346 3217 ad
1385 3162 1780 3218 Marcellinum
1817 3162 1968 3229 data,
2012 3162 2143 3217 licet

442 3253 787 3322 intelligere,
812 3250 1023 3305 amicos
1052 3251 1123 3305 ab
1154 3266 1222 3305 eo
1253 3250 1561 3321 ﬂagitasse,
1591 3254 1652 3304 ut
1680 3251 1784 3305 hos
1814 3250 1986 3305 libros
2015 3252 2140 3305 ede-

438 3345 547 3406 ret,
571 3357 684 3412 quo
704 3344 897 3410 posset
924 3340 1256 3394 eorumdem
1276 3339 1398 3411 ipse
1423 3338 1817 3394 defensionem
1833 3339 2138 3410 suscipere,

440 3429 488 3484 si
518 3430 605 3484 vel
627 3429 698 3483 ab
715 3427 963 3482 inimicis
983 3428 1366 3495 mordacibus,
1396 3429 1483 3483 vel
1506 3427 1679 3482 etiam
1704 3428 1774 3483 ab
1804 3427 2003 3483 amicis
2030 3429 2139 3483 mi-

442 3532 552 3571 nus
580 3515 1039 3585 intelligentibus
1060 3514 1355 3586 quidpiam
1376 3514 1437 3569 in
1461 3515 1574 3569 illis
1604 3514 1748 3569 forte
1771 3521 2135 3586 carperetur:

439 3605 628 3675 ipsum
658 3608 858 3659 contra
892 3602 1106 3658 diutius
1137 3619 1236 3658 eos
1274 3602 1600 3670 retinuisse,
1635 3619 1808 3674 quam
1838 3604 2049 3659 vellent
2076 3621 2140 3659 ac

436 3694 656 3748 ferrent
683 3691 873 3759 amici,
907 3693 978 3747 ob
1006 3692 1327 3763 periculum
1346 3692 1501 3764 quod
1520 3693 1767 3762 suberat,
1792 3709 1863 3748 ne
1884 3692 1942 3748 in
1972 3710 2141 3763 argu-

438 3786 648 3851 mento,
682 3782 752 3837 de
782 3797 896 3853 quo
926 3782 1265 3849 tractabant,
1288 3781 1584 3836 falleretur
1616 3798 1628 3837 :
1657 3784 1725 3837 Ut
1751 3784 1802 3837 si
1825 3797 1931 3837 non
1958 3787 2141 3852 potue-

433 3875 566 3941 rint,
588 3871 796 3943 inquit,
814 3872 927 3926 nisi
946 3872 1138 3926 habere
1157 3872 1366 3940 aliqua,
1392 3887 1510 3940 qua:
1530 3874 1717 3926 merito
1738 3871 2136 3941 reprehendan-

434 3967 544 4026 tur,
575 3963 765 4017 saltem
784 3963 1049 4030 pauciora
1074 3963 1205 4028 sint,
1231 3977 1395 4029 quam
1411 3976 1522 4015 esse
1537 3965 1774 4030 possent,
1798 3958 1848 4015 si
1864 3961 2139 4029 pmoipiti

430 4053 779 4121 festinatione
816 4052 1171 4105 inconsultius
1208 4050 1492 4104 ederentur
1537 4049 1740 4119 (Epist.
1792 4051 1912 4117 143,
1953 4065 2009 4103 η.
2051 4050 2131 4120 4).

432 4140 693 4196 Scribens
724 4154 955 4209 quoque
997 4138 1071 4191 ad
1115 4136 1510 4202 Consentium,
1544 4136 1810 4190 meminit
1847 4135 2035 4206 operis
2064 4135 2133 4190 de

430 4227 724 4293 Trinitate,
750 4225 908 4296 quod
937 4225 996 4278 in
1029 4223 1293 4278 manibus
1319 4223 1585 4290 habebat,
1618 4228 1676 4277 et
1707 4222 1781 4277 ob
1809 4222 2133 4293 argumenti

430 4314 825 4389 praestantiam
844 4329 907 4367 ac
928 4312 1326 4368 difﬁcultatem
1347 4313 1603 4366 nondum
1625 4312 1897 4383 perlicere
1910 4317 2134 4383 poterat

429 4407 630 4477 (Epist.
670 4406 796 4472 l20,
826 4418 871 4458 c.
905 4405 957 4469 3,
984 4418 1041 4456 η.
1077 4402 1182 4470 l3).
1208 4402 1271 4455 In
1293 4400 1380 4456 his
1401 4400 1667 4456 omnibus
1692 4400 1851 4468 locis,
1876 4401 1923 4455 si
1941 4401 2133 4456 forsan

426 4497 786 4565 postremum
816 4489 1081 4561 excipias,
1103 4488 1364 4561 loquitur
1391 4490 1460 4545 de
1491 4505 1663 4560 opere
1690 4505 1792 4544 suo
1821 4490 1976 4544 velut
2004 4507 2132 4544 nec-

428 4583 569 4637 dum
598 4580 778 4636 edito.
818 4578 1093 4644 Quocirca
1121 4578 1439 4649 conjectare
1468 4578 1620 4645 licet,
1651 4577 1906 4649 priorem
1943 4577 2128 4650 ipsam

428 4670 758 4736 editionem,
783 4684 913 4740 quas
938 4685 1005 4723 eo
1036 4668 1280 4723 necdum
1309 4666 1570 4722 absoluto
1592 4666 1821 4738 prodiit,
1848 4682 1963 4721 non
1984 4682 2128 4737 prae-

425 4758 661 4816 cessisse
681 4773 894 4813 annum
907 4757 1539 4829 quadringentesimum
1552 4753 1976 4810 duodecimum.
1986 4755 2060 4810 Co
2068 4770 2128 4808 n-

426 4852 537 4903 stat
574 4851 786 4913 autem,
836 4847 1074 4901 alteram
1118 4844 1350 4901 nonnisi
1396 4849 1528 4916 post
1575 4845 1811 4916 longum
1852 4843 2125 4914 temporis

423 4934 788 4990 intervallum
817 4933 1165 5004 publicatam
1194 4950 1314 4989 esse
1347 4950 1361 4989 :
1394 4947 1524 4988 cum
1555 4931 1677 5003 ipse
1706 4931 1854 4987 libro
1899 4931 2123 4986 decimo

422 5023 593 5081 tertio
614 5021 911 5094 quidpiam
937 5021 1086 5077 dicat
1108 5038 1231 5076 esse
1250 5023 1371 5093 jam
1395 5039 1425 5076 a
1446 5038 1504 5076 se
1526 5021 1869 5091 explicatum
1891 5019 1953 5074 in
1984 5019 2123 5075 duo-

420 5113 642 5170 decimo
674 5111 744 5167 de
775 5111 1010 5166 Civitate
1040 5112 1170 5180 Dei;
1200 5111 1298 5183 qui
1332 5116 1462 5165 ante
1493 5126 1707 5165 annum
1739 5109 2122 5181 quadringen-

416 5201 690 5257 tesimum
719 5198 1007 5255 decimum
1037 5203 1261 5254 sextum
1289 5198 1638 5270 compositus
1683 5214 1799 5253 non
1835 5198 1972 5255 fuit.
2014 5197 2121 5253 Ubi

417 5290 777 5347 mentionem
803 5288 938 5343 fecit
974 5287 1326 5359 Augustinus
1372 5287 1653 5343 librorum
1698 5287 1769 5343 de
1816 5287 2114 5355 Trinitate,

419 5395 514 5435 eos
543 5381 846 5444 memorat,
878 5392 1026 5448 quos
1050 5376 1120 5431 de
1151 5376 1443 5432 Consensu
1477 5375 1962 5447 Evangelistarnm
1991 5380 2118 5448 post

414 5466 701 5539 ipsam,ut
718 5465 965 5533 videtur,
980 5463 1339 5521 eversionem
1359 5465 1711 5536 templorum
1730 5481 1880 5521 anno
1901 5470 2118 5521 trecen-

414 5554 621 5619 tesimo
646 5553 1014 5629 nonagesimo
1041 5569 1196 5613 nono
1224 5553 1451 5623 factam,
1480 5553 1834 5628 conscripsit.
1861 5554 2117 5627 Quapro-

1665 288 1834 346 Vl'l‘A
1891 290 1944 344 S.
2014 290 2399 347 AUGUSTINI
2456 290 2792 345 EPISCOPI.

3879 298 3971 349 πε

2261 418 2390 484 pter
2419 414 2489 469 de
2517 413 2629 467 illis
2655 412 2760 467 hoc
2790 412 2912 467 loco
2944 427 3057 466 non
3086 412 3328 482 agimus.
3357 412 3482 468 lam
3508 414 3847 471 notavimus
3876 416 3972 471 mi-

2261 502 2415 556 nime
2447 518 2548 556 nos
2567 502 2933 567 contendere,
2962 501 3156 555 omnia
3175 518 3370 572 opera,
3395 519 3527 574 quas
3552 505 3726 559 modo
3752 521 3970 560 memo-

2259 590 2528 659 ravimus,
2544 591 2651 645 hoc
2666 606 2817 645 anno
2839 589 3014 644 fuisse
3027 591 3342 646 elaborata:
3364 592 3462 646 sed
3486 592 3677 647 solum
3700 610 3772 648 eo
3794 594 3970 650 ferme

2260 679 2477 747 ordine,
2503 696 2677 751 quem
2698 678 2810 733 illis
2832 679 3249 749 assignavimus
3269 696 3281 735 :
3300 684 3357 735 et
3375 681 3611 752 quidem
3634 688 3777 738 ante
3800 683 3970 738 libros

2261 767 2331 823 de
2362 769 2656 823 Cousensu
2698 768 3207 837 Evangelistarum,
3243 767 3499 841 aliosque
3539 774 3744 841 postea
3771 786 3971 826 recen-

2260 858 2484 912 sendos.

2906 944 3131 1000 CAPUT
3168 944 3309 999 Xlll.

2262 1035 2284 1087 1
2317 1032 2555 1087 Possidii
2581 1032 2852 1087 ordinatio
2882 1034 2941 1087 in
2965 1032 3328 1089 Calamensem
3355 1033 3683 1103 episcopum.
3704 1036 3736 1088 2
3768 1038 3966 1092 Hiero-

2327 1135 2522 1191 nymus
2564 1120 2801 1174 scribens
2844 1120 2919 1174 ad
2957 1121 3349 1188 Augustinum,
3386 1137 3549 1191 papa
3583 1128 3768 1192 ipsum
3812 1127 3969 1179 titqu

2327 1213 2573 1264 exaniat.
2608 1213 2639 1264 3
2667 1210 2916 1279 Epistola
2945 1210 3019 1263 ad
3056 1212 3441 1278 Hieronymum
3469 1210 3604 1266 data
3642 1215 3819 1268 Paulo
3849 1231 3965 1283 per-

2325 1297 2554 1364 ferenda
2580 1298 2792 1352 tardius
2820 1299 2903 1351 illi
2921 1297 3192 1354 redditur.
3222 1300 3257 1353 4
3284 1300 3544 1369 Epistolas
3570 1300 3647 1356 ad
3673 1303 3967 1358 Paulinum

2328 1386 2631 1454 Augustini
2653 1388 2919 1455 rescripta
2946 1388 3272 1456 postulantis
3301 1388 3442 1443 dum.

2331 1476 2380 1528 1.
2416 1475 2484 1529 Ut
2512 1490 2732 1540 eorum,
2766 1491 2894 1545 quas
2926 1475 2994 1529 ad
3028 1490 3242 1529 annum
3273 1476 3746 1532 trecentesimum
3776 1494 3962 1535 nona-

2258 1561 2539 1632 gesimum
2583 1562 2893 1633 septimum
2934 1562 3134 1617 referri
3171 1568 3437 1634 possunt,
3469 1567 3678 1620 seriem
3729 1572 3965 1638 repeta-

2257 1666 2414 1705 mus:
2431 1651 2793 1721 reponendus
2807 1657 2889 1706 est
2911 1651 3018 1706 hoc
3034 1668 3183 1707 anno
3206 1652 3430 1723 Megalii
3455 1653 3744 1709 Numidiae
3766 1655 3967 1711 decani

2256 1739 2373 1793 sive
2408 1739 2668 1811 primatis
2704 1740 2913 1808 obitus,
2949 1755 3080 1795 cum
3119 1739 3180 1794 in
3217 1740 3458 1796 concilio
3499 1742 3962 1812 Carthaginensi,

2258 1828 2411 1900 quod
2453 1829 2800 1883 celebratum
2845 1834 2929 1883 est
2956 1828 3062 1884 hoc
3091 1846 3264 1897 anno,
3312 1830 3516 1902 quinto
3548 1832 3835 1887 kalendas
3882 1849 3966 1887 se-

2256 1916 2552 1986 ptembris,
2584 1917 2851 1971 Aurelius
2870 1934 2928 1972 se
2960 1917 3175 1972 litteras
3192 1935 3225 1973 a
3246 1919 3648 1974 Crescentiano
3671 1921 3964 1992 primaria:

2256 2005 2406 2059 sedis
2439 2005 2855 2075 Numidiarum,
2887 2010 2950 2060 ut
2981 2006 3412 2063 Crescentianus
3452 2007 3576 2079 ipse
3605 2008 3962 2079 insinuabat,

2257 2094 2541 2165 episcopo,
2565 2109 2683 2148 non
2705 2094 2785 2149 ita
2809 2093 3031 2165 pridem
3060 2095 3342 2166 accepisse
3374 2100 3613 2152 testetur
3635 2097 3795 2169 (Cod.
3831 2100 3959 2156 Can.

2257 2184 2438 2250 Afric.
2471 2198 2590 2237 can.
2634 2181 2742 2253 33).
2779 2182 2932 2237 Unde
2963 2182 3144 2255 liquet
3172 2185 3437 2241 nesciisse
3470 2190 3609 2240 tunc
3637 2188 3961 2254 Aurelium,

2256 2286 2390 2325 eum
2420 2287 2538 2325 esse
2577 2271 2885 2338 decanum;
2921 2272 3072 2343 quod
3115 2276 3309 2327 tamen
3338 2273 3398 2328 in
3436 2273 3640 2345 primis
3670 2276 3821 2332 scire
3867 2278 3960 2332 de-

2255 2359 2482 2414 buerat.
2521 2360 2732 2424 Quarto
2771 2363 2828 2413 et
2857 2360 3124 2415 vicesimo
3163 2361 3389 2415 circiter
3416 2362 3510 2417 die
3539 2363 3611 2418 ab
3651 2364 3821 2419 obitu
3855 2367 3960 2420 Me-

2256 2448 2393 2521 galii
2432 2450 2658 2519 scripsit
2702 2448 3056 2519 Augustinus
3105 2449 3175 2504 ad
3220 2450 3591 2506 Profuturum
3638 2452 3961 2509 Cirtensem

2256 2538 2605 2610 episcopum,
2637 2542 2698 2593 ut
2729 2538 2895 2593 sciret
2925 2555 2995 2592 an
3026 2556 3407 2594 successorem
3436 2540 3497 2595 in
3518 2541 3672 2597 illius
3704 2542 3956 2613 primatu

2255 2626 2562 2680 invenisset
2594 2644 2607 2681 :
2642 2626 2696 2681 id
2736 2627 2892 2681 enim
2923 2629 3302 2698 quaesiturum
3340 2647 3398 2684 se
3443 2631 3734 2701 pollicitus
3773 2633 3959 2687 fuerat

2256 2716 2451 2786 (Epist.
2486 2718 2572 2781 38,
2608 2732 2662 2770 n.
2686 2718 2755 2783 2).
2789 2716 2875 2770 Ad
2905 2718 3173 2771 eumdem
3204 2717 3419 2786 scribit,
3452 2736 3512 2773 se
3541 2736 3661 2790 prae
3692 2721 3957 2792 rhagadis

2254 2805 2339 2858 vel
2371 2804 2671 2859 exochadis
2701 2806 2894 2860 dolore
2922 2822 2986 2859 ac
3015 2810 3259 2874 tumore,
3284 2823 3387 2862 nec
3417 2809 3635 2871 sedere,
3655 2825 3764 2864 nec
3785 2817 3956 2876 stare,

2253 2910 2357 2947 nec
2375 2892 2666 2947 ambulare
2689 2909 2876 2963 posse,
2896 2893 2994 2948 sed
3018 2894 3163 2949 lecto
3185 2894 3342 2967 affigi
3364 2912 3378 2951 :
3401 2896 3801 2965 nihilominus,
3820 2915 3958 2970 quo-

2252 2982 2409 3038 niam
2432 2982 2491 3037 id
2522 2981 2762 3036 Domino
2804 2984 3075 3053 placeret,
3106 2999 3299 3039 secum
3337 2985 3431 3057 agi
3458 2986 3735 3056 preclare
3766 2988 3953 3058 (Ibid,

2250 3089 2312 3127 η.
2352 3072 2422 3141 1).
2457 3072 2521 3126 In
2553 3072 2753 3126 eadem
2783 3071 3020 3143 epistola
3049 3073 3220 3128 habet
3249 3073 3419 3145 longe
3459 3074 3853 3145 pulcherrima
3885 3077 3952 3131 de

2253 3161 2457 3216 affectu
2484 3159 2586 3214 irae
2614 3160 2951 3228 cohibenda,
2985 3178 3054 3216 ne
3092 3162 3153 3217 in
3182 3162 3379 3218 odium
3418 3163 3729 3233 degeneret
3759 3164 3951 3235 (Ibid,

2251 3265 2307 3303 η.
2339 3248 2410 3321 2).
2440 3248 2562 3312 Qua
2592 3249 2661 3304 de
2692 3265 2753 3304 re
2781 3250 3041 3306 consulto
3070 3251 3344 3323 loquitur,
3378 3252 3451 3307 ob
3490 3252 3549 3308 id
3579 3253 3736 3324 quod
3764 3269 3955 3326 nuper

2250 3337 2361 3408 ipsi
2387 3340 2722 3395 Profuturus
2752 3340 2813 3395 in
2836 3340 3041 3397 itinere
3072 3342 3309 3398 dixerat.
3345 3344 3551 3399 Verum
3577 3343 3718 3415 quid
3746 3344 3835 3399 rei
3857 3339 3977 3412 sit,

2251 3425 2457 3495 conjici
2482 3444 2596 3481 non
2625 3431 2833 3498 potest.
2865 3427 3098 3500 Scripsit
3128 3429 3197 3484 ad
3227 3429 3598 3485 Profuturum
3627 3447 3733 3502 per
3755 3431 3949 3487 Victo-

2250 3529 2394 3584 rem,
2418 3516 2518 3586 qui
2558 3516 2989 3572 Constantinam
3027 3518 3313 3588 petiturus
3343 3535 3477 3575 eum
3503 3525 3951 3591 praemonuerat.

2250 3603 2681 3674 QuaprOpterin
2703 3603 2942 3659 dubium
2966 3606 3151 3659 vocari
3171 3622 3289 3661 non
3310 3612 3517 3678 potest,
3533 3608 3675 3679 quin
3695 3608 3803 3664 iste
3818 3610 3954 3664 Pro-

2248 3689 2473 3746 futurus
2501 3691 2596 3745 ille
2624 3691 2747 3761 ipse
2779 3691 2870 3758 sit,
2905 3692 3006 3764 qui
3037 3692 3173 3748 alibi
3201 3694 3409 3764 legitur
3435 3695 3608 3751 fuisse
3640 3696 3807 3751 Cirta:
3838 3697 3955 3753 sive

2251 3779 2636 3834 Constantinus
2666 3780 2986 3851 episcopus.
3019 3783 3202 3853 Rogat
3218 3799 3351 3837 eum
3376 3784 3751 3855 Augustinus,
3778 3791 3843 3841 ut
3860 3786 3954 3842 Vi-

2250 3872 2370 3922 ctor
2399 3884 2500 3939 per
2530 3868 2921 3924 Calamcnsem
2948 3869 3234 3926 civitatem
3263 3877 3477 3927 remeet
3508 3872 3604 3944 (sic
3636 3874 3795 3929 enim
3823 3891 3955 3946 pro-

2249 3956 2524 4027 miserat),
2551 3957 2623 4011 ob
2648 3957 2946 4029 negotium
2964 3959 3127 4030 cujus
3154 3959 3274 4031 ipse
3300 3960 3567 4016 notitiam
3591 3962 3855 4033 haberet,
3880 3965 3951 4020 de

2247 4062 2361 4116 quo
2392 4062 2425 4100 a
2464 4046 2724 4100 Nectario
2769 4048 2982 4118 majore
3024 4049 3396 4104 vehementer
3444 4056 3768 4121 urgeretur.
3801 4053 3948 4118 Quid

2243 4132 2383 4187 illud
2409 4133 2603 4200 fuerit,
2636 4150 2752 4189 non
2769 4135 2966 4207 liquet.
2999 4138 3384 4209 Augustinum
3401 4139 3597 4210 paucis
3627 4146 3758 4212 post
3785 4144 3951 4197 annis

2244 4221 2533 4292 scripsisse
2572 4222 2893 4279 videbimus
2921 4225 2994 4280 ad
3027 4226 3353 4281 Nectarium
3384 4229 3580 4299 (Epist.
3615 4230 3725 4301 9|),
3758 4247 3942 4288 unum

2242 4327 2273 4364 e
2293 4312 2535 4365 Calamee
2553 4312 2923 4384 primoribus,
2945 4314 3254 4370 admodum
3274 4320 3439 4372 aetate
3464 4323 3823 4389 provectum,
3848 4322 3946 4376 sed

2239 4415 2547 4471 paganum,
2562 4401 2821 4472 quamvis
2832 4402 2986 4457 illius
2998 4408 3160 4475 pater
3171 4404 3542 4461 christianam
3555 4407 3730 4462 iidem
3743 4408 3949 4464 fuisset

2237 4489 2545 4559 professus.
2578 4489 2869 4561 Megalius,
2903 4496 2965 4546 ut
2991 4492 3257 4557 diximus,
3289 4494 3637 4550 Calamensis
3666 4502 3792 4553 erat
3822 4499 3946 4569 epi-

2238 4594 2441 4647 scopus
2457 4594 2469 4643 ;
2486 4577 2740 4650 adeoque
2760 4579 2844 4634 illi
2858 4580 3147 4636 Possidius
3167 4582 3475 4654 Augustini
3488 4584 3806 4656 discipulus
3825 4603 3947 4641 suc-

2236 4666 2465 4721 cesserit
2494 4684 2724 4722 neccsse
2749 4673 2832 4723 est
2866 4686 2878 4724 :
2910 4686 3046 4725 eum
3072 4671 3227 4727 enim
3264 4672 3460 4728 sedem
3489 4672 3638 4729 hanc
3677 4674 3943 4730 laborum

2236 4771 2472 4810 suorum
2501 4760 2558 4810 et
2584 4756 2938 4813 fortitudinis
2963 4760 3145 4830 gloria
3168 4760 3552 4817 illustrantem
3577 4762 3827 4818 subinde
3858 4764 3943 4817 vi-

2235 4843 2516 4901 debimus.
2552 4845 2890 4917 Quanquam
2920 4853 3146 4919 oportet
3182 4850 3577 4906 Calamensem
3615 4852 3815 4907 sedem
3844 4857 3949 4907 aut

2233 4933 2569 5004 aliquandiu
2596 4950 2820 4991 vacasse
2846 4941 2974 5006 post
3005 4938 3330 5009 Megalium,
3353 4944 3453 4996 aut
3481 4939 3816 5011 episcopum
3839 4942 3951 4996 ha-

2230 5021 2423 5077 buisse
2452 5023 2522 5077 ad
2566 5024 2860 5079 modicum
2912 5030 3139 5097 tempus
3180 5028 3357 5084 alium
3408 5046 3442 5083 a
3479 5029 3758 5085 Possidio.
3793 5032 3943 5086 Nam

2231 5110 2519 5166 Profuturi
2543 5111 2798 5184 episcopi
2829 5114 3097 5169 Cirtensis
3123 5117 3195 5171 ad
3226 5133 3399 5188 quem
3426 5117 3665 5190 Megalio
3688 5119 3812 5190 jam
3835 5119 3944 5174 de-

2229 5199 2424 5254 functo
2453 5201 2599 5255 datae
2628 5207 2761 5257 sunt
2784 5202 2854 5257 ab
2879 5203 3202 5275 Augustino
3223 5205 3450 5274 litterae,
3483 5222 3772 5262 successor
3802 5208 3943 5262 For-

2228 5293 2462 5344 tunatus
2491 5289 2552 5344 in
2591 5290 2869 5347 Africanis
2907 5292 3122 5367 ubique
3150 5294 3403 5350 conciliis
3439 5300 3574 5352 ante
3610 5295 3942 5352 Possidium

2226 5378 2558 5435 collocatur.

2295 5469 2349 5522 2.
2381 5467 2497 5522 Hoc
2524 5467 2648 5539 ipso
2688 5484 2858 5538 anno,
2890 5475 2957 5526 ut
2984 5470 3229 5541 videtur,
3264 5471 3667 5544 Hieronymus,
3700 5474 3803 5546 qui
3831 5491 3940 5546 per

2226 5554 2697 5614 Asteriumanno
2726 5557 3013 5631 superiori
3046 5559 3267 5618 litteras
3304 5561 3379 5620 ad
3406 5561 3798 5635 Augustinum
3837 5564 3943 5620 mi.
