4060 6412
183 349 280 400 269

182 471 340 532 serat,
373 463 597 536 scripsit
622 479 848 518 rursum
876 463 944 517 ad
971 478 1100 516 eum
1129 461 1318 534 (Apud
1348 463 1518 530 Aug.,
1555 464 1729 532 Epist.
1756 463 1869 531 39),

181 553 674 610 commendaturus
703 552 784 606 illi
814 550 1150 606 Praesidium
1181 551 1523 606 familiarem
1552 567 1742 620 suum,
1773 551 1872 623 qui

181 643 337 700 certis
363 643 431 697 de
460 641 642 696 causis
681 641 741 695 in
771 640 1130 696 Occidentem
1163 641 1476 711 trajecerat.
1512 641 1562 694 Is
1590 641 1871 695 bonorum

182 731 448 787 amicitias
496 729 910 784 studiosissime
954 729 1402 796 consectabatur,
1453 744 1597 800 quas
1644 729 1691 784 si
1747 727 1874 800 quis

182 820 283 892 ipsi
311 817 684 884 conciliasset,
707 817 943 872 maximi
971 816 1232 871 beneficii
1264 818 1384 872 loco
1407 817 1662 872 ducebat.
1692 818 1876 888 Rogat

185 909 350 981 igitur
390 906 774 978 Augustinum
821 906 1222 976 Hieronymus,
1273 911 1334 960 ut
1377 906 1482 960 hoc
1510 905 1592 960 illi
1621 909 1872 977 praestet,

185 1013 281 1053 nec
303 995 454 1050 enim
480 995 563 1050 rei
591 995 826 1050 alterius
861 993 1142 1066 indigere.
1178 993 1557 1066 Hieronymus
1587 993 1646 1049 in
1677 994 1874 1049 eadem

185 1085 412 1157 epistola
457 1083 725 1155 Alypium
766 1085 979 1138 salvere
1004 1083 1188 1155 jubet,
1221 1099 1395 1155 seque
1425 1082 1714 1138 molestias
1744 1082 1877 1137 huic

187 1178 385 1229 nostrae
415 1171 864 1244 peregrinationi
883 1187 1130 1226 annexus
1154 1171 1453 1238 sustinere,
1478 1176 1534 1226 et
1551 1172 1721 1227 variis
1744 1171 1876 1226 hinc

188 1263 310 1317 inde
339 1261 605 1316 fluctibus
635 1261 694 1315 in
725 1260 1068 1314 monasterio
1094 1259 1297 1331 jactari
1343 1259 1766 1331 atque.concuti
1793 1264 1878 1313 tc-

187 1354 372 1404 statur.
421 1350 780 1419 Quapmpter
825 1349 970 1402 hanc
1018 1348 1317 1419 epistolam
1360 1348 1432 1402 ad
1481 1347 1632 1402 hunc
1662 1364 1877 1402 annum

185 1438 636 1492 trecentesimum
678 1435 1115 1501 nonagesimum
1147 1435 1455 1505 septimum
1487 1435 1695 1488 referre
1725 1434 1876 1504 cogi-

188 1541 308 1580 mur
334 1530 644 1596 antequam
688 1523 836 1578 inter
884 1539 1016 1578 eum
1062 1528 1118 1578 et
1144 1525 1418 1578 Joannem
1448 1524 1875 1594 Jerosolymita-

186 1630 316 1669 num
345 1615 452 1669 hoc
481 1613 604 1684 ipso
625 1629 779 1668 anno
801 1612 1152 1667 convenisset
1176 1629 1189 1668 :
1212 1628 1341 1666 cum
1364 1611 1600 1666 minime
1623 1613 1878 1683 legamus

186 1718 308 1757 eum
355 1702 424 1757 ab
474 1702 568 1756 illa
620 1700 1080 1756 reconciliatione
1129 1700 1449 1756 concordiae
1479 1717 1607 1755 cum
1641 1704 1876 1769 Joanne,

185 1805 355 1862 usque
377 1791 447 1845 ad
479 1790 899 1861 persecutiones
925 1805 955 1843 a
984 1788 1303 1860 Pelagianis
1325 1805 1476 1844 anno
1499 1789 1880 1861 quadringen-

185 1881 374 1934 tesimo
404 1878 626 1934 decimo
656 1883 810 1933 sexto
841 1877 902 1932 in
930 1878 1119 1949 ipsum
1158 1878 1489 1946 concitatas,
1525 1878 1878 1933 occasionem

184 1971 255 2022 ita
281 1969 670 2040 conquerendi
696 1967 981 2022 habuisse.
1006 1969 1173 2038 Papa:
1195 1967 1360 2022 titulo
1380 1967 1556 2022 semel
1587 1972 1644 2022 et
1673 1967 1880 2022 iterum

187 2057 413 2127 insignit
442 2056 826 2127 Augustinum
858 2057 1043 2125 (lbid.,
1064 2059 1316 2125 inscript.
1341 2061 1392 2111 et
1408 2072 1465 2111 n.
1486 2058 1572 2123 2);
1595 2056 1746 2110 unde
1767 2071 1880 2109 non

185 2145 336 2217 prius
363 2161 515 2200 anno
544 2144 939 2200 trecentesimo
969 2144 1338 2215 nonagesimo
1365 2149 1522 2199 sexto
1551 2144 1881 2214 reponenda

186 2239 266 2290 est
291 2234 548 2305 epistola.
600 2235 739 2289 Cum
786 2239 980 2288 autem
1029 2233 1408 2302 Hieronymus
1437 2231 1754 2303 Augustino
1809 2232 1880 2286 ad

184 2322 564 2394 episcopatum
592 2325 860 2393 provecto
890 2320 949 2375 in
979 2336 1048 2375 ea
1067 2337 1185 2375 non
1213 2320 1563 2389 gratuletur;
1587 2319 1880 2390 probabile

187 2415 283 2477 est,
325 2411 383 2466 id
427 2409 781 2482 praestitisse,
830 2425 961 2464 cum
1009 2408 1081 2463 ad
1127 2424 1260 2462 eum
1289 2407 1573 2479 superiori
1600 2424 1750 2462 anno
1780 2424 1884 2479 per

184 2500 465 2554 Asterium
485 2499 726 2570 scripsit.
761 2497 1067 2553 Praesidius
1088 2513 1262 2568 quem
1285 2496 1660 2568 Hieronymus
1689 2496 1748 2551 iu
1778 2497 1882 2550 hac

186 2588 415 2660 epistola
437 2587 519 2645 illi
557 2587 946 2656 commendat,
977 2585 1205 2640 videtur
1233 2585 1469 2640 omnino
1496 2585 1544 2639 is
1574 2585 1882 2656 esse,cujus

186 2693 352 2747 opera
373 2694 506 2730 usus
527 2681 612 2731 est
634 2675 1006 2748 Augustinus,
1043 2677 1107 2729 ut
1130 2675 1527 2729 exacerbatum
1547 2674 1727 2741 ipsius
1755 2673 1880 2728 Hie-

165 2765 403 2837 ronymi
432 2764 692 2819 animum
720 2763 828 2819 sibi
865 2768 1128 2818 excusato
1165 2763 1493 2818 conciliaret
1522 2762 1720 2834 (Epist.
1751 2761 1874 2832 74).

190 2856 259 2908 Er
281 2854 515 2909 diacono
537 2855 660 2925 jam
696 2857 918 2907 creatus
947 2853 1136 2906 fuerat
1164 2851 1497 2923 episcopus;
1533 2857 1590 2906 et
1617 2867 1650 2904 a
1690 2851 1881 2905 conci-

187 2943 257 2997 lio
285 2941 715 3013 Carthaginensi
756 2941 827 2995 ad
875 2941 1282 3011 Imperatorem
1326 2945 1522 2993 contra
1569 2937 1884 2993 Donatistas

187 3031 399 3102 legatus
429 3046 580 3086 anno
611 3027 1176 3101 quadringentesimo
1207 3027 1428 3082 decimo
1455 3026 1882 3081 celeberrimam

187 3106 336 3175 illam
360 3118 724 3174 collationem
755 3116 1283 3188 Carthaginensem,
1311 3132 1438 3188 quae
1459 3132 1609 3170 anno
1627 3115 1884 3186 sequenti

188 3209 372 3265 habita
397 3211 500 3274 est,
533 3206 795 3262 obtinuit.
839 3207 997 3261 Idem
1041 3204 1296 3276 epistolas
1337 3204 1559 3258 concilii
1599 3202 1882 3258 Numidia:

188 3304 376 3354 contra
415 3297 749 3368 Pelagianos
779 3297 848 3352 ad
879 3294 1274 3351 Innocentium
1301 3309 1510 3365 papam
1555 3293 1887 3363 subscripsit

189 3404 332 3443 anno
362 3385 925 3460 quadringentesimo
957 3385 1178 3440 decimo
1209 3389 1364 3440 sexto
1396 3383 1584 3454 (Apud
1614 3385 1851 3451 August.
1870 3423 1884 3449 ,

189 3479 363 3546 Epist.
408 3475 564 3544 l76).

255 3569 303 3621 3.
335 3566 450 3620 Sub
485 3565 537 3619 id
574 3564 809 3619 fortasse
840 3566 1067 3633 tempus
1107 3562 1459 3632 Augustinus
1502 3561 1804 3633 epistolam
1851 3577 1882 3615 a

185 3655 352 3709 Paulo
382 3653 791 3725 perferendam
805 3652 1032 3724 scripsit
1054 3652 1125 3706 ad
1149 3652 1555 3722 Hieronymum
1576 3651 1778 3720 (Epist.
1793 3652 1883 3716 40,

187 3758 230 3798 c.
265 3746 312 3809 l,
343 3759 401 3797 η.
441 3742 508 3813 l).
546 3742 806 3797 Primum
831 3740 1066 3811 quidem
1099 3740 1330 3794 alterius
1360 3739 1656 3810 cujusdam
1687 3737 1888 3791 litteris

191 3830 549 3885 subscribens
579 3844 712 3883 eum
751 3828 1002 3883 officiose
1029 3827 1391 3891 salutaverat,
1424 3831 1480 3880 et
1513 3825 1887 3895 Hieronymus

190 3933 288 3988 pro
321 3919 447 3988 ejus
473 3917 798 3972 urbanitate
818 3915 1167 3986 peculiarem
1198 3915 1280 3969 illi
1302 3914 1598 3985 epistolam
1630 3912 1887 3967 reddide-

190 4012 285 4062 rat.
322 4008 398 4060 Ea
428 4010 533 4070 est,
576 4003 638 4058 ni
675 4003 950 4071 fallimur,
991 4003 1229 4072 epistola
1273 4017 1446 4073 quam
1476 4017 1579 4071 per
1607 3999 1888 4054 Asterium

189 4095 490 4150 diaconum
506 4092 895 4160 Hieronymus
912 4090 983 4144 ad
995 4105 1126 4144 eum
1141 4089 1296 4144 misit
1307 4104 1456 4143 anno
1471 4089 1662 4142 forsan
1675 4092 1892 4142 trecen-

188 4183 384 4237 tesimo
418 4177 792 4249 nonagesimo
833 4181 1008 4243 sexto,
1041 4180 1104 4230 ut
1135 4176 1220 4230 illi
1248 4175 1606 4231 salutationis
1636 4175 1888 4230 officium

189 4272 469 4328 redderet.
503 4270 646 4324 Cum
676 4268 854 4338 igitur
874 4267 926 4322 ei
954 4266 1263 4321 rescribere
1302 4269 1596 4322 teneretur
1624 4265 1892 4336 Augusti-

189 4356 670 4422 nus,occasionem
692 4355 938 4426 arripuit
957 4355 1026 4410 ab
1043 4370 1110 4409 eo
1132 4353 1621 4425 sciscitandi,quid
1642 4354 1711 4408 de
1740 4353 1890 4408 Petri

189 4450 240 4499 et
260 4446 423 4501 Pauli
439 4443 852 4516 disceptatione
877 4443 1136 4499 sentiret.
1167 4442 1249 4498 Ibi
1272 4442 1444 4498 etiam
1467 4441 1734 4498 meminit
1755 4441 1887 4496 libri

188 4534 256 4588 ab
303 4534 509 4588 eodem
563 4532 869 4604 conscripti
913 4532 984 4587 de
1041 4530 1412 4603 scriptoribus
1473 4529 1886 4592 ecclesiasticis,

187 4637 359 4692 quem
384 4637 572 4693 nuper
599 4621 722 4692 ipse
747 4621 1008 4691 legerat:
1051 4619 1334 4691 simulque
1380 4619 1560 4673 amice
1597 4619 1889 4685 admonet,

188 4708 473 4780 siquidem
493 4707 553 4763 in
575 4725 642 4763 eo
674 4707 822 4763 libro
855 4723 958 4762 nec
985 4706 1311 4762 haeresiotas
1332 4707 1768 4778 praetermittere
1794 4722 1891 4762 vo«

190 4798 402 4865 luisset,
456 4797 813 4854 commodius
869 4796 981 4852 sibi
1026 4795 1209 4852 videri
1262 4796 1546 4851 facturum
1601 4795 1794 4861 fuisse,
1847 4794 1894 4848 si

189 4887 497 4942 nominatis
531 4886 664 4954 illis,
694 4885 1082 4957 subjunxisset
1110 4884 1282 4940 etiam
1312 4883 1370 4937 in
1398 4883 1607 4954 quibus
1655 4883 1892 4937 cavendi

191 4979 394 5030 essent.
432 4976 572 5029 Eum
601 4973 816 5045 pariter
852 4976 1038 5044 rogat,
1085 4988 1200 5044 quo
1246 4971 1482 5026 consilio
1525 4970 1802 5042 quosdam
1830 4987 1895 5026 ex

197 5063 264 5118 iis
293 5064 354 5117 in
395 5062 592 5118 eodem
618 5078 788 5135 opere
825 5060 1200 5132 praeterierit;
1233 5063 1332 5114 aut
1355 5059 1401 5113 si
1426 5058 1730 5113 voluminis
1780 5075 1896 5114 non

196 5149 469 5207 onerandi
499 5149 682 5220 gratia
710 5149 820 5204 hoc
846 5149 1058 5204 factum
1074 5147 1165 5215 sit,
1189 5162 1290 5202 cur
1313 5145 1592 5201 haereticis
1622 5145 1898 5200 duntaxat

199 5237 673 5306 commemoratis,
725 5253 842 5292 non
879 5235 1163 5292 addiderit
1190 5235 1251 5290 in
1296 5234 1506 5306 quibus
1555 5250 1651 5288 eos
1702 5235 1898 5289 catho-

200 5327 306 5383 lica
331 5327 622 5383 damnarit
637 5325 960 5382 auctoritas.
985 5326 1052 5380 Et
1066 5324 1202 5396 quia
1223 5323 1292 5379 de
1313 5323 1559 5394 Origene
1584 5322 1901 5378 rescribens

203 5417 575 5492 Hieronymus
599 5414 864 5469 innuerat
892 5429 1025 5467 eum
1051 5412 1112 5466 in
1141 5411 1266 5466 aliis
1304 5411 1537 5483 quidem
1579 5411 1899 5483 approban-

203 5504 336 5561 dum
359 5510 420 5560 et
440 5503 812 5569 laudandum,
841 5501 902 5556 in
926 5500 1052 5556 aliis
1078 5515 1209 5554 vero
1252 5499 1697 5571 improbandum
1730 5503 1899 5572 atque

204 5588 1102 5666 reprehendendum;_certiorem
1131 5603 1262 5646 eum
1288 5587 1422 5644 facit
1439 5604 1561 5644 sese
1583 5587 1704 5660 jam
1734 5587 1898 5656 scire,

1632 341 1842 397 LIBER
1902 341 2252 408 QUARTUS.

3569 348 3674 400 2‘70

1980 479 2093 518 non
2120 467 2342 518 tantum
2372 463 2431 518 in
2462 462 2874 535 ecclesiasticis,
2914 464 3012 518 sed
3043 464 3101 519 in
3133 465 3399 520 omnibus
3447 469 3670 536 litteris,

1981 555 2131 607 recta
2161 557 2214 607 et
2243 568 2374 607 vera
2401 569 2529 624 quae
2568 553 2953 608 invenerimus
2992 554 3306 624 approbare
3352 559 3521 627 atque
3551 559 3674 612 lau-

1981 640 2135 706 dare,
2167 640 2308 695 falsa
2331 653 2466 696 vero
2497 646 2550 695 et
2578 657 2752 712 prava
2779 641 3100 713 improbare
3147 647 3314 714 atque
3363 646 3672 714 reprehen-

1982 729 2114 784 dere
2159 745 2172 784 :
2214 729 2320 784 hoc
2367 734 2555 785 autem
2608 747 2666 785 se
2717 730 3081 799 desiderasse,
3136 735 3304 802 atque
3360 732 3675 788 etiamnum

1981 816 2322 884 desiderare,
2354 823 2418 873 ut
2446 823 2582 873 nota
2630 819 2737 873 sibi
2781 819 2988 874 faceret
3029 823 3233 886 errata,
3267 820 3474 891 quibus
3505 838 3538 875 a
3567 822 3676 876 tidc

1981 906 2230 961 veritatis
2280 907 2377 962 ille
2425 907 2512 962 vir
2565 911 2757 962 tantus
2814 908 3107 963 recessisse
3163 908 3539 964 convincitur.
3596 912 3678 965 Ita

1983 995 2262 1050 scribebat
2297 995 2382 1050 illi
2426 1012 2531 1066 per
2573 998 2834 1067 Paulum,
2863 997 3023 1067 cujus
3053 999 3342 1068 praeclarae
3390 998 3677 1053 existima-

1984 1084 2125 1139 tioni
2171 1085 2563 1140 testimonium
2603 1086 2821 1140 tribuit.
2878 1086 2986 1142 Sed
3033 1087 3241 1140 Paulus
3296 1086 3679 1157 navigationis

1984 1172 2282 1228 consilium
2309 1173 2550 1228 mutavit
2586 1190 2598 1229 :
2641 1175 2968 1246 factumque
3002 1179 3108 1243 est,
3143 1179 3204 1228 ut
3251 1175 3490 1245 epistola
3519 1176 3680 1245 prius

1986 1266 2351 1332 spargeretur
2380 1279 2481 1332 per
2518 1263 2756 1325 Italiam,
2801 1279 2972 1334 quam
3006 1263 3075 1317 ad
3106 1264 3518 1334 Hieronymum
3548 1280 3677 1335 per-

1984 1350 2204 1404 veniret
2226 1351 2421 1421 (Epist.
2453 1353 2542 1418 72,
2574 1367 2630 1406 n.
2665 1351 2730 1422 l).
2763 1351 2923 1416 Quod
2949 1351 3100 1405 inter
3127 1355 3433 1422 utrumque
3473 1352 3682 1407 discor-

1984 1437 2135 1493 diam
2166 1437 2492 1492 animorum
2520 1454 2707 1493 serere
2733 1442 2975 1510 poterat,
3008 1439 3118 1492 nisi
3149 1439 3442 1492 humilitas
3483 1440 3678 1494 mode-

1985 1526 2204 1598 stiaque
2255 1526 2573 1597 Augustini,
2623 1532 2679 1582 et
2723 1528 3022 1599 utriusque
3063 1527 3306 1582 Charitas
3352 1528 3682 1584 offensionis

1986 1615 2204 1671 semina
2228 1616 2572 1672 suffocasset.

2053 1707 2106 1761 4.
2141 1705 2629 1770 Quemadmodum
2652 1704 2711 1760 in
2744 1704 2982 1776 epistola
3006 1704 3299 1775 superiore
3328 1705 3679 1774 Augustinus

1988 1809 2336 1865 magnopere
2365 1793 2509 1864 petit
2538 1794 2607 1848 ab
2649 1794 3011 1864 Hieronymo,
3054 1797 3116 1846 ut
3144 1791 3478 1846 litterariam
3510 1793 3683 1848 collo-

1987 1880 2273 1936 cutionem
2301 1898 2491 1936 secum
2517 1881 2752 1947 habeat;
2799 1881 2951 1951 quod
2979 1880 3036 1934 id
3066 1880 3125 1933 in
3155 1879 3355 1950 primis
3384 1881 3568 1934 valeat
3611 1881 3682 1935 ad

1987 1970 2259 2024 tuendam
2296 1969 2627 2037 amicitiam,
2669 1968 2948 2039 faciatque
2979 1984 3051 2022 ne
3081 1969 3327 2022 multum
3367 1968 3438 2022 ad
3469 1968 3683 2023 amicos

1989 2059 2419 2130 disjungendos,
2451 2063 2516 2114 ut
2544 2059 2818 2130 loquitur,
2850 2057 3017 2112 liceat
3044 2057 3318 2111 absentia:
3349 2057 3635 2126 corporali
3666 2074 3680 2113 :

1989 2147 2155 2202 sicin
2184 2147 2298 2216 illa,
2332 2164 2504 2219 quam
2542 2147 2647 2202 hoc
2685 2148 2886 2202 eodem
2927 2150 3185 2216 tempore
3225 2144 3383 2199 dedit
3427 2145 3497 2200 ad
3547 2148 3688 2200 Pau-

1989 2235 2192 2304 linum,
2222 2235 2355 2290 huic
2386 2240 2576 2290 sancto
2599 2235 2738 2301 viro,
2772 2235 2935 2306 cujus
2967 2232 3271 2287 amicitiam
3302 2232 3535 2287 maximi
3578 2234 3684 2288 du-

1989 2325 2168 2393 cebat,
2217 2325 2583 2379 vehementer
2628 2325 2818 2391 instat,
2868 2340 2982 2395 quo
3025 2323 3294 2394 rescripta
3336 2323 3462 2385 sibi,
3493 2339 3560 2377 ea
3588 2323 3687 2378 diu

1989 2413 2369 2485 ardenterque
2421 2411 2729 2484 expetenti,
2779 2412 3082 2484 persolvat.
3124 2412 3166 2467 0
3195 2413 3292 2482 qui
3322 2426 3424 2479 res,
3476 2410 3683 2482 inquit,

1987 2507 2198 2557 vestras
2219 2502 2460 2570 quotidie
2489 2502 2727 2568 donatis,
2749 2501 2988 2554 debitum
3007 2500 3235 2554 reddite.
3268 2500 3389 2554 lam
3422 2515 3606 2553 annus
3632 2503 3688 2553 et

1991 2589 2237 2661 amplius
2267 2590 2563 2644 efﬂuxerat
2589 2590 2660 2642 ab
2688 2587 2904 2642 ultimis
2931 2588 3134 2642 litteris
3166 2587 3386 2642 Paulini
3409 2603 3559 2642 anno
3583 2591 3689 2642 trc-

1991 2678 2297 2732 centesimo
2316 2677 2683 2748 nonagesimo
2702 2676 2902 2747 quinto
2934 2676 3039 2730 sibi
3071 2676 3304 2730 redditis
3338 2693 3352 2730 :
3381 2676 3534 2746 quod
3559 2691 3686 2746 per-

1991 2765 2182 2837 spicue
2236 2766 2446 2820 indicat
2491 2766 2586 2819 illa
2638 2764 2942 2835 Augustini
2987 2763 3319 2835 conquestio
3367 2781 3380 2818 :
3431 2764 3574 2830 Quid
3611 2769 3688 2818 est

1992 2855 2136 2923 quod
2162 2855 2300 2908 duas
2327 2859 2558 2923 estates,
2585 2853 2899 2922 easdemque
2927 2855 2982 2906 in
3012 2854 3230 2919 Africa,
3257 2854 3412 2906 sitire
3435 2868 3690 2921 cogamur

1993 2943 2188 3013 (Epist.
2222 2945 2310 3010 42,
2342 2959 2398 2999 n.
2437 2942 2513 3013 l).
2553 2942 2635 2996 Ibi
2661 2943 2981 2996 Romanum
3013 2945 3069 2995 ct
3098 2941 3319 3011 Agilem
3351 2941 3564 2995 salvere
3589 2941 3685 3012 ju-

1991 3031 2104 3098 bet,
2124 3047 2371 3102 quorum
2390 3031 2702 3085 honorifice
2726 3028 2989 3084 meminit
3008 3030 3178 3083 etiam
3203 3029 3261 3082 in
3283 3028 3520 3098 epistola
3537 3045 3687 3083 anno

1993 3119 2368 3194 sequente\ad
2394 3119 2660 3174 eumdem
2703 3117 2905 3185 missa;
2957 3118 3015 3172 in
3056 3134 3166 3188 qua
3199 3133 3425 3171 rursum
3453 3117 3686 3186 insistit,

1996 3209 2300 3264 utdemum
2323 3212 2450 3278 post
2467 3206 2682 3261 biennii
2703 3206 2994 3260 silentium
3018 3205 3308 3259 rescribat.
3335 3207 3688 3274 Nequaquam

1991 3313 2107 3365 nos,
2143 3296 2240 3359 ait,
2279 3297 2452 3350 nescio
2490 3310 2599 3364 qua
2637 3299 2814 3348 vestra
2842 3295 3085 3362 ctssatio,
3115 3309 3224 3362 qua
3243 3308 3356 3348 ecce
3379 3309 3478 3362 per
3523 3297 3690 3348 totum

1996 3387 2286 3452 biennium,
2313 3400 2380 3438 ea:
2403 3399 2508 3456 quo
2535 3400 2568 3438 a
2591 3384 2742 3438 nobis
2773 3383 3076 3437 dulcissimi
3095 3385 3300 3448 fratres
3338 3384 3600 3436 Romanus
3640 3384 3691 3435 et

1994 3476 2174 3542 Agilis
2195 3473 2268 3527 ad
2294 3488 2382 3528 vos
2406 3476 2792 3538 remearcrunt,
2811 3472 2988 3525 nullas
3009 3486 3043 3524 a
3063 3457 3210 3525 υόὺίε
3233 3472 3442 3525 litteras
3462 3471 3692 3539 sumpsi-

1995 3579 2132 3630 mus,
2163 3565 2348 3632 pigros
2378 3561 2451 3615 ad
2487 3560 2826 3615 scribendum
2863 3562 3011 3627 fecit.
3046 3561 3184 3614 Nam
3213 3575 3333 3613 cum
3362 3561 3420 3612 in
3447 3560 3575 3612 aliis
3599 3574 3690 3612 re-

1997 3652 2112 3717 bus,
2165 3653 2367 3719 quanto
2413 3652 2639 3718 quisque
2671 3651 2905 3717 amplius
2943 3648 3217 3716 diligitur,
3275 3652 3425 3702 tanto
3475 3647 3695 3715 dignior

1995 3740 2296 3791 imitatione
2322 3737 2594 3801 videatur,
2625 3738 2684 3790 in
2713 3737 2812 3790 hac
2843 3752 2900 3789 re
2923 3741 3108 3790 contra
3137 3741 3238 3791 est.
3281 3739 3394 3806 Quo
3432 3737 3572 3789 enim
3601 3750 3695 3789 vos

1996 3840 2240 3880 amamus
2261 3824 2563 3890 ardentius,
2586 3839 2642 3878 eo
2659 3825 2836 3877 minus
2856 3823 3256 3892 ferimus,quod
3268 3822 3419 3876 nobis
3439 3837 3544 3876 non
3563 3824 3696 3876 scri-

1998 3914 2156 3979 bitis;
2191 3928 2284 3966 nec
2310 3927 2404 3966 vos
2432 3914 2491 3966 in
2520 3927 2577 3965 eo
2604 3912 2848 3965 volumus
2890 3912 3105 3964 imitari
3145 3910 3346 3981 (Epist.
3387 3911 3476 3975 45,
3506 3925 3559 3963 n.
3625 3909 3690 3979 l).

1997 4005 2060 4058 In
2085 4007 2325 4075 utraque
2346 4002 2582 4073 epistola
2602 4006 2766 4072 rogat
2784 4000 3107 4070 Paulinum,
3134 4006 3195 4054 ut
3217 3999 3323 4054 sibi
3341 3999 3530 4053 mittat
3551 4015 3694 4070 opus

1996 4095 2194 4146 contra
2219 4093 2496 4162 Paganos,
2528 4088 2680 4161 quod
2712 4089 2781 4155 ab
2812 4088 2934 4159 ipso
2965 4088 3248 4144 claborari
3277 4087 3516 4144 audivit.

2647 4179 2871 4234 CAPUT
2907 4179 3039 4233 XIV.

2003 4273 2021 4324 t
2061 4270 2404 4338 Augustinus
2451 4269 2656 4324 Cirtam
2693 4282 2746 4322 se
2786 4269 3061 4333 conferens
3100 4282 3219 4321 cum
3265 4267 3468 4336 Alypio
3507 4265 3581 4320 ad
3609 4281 3696 4321 or-

2067 4357 2371 4412 dinandum
2424 4358 2776 4411 Fortunatam
2842 4357 3167 4425 episcopum,
3223 4357 3369 4410 venit
3425 4355 3484 4409 in
3532 4356 3697 4409 collo-

2069 4448 2256 4515 quium
2278 4461 2396 4500 cum
2425 4447 2678 4500 Fortunio
2709 4446 3120 4500 Donatistarum
3163 4444 3398 4498 Tuburci
3429 4445 3695 4512 episcopo.
3787 4429 3795 4438 ”

2067 4538 2102 4590 2
2133 4535 2375 4601 Quonam
2401 4538 2631 4603 tempore
2656 4533 2900 4588 habitum
2917 4535 2989 4588 sit
3007 4532 3155 4587 istud
3173 4533 3513 4602 colloquium.
3532 4535 3562 4585 3
3583 4532 3700 4585 Lit-

2070 4628 2195 4678 ttrw
2240 4623 2314 4677 ad
2361 4623 2604 4679 Gloriam
2649 4623 2891 4690 aliosque
2935 4624 3247 4676 Donatistas
3295 4620 3556 4688 quosdam
3578 4625 3702 4689 post

2071 4712 2392 4778 colloquium
2435 4713 2668 4780 scriptae.
2717 4711 2751 4765 4
2795 4713 2866 4764 De
2912 4711 3026 4763 alia
3078 4708 3312 4778 quadam
3359 4709 3703 4763 collocatione

2071 4815 2190 4854 cum
2237 4799 2427 4853 iisdem
2476 4800 2664 4853 habita
2710 4801 2836 4852 ante
2877 4812 3216 4866 congressum
3265 4813 3384 4852 cum
3415 4797 3697 4853 Fortunio.

2073 4889 2104 4939 5
2154 4887 2284 4942 Cum
2332 4889 2628 4940 Fortunato
2658 4887 3065 4940 Donatistarum
3092 4887 3336 4955 episcopo
3364 4885 3700 4956 disputatio-

2071 4988 2190 5026 nem
2207 4988 2306 5042 ρον
2336 4973 2546 5027 litteras
2578 4973 2917 5041 aggreditur.
2951 4975 2981 5027 6
3002 4976 3077 5028 De
3103 4973 3378 5028 Calicolis.

2077 5063 2124 5114 l.
2150 5059 2333 5130 Supra
2351 5059 2614 5126 vidimus,
2644 5060 3032 5132 Augustinum
3060 5066 3252 5116 exacto
3283 5059 3700 5132 propemodum

2005 5163 2198 5202 mense
2250 5149 2322 5202 ab
2373 5148 2534 5204 obitu
2587 5149 2826 5221 Megalii,
2886 5149 3175 5221 scripsisse
3222 5149 3294 5204 ad
3336 5148 3702 5204 Profuturum

2005 5236 2319 5294 Cirtensem
2345 5237 2693 5309 episcopum.
2729 5239 2960 5294 Videtur
2978 5239 3026 5294 is
3047 5239 3218 5310 paulo
3244 5241 3376 5309 post
3404 5253 3432 5290 e
3459 5235 3574 5290 vita
3602 5235 3706 5289 mi-

2005 5340 2226 5396 grasse;
2261 5341 2365 5380 nec
2394 5326 2548 5381 enim
2589 5327 2689 5381 diu
2718 5327 3109 5398 episcopatum
3153 5325 3336 5381 tenuit
3366 5324 3572 5393 (Epist.
3609 5326 3702 5388 7|,

2005 5430 2057 5469 c.
2099 5417 2151 5483 l,
2175 5429 2230 5469 η.
2263 5416 2336 5485 2),
2370 5419 2427 5470 et
2454 5415 2620 5469 annis
2647 5415 2865 5486 aliquot
2902 5419 3034 5471 ante
3062 5415 3179 5470 vita
3223 5411 3498 5480 discessit,
3529 5427 3703 5482 quam

2005 5501 2362 5571 Augustinus
2381 5503 2595 5558 librum
2611 5503 2679 5558 de
2703 5503 2878 5557 Unico
2913 5502 3191 5573 Baptismo
3217 5499 3595 5555 conscriberet
3616 5502 3707 5570 (De

2021 5590 2193 5646 Unico
2248 5591 2545 5660 Baptismo,
2594 5607 2656 5646 η.
2715 5591 2824 5660 20).
2898 5587 3170 5645 Successit
3228 5586 3281 5642 ei
3342 5587 3705 5656 Fortunatus,
