4060 6370
408 310 502 361 271

402 445 553 483 unus
582 444 650 483 ex
678 426 791 483 illis
836 430 1076 495 septem,
1116 427 1215 498 qui
1244 426 1313 481 ad
1343 424 1597 481 Ecclesia:
1644 441 1874 481 causam
1917 425 1979 480 in
2008 442 2095 480 ce-

404 517 709 572 leberrima
741 516 841 571 illa
870 515 1303 585 Carthaginiensi
1334 515 1638 569 collatione
1686 520 1885 569 contra
1914 515 2097 568 Dona-

400 607 561 661 tistas
580 605 1085 677 propugnandum,
1104 621 1258 658 anno
1291 603 1856 675 quadringentesimo
1881 603 2101 658 undeci-

405 711 520 762 mo,
560 695 631 749 ab
662 694 939 748 universis
981 694 1184 748 Africae
1232 691 1512 763 episcopis
1552 692 1842 747 catholicis
1898 691 2101 747 delecti

403 787 553 838 sunt.
589 784 672 838 0b
699 782 954 837 studium
974 782 1324 853 paupertatis
1352 782 1621 836 laudatur
1649 783 1724 836 ab
1754 781 2099 852 Augustino,

401 873 501 944 qui
526 872 647 942 ejus
676 871 1024 926 ordinationi
1040 871 1220 925 adfuit
1243 887 1373 925 cum
1397 871 1599 941 Alypio
1623 870 1842 941 (Contra
1866 872 2098 925 Litteras

402 963 678 1028 Pctiliani,
698 977 744 1015 c.
765 964 852 1027 99,
873 963 1088 1022 11.228).
1115 960 1378 1031 Legimus
1399 960 1554 1014 enim
1576 960 1774 1014 ambos
1798 959 1931 1012 istos
1951 975 2097 1029 prte-

401 1051 552 1105 sules
582 1066 695 1104 una
725 1048 937 1104 Cirtam
957 1049 1295 1103 festinanter
1318 1065 1376 1103 se
1408 1049 1715 1103 contulisse
1746 1049 1815 1102 ad
1846 1047 2098 1119 episcopi

402 1138 822 1196 ordinationem
845 1141 1046 1209 (Epist.
1076 1140 1161 1203 44,
1187 1154 1233 1193 c.
1261 1143 1307 1208 l,
1336 1154 1394 1193 η.
1427 1142 1475 1204 1,
1501 1141 1551 1193 et
1576 1154 1621 1193 c.
1647 1141 1697 1201 3,
1726 1153 1788 1192 η.
1824 1136 1899 1208 6).
1925 1139 2098 1191 Porro

399 1232 620 1284 constat
634 1227 693 1282 id
712 1227 1013 1298 contigisse
1037 1232 1167 1281 ante
1189 1227 1547 1282 collationem
1566 1225 2091 1296 Carthaginensem,

399 1316 493 1372 cui
516 1318 857 1372 Fortunatus
873 1315 1023 1370 inter
1040 1315 1166 1370 fuit.
1191 1319 1332 1371 Cum
1354 1315 1563 1369 Cirtam
1579 1318 2096 1386 pergerent,trans-

397 1400 588 1455 ierunt
616 1398 948 1465 Tubursieo,
980 1399 1141 1469 cujus
1175 1398 1330 1452 urbis
1360 1398 1660 1468 episcopus
1689 1414 1758 1451 ex
1787 1402 1948 1468 parte
1979 1398 2095 1451 Do-

396 1489 737 1544 natistarum
778 1492 899 1542 erat
924 1486 1246 1550 Fortunius,
1285 1487 1458 1540 homo
1497 1486 1749 1541 confecta
1778 1491 1963 1548 aetate,
1996 1502 2094 1540 cu-

390 1578 487 1650 jus
497 1577 911 1648 benignitatem
924 1576 1225 1631 laudarant
1235 1576 1385 1647 apud
1399 1574 1675 1646 Augustin
1684 1574 2093 1630 umDonatisla:

394 1666 633 1738 aliquot,
658 1664 900 1732 Glorius,
928 1664 1206 1733 Eleusius,
1232 1669 1290 1719 et
1323 1664 1495 1731 Felix,
1522 1665 1621 1735 qui
1642 1663 1887 1718 vicissim
1914 1664 2092 1718 hono-

390 1754 611 1811 riﬁcam
656 1755 727 1810 de
766 1754 1087 1825 Augustino
1134 1753 1485 1808 mentionem
1527 1753 1797 1808 Fortunio
1820 1753 2088 1809 fecerant.

389 1848 642 1916 Apparet
683 1843 772 1899 vel
814 1858 883 1897 ex
928 1843 1098 1897 verbo
1135 1844 1336 1909 soletis,
1370 1858 1484 1913 quo
1516 1857 1611 1896 eos
1637 1842 1949 1912 alloquitur
1976 1843 2092 1896 Au-

390 1933 652 2005 gustinus
710 1932 888 2003 (1bid.,
941 1948 1003 1987 π.
1073 1930 1146 2001 1),
1192 1930 1303 2002 ipsi
1351 1929 1524 1986 fuisse
1579 1946 1712 1986 cum
1758 1930 1870 1984 illis
1921 1946 2092 1984 usum

389 2026 446 2076 et
472 2020 944 2077 consuetudinem
993 2036 1006 2074 :
1054 2019 1188 2074 licet
1230 2018 1701 2090 Hippone-Regio
1749 2034 1866 2072 non
1905 2022 2094 2072 essent

389 2110 641 2180 oriundi,
679 2109 777 2163 sed
813 2108 925 2163 alia
950 2107 1194 2174 civitate,
1226 2122 1406 2177 eaque
1437 2106 1641 2161 Gelizaa
1660 2109 1831 2177 atque
1862 2106 1994 2177 ipsi,
2028 2109 2094 2161 ut

387 2200 632 2266 videtur,
651 2197 898 2269 Hipponi
915 2196 1161 2251 ﬁnitima
1178 2196 1381 2265 (Epist.
1412 2197 1501 2262 43,
1516 2211 1561 2250 c.
1577 2199 1701 2263 2,12.
1720 2194 1794 2266 5).
1820 2195 2093 2250 Solebant

387 2289 476 2344 illi
495 2286 903 2358 benignissime
922 2285 1180 2356 polliceri
1200 2284 1538 2353 Augustino,
1560 2300 1681 2338 non
1697 2288 2091 2339 recusaturum

390 2376 729 2433 Fortunium
761 2375 831 2441 de
851 2373 1246 2444 componendo
1279 2372 1655 2426 Ecclesiarum
1686 2371 1918 2427 discidio
1958 2390 2089 2428 cum

388 2482 456 2521 eo
486 2463 735 2535 colloqui
757 2464 959 2533 (Epist.
994 2464 1081 2528 44,
1117 2477 1164 2515 c.
1202 2465 1250 2530 1,
1278 2476 1334 2516 η.
1369 2460 1431 2529 1).
1460 2461 1818 2531 Quapropter
1833 2478 1961 2516 cum
1983 2464 2091 2517 Tu-

387 2554 682 2610 bursicum
712 2553 974 2619 venisset,
994 2550 1343 2604 renuntiavit
1372 2549 1665 2617 Fortunio,
1684 2567 1743 2603 se
1769 2550 1836 2603 iis
1864 2567 1991 2622 quae
2021 2551 2088 2605 de

389 2643 515 2714 ipso
535 2640 879 2702 inaudierat,
902 2639 973 2693 ad
996 2654 1127 2693 eum
1151 2643 1209 2693 et
1232 2638 1538 2693 videndum
1560 2644 1615 2693 et
1632 2639 2088 2709 compellendum

388 2730 602 2787 induci.
649 2728 869 2784 Annuit
913 2727 1030 2783 ille.
1078 2728 1204 2782 Mox
1261 2726 1633 2798 Augustinus,
1688 2727 2089 2783 comitantibus

381 2837 501 2876 non
533 2819 749 2891 paucis.
783 2833 927 2888 quos
962 2816 1045 2871 illi
1075 2816 1340 2870 fortuitus
1367 2832 1529 2870 casus
1560 2816 1919 2887 adjunxerat,
1953 2834 2087 2871 eum

380 2907 663 2974 convenit,
686 2908 796 2961 hoc
823 2905 977 2960 illius
997 2904 1153 2959 aetati
1178 2904 1546 2960 tribuendum
1579 2905 1906 2961 arbitratus.
1941 2906 2083 2961 Cum

379 2998 532 3071 apud
563 3013 696 3052 eum
742 2995 1104 3061 consedisset,
1146 2993 1418 3067 frequens
1450 2992 1659 3048 civium
1687 2994 1874 3061 turba,
1910 3011 2083 3065 quam

374 3088 548 3159 hujus
574 3084 847 3157 colloquii
877 3099 1077 3138 rumor
1118 3099 1223 3153 per
1251 3083 1452 3136 urbem
1502 3082 1792 3152 dispersus
1823 3084 2079 3150 accierat,

378 3177 582 3232 eodem
609 3173 901 3230 conﬂuxit.
935 3174 999 3227 In
1027 3176 1187 3226 tanta
1220 3177 1411 3225 tamen
1439 3170 1760 3241 frequentia
1782 3170 1951 3241 pauci
1982 3172 2080 3226 ad-

374 3265 615 3321 modum
661 3263 851 3317 studio
890 3260 1302 3331 cognoscendae
1332 3258 1607 3325 veritatis,
1639 3274 1810 3330 quam
1841 3259 2081 3329 plurimi

374 3369 509 3409 vero
555 3352 674 3406 sola
717 3347 1117 3420 disputationis
1157 3347 1486 3402 curiositate
1525 3347 1791 3417 permoti,
1821 3348 1979 3402 velut
2008 3348 2075 3402 ad

375 3440 760 3514 spectaculum
807 3425 1215 3492 convenerant.
1261 3436 1333 3491 Ex
1383 3436 1491 3491 isto
1537 3438 1737 3507 populi
1801 3453 2075 3492 concursu

375 3535 499 3586 orta
529 3534 615 3584 est
641 3527 996 3599 perturbatio
1034 3542 1261 3597 :neque
1291 3541 1510 3596 preces,
1543 3542 1731 3597 neque
1757 3526 1930 3580 mium
1960 3531 2077 3582 tam

372 3616 678 3690 Augustini
722 3632 898 3688 quam
946 3614 1224 3682 Fortunii,
1276 3614 1656 3669 necessarium
1705 3614 2075 3686 disputationi

369 3707 664 3763 silentium
692 3710 1024 3776 extorquere
1051 3708 1384 3775 potuerunt.
1412 3704 1517 3758 Res
1540 3709 1736 3759 tamen
1760 3708 2072 3776 utcumque

368 3798 462 3868 agi
489 3800 670 3868 coepta
700 3798 801 3861 est,
834 3798 889 3848 et
920 3809 1024 3865 per
1064 3794 1231 3848 horas
1263 3792 1478 3864 aliquot
1505 3791 1750 3847 invicem
1782 3809 2071 3848 sermones

365 3887 749 3942 contulerunt.
796 3882 1148 3955 Augustinus
1178 3882 1248 3937 ab
1277 3881 1401 3952 ipso
1444 3882 1623 3936 ferme
1666 3882 2069 3953 disputationis

364 3974 593 4030 exordio
643 3971 972 4045 postulavit,
1025 3975 1089 4026 ut
1133 3971 1304 4025 verba
1343 3971 1492 4025 ultro
1543 3971 1799 4041 citroque
1845 3972 2067 4041 prolata

362 4063 760 4132 exciperentur
783 4077 816 4114 a
838 4058 1107 4125 notariis;
1135 4073 1248 4128 quo
1278 4056 1534 4127 pacatior
1554 4061 1611 4110 et
1637 4056 1954 4110 modestior
1982 4057 2067 4111 fo-

359 4157 447 4206 ret
474 4148 805 4220 disputatio.
855 4147 1075 4201 Annuit
1113 4162 1264 4216 aegre
1305 4144 1632 4199 Fortunius.
1665 4144 1771 4199 Sed
1802 4145 2061 4213 notariis,

360 4239 463 4311 qui
503 4238 763 4305 aderant,
812 4235 1071 4305 excipere
1120 4232 1516 4299 renuentibus,
1565 4232 1663 4286 alii
1707 4233 1814 4287 hoc
1850 4249 2061 4288 munus

360 4326 632 4397 aggressi,
665 4325 735 4379 ob
765 4322 1120 4378 inordinatas
1141 4319 1629 4391 perstrepentium
1648 4319 2059 4390 interpellatio-

358 4432 458 4471 nes
481 4413 753 4470 desistere
783 4410 963 4466 coacti
994 4414 1144 4465 sunt.
1190 4409 1494 4464 Fortunius
1524 4408 1711 4480 primo
1741 4409 2057 4476 contendit,

354 4520 458 4576 per
480 4507 668 4559 totum
691 4506 974 4557 terrarum
1015 4499 1214 4555 orbem
1260 4497 1525 4553 diffusam
1556 4512 1674 4552 esse
1704 4498 2058 4552 communio-

353 4609 489 4649 nem
537 4608 700 4648 suam
751 4608 764 4646 :
818 4590 915 4644 sed
952 4588 1240 4643 afﬁrmare
1284 4603 1402 4641 non
1446 4589 1529 4640 est
1571 4602 1763 4653 ausus,
1805 4602 1970 4658 posse
1999 4603 2057 4641 se

351 4682 570 4739 litteras
616 4677 1150 4736 communicatorias
1194 4691 1561 4748 quocumque
1604 4674 1848 4730 mittere.
1897 4676 2057 4740 Quod

348 4772 398 4827 si
429 4771 779 4834 asseruisset,
810 4785 943 4825 eum
981 4766 1349 4838 compulisset
1366 4764 1740 4837 Augustinus,
1766 4768 1830 4819 ut
1860 4781 2055 4819 secum

345 4860 562 4934 pariter
588 4859 657 4915 ad
688 4857 955 4914 Beclesias
995 4857 1056 4912 in
1100 4854 1413 4926 Scripturis
1459 4852 1789 4926 apostolicis
1828 4858 2054 4909 notatas

347 4949 640 5006 scriberet.
683 4949 827 5003 Tum
857 4945 1160 5002 Fortunius
1199 4945 1273 4999 ad
1310 4943 1737 5015 persecutiones
1782 4959 1817 4998 a
1853 4959 2051 4998 conse-

342 5035 558 5094 ctaneis
583 5035 719 5103 suis,
743 5038 809 5089 ut
838 5032 1078 5101 dicebat,
1111 5033 1380 5088 toleratas
1406 5032 1672 5102 delapsus
1696 5035 1797 5086 est.
1841 5032 2049 5085 Verum

342 5126 583 5198 subjecit
624 5123 999 5195 Augustinus,
1030 5120 1458 5192 persecutiones
1498 5135 1614 5174 eos-
1633 5119 1780 5173 solos
1803 5135 2048 5175 numero

341 5220 643 5275 beatorum
671 5210 1109 5284 adjungere,qui
1128 5213 1364 5281 propter
1373 5209 1468 5280 jus
1478 5208 1664 5263 titiam
1682 5211 2048 5283 paterentur:

334 5308 582 5378 ideoque
611 5303 660 5359 si
688 5301 982 5368 Macarius,
1012 5299 1081 5355 de
1111 5316 1226 5372 quo
1252 5303 1369 5353 tam
1404 5297 1607 5352 acerbe
1631 5284 2049 5369 querebantﬁ'r,

1611 302 1783 360 VITA
1835 302 1890 356 S.
1932 301 2318 359 AUGUSTINI
2373 301 2712 359 EPISCOPI.

3814 303 3915 356 2‘72

2208 425 2353 493 nius,
2377 423 2888 480 transmarinarum
2916 420 3170 495 partium
3217 421 3488 478 Ecclesiae
3518 421 3808 478 mansisse
3836 421 3915 477 in-

2207 516 2494 578 nocentes,
2542 511 2721 566 donec
2763 497 3181 564 consensissent
3227 508 3288 563 in
3316 524 3517 564 eorum
3548 509 3914 579 sanguinem,

2208 616 2352 671 quos
2383 598 2698 655 Macariana
2726 598 3044 669 persecutio
3083 597 3418 652 sustulisset.
3445 598 3557 653 Sed
3588 614 3719 653 cum
3755 614 3917 669 urge-

2207 693 2384 758 retur,
2432 693 2623 744 utrum
2678 687 3036 742 consectanei
3092 687 3182 741 sui
3226 688 3427 742 saltem
3476 687 3549 742 ad
3593 688 3696 742 illa
3734 703 3917 758 usque

2207 781 2468 848 tempora
2508 794 2636 832 cum
2685 776 3070 832 Orientalibus
3100 776 3361 831 Ecclesiis
3391 775 3729 847 ueterisque
3762 776 3916 832 orbis

2206 866 2463 936 partibus
2492 865 2553 919 in
2598 864 2814 919 unitate
2858 864 3200 919 mansissent
3250 881 3263 919 :
3309 864 3550 935 protulit
3587 865 3915 935 epistolam,

2206 969 2380 1026 quam
2426 954 2729 1009 concilium
2775 953 3107 1008 Sardicense
3151 969 3301 1008 anno
3340 953 3740 1008 trecentesimo
3770 970 3914 1025 qua-

2204 1043 2526 1113 dragesimo
2558 1043 2799 1113 septimo
2826 1042 3126 1113 scripserat
3141 1041 3212 1096 ad
3235 1045 3719 1114 Donatum,quem
3740 1058 3913 1097 suum

2206 1133 2713 1203 Carthaginensem
2755 1148 2875 1186 esse
2903 1132 3299 1187 contendebat.
3336 1133 3496 1187 Patet
3523 1132 3912 1204 Augustinum

2203 1221 2421 1277 nullam
2458 1222 2732 1277 hactenus
2761 1220 2931 1291 hujus
2956 1221 3209 1291 epistolae
3238 1224 3339 1275 aut
3364 1219 3588 1276 concilii
3616 1220 3914 1275 Sardicen-

2203 1310 2278 1365 sis
2330 1309 2593 1365 habuisse
2645 1309 2928 1365 notitiam.
2980 1311 3190 1364 Verum
3237 1325 3369 1364 cum
3417 1308 3476 1364 in
3519 1310 3628 1364 hac
3670 1310 3913 1381 epistola

2202 1398 2573 1454 Athanasium
2599 1399 3068 1466 Alexandrinum,
3099 1402 3154 1453 et
3186 1397 3401 1453 Julium
3426 1399 3753 1454 Romanum
3783 1400 3909 1470 epi-

2202 1504 2440 1558 sc0pum
2466 1487 2779 1559 improbari
2802 1487 3052 1553 vidisset,
3075 1502 3200 1541 eam
3223 1503 3292 1541 ex
3311 1486 3657 1542 Arianorum
3677 1487 3908 1542 ofﬁcina

2199 1576 2479 1648 prodiisse
2508 1576 2671 1631 facile
2701 1576 3119 1630 animadvertit.
3152 1574 3320 1630 Petiit
3346 1574 3525 1646 igitur
3546 1580 3609 1631 ut
3636 1576 3709 1630 ad
3746 1591 3909 1630 accu-

2200 1662 2485 1718 ratiorem'
2528 1668 2856 1736 temporum
2911 1663 3321 1719 discussionem
3375 1663 3480 1718 sibi
3540 1664 3741 1719 liceret
3780 1680 3908 1719 eam

2202 1752 2474 1823 accipere,
2509 1768 2573 1806 ac
2618 1768 2811 1807 secum
2857 1752 3100 1808 auferre.
3155 1751 3366 1807 Renuit
3422 1752 3752 1819 Fortunius,
3808 1768 3909 1807 nee

2200 1857 2335 1896 eum
2362 1843 2451 1896 vel
2482 1858 2655 1896 manu
2682 1858 2783 1896 sua
2802 1841 3100 1913 quidpiam
3122 1841 3392 1896 adnotare
3414 1840 3674 1913 permisit
3706 1857 3721 1896 :
3751 1841 3910 1912 quod

2200 1934 2390 1984 tamen
2440 1930 2676 2001 optabat
2729 1930 3103 2001 Augustinus,
3159 1946 3231 1984 ne
3287 1929 3395 1983 sibi
3448 1946 3619 1984 causa
3664 1930 3909 1986 forsitan

2200 2019 2460 2089 exigente
2488 2019 2734 2089 petenda
2762 2023 2908 2073 esset
2943 2018 3041 2073 illa
3070 2018 3330 2089 epistola,
3373 2023 3432 2073 et
3468 2018 3581 2073 alia
3610 2035 3906 2089 suppone-

2200 2105 2377 2163 retiir.
2410 2108 2552 2163 Cum
2580 2112 2848 2178 pergeret
2867 2106 3171 2162 Fortunius
3185 2106 3469 2177 justitiam
3497 2123 3615 2162 suae
3634 2108 3823 2177 partis
3842 2124 3908 2163 ex

2201 2212 2267 2250 eo
2307 2200 2519 2251 certam
2566 2197 2709 2251 velle
2755 2195 3016 2267 intelligi,
3060 2195 3194 2267 quia
3229 2195 3688 2265 persecutionem
3739 2213 3908 2268 passa

2198 2284 2398 2351 fuerit;
2456 2285 2804 2355 Augustinus
2861 2284 3130 2351 ostendit,
3177 2284 3637 2355 persecutionem
3682 2286 3760 2341 ad
3810 2287 3908 2358 jus

2199 2390 2383 2429 causae
2412 2374 2774 2445 probandum
2822 2390 2937 2429 non
2983 2374 3117 2428 satis
3144 2374 3354 2428 habere
3382 2374 3692 2443 momenti;
3726 2375 3904 2447 idque

2199 2463 2555 2517 conﬁrmavit
2604 2462 2879 2533 exemplis
2928 2461 3252 2518 Maximiani
3296 2463 3369 2518 ab
3409 2462 3549 2533 ipsis
3589 2465 3904 2520 Donatistis

2198 2551 2485 2622 exagitati,
2518 2555 2574 2606 et
2599 2551 2906 2618 Ambrosii,
2950 2568 3121 2622 quem
3159 2551 3533 2607 christianum
3580 2557 3639 2607 et
3674 2553 3901 2623 justum

2196 2640 2367 2694 fuisse
2392 2657 2601 2712 negare
2630 2641 2998 2712 cogebantur,
3038 2658 3071 2695 a
3096 2640 3318 2695 Justina
3347 2640 3612 2696 divexati.
3645 2642 3900 2698 Rursum

2198 2729 2500 2784 Fortunius
2526 2730 2925 2785 interventoris
2953 2730 3270 2801 cujusdam,
3295 2745 3469 2800 quem
3498 2747 3532 2784 a
3560 2731 3774 2786 nostris
3803 2749 3898 2787 oc-

2195 2818 2373 2871 cisum
2403 2818 2645 2885 dicebat,
2675 2822 2861 2873 morte
2891 2817 3129 2889 objecta,
3168 2818 3237 2872 ab
3264 2818 3583 2889 Augustino
3610 2819 3900 2876 instanter

2194 2922 2448 2977 quaerere
2476 2907 2666 2978 coepit,
2698 2924 2871 2979 quem
2889 2907 3113 2978 justum
3141 2911 3384 2979 putaret,
3417 2908 3517 2978 qui
3552 2908 3781 2975 occidit,
3822 2926 3898 2965 an

2191 2994 2293 3065 qui
2322 2996 2535 3050 occisus
2564 3000 2727 3051 esset.
2757 2996 2961 3051 Statim
2980 2996 3075 3051 ille
3097 2996 3149 3051 ei
3178 2996 3280 3050 uni
3299 3012 3404 3050 nec
3420 2996 3679 3068 probatae
3696 3000 3895 3067 morti,

2191 3100 2321 3138 cum
2367 3086 2546 3139 multa
2590 3085 2719 3154 alia,
2753 3090 2877 3140 tum
2917 3086 3161 3140 maxime
3191 3086 3457 3157 opposuit
3482 3092 3748 3158 apertum
3780 3090 3898 3144 Cir-

2190 3173 2624 3228 cumcellionum
2652 3174 2909 3229 furorem
2929 3175 3370 3246 frequentesque
3395 3176 3597 3232 caedes.
3625 3176 3737 3232 Sed
3760 3194 3894 3233 cum

2186 3261 2311 3315 haec
2338 3261 2721 3318 dissimularet
2767 3262 3091 3332 Fortunius,
3138 3280 3325 3334 neque
3363 3280 3397 3318 a
3438 3264 3693 3335 quaesitis
3740 3265 3891 3323 desi-

2186 3353 2389 3418 steret;
2418 3351 2603 3405 allatis
2632 3352 2702 3405 ab
2729 3352 3049 3423 Augustino
3072 3352 3207 3406 Elite
3231 3351 3427 3423 gestis,
3459 3354 3666 3423 quibus
3690 3354 3786 3410 hic
3805 3356 3892 3411 vir

2187 3438 2287 3493 Dei
2316 3440 2504 3511 plures
2524 3440 3055 3511 pseudoprophetas
3084 3456 3259 3495 manu
3290 3457 3393 3495 sua
3420 3442 3734 3512 peremisse
3761 3460 3888 3500 nar-

2182 3532 2364 3597 ratur,
2396 3528 2587 3583 videre
2619 3529 2849 3584 demum
2880 3529 3072 3600 coepit,
3118 3530 3273 3601 justo
3319 3530 3518 3585 saltem
3546 3532 3753 3587 veteris
3777 3535 3887 3589 Te-

2183 3615 2450 3669 stamenti
2476 3617 2831 3687 temporibus
2858 3617 3082 3672 licuisse
3101 3616 3376 3673 occidere.
3409 3618 3662 3674 Perstitit
3688 3624 3886 3676 tamen

2180 3708 2252 3759 ut
2274 3709 2575 3776 quaereret,
2616 3721 2757 3761 num
2795 3710 2852 3762 et
2891 3707 3001 3762 hoc
3029 3707 3098 3762 de
3128 3722 3275 3763 novo
3304 3708 3662 3765 Testamento
3687 3717 3886 3781 posset

2178 3792 2423 3863 probari.
2447 3794 2533 3849 Ad
2563 3810 2737 3866 quem
2755 3795 3108 3866 Augustinus
3141 3811 3155 3853 :
3188 3795 3294 3850 sibi
3323 3795 3557 3867 quidem
3577 3796 3638 3852 in
3667 3814 3736 3853 eo
3761 3815 3881 3854 non

2177 3898 2471 3937 occurrere
2514 3883 2735 3954 justum
2788 3884 2975 3939 ullum
3029 3883 3130 3955 qui
3185 3884 3441 3956 aliquem
3501 3884 3878 3956 interfecerit,

2176 3976 2571 4026 verumtamen
2619 3971 2834 4043 liquido
2881 3972 2964 4027 ibi
3007 3973 3411 4043 demonstrari,
3454 3974 3761 4032 sceleratos
3809 3979 3881 4034 ab

2173 4058 2569 4114 innocentibus
2614 4059 2677 4113 in
2714 4060 2962 4115 Ecclesia
2997 4061 3320 4117 tolerandos
3350 4078 3504 4132 esse;
3535 4079 3669 4119 cum
3712 4066 3881 4122 Chri-

2173 4150 2291 4201 stus
2309 4146 2429 4218 ipse
2445 4148 2471 4202 ,Ι
2478 4147 2651 4202 udam
2670 4148 3019 4216 toleraverit,
3037 4153 3094 4204 et
3112 4148 3164 4203 ei
3174 4149 3880 4221 primumSacramentum

2171 4235 2426 4304 corporis
2448 4240 2504 4289 et
2523 4235 2817 4306 sanguinis
2841 4236 2929 4290 sui
2947 4238 3286 4308 porrexerit.
3314 4240 3437 4304 Quo
3459 4242 3723 4313 exemplo
3745 4259 3878 4299 cum

2168 4338 2346 4393 prope
2366 4340 2564 4378 omnes
2585 4328 2972 4389 moverentur,
2992 4325 3135 4382 illud
3161 4328 3468 4384 Fortunius
3496 4330 3731 4386 eludere
3755 4335 3879 4388 ten-

2166 4410 2321 4476 tavit,
2349 4426 2606 4466 asserens
2625 4412 2783 4468 illam
2812 4429 2942 4469 cum
2968 4410 3240 4472 scelerato
3261 4419 3728 4476 communionem
3755 4438 3876 4478 non

2166 4498 2412 4554 obfuisse
2439 4502 2747 4570 Apostolis,
2777 4504 2932 4574 quod
2957 4520 3077 4559 non
3105 4505 3283 4562 alium
3303 4524 3479 4579 quam
3507 4510 3744 4565 Joannis
3769 4512 3873 4567 ba-

2165 4590 2440 4661 ptismum
2494 4596 2631 4646 tunc
2675 4593 2949 4663 temporis
2996 4594 3363 4666 accepissent.
3412 4598 3524 4654 Sed
3562 4614 3754 4671 neque
3778 4600 3875 4656 hic

2163 4679 2340 4734 valuit
2389 4680 2732 4751 Augustino,
2775 4698 2873 4737 eos
2893 4683 3016 4753 jam
3058 4688 3183 4739 tum
3212 4685 3501 4757 Baptismo
3534 4688 3741 4744 Christi
3764 4690 3871 4745 ab-

2162 4768 2312 4823 lutos
2326 4768 2498 4823 fuisse
2518 4769 2805 4840 probanti,
2838 4775 3011 4842 atque
3035 4771 3244 4829 in'eam
3268 4789 3392 4829 rem
3411 4776 3870 4833 confirmandam

2162 4855 2330 4927 plura
2380 4856 2566 4911 adhuc
2611 4857 2860 4927 paranti,
2892 4858 3179 4917 resistere.
3209 4862 3346 4917 Inde
3374 4879 3509 4919 vero
3539 4880 3869 4922 sermonem

2161 4944 2231 4999 ad
2254 4943 2311 4999 id
2336 4946 2632 5013 convertit,
2653 4947 2806 5002 unde
2826 4946 3149 5020 intelligere
3169 4950 3356 5019 liceat,
3380 4952 3704 5009 Donatistae
3725 4970 3866 5026 per—

2159 5035 2510 5088 secutionem
2539 5034 2793 5105 aliquam
2823 5036 2934 5092 sibi
2960 5041 3087 5093 tum
3110 5038 3544 5111 impendentem
3567 5042 3857 5100 timuisse.

2160 5120 2303 5174 Nam
2329 5121 2499 5191 petiit
2526 5122 2596 5177 ab
2625 5124 2967 5195 Augustino,
2999 5126 3277 5197 quidnam
3305 5128 3353 5183 si
3380 5145 3542 5184 casus
3565 5129 3865 5195 incideret,

2157 5208 2279 5278 ipse
2309 5215 2457 5265 esset
2500 5211 2770 5267 facturus.
2820 5215 3111 5270 Professus
3160 5221 3247 5272 est
3281 5219 3658 5289 Augustinus,
3687 5235 3747 5275 se
3775 5220 3866 5276 illi

2155 5312 2277 5352 non
2320 5314 2753 5370 consensurum,
2802 5303 2944 5374 quin
2991 5304 3165 5359 etiam
3202 5321 3307 5378 pro
3352 5307 3504 5362 virili
3542 5312 3708 5378 parte
3753 5309 3864 5366 ob-

2154 5386 2422 5444 stiturum
2469 5389 2656 5461 (Ibid.,
2712 5407 2775 5448 η.
2845 5393 2950 5463 11).
3018 5394 3225 5466 Reipsa
3273 5400 3412 5452 tunc
3448 5398 3726 5474 temporis
3782 5398 3865 5456 ita

2155 5476 2435 5533 sentiebat
2449 5494 2462 5546 ;
2480 5479 2578 5534 sed
2591 5480 2942 5550 experientia
2952 5498 3084 5537 eum
3102 5484 3172 5538 de
3184 5486 3469 5541 sententia
3487 5489 3864 5558 postmodum

2153 5563 2375 5636 depulit
2389 5565 2590 5638 (Epist.
2618 5569 2738 5635 185,
2758 5584 2803 5625 c.
2831 5572 2881 5637 1,
2903 5585 2960 5628 η.
2986 5570 3097 5643 25).
3118 5573 3244 5629 Jam
3262 5573 3332 5631 de
3352 5573 3583 5632 sedibus
3601 5577 3722 5633 suis
3737 5577 3862 5635 dis-

333 5412 430 5452 eos
460 5396 532 5450 ab
558 5396 753 5450 exorto
783 5392 970 5447 solum
996 5389 1300 5444 schismate
1330 5387 1621 5443 divexarat
1649 5400 1801 5440 anno
1830 5390 2052 5441 trecen-

329 5485 534 5540 tesimo
562 5480 999 5556 quadragesimo
1036 5482 1256 5546 octavo,
1288 5478 1514 5533 nullum
1547 5474 1683 5531 hinc
1714 5490 1832 5529 suae
1857 5490 2044 5530 causae

331 5572 707 5629 commodum
743 5570 875 5627 illos
924 5583 1090 5643 posse
1142 5566 1443 5625 deducere.
1490 5562 1806 5635 Respondit
1851 5563 2049 5618 Fortu-
