4060 6354
140 283 260 335 2⁸73

136 404 383 460 cessuri
419 407 798 470 surrexeraat,
831 418 960 458 cum
989 402 1256 458 Fortunio
1281 402 1564 458 Genethlii
1605 403 1862 458 decesso-

141 492 225 547 ris
243 492 478 547 Aurelii
499 493 556 546 in
579 492 710 546 sede
741 492 1176 562 Carthaginensi
1201 493 1492 547 lenitatem
1517 490 1864 564 praedicante

137 582 412 653 subjecit
438 582 792 652 Augustinus
825 597 838 634 :
864 582 963 634 Ille
991 585 1184 636 tamen
1209 581 1558 643 Genetblius,
1588 582 1635 635 si
1660 581 1719 635 in
1747 597 1862 635 ma-

138 686 260 724 nus
301 674 523 724 vestras
549 669 856 732 incidisset,
888 668 1327 738 rebaptizandus
1349 674 1693 723 censeretur.
1733 670 1858 723 Fas-

136 774 245 812 sus
301 761 394 812 est
437 757 761 825 Fortuuius,
796 756 1167 811 constitutum
1226 757 1378 827 apud
1409 773 1540 810 suos
1573 757 1766 822 fuisse,
1800 760 1865 810 ut

137 846 428 918 quisquis
447 847 518 901 ad
538 847 691 916 ipsos
723 846 980 900 fidelium
1005 845 1242 912 venerit,
1275 845 1657 917 rebaptizetur
1677 861 1689 900 :
1713 845 1863 916 quod

136 941 358 990 tamen
388 952 520 991 eum
544 935 786 989 invitum
818 940 875 988 et
901 952 1030 989 cum
1062 935 1255 990 dolore
1281 936 1458 990 animi
1487 937 1632 990 hanc
1663 951 1860 988 eorum

136 1025 639 1080 consuetudinem
677 1024 1052 1094 improbantis
1090 1024 1297 1091 dicere,
1328 1024 1490 1078 facile
1528 1025 1858 1094 apparebat.

138 1116 211 1168 Et
241 1131 312 1168 re
347 1113 583 1186 quidem
601 1114 722 1184 ipsa
749 1113 922 1168 totius
943 1113 1184 1168 civitatis
1203 1113 1529 1168 testimonio
1547 1113 1857 1179 constabat,

137 1219 333 1275 quam
386 1207 534 1258 esset
574 1219 608 1256 a
657 1201 920 1256 violentis
969 1206 1132 1257 sectae
1182 1219 1299 1256 suae
1329 1202 1490 1256 factis
1520 1202 1760 1271 alienus,
1791 1203 1860 1256 de

139 1291 372 1362 quibus
401 1291 553 1362 apud
582 1307 711 1346 suos
735 1291 944 1361 saepius
975 1292 1444 1362 conquerebatur,
1480 1295 1541 1345 ut
1571 1307 1699 1345 cum
1721 1291 1858 1360 ipsis

138 1381 327 1434 etiam
380 1379 675 1435 catholicis
723 1379 783 1434 in
827 1381 934 1434 hoc
978 1381 1262 1451 colloquio
1302 1380 1654 1434 condolebat.
1709 1380 1857 1444 Quo—

137 1471 299 1525 circa
361 1469 624 1524 convenit
673 1469 825 1524 inter
890 1486 1003 1535 eos,
1073 1470 1323 1523 violenta
1386 1469 1661 1537 facinora,
1731 1483 1858 1539 qua;

137 1559 250 1613 sibi
283 1558 537 1614 invicem
569 1558 874 1613 Donatistas
911 1562 966 1612 et
1009 1557 1280 1613 Catholici
1325 1557 1762 1628 exprobrabant,
1796 1556 1857 1610 in

134 1647 228 1700 liis
261 1647 756 1719 disputationibus
802 1663 919 1701 non
966 1662 1086 1701 esse
1128 1646 1489 1717 proferenda.
1529 1645 1856 1701 Schismatis

135 1737 422 1790 adversus
453 1736 816 1792 Caecilianum
843 1753 875 1789 a
897 1735 1202 1790 Donatistis
1231 1735 1455 1790 excitati
1485 1735 1718 1806 qutestio
1739 1735 1857 1804 agi-

136 1826 319 1880 tanda
361 1826 628 1880 restabat.
681 1827 877 1896 Itaque
909 1826 1239 1879 Fortunium
1286 1826 1595 1879 obtestatus
1625 1827 1706 1878 est
1733 1825 1854 1876 Au-

134 1915 440 1985 gustinus,
472 1918 536 1968 ut
571 1917 771 1984 pacato
802 1913 994 1967 animo
1028 1914 1097 1968 ad
1128 1917 1244 1967 tam
1276 1929 1506 1983 gravem
1536 1917 1854 1966 controver-

135 2000 285 2054 siam
339 1999 800 2069 componendam
829 2015 1020 2053 secum
1061 1998 1435 2052 adniteretur.
1470 1997 1854 2067 Respondenti

139 2088 446 2155 Fortunio,
478 2089 631 2143 nolle
663 2087 978 2142 Catholicos
1009 2088 1077 2142 de
1101 2087 1188 2141 his
1219 2086 1593 2157 quaestionem
1632 2085 1850 2153 haberi,

136 2178 439 2248 pollicitus
484 2181 568 2232 est
605 2176 976 2247 Augustinus,
1022 2193 1080 2230 se
1128 2177 1372 2243 collegas
1401 2191 1551 2241 suos,
1585 2179 1735 2229 certe
1765 2175 1852 2228 vel

135 2268 364 2333 decem,
407 2267 508 2338 qui
553 2282 670 2321 suae
725 2265 1020 2320 sententias
1073 2264 1510 2330 subscriberent,
1571 2262 1851 2317 exhibitu-

137 2374 291 2411 rum.
347 2357 508 2411 Idem
563 2372 629 2409 ex
674 2359 834 2424 parte
866 2354 1290 2408 Donatistarum
1320 2352 1622 2423 spopondit
1652 2353 1848 2407 Fortu-

136 2440 294 2494 nius.
329 2441 452 2496 Sub
481 2443 602 2496 haec
631 2441 936 2496 discessum
971 2445 1070 2495 est.

208 2534 263 2583 2.
291 2529 576 2584 Postridie
609 2530 912 2585 Fortunius
935 2529 1318 2600 Augustinum
1345 2527 1696 2597 convenit,et
1725 2545 1847 2582 rur-

139 2635 232 2671 sus
265 2618 472 2672 eadem
505 2619 574 2673 de
618 2635 677 2672 re
710 2625 972 2689 egerunt,
1022 2619 1116 2672 sed
1149 2618 1374 2688 paucis;
1422 2617 1693 2689 quoniam
1733 2620 1848 2671 Au-

135 2707 410 2774 gustinus
458 2707 726 2777 Majorem
759 2707 1150 2762 leico’larum
1197 2707 1580 2773 accersiverat,
1636 2721 1846 2758 sermo-

139 2813 271 2851 nem
303 2813 442 2852 cum
472 2814 539 2852 eo
567 2797 896 2864 habiturus;
929 2802 984 2852 et
1013 2798 1083 2851 ad
1106 2797 1438 2868 episcopum
1467 2795 1848 2850 ordinandum

137 2887 579 2957 quamprimum
609 2891 730 2942 erat
756 2887 1112 2958 profecturus
1145 2902 1158 2940 :
1191 2886 1380 2957 ipsum
1405 2901 1634 2956 quoque
1659 2886 1848 2937 Fortu-

139 2977 303 3032 nium
345 2977 644 3047 cujusdam
686 2977 907 3031 itineris
949 2975 1252 3030 necessitas
1288 2975 1546 3044 urgebat.
1581 2973 1847 3037 Quando-

139 3065 381 3136 quidem
416 3067 625 3122 Cirtam
657 3082 715 3120 se
745 3065 1047 3133 conferret,
1071 3064 1319 3118 dubitari
1349 3080 1466 3117 non
1494 3060 1848 3132 potest,quin

138 3154 302 3208 istius
347 3154 590 3210 civitatis
634 3154 982 3210 ordinandus
1030 3159 1172 3207 esset
1210 3151 1526 3222 episcopus,
1570 3152 1845 3205 Fortuna-

141 3247 229 3297 tus
258 3244 530 3299 videlicet
569 3243 860 3298 Profuturi
889 3257 1202 3297 successor.
1241 3243 1382 3296 Nam
1420 3240 1849 3305 Profuturus,ut

137 3333 463 3400 docuimus,
514 3333 893 3404 Augustinum
925 3333 984 3386 in
1014 3333 1344 3403 episcopatu
1375 3331 1758 3397 antecedebat,
1791 3333 1846 3383 et

139 3423 263 3493 ejus
292 3439 590 3478 successor
622 3424 961 3477 Fortunatus
991 3422 1140 3476 inter
1176 3420 1481 3492 primarios
1511 3423 1630 3473 erat
1660 3419 1716 3472 in
1739 3419 1847 3472 col-

141 3511 356 3566 latione
391 3511 821 3582 Cartbaginensi
852 3527 1000 3565 anno
1027 3509 1588 3581 quadringentesimo
1618 3508 1848 3562 undeci-

140 3615 252 3654 mo.
290 3602 528 3655 Constat
556 3617 728 3670 porro
753 3601 906 3654 hunc
929 3599 1381 3669 Augustini'cum
1411 3596 1682 3652 Fortunio
1709 3612 1844 3650 con-

139 3704 407 3758 gressum
453 3695 509 3744 et
553 3690 900 3759 colloquium
947 3688 1249 3759 contigisse
1288 3691 1416 3741 ante
1457 3703 1670 3741 annum
1701 3702 1842 3756 qua-

138 3778 654 3851 dringentesimum
685 3777 1074 3832 undecimum.
1099 3778 1260 3841 Quod
1290 3775 1569 3846 conjicere
1597 3775 1728 3829 licet
1756 3775 1845 3830 vel

141 3884 206 3921 ex
235 3868 363 3939 ipso
394 3867 698 3939 Augustini
729 3867 919 3920 animo
949 3883 981 3919 a
1010 3866 1418 3938 persequendis
1444 3864 1723 3919 haereticis
1747 3865 1846 3918 ad-

143 3957 249 4011 huc
294 3956 510 4011 alieno.
556 3955 923 4024 Perspicuum
971 3955 1145 4008 etiam
1191 3959 1292 4020 est,
1328 3953 1644 4007 Donatistas
1708 3956 1842 4006 tunc

139 4046 364 4116 quietos
392 4045 586 4110 fuisse,
618 4048 847 4114 totaque
878 4042 1116 4113 epistola
1147 4059 1240 4096 eos
1259 4043 1428 4112 plena
1447 4041 1559 4095 frui
1583 4041 1840 4094 libertate

140 4134 381 4200 indicat;
417 4133 571 4204 quod
600 4147 896 4203 nunquam
926 4131 1128 4184 accidit
1164 4132 1234 4185 ab
1273 4147 1423 4184 anno
1455 4129 1838 4201 quadringen-

140 4222 341 4276 tesimo
371 4220 697 4275 undecimo.
739 4220 939 4292 Liquet
968 4219 1182 4291 pariter
1209 4219 1756 4290 Augustinum,cum
1787 4219 1840 4272 ci

141 4310 451 4365 Fortunius
489 4309 911 4380 pseudosynodi
947 4309 1291 4364 Sardicensis
1339 4308 1634 4379 epistolam
1681 4308 1836 4362 exhi-

141 4397 281 4464 buit,
336 4397 478 4470 quid
521 4399 642 4452 haec
671 4401 818 4452 esset
852 4401 989 4451 tunc
1019 4397 1326 4468 ignorasse.
1368 4398 1527 4452 Illam
1556 4401 1746 4453 tamen
1778 4399 1836 4452 in

142 4485 296 4539 libris
325 4491 529 4540 contra
557 4485 921 4541 Cresconium
942 4489 1072 4539 ante
1104 4501 1318 4540 annum
1349 4485 1838 4557 quadringentesi-

141 4589 299 4629 mum
351 4575 716 4630 undecimum
762 4574 1093 4645 conscriptis
1141 4561 1439 4643 memorat,
1481 4578 1538 4630 et
1581 4579 1641 4629 ut
1695 4592 1837 4646 opus

142 4663 439 4730 Arianum,
463 4663 748 4734 quodjam
770 4663 867 4717 diu
897 4679 1016 4732 prae
1036 4663 1300 4717 manibus
1325 4663 1838 4733 haberet,expludit

143 4751 360 4818 (Contra
386 4754 745 4814 Cresco-nium,
777 4753 871 4805 lib.
909 4755 960 4818 3,
993 4768 1039 4806 c.
1065 4753 1153 4820 3i,
1185 4767 1240 4805 η.
1276 4752 1386 4819 38).
1429 4751 1529 4806 llic
1557 4757 1836 4822 praeterea

146 4840 446 4896 Fortunius
491 4840 784 4912 antiquior
828 4840 1145 4911 Augustino
1189 4841 1488 4912 episcopus
1526 4842 1839 4896 decesserat

146 4943 290 4983 anno
305 4929 873 5002 quadringentesimo
891 4930 1192 4985 undecimo
1208 4947 1220 4984 :
1237 4929 1452 5001 quippe
1471 4945 1601 4984 cum
1625 4932 1834 4985 Janua-

146 5017 277 5085 rius,
311 5023 374 5073 ut
401 5018 699 5090 episcopus
719 5019 1146 5073 Tubursicensis
1178 5019 1235 5072 in
1268 5018 1552 5086 Numidia,
1585 5035 1649 5073 ex
1675 5023 1835 5090 parte

149 5105 586 5176 Donatistarum,
656 5107 978 5162 interfuerit
1029 5108 1321 5162 collationi
1384 5108 1833 5179 Carthagincnsi.

148 5193 249 5249 Sed
278 5195 373 5251 ille.
407 5195 710 5251 Fortunius
748 5195 870 5266 ipse
899 5200 1000 5264 est,
1035 5197 1184 5252 haud
1216 5197 1406 5265 dubie,
1456 5198 1554 5269 qui
1584 5198 1834 5252 decimus

149 5290 476 5340 numeratur
515 5285 665 5340 inter
693 5290 974 5340 trecentos
1004 5291 1061 5340 et
1090 5287 1281 5341 decem
1314 5287 1607 5357 episcopos
1651 5287 1834 5341 conci-

155 5371 207 5424 lii
238 5374 560 5444 Bagaiensis
608 5390 757 5428 anno
799 5375 1192 5430 trecentesimo
1229 5376 1602 5446 nonagesimo
1633 5381 1835 5446 quarto

153 5458 333 5529 (ἰδίει,
367 5465 459 5518 tib.
483 5465 538 5531 4,
561 5479 605 5516 c.
635 5465 713 5528 l0,
737 5478 790 5516 η.
820 5465 933 5531 1‘2).
967 5464 1068 5517 Ubi
1089 5464 1142 5517 in
1168 5465 1440 5534 pra'dicto
1462 5465 1742 5537 colloquio
1767 5464 1836 5518 de

158 5550 443 5608 Ambrosio
469 5567 654 5607 sermo
674 5550 888 5618 incidit,
913 5551 1214 5623 Augustini
1237 5555 1402 5608 verba
1423 5554 1688 5611 inducere
1711 5569 1834 5623 pes-

1605 283 1819 338 LIBER
1859 282 2206 348 QUARTUS.

3560 292 3666 344 274

1981 408 2129 470 sunt,
2156 407 2223 458 ut
2251 407 2508 459 sanctum
2531 403 2696 459 illum
2726 405 3030 476 praesulem
3056 405 3115 460 in
3130 406 3270 460 vivis
3293 407 3475 463 adhuc
3495 410 3677 480 egisse

1976 493 2273 546 credamus
2303 510 2315 547 :
2345 499 2516 566 atque
2562 495 2661 549 ubi
2703 498 2891 548 actum
2923 498 3006 548 est
3035 496 3103 550 de
3141 498 3529 566 persecutione
3561 501 3672 554 Do-

1977 581 2314 635 natistarum
2345 581 2404 635 in
2437 582 2896 650 Maximianistas,
2929 583 3121 636 nullus
3152 600 3338 638 sermo
3366 585 3544 640 factus
3576 604 3670 640 rc-

1975 669 2194 738 peritur
2240 670 2309 723 de
2350 672 2686 725 Praetextato
2736 676 2790 725 et
2819 671 3122 752 Feliciano,
3166 666 3308 742 ques
3345 680 3674 744 receperant

1975 758 2079 811 sub
2126 757 2356 812 initium
2405 760 2542 813 anni
2579 759 2958 814 trecentesimi
3016 761 3372 830 nonagesimi
3422 762 3668 832 septimi.

1975 846 2102 898 H830
2125 862 2256 900 vero
2289 846 2552 901 videntur
2572 848 2878 917 postulare,
2911 851 2975 901 ut
3004 847 3149 902 istud
3175 849 3524 919 colloquium
3553 867 3671 904 non

1974 935 2154 987 serius
2183 935 2417 989 ineunte
2448 951 2596 989 anno
2617 935 3012 990 trecentesimo
3035 937 3406 1007 nonagesimo
3428 939 3669 1008 septimo

1971 1023 2230 1078 habitum
2248 1041 2638 1094 agnoscamus.
2669 1025 2776 1080 Sed
2795 1026 2930 1097 quia
2952 1031 3172 1079 constat
3200 1026 3257 1080 id
3288 1028 3670 1096 Augustinum

1972 1113 2254 1178 habuisse,
2289 1131 2418 1169 cum
2450 1115 2522 1169 ad
2561 1115 2943 1170 ordinandum
2977 1116 3260 1172 Profuturi
3289 1134 3669 1173 successorem

1970 1202 2423 1270 proﬁcisceretur
2443 1220 2456 1270 ;
2479 1205 2809 1274 ponendum
2831 1210 2978 1259 esset
3005 1204 3327 1275 Megalium,
3357 1206 3447 1260 cui
3475 1223 3671 1278 super-

1970 1295 2083 1343 stes
2135 1291 2244 1345 fuit
2304 1293 2634 1346 Profuturus
2700 1297 2834 1347 tunc
2897 1293 3214 1362 defunctus,
3273 1294 3478 1349 obiisse
3534 1299 3668 1350 ante

1969 1378 2155 1448 ipsum
2170 1396 2385 1434 annum
2399 1381 2862 1436 trecentesimum
2883 1383 3318 1452 nonagesimum
3334 1383 3665 1454 septimum,

1969 1473 2138 1538 atque
2168 1468 2303 1521 anni
2327 1469 2444 1522 fere
2467 1471 2712 1540 spatium
2743 1471 2903 1540 prius
2923 1471 3232 1540 effluxisse,
3256 1489 3429 1542 quam
3459 1473 3584 1543 ejus
3605 1473 3668 1528 in

1966 1555 2216 1624 primatu
2246 1573 2532 1612 successor
2560 1559 3003 1614 renuntiaretur.
3038 1561 3181 1614 Nam
3212 1562 3662 1628 Crescentianus,

1968 1643 2065 1714 qui
2096 1644 2149 1698 ei
2174 1645 2502 1700 successisse
2532 1647 2801 1713 creditur,
2835 1647 3048 1717 primas
3073 1664 3185 1701 non
3218 1648 3344 1715 fuit,
3378 1648 3490 1702 nisi
3518 1650 3667 1704 circa

1965 1731 2197 1786 initium
2243 1733 2473 1804 augusti
2519 1734 2656 1787 anni
2684 1735 2855 1803 hujus
2894 1736 3279 1789 trecentesimi
3309 1737 3665 1806 nonagesimi

1967 1821 2212 1890 septimi.
2263 1821 2415 1876 Licet
2455 1826 2648 1876 autem
2697 1822 2997 1892 Megalium
3039 1823 3195 1877 inter
3229 1827 3284 1877 et
3314 1825 3661 1879 Crescentia-

1965 1927 2104 1964 num
2135 1911 2350 1981 primas
2378 1911 2556 1982 possit
2583 1911 2863 1979 interseri,
2903 1929 3021 1966 non
3061 1915 3255 1967 tamen
3284 1917 3390 1980 est,
3421 1930 3521 1968 cur
3552 1916 3663 1970 hoc

1963 1999 2042 2052 ita
2071 1999 2372 2070 contigisse
2401 2015 2737 2054 asseramus.
2766 2001 3038 2065 Quocirca
3055 2004 3342 2057 malumus
3371 2003 3522 2057 istud
3546 2006 3659 2058 col-

1964 2087 2219 2158 loquium
2267 2092 2364 2142 aut
2410 2092 2650 2143 exeunte
2681 2106 2830 2144 anno
2863 2091 3260 2144 trecentesimo
3289 2093 3659 2162 nonagesimo

1963 2177 2204 2247 septimo
2251 2193 2550 2248 reponere,
2582 2181 2683 2232 aut
2714 2178 2907 2248 potius
2936 2179 3169 2234 ineunte
3201 2197 3348 2234 anno
3379 2184 3658 2236 trecente-

1963 2265 2103 2320 simo
2131 2266 2502 2338 nonagesimo
2533 2271 2747 2334 octavo,
2788 2268 2927 2322 dum
2956 2268 3209 2323 Gildonis
3242 2269 3503 2325 interitus
3528 2287 3659 2342 per-

1962 2356 2268 2410 secutionis
2309 2361 2527 2411 metum
2573 2357 2881 2410 Donatistis
2925 2362 3156 2428 propter
3194 2359 3460 2430 Optatum
3491 2376 3659 2415 suum

1961 2445 2215 2500 Gildonis
2242 2446 2524 2499 fautorem
2550 2445 2783 2516 injicere
2814 2449 3055 2516 poterat.

2032 2538 2082 2589 3.
2133 2535 2500 2589 Postmodum
2529 2535 2879 2606 Augustinus
2911 2535 3198 2590 Eleusium
3243 2539 3299 2591 et
3345 2536 3506 2604 alios,
3560 2539 3661 2610 qui

1959 2622 2028 2676 de
2061 2623 2327 2677 Fortunio
2354 2623 2462 2693 ipsi
2491 2624 2663 2678 verba
2694 2623 2964 2690 fecerant,
2999 2626 3267 2696 colloquii
3306 2643 3437 2680 cum
3466 2643 3532 2681 eo
3564 2627 3659 2681 ha-

1958 2711 2062 2764 biti
2089 2711 2356 2766 certiores
2383 2711 2516 2766 fecit
2547 2729 2560 2766 :
2594 2715 2648 2766 et
2675 2712 2782 2766 hoc
2809 2713 2895 2766 illi
2924 2713 3312 2769 testimonium
3343 2715 3564 2781 tribuit,
3598 2717 3658 2770 in

1961 2797 2240 2869 episcOpis
2268 2799 2578 2854 Donatistis
2607 2799 2940 2854 difﬁcillime
2978 2805 3268 2871 repertum
3295 2802 3367 2856 iri
3392 2807 3509 2857 tam
3551 2804 3658 2857 uti-

1958 2888 2068 2940 lem
2095 2887 2352 2941 animum
2374 2891 2429 2941 et
2450 2888 2826 2955 voluntatem,
2853 2905 3026 2960 quam
3046 2890 3106 2943 in
3128 2889 3237 2944 isto
3269 2906 3402 2944 sene
3422 2908 3656 2962 perspe-

1957 2975 2147 3029 xisset.
2181 2977 2292 3029 Hos
2332 2975 2649 3030 Donatistas
2689 2992 2794 3046 per
2841 2977 3070 3031 Domini
3109 2978 3445 3048 sanguinem
3492 2981 3652 3034 obte-

1957 3068 2154 3131 statur,
2188 3079 2321 3118 eum
2350 3068 2415 3118 ut
2439 3063 2528 3118 sui
2555 3064 2622 3118 de
2651 3066 3053 3136 prosequendo
3074 3067 3360 3138 colloquio
3386 3068 3653 3138 promissi

1956 3157 2382 3216 commoneant;
2429 3168 2542 3224 quo
2587 3169 2678 3207 res
2713 3154 2834 3223 jam
2862 3158 3045 3224 coepta
3074 3159 3129 3208 et
3158 3171 3368 3225 magna
3395 3173 3462 3210 ex
3492 3162 3652 3228 parte

1956 3245 2131 3314 gesta,
2179 3242 2412 3296 tandem
2451 3241 2756 3313 aliquando
2803 3246 3126 3314 peragatur.
3168 3244 3251 3298 Ad
3299 3261 3471 3315 quam
3520 3246 3655 3300 diri-

1956 3331 2223 3386 mendam
2253 3335 2469 3399 monet,
2500 3331 2689 3385 locum
2719 3331 2969 3402 aliquem
2997 3332 3196 3402 procul
3241 3349 3273 3386 a
3301 3335 3549 3388 tumultu
3594 3340 3652 3389 et

1955 3420 2282 3475 turbulenta
2310 3419 2612 3474 hominum
2641 3419 2963 3491 frequentia
3006 3436 3126 3473 esse
3165 3420 3543 3490 seligendum,
3576 3422 3650 3476 si-

1954 3513 2050 3563 cut
2077 3514 2162 3564 est
2193 3509 2326 3564 villa
2371 3509 2614 3575 Titiana,
2656 3510 2744 3563 vel
2775 3508 2959 3580 quivis
2989 3509 3133 3563 alius
3164 3509 3223 3564 in
3252 3510 3649 3566 Tubursicensi

1954 3602 2052 3652 aut
2075 3599 2401 3669 Tagastensi
2450 3598 2678 3653 dioecesi
2719 3599 2894 3666 locus,
2947 3598 3007 3651 in
3052 3616 3165 3670 quo
3195 3600 3352 3653 nulla
3381 3599 3455 3654 sit
3479 3601 3651 3655 eccle-

1955 3687 2058 3755 sia,
2090 3688 2190 3758 qui
2223 3691 2410 3741 tamen
2442 3687 2510 3740 ab
2543 3686 2844 3742 Catholicis
2895 3691 2950 3740 et
2993 3687 3300 3741 Donatistis
3345 3687 3650 3756 incolatur,

1953 3779 2017 3827 ut
2045 3775 2284 3844 quisque
2330 3774 2484 3842 apud
2527 3773 2814 3842 hospitem
2855 3773 3275 3826 communionis
3311 3791 3427 3830 suae
3471 3778 3651 3846 possit

1952 3861 2222 3915 diversari
2255 3877 2267 3914 :
2302 3860 2436 3914 illuc
2481 3860 2816 3914 deferendos
2843 3875 2962 3913 esse
2992 3860 3293 3914 canonicos
3323 3861 3560 3933 codices,
3592 3869 3649 3919 et

1952 3949 1995 4002 si
2041 3965 2155 4020 qua
2201 3948 2446 4020 proferri
2475 3949 2718 4003 debeant
2759 3949 2909 4002 ultro
2938 3948 3192 4019 citroque
3222 3965 3404 4004 causa;
3431 3950 3646 4004 instru-

1951 4044 2169 4105 menta;
2204 4037 2442 4108 singulis
2474 4037 2678 4092 deinde
2707 4036 2892 4091 dubiis
2929 4037 3314 4098 discutiendis,
3363 4043 3644 4110 quantum

1949 4143 2038 4180 res
2066 4126 2339 4199 exegerit,
2357 4127 2689 4180 vacandum.
2725 4125 2978 4197 Denique
3007 4126 3290 4180 Eleusium
3317 4130 3372 4180 et
3393 4127 3531 4181 alios
3551 4144 3644 4182 ro-

1949 4219 2063 4286 gat,
2096 4219 2159 4268 ut
2188 4214 2327 4286 quid
2354 4215 2459 4268 hac
2489 4214 2559 4268 de
2588 4229 2649 4269 re
2679 4213 2793 4268 sive
2823 4213 3000 4284 ipsius
3029 4215 3141 4268 sive
3166 4215 3436 4269 Fortunio
3461 4217 3650 4270 videa-

1948 4308 2060 4372 tur,
2089 4305 2400 4358 rescribant
2434 4303 2632 4373 (Epist.
2664 4306 2756 4374 44,
2785 4320 2831 4359 c.
2865 4307 2917 4371 6,
2963 4320 3018 4358 η.
3071 4304 3169 4373 12).
3204 4306 3362 4360 Latet
3408 4321 3512 4360 nos
3541 4306 3644 4360 ho-

1946 4409 2142 4448 rumce
2198 4394 2555 4464 negotiorum
2605 4397 2860 4460 eventus,
2920 4409 3047 4464 quae
3098 4389 3428 4464 Augustino
3486 4395 3643 4466 pacis

1947 4483 2318 4553 procurandae
2346 4499 2514 4536 causa
2541 4481 2786 4561 charitas
2815 4481 3145 4552 inspirabat.

2016 4573 2070 4626 4.
2117 4573 2306 4626 Exstat
2347 4571 2531 4626 adhuc
2575 4571 2754 4625 altera
2794 4570 3098 4642 Augustini
3146 4571 3386 4642 epistola
3438 4573 3641 4628 iisdem

1947 4659 2158 4728 Glorio,
2193 4658 2436 4726 Eleusio,
2479 4659 2764 4730 Felicique
2813 4658 3105 4730 inscripta,
3143 4660 3353 4730 quibus
3381 4661 3644 4734 adjungit

1947 4747 2391 4804 Grammaticum
2439 4751 2493 4802 et
2539 4753 2772 4802 caeteros
2801 4763 3002 4801 omnes
3031 4747 3237 4818 quibus
3275 4749 3383 4813 hoc
3410 4757 3634 4821 gratum

1946 4837 2115 4892 fuerit
2147 4838 2340 4906 (Epist.
2370 4838 2485 4907 43).
2517 4837 2584 4889 In
2622 4837 2728 4890 hac
2756 4835 2930 4890 etiam
2977 4835 3216 4905 epistola
3243 4838 3311 4892 de
3340 4840 3639 4895 schismate

1946 4927 2155 4997 agitur,
2200 4925 2466 4995 idemque
2509 4924 2689 4980 ferme
2728 4924 2797 4979 de
2825 4923 3160 4979 Maximiano
3189 4942 3373 4981 sermo
3404 4932 3507 4997 est,
3539 4929 3639 5000 qui

1945 5015 2006 5069 in
2035 5013 2326 5086 superiore
2351 5029 2364 5068 :
2391 5012 2649 5084 nihilque
2673 5011 2898 5067 videtur
2928 5013 3172 5081 obstare,
3206 5016 3344 5086 quin
3379 5033 3503 5070 eam
3535 5017 3637 5070 sub

1945 5105 2097 5158 idem
2128 5108 2373 5173 tempus,
2424 5102 2540 5156 imo
2586 5102 2757 5172 paulo
2791 5105 2942 5169 ante,
2984 5104 3360 5174 conscriptam
3400 5105 3638 5158 arbitre-

1947 5209 2094 5247 mur.
2128 5192 2320 5263 Optati
2364 5191 2848 5261 Thamugadensis
2893 5192 3255 5263 tyrannidem
3283 5193 3361 5246 ibi
3412 5208 3636 5246 summa

1946 5281 2170 5336 dicendi
2217 5281 2476 5336 libertate
2506 5286 2917 5336 commemorat
2943 5281 3312 5352 Augustinus,
3345 5280 3412 5334 iis
3442 5283 3635 5336 tamen

1944 5371 2150 5435 verbis,
2181 5386 2308 5441 qum
2354 5369 2512 5424 illam
2542 5371 2796 5424 nondum
2829 5369 3060 5425 desiisse
3089 5370 3346 5423 innuant.
3384 5369 3632 5422 Demon-

1947 5464 2084 5514 strat
2111 5460 2341 5526 ibidem,
2385 5475 2558 5530 quam
2581 5460 2732 5530 juste
2763 5459 3020 5513 civilibus
3049 5457 3228 5528 poenis
3257 5461 3488 5527 possent
3521 5459 3634 5511 Do-

1948 5549 2168 5604 natistaa
2187 5549 2446 5604 mulctari
2479 5565 2492 5602 :
2522 5549 2617 5604 sed
2643 5549 2700 5603 id
2729 5550 2910 5619 potest
2937 5546 3150 5618 optime
3171 5545 3367 5600 referri
3398 5546 3468 5601 ad
3501 5550 3635 5603 tem-
