4060 6348
366 279 466 331 "275
1575 272 1743 328 VITA
1785 272 1836 327 S.
1883 271 2265 329 AUGUSTINI
2318 269 2654 326 El’lSCOPl.

362 411 502 467 pora
534 393 783 451 Macarii.
825 397 954 450 Haec
993 395 1232 465 epistola
1275 393 1566 448 memoriae
1596 393 1785 465 prodit
1811 395 2060 449 collocu-

372 485 586 539 tionem
605 484 796 553 aliam,
823 499 994 556 quam
1016 499 1146 538 cum
1185 483 1385 538 iisdem
1411 482 1783 538 Donatistisin
1807 483 2061 554 ipsorum

365 573 590 627 civitate
633 573 910 628 habuerat
953 572 1322 643 Augustinus.
1358 573 1497 627 Cum
1530 572 1683 627 enim
1716 572 1786 626 de
1816 588 2070 626 commu-

368 661 537 716 nione
554 661 878 716 christianae
908 661 1145 722 unitatis
1170 677 1297 715 cum
1318 660 1430 715 illis
1453 667 1668 733 ageret,
1691 661 1914 731 prolata
1935 664 2069 715 sunt

367 753 436 806 ab
466 751 532 805 iis
559 755 720 823 gesta
753 752 1033 823 quaedam,
1081 751 1140 805 in
1167 751 1375 822 quibus
1406 751 1740 807 Caecilianus
1767 755 1823 806 et
1853 751 2004 806 Felix
2035 765 2067 804 a

366 841 604 895 concilio
628 839 1060 912 Carthaginensi
1082 840 1334 896 damnati
1364 840 1836 911 perhibebantur.
1867 839 2068 896 Osten-

366 928 448 983 dit
477 928 588 982 illis
617 928 987 1000 Augustinus,
1031 945 1205 1000 quam
1235 928 1505 982 vitiosum
1537 933 1683 982 esset
1710 928 1854 983 illud
1883 927 2069 982 conci—

368 1017 530 1084 lium,
567 1021 622 1071 et
647 1034 759 1088 qua
788 1018 1010 1072 ratione
1041 1017 1338 1072 rescissum
1372 1018 1570 1071 fuisset
1599 1017 1754 1072 illius
1777 1018 2068 1071 decretum

371 1123 399 1161 a
433 1106 670 1161 concilio
700 1107 978 1175 Romano,
1007 1107 1158 1178 quod
1193 1123 1257 1161 ex
1301 1106 1582 1177 episcopis
1622 1122 1656 1160 a
1703 1104 2070 1159 Constantino

369 1195 624 1267 ipsorum
653 1196 1075 1250 Donatistarum
1099 1199 1304 1267 rogatu
1329 1195 1512 1249 missis
1533 1194 1854 1260 constabat;
1879 1210 1913 1247 a
1931 1209 2071 1247 con—

367 1284 496 1338 cilio
526 1283 876 1348 Arelatensi;
931 1283 1001 1338 ab
1044 1283 1292 1353 ipsemet
1339 1283 1732 1350 Constantino,
1780 1283 1850 1337 ad
1897 1298 2071 1354 quem

368 1371 476 1443 ipsi
516 1375 988 1443 provocaverant;
1034 1371 1281 1442 denique
1331 1387 1362 1425 a
1407 1371 1770 1441 proconsule,
1824 1370 1920 1441 qui
1971 1387 2068 1424 sua

367 1459 646 1516 sententia
694 1459 932 1515 Felicem
979 1463 1338 1531 purgaverat.
1383 1460 1506 1514 Non
1553 1462 1715 1513 erant
1752 1457 2068 1529 Augustino

366 1566 484 1621 pra:
517 1549 782 1604 manibus
812 1547 1005 1603 omnia
1033 1549 1156 1602 haec
1181 1564 1365 1602 causae
1393 1547 1775 1602 instrumenta
1802 1563 1814 1601 :
1848 1547 1943 1601 sed
1965 1550 2070 1600 sta-

365 1638 466 1692 tim
498 1638 838 1692 accersenda
864 1637 1098 1691 curavi.
1133 1638 1352 1691 Interea
1387 1636 1634 1690 excurrit
1663 1635 1734 1690 ad
1767 1635 2068 1690 Ecclesiam

366 1726 755 1782 Gelizitanam.
782 1728 919 1791 Qua!
945 1729 1135 1780 autem
1155 1725 1250 1778 illa
1277 1725 1367 1793 sit,
1399 1724 1606 1796 quidve
1633 1724 1713 1778 ibi
1738 1724 1938 1794 egerit,
1966 1740 2065 1778 ne-

364 1814 593 1868 scimus.
635 1814 774 1868 Inde
796 1830 1077 1880 reversus,
1101 1830 1232 1868 cum
1262 1813 1419 1868 bidui
1449 1829 1564 1868 non
1595 1813 2068 1884 pleniintermis-

364 1902 521 1957 sione
574 1901 813 1974 quaesita
860 1901 1188 1973 accepisset,
1237 1901 1462 1973 singula
1493 1918 1608 1956 uno
1638 1902 1728 1957 die
1759 1901 2068 1956 Donatistis

364 1991 588 2045 recitari
620 1990 803 2060 iussit.
837 1990 920 2045 Ab
952 1990 1090 2045 actis
1124 1992 1298 2061 cmpit
1335 1989 1604 2045 Cirtensis
1633 1989 1857 2045 concilii
1893 2005 1907 2044 :
1941 2006 2068 2061 quae

364 2080 498 2151 quia
530 2080 760 2134 illorum
781 2079 1045 2134 nonnulli
1077 2079 1313 2150 rejicere
1335 2079 1652 2142 tentabant,
1686 2078 1902 2133 causali
1929 2079 2069 2132 veri-

366 2167 550 2222 simile
575 2183 691 2221 non
721 2183 841 2220 esse
872 2167 942 2221 ab
975 2166 1055 2220 eis
1098 2166 1199 2238 qui
1229 2166 1553 2220 traditionis
1584 2167 1810 2220 veniam
1839 2167 1899 2220 in
1939 2182 2068 2220 con-

365 2254 496 2308 cilio
529 2253 769 2309 Cirtensi
791 2253 1192 2319 obtinuissent,
1218 2253 1584 2308 Caecilianum
1609 2253 1807 2308 eodem
1829 2253 2066 2307 crimine

367 2342 540 2398 fuisse
570 2342 1048 2408 condemnatum;
1098 2345 1281 2396 totum
1321 2341 1380 2395 in
1429 2358 1495 2396 eo
1545 2341 1776 2412 negotio
1822 2341 2068 2397 Secundi

366 2431 665 2486 consilium
691 2429 862 2485 latius
901 2430 1181 2500 exposuit.
1210 2429 1384 2484 Jussit
1411 2429 1617 2484 deinde
1648 2429 1875 2485 recitari
1904 2431 2067 2485 Gesta

363 2519 789 2590 proconsularis
815 2519 882 2572 de
912 2535 1080 2572 causa
1119 2518 1319 2572 Felicis
1349 2518 1748 2588 Aptungitani.
1785 2521 1924 2574 Cum
1958 2535 2064 2573 au-

366 2614 486 2663 tem
523 2623 813 2662 nonnemo
861 2623 926 2661 ex
958 2607 1040 2661 eis
1071 2607 1312 2661 Felicem
1348 2607 1726 2677 suggillasset,
1755 2608 1915 2678 quasi
1944 2623 2066 2662 rem

369 2713 568 2769 passus
590 2700 734 2750 esset
753 2695 1016 2766 episcopo
1040 2695 1355 2767 indignam,
1389 2695 1543 2766 quod
1565 2697 1954 2766 proconsulari
1976 2697 2068 2768 ju-

366 2785 514 2840 dicio
552 2783 752 2839 fuisset
776 2784 1090 2850 absolutus,
1117 2784 1254 2837 etin
1283 2783 1438 2837 illius
1468 2800 1636 2837 causa
1666 2784 1899 2854 quidam
1930 2785 2066 2840 fuis-

365 2879 451 2928 set
478 2873 780 2928 tormentis
810 2872 1096 2940 addictus;
1132 2871 1284 2926 illius
1309 2871 1608 2938 cavillatio,
1637 2877 1836 2943 utpote
1867 2873 2065 2927 absur-

365 2963 456 3028 da,
485 2962 702 3017 caeteris
733 2960 1041 3032 displicuit.
1076 2959 1173 3015 His
1202 2964 1333 3014 ante
1366 2959 1660 3014 meridiem
1707 2959 1886 3025 lectis,
1941 2965 2068 3031 post

366 3050 661 3105 meridiem
695 3049 942 3104 recitata:
984 3052 1120 3102 sunt
1151 3047 1576 3103 Donatistarum
1605 3064 1802 3118 preces
1826 3047 1896 3102 ad
1927 3049 2068 3102 Con-

366 3139 699 3208 stantinum,
725 3143 848 3192 acta
877 3137 1107 3192 concilii
1137 3136 1398 3204 Romani,
1431 3143 1488 3191 et
1517 3136 1876 3191 Constantini
1915 3136 2067 3190 litte-

367 3245 444 3281 ra:
473 3227 541 3281 de
567 3227 784 3298 judicio
817 3227 972 3297 quod
1019 3224 1323 3280 Mediolani
1354 3225 1667 3279 secundum
1702 3224 2067 3279 Caecilianum

368 3315 597 3368 tulerat.
616 3316 922 3369 Curaverat
943 3313 1158 3382 pariter
1176 3312 1531 3383 Augustinus
1551 3311 1859 3366 deferenda
1879 3313 2066 3378 Gesta,

367 3402 575 3474 quibus
608 3401 996 3456 Nundinarius
1024 3401 1368 3461 ostenderat.
1403 3417 1552 3455 anno
1572 3401 1970 3456 trecentesimo
1993 3401 2069 3455 vi-

369 3490 610 3562 gesimo,
657 3506 849 3544 coram
899 3489 1227 3560 Zenophilo,
1270 3495 1568 3560 corruptos
1615 3489 1786 3544 fuisse
1843 3489 2068 3544 Lucillm

367 3579 612 3650 pecunia
640 3578 960 3649 episcopos,
985 3583 1048 3633 ut
1070 3577 1436 3633 Caecilianum
1452 3579 1908 3634 condemnarent
1931 3595 1943 3634 :
1969 3580 2066 3634 sed

367 3669 440 3723 ob
469 3667 744 3739 temporis
771 3666 1060 3739 angustias
1089 3667 1316 3723 recitari
1342 3685 1460 3723 non
1485 3669 2067 3740 potuerunt.0mnem

365 3757 478 3812 illis
526 3758 648 3811 haec
692 3757 855 3812 Gesta
905 3755 1246 3811 discutiendi
1295 3760 1353 3812 et
1393 3757 1748 3812 exscribendi
1780 3757 2066 3812 licentiam

367 3846 580 3901 tribuit.
616 3845 729 3902 Sub
762 3847 867 3901 hoc
896 3845 1074 3917 igitur
1101 3845 1449 3918 colloquium
1481 3845 1706 3916 scripsit
1737 3846 1803 3901 ad
1835 3846 2066 3900 eosdem

367 3935 704 4002 Donatistas,
756 3933 882 3989 illos
934 3935 1334 4000 obtestaturus,
1369 3939 1435 3990 ut
1464 3935 1584 3989 hmo
1628 3935 1792 3990 Gesta
1822 3935 2066 4006 inspice-

364 4027 491 4078 rent
520 4040 533 4076 :
568 4027 624 4077 et
660 4022 720 4076 in
749 4038 809 4076 re
839 4021 985 4076 tanti
1020 4021 1301 4076 momenti
1330 4021 1411 4076 eis
1440 4021 1780 4078 inculcanda
1807 4022 2068 4092 pluribus

364 4113 720 4167 immoratur.
773 4113 901 4182 Ipso
949 4110 1203 4180 epistolae
1249 4127 1369 4164 sua:
1413 4111 1643 4165 exordio
1683 4127 1799 4166 non
1829 4112 2066 4166 obscure

364 4201 596 4260 indicat,
623 4215 786 4270 posse
803 4216 835 4252 a
854 4199 1147 4253 nonnullis
1176 4199 1514 4268 improbari,
1539 4200 1688 4270 quod
1713 4200 1782 4254 ad
1806 4199 2068 4254 homines

365 4307 396 4343 a
425 4287 699 4344 catholica
737 4285 1138 4342 communione
1165 4286 1379 4341 alienos
1408 4287 1478 4341 de
1508 4288 1705 4342 salutis
1735 4304 1930 4342 eorum
1967 4305 2066 4343 ne-

365 4377 518 4449 gotio
552 4376 850 4442 scriberet;
882 4375 981 4447 qui
1028 4378 1220 4429 tamen
1259 4375 1586 4446 probarent,
1616 4375 1661 4429 si
1683 4376 1753 4430 de
1783 4377 2066 4431 saeculari-

365 4467 472 4520 bus
511 4464 756 4536 negotiis
785 4464 843 4518 id
874 4467 1170 4535 praestaret
1203 4479 1216 4516 :
1254 4467 1428 4532 Usque
1447 4465 1598 4533 adeo,
1631 4464 1839 4535 inquit,
1870 4468 2066 4521 clam-us

363 4561 441 4609 est
467 4555 553 4609 hic
581 4554 814 4608 mundus
847 4553 1170 4619 hominibus,
1206 4558 1257 4608 et
1283 4555 1499 4608 sibimet
1526 4556 1637 4623 ipsi
1663 4555 1966 4609 viluerunt!
1994 4557 2066 4610 En

364 4641 636 4695 libentius
681 4642 752 4696 ad
793 4642 961 4696 hosce
991 4641 1311 4696 Donatistas
1341 4641 1640 4711 scribebat,
1674 4660 1789 4714 quo
1820 4660 2063 4715 propen-

363 4730 539 4784 siores
579 4745 676 4785 eos
714 4729 944 4786 videbat
990 4730 1060 4786 ad
1104 4730 1401 4785 veritatem
1443 4747 1509 4786 ex
1538 4731 1728 4787 animo
1766 4731 2062 4805 inquiren-

363 4819 512 4884 dam,
557 4822 622 4873 ut
664 4818 878 4875 sincere
911 4835 1058 4888 eam,
1090 4819 1310 4886 relicto,
1344 4836 1516 4890 quem
1549 4838 1578 4874 a
1607 4821 1945 4891 parentibus
1973 4838 2062 4876 ac—

363 4907 660 4978 cepissent,
689 4924 902 4976 errore,
933 4911 1302 4964 sectarentur.
1329 4908 1801 4965 Enimveroillius
1824 4911 2064 4982 epistola

363 4995 432 5050 de
464 4995 766 5066 colloquio,
801 4997 958 5068 quod
986 5013 1113 5052 cum
1148 4998 1417 5053 Fortunio
1446 4999 1667 5068 habuit,
1695 4999 1830 5054 satis
1849 4999 2063 5054 indicat

362 5101 456 5140 eos
483 5100 602 5140 non
632 5084 806 5140 fuisse
836 5102 869 5140 a
895 5087 1198 5142 concordia
1228 5091 1284 5141 et
1311 5103 1449 5158 pace
1480 5087 1720 5142 alienos.
1756 5087 2063 5158 Epistolam

360 5174 418 5228 in
449 5175 572 5229 haec
607 5175 778 5230 verba
818 5175 1106 5230 concludit
1151 5191 1164 5230 :
1208 5178 1334 5230 Erit
1361 5181 1538 5230 autem
1566 5177 1716 5230 vobis
1755 5178 1841 5230 hic
1869 5191 2059 5244 sermo,

361 5280 515 5332 quem
541 5265 607 5319 de
629 5280 847 5319 munere
864 5267 961 5319 Dei
979 5268 1126 5319 novit
1149 5268 1284 5334 ipse,
1317 5271 1525 5334 quanta
1553 5270 1604 5320 et
1625 5267 1782 5335 pacis
1806 5271 1857 5320 et
1883 5271 2062 5321 vestra

360 5355 643 5409 dilectione
687 5355 1137 5426 deprompsimus,
1169 5358 1423 5410 correctio
1452 5357 1503 5410 si
1535 5355 1733 5421 velitis,
1767 5357 1915 5410 testis
1939 5371 2062 5411 vero

362 5446 462 5498 ι’ιεί
489 5445 691 5500 nolitis.

521 5534 782 5590 Nondum
812 5533 1034 5589 veritati
1067 5533 1257 5589 animo
1287 5536 1405 5588 tam
1440 5530 1660 5585 infenso
1691 5531 2062 5588 adversaban-

3775 275 3883 324 276

2172 397 2266 447 tur
2302 392 2630 460 Donatistm,
2679 407 2743 445 ac
2785 390 3028 462 proinde
3059 391 3280 462 priores
3310 392 3492 447 adhuc
3521 393 3886 465 episcopatus

2172 498 2353 536 annos
2381 481 2583 553 agebat
2613 480 2982 552 llugustinus,
3017 497 3146 534 cum
3180 481 3503 536 Honoratus
3528 482 3683 536 illius
3706 482 3887 552 partis

2173 571 2493 642 episcopus,
2527 574 2582 624 et
2613 569 2859 641 Hippoui
2890 569 3127 636 vicinus,
3161 569 3500 640 signiﬁcavit
3531 571 3581 625 ei
3611 587 3718 642 per
3746 573 3888 625 Ero-

2174 665 2310 724 tem,
2363 676 2420 713 se
2457 658 2696 713 libenter
2739 673 2868 712 cum
2918 657 3042 730 ipso
3088 674 3193 728 per
3235 657 3452 713 litteras
3476 659 3546 714 de
3577 660 3886 714 schismate

2175 749 2533 814 collaturum,
2566 751 2630 802 ut
2673 747 2742 801 de
2783 762 2844 801 re
2888 746 3032 800 tanti
3063 747 3364 814 momenti,
3390 763 3462 802 ea
3486 764 3600 819 qua
3630 765 3738 820 par
3765 753 3890 802 erat

2176 837 2408 892 lenitate
2439 841 2494 890 et
2539 835 2716 890 animi
2744 834 3158 906 tranquillitate
3207 836 3568 891 dissererent.
3606 836 3890 908 Augusti-

2176 941 2307 994 nus,
2337 924 2437 996 qui
2459 925 2581 995 jam
2611 923 2838 995 pridem
2864 923 3018 978 illius
3037 923 3384 996 colloquium
3409 926 3731 996 expetebat,
3762 925 3892 996 ejus

2177 1014 2286 1068 sibi
2331 1012 2634 1068 consilium
2664 1013 2911 1067 multum
2943 1013 3168 1083 placere
3195 1012 3485 1082 rescripsit
3521 1029 3533 1067 :
3568 1018 3626 1068 et
3651 1018 3722 1068 ut
3748 1029 3889 1068 cau-

2177 1118 2293 1156 sam
2309 1101 3152 1173 aggrederetur,demonstravit
3174 1101 3438 1172 ipsi,cum
3463 1102 3761 1174 Scriptura
3781 1119 3890 1157 no-

2175 1191 2263 1246 bis
2291 1190 2631 1261 polliceatur
2657 1189 2959 1244 Ecclesiam
2990 1189 3088 1244 Dei
3109 1205 3211 1261 per
3231 1191 3430 1245 orbem
3450 1193 3740 1246 terrarum
3763 1208 3889 1245 esse

2178 1279 2629 1348 dilfundendam,
2659 1278 2806 1333 hanc
2834 1279 3196 1350 prophetiam
3226 1278 3286 1332 in
3331 1280 3574 1334 Ecclesia
3604 1280 3888 1335 catholica

2178 1367 2474 1438 compleri.
2505 1367 2720 1432 Quaerit
2747 1367 2962 1439 itaque,
2993 1371 3058 1422 ut
3081 1367 3426 1439 respondere
3447 1385 3564 1422 non
3586 1373 3886 1439 gravetur,

2179 1474 2290 1528 quo
2324 1459 2510 1528 pacto,
2543 1471 2672 1510 cum
2704 1455 2781 1510 ita
2811 1472 2868 1510 se
2908 1472 2998 1510 res
3027 1455 3254 1525 habeat,
3285 1472 3418 1527 pars
3462 1457 3666 1512 Donati
3707 1461 3892 1529 possit

2178 1562 2297 1602 esse
2343 1544 2585 1599 Ecclesia
2635 1545 2733 1599 illa
2761 1544 3032 1599 divinitus
3066 1545 3472 1615 praenuntiata,
3506 1550 3562 1601 et
3586 1549 3889 1618 quomodo

2178 1634 2430 1689 Christus
2457 1632 2854 1688 haereditatem
2883 1649 3048 1688 suam
3077 1633 3136 1688 in
3163 1638 3284 1688 toto
3301 1637 3586 1689 terrarum
3608 1636 3750 1691 orbe
3775 1635 3887 1690 sibi

2175 1722 2514 1794 promissam
2545 1721 2623 1776 sic
2660 1722 2923 1776 amittere
2963 1722 3262 1792 potuisset,
3305 1727 3372 1778 ut
3402 1723 3458 1778 in
3495 1740 3611 1778 una
3660 1725 3889 1780 solum-

2177 1811 2343 1865 modo
2365 1810 2568 1865 Africas
2597 1815 2757 1882 parte
2783 1810 3054 1865 resideret
3087 1811 3285 1881 (Epist.
3318 1815 3409 1880 49,
3439 1827 3502 1867 n.
3548 1812 3617 1883 1).

2248 1901 2298 1953 6.
2336 1899 2663 1953 Notavimus
2692 1914 2884 1965 supra,
2917 1915 3045 1954 cum
3088 1900 3394 1955 Fortunius
3422 1901 3643 1956 veniret
3671 1902 3744 1957 ad
3772 1905 3889 1956 Au-

2176 1987 2490 2059 gustinum,
2515 1988 2584 2042 ab
2605 1988 2711 2042 hoc
2733 1992 2926 2043 sancto
2941 1989 3186 2043 Prtesule
3203 1989 3469 2060 Maiorem
3485 1989 3884 2046 Coelicolarum

2177 2076 2419 2130 accitum
2451 2076 2643 2140 fuisse,
2675 2081 2737 2130 ut
2764 2093 2893 2131 cum
2919 2077 3017 2131 illo
3047 2077 3260 2148 aliquid
3298 2078 3631 2148 loqueretur
3673 2081 3879 2150 (Epist.

2176 2167 2264 2232 44,
2315 2181 2360 2219 c.
2405 2167 2458 2231 6,
2497 2181 2554 2219 η.
2601 2164 2704 2235 13).
2749 2166 2934 2220 Exstat
2975 2166 3179 2220 horum
3223 2166 3617 2222 leicolarum
3666 2183 3882 2223 nomen

2175 2253 2234 2307 in
2282 2253 2626 2324 quibusdam
2674 2253 2892 2322 legibus
2946 2253 3178 2308 Honorii
3219 2255 3461 2324 Augusti
3501 2255 3644 2320 (Cod.
3679 2256 3879 2308 Theod.

2177 2342 2242 2396 de
2266 2345 2483 2410 Haeret,
2512 2343 2621 2409 lege
2649 2345 2737 2410 43,
2765 2347 2814 2396 et
2843 2343 2907 2396 de
2932 2343 3072 2396 Jud.
3109 2344 3294 2399 C(rlic.
3334 2359 3417 2397 ac.
3444 2343 3590 2400 Sam.
3616 2344 3728 2412 lege
3762 2344 3881 2412 l9);

2177 2447 2281 2486 nec
2310 2431 2444 2484 satis
2489 2431 2689 2502 liquet,
2739 2431 2974 2502 quinam
3004 2430 3086 2485 illi
3115 2431 3350 2486 fuerint.
3381 2433 3634 2503 Apparet
3661 2435 3880 2498 tamen,

2177 2535 2296 2573 non
2344 2519 2517 2573 fuisse
2571 2523 2782 2574 sectam
2835 2520 3257 2587 haereticorum,
3311 2536 3500 2591 neque
3552 2521 3881 2589 hominum,

2178 2607 2504 2679 opinamur,
2533 2607 2934 2680 quiJudaicam
2955 2609 3371 2679 professionem
3385 2624 3515 2663 cum
3537 2609 3881 2675 Christiana,

2177 2697 2322 2750 sicut
2352 2696 2623 2764 Nazaraai,
2671 2697 3078 2764 consociantes,
3131 2697 3585 2752 Christianorum
3623 2697 3734 2752 sibi
3784 2715 3883 2752 no-

2177 2802 2307 2840 men
2339 2789 2674 2857 arrogarent
2707 2801 2719 2839 :
2752 2801 2883 2840 cum
2913 2786 3284 2857 Augustinus,
3316 2786 3416 2857 qui
3444 2802 3538 2841 eos
3571 2786 3749 2858 probe
3778 2803 3882 2841 uo-

2174 2879 2356 2944 verat,
2388 2874 2447 2928 in
2477 2890 2578 2929 suo
2609 2875 2754 2929 libro
2788 2875 2857 2929 de
2890 2875 3222 2940 Haeresibus,
3259 2875 3490 2930 illorum
3521 2875 3881 2930 mentionem

2176 2979 2288 3017 non
2333 2963 2547 3017 fecerit.
2585 2963 2869 3017 Honorius
2907 2962 2970 3017 in
3000 2963 3221 3034 legibus
3250 2980 3400 3018 anno
3430 2963 3882 3035 quadringente-

2178 3052 2319 3106 simo
2352 3056 2547 3106 octavo
2587 3055 2643 3106 et
2685 3052 3246 3123 quadringentesimo
3277 3068 3427 3107 nono
3471 3053 3617 3120 latis,
3652 3053 3885 3108 Coelico-

2178 3143 2259 3195 las
2295 3141 2486 3212 arguit
2525 3141 2656 3196 novi
2685 3141 2986 3212 dogmatis,
3021 3158 3184 3197 nova:
3213 3142 3654 3213 superstitionis,
3687 3147 3745 3196 et
3775 3159 3879 3196 no-

2177 3229 2347 3284 minis
2377 3230 2650 3284 hactenus
2675 3229 2934 3285 inauditi.
2967 3229 3113 3285 Fieri
3156 3230 3310 3285 enim
3339 3231 3541 3301 potuit,
3579 3234 3640 3285 ut
3669 3247 3885 3301 paucos

2176 3323 2307 3372 ante
2334 3335 2513 3373 annos
2543 3335 2600 3372 se
2629 3334 2731 3389 per
2769 3318 3132 3373 Occidentem
3180 3323 3612 3390 propagassent,
3657 3323 3782 3390 aut-
3802 3319 3884 3374 ibi

2177 3403 2584 3477 primigenium
2613 3422 2777 3460 suum
2809 3423 3023 3461 nomen
3051 3406 3287 3461 nomine
3305 3407 3699 3463 Coelicolarum
3729 3425 3884 3462 com-

2177 3499 2508 3550 mutassent.
2549 3497 2830 3550 Praeterea
2877 3495 3147 3550 discimus
3193 3495 3263 3550 ab
3305 3496 3643 3566 Augustino,
3676 3512 3882 3552 eorum

2176 3584 2617 3655 antesignanum
2664 3599 2763 3638 seu
2795 3585 3083 3655 Majorem,
3118 3588 3183 3640 ut
3209 3589 3391 3651 vocat,
3423 3601 3594 3657 quem
3621 3583 3746 3654 ipse
3778 3587 3888 3640 Tu-

2177 3673 2402 3728 bursico
2449 3672 2731 3727 transiens
2780 3673 3056 3742 accersiit,
3121 3689 3335 3728 novum
3383 3673 3648 3744 baptismi
3702 3691 3888 3745 genus

2175 3763 2328 3834 apud
2355 3777 2449 3816 eos
2478 3761 2792 3816 instituisse
2824 3779 2836 3816 :
2872 3779 2986 3834 quo
3004 3761 3302 3833 sacrilegio
3316 3763 3433 3833 jam
3458 3762 3885 3834 permultosille

2175 3852 2472 3906 seduxerat
2494 3851 2691 3921 (Epist.
2715 3853 2865 3918 44,σ.
2883 3855 3005 3919 6,η.
3027 3853 3111 3923 13)
3127 3893 3139 3907 .
3174 3853 3532 3923 Quapropter
3551 3851 3885 3922 hujusmodi

2176 3943 2347 4006 secta,
2378 3955 2507 4010 quae
2531 3939 2810 4009 quamdiu
2833 3940 2975 3994 nihil
2993 3941 3361 4011 conjunctum
3383 3943 3551 4012 atque
3573 3956 3885 3996 commune

2177 4043 2305 4081 cum
2337 4025 2584 4082 Ecclesia
2612 4026 2869 4094 haberet,
2903 4028 2961 4082 in
2995 4030 3152 4084 nullo
3181 4030 3361 4085 ferme
3401 4045 3640 4084 numero
3669 4029 3883 4096 fuerat,

2176 4133 2242 4172 eo
2267 4116 2636 4189 postmodum
2668 4117 2952 4172 exitialior
2971 4118 3250 4188 exstituit,
3277 4135 3393 4190 quo
3413 4119 3648 4190 propius
3663 4119 3737 4174 ad
3751 4135 3881 4174 eam

2176 4206 2493 4272 accedebat,
2526 4208 2582 4260 et
2609 4204 2764 4260 illius
2797 4211 3148 4262 sacramenta
3176 4208 3433 4263 tentabat
3469 4223 3769 4279 usurpare.

2841 4295 3065 4350 CAPUT
3102 4297 3210 4351 XV.

2178 4388 2196 4439 1
2229 4383 2572 4452 Augustinus
2601 4384 2676 4438 ad
2704 4384 3015 4439 Eudoaium
3044 4384 3287 4439 abbatem
3310 4384 3514 4441 scribit.
3538 4386 3572 4438 2
3594 4384 3882 4441 Conciona-

2245 4477 2336 4526 tur
2380 4473 2640 4527 adversus
2670 4474 3006 4529 Christianos
3039 4475 3136 4541 qui
3162 4475 3399 4540 Paganis
3430 4475 3489 4527 in
3515 4487 3694 4527 eorum
3737 4473 3880 4526 sole-

2243 4561 2564 4616 mnitatibus
2599 4561 2996 4630 adjunguntur.
3031 4564 3060 4616 3
3087 4562 3450 4617 Simulacrum
3479 4561 3722 4616 Herculis
3752 4561 3883 4617 Car-

2247 4651 2466 4718 thagine
2503 4665 2625 4706 cum
2648 4649 2901 4705 dedecore
2928 4654 3238 4705 tractatum.
3275 4655 3300 4704 4
3333 4651 3615 4706 Publicolae
3639 4653 3882 4720 quastio-

2243 4753 2333 4792 nes
2362 4739 2666 4794 solvuntur.

2249 4831 2296 4880 1.
2329 4825 2490 4883 Gildo
2536 4827 2641 4882 sub
2673 4825 2912 4882 Comitis
2961 4830 3018 4881 et
3051 4826 3301 4898 Magistri
3334 4825 3553 4882 militias
3583 4824 3748 4881 titulo
3779 4841 3882 4897 per

2173 4914 2370 4970 decem
2418 4918 2517 4970 aut
2563 4915 2864 4970 duodecim
2913 4931 3095 4970 annos
3122 4931 3316 4970 rerum
3345 4915 3537 4986 potius
3567 4914 3628 4969 in
3666 4914 3879 4982 Africa,

2174 5007 2416 5058 exeunte
2463 5019 2615 5058 anno
2657 5002 3058 5058 trecentesimo
3105 5003 3478 5074 nonagesimo
3510 5002 3774 5074 septimo,
3809 5003 3880 5056 ab

2175 5090 2425 5146 Honorio
2455 5091 2660 5146 defecit
2688 5108 2756 5147 eo
2788 5092 3048 5159 obtentu,
3079 5095 3146 5145 ut
3171 5091 3418 5146 Africam
3451 5089 3509 5145 in
3537 5089 3766 5147 Arcadii
3797 5088 3882 5146 di-

2169 5179 2388 5234 tionem
2419 5181 2750 5236 transferret
2783 5197 2795 5236 :
2829 5181 2924 5235 sed
2955 5180 3217 5251 proximo
3248 5197 3377 5235 vere
3407 5180 3638 5235 ineunte
3679 5180 3883 5236 Nasce-

2171 5268 2254 5322 zel
2303 5269 2426 5338 ejus
2456 5268 2630 5323 frater
2659 5284 2789 5324 cum
2837 5269 3015 5340 copiis
3045 5269 3114 5323 ab
3146 5269 3308 5324 Italia
3333 5269 3558 5331 missus,
3593 5267 3880 5339 insignem

2172 5357 2242 5412 de
2287 5355 2384 5412 illo
2427 5357 2721 5413 victoriam
2753 5357 2946 5412 divina
2991 5374 3098 5430 ope
3140 5357 3407 5413 obtinuit.
3443 5359 3573 5412 Post
3619 5358 3743 5427 ejus
3773 5357 3883 5412 cla-

2171 5445 2298 5500 dem
2318 5447 2554 5516 Optatus
2580 5447 3066 5518 Thamugadensis
3083 5446 3385 5519 episcopus
3409 5446 3882 5514 Donatista,unus

2170 5552 2202 5590 e
2218 5535 2503 5606 primariis
2525 5535 2678 5591 illius
2704 5535 3062 5604 satellitibus,
3086 5537 3142 5591 in
3167 5552 3449 5593 carcerem
3472 5536 3882 5604 detrusus,illic
