4060 6352
110 283 212 334 277

108 404 437 460 exstinctus
465 407 568 460 est.
603 402 912 460 Petilianus
952 402 1200 475 partium
1251 401 1673 458 Donatistarum
1717 402 1834 473 epi-

107 511 323 565 seopus
356 493 744 564 Augustinum
774 497 971 564 postea
998 492 1370 559 insimulavit,
1398 492 1549 563 quod
1578 492 1648 546 ad
1679 491 1832 545 illius

107 583 553 637 damnationem
570 599 672 637 sua
691 582 925 637 consilia
940 581 1271 636 contulisset
1294 581 1465 652 (Cont.
1486 582 1619 635 Litt.
1648 581 1830 644 Petil.,

107 672 203 726 lib.
240 674 297 738 3,
332 688 391 727 c.
426 674 513 737 40,
546 688 602 725 η.
634 672 743 741 48.)
775 673 918 726 Tum
949 687 1101 737 vero,
1130 686 1258 723 eum
1290 669 1351 723 iu
1379 668 1624 724 Africam
1668 669 1833 723 solvit

107 762 410 829 Maseezel,
430 760 742 815 monachos
755 761 978 831 aliquot
997 758 1280 829 Caprariaa
1300 757 1524 825 insulae,
1548 756 1828 812 Etruriam

108 850 262 904 inter
302 854 365 905 et
407 849 659 905 Corsiam
700 849 840 914 sitae,
873 863 1065 902 secum
1095 847 1405 902 adduxerat
1432 847 1628 917 (Oros.,
1660 849 1827 913 Hist,

107 940 203 992 tib.
226 942 287 1006 7,
316 954 445 1008 cap.
476 937 581 1005 36).
607 936 881 992 Fortassis
902 935 987 991 illi
1011 936 1120 1006 ipsi
1145 940 1296 1003 sunt,
1320 935 1388 990 de
1409 935 1616 1007 quibus
1636 937 1829 1007 Augu-

108 1026 296 1081 stinus
326 1027 393 1081 in
425 1026 661 1098 epistola
690 1026 759 1080 ad
779 1025 1092 1080 Eudoxium
1115 1024 1378 1078 abbatem
1400 1028 1455 1078 et
1480 1024 1601 1095 ejus
1622 1024 1828 1078 fratres

108 1115 444 1185 conscripta
474 1114 729 1186 loquitur
752 1111 949 1184 (Epist.
973 1115 1063 1179 48,
1082 1129 1139 1168 η.
1161 1115 1237 1181 4).
1260 1114 1520 1167 Testatur
1547 1128 1743 1167 eorum
1769 1129 1827 1166 se

109 1207 394 1277 pietatem
440 1203 695 1275 primum
724 1219 791 1257 ex
821 1203 993 1268 fama,
1027 1202 1157 1256 dein
1187 1218 1254 1256 ex
1284 1201 1559 1256 relatione
1592 1202 1830 1256 Eustasii
1879 1196 1890 1207 ’

112 1298 163 1347 et
195 1293 451 1348 Andrea:
481 1292 739 1347 didicisse
778 1308 790 1346 :
819 1291 918 1363 qui
944 1307 1010 1346 ex
1041 1306 1242 1345 eorum
1266 1290 1610 1345 monasterio
1638 1290 1826 1362 profe-

112 1382 205 1448 cti,
257 1381 485 1436 bonum
539 1380 695 1435 illius
738 1380 970 1435 odorem
1019 1378 1080 1433 in
1125 1379 1371 1434 Africam
1412 1379 1743 1448 attulerant,
1773 1382 1829 1433 et

116 1473 378 1524 sanctam
407 1485 607 1524 eorum
627 1469 1115 1524 conversationem
1143 1468 1521 1538 divulgarant.
1549 1466 1827 1522 Certiores

114 1575 211 1613 eos
256 1558 399 1614 fecit
430 1558 622 1613 obitus
653 1556 908 1622 Eustasii,
941 1556 1040 1628 qui
1068 1572 1188 1611 non
1221 1555 1466 1627 amplius
1498 1555 1824 1626 Caprariam

114 1647 494 1714 desideraret,
523 1646 659 1718 quia
682 1662 786 1701 nec
815 1644 998 1701 cilicio
1009 1646 1131 1717 jam
1162 1648 1446 1715 quaereret
1463 1644 1641 1699 indui.
1668 1645 1826 1699 Unde

113 1738 387 1809 colligere
432 1737 584 1803 licet,
620 1735 857 1791 Eudoxii
904 1734 1335 1800 monasterium,
1370 1750 1434 1788 ex
1480 1749 1593 1805 quo
1626 1734 1827 1788 Eusta—

116 1827 229 1880 sius
259 1829 409 1887 erat,
442 1826 504 1880 in
543 1841 609 1879 ea
639 1824 811 1879 situm
849 1823 1021 1877 fuisse
1050 1823 1256 1877 insula.
1292 1824 1432 1876 Hinc
1460 1821 1828 1893 consequitur

116 1920 168 1968 et
211 1914 382 1977 illud,
426 1912 744 1977 monachis,
791 1915 890 1966 aut
936 1916 1088 1966 certe
1139 1909 1391 1966 Eustasio
1437 1910 1524 1965 illi
1572 1912 1825 1966 solemne

118 2003 288 2057 fuisse
329 2001 520 2056 cilicio
570 2017 636 2055 ex
682 1999 927 2072 caprinis
957 1999 1089 2070 pilis
1118 2002 1379 2053 contexto
1418 1998 1599 2053 indui.
1627 2000 1829 2069 Augu-

116 2093 299 2146 stinus
347 2090 534 2161 igitur
562 2089 814 2145 Eudoxio
859 2088 1095 2159 ejusque
1133 2087 1425 2142 monachis
1473 2087 1674 2159 aperit,
1708 2103 1820 2159 quo

116 2186 369 2236 sanctam
406 2195 605 2234 eorum
637 2178 889 2250 quietem
921 2178 1114 2231 animo
1144 2177 1460 2248 affectuque
1490 2176 1734 2248 cogitet:
1760 2176 1828 2231 i1-

119 2274 301 2325 lerum
336 2285 538 2340 preces
581 2267 875 2338 efﬂagitat,
908 2271 966 2321 et
1004 2282 1118 2338 quo
1159 2265 1503 2320 efﬁcaciores
1550 2265 1685 2334 sint,
1714 2264 1826 2335 piis

117 2357 635 2425 adhortationibus,
659 2356 867 2427 quibus
887 2355 1014 2409 illos
1040 2354 1109 2409 ad
1134 2355 1449 2425 profectum
1481 2358 1536 2408 et
1576 2370 1828 2424 perseve-

124 2448 366 2502 rantiam
400 2445 752 2511 exstimulat,
786 2460 878 2499 eas
924 2443 1206 2497 demereri
1235 2443 1440 2497 studet.
1476 2442 1614 2497 Illos
1641 2442 1826 2513 potis-

121 2537 326 2590 simum
384 2538 599 2601 monet,
631 2538 694 2588 ut
744 2532 804 2586 in
858 2532 1123 2586 omnibus
1178 2531 1343 2585 bonis
1393 2531 1658 2602 operibus
1712 2531 1827 2585 suis

119 2640 289 2678 unam
334 2623 437 2678 Dei
486 2621 728 2694 gloriam
769 2624 1051 2691 spectent;
1085 2620 1166 2675 ita
1204 2618 1318 2673 sint
1356 2618 1681 2673 solitudinis
1710 2626 1824 2674 stu-

120 2712 282 2778 diosi,
314 2717 383 2767 ut
420 2727 528 2766 nec
568 2728 665 2765 eos
697 2709 863 2764 avida
894 2710 1060 2763 elatio
1102 2708 1167 2763 ad
1201 2709 1610 2779 capessendum
1638 2709 1825 2762 Eccle-

122 2801 333 2856 siarum
376 2799 636 2871 reginem
676 2798 810 2853 inde
846 2799 1125 2867 detrahat,
1155 2813 1261 2851 nec
1301 2797 1366 2851 ad
1408 2796 1665 2851 Ecclesia:
1698 2813 1825 2850 mu-

123 2891 210 2943 nia
261 2893 493 2944 vocatos
545 2887 842 2943 blandiens
898 2886 1117 2942 desidia
1175 2884 1420 2939 retineat
1478 2886 1673 2953 (Epist.
1730 2886 1818 2950 48,

123 2996 212 3033 1m.
245 2984 299 3046 2,
336 2978 410 3049 3).

190 3072 241 3123 2.
277 3069 394 3122 Hoc
424 3066 572 3137 ipso,
600 3068 664 3121 ut
687 3065 928 3130 videtur,
961 3078 1109 3117 anno
1139 3059 1539 3115 trecentesimo
1568 3075 1825 3131 nonage-

126 3156 265 3210 simo
293 3160 516 3221 octavo,
538 3157 687 3209 certe
708 3152 936 3225 quidem
965 3155 1093 3204 ante
1112 3166 1324 3203 annum
1357 3149 1822 3219 subsequentem,

80 3226 89 3236 ’
126 3243 347 3297 habitus
378 3247 465 3297 est
488 3241 735 3298 eximius
759 3240 856 3294 ille
896 3254 1098 3303 sermo,
1135 3254 1248 3309 quo
1283 3236 1634 3308 Augustinus
1664 3236 1825 3290 Chri-

133 3333 341 3387 stianos
387 3330 703 3401 redarguit,
736 3329 833 3401 qui
878 3345 947 3382 ne
987 3328 1045 3381 in
1083 3330 1411 3398 magnatum
1454 3324 1825 3380 offensionem

130 3420 508 3487 incurrerent,
532 3422 630 3473 aut
660 3418 727 3473 ab
758 3418 828 3473 iis
848 3417 1119 3489 injuriam
1140 3418 1496 3487 paterentur,
1515 3415 1824 3470 detrectare

129 3525 317 3564 eorum
343 3510 509 3581 jussa
535 3524 653 3563 non
682 3507 986 3576 audebant,
1006 3522 1135 3560 cum
1154 3505 1239 3559 illi
1269 3521 1326 3559 se
1348 3505 1418 3559 ab
1447 3504 1527 3559 eis
1557 3503 1626 3558 ad
1652 3503 1823 3557 simu-

129 3600 270 3653 lacra
296 3598 503 3654 deduci
532 3596 936 3669 praeciperent;
974 3612 1077 3649 nec
1102 3611 1234 3649 vero
1263 3595 1449 3648 solum
1479 3608 1574 3647 eos
1605 3592 1676 3646 ad
1697 3592 1829 3647 fana

130 3692 324 3743 euntes
356 3687 665 3758 stipabant,
695 3686 787 3740 sed
818 3700 948 3739 cum
978 3684 1088 3740 illis
1119 3682 1371 3737 etiamin
1400 3681 1572 3736 idolio
1603 3696 1828 3735 recum-

130 3775 353 3832 bebant.
399 3776 563 3841 Quod
610 3774 967 3829 ethnicorum
1009 3772 1254 3843 impium
1295 3786 1549 3826 errorem
1586 3768 1825 3835 fovebat,

132 3882 253 3920 cum
291 3865 381 3919 vel
425 3866 496 3920 ab
534 3863 672 3935 ipsis
701 3862 1037 3919 Christianis
1074 3861 1229 3916 idola
1258 3877 1360 3914 sua
1397 3857 1670 3913 honorari
1698 3873 1828 3910 con-

135 3954 432 4024 spicerent.
467 3952 556 4008 Sic
587 3951 773 4006 omnis
804 3950 899 4003 ille
928 3949 1109 4016 labor,
1143 3965 1315 4021 quem
1342 3948 1403 4002 in
1432 3944 1831 4001 convertendis

133 4042 437 4098 Gentilium
483 4039 741 4110 reliquiis
782 4038 1172 4109 inpendebant
1200 4035 1471 4107 episcopi,
1502 4051 1652 4101 saepe
1700 4031 1830 4086 irri-

132 4135 214 4185 tus
238 4135 380 4187 erat.
421 4128 565 4183 Nam
597 4127 811 4199 Pagani
838 4128 1113 4182 horumce
1155 4124 1610 4180 Christianorum
1638 4138 1832 4177 exem-

135 4221 219 4291 plo
245 4216 575 4276 conﬁrmati
605 4216 866 4272 dicebant
890 4216 1041 4269 intra
1073 4231 1129 4269 se
1156 4231 1168 4269 :
1204 4215 1388 4279 Quare
1417 4228 1523 4267 nos
1549 4212 1838 4282 relinqua-

134 4324 253 4363 mus
280 4309 441 4375 deos,
475 4323 617 4379 quos
648 4305 953 4361 Christiani
981 4304 1091 4375 ipsi
1120 4303 1417 4358 nobiscum
1450 4302 1835 4355 venerantur?

136 4397 193 4450 In
221 4397 308 4451 his
338 4400 615 4467 praeterea
653 4393 923 4447 conviviis
959 4392 1261 4447 Christiani
1297 4396 1354 4445 et
1389 4390 1747 4462 blasphemas
1776 4388 1834 4442 in

136 4483 417 4537 Christum
467 4497 630 4536 voces
671 4495 950 4547 evomere,
985 4485 1041 4534 et
1070 4481 1192 4550 ejus
1240 4477 1593 4534 divinitatem
1635 4477 1693 4531 in
1726 4477 1830 4530 du-

136 4571 289 4626 bium
318 4587 514 4626 vocare
542 4569 850 4624 discebant.
886 4571 1001 4623 Hoc
1040 4568 1307 4623 seandalo
1346 4572 1643 4639 permotus
1670 4566 1837 4620 vehe-

137 4665 351 4715 menter
397 4660 770 4731 Augustinus,
815 4659 882 4713 de
921 4658 1019 4712 illo
1061 4673 1174 4729 qua
1212 4656 1396 4728 potuit
1435 4655 1690 4724 lenitate,
1724 4643 1835 4708 aeri

138 4753 320 4804 tamen
369 4754 427 4803 et
481 4747 639 4819 gravi
682 4746 941 4801 oratione
982 4750 1327 4817 conquestus
1376 4748 1460 4797 est
1484 4744 1681 4814 (Serm.
1717 4745 1835 4807 62};

140 4842 191 4892 et
226 4838 456 4910 quidem
499 4835 862 4907 Carthagine,
896 4840 960 4890 ut
1002 4835 1255 4899 videtur;
1282 4822 1419 4887 eum
1446 4831 1679 4885 alterius
1720 4846 1837 4883 ser-

144 4927 320 4981 monis
350 4927 702 4982 mentionem
728 4925 919 4993 faciat,
943 4941 1115 4997 quem
1145 4923 1341 4995 paucis
1370 4927 1498 4977 ante
1522 4921 1719 4976 diebus
1743 4921 1839 4972 1'-a-

142 5012 333 5069 buerat
361 5014 422 5068 in
454 5014 825 5085 Mappalihus,
860 5012 956 5067 ubi
995 5017 1210 5081 martyr
1241 5009 1553 5081 Cyprianus
1581 5007 1837 5079 quiesce-

144 5099 259 5158 bat.
303 5103 473 5157 Notat
500 5106 780 5174 praeterea
803 5102 907 5155 hos
938 5100 1283 5156 Christianos
1321 5099 1505 5153 dicere
1536 5097 1745 5161 solitos,
1780 5111 1838 5150 se

149 5204 256 5244 non
300 5192 450 5263 apud
492 5192 662 5245 falsos
702 5191 836 5246 deos
873 5190 1250 5258 discumbere,
1287 5188 1385 5242 sed
1427 5186 1575 5258 apud
1604 5186 1838 5256 genium

151 5278 514 5351 Carthaginis,
536 5296 760 5335 merum
791 5279 1061 5351 lapidem,
1086 5279 1186 5350 qui
1215 5283 1406 5333 tamen
1428 5277 1489 5330 in
1519 5276 1658 5330 deus
1675 5292 1707 5329 a
1727 5276 1835 5328 Pa-

152 5366 301 5433 ganis
330 5369 641 5436 colebatur,
672 5369 833 5440 cujus
863 5367 1121 5422 videlicet
1146 5370 1276 5421 ante
1306 5370 1553 5420 statuam
1591 5380 1691 5417 ara
1719 5366 1841 5417 erat

152 5455 336 5524 posita.
369 5460 541 5513 Docet
570 5457 784 5513 ibidem
830 5457 1205 5526 Augustinus,
1232 5456 1380 5510 hanc
1408 5455 1559 5509 viam
1590 5453 1661 5507 ad
1691 5454 1835 5507 Gen-

155 5543 271 5600 tiles
299 5546 601 5605 vincendos
631 5551 688 5603 et
717 5545 1046 5601 Christiana:
1087 5543 1218 5600 fidei
1251 5542 1638 5615 aggregandos
1677 5557 1834 5613 quasi

1595 278 1808 334 LIBER
1846 278 2196 345 QUARTUS.

1860 5656 1883 5675 δ

3534 294 3638 347 278

1942 405 2427 475 compendiariam
2455 424 2596 476 esse,
2619 407 2665 462 si
2693 408 2998 465 Christiani
3023 410 3411 467 solemnitates
3439 428 3637 467 eorum

1942 494 2224 561 deserant,
2272 513 2375 551 nec
2414 514 2472 551 se
2510 497 2735 552 illorum
2778 498 2948 569 nugis
2985 500 3381 555 immisceant:
3426 517 3559 572 quo,
3589 504 3642 557 si

1942 598 2047 639 non
2071 588 2406 641 consentiunt
2434 589 2654 642 veritati
2676 593 2889 651 nostra},
2924 588 3130 659 inquit,
3160 590 3472 645 erubescant
3488 606 3637 660 pau—

1943 674 2098 726 citati
2125 687 2252 729 suav.
2288 677 2352 729 In
2381 676 2488 730 hoc
2516 692 2777 731 sermone
2805 677 3096 747 cujusdam
3130 677 3413 745 meminit,
3440 677 3541 749 qui
3567 678 3638 733 ad

1941 760 2112 816 tidem
2168 778 2471 819 conversus
2526 764 2771 819 fundum
2826 765 3085 820 Ecclesiae
3134 765 3386 830 dederat,
3422 767 3484 820 in
3523 783 3637 838 quo

1942 855 2102 905 erant
2138 851 2290 905 idola
2331 868 2460 923 quin
2502 853 2689 924 frangi
2729 857 2977 925 cuperet.
3029 853 3317 908 Voluntati
3363 854 3485 923 ejus
3526 854 3637 908 cito

1941 938 2399 994 obsecundarunt
2454 941 2778 1009 Christiani,
2840 941 3214 997 frementibus
3267 942 3533 1010 Ethnicis,
3582 947 3640 998 et

1939 1029 2417 1098 conquerentibus
2438 1029 2592 1083 idola
2610 1030 2821 1100 passim
2845 1030 2915 1084 ab
2934 1030 3210 1101 episcopis
3231 1030 3645 1101 perfringenda.

1939 1116 2219 1187 conquiri.
2253 1118 2432 1188 Negat
2459 1118 2829 1188 Augustinus,
2862 1134 3119 1172 asserens
3147 1120 3267 1173 loca
3306 1135 3428 1173 esse
3456 1119 3635 1190 pluri-

1938 1219 2030 1257 ma
2060 1204 2122 1259 in
2170 1204 2378 1275 quibus
2408 1206 2620 1261 scirent
2649 1222 2769 1261 esse
2815 1207 3137 1275 simulacra,
3171 1224 3299 1278 quae
3337 1210 3529 1263 tamen
3555 1207 3639 1261 in-

1938 1296 2086 1346 tacta
2130 1293 2541 1364 relinquerent,
2574 1295 2725 1365 quod
2756 1310 2823 1348 ea
2875 1296 3022 1349 Deus
3068 1295 3336 1366 potestati
3378 1295 3637 1366 ipsorum

1937 1396 2051 1435 non
2096 1382 2481 1452 permisisset;
2509 1382 2651 1437 nihil
2697 1399 2794 1437 eos
2836 1383 3085 1454 aggredi,
3116 1384 3186 1437 de
3231 1399 3344 1454 quo
3382 1384 3637 1439 locorum

1938 1466 2159 1522 domini
2201 1468 2474 1539 conqueri
2529 1469 2777 1540 possint;
2826 1469 2986 1540 prius
3039 1485 3209 1539 agere
3253 1473 3319 1524 ut
3373 1470 3526 1524 idola
3576 1469 3637 1524 in

1938 1573 2138 1611 eorum
2192 1558 2359 1612 corde
2412 1558 2716 1629 frangant:
2756 1574 2863 1629 pro
2911 1558 3211 1613 hominum
3267 1558 3636 1613 conversione

1938 1648 2117 1701 Deum
2149 1646 2440 1717 deprecari
2470 1663 2483 1701 :
2515 1647 2584 1701 ab
2615 1646 2861 1701 dominis
2899 1648 3155 1701 locorum
3204 1647 3272 1702 ad
3302 1647 3471 1701 fidem
3504 1663 3638 1701 con-

1934 1733 2112 1788 versis
2138 1738 2364 1805 rogatos
2406 1734 2559 1789 idola
2596 1734 2654 1788 in
2710 1735 2789 1788 eis
2827 1740 3053 1806 reperta
3090 1734 3479 1804 confringere;
3506 1750 3636 1788 reos

1935 1822 2055 1876 fore
2095 1823 2140 1875 si
2182 1822 2414 1877 desint:
2454 1822 2663 1893 saepius
2700 1823 2770 1876 ab
2818 1823 3075 1892 ipsismet
3119 1838 3312 1876 recens
3350 1821 3636 1876 conversis

1936 1911 2087 1965 idola
2115 1911 2427 1966 comminui
2451 1928 2464 1966 :
2488 1926 2795 1982 pravorum
2825 1910 3123 1965 hominum
3154 1926 3277 1965 esse
3306 1914 3362 1964 et
3391 1910 3632 1964 furioso-

1935 2014 2064 2052 rum
2116 1998 2647 2053 Circumcellionum
2696 2015 2782 2067 ea,
2814 2015 2943 2069 quas
2981 2014 3093 2052 non
3127 2001 3256 2052 sunt
3300 1997 3361 2052 in
3402 1997 3634 2051 illorum

1935 2090 2233 2158 potestate,
2263 2088 2407 2140 velle
2453 2087 2700 2154 diruere,
2734 2103 2906 2158 seque
2947 2087 3076 2154 vitae.
3122 2087 3375 2158 periculo
3415 2092 3632 2141 temere

1936 2191 2244 2247 exponere.
2282 2178 2441 2230 Patet
2470 2175 2623 2243 inde,
2652 2176 2783 2231 licet
2818 2177 2876 2229 in
2908 2178 3164 2246 Paganos
3196 2176 3314 2246 jam
3348 2177 3499 2247 leges
3530 2176 3635 2229 ali-

1936 2265 2077 2330 quot
2105 2262 2231 2315 lata:
2277 2263 2536 2329 fuissent,
2569 2264 2828 2319 nondum
2866 2270 3058 2319 tamen
3103 2266 3441 2337 rescriptum
3470 2265 3629 2327 illud,

1936 2364 2051 2420 quo
2092 2352 2406 2421 Imperator
2450 2351 2753 2407 simulacra
2800 2354 3050 2408 tollenda
3090 2370 3211 2408 esse
3258 2353 3522 2420 decrevit,
3564 2353 3633 2407 de

1936 2454 2050 2509 quo
2082 2439 2258 2493 acturi
2286 2456 2502 2510 sumus,
2522 2457 2672 2495 anno
2702 2442 2966 2511 proximo
2991 2442 3163 2496 fuisse
3181 2443 3628 2513 promulgatum.

1937 2528 2075 2582 Nam
2109 2528 2179 2582 ab
2208 2529 2315 2584 hoc
2344 2529 2615 2600 rescripto
2653 2530 2751 2583 illa
2782 2531 3023 2601 Paganis
3053 2531 3282 2585 nonnisi
3313 2531 3632 2584 clanculum

1936 2632 2157 2670 servare
2186 2616 2363 2671 licuit.
2401 2618 2515 2673 Sub
2555 2619 2810 2687 ejusdem
2841 2619 3115 2672 sermonis
3162 2619 3333 2673 ﬁnem
3367 2619 3521 2689 loqui
3550 2617 3631 2671 vi-

1937 2705 2104 2759 detur
2134 2700 2202 2758 de
2234 2706 2390 2759 novis
2420 2706 2638 2777 aliquot
2668 2707 2888 2775 legibus
2931 2712 3127 2759 contra
3171 2707 3504 2772 Donatistas,
3538 2723 3634 2776 po-

1935 2793 2049 2846 tius
2078 2797 2268 2847 tamen
2302 2794 2362 2847 in
2400 2793 2769 2864 privatorum,
2799 2811 2971 2864 quam
3012 2795 3291 2848 universae
3333 2799 3495 2847 secta).
3537 2796 3634 2848 tla-

1936 2881 2075 2950 gitia
2100 2881 2252 2937 latis.
2288 2881 2493 2936 Scribit
2521 2882 2696 2949 enim,
2727 2882 3023 2936 haereticos
3054 2883 3258 2936 alicubi
3289 2899 3404 2936 sua:
3436 2883 3633 2953 impie-

1936 2969 2067 3023 tatis
2097 2973 2155 3023 et
2200 2970 2409 3024 furoris
2438 2986 2635 3036 poenas
2679 2987 2744 3024 ex
2789 2971 2982 3039 legum
3027 2970 3355 3041 praescripto
3386 2970 3631 3039 dedisse,

1940 3058 2087 3111 unde
2146 3058 2252 3112 sibi
2292 3076 2324 3112 a
2376 3058 2675 3113 Catholicis
2727 3059 3011 3129 publicam
3071 3058 3522 3129 persecutionem
3561 3058 3632 3111 ad

1937 3162 2095 3199 suam
2136 3146 2448 3217 perniciem
2492 3147 2711 3201 moveri
2756 3151 3147 3218 quererentur.
3190 3148 3428 3217 Insuper
3473 3149 3529 3200 et
3570 3144 3654 3197 in‘

1938 3236 2138 3289 eodem
2183 3252 2444 3289 sermone
2490 3239 2913 3297 commemorat,
2944 3236 3186 3301 Judasos,
3232 3250 3362 3288 cum
3392 3234 3631 3303 quibus-

1937 3323 2065 3377 dam
2111 3325 2168 3378 in
2211 3325 2347 3379 locis
2385 3326 2455 3380 ob
2491 3325 2887 3395 improbitates
2925 3340 3054 3376 suas
3093 3322 3337 3392 correpti
3369 3322 3628 3385 fuissent,

1938 3408 2074 3462 hinc
2102 3425 2296 3463 ansam
2346 3408 2651 3480 arripuisse
2695 3407 3057 3472 criminandi,
3097 3408 3180 3460 vel
3228 3406 3504 3475 fingendi,
3535 3411 3634 3462 aut

1937 3497 2284 3567 su_spicandi,
2316 3497 2376 3550 in
2404 3496 2464 3551 id
2494 3512 2720 3565 semper
2749 3495 3046 3566 episcopos
3076 3494 3422 3558 incumbere,
3455 3498 3522 3546 ut
3550 3495 3631 3548 fa-

1936 3588 2206 3642 cultatem
2248 3584 2388 3654 ipsis
2432 3585 2675 3638 nocendi
2722 3584 3063 3654 qua’rercnt.
3103 3584 3177 3636 Eo
3225 3587 3391 3652 pacto
3430 3581 3632 3650 Judaei,

1941 3676 2151 3747 Pagani
2183 3679 2237 3728 et
2258 3672 2529 3737 haeretici,
2561 3688 2689 3726 cum
2718 3672 3043 3725 universam
3070 3672 3369 3725 Ecclesiam
3402 3670 3511 3724 sibi
3538 3671 3636 3724 ha-

1938 3764 2140 3818 berent
2193 3761 2493 3824 infensam,
2535 3758 2991 3828 conspirantibus
3048 3756 3251 3811 animis
3307 3757 3633 3811 societatem

1941 3849 2300 3921 querelarum
2334 3847 2601 3900 adversus
2630 3861 2756 3899 eam
2785 3833 3034 3913 coibant,
3060 3846 3335 3898 unitatem
3367 3843 3634 3897 facientes

1940 3943 2137 3993 contra
2168 3936 2464 3990 unitatem.

2012 4030 2061 4080 3.
2096 4025 2179 4080 Ad
2212 4025 2317 4079 hoc
2363 4025 2561 4077 saltem
2592 4027 2818 4094 tempus
2858 4021 3186 4076 referendus
3217 4036 3446 4091 quoque
3475 4020 3632 4074 vide-

1942 4120 2035 4171 tur
2064 4131 2248 4170 sermo
2275 4115 2335 4168 in
2365 4129 2589 4168 versum
2611 4112 2821 4168 Psalmi
2840 4110 3166 4182 octogesimi
3194 4110 3446 4176 secundi,
3474 4114 3632 4176 Deus,

1944 4207 2064 4275 quis
2106 4205 2304 4259 similis
2328 4205 2427 4257 tibi
2458 4202 2791 4274 (Serm.24)?
2812 4199 3277 4272 quandoquidem
3311 4199 3493 4253 adhuc
3520 4199 3637 4253 ido-

1946 4295 2013 4347 lis
2041 4293 2325 4359 litabatur,
2350 4296 2405 4346 et
2434 4307 2633 4346 eorum
2662 4290 2846 4344 cultus
2877 4289 3213 4358 Carthagine
3242 4288 3486 4359 vigebat.
3509 4290 3639 4343 Erat

1944 4382 2061 4437 illic
2091 4382 2240 4437 inter
2273 4386 2477 4436 caetera
2516 4380 2885 4434 simulacrum
2924 4395 2991 4433 ex
3027 4378 3233 4448 lapide,
3266 4377 3517 4431 Herculis
3546 4376 3637 4431 dei

1944 4488 2155 4526 nomen
2188 4471 2247 4524 in
2281 4471 2442 4525 titulo
2470 4470 2795 4541 praeferens.
2826 4469 3036 4523 Statum
3082 4467 3254 4537 hujus
3292 4466 3545 4533 barbam,
3578 4465 3637 4520 in

1946 4577 2059 4633 quo
2088 4564 2205 4615 tota
2226 4560 2479 4615 Herculis
2500 4559 2680 4612 virtus
2706 4557 3033 4629 putabatur,
3067 4571 3246 4609 novus
3276 4555 3639 4626 magistratus

1949 4667 1979 4704 a
2011 4649 2254 4721 Paganis
2289 4649 2550 4703 seductus
2585 4662 2724 4700 auro
2752 4643 3017 4716 perfundi
3043 4643 3396 4714 permiserat.
3432 4643 3639 4695 Verum

1948 4738 2018 4793 ad
2050 4738 2293 4792 dedecus
2313 4738 2597 4791 cultorum
2620 4735 2742 4804 ejus
2761 4749 2900 4787 auro
2917 4731 3139 4786 refulsit
3164 4731 3371 4785 falsum
3402 4747 3635 4785 numen.

1950 4827 2085 4881 Inde
2116 4825 2270 4880 enim
2313 4840 2429 4878 non
2470 4823 2538 4877 ad
2582 4821 2956 4886 adorandum,
2987 4820 3083 4874 sed
3126 4819 3199 4874 ad
3235 4818 3639 4873 vindicandum

1947 4919 2241 4985 permotus
2312 4911 2680 4973 Christianus,
2737 4908 3133 4981 superstitioni
3206 4908 3290 4962 illi
3336 4924 3455 4962 sese
3530 4906 3641 4961 im-

1948 5003 2195 5071 miscuit,
2226 5006 2289 5056 ut
2340 5002 2575 5057 barbam
2603 5001 2723 5072 ejus
2754 4999 2997 5054 raderet.
3031 5000 3120 5052 An
3147 4997 3252 5052 hoc
3285 5014 3428 5051 unus
3471 5012 3640 5050 ausus

1949 5093 2038 5160 sit,
2073 5091 2309 5147 dubium
2343 5095 2446 5160 est,
2474 5106 2603 5145 cum
2634 5105 2762 5144 mox
2798 5086 3150 5159 Augustinus
3181 5086 3459 5156 subjiciat,
3505 5085 3637 5137 bar-

1947 5183 2079 5236 bam
2130 5180 2383 5235 llcrculis
2433 5197 2463 5233 a
2519 5181 2631 5234 Deo
2663 5194 2847 5232 rasam
2878 5194 2999 5232 esse
3024 5192 3124 5247 per
3149 5176 3330 5244 ﬁdeles
3375 5187 3516 5233 suos,
3544 5187 3642 5240 per

1951 5273 2284 5328 Christianos
2316 5284 2458 5335 suos,
2488 5285 2586 5339 per
2610 5272 2899 5338 potestates
2928 5283 2963 5321 a
2992 5282 3046 5320 se
3071 5265 3372 5319 ordinatas.
3409 5261 3519 5313 Hac
3549 5258 3641 5312 ille

1948 5358 2239 5415 occasione
2265 5374 2611 5425 sermonem,
2635 5359 2703 5413 de
2735 5374 2847 5428 quo
2874 5354 3185 5427 loquimur,
3210 5349 3428 5404 habuit.
3448 5346 3644 5401 Dicen-

1948 5454 2063 5503 tem
2094 5449 2471 5520 interpellavit
2494 5448 2760 5519 populus,
2795 5444 3105 5499 vociferans
3129 5444 3183 5494 et
3211 5439 3481 5503 clamans,
3510 5438 3644 5502 Quo-

1948 5539 2100 5594 modo
2128 5541 2314 5606 Roma,
2355 5540 2431 5593 sic
2461 5542 2509 5591 et
2542 5536 2842 5603 Cm-thago!
2870 5533 2926 5587 id
2957 5549 3015 5586 se
3063 5527 3334 5584 nimirum
3378 5525 3540 5595 velle,
3588 5524 3642 5580 id
