4060 6372
415 279 518 330 279

418 397 730 469 postulare,
758 399 822 450 ut
846 393 1034 449 omnis
1064 393 1433 450 Ethnicorum
1463 394 1788 466 superstitio
1809 393 2114 456 deleretur,

418 503 523 540 nec
534 486 653 556 jam
678 484 1016 556 Carthagine
1036 484 1784 555 permitterenturHcrcules
1803 483 2014 554 aliique
2041 479 2122 535 dii

422 573 682 638 Romani,
719 572 819 645 qui
843 573 902 627 in
924 573 1048 644 ipsa
1077 573 1247 627 etiam
1277 574 1416 628 urbe
1453 576 1628 629 Homa
1653 568 2122 638 defecerant;sed

418 661 480 716 in
511 662 617 716 hoc
647 663 841 717 Romae
886 661 1162 733 Carthago
1195 661 1430 717 omnino
1470 663 1779 717 consimilis
1818 665 1980 716 esset.
2015 661 2123 714 Po-

418 751 542 820 puli
570 751 842 822 pietatem
874 756 929 805 et
956 750 1207 805 studium
1251 751 1332 806 sic
1361 751 1623 806 laudibus
1663 752 1827 806 effert
1853 747 2122 820 Augusti-

425 856 554 907 nus,
588 843 652 894 ut
680 839 938 894 videatur
965 843 1160 894 tamen
1189 844 1466 908 metuere,
1500 858 1573 896 ne
1612 841 1749 913 quid
1796 840 1891 895 ille
1921 835 2125 893 tumul-

420 931 584 984 tuose
616 931 672 984 et
701 945 816 983 non
848 928 981 983 satis
1012 929 1271 998 legitima
1299 930 1634 984 auctoritate
1664 929 1953 985 moliatur.
1979 929 2126 982 Prae-

420 1016 579 1088 cipiti
600 1017 783 1088 plebis
811 1033 928 1073 suae
949 1018 1158 1087 studio,
1185 1018 1245 1072 ni
1266 1023 1460 1073 nostra
1480 1035 1585 1073 nos
1606 1018 1750 1073 fallit
1777 1018 2123 1089 conjectura,

413 1104 538 1174 jam
568 1103 692 1175 ipso
736 1120 902 1160 mane
948 1106 1140 1160 frenos
1180 1105 1453 1176 injeccrat
1499 1107 1794 1178 episcopus
1841 1105 2127 1175 Carthagi-

409 1193 636 1257 nensis.
665 1196 846 1258 Quam
889 1194 1045 1249 enim
1081 1194 1250 1249 aliam
1284 1197 1355 1250 ob
1395 1212 1624 1250 causam
1666 1196 1749 1250 eis
1787 1196 2124 1266 gratulatur,

423 1283 578 1355 quod
609 1284 874 1355 episcopo
905 1301 1008 1338 suo
1038 1284 1100 1338 in
1129 1301 1196 1338 eo
1221 1286 1370 1356 quod
1395 1285 1532 1356 ipsis
1553 1301 1721 1340 mane
1741 1285 1964 1339 locutus
1985 1288 2123 1347 erat,

425 1371 765 1440 obedierint,
798 1377 970 1445 atque
1002 1376 1065 1428 ut
1093 1389 1223 1427 eum
1254 1377 1585 1446 sequantur,
1617 1378 1674 1429 et
1702 1374 1772 1429 ab
1803 1390 1869 1428 ea
1899 1373 1990 1426 via
2014 1388 2125 1427 non

426 1461 693 1515 recedant
721 1462 1072 1516 obtestatur?
1093 1463 1313 1516 Interea
1345 1480 1440 1517 eos
1465 1462 1748 1518 cohortari
1781 1478 1894 1516 non
1923 1465 2124 1528 cessat,

425 1552 491 1602 ut
521 1565 681 1604 suam
713 1551 782 1604 de
822 1551 1101 1605 abolenda
1129 1551 1528 1622 superstitione
1555 1552 1906 1606 voluntatem
1933 1555 2125 1606 notam

426 1640 484 1694 et
511 1639 775 1692 testatum
814 1638 1011 1694 fecisse
1042 1639 1314 1707 contenti,
1345 1641 1466 1710 ejus
1491 1640 1798 1711 implenda).
1827 1639 2126 1693 consilium

427 1746 490 1784 ac
535 1727 774 1783 modum
814 1726 883 1780 ab
927 1726 1206 1797 episcopis
1245 1731 1599 1797 exspectent;
1638 1743 1742 1782 nec
1775 1727 2020 1781 timeant
2058 1743 2128 1781 ne

424 1817 509 1872 illi
540 1817 599 1871 in
627 1817 734 1871 hac
763 1820 922 1886 parte
945 1816 1132 1870 officio
1158 1832 1260 1870 suo
1288 1815 1494 1870 desint.
1523 1815 1694 1887 Spem
1724 1832 1954 1888 quoque
1974 1815 2126 1880 facit,

422 1907 545 1961 fore
578 1909 643 1960 ut
672 1920 871 1959 eorum
903 1919 1102 1976 preces
1131 1903 1355 1958 felicem
1389 1904 1602 1958 exitum
1631 1903 1966 1974 sortiantur,
1998 1919 2128 1958 cum

428 1997 577 2050 Deus
601 1993 1036 2064 superstitiones
1064 1992 1375 2048 Gentilium
1397 1992 1666 2046 delendas
1693 1992 2039 2063 praedixerit,
2076 1996 2131 2045 et

426 2097 480 2134 m
489 2080 621 2135 ultis
627 2079 746 2150 jam
759 2083 976 2134 terraru
987 2096 1041 2133 in
1054 2080 1210 2146 locis,
1227 2079 1399 2134 etiam
1422 2080 1637 2147 Romus,
1655 2082 1948 2135 oraculum
1962 2095 2127 2134 suum

425 2169 814 2240 compleverit.
853 2169 926 2223 Ex
951 2169 1058 2223 hoc
1087 2185 1371 2234 sermone,
1403 2185 1573 2240 quem
1607 2170 1945 2240 Carthagine
1974 2169 2132 2225 babi-

423 2260 549 2310 tum
579 2255 751 2310 fuisse
781 2272 952 2310 nemo
983 2272 1102 2310 non
1125 2255 1402 2327 agnoscit,
1429 2256 1592 2311 facile
1622 2255 1978 2328 intelligitur.
2010 2259 2130 2328 jam

430 2348 555 2398 tum
585 2343 655 2397 ab
687 2343 989 2414 episcopis,
1023 2343 1122 2414 qui
1162 2343 1223 2396 in
1252 2360 1318 2397 ea
1348 2344 1487 2398 urbe
1515 2345 1900 2412 versabantur,
1935 2347 2132 2400 dec1'e-'

426 2437 553 2486 tum
584 2431 760 2486 fuisse
790 2437 854 2486 ut
885 2432 957 2486 ad
988 2431 1299 2486 Honorium
1335 2434 1654 2504 Augustum
1688 2451 1792 2506 pro
1825 2434 2129 2499 obtinenda

428 2519 846 2591 superstitionis
877 2519 1252 2574 exstinctione
1283 2520 1605 2588 mitterent;
1629 2538 1692 2577 ac
1711 2521 1949 2577 subinde
1979 2521 2129 2593 ipso-

427 2623 576 2674 rum,
598 2606 698 2678 qui
734 2607 803 2661 ad
837 2606 895 2660 id
930 2608 1354 2678 procurandum
1391 2608 1563 2679 legati
1585 2611 2131 2681 sunt,'persuasione

433 2699 491 2750 et
528 2694 768 2750 inductu
806 2696 1056 2750 celebres
1094 2695 1220 2749 illas
1258 2695 1411 2766 leges
1438 2697 1545 2751 hac
1575 2697 1646 2752 de
1691 2714 1753 2752 re
1792 2699 1932 2752 latas
1959 2699 2130 2754 fuisse

430 2801 582 2838 anno
634 2785 1029 2839 trecentesimo
1059 2785 1451 2855 monagesinco
1504 2789 1718 2856 octavo,
1750 2791 1806 2841 et
1849 2803 2000 2842 anno
2045 2805 2134 2843 se-

432 2871 629 2943 quenti
661 2872 719 2926 in
747 2873 934 2927 Africa
962 2872 1313 2927 exsecutioni
1352 2873 1666 2928 mandatas.

499 2962 553 3014 4.
586 2960 706 3024 Quo
753 2964 1011 3030 tempore
1059 2959 1234 3014 dubia
1271 2976 1372 3015 sua
1407 2960 1477 3014 ad
1514 2960 1898 3032 Augustinum
1939 2959 2134 3015 retulit

432 3046 720 3100 Publicola
753 3047 946 3117 (Epist.
975 3045 1086 3117 46),
1120 3062 1187 3101 eo
1219 3050 1369 3101 certe
1412 3047 1699 3102 idolorum
1728 3047 2002 3102 sacrificia
2029 3047 2129 3100 ad-

427 3134 544 3188 huc
566 3133 854 3206 vigebant.
882 3136 1023 3189 Nam
1053 3134 1204 3205 quod
1236 3133 1297 3188 in
1326 3133 1694 3204 responsione
1721 3133 2029 3204 Augustini
2057 3134 2134 3188 le-

430 3220 587 3292 gitur
610 3221 680 3276 de
699 3222 1045 3292 templorum
1071 3225 1127 3275 et
1143 3220 1426 3275 idolorum
1448 3221 1821 3292 lucorumque
1843 3220 2133 3275 eversione

429 3310 635 3378 (Epist.
666 3311 756 3374 47,
797 3309 932 3380 n.3),
974 3309 1030 3363 id
1080 3308 1148 3362 ad
1189 3311 1526 3378 potestatem
1576 3323 1641 3362 ea
1689 3307 1978 3362 avertendi
2017 3324 2134 3363 non

436 3398 561 3467 lege
604 3396 837 3468 publica
884 3396 1000 3450 sive
1030 3395 1306 3466 generali,
1339 3395 1439 3449 sed
1467 3393 1698 3466 speciali
1740 3395 1986 3466 quadam
2007 3395 2132 3466 jus-

432 3482 590 3538 sione
615 3483 783 3537 certis
828 3482 888 3536 in
919 3481 1102 3537 causis
1131 3482 1321 3537 datam
1348 3487 1602 3552 spectare
1637 3482 1836 3554 liquet.
1864 3483 2001 3547 Quis
2037 3483 2133 3536 ille

433 3570 726 3625 Publicola
764 3569 957 3637 fuerit,
1001 3569 1284 3624 incertum
1317 3573 1419 3623 est.
1468 3570 1519 3623 Is
1555 3569 1772 3640 praedia
1810 3569 2136 3641 possidebat

434 3661 496 3725 i_n
525 3659 868 3731 Arzugibus,
897 3676 1026 3731 qua:
1056 3659 1210 3714 natio
1239 3658 1494 3714 barbaris
1525 3659 1838 3714 Gentilibus
1864 3664 1984 3714 erat
2010 3661 2134 3716 fini-

433 3748 595 3804 tima.
645 3748 1000 3820 Quapropter
1054 3747 1340 3819 indigenae
1385 3749 1716 3803 eorumdem
1758 3749 2132 3804 barbarorum

434 3857 607 3910 opera
651 3839 975 3908 utebantur,
1003 3838 1162 3910 prius
1191 3839 1448 3910 ipsorum
1478 3840 1590 3895 fide
1631 3841 2006 3912 jurejurando
2035 3842 2133 3897 ad-

435 3928 647 3984 stricta.
681 3930 756 3983 De
789 3945 902 4000 quo
927 3928 1255 4000 juramento
1285 3944 1418 3982 eum
1448 3927 1618 3982 varia:
1649 3927 2009 3984 difcultates
2039 3947 2138 3984 an-

435 4016 664 4088 gebant,
694 4020 759 4071 ut
788 4020 844 4070 et
871 4016 940 4070 de
969 4032 1078 4070 usu
1101 4016 1413 4070 multarum
1443 4032 1658 4084 rerum,
1691 4034 1819 4089 quae
1847 4019 2135 4074 idolorum

433 4103 590 4159 cultu
615 4102 798 4174 pollui
827 4102 1186 4156 videbantur.
1220 4103 1349 4156 Haec
1379 4107 1436 4156 et
1476 4101 1687 4158 similia
1727 4104 1898 4159 dubia
1924 4121 2133 4177 propo-

433 4190 520 4246 nit
542 4190 884 4260 Augustino,
920 4193 980 4243 ut
1006 4189 1177 4259 patri,
1210 4193 1272 4243 ut
1300 4188 1532 4257 seniori,
1565 4196 1630 4245 ut
1666 4193 1942 4263 pontifici,
1974 4195 2135 4266 cujus

435 4295 505 4333 ex
534 4293 631 4332 ore
670 4276 1018 4348 requirenda
1046 4277 1134 4332 lex
1161 4278 1326 4332 foret.
1355 4278 1439 4332 Ad
1479 4280 1602 4349 ejus
1625 4285 1908 4351 postulata
1933 4285 2134 4340 rescri-

433 4366 550 4437 psit
571 4365 948 4437 Augustinus,
980 4369 1036 4419 et
1077 4365 1229 4419 inter
1273 4365 1384 4420 alia
1421 4370 1748 4441 respondet,
1781 4360 1980 4427 eorum
2027 4373 2136 4428 sibi

435 4454 738 4510 consilium
771 4471 884 4509 non
913 4454 1167 4527 probari,
1192 4456 1291 4529 qui
1318 4464 1630 4530 censerent,
1656 4461 1949 4518 hominem
1970 4480 2134 4536 posse

435 4543 615 4599 alium
659 4543 936 4613 occidere,
968 4561 1040 4600 ne
1088 4545 1157 4599 ab
1205 4562 1272 4600 eo
1313 4547 1630 4618 occidatur;
1657 4550 1770 4605 nisi
1806 4551 1998 4608 forsan
2037 4554 2134 4609 ille

434 4631 694 4703 legitima
721 4636 999 4702 potestate
1027 4633 1203 4688 fretus
1232 4635 1304 4691 ad
1341 4637 1586 4693 aliorum
1625 4641 1863 4696 tutelam
1890 4641 1949 4697 id
1993 4643 2136 4697 face-

434 4724 538 4775 ret.
573 4720 769 4792 Itaque
800 4724 1022 4777 tantum
1053 4723 1350 4794 approbat,
1383 4728 1447 4779 ut
1483 4743 1778 4798 aggressor
1822 4733 1880 4784 et
1905 4729 2136 4786 insidia-

435 4811 530 4862 tor
557 4812 774 4864 terrore
805 4810 1117 4881 repellatur
1143 4811 1330 4881 (lbid.,
1362 4828 1418 4868 .
1452 4814 1525 4886 5).
1561 4816 2002 4889 Censetpariter
2031 4819 2134 4873 ho-

437 4895 600 4963 mini,
632 4895 782 4952 fame
824 4903 1139 4971 premente,
1169 4901 1216 4955 si
1245 4901 1386 4956 nihil
1427 4905 1651 4976 uspiam
1689 4905 1993 4971 invenerit,
2024 4906 2136 4961 nisi

436 4985 627 5041 cibum
675 5002 849 5057 quem
893 4992 1044 5044 certo
1093 4988 1196 5044 scit
1231 4990 1398 5046 idolis
1444 4994 1720 5063 oblatum,
1770 4995 1946 5050 satius
1992 5011 2132 5064 esse,

437 5074 610 5129 etiam
643 5076 873 5131 nemine
899 5077 1145 5141 conscio,
1173 5094 1307 5135 eum
1338 5080 1645 5137 christiana
1673 5082 1880 5140 virtute
1909 5100 2138 5156 respue-

433 5179 495 5218 re
525 5163 707 5236 (Ibid.,
735 5180 797 5221 n.
839 5165 912 5237 6).

1090 5256 1314 5313 CAPUT
1350 5258 1484 5312 XVI.

438 5343 458 5394 1
503 5342 728 5412 Pagana
755 5345 1069 5416 superstitio
1098 5349 1225 5399 tunc
1249 5345 1446 5413 ubique
1471 5360 1674 5414 eversa,
1705 5361 1822 5402 cum
1851 5363 1918 5402 em
1947 5349 2138 5405 daemo-

507 5445 634 5485 num
679 5433 912 5486 oraculis
940 5431 1306 5486 instauranda
1333 5436 1468 5486 erat.
1499 5436 1534 5486 2
1557 5435 1621 5488 In
1644 5436 1858 5492 Oriente
1881 5439 2136 5508 prohibe-

507 5524 597 5574 tur
637 5536 700 5576 ac
746 5521 955 5576 deletur
1001 5522 1323 5575 auctoritate
1371 5522 1620 5579 Arcadii.
1664 5529 1694 5580 3
1738 5527 1801 5581 In
1857 5529 2137 5584 Occidente

1628 275 1789 329 VlTA
1828 274 1883 328 S.
1928 269 2310 326 AUGUSTINI
2369 270 2706 325 EPISCOP].

3841 271 3942 323 280

2301 406 2509 460 quoque
2538 393 2857 448 auctoritate
2895 393 3138 448 Honorii.
3173 395 3201 445 Il
3249 391 3425 460 Hujus
3472 393 3638 458 legem
3667 405 3734 445 ea
3773 391 3844 445 de
3889 406 3943 444 re

2301 481 2468 534 latam
2506 481 2895 550 emsequendam
2929 484 3121 536 curant
3149 481 3333 535 Jovius
3380 483 3430 532 et
3475 479 3841 535 Gaudentius.
3878 483 3935 533 5.

2301 569 2533 625 Calestis
2569 570 2678 624 deae
2715 572 2969 639 templum
3012 570 3340 637 Carthagine
3378 569 3588 626 Christo
3627 568 3943 623 dedicatum

2301 657 2368 710 ab
2397 657 2639 712 Aurelio.
2690 661 2720 711 6
2768 659 3043 714 Nonnulla
3083 655 3405 713 idololatriae
3447 657 3781 728 quibusdam
3811 659 3944 712 locis

2301 745 2490 798 relicta
2518 748 2768 813 vestigia.
2795 751 2826 800 7
2861 746 3162 814 Suectani
3187 750 3475 814 martyres.
3497 746 3845 814 Augustinus
3869 745 3946 799 ad

2297 834 2574 902 principes
2623 835 2850 890 Coloniae
2892 835 3213 903 Su'ectana
3254 833 3462 888 scribit.
3514 835 3546 888 8
3596 835 3945 903 Rescriptum

2303 920 2627 978 adulatoriis
2657 923 3064 977 Donatistarum
3087 921 3338 992 precibus
3363 937 3399 975 a
3421 921 3636 976 Iuliano
3662 920 3945 975 indultum

2295 1008 2520 1077 jubetur
2542 1010 2776 1080 publicis
2804 1009 2932 1064 locis
2970 1007 3152 1079 afgi.

2309 1102 2362 1154 1.
2401 1099 2540 1155 Cum
2589 1099 2846 1155 viderent
2883 1099 3151 1166 Gentiles,
3193 1113 3288 1154 nec
3331 1101 3407 1153 tot
3447 1099 3720 1168 tantisque
3755 1113 3943 1168 perse-

2235 1187 2552 1256 culionibus,
2585 1203 2725 1258 quas
2760 1203 2863 1258 per
2900 1191 3182 1242 trecentos
3219 1187 3338 1242 fere
3375 1202 3556 1241 annos
3600 1188 3944 1259 pertulerat,

2234 1274 2572 1346 religionem
2631 1274 3011 1330 Christianam
3064 1274 3319 1346 potuisse
3375 1276 3659 1344 consumi,
3708 1277 3807 1332 sed
3857 1279 3947 1332 his

2231 1367 2413 1433 potius
2458 1367 2600 1420 mira
2642 1366 2968 1420 incrementa
3010 1366 3338 1434 sumpsisse;
3365 1367 3814 1434 excogitaverunt
3848 1382 3948 1420 ne-

2234 1455 2342 1507 scio
2385 1469 2517 1522 quos
2558 1468 2743 1508 versus
2784 1467 3001 1521 grzcos,
3057 1456 3335 1523 tamquam
3389 1454 3687 1508 consulenti
3721 1454 3948 1508 cuidam

2236 1541 2422 1597 divino
2467 1544 2682 1598 oraculo
2741 1543 2957 1612 eusos,
2999 1543 3095 1596 ubi
3137 1543 3410 1598 Christum
3457 1543 3675 1612 quidem
3721 1541 3796 1596 ab
3841 1543 3950 1596 hu-

2229 1630 2323 1699 jus
2376 1636 2653 1700 tamquam
2703 1633 2978 1698 sacrilegii
3020 1633 3245 1686 crimine
3300 1633 3514 1698 faciunt
3568 1634 3949 1695 innocentem;

2235 1721 2450 1775 Petrum
2475 1725 2652 1776 autem
2680 1720 2966 1788 male/ictis
2993 1723 3186 1788 fecisse
3205 1722 3561 1791 subjungunt,
3591 1727 3652 1776 ut
3681 1723 3950 1776 coleretur

2238 1808 2444 1862 Christi
2475 1824 2664 1863 nomen
2707 1825 2806 1878 per
2848 1812 3102 1863 trecentos
3149 1810 3439 1878 sexaginta
3481 1811 3721 1878 quinque
3751 1824 3946 1872 annos,

2238 1895 2430 1950 deinde
2458 1897 2712 1966 completo
2749 1902 3039 1965 memorato
3074 1912 3292 1951 numero
3321 1913 3604 1963 annorum,
3637 1898 3757 1950 sine
3795 1910 3949 1949 mora

2237 1988 2466 2038 sumeret
2512 1986 2671 2053 nem
2718 1987 2814 2054 (De
2862 1987 3024 2042 Civit.
3059 1987 3174 2052 Dei,
3216 1986 3310 2040 lib.
3365 1988 3450 2052 l8,
3481 2001 3601 2054 cap.
3645 1987 3737 2052 53,
3785 1999 3844 2037 .
3878 1986 3946 2043 2}.

2240 2069 2308 2122 Hi
2338 2071 2577 2125 trecenti
2608 2071 2900 2142 sexaginta
2928 2071 3184 2144 quinque
3214 2072 3351 2126 anni
3381 2074 3681 2127 sumebant
3710 2071 3945 2126 initium

2239 2159 2440 2213 saltem
2472 2176 2502 2212 a
2533 2159 2624 2213 die
2652 2176 2766 2230 quo
2796 2159 3006 2214 missus
3034 2167 3120 2215 est
3147 2161 3387 2232 Spiritus
3415 2165 3664 2224 sanctus,
3697 2161 3809 2214 hoc
3841 2163 3942 2225 est,

2240 2261 2306 2300 ex
2347 2251 2540 2301 mente
2582 2247 2901 2318 Augustini,
2935 2249 3005 2303 ab
3047 2249 3234 2304 idibus
3282 2249 3468 2319 maiis,
3497 2250 3722 2304 duobus
3763 2248 3945 2304 Gemi-

2240 2332 2327 2386 nis
2369 2333 2630 2389 Rubellio
2671 2340 2726 2390 et
2763 2336 2907 2391 Rufo
2946 2338 3291 2404 consulibus,
3325 2336 3424 2408 qui
3622 2335 3945 2390 communis

2239 2437 2423 2476 annus
2453 2426 2537 2477 est
2567 2423 2868 2478 vicesimus
2901 2442 3106 2480 nonus.
3137 2426 3224 2480 Sic
3255 2425 3336 2480 illi
3377 2427 3615 2481 trecenti
3651 2425 3946 2496 sexaginta

2240 2509 2495 2581 quinque
2530 2511 2667 2565 anni
2696 2514 3021 2584 complendi
3053 2517 3214 2570 erant
3247 2514 3435 2570 idibus
3464 2515 3630 2569 maiis
3659 2515 3800 2568 anni
3831 2521 3943 2568 tre-

2241 2599 2534 2654 centesimi
2564 2601 2925 2672 nonagesimi
2950 2603 3159 2674 quarti.
3192 2603 3542 2675 Augustinus
3572 2608 3770 2659 tamen
3800 2605 3943 2664 vult,

2241 2704 2338 2742 eos
2358 2687 2534 2742 finem
2563 2689 2773 2760 cepisse
2795 2691 3091 2745 consulatu
3116 2691 3349 2746 Honorii
3379 2696 3433 2746 et
3463 2691 3822 2763 Eutychiani,
3849 2693 3943 2763 qui

2242 2778 2441 2833 incidit
2463 2778 2523 2832 in
2549 2795 2766 2834 annum
2797 2779 3004 2834 Christi
3031 2781 3494 2836 trecentesimum
3523 2781 3943 2852 nonagesinum

2241 2871 2532 2934 octavum;
2559 2884 2673 2938 quo
2703 2868 2893 2939 reipsa
2921 2871 3372 2940 complebantur,
3399 2870 3445 2925 si
3476 2885 3760 2941 ponamus
3790 2868 3944 2924 Chri-

2241 2958 2391 3008 stum
2431 2971 2661 3026 passum
2706 2955 2876 3011 fuisse
2915 2974 3066 3012 anno
3097 2958 3391 3029 trigesimo
3426 2958 3593 3013 tertio
3623 2975 3756 3013 aeria
3789 2975 3942 3014 com-

2241 3043 2448 3099 munis.
2491 3043 2669 3116 lgitur
2723 3046 3035 3101 secundum
3082 3047 3225 3101 illud
3275 3047 3568 3102 oraculum
3613 3046 3942 3102 damonum

2241 3148 2465 3203 pagana
2503 3137 2630 3188 tum
2674 3134 2999 3204 superstitio
3041 3151 3360 3207 resurgere,
3401 3139 3458 3190 et
3503 3134 3818 3190 christiana
3861 3153 3944 3190 re-

2243 3221 2379 3292 ligio
2437 3222 2636 3276 cadere
2691 3222 2903 3277 debuit.
2960 3225 3169 3279 Verum
3228 3226 3394 3292 Deus,
3455 3227 3521 3278 ut
3571 3225 3758 3295 hujus
3816 3241 3942 3278 ora-

2241 3310 2354 3364 culi
2408 3310 2746 3381 figmentum
2795 3311 3229 3379 demonstraret,
3289 3310 3658 3367 christianam
3718 3311 3944 3382 religio-

2241 3414 2372 3452 nem
2421 3399 2585 3453 novis
2629 3398 2690 3453 in
2739 3399 2858 3454 dies
2889 3399 3258 3454 incrementis
3299 3400 3503 3454 orere
3549 3398 3747 3455 voluit.
3782 3399 3942 3464 Quod

2240 3486 2537 3541 manifeste
2602 3486 2790 3558 patuit
2853 3487 2972 3557 jam
3022 3487 3155 3543 inde
3213 3489 3286 3543 ab
3337 3505 3488 3543 anno
3545 3487 3941 3560 consequenti,

2243 3589 2355 3644 quo
2397 3573 2613 3628 Mallius
2663 3575 2991 3630 Theodorus
3033 3578 3398 3631 consulatum
3439 3576 3634 3649 gessit,
3679 3577 3790 3631 hoc
3840 3582 3940 3640 est,

2241 3677 2392 3715 anno
2434 3664 2828 3720 trecentesimo
2872 3664 3246 3735 nonagesimo
3294 3680 3471 3734 nono,
3518 3664 3576 3718 in
3633 3681 3750 3736 quo
3793 3681 3944 3722 nunc

2241 3765 2553 3804 versamur.
2585 3752 2840 3820 Sequenti
2883 3768 3046 3822 anno,
3091 3751 3289 3806 scribit
3327 3751 3702 3824 Augustinus,
3734 3755 3944 3809 consule

2242 3839 2431 3892 Mallio
2464 3839 2753 3907 Theodoro,
2787 3841 3005 3909 quando
3026 3841 3147 3911 jam
3176 3841 3467 3895 secundum
3497 3841 3638 3896 illud
3666 3843 3942 3896 oraculum

2243 3927 2561 3996 daemonum,
2592 3933 2688 3984 aut
2729 3928 3044 4000 gmentum
3084 3930 3376 3995 hominum,
3407 3930 3562 3984 nulla
3603 3944 3714 3985 esse
3761 3930 3942 3986 debuit

2242 4017 2436 4086 religio
2463 4018 2786 4085 christiana,
2820 4018 2956 4087 quid
2977 4034 3078 4088 per
3108 4019 3250 4072 alias
3281 4023 3548 4074 terrarum
3576 4025 3764 4088 partes
3793 4021 3944 4088 forsi-

2245 4109 2339 4158 tan
2365 4107 2574 4172 factum
2593 4107 2682 4170 sit,
2708 4122 2816 4161 non
2838 4109 2950 4174 fuit
2975 4123 3180 4162 necesse
3205 4110 3534 4178 perquirere.
3563 4109 3789 4163 Interim
3805 4108 3945 4178 quod

2242 4195 2460 4256 scimus,
2496 4196 2552 4250 in
2587 4196 2808 4250 civitate
2846 4198 3130 4251 notissima
3157 4201 3206 4252 et
3256 4198 3682 4251 eminentissima
3712 4198 3940 4254 Cartha-

2243 4285 2366 4349 gine
2411 4282 2642 4354 Africae,
2676 4283 3011 4339 Gaudentius
3051 4289 3101 4339 et
3142 4285 3327 4338 Jovius
3357 4286 3571 4339 comites
3599 4286 3942 4354 imperatoris

2242 4371 2489 4440 Honorii,
2516 4376 2709 4439 quarto
2748 4371 2947 4426 decimo
2987 4372 3242 4427 kalendas
3281 4373 3500 4442 aprilis,
3524 4373 3796 4440 falsorum
3826 4373 3941 4426 deo-

2241 4477 2363 4523 rum
2412 4461 2610 4530 templa
2658 4465 2981 4530 everterunt,
3012 4466 3063 4516 et
3107 4464 3400 4517 simulacra
3449 4463 3733 4531 fregerunt
3760 4463 3940 4533 (Ibid,

2241 4566 2362 4620 cap.
2398 4552 2486 4618 54,
2507 4566 2561 4603 n.
2593 4551 2666 4618 1).
2685 4549 3038 4621 Augustinus
3068 4549 3262 4622 itaque
3291 4549 3361 4604 de
3392 4549 3563 4604 rebus
3591 4554 3821 4605 tantum
3841 4550 3940 4605 sibi

2243 4638 2504 4710 cognitis,
2539 4642 2594 4694 et
2641 4654 2768 4710 quae
2817 4638 3157 4710 Carthagine
3206 4639 3580 4710 contigerant,
3620 4643 3938 4702 memorat;

2243 4743 2348 4782 nec
2376 4726 2511 4798 quid
2543 4726 2603 4780 in
2634 4726 2759 4780 aliis
2781 4731 3065 4780 terrarum
3096 4726 3354 4797 partibus
3374 4727 3687 4797 accidisset,
3714 4731 3943 4801 perqui-

2245 4814 2393 4870 sivit.
2425 4816 2635 4869 Verum
2664 4815 2726 4870 in
2756 4814 2928 4870 Idacii
2957 4814 3118 4870 fastis
3148 4815 3415 4886 legimus,
3445 4815 3721 4871 falsorum
3751 4818 3942 4872 numi-

2244 4919 2383 4958 num
2412 4904 2624 4976 templa
2650 4904 2759 4959 hoc
2787 4920 2938 4959 anno
2968 4903 3143 4958 fuisse
3173 4904 3472 4972 demolita;
3497 4909 3772 4978 notatque
3801 4908 3942 4978 Tyro

2243 4995 2484 5063 Prosper
2512 4994 2584 5048 ad
2605 5009 2844 5062 annum,
2861 4993 2963 5065 qui
2984 4992 3375 5048 Gildonianam
3405 4993 3626 5049 cladem
3649 4995 3943 5068 subsequi-

2242 5087 2355 5150 tur,
2388 5083 2496 5137 hoc
2544 5086 2647 5150 est,
2677 5083 2749 5138 ad
2791 5098 3010 5137 annum
3057 5086 3415 5154 prmsentem,
3457 5081 3708 5154 antiquae
3745 5100 3942 5155 super-

2243 5171 2490 5226 stitionis
2519 5172 2734 5242 templa
2773 5175 2895 5226 toto
2949 5173 3086 5226 orbe
3127 5173 3386 5226 Romano
3423 5171 3596 5227 fuisse
3635 5173 3942 5230 destructa.

2315 5263 2366 5314 2.
2395 5259 2616 5314 Grande
2652 5261 2761 5315 hoc
2789 5277 2933 5333 opus
2963 5277 3195 5316 exorsus
3223 5261 3410 5316 fuerat
3446 5261 3806 5316 Theodosius
3833 5263 3943 5317 im-

2242 5354 2494 5423 perator.
2541 5351 2617 5405 Eo
2664 5355 2795 5422 post
2825 5351 3127 5407 Ecclesiam
3156 5351 3324 5423 longe
3349 5351 3577 5422 lateque
3623 5350 3946 5423 amplifica-

2243 5445 2360 5496 tam
2389 5440 2742 5508 vitafuncto,
2776 5442 3050 5496 Arcadius
3080 5447 3138 5497 et
3167 5440 3450 5497 Honorius
3479 5440 3600 5512 ejus
3629 5439 3798 5496 liberi
3827 5457 3944 5496 non

2245 5527 2428 5601 magis
2456 5527 2684 5600 imperii
2704 5529 2946 5617 paterni,
2965 5546 3138 5602 quam
3166 5530 3394 5602 pietatis
3409 5546 3546 5602 erga
3567 5529 3936 5586 christianam
