4060 6388
109 297 201 351 28f
1555 298 1767 355 LIBER
1807 297 2163 366 QUARTUS.

114 415 448 488 religionem
487 415 742 472 hmredes
772 418 1054 474 exstitere.
1081 420 1267 478 Crevit
1303 420 1490 476 adhuc
1517 421 1573 476 in
1605 437 1808 477 eorum

113 505 315 560 animis
357 505 498 560 illud
537 505 836 577 religionis
875 508 1126 563 studium
1176 526 1206 563 a
1246 511 1507 566 secundis
1542 510 1713 565 rebus
1752 513 1808 565 et

114 596 358 650 obtentis
399 595 670 651 divinitus
706 596 958 652 victoriis
995 598 1056 653 in
1099 599 1248 667 illos,
1282 601 1380 672 qui
1410 601 1807 657 auctoritatem

113 684 367 756 ipsorum
412 685 500 739 vel
549 689 746 755 aperto
779 691 960 740 marte
1010 689 1096 742 vel
1145 689 1513 744 clandestinis
1558 690 1806 745 consiliis

114 778 538 844 oppugnarunt.
571 774 826 846 Cumque
856 775 1182 832 felicitatem
1214 794 1376 833 suam
1405 783 1660 850 paternas
1686 778 1807 851 pie-

113 862 210 916 tati
248 867 540 933 acceptam
585 863 880 931 referrent,
926 865 1223 938 privilegia
1267 884 1298 920 a
1339 868 1653 939 majoribus
1691 868 1807 924 suis

116 950 369 1005 Ecclesiae
428 951 630 1006 collata
679 952 1090 1008 vehementiori
1136 954 1324 1010 studio
1373 957 1700 1024 tuebantur,
1751 961 1809 1012 et

115 1038 267 1094 novis
293 1039 495 1094 edictis
530 1041 918 1097 cumulabant.
954 1043 1158 1098 Eorum
1192 1044 1370 1114 pietas
1408 1045 1587 1100 facem
1618 1045 1808 1100 subdi-

115 1128 182 1182 tis
209 1127 569 1198 prazferebat.
604 1128 824 1183 Ethnici
853 1129 923 1185 ad
949 1131 1154 1185 Christi
1184 1132 1354 1188 ﬁdem
1385 1135 1544 1188 nullo
1573 1134 1806 1206 negotio

115 1216 538 1270 adducebantur
565 1233 580 1271 :
607 1221 666 1271 et
695 1217 944 1272 haeretici
974 1219 1244 1287 discidiis,
1277 1222 1486 1293 quibus
1526 1239 1624 1277 eos
1662 1224 1808 1278 Deus

117 1303 344 1358 lacerari
364 1303 606 1368 sinebat,
631 1305 947 1377 defatigati,
970 1308 1040 1362 ad
1074 1309 1333 1364 Ecclesiae
1353 1311 1646 1366 catholicas
1679 1312 1808 1367 uni-

116 1397 283 1448 tatem
311 1393 466 1447 ultro
498 1393 782 1448 redibant.
815 1397 882 1451 Ut
920 1399 1112 1450 autem
1144 1398 1214 1452 de
1238 1398 1308 1452 iis
1339 1399 1545 1467 solum,
1577 1417 1706 1471 quae.
1736 1400 1805 1455 ad

119 1483 368 1552 Paganos
405 1485 682 1553 spectant,
713 1483 806 1538 hic
843 1483 952 1538 loci
984 1485 1345 1552 disseramus,
1381 1489 1536 1544 etab
1577 1489 1806 1545 Oriente

119 1571 500 1641 auspicemur;
530 1572 913 1643 comperimus
937 1574 1271 1646 rescriptum
1296 1578 1522 1632 Arcadii
1551 1577 1620 1632 ad
1651 1579 1813 1634 Ruﬁ-

119 1675 246 1715 num
277 1659 617 1730 praefectum
646 1661 917 1731 praetorio
948 1661 1007 1716 in
1045 1663 1296 1732 Oriente,
1328 1665 1523 1721 datum
1563 1667 1805 1738 septimo

121 1748 236 1803 idus
257 1747 489 1819 augusti
511 1748 648 1803 anni
667 1749 1054 1806 trecentesimi
1075 1755 1433 1825 nonagesimi
1458 1755 1666 1826 quinti,
1689 1772 1804 1827 quo

122 1839 364 1907 Paganos
395 1835 570 1890 minis
589 1837 883 1893 intentatis
903 1840 1366 1914 gravissimisque
1386 1843 1570 1914 poenis
1591 1845 1804 1899 consti-

122 1925 265 1991 tutis,
298 1924 356 1979 in
381 1924 518 1979 fana
546 1929 602 1980 et
626 1926 865 1982 delubra
893 1927 1140 2000 ingredi,
1175 1935 1232 1986 et
1260 1931 1430 1986 idolis
1461 1933 1804 2004 ubicumque

123 2014 419 2068 sacriﬁcare
449 2015 741 2086 prohibet,
769 2021 826 2070 et
863 2017 1010 2072 hanc
1053 2019 1126 2073 ob
1157 2036 1382 2076 causam
1425 2023 1578 2093 leges
1608 2039 1806 2078 omnes

125 2103 177 2156 in
215 2101 508 2156 haereticos
548 2104 922 2176 Paganosqne
959 2121 993 2158 a
1035 2111 1195 2177 patre
1235 2125 1339 2162 suo
1385 2110 1526 2164 latas
1573 2117 1806 2166 renovat

127 2191 319 2261 (Codice
351 2191 550 2246 Theod.
584 2192 650 2246 de
678 2194 811 2260 Pag.
851 2209 992 2250 sacr.
1023 2200 1074 2250 et
1114 2199 1312 2266 templ,
1346 2199 1455 2264 lege
1489 2202 1598 2268 t3).
1639 2202 1805 2255 Anno

128 2279 388 2351 sequenti,
429 2283 592 2335 sexto
630 2280 758 2336 idus
799 2282 1135 2350 decembris,
1177 2285 1461 2340 idolorum
1502 2287 1804 2342 sacerdoti-

128 2369 221 2423 bus
256 2374 311 2424 et
337 2369 619 2424 ministris
658 2370 977 2441 privilegia,
1016 2388 1146 2443 quae.
1192 2373 1331 2443 ipsis
1368 2373 1506 2428 alias
1544 2391 1806 2430 concessa

131 2457 356 2527 fuerant,
385 2457 626 2526 ademit,
674 2463 737 2512 ut
781 2459 852 2512 iis
895 2475 1142 2530 quorum
1187 2461 1461 2532 professio
1510 2469 1633 2518 erat
1668 2463 1806 2534 ipsis

133 2550 378 2601 damnata
414 2547 638 2619 legibus
676 2549 860 2614 (lbid.,
893 2550 1003 2616 lege
1037 2551 1140 2619 14).
1184 2551 1431 2605 Plurima
1462 2567 1566 2621 per
1605 2552 1804 2608 Orien—

137 2641 237 2691 tem
266 2637 500 2692 delubra
541 2636 600 2691 id
638 2638 910 2708 temporis
948 2638 1131 2692 excisa
1169 2639 1382 2695 fuerint
1417 2657 1645 2695 necesse
1684 2646 1806 2708 est;

137 2741 250 2779 cum
278 2725 334 2779 in
369 2725 647 2796 rescripto
681 2726 751 2780 ad
779 2726 1065 2780 Asterium
1090 2727 1335 2782 Orientis
1373 2729 1639 2784 comitem
1672 2730 1804 2784 dato

137 2813 369 2868 kalendis
425 2812 752 2868 novembris
809 2813 946 2868 anni
1009 2815 1391 2873 trecentesimi
1447 2818 1807 2888 nonagesimi

137 2902 338 2972 septimi
376 2906 590 2957 statuat
617 2903 912 2968 Arcadius,
940 2903 1260 2960 dirutorum
1299 2905 1561 2960 fanorum
1601 2907 1806 2962 rudera

139 2991 492 3046 instaurandis
523 2991 818 3063 pontibus,
849 2993 954 3046 viis
983 2993 1244 3064 publicis,
1274 2994 1724 3064 aqumductibus,
1753 3001 1809 3049 et

139 3079 342 3134 urbium
378 3080 666 3135 moenibus
695 3097 814 3136 esse
852 3081 1192 3136 insumenda
1231 3084 1321 3152 (De
1352 3084 1450 3152 0p.
1487 3084 1664 3153 publ.,
1698 3085 1808 3150 lege

140 3168 226 3233 36).
257 3167 367 3222 Hoc
395 3173 587 3222 autem
619 3185 771 3223 anno
797 3170 1194 3225 trecentesimo
1225 3171 1602 3241 nonagesimo
1633 3187 1801 3235 nono,

142 3255 282 3309 tertio
310 3255 434 3311 idus
457 3257 616 3326 julii,
640 3258 912 3313 Arcadius
935 3259 1002 3314 ad
1025 3259 1334 3314 tollendam
1354 3276 1584 3314 omnem
1609 3275 1806 3331 super-

141 3341 359 3398 stitionis
394 3346 715 3410 materiem,
749 3347 935 3419 legem
966 3349 1096 3402 tulit
1124 3349 1192 3403 de
1232 3348 1499 3402 omnibus
1538 3364 1804 3419 agrorum

145 3430 266 3486 fanis
292 3433 700 3501 exscindendis,
732 3434 811 3490 ita
847 3439 1039 3490 tamen
1065 3441 1133 3491 ut
1158 3437 1216 3491 id
1242 3437 1381 3491 citra
1418 3437 1805 3508 perturbatio-

148 3535 257 3574 nem
284 3526 338 3576 et
355 3525 665 3578 tumultum
690 3531 1064 3596 perageretur
1085 3526 1180 3598 (De
1202 3527 1338 3596 Pag.
1363 3543 1503 3582 sacr.
1528 3533 1578 3582 et
1601 3529 1803 3598 templ.,

145 3610 233 3677 lege
262 3612 360 3680 l6).
393 3614 502 3668 Lex
544 3612 651 3668 ista
682 3615 935 3668 Damasci
971 3616 1083 3669 lata
1128 3619 1232 3683 est,
1263 3616 1350 3670 vel
1390 3616 1578 3686 potius
1605 3616 1716 3670 ﬁxa
1754 3620 1810 3670 et

145 3701 491 3771 promulgata,
547 3707 609 3756 ut
665 3703 902 3774 quidam
949 3705 1171 3773 volunt,
1223 3703 1613 3759 existimantes
1663 3705 1808 3759 hanc

147 3784 296 3855 ipsam
325 3789 509 3861 legem
541 3807 682 3858 esse,
715 3809 849 3864 qua,
877 3796 940 3847 ut
970 3793 1165 3848 scribit
1191 3793 1596 3861 Theodoretus,
1629 3793 1806 3864 Chry-

146 3880 394 3932 sostomus
420 3880 1069 3952 Constantinopolitanae
1110 3882 1370 3936 Ecclesia:
1400 3882 1569 3936 tertio
1609 3883 1806 3936 kalen-

148 3962 224 4016 das
241 3966 421 4022 martii
441 3968 577 4024 anni
601 3970 984 4024 trecentesimi
1009 3970 1368 4041 nonagesimi
1387 3971 1566 4025 octavi
1588 3975 1809 4025 creatus

149 4051 428 4124 episcopus,
469 4056 713 4111 armavit
753 4057 1018 4112 ardorem
1067 4058 1505 4128 monachorum,
1547 4075 1692 4130 quos
1739 4058 1808 4112 ad

148 4137 240 4194 haec
266 4142 390 4198 fana
415 4145 779 4200 demolienda
809 4146 962 4200 misit
990 4145 1047 4200 in
1080 4146 1452 4216 Phoeniciam,
1473 4148 1635 4218 cujus
1658 4146 1808 4201 inter

149 4227 412 4295 primarias
457 4234 628 4289 urbes
679 4236 984 4289 Damascus
1027 4239 1357 4291 recensetur
1401 4236 1807 4307 (Theodoretus,

149 4315 262 4374 Hist.
288 4322 404 4392 eccl.
439 4323 539 4376 lib.
579 4326 631 4389 5,
664 4338 785 4393 cap.
818 4326 926 4393 29).

203 4408 246 4460 3.
274 4408 429 4472 Quod
465 4411 536 4467 ad
574 4411 980 4483 imperatorem
1033 4412 1349 4468 Honorium
1392 4412 1618 4481 attinet,
1651 4414 1808 4468 nulla

152 4490 220 4546 lex
251 4502 423 4554 exstat
459 4501 530 4556 ab
572 4517 639 4555 eo
678 4502 784 4556 hac
822 4501 891 4556 de
921 4517 982 4556 re
1018 4502 1384 4573 promulgata
1421 4507 1554 4556 ante
1592 4519 1808 4558 annum

114 4615 116 4628 ς
152 4583 575 4644 trecentesimum
603 4589 1042 4661 nonagesimum
1069 4606 1308 4646 nonum.
1335 4589 1593 4645 Vidimus
1617 4595 1810 4645 tamen

116 4713 118 4718 ,
153 4667 275 4726 idola
302 4675 491 4732 Romae
529 4679 702 4733 fuisse
745 4678 1082 4744 disturbata,
1121 4693 1254 4732 cum
1294 4677 1481 4732 adhuc
1518 4678 1576 4732 in
1625 4678 1812 4732 Africa

118 4777 121 4808 :
154 4760 352 4832 starent,
377 4767 531 4821 nulla
556 4771 702 4837 tum,
727 4772 791 4822 ut
809 4767 1055 4835 videtur,
1078 4767 1201 4836 lege
1229 4765 1493 4820 adversus
1522 4766 1808 4821 idolorum

118 4865 122 4897 τ
154 4847 333 4906 cultum
376 4853 435 4908 in
471 4855 768 4911 Occidente
803 4855 1116 4928 generatim
1151 4854 1476 4909 constituta.
1514 4856 1808 4909 Verumta-

120 4952 124 4960 '
154 4947 259 4990 men
293 4940 531 4999 infertur
577 4963 645 5000 ex
675 4947 800 5018 lege
829 4946 945 5001 lata
984 4950 1188 5018 quarto
1217 4945 1494 5000 kalendas
1536 4945 1810 5000 februarii

122 5025 264 5079 :anni
296 5031 674 5089 trecentesimi
717 5034 1076 5106 nonagesimi
1115 5033 1274 5104 noni,
1313 5034 1435 5105 jam
1491 5033 1810 5090 Honorium

124 5123 277 5168 eanno
329 5122 606 5191 superiori
670 5124 1011 5195 rescriptum
1041 5124 1110 5180 de
1175 5123 1439 5179 omnibus
1475 5123 1812 5180 idololatriae

126 5202 370 5274 :vestigiis
396 5211 624 5278 penitus
661 5213 916 5268 delendis
944 5213 1340 5284 promulgasse
1366 5213 1572 5285 (Codice
1613 5213 1810 5269 Theod.

126 5285 208 5340 ille
230 5292 370 5363 Pag.,
400 5304 532 5368 etc.,
569 5303 679 5369 lege
726 5301 832 5371 l5).
885 5302 949 5356 Et
985 5302 1094 5356 hoc
1139 5303 1348 5374 ipsum,
1389 5301 1499 5356 nisi
1539 5302 1810 5374 fallimur,

128 5397 137 5426 μ
161 5380 288 5434 notat
309 5391 501 5441 auctor
534 5387 665 5443 libri
697 5388 764 5442 de
788 5389 1274 5455 Praedictionibus,
1301 5388 1400 5461 qui
1422 5387 1683 5460 Prosperi
1708 5405 1811 5442 no-

130 5475 262 5550 men
291 5487 400 5541 prin
429 5493 488 5531 se
518 5479 649 5546 fert,
682 5479 822 5532 dum
851 5479 1186 5546 Honorium,
1214 5479 1415 5550 pietati
1443 5496 1560 5534 suae
1579 5494 1813 5550 prorsus

132 5567 142 5606 ι
163 5549 439 5618 Christianae
461 5565 964 5635 obsecundantem,
984 5568 1198 5639 templa
1213 5549 1447 5624 deorum
1471 5549 1662 5623 omnia
1681 5583 1811 5622 cum

3509 312 3615 363 282

1916 423 2030 477 suis
2063 423 2453 494 adjacentibus
2491 425 2691 496 spatiis
2727 430 2864 481 tunc
2904 427 3161 483 Ecclesiis
3197 431 3523 499 contulisse,
3555 437 3613 488 et

1916 510 2248 566 Christianis
2287 513 2590 568 simulacra
2623 514 2818 569 omnia
2853 515 3246 586 confringendi
3285 519 3606 574 facultatem

1914 599 2134 655 dedisse
2173 605 2415 656 testatur
2443 605 2535 672 (De
2561 603 2907 658 Prasdiction.
2949 604 3048 660 lib.
3099 608 3148 673 3,
3185 621 3304 676 cap.
3348 607 3456 678 33).
3490 611 3605 663 Au-

1915 689 2173 759 gustinus
2203 689 2348 744 libro
2381 691 2646 761 quodam,
2677 708 2849 764 quem
2879 709 3030 748 anno
3061 694 3320 765 proxime
3348 698 3608 768 sequenti

1915 779 2299 849 conscriptum
2341 779 2408 834 ab
2449 796 2514 834 eo
2557 781 2727 834 fuisse
2777 782 3140 851 arbitramur,
3182 785 3376 839 scribit
3414 787 3607 840 Genti-

1916 865 2056 921 lium
2083 867 2386 922 simulacra
2413 868 2590 922 everti
2618 872 2676 923 et
2703 870 2984 942 confringi
3006 871 3165 941 jussa
3204 889 3326 926 esse
3365 873 3607 928 recenti-

1915 955 2018 1010 bus
2036 956 2279 1026 legibus,
2302 956 2545 1011 inliibita
2568 973 2797 1030 quoque
2819 960 3090 1015 sacriﬁcia
3112 961 3403 1016 sanctione
3425 980 3608 1034 poenae

1915 1043 2190 1115 capitalis.
2223 1046 2482 1100 Testatur
2521 1045 2750 1108 ibidem,
2783 1064 2928 1118 pene
2971 1053 3090 1103 toto
3139 1050 3274 1104 orbe
3323 1056 3606 1106 terrarum

1914 1149 2113 1204 reapse
2143 1134 2378 1188 delubra
2409 1135 2679 1201 exscindi,
2712 1136 2862 1191 idola
2893 1138 3227 1205 comminui,
3271 1139 3488 1194 aboleri
3517 1157 3607 1195 sa-

1915 1221 2145 1290 criﬁcia,
2195 1222 2525 1279 daamonum
2570 1225 2816 1278 cultores
2871 1225 3259 1296 deprehensos
3313 1227 3607 1298 suppliciis

1917 1310 2063 1365 afﬁci
2096 1311 2315 1380 (Contra
2342 1314 2518 1381 Epist.
2550 1314 2821 1381 Parmen.,
2847 1314 2938 1369 lib.
2970 1318 3020 1384 l,
3041 1331 3086 1369 c.
3117 1319 3168 1383 9,
3197 1331 3253 1370 η.
3282 1318 3385 1384 15).
3412 1318 3608 1371 Narrat

1914 1398 2070 1466 alibi,
2095 1399 2414 1455 Catholicos
2443 1405 2500 1454 et
2529 1401 2847 1456 Donatistas
2877 1402 2936 1456 in
2961 1404 3326 1474 Paganorum
3357 1404 3607 1475 templis,

1913 1488 2014 1542 ubi
2042 1492 2375 1559 potuerunt,
2409 1490 2730 1544 evertendis
2765 1491 2978 1562 pariter
3016 1492 3339 1560 desudasse,
3372 1499 3430 1548 et
3459 1509 3610 1565 sym-

1913 1576 2328 1647 phoniacorum
2389 1578 2662 1633 daemonis
2718 1579 2886 1634 tibias
2946 1582 3004 1634 et
3067 1579 3310 1636 scabella
3374 1581 3610 1652 fregisse

1915 1664 2134 1734 (Contra
2159 1665 2542 1726 Gaudentium.
2575 1666 2670 1720 lib.
2716 1669 2763 1734 Ι,
2797 1684 2851 1722 n.
2888 1667 2995 1737 5t).
3030 1668 3168 1722 Cum
3216 1670 3305 1723 lex
3340 1669 3608 1724 adversus

1914 1753 2069 1807 idola
2099 1770 2219 1808 rem
2251 1755 2466 1808 nullam
2495 1755 2785 1819 eximeret,
2809 1757 2879 1810 ad
2910 1755 3105 1811 omnia
3134 1757 3448 1827 generatim
3481 1775 3610 1829 qua:

1913 1839 1982 1894 ad
2029 1839 2314 1894 idolorum
2363 1841 2580 1895 cultum
2622 1845 2962 1911 spectarent,
3007 1841 3231 1896 videtur
3273 1848 3519 1910 extenta,
3551 1848 3610 1898 et

1915 1927 2196 1982 excidium
2227 1928 2440 1999 pariter
2476 1928 2614 1998 ipsis
2643 1929 2814 1982 etiam
2854 1929 3074 1996 statuis,
3108 1947 3236 2000 quae
3267 1937 3602 1986 ornamento

1914 2016 2164 2072 aediﬁciis
2193 2015 2432 2086 publicis
2459 2021 2640 2082 erant,
2662 2017 2836 2072 fuisse
2867 2016 3234 2072 intentatum.
3257 2020 3370 2073 Hoc
3391 2031 3453 2073 ut
3472 2036 3608 2090 pro-

1914 2105 2139 2160 biberet
2169 2104 2470 2171 Honorius,
2517 2105 2852 2176 rescriptum
2883 2106 3042 2161 dedit
3089 2113 3292 2178 quarto
3336 2109 3609 2164 kalendas

1913 2193 2185 2248 februarii
2224 2193 2361 2247 anni
2391 2193 2772 2248 trecentesimi
2811 2194 3172 2265 nonagesimi
3209 2196 3344 2250 noni
3384 2197 3454 2251 ad
3496 2198 3608 2251 Ma-

1914 2281 2172 2336 crobium
2201 2286 2255 2336 et
2293 2282 2650 2336 Proclianum
2681 2283 3084 2353 praefectorum
3123 2283 3362 2338 vicarios
3400 2286 3611 2354 (Codice

1919 2371 2111 2425 Thcod.
2158 2370 2223 2424 de
2266 2373 2524 2438 Paganis,
2556 2375 2691 2435 etc.,
2722 2373 2834 2439 lege
2869 2371 2977 2442 15),
3015 2366 3264 2426 alterum
3307 2372 3367 2426 in
3409 2373 3611 2444 Hispa-

1914 2458 2028 2525 nia,
2066 2459 2304 2513 alterum
2353 2458 2413 2513 in
2457 2459 2711 2530 quinque
2760 2460 3068 2514 Galliarum
3114 2461 3442 2530 provinciis,
3480 2479 3610 2532 quae

1916 2551 2068 2609 sunt,
2098 2551 2159 2600 ut
2188 2551 2409 2618 putant,
2433 2547 2620 2618 prima
2641 2553 2696 2602 et
2715 2549 2963 2604 secunda
2989 2549 3316 2620 Aquitania,
3341 2550 3607 2618 secunda,

1916 2637 2080 2691 tertia
2107 2641 2163 2691 et
2187 2641 2390 2708 quarta
2419 2637 2834 2708 Lugdunensis.

1985 2728 2038 2780 4.
2082 2727 2244 2796 Legis
2294 2727 2524 2780 Honorii
2565 2727 2634 2781 de
2680 2726 2975 2781 diruendis
3021 2728 3331 2783 Gentilium
3381 2731 3608 2800 templis

1914 2814 2288 2885 exsequenda:
2315 2813 2602 2885 provincia
2631 2815 2931 2869 comitibus
2957 2815 3117 2870 Jovio
3150 2815 3265 2870 sive
3293 2817 3526 2871 Joviano
3557 2821 3614 2870 et

1915 2903 2229 2959 Gaudentio
2256 2902 2478 2957 videtur
2524 2902 2694 2956 fuisse
2740 2903 3099 2970 demandata,
3153 2921 3283 2958 cum
3331 2904 3391 2957 in
3440 2904 3610 2958 Idacii

1914 2990 2071 3045 fastis
2099 2991 2357 3061 legamus
2402 2992 2616 3062 templa
2658 2991 2764 3046 hoc
2811 3007 2960 3046 anno
3007 3009 3041 3046 a
3079 2992 3394 3048 Comitibus
3437 2992 3609 3047 fuisse

1915 3081 2207 3144 demolita,
2239 3083 2294 3134 et
2323 3080 2568 3150 Prosper
2594 3081 2808 3151 templa
2839 3079 3033 3134 omnia
3063 3098 3094 3135 a
3120 3080 3423 3135 comitibus
3451 3081 3609 3135 Jovio

1916 3175 1971 3224 et
1999 3168 2311 3224 Gaudentio
2355 3168 2597 3239 spoliata
2639 3169 2811 3223 fuisse
2845 3173 3061 3223 asserat
3103 3171 3201 3238 (Dc
3237 3169 3606 3237 Przdiction.,

1917 3258 2011 3312 lib.
2044 3261 2095 3323 3,
2131 3272 2250 3326 cap.
2295 3257 2407 3324 38).
2452 3257 2514 3311 Id
2545 3257 2780 3328 quidem
2824 3257 2945 3328 ipse
2985 3259 3055 3312 ad
3085 3259 3385 3314 Theodosii
3415 3258 3610 3330 magni

1916 3353 2178 3416 tempora
2203 3345 2378 3400 refert
2409 3361 2422 3399 :
2454 3361 2654 3400 verum
2685 3351 2780 3400 aut
2819 3346 2932 3401 illis
2962 3347 3159 3402 eadem
3189 3364 3323 3402 cura
3350 3348 3523 3402 semel
3556 3350 3612 3400 et

1915 3435 2128 3490 iterum
2156 3434 2498 3490 demandata
2519 3439 2622 3502 est,
2641 3435 2892 3506 primum
2915 3435 3019 3490 sub
3047 3436 3383 3502 Theodosio,
3406 3435 3610 3491 deinde

1917 3524 2022 3578 sub
2051 3524 2320 3590 Honorio,
2352 3524 2506 3595 quod
2534 3524 2727 3578 minus
2764 3523 2986 3580 videtur
3015 3525 3334 3596 probabile;
3368 3529 3468 3580 aut
3491 3524 3611 3594 ipse

1917 3617 2132 3680 auctor,
2159 3612 2246 3666 his
2277 3611 2633 3682 temporibus
2677 3613 2858 3667 adhuc
2880 3612 3099 3682 junior,
3129 3629 3244 3668 non
3282 3612 3419 3667 satis
3450 3628 3610 3666 accu-

1915 3704 2098 3755 ratam
2129 3715 2322 3754 rernm
2362 3699 2701 3754 memoriam
2731 3699 2938 3755 tenuit.
2978 3701 3298 3756 Mandatum
3327 3699 3612 3770 siquidem

1918 3788 2138 3842 duobus
2166 3787 2279 3843 illis
2305 3788 2502 3843 datum
2543 3787 2857 3843 Comitibus
2887 3792 3125 3843 notatur
3154 3804 3302 3842 anno
3329 3791 3609 3842 trecente-

1917 3875 2062 3930 simo
2091 3875 2466 3946 nonagesimo
2513 3891 2686 3944 nono,
2735 3891 2851 3929 non
2881 3876 3066 3930 solum
3107 3875 3168 3929 in
3217 3875 3389 3930 ldacii
3430 3875 3609 3942 fastis,

1917 3964 2013 4018 sed
2049 3964 2222 4018 etiam
2267 3963 2416 4035 apud
2449 3963 2854 4036 Augustinum,
2889 3964 2988 4035 qui
3031 3963 3139 4018 hoc
3187 3979 3358 4029 anno,
3391 3963 3610 4017 decimo

1917 4056 2119 4124 quarto
2149 4052 2422 4107 kalendas
2451 4052 2666 4124 aprilis,
2699 4052 2934 4107 delubra
2963 4051 3302 4123 Carthagine
3327 4067 3359 4105 a
3389 4049 3610 4106 comiti-

1915 4141 2023 4196 bus
2062 4141 2376 4197 Gaudentio
2426 4145 2483 4196 et
2528 4141 2685 4197 Jovio
2715 4141 3009 4209 demolita,
3039 4145 3095 4196 et
3141 4140 3445 4195 simulacra
3485 4155 3614 4194 con-

1916 4231 2097 4286 fracta
2123 4229 2297 4286 fuisse
2343 4234 2624 4286 testantur
2654 4231 2746 4300 (De
2773 4231 3002 4287 Civitate
3049 4233 3164 4299 Dei,
3206 4230 3300 4284 lib.
3350 4232 3434 4296 t8,
3475 4244 3603 4298 cap.

1917 4322 2025 4384 54).
2071 4320 2232 4375 Haud
2271 4319 2479 4374 scimus
2508 4335 2580 4374 an
2610 4318 2717 4375 iste
2754 4319 2948 4375 Jovins
2990 4319 3144 4375 idem
3183 4319 3274 4386 sit,
3321 4317 3422 4390 qui
3461 4334 3612 4372 anno

1917 4409 2480 4482 quadringentesimo
2519 4426 2671 4464 nono
2710 4409 2820 4464 fuit
2856 4403 3161 4482 praefectus
3197 4406 3494 4480 praetorio.
3540 4410 3616 4463 At

1917 4515 2050 4554 vero
2080 4499 2387 4555 verisimile
2426 4499 2588 4555 nobis
2625 4502 2710 4554 est
2739 4499 3122 4554 Gaudentium
3167 4514 3300 4553 eum
3342 4513 3482 4564 esse,
3514 4496 3616 4568 qui

1916 4604 2108 4643 comes
2153 4587 2263 4643 fuit
2303 4588 2504 4643 Africae
2550 4587 2786 4643 ineunte
2843 4603 2994 4642 anno
3044 4586 3614 4658 quadringentesimo

1916 4677 2126 4748 primo,
2163 4681 2225 4731 ut
2270 4676 2432 4748 legis,
2477 4676 2538 4730 in
2567 4693 2681 4748 qua
2727 4675 2881 4730 illius
2909 4675 3126 4730 mentio
3175 4675 3260 4742 ﬁt,
3307 4674 3614 4746 adscriptio

1917 4769 2159 4820 testatur
2204 4765 2414 4836 (Codice
2463 4765 2658 4820 Theod.
2709 4765 2775 4818 de
2803 4767 3009 4834 Equor.
3060 4765 3193 4818 conl.
3231 4763 3342 4832 lege
3386 4764 3466 4834 3).
3508 4765 3614 4817 Ve-

1916 4870 2047 4909 rum
2075 4869 2206 4909 cum
2235 4853 2322 4908 lex
2349 4852 2455 4907 ista
2485 4851 2862 4907 Indictionem
2893 4851 3292 4907 duodecimam
3322 4853 3610 4924 praeferat,

1918 4943 2060 4998 forte
2113 4942 2302 4998 locum
2346 4940 2619 5012 opinandi
2657 4941 2951 5014 relinquit,
3014 4957 3142 4996 eam
3196 4942 3387 5013 potius
3439 4943 3613 4996 latam

1917 5031 2088 5088 fuisse
2134 5047 2286 5086 anno
2332 5030 2732 5086 trecentesimo
2781 5030 3158 5103 nonagesimo
3205 5047 3377 5098 nono,
3437 5045 3611 5102 quam

1919 5119 2479 5193 quadringentesimo
2497 5119 2708 5191 primo,
2740 5137 2856 5194 quo
2891 5137 3040 5176 anno
3065 5121 3439 5176 Indictionem
3467 5118 3613 5173 deci-

1918 5226 2073 5265 mam
2121 5214 2383 5282 quartam
2433 5213 2593 5264 notat
2639 5209 2948 5265 Marcellini
2993 5210 3333 5265 Chronicon.
3383 5208 3612 5262 Constat

1919 5299 2091 5355 etiam
2114 5299 2235 5370 jam
2263 5298 2394 5354 inde
2411 5315 2445 5354 a
2471 5298 2692 5354 decimo
2715 5299 2884 5354 tertio
2899 5299 2990 5354 die
3019 5298 3154 5354 Julii
3177 5295 3314 5352 anni
3343 5294 3614 5367 quadrin-

1919 5388 2222 5459 gentesimi
2249 5387 2444 5461 primi,
2468 5388 2871 5444 Bathanarium
2893 5387 3064 5443 fuisse
3092 5385 3294 5441 Africae
3321 5383 3608 5438 comitem.

1921 5477 2011 5532 Sic
2057 5478 2366 5534 admodum
2394 5477 2692 5550 probabile
2721 5482 2824 5544 est,
2858 5474 3240 5532 Gaudentium
3285 5473 3409 5544 ejus
3453 5475 3611 5526 ante-

1923 5582 2204 5624 cessorem
2247 5566 2471 5624 Gildoni
2518 5566 2580 5624 in
2630 5567 2736 5622 hoc
2786 5579 3022 5622 munere
3064 5559 3418 5626 successisse.
3467 5561 3608 5628 Illud
