4060 6360
406 278 507 332 283
1608 272 1780 329 VITA
1820 274 1872 328 S.
1926 273 2314 331 AUGUSTINI
2369 272 2704 330 EPISCOPI.

403 401 551 457 inter
577 402 781 456 caetera
816 399 887 454 de
924 398 1031 453 hoc
1075 396 1390 453 Gaudentio
1429 400 1800 461 memoratur,
1835 412 1967 452 eum
2006 411 2106 469 pa-

409 495 550 544 trem
579 489 754 544 fuisse
783 486 953 555 Aetii,
986 484 1346 541 celeberrimi
1383 485 1538 540 illius
1563 484 1724 541 ducis
1746 485 2103 557 temporibus

412 576 786 634 Valentiniani
810 575 1187 648 imperatoris.
1217 575 1484 641 Quamvis
1509 579 1701 630 autem
1727 575 2101 645 Augustinus,

408 667 624 723 ldacius
643 670 698 721 et
729 667 973 736 Prosper
994 667 1356 736 Paganorum
1381 664 1598 735 templa
1618 679 1722 734 per
1742 663 1798 718 id
1827 664 2102 735 temporis

405 756 591 811 excisa
628 754 801 810 fuisse
832 757 1299 817 commemorent,
1334 769 1440 807 nec
1467 751 1682 823 ambigi
1726 752 1930 823 possit,
1961 752 2102 824 quin

404 845 653 917 plurima
677 858 877 916 reapse
903 842 1093 898 diruta
1120 842 1365 908 fuerint;
1389 841 1583 896 omnia
1611 845 1806 895 tamen
1828 841 2102 896 demolita

402 933 597 1000 fuisse,
631 932 817 988 dicere
848 947 967 987 non
994 947 1315 1003 possumus.
1356 931 1495 985 Nam
1527 929 1831 984 concilium
1862 929 2099 985 Cartha-

401 1021 639 1093 ginense
672 1021 859 1076 adhuc
882 1035 1033 1075 anno
1063 1018 1634 1091 quadringentesimo
1662 1018 1852 1090 primo
1883 1021 2099 1073 statue-

401 1109 518 1177 bat,
550 1109 878 1164 facultatem
906 1108 1128 1180 aliquot
1168 1108 1383 1179 templa
1426 1107 1690 1163 dirueudi
1733 1106 1803 1162 ab
1851 1108 2100 1178 Impera-

400 1203 520 1253 tore
549 1214 671 1252 esse
696 1197 1096 1269 postulandam
1129 1196 1339 1265 (Codice
1368 1198 1566 1254 Conon.
1598 1197 1805 1264 Ληΐου
1830 1212 1950 1251 can.
1984 1196 2095 1267 84).

402 1289 468 1343 Et
523 1303 589 1341 ex
637 1290 871 1341 auctore
916 1286 1045 1340 libri
1096 1286 1166 1341 de
1215 1283 1708 1352 Prasdictiouibus,
1762 1285 2097 1341 mandatum

397 1373 558 1431 Jovio
588 1378 646 1429 et
674 1373 993 1430 Gaudentio
1017 1373 1086 1428 de
1110 1373 1376 1428 tollendis
1404 1372 1615 1444 potius,
1647 1389 1821 1445 quam
1850 1373 2100 1429 confrin-

400 1462 604 1535 gendis
648 1461 834 1530 idolis,
881 1462 1075 1518 datum
1124 1462 1311 1518 fuerat
1354 1460 1449 1533 (De
1493 1461 1860 1530 Prwdiction.,
1893 1462 1989 1518 lib.
2041 1465 2093 1531 3,

400 1567 524 1622 cap.
564 1551 676 1624 38).
709 1553 918 1606 Verum
957 1567 1086 1605 cum
1127 1550 1188 1605 in
1234 1550 1493 1606 Ecclesiae
1530 1566 1755 1618 manus,
1795 1554 1860 1606 ut
1902 1549 2098 1605 verisi-

399 1638 535 1693 mile
566 1642 669 1700 est,
697 1639 1087 1706 traderentur;
1112 1638 1324 1693 mirum
1352 1638 1531 1693 videri
1557 1654 1672 1694 non
1691 1638 1881 1706 debet,
1904 1638 1949 1693 si
1981 1638 2099 1710 epi-

400 1726 557 1800 scopi
585 1727 835 1799 plurima
871 1727 1171 1783 diruerint.
1204 1730 1469 1782 Attamen
1499 1727 1616 1782 sive
1655 1727 1808 1799 quod
1847 1729 2095 1798 Impera-

396 1815 540 1871 toris
568 1816 910 1887 rescriptum
942 1832 1059 1870 non
1090 1815 1144 1871 id
1185 1816 1478 1887 conceptis
1514 1816 1702 1871 verbis
1737 1816 2093 1888 praeciperet,

402 1903 517 1960 sive
544 1904 697 1976 quod
718 1904 1026 1961 Gentilium
1053 1905 1302 1977 querela
1323 1904 1477 1959 illius
1504 1904 1761 1960 animum
1786 1905 2099 1977 permovis-

397 1996 556 2060 sent;
615 2008 766 2047 anno
830 1992 1230 2048 trecentesimo
1287 1992 1656 2065 nonagesimo
1711 2009 1885 2061 nouo,
1926 1994 2096 2049 tertio

396 2080 669 2135 kalendas
694 2081 1051 2152 septembris,
1085 2081 1241 2136 aliud
1269 2081 1608 2154 rescriptum
1637 2082 1792 2138 dedit
1818 2084 1887 2139 ad
1916 2084 2094 2156 Apol-

395 2169 660 2225 lodorum
703 2170 906 2225 Africae
953 2172 1375 2241 proconsulem,
1421 2187 1536 2243 quo
1588 2171 1843 2227 decernit
1883 2173 2099 2244 templa

396 2259 570 2314 rebus
599 2259 866 2314 omnibus
896 2258 1131 2326 illicitis,
1173 2260 1285 2314 aris
1328 2259 1603 2315 nimirum
1651 2264 1705 2315 et
1743 2261 1930 2327 idolis,
1962 2278 2094 2333 spo-

395 2347 551 2414 liata,
584 2346 809 2405 intactis
832 2364 1067 2418 prorsus
1106 2347 1381 2414 aediﬁciis,
1416 2364 1536 2403 esse
1577 2348 1954 2422 relinquenda
1986 2351 2100 2422 (Co-

397 2436 516 2491 dice
545 2436 741 2491 Theod.
774 2436 840 2490 de
866 2439 1021 2504 Pag.,
1055 2441 1178 2504 etc.,
1208 2438 1318 2505 lege
1351 2440 1454 2505 t8).

469 2528 523 2579 5.
557 2524 750 2579 Refert
779 2524 847 2579 ad
877 2524 985 2580 hoc
1018 2529 1248 2595 tempus
1286 2524 1581 2592 Barouius,
1617 2525 1772 2579 velut
1799 2524 2096 2595 quidpiam

403 2612 807 2668 demandatam
854 2612 1009 2668 Jovio
1044 2618 1101 2667 et
1140 2614 1454 2669 Gaudentio
1502 2613 1858 2685 provinciam
1899 2628 2098 2667 conse-

398 2717 581 2772 quens
608 2702 920 2769 (Baronius,
964 2702 1037 2756 ad
1071 2717 1201 2757 ann.
1236 2705 1359 2769 399,
1398 2719 1453 2757 η.
1489 2703 1599 2774 63),
1629 2702 1688 2758 id
1720 2702 1870 2775 quod
1902 2707 2097 2757 auctor

397 2788 529 2843 libri
576 2790 644 2844 de
693 2789 1160 2845 Preedictionibus
1206 2790 1510 2863 contigisse
1539 2791 1735 2847 scribit
1763 2791 1834 2847 de
1881 2792 2095 2862 templo

397 2878 671 2941 Caelestis,
708 2879 960 2934 Honorio
990 2878 1331 2951 imperante,
1364 2885 1494 2935 ante
1532 2880 1914 2953 principatum
1948 2882 2092 2936 Con-

395 2965 606 3032 stantii,
635 2967 733 3038 qui
766 2968 836 3022 ab
873 2968 1121 3023 Honorio
1153 2969 1208 3022 in
1241 2968 1516 3040 collegam
1536 2968 1767 3041 imperii
1785 2985 1936 3024 anno
1959 2985 2094 3041 qua-

397 3054 847 3125 dringcntesimo
878 3056 1172 3128 vigesimo,
1207 3061 1305 3112 aut
1333 3057 1902 3129 quadringentesimo
1935 3057 2094 3129 vige-

399 3142 541 3197 simo
572 3142 757 3214 primo
786 3149 1112 3216 assumptus
1153 3150 1254 3199 est.
1300 3147 1377 3200 De
1419 3148 1524 3200 hac
1563 3148 1796 3202 Coclesle
1830 3145 2095 3217 pluribus

394 3230 621 3285 disserit
651 3231 950 3299 Baronius,
983 3249 1157 3304 quam
1193 3236 1361 3304 putat
1403 3234 1663 3288 eamdem
1693 3250 1758 3287 ac
1792 3234 2094 3289 Astarthen

397 3319 765 3374 Sidoniorum
809 3319 997 3374 deam.
1045 3322 1109 3374 In
1147 3320 1400 3375 confesso
1442 3327 1546 3387 est,
1588 3336 1921 3393 supremum
1949 3321 2094 3377 illud

368 3456 369 3459 η
395 3406 570 3462 fuisse
593 3408 950 3479 Carthaginis
967 3425 1205 3473 numen,
1229 3409 1328 3464 ubi
1347 3411 1626 3483 templum
1647 3410 1945 3482 stupendae
1966 3427 2093 3466 mo-

396 3494 467 3549 lis
496 3495 580 3550 illi
609 3501 994 3552 constructum
1025 3498 1209 3553 fuerat
1227 3498 1546 3554 minoribus
1571 3500 1810 3555 deorum
1832 3500 2092 3556 omnium

394 3584 626 3655 templis
673 3586 962 3654 vallatum,
1012 3587 1226 3642 ambitu
1272 3588 1518 3644 duorum
1573 3589 1692 3645 fere
1736 3588 2091 3660 milliarium,

396 3672 560 3743 cujus
606 3674 796 3745 platea
845 3675 1166 3731 lithostrata
1209 3676 1537 3748 pavimento
1588 3693 1654 3732 ac
1697 3678 1957 3749 pretiosis
1998 3694 2090 3734 co-

394 3761 611 3816 lumnis
640 3766 696 3817 et
723 3764 1004 3818 moenibus
1033 3770 1157 3821 erat
1185 3766 1448 3821 decorata
1470 3765 1564 3837 (De
1590 3767 1864 3834 Praedict.,
1896 3768 1994 3824 lib.
2036 3770 2087 3835 3,

396 3866 518 3922 cap.
566 3852 673 3921 38).
722 3853 843 3908 Jam
893 3853 1117 3925 pridem
1159 3856 1441 3926 templum
1482 3855 1590 3910 hoc
1642 3856 1895 3911 clausum
1948 3862 2086 3923 erat,

394 3939 587 3994 forsan
616 3940 687 3995 ab
715 3957 867 3996 anno
907 3943 1304 3998 trecentesimo
1334 3943 1705 4014 nonagesimo
1734 3942 1941 4015 primo,
1974 3961 2088 4015 quo

393 4026 653 4099 geminas
681 4029 836 4101 leges
865 4030 1267 4101 comperimus,
1292 4031 1500 4102 quibus
1525 4033 1874 4103 templorum
1903 4033 2090 4088 aditus

391 4116 731 4186 prohibetur
759 4118 907 4184 (Cod.
954 4119 1150 4173 Theod.
1203 4119 1269 4174 de
1312 4122 1572 4188 Paganis,
1616 4126 1735 4189 etc.,
1780 4123 1888 4192 lege
1940 4125 2004 4177 10
2041 4126 2093 4176 et

392 4205 505 4273 lege
538 4206 640 4273 lt).
677 4207 742 4260 Et
766 4206 857 4260 hae
883 4205 1084 4277 primas
1114 4213 1248 4262 sunt
1275 4208 1381 4263 hac
1405 4210 1474 4265 de
1503 4226 1563 4265 re
1593 4211 1721 4266 latas
1751 4227 1785 4266 a
1812 4210 2089 4282 tempori-

391 4292 499 4347 bus
526 4292 738 4348 Juliani
767 4299 1061 4367 apostatai.
1092 4296 1233 4352 Cum
1262 4297 1439 4370 igitur
1459 4300 1809 4355 inaccessum
1837 4299 1931 4354 diu
1963 4315 2091 4370 per-

392 4382 713 4449 mansisset,
765 4372 996 4455 spinosa
1036 4385 1281 4457 virgulta
1321 4387 1464 4444 illud
1499 4388 1944 4459 circumseptum
1982 4387 2092 4442 ob-

390 4476 624 4525 ruerant
657 4488 670 4525 :
704 4475 760 4527 et
786 4473 1121 4528 Christianis
1149 4475 1375 4547 ingredi
1406 4478 1749 4543 volentibus,
1778 4481 1841 4531 ut
1868 4476 2007 4530 illud
2030 4475 2090 4530 in

390 4574 558 4612 usum
590 4576 736 4614 verte
764 4561 1058 4634 religionis
1085 4571 1503 4635 consecrarent,
1544 4550 1848 4637 postquam
1897 4566 2091 4619 llono-

388 4645 511 4700 rius
559 4649 817 4705 Ecelesiis
872 4651 1067 4708 omnia
1122 4655 1339 4726 templa
1379 4655 1737 4716 contulisset,
1796 4670 2086 4708 rumorem

389 4741 720 4806 sparserunt
740 4738 1008 4809 Gentiles,
1031 4739 1090 4794 in
1119 4740 1209 4795 his
1234 4741 1425 4796 dumis
1448 4757 1512 4795 ac
1540 4741 1795 4796 sentibus
1817 4742 2088 4797 dracones

390 4827 449 4878 et
475 4823 698 4896 aspidas
720 4826 787 4882 ad
807 4827 1011 4899 templi
1030 4828 1348 4885 custodiam
1374 4830 1570 4896 latere,
1598 4829 1698 4901 qui
1718 4829 1980 4885 auditum
2002 4848 2089 4886 ac-

387 4928 724 4985 cassumque
752 4916 1145 4985 prohiberent.
1181 4922 1294 4987 Quo
1327 4921 1505 4987 magis
1538 4921 1842 4976 Christiani
1874 4922 2088 4986 fervore

386 5004 646 5069 succensi,
672 5019 736 5058 ea
762 5006 1032 5071 facilitate
1060 5009 1241 5060 omnia
1268 5014 1581 5063 amove-runt
1604 5011 1783 5076 illaesi,
1814 5024 1920 5078 quo
1948 5014 2086 5064 tem-

382 5091 539 5161 plum
574 5107 698 5146 vero
740 5094 937 5147 caelesti
978 5096 1113 5162 Regi
1155 5099 1206 5148 et
1241 5098 1462 5151 Domino
1507 5103 1897 5153 censear-arent.
1935 5100 2086 5168 jNam

387 5195 505 5234 cum
534 5185 724 5236 sancta
751 5183 970 5237 Pascha:
991 5185 1239 5237 solemnis
1267 5190 1518 5252 ageretur
1543 5189 1837 5254 festivitas,
1869 5188 2085 5243 collecta

385 5270 501 5323 illic
531 5276 583 5324 et
608 5271 851 5341 undique
877 5274 1023 5326 omni
1050 5274 1362 5327 curiositate
1387 5276 1552 5328 etiam
1581 5276 1868 5330 adveniens
1896 5278 2084 5330 multi-

389 5358 537 5426 tudo,
563 5360 902 5416 sacerdotum
930 5362 1219 5415 multorum
1244 5366 1404 5431 pater
1429 5367 1481 5417 et
1504 5363 1684 5431 digna
1703 5367 1967 5418 memoriae
1994 5380 2085 5419 no-

387 5448 678 5503 minandus
725 5452 951 5505 antistes
979 5450 1260 5519 Aurelius,
1290 5452 1512 5507 caelestis
1533 5452 1655 5521 jam
1685 5455 1885 5522 patriae
1928 5456 2080 5521 civis,

389 5537 699 5593 cathedram
745 5541 857 5596 illic
889 5541 1003 5596 loco
1047 5542 1278 5597 t‘rrlestis
1323 5544 1373 5595 et
1413 5541 1621 5609 habuit,
1671 5545 1721 5596 et
1759 5542 1922 5597 sedit.
1959 5544 2081 5612 Ipse

3802 276 3913 329 “28$:

2215 400 2340 452 tunc
2369 396 2609 464 aderam,
2662 395 2852 467 inquit
2881 400 3101 463 auctor,
3143 411 3261 452 eum
3305 398 3461 450 sociis
3491 401 3541 450 et
3569 394 3781 454 amicis.
3827 400 3916 450 at-

2213 503 2334 557 que,
2373 492 2433 541 ut
2474 501 2529 541 se
2564 486 2976 540 adolescentium
3005 490 3136 540 aetas
3170 488 3457 555 impatiens
3495 488 3920 554 circumquaque

2210 576 2471 642 vertebat,
2504 574 2633 629 dum
2671 576 2873 630 curiosi
2899 576 3115 644 singula
3150 590 3373 644 qumque
3395 589 3498 644 pro
3533 575 3921 642 magnitudine

2213 664 2549 733 inspicimus,
2580 665 2781 719 mirum
2807 664 3081 733 quoddam
3110 668 3161 718 et
3190 664 3501 719 incredibile
3525 669 3706 719 nostro
3734 679 3791 720 se
3820 666 3918 719 in-

2207 754 2371 820 gessit
2399 754 2663 823 aspectui,
2693 754 2886 808 titulus
2907 756 3067 807 aeneis
3093 753 3591 822 grandioribusque
3621 755 3822 808 litteris
3857 755 3917 807 in

2208 842 2554 911 frontispicio
2582 842 2770 912 templi
2797 843 3130 911 conscriptus
3158 858 3171 896 :
3203 843 3480 896 Aunauus
3508 842 3781 895 Pormrex
3825 858 3919 896 ue-

2208 945 2435 984 mcavn‘.
2470 932 2622 985 Hunc
2647 930 2873 997 legentes
2908 931 3104 1000 populi
3136 930 3483 985 mirabantur
3507 945 3755 999 praesago
3785 935 3918 985 tunc

2208 1020 2410 1087 spiritu
2438 1023 2580 1085 acta,
2621 1034 2740 1087 qua:
2761 1021 3020 1089 praescius
3050 1021 3146 1073 Dei
3180 1019 3312 1073 ordo
3342 1023 3482 1074 certo
3507 1021 3611 1073 isto
3637 1021 3741 1089 ﬁne
3778 1034 3918 1075 con-

2208 1108 2442 1162 cluserat
2471 1108 2569 1176 (De
2602 1107 2879 1175 Praedict.,
2913 1107 3005 1161 lib.
3042 1109 3093 1174 3,
3134 1122 3254 1177 cap.
3297 1108 3410 1178 38).
3455 1107 3756 1177 Templum
3799 1105 3917 1160 hoc

2207 1200 2403 1266 postea
2431 1197 2552 1250 solo
2591 1200 2880 1268 aequatum
2920 1199 3005 1250 est
3046 1210 3196 1249 anno
3236 1193 3803 1266 quadringentesimo
3835 1193 3921 1247 vi-

2207 1283 2425 1355 gesimo
2453 1283 2660 1356 primo.
2696 1286 2894 1356 Itaque
2922 1299 3036 1339 non
3068 1283 3137 1338 de
3166 1283 3382 1354 templo
3415 1281 3690 1349 Coelestis,
3711 1280 3811 1336 sed
3842 1280 3915 1336 de

2207 1372 2363 1427 idolo
2394 1373 2736 1445 loquebatur
2763 1372 3136 1444 Augustinus,
3168 1388 3295 1427 cum
3328 1371 3499 1443 paulo
3531 1375 3660 1442 post
3684 1374 3914 1441 captam

2209 1462 2452 1516 Romam
2496 1461 2753 1516 diceret:
2787 1462 3058 1528 Carthago
3097 1463 3159 1515 in
3203 1462 3416 1515 nomine
3460 1460 3664 1517 Christi
3705 1463 3909 1524 manet,

2206 1552 2256 1603 et
2281 1551 2406 1604 olim
2434 1565 2619 1605 eversa
2647 1553 2726 1605 est
2756 1550 3024 1615 Caelestis;
3065 1551 3197 1618 quia
3236 1563 3341 1603 non
3381 1549 3493 1616 fuit
3535 1548 3779 1612 cwlestis,
3817 1546 3915 1601 sed

2208 1640 2476 1693 terrestris
2502 1639 2697 1707 (Serm.
2734 1638 2856 1704 105,
2887 1653 2943 1692 c.
2974 1640 3029 1707 9,
3058 1653 3115 1693 η.
3154 1637 3257 1707 l2).

2277 1729 2334 1782 6.
2389 1728 2601 1781 Auctor
2639 1726 2774 1781 libri
2804 1727 2876 1781 de
2919 1712 3393 1781 Prazdiclionibus
3419 1723 3636 1793 scribit,
3668 1723 3728 1778 in
3758 1739 3910 1796 qua-

2209 1814 2338 1869 dam
2365 1816 2508 1870 urbe
2540 1814 2892 1870 Mauritaniae
2922 1819 3084 1869 eruta
3110 1812 3282 1869 fuisse
3312 1812 3561 1885 plurima
3591 1828 3621 1867 e
3652 1813 3913 1869 cavernis

2208 1903 2509 1958 simulacra
2543 1909 2755 1974 vetera,
2790 1919 2919 1975 quin
2946 1902 3007 1957 in
3046 1918 3142 1957 eas
3171 1902 3425 1957 abstrusa
3456 1901 3714 1969 fuerant;
3746 1907 3806 1956 et
3836 1902 3912 1957 ob

2207 1991 2355 2046 hanc
2378 1991 2767 2047 inventionem
2796 1996 2973 2046 totam
3006 1990 3314 2056 civitatem,
3346 1990 3501 2062 ipsos
3530 1989 3707 2046 etiam
3741 1989 3911 2044 cleri-

2208 2098 2303 2136 cos
2332 2097 2461 2136 reos
2496 2081 2689 2148 fuisse,
2729 2082 2816 2136 vel
2860 2080 3103 2152 perjurii
3152 2079 3437 2135 convictos
3485 2079 3581 2150 (De
3627 2080 3907 2142 Przdict.,

2209 2171 2301 2225 lib.
2336 2173 2389 2237 3,
2422 2186 2541 2241 cap.
2578 2172 2689 2241 38).
2735 2171 2945 2225 Forsan
2973 2169 3044 2224 ab
3083 2168 3322 2223 urbibus
3363 2168 3770 2239 jusjurandum
3818 2185 3910 2223 ex-

2207 2258 2488 2330 igebatur,
2521 2275 2635 2331 quo
2665 2259 3072 2313 conﬁrmarent
3108 2257 3263 2311 nulla
3300 2257 3477 2311 latere
3516 2256 3704 2324 idola;
3731 2257 3904 2327 hujus

2208 2352 2398 2402 autem
2445 2346 2687 2402 civitatis
2716 2346 2926 2413 clerici,
2955 2345 3055 2418 qui
3085 2345 3389 2400 simulacra
3431 2343 3642 2399 scirent
3669 2361 3791 2400 esse
3824 2361 3906 2399 re-

2208 2437 2431 2491 condita
2458 2436 2600 2490 illud
2620 2435 2958 2490 denuntiare
2980 2450 3095 2489 non
3117 2433 3241 2489 ausi
3268 2438 3418 2490 sunt.
3443 2435 3582 2488 Nam
3604 2438 3792 2488 metus
3822 2433 3909 2488 in-

2208 2523 2471 2578 cnrrendi
2513 2524 2571 2577 in
2613 2527 2951 2593 maguatum
2998 2522 3396 2589 offensionem,
3448 2521 3730 2577 efficiebat
3772 2539 3907 2576 non-

2209 2625 2524 2681 nunquam,
2556 2614 2619 2665 ut
2650 2611 2760 2682 ipsi
2784 2610 3089 2665 Christiani
3122 2611 3181 2665 in
3220 2611 3559 2665 idololatriae
3598 2601 3908 2666 sceleribus

2208 2699 2596 2755 conniverent.
2627 2703 2692 2755 Et
2738 2717 2874 2755 sane
2918 2702 3272 2773 Augustinus
3323 2717 3389 2755 ea
3436 2701 3505 2756 de
3552 2717 3612 2756 re
3656 2701 3910 2772 graviter

2207 2789 2523 2859 expostulat
2550 2789 2611 2844 in
2654 2794 2970 2845 memorato
3002 2790 3123 2862 jam
3161 2806 3334 2861 supra
3374 2806 3637 2845 sermone
3672 2792 3739 2844 ad
3782 2792 3906 2860 ple-

2207 2877 2357 2943 hem,
2385 2878 2484 2932 ubi
2512 2880 2820 2934 nonnullos
2849 2880 3272 2952 frequentantes
3300 2880 3532 2950 templa,
3556 2884 3612 2934 et
3639 2879 3699 2933 in
3730 2879 3908 2934 idolio

2208 2983 2321 3021 una
2348 2983 2477 3022 cum
2508 2968 2750 3040 Paganis
2778 2970 3174 3025 recumbentes
3193 2969 3427 3023 damnat
3449 2970 3637 3038 (Serm.
3661 2971 3752 3032 62,
3779 2985 3826 3022 c.
3852 2970 3907 3034 4,

2204 3072 2297 3111 nn.
2328 3061 2385 3126 7,
2413 3058 2483 3128 8).
2518 3058 2577 3113 ld
2608 3059 2753 3113 forte
2783 3063 2915 3130 post
2938 3059 3093 3130 leges
3122 3059 3393 3113 adversus
3422 3057 3806 3113 idololatriam
3838 3060 3909 3111 ab

2208 3145 2457 3199 llonorio
2492 3147 2827 3202 constitutas
2856 3147 3041 3202 adhuc
3073 3146 3271 3214 ﬁebat;
3305 3146 3542 3221 ipseque
3583 3147 3907 3217 Imperator

2203 3230 2358 3287 istud
2380 3232 2665 3304 ﬂagitium
2702 3235 2919 3306 adjuvit
2950 3236 3072 3307 lege
3102 3236 3216 3289 lata
3243 3234 3462 3290 decimo
3494 3234 3662 3289 tertio
3693 3234 3904 3289 kalen-

2206 3319 2303 3373 das
2332 3321 2671 3390 septembris
2691 3321 2828 3375 anni
2855 3321 3244 3377 trecentesimi
3271 3322 3629 3393 nonagesimi
3659 3322 3816 3387 noni,
3845 3322 3903 3374 in

2205 3422 2318 3477 qua
2345 3408 2686 3479 Apollodoro
2706 3408 2909 3464 Africa).
2936 3408 3270 3480 proconsuli
3298 3408 3619 3475 denuntiat,
3640 3410 3799 3463 nolle
3822 3425 3903 3475 se,

2207 3496 2335 3551 licet
2361 3498 2630 3569 profanos
2658 3498 2802 3553 ritus
2831 3498 3077 3553 ethnicus
3107 3497 3524 3570 superstitionis
3561 3497 3901 3564 inhibuerit,

2204 3586 2530 3642 festivitates
2579 3588 2838 3659 publicas
2883 3586 3120 3654 aboleri,
3171 3587 3268 3641 sed
3312 3586 3723 3655 continuandas
3786 3602 3906 3641 esse

2204 3676 2469 3731 ludorum
2510 3676 2922 3745 solemnitates,
2952 3675 3125 3730 modo
3155 3676 3317 3730 nulla
3354 3675 3647 3743 sacrificia,
3674 3676 3763 3730 vel
3799 3675 3906 3731 alia

2205 3765 2422 3837 quaevis
2447 3764 2800 3821 idololatrica
2820 3762 3149 3835 superstitio
3178 3763 3293 3817 illis
3312 3763 3732 3819 immisceretur
3755 3765 3901 3835 (Cod.

2208 3854 2402 3909 Theod.
2435 3854 2501 3909 de
2536 3856 2695 3922 Pag.,
2728 3857 2846 3915 etc.,
2887 3854 2998 3919 lege
3041 3852 3146 3921 17).
3177 3852 3377 3922 Itaque
3415 3853 3723 3907 concilium
3765 3856 3902 3909 Car—

2204 3941 2541 4013 thaginense
2572 3938 2792 3994 decimo
2819 3943 2973 3993 sexto
3003 3938 3279 3993 kalendas
3303 3938 3434 4010 julii
3464 3939 3598 4004 anni
3629 3942 3903 4011 quadrin-

2204 4028 2506 4099 gentesimi
2532 4027 2709 4092 primi
2738 4032 3171 4099 congregatum,
3200 4027 3289 4082 sui
3318 4026 3539 4098 putavit
3566 4044 3687 4083 esse
3707 4030 3901 4096 ofﬁcii,

2206 4117 2521 4172 Honorium
2551 4116 2865 4188 deprecari,
2895 4125 2960 4173 ut
2989 4117 3088 4171 illa
3114 4116 3372 4171 convivia
3399 4116 3632 4189 penitus
3659 4119 3902 4191 abroga-

2202 4211 2312 4276 ret,
2343 4206 2551 4278 quibus
2583 4205 2890 4261 Christiani
2924 4205 2995 4259 ah
3034 4204 3286 4260 Ethnicis
3316 4205 3592 4260 interesse
3618 4207 3900 4277 cogeban-

2203 4299 2325 4361 tur;
2381 4295 2534 4366 quod
2582 4294 2826 4367 speciem
2883 4294 3179 4366 cujusdam
3228 4295 3644 4365 persecutionis
3700 4296 3900 4350 adum-

2202 4383 2424 4451 brabat,
2480 4382 2571 4438 his
2617 4399 2874 4455 persaepe
2917 4388 3112 4438 contra
3155 4382 3455 4453 religionis
3499 4384 3671 4439 decus
3717 4386 3898 4439 multa

2205 4471 2515 4543 procaciter
2550 4472 2910 4544 patrantibus
2960 4472 3105 4543 (Cod.
3160 4474 3329 4530 Cann.
3370 4474 3578 4541 A/‘ric.,
3619 4489 3737 4528 can.
3780 4477 3893 4543 60).

2202 4560 2407 4615 Scribit
2445 4561 2819 4633 Augustinus,
2866 4561 2928 4616 in
2975 4561 3294 4617 evertendis
3344 4562 3589 4634 templis,
3631 4561 3801 4616 idolis
3843 4566 3898 4615 ct

2201 4651 2342 4707 lucis
2369 4668 2475 4723 pro
2504 4653 2775 4708 facultate
2805 4654 2877 4708 ab
2914 4653 3362 4725 imperatoribus
3389 4669 3667 4719 concessa,
3706 4654 3893 4725 priva-

2203 4747 2285 4795 tos
2314 4742 2538 4796 nullum
2567 4742 2774 4798 debere
2796 4758 2861 4797 ex
2893 4758 3093 4798 eorum
3121 4741 3307 4797 ruinis
3335 4743 3698 4799 commodum
3720 4743 3894 4817 perci-

2200 4846 2353 4901 pere,
2377 4847 2450 4887 ne
2468 4832 2536 4887 ad
2567 4832 2908 4888 destruenda
2931 4831 3229 4903 gentilitia:
3253 4831 3669 4904 superstitionis
3699 4848 3895 4886 monu-

2201 4921 2412 4982 menta,
2441 4916 2633 4989 potius
2657 4917 2916 4987 avaritia,
2947 4932 3121 4989 quam
3151 4916 3361 4988 pietate
3386 4917 3517 4972 duci
3544 4917 3847 4972 videantur
3876 4932 3888 4969 :

2199 5003 2253 5059 id
2284 5009 2474 5060 tamen
2507 5021 2624 5061 non
2660 5007 2909 5075 obstare,
2950 5006 3090 5077 quin
3136 5022 3203 5061 ea
3244 5010 3619 5061 monumenta
3658 5005 3716 5059 in
3758 5021 3895 5059 usus

2197 5110 2530 5150 communes
2558 5101 2616 5150 et
2643 5095 2899 5167 publicos
2939 5095 3215 5165 converti,
3247 5101 3345 5150 aut
3389 5095 3597 5151 honori
3633 5094 3754 5149 veri
3794 5092 3893 5149 Dei

2200 5185 2416 5254 possint
2454 5184 2798 5251 consecrari;
2829 5184 2975 5239 sicut
3002 5184 3117 5254 ipsi
3156 5184 3422 5239 homines
3462 5201 3565 5239 sua
3601 5184 3670 5238 ad
3714 5185 3893 5237 Deum

2198 5274 2563 5329 conversione
2592 5274 2652 5329 in
2684 5275 2806 5345 ejus
2843 5274 3057 5345 templa
3101 5277 3531 5329 commutantur
3569 5275 3763 5344 (Epist.
3802 5276 3892 5339 47,

2195 5379 2251 5417 n.
2286 5364 2361 5432 3).

2266 5457 2319 5506 7.
2353 5452 2595 5507 Omnem
2641 5452 2993 5509 Theodosius
3030 5452 3383 5515 adhibuerat
3422 5468 3677 5525 operam,
3715 5456 3781 5506 ut
3825 5451 3892 5504 ab

2201 5541 2535 5597 idololatria:
2568 5542 3067 5614 superstitionibus
3097 5545 3298 5610 Roma,
3330 5542 3430 5599 ubi
3459 5542 3688 5598 altiores
3719 5557 3889 5613 quam
