4060 6360
94 317 200 368 285

95 435 155 489 in
187 435 303 490 alia
336 435 452 490 ulla
481 435 712 491 ditionis
742 436 865 506 ejus
893 437 1033 492 urbe
1072 437 1290 492 radices
1321 443 1571 508 egerant,
1606 457 1808 512 purga-

97 529 281 578 retur.
333 524 614 579 Honorius
664 525 836 579 dubio
888 525 1086 596 procul
1132 525 1282 581 idola
1324 527 1402 581 ibi
1448 529 1685 599 perinde
1745 545 1807 583 ac

95 613 237 667 alibi
271 613 484 685 passim
513 613 827 683 dejicienda
857 619 1179 682 curaverat;
1205 616 1668 688 quandoquidem
1687 618 1805 688 jam

96 706 234 756 ante
269 701 613 773 Ithadagaisi
643 702 882 768 cladem,
916 702 971 756 id
1004 707 1107 770 est,
1137 708 1269 757 ante
1299 719 1514 758 annum
1540 705 1806 776 quadrin-

93 791 488 858 gentesimum
514 795 766 857 sextum;
799 790 915 845 imo
943 807 1076 845 vero
1106 808 1218 862 quo
1247 797 1503 863 tempore
1535 793 1716 848 adhuc
1745 793 1807 847 in

94 879 291 933 Africa
346 880 589 944 stabant,
650 879 763 934 illic
820 880 1134 935 disturbata
1178 885 1346 951 atque
1395 898 1587 936 eversa
1645 887 1807 936 erant

100 967 303 1036 (Serm.
342 971 464 1038 105,
495 983 539 1022 c.
570 970 653 1036 10,
685 983 747 1024 n.
777 969 1055 1036 l3;Serm.
1082 969 1171 1035 24,
1194 985 1247 1022 n.
1275 970 1344 1036 6).
1371 970 1510 1024 Cum
1533 973 1721 1023 autem
1749 971 1805 1022 in

99 1056 208 1110 hac
257 1056 547 1111 idolorum
577 1057 888 1124 eversione,
931 1058 1138 1111 intacta
1164 1061 1528 1112 remanerent
1551 1058 1647 1112 illa
1677 1059 1808 1113 deo-

98 1161 232 1199 rum
265 1145 450 1216 signa,
479 1162 607 1217 quae
635 1145 772 1200 locis
803 1150 856 1200 et
886 1145 1142 1200 arditiciis
1187 1145 1429 1216 publicis
1469 1151 1805 1201 ornamento

95 1237 297 1298 crant;
353 1235 502 1288 Deus
532 1235 794 1288 undecim
839 1238 968 1304 post
1005 1249 1183 1287 annos
1208 1233 1428 1304 reliqua
1457 1234 1553 1288 illa
1579 1234 1805 1306 gentili-

95 1322 192 1375 tim
225 1322 650 1393 superstitionis
681 1313 932 1393 vestigia,
963 1326 1087 1376 tum
1125 1323 1440 1377 Gothorum
1481 1328 1805 1390 manu,tum

94 1411 444 1465 fulminibus
491 1427 522 1464 ο
571 1412 710 1464 cmlo
762 1410 986 1465 vibratis
1023 1409 1252 1482 penitus
1292 1410 1550 1465 abolevit.
1583 1414 1711 1467 Haec
1737 1413 1809 1466 si-

94 1499 489 1554 mulacrorum
533 1498 863 1568 destructio,
907 1515 1034 1570 qua:
1083 1515 1232 1552 anno
1281 1500 1677 1555 trecentesimo
1708 1517 1804 1556 no-

96 1588 398 1658 nagesimo
429 1604 582 1643 nono
615 1587 870 1658 contigit,
894 1604 1120 1642 causam
1146 1589 1393 1658 praebuit
1420 1589 1802 1661 plurimorum

95 1676 413 1730 Gentilium
467 1675 844 1743 conversioni,
877 1675 975 1747 qui
1005 1692 1133 1730 cum
1165 1693 1231 1730 eo
1261 1692 1443 1748 usque
1473 1677 1653 1731 errori
1678 1695 1802 1748 pcr-

92 1766 364 1819 tinaciter
401 1764 790 1827 adluesissent,
838 1765 897 1818 in
943 1781 1067 1819 eam
1101 1781 1260 1836 spem
1306 1765 1554 1834 adducti,
1589 1767 1710 1820 fore
1743 1771 1802 1820 ut

94 1853 400 1924 completis
448 1854 714 1908 trecentis
762 1853 1054 1924 sexaginta
1095 1854 1348 1926 quinque
1387 1855 1574 1922 annis,
1609 1872 1805 1909 secun-

95 1942 230 1995 dum
259 1943 558 1996 oraculum
574 1942 1112 2003 daemonummvilus
1133 1944 1314 1996 cultus
1337 1942 1500 2014 quasi
1521 1943 1800 2013 postlimi-

91 2031 188 2085 nio
224 2035 592 2085 revocaretur
622 2031 679 2084 in
711 2031 1016 2103 pristinum
1056 2032 1251 2096 decus;
1298 2031 1468 2102 hujus
1494 2032 1706 2085 oraculi
1737 2032 1803 2085 ii-

98 2121 227 2174 dem
260 2136 470 2173 vanam
502 2124 557 2175 et
585 2120 813 2174 inanem
846 2120 1036 2183 fuisse,
1065 2137 1128 2173 ex
1159 2125 1364 2174 eventu
1394 2121 1624 2174 demum
1657 2137 1804 2174 com-

95 2213 375 2278 pererunt
428 2209 526 2276 (De
579 2211 737 2264 Cirit.
789 2210 906 2276 Dei,
953 2209 1048 2262 lib.
1101 2210 1182 2274 t8,
1216 2223 1334 2276 cap.
1370 2210 1488 2276 5i).
1545 2209 1806 2262 Testatur

91 2297 476 2367 Augustinus,
512 2297 581 2350 ab
608 2297 716 2350 hoc
745 2297 815 2350 ad
849 2296 990 2349 illud
1020 2311 1200 2366 usque
1231 2301 1474 2366 tempus,
1505 2313 1617 2367 quo
1662 2296 1806 2350 deci-

96 2401 252 2440 mum
306 2389 568 2439 octavum
611 2402 679 2439 ex
724 2384 881 2439 libris
926 2384 994 2438 de
1043 2383 1276 2438 Civitate
1323 2385 1423 2439 Dei
1457 2385 1801 2439 absolvebah

94 2475 370 2529 nimirum
422 2478 552 2546 post
600 2490 779 2528 annos
809 2475 986 2528 ferme
1027 2471 1280 2542 triginta,
1323 2472 1689 2526 christianam
1724 2488 1806 2525 re-

95 2563 375 2634 ligioncm
407 2563 627 2632 majora
651 2563 837 2616 adhuc
867 2561 1174 2631 sumpsisse
1196 2562 1571 2628 incrementa;
1607 2577 1806 2632 quam-

92 2653 174 2705 vis
204 2652 392 2723 ipsam
433 2656 762 2705 constanter
798 2651 1152 2724 affirmarent
1195 2649 1411 2704 Ethnici
1445 2651 1671 2703 tandem
1705 2648 1804 2703 ali-

94 2743 328 2812 quando
370 2740 736 2796 interituram
779 2739 1002 2808 (Enarr.
1052 2741 1111 2793 in
1160 2740 1305 2794 Psal.
1354 2755 1479 2805 Lxx,
1528 2754 1686 2792 serm.
1746 2741 1799 2805 2,

95 2848 148 2885 n.
184 2831 257 2898 4),
307 2829 477 2900 eique
523 2828 750 2883 eventui
796 2832 1014 2882 certum
1058 2845 1121 2882 ac
1149 2827 1450 2881 definitum
1484 2831 1707 2896 tempus
1739 2844 1798 2880 ex

95 2918 343 2972 oraculis
383 2918 738 2988 assignarent
767 2909 997 2986 (Enarrf
1029 2919 1085 2970 in
1116 2917 1262 2971 Psal.
1294 2933 1364 2984 ιν,
1397 2932 1452 2971 n.
1482 2918 1552 2984 1).
1581 2918 1801 2970 Interea

93 3008 179 3062 illi
220 3007 595 3063 sacrificaturi
643 3008 888 3062 latebras
927 3011 1140 3077 petere,
1175 3021 1422 3076 suosque
1469 3005 1638 3060 etiam
1669 3005 1801 3058 deos

95 3098 450 3152 abscondere
516 3097 885 3168 cogebantur,
962 3112 1032 3149 ne
1089 3113 1118 3148 a
1174 3093 1507 3150 Christianis
1566 3093 1796 3164 reperti,

92 3189 253 3257 juxta
283 3185 613 3258 principum
639 3187 794 3256 leges
823 3185 1338 3255 confringerentur,
1368 3187 1541 3252 prout
1571 3183 1797 3236 oracula

97 3276 286 3330 divina
312 3293 416 3348 per
445 3275 772 3330 Iudaeorum
804 3275 1116 3345 Prophetas
1157 3274 1326 3343 longe
1356 3277 1488 3326 ante
1518 3271 1799 3341 pra-edixe-

95 3369 220 3419 rant
253 3365 349 3434 (De
381 3367 627 3422 Consens.
663 3368 898 3432 Evang.,
931 3363 1026 3418 lib.
1061 3366 1110 3429 1,
1143 3378 1188 3417 c.
1222 3362 1332 3431 2'7).
1369 3360 1635 3415 Ethnicus
1667 3359 1796 3429 qui-

97 3453 224 3506 dam
259 3453 415 3507 illius
446 3452 720 3524 temporis
759 3456 925 3522 poeta
969 3451 1312 3522 Sibyllarum
1358 3449 1608 3503 carmina
1633 3449 1796 3518 jussu

96 3540 426 3596 Stilichonis
462 3540 583 3613 igni
614 3541 820 3596 tradita
865 3540 1037 3594 fuisse
1068 3540 1329 3611 queritur
1376 3540 1680 3609 (Baronius,
1726 3537 1800 3590 ad

98 3647 223 3684 ann.
274 3634 403 3697 369,
454 3646 510 3684 n.
561 3634 675 3694 82).
735 3629 972 3684 Honorii
1001 3628 1182 3684 edicto
1227 3627 1494 3682 adscribit
1524 3625 1798 3680 Baronius

1572 319 1784 376 LIBER
1822 317 2148 384 QUINTUS.

1866 3773 2114 3780 —_____—...
2121 3773 2218 3778 φρ...
2223 3772 2254 3778 η.
2259 3772 2354 3778 _......-
2361 3772 2392 3776 _

1141 3893 1656 4017 LIBER
1779 3883 2549 4029 QUINTUS.

3504 325 3606 376 286

1914 439 2103 509 (Idem,
2136 437 2210 492 ad
2236 453 2363 492 ann.
2395 441 2519 505 399,
2565 453 2620 494 n.
2665 439 2784 509 77),
2826 439 2980 510 quod
3027 440 3379 510 Augustinus
3423 448 3615 498 narrat

1914 528 1974 582 in
2003 527 2320 582 Sutl'ectana
2351 526 2576 581 colonia
2607 527 2939 597 contigisse;
2973 544 3084 599 quo
3114 529 3174 583 in
3203 530 3349 596 loco,
3369 547 3498 585 cum
3520 532 3611 586 dc-

1912 617 2058 688 jecta
2100 616 2504 687 confractaque
2543 620 2691 671 esset
2736 617 2989 671 Herculis
3036 622 3239 684 statua,
3291 620 3412 690 ejus
3447 619 3612 691 impii

1914 707 2175 772 cultores,
2225 705 2370 759 facto
2415 705 2476 759 in
2521 704 2867 760 Christianos
2914 705 3153 776 impetu,
3203 707 3498 778 sexaginta
3545 725 3610 764 ex

1912 793 2026 848 illis
2066 793 2440 861 trucidarunt,
2489 793 2588 865 qui
2618 793 2827 848 Christi
2876 795 3220 865 martyribus
3248 796 3508 850 aceensiti
3540 797 3611 851 ad

1911 882 2142 936 tertium
2173 882 2445 936 kalendas
2472 882 2807 953 septembris
2837 881 2896 936 in
2925 885 3180 938 Romano
3211 885 3612 955 Martyrologio

1911 969 2360 1042 comperiuntur.
2390 971 2511 1035 Qua
2533 971 2602 1024 de
2631 987 2692 1025 re
2722 972 3074 1042 Augustinus
3102 971 3401 1042 epistolam
3432 973 3607 1036 illam,

1908 1058 2139 1113 brevem
2169 1059 2424 1130 quidem,
2474 1062 2530 1112 at
2572 1059 2966 1113 vehementem
3010 1059 3205 1130 (Epist.
3249 1062 3343 1132 50)
3389 1062 3614 1133 scripsit

1911 1148 1978 1202 ad
2008 1147 2162 1201 illius
2191 1147 2429 1201 colonia:
2454 1147 2742 1218 principes
2773 1152 2829 1202 et
2859 1148 3131 1218 seniores,
3173 1149 3379 1220 quibus
3409 1167 3610 1220 expro-

1909 1235 2036 1289 brat
2063 1236 2414 1289 conculcatas
2463 1236 2616 1306 leges
2663 1236 2966 1304 Romanas,
3003 1236 3348 1307 judiciorum
3379 1238 3609 1309 religio-

1911 1340 2062 1390 nem,
2115 1340 2178 1378 ac
2219 1323 2580 1394 potissimum
2611 1325 3034 1380 venerationem
3065 1331 3398 1397 metumque
3427 1327 3608 1399 impe-

1910 1417 2167 1467 ratorum
2202 1428 2215 1466 :
2250 1413 2463 1484 quippe
2494 1429 2620 1467 cum
2654 1415 2721 1468 ad
2749 1414 3052 1484 primarius
3091 1415 3249 1468 urbis
3281 1433 3396 1470 suae
3427 1417 3604 1470 hono-

1908 1517 1999 1555 res
2043 1517 2106 1556 ac
2153 1500 2457 1572 dignitates
2503 1518 2598 1555 eos
2641 1503 2950 1573 evexerint,
2982 1520 3126 1574 quos
3155 1509 3372 1558 certum
3401 1508 3517 1559 erat
3547 1504 3609 1558 in

1909 1607 1972 1644 ea
2004 1590 2154 1644 caede
2189 1591 2316 1662 plus
2346 1590 2563 1645 caeteris
2588 1607 2706 1662 prae
2736 1608 2793 1645 sc
2815 1591 3008 1646 tulisse
3031 1593 3607 1647 crudelitatisimma-

1909 1678 2235 1750 nitatisque.
2289 1679 2492 1734 Iisdem
2548 1679 2867 1750 pollicetur,
2923 1686 2978 1735 et
3028 1681 3084 1734 id
3142 1681 3369 1752 quidem
3424 1682 3610 1736 verbis

1909 1772 2282 1822 scommatum
2331 1784 2394 1822 ac
2437 1768 2637 1822 ironiaa
2675 1768 2882 1840 plenis,
2933 1785 2989 1821 se
3019 1773 3349 1822 curaturum
3381 1773 3444 1822 nt
3481 1769 3604 1824 illo-

1911 1873 2038 1910 rum
2089 1857 2226 1910 deus
2265 1856 2616 1924 restituatur,
2659 1858 2752 1911 sed
2798 1873 2970 1927 porro
3003 1855 3232 1910 nonnisi
3273 1873 3338 1909 ea
3366 1856 3510 1924 lege,
3544 1859 3609 1908 ut

1910 1944 2019 2014 ipsi
2048 1961 2275 2016 quoque
2306 1944 2481 1998 vitam
2511 1945 2595 2010 iis,
2633 1945 2841 2015 quibus
2876 1945 3232 2007 ademerunt,
3269 1943 3599 1998 restituant.

1914 2034 2053 2087 Urbs
2086 2033 2349 2104 quaedam
2382 2033 2710 2087 Sutl'etensis
2764 2032 2825 2085 in
2863 2032 3133 2086 Bizacena
3170 2031 3426 2101 ponitur,
3475 2048 3604 2085 cum

1912 2120 2022 2174 alia
2044 2121 2132 2174 cui
2163 2137 2373 2175 nomen
2401 2121 2689 2176 Sutfetulae
2723 2137 2734 2174 :
2770 2121 2830 2174 in
2857 2122 2960 2175 hac
2990 2120 3452 2191 Martyrologium
3483 2120 3612 2174 illos

1913 2210 2202 2280 sexaginta
2233 2227 2263 2263 a
2294 2209 2608 2264 Gentilibus
2636 2215 2773 2264 tunc
2801 2209 3125 2262 interfectos
3154 2209 3414 2264 collocat.

1983 2302 2030 2353 8.
2068 2298 2206 2352 Huic
2237 2315 2384 2351 anno
2419 2297 2811 2352 trecentesimo
2843 2297 3215 2368 nonagesimo
3257 2313 3410 2351 nono
3461 2297 3608 2351 Afri-

1914 2403 2183 2442 canorum
2217 2389 2507 2442 Canonum
2531 2387 2702 2441 codex
2730 2386 3036 2441 concilium
3065 2385 3505 2456 Carthaginense
3529 2403 3610 2439 as-

1914 2476 2314 2547 signatquinto
2331 2475 2602 2530 kalendas
2626 2475 2759 2529 maii
2788 2474 3046 2528 habitum
3084 2490 3096 2528 :
3129 2474 3197 2528 de
3220 2489 3332 2544 quo
3352 2473 3407 2528 id
3431 2490 3609 2528 unum

1915 2567 2200 2630 discimus,
2251 2565 2450 2619 missos
2489 2564 2559 2618 ad
2604 2565 3010 2634 Imperatorem
3054 2563 3226 2616 fuisse
3267 2559 3610 2632 Epigonium

1913 2657 1964 2706 et
2009 2651 2368 2705 Vincentium
2413 2648 2724 2719 episcopos,
2770 2647 2868 2718 qui
2900 2647 3126 2701 concilii
3158 2645 3391 2700 nomine
3425 2645 3609 2714 legem

1912 2742 2198 2811 rogarent,
2251 2754 2365 2809 qua
2394 2742 2706 2803 caveretur,
2756 2753 2826 2789 ne
2857 2736 2984 2807 quis
3014 2749 3373 2806 quocumque
3400 2733 3609 2786 scelere

1911 2827 2229 2890 obstrictus,
2266 2842 2328 2879 ex
2361 2825 2595 2879 ecclesia
2625 2825 2682 2878 in
2713 2841 2884 2894 quam
2930 2823 3298 2891 confugisset,
3346 2837 3450 2890 per
3495 2820 3606 2872 vim

1910 2915 2669 2983 extraheretur(Codeann.
2704 2915 2912 2980 Afric.,
2943 2928 3059 2966 can.
3081 2912 3188 2981 56).
3221 2913 3428 2964 Horum
3463 2909 3610 2977 lega-

1911 3011 2118 3068 torum,
2163 3008 2224 3057 ut
2277 3003 2410 3056 satis
2465 3001 2731 3056 credibile
2775 3005 2880 3068 est,
2934 3003 3158 3070 rogatu,
3216 3000 3400 3068 legem
3450 2996 3608 3048 illam

1910 3093 2193 3148 Honorius
2213 3092 2339 3146 tulit
2362 3091 2560 3161 quinto
2588 3090 2860 3144 kalendas
2890 3087 3123 3142 martias
3153 3102 3302 3140 anno
3331 3083 3606 3156 quadrin-

1907 3182 2245 3252 gentesimo,
2278 3195 2389 3249 qua
2413 3179 2579 3248 jubet
2606 3178 2665 3231 in
2695 3177 2832 3232 locis
2871 3175 3349 3247 frequentioribus
3379 3177 3436 3226 et
3463 3173 3603 3226 cele-

1907 3270 2194 3324 brioribus
2225 3267 2380 3338 attigi
2428 3267 2789 3337 rescriptum,
2821 3266 2971 3336 quod
3005 3280 3156 3322 anno
3186 3279 3357 3333 supra
3385 3266 3608 3315 treceu«

1906 3359 2173 3412 tesimum
2204 3356 2552 3427 sexagesimo
2583 3354 2832 3408 secundo
2863 3354 2934 3406 ab
2963 3352 3188 3407 Iuliano
3211 3353 3481 3420 Apostata
3508 3349 3610 3402 im-

1906 3449 2267 3517 petraverant
2298 3443 2636 3510 Donatistae;
2671 3459 2784 3514 quo
2817 3441 3090 3512 rescripto
3118 3440 3347 3494 illorum
3393 3453 3606 3508 propu-

1909 3536 2080 3592 diosae
2111 3534 2179 3588 ad
2212 3533 2477 3588 eumdem
2509 3532 2917 3602 imperatorem
2938 3545 3131 3601 preces
3161 3526 3606 3582 continebantur

1910 3623 2053 3693 (Cod.
2093 3622 2288 3676 Thcod.
2323 3622 2388 3675 de
2425 3624 2644 3686 Haeret,
2677 3621 2788 3688 lege
2817 3619 2924 3689 37).

2815 3765 2920 3775 ...μσς-
2929 3767 3236 3774 .._.._._._.—_.._—.
3245 3768 3276 3773 ..-
3291 3765 3587 3773 ._._.-....._~_.—

2527 3769 2814 3777 _.___—~_‘_—.—

439 4076 516 4126 De
542 4075 824 4140 Augustini
855 4075 985 4127 actis
1015 4077 1081 4127 ab
1115 4091 1250 4126 anno
1285 4075 1478 4124 Christi
1514 4071 2027 4138 quadringentesimo
2061 4070 2125 4120 ad
2156 4085 2347 4119 annum
2381 4067 2958 4133 quadringentesimum
2987 4065 3248 4130 quintum.

673 4315 897 4372 CAPUT
934 4316 1230 4371 PRIMUM.

105 4405 120 4456 ι
172 4406 416 4471 Quatuor
460 4407 934 4473 Evangelistarum
976 4405 1312 4460 concordiam
1341 4404 1672 4460 demonstrat
1700 4403 1795 4458 ad-

163 4507 350 4549 versus
395 4495 655 4564 inﬁdeles.
707 4497 740 4549 2
769 4495 1070 4564 Respondet
1100 4495 1174 4549 ad
1199 4497 1458 4551 Januarii
1485 4495 1794 4562 inquisitio-

165 4595 256 4638 nes
285 4583 352 4637 de
377 4584 741 4639 Sacramentis
769 4588 821 4639 et
841 4587 1013 4640 variis
1038 4585 1283 4640 Ecclesiae
1302 4583 1790 4639 consuetudinibus.

167 4674 197 4726 3
243 4672 446 4728 Scribit
491 4672 556 4728 de
585 4673 752 4743 Opere
793 4674 1191 4740 monachorum,
1241 4674 1300 4728 in
1338 4688 1518 4728 eorum
1555 4675 1794 4740 gratiam

166 4760 264 4826 qui
289 4774 343 4814 se
373 4761 488 4815 suis
515 4761 766 4816 manibus
797 4761 1188 4828 transigebant.

171 4849 218 4902 1.
248 4848 470 4904 Interea
500 4849 638 4904 dum
667 4850 940 4921 profanus
960 4849 1331 4904 mentitorum
1352 4848 1589 4903 deorum
1609 4848 1794 4902 cultus

101 4934 168 4989 de
220 4939 341 4992 toto
386 4939 642 4994 Romano
692 4938 936 5011 imperio
981 4937 1484 5004 exterminabatur,
1529 4937 1790 4991 laboran-

102 5022 234 5080 dum
262 5025 434 5082 simul
465 5026 592 5094 fuit,
623 5032 689 5083 ut
713 5044 778 5083 ea
807 5045 1036 5100 quoque
1057 5027 1485 5099 dissiparentur,
1522 5043 1649 5097 quae
1669 5025 1795 5081 inii-

103 5111 250 5168 deles
295 5116 565 5171 adversus
607 5116 824 5172 cultum
871 5117 1120 5172 nominis
1168 5115 1375 5172 Christi
1413 5115 1787 5188 objectabant.

104 5200 238 5257 Nam
267 5204 526 5276 quamvis
555 5220 622 5260 eo
653 5205 777 5260 loco
821 5222 911 5260 res
955 5209 1162 5274 essent,
1194 5209 1260 5261 ut
1287 5205 1370 5260 illi
1405 5205 1526 5275 jam
1556 5203 1704 5259 inter
1734 5220 1792 5258 se

104 5287 249 5358 ipsos
291 5294 604 5349 calumnias
642 5310 770 5348 suas
817 5295 1115 5350 mussitare
1147 5294 1239 5349 vix
1285 5294 1586 5362 auderent,
1633 5309 1789 5348 com-

105 5380 276 5445 pressi
318 5381 430 5438 ﬁde
476 5383 740 5439 Gentium
788 5387 844 5438 et
887 5383 1146 5440 omnium
1194 5383 1492 5439 devotione
1546 5383 1788 5453 populo-

107 5481 228 5522 rum
255 5485 270 5523 :
299 5476 695 5528 verumtamen
726 5471 860 5544 quia
888 5473 1191 5528 nonnullos
1217 5473 1402 5528 adhuc
1425 5470 1792 5527 calumniosis

109 5554 575 5626 disputationibus
604 5563 720 5616 suis
759 5563 842 5617 vel
884 5561 1247 5617 retardabant
1271 5579 1304 5616 a
1334 5563 1464 5627 tide,
1499 5578 1569 5616 ne
1594 5561 1788 5616 crede-

1907 4317 2063 4382 rent;
2112 4313 2197 4368 vel
2220 4313 2340 4383 jam
2370 4311 2684 4378 credentes,
2717 4313 2996 4383 quantum
3027 4313 3307 4382 poterant,
3339 4309 3604 4382 agitando

1904 4402 2317 4472 perturbabant
2349 4418 2362 4456 :
2395 4418 2462 4456 ea
2487 4403 2723 4473 propter
2763 4399 3115 4470 Augustinus
3143 4399 3456 4470 inspirante
3486 4401 3602 4455 Deo

1905 4490 2152 4546 decrevit
2175 4495 2404 4562 argutas
2446 4505 2647 4545 eorum
2685 4487 3110 4543 criminationes
3134 4493 3330 4542 contra
3359 4493 3605 4559 quatuor

1903 4579 2220 4649 praesertim
2288 4578 2608 4648 Evangelia,
2669 4577 2880 4632 horum
2948 4576 3307 4631 concordiam
3364 4575 3601 4631 demon-

1905 4668 2158 4734 strando,
2208 4667 2465 4722 refellere
2520 4683 2533 4721 :
2591 4667 2699 4720 Hoc
2743 4667 2886 4720 enim
2937 4666 3126 4730 solent,
3185 4663 3393 4735 inquit,
3442 4667 3604 4734 quasi

1899 4759 2146 4826 palmare
2191 4772 2300 4812 sua
2343 4756 2604 4810 vanitatis
2650 4754 2896 4823 objicere,
2930 4753 3074 4822 quod
3100 4754 3212 4822 ipsi
3246 4753 3605 4821 Evangelistaz

1903 4849 2044 4902 inter
2069 4862 2124 4902 se
2142 4848 2286 4916 ipsos
2315 4845 2642 4899 dissentiant
2668 4841 2771 4914 (De
2791 4843 2946 4898 Cons.
2975 4843 3210 4911 Evang.,
3248 4842 3342 4896 lib.
3381 4846 3430 4906 1,
3471 4857 3516 4896 c.
3543 4845 3599 4908 7,

1902 4954 1957 4992 η.
1996 4940 2106 5009 10).
2129 4936 2315 4993 Posito
2352 4934 2530 5007 igitur
2556 4934 2628 4989 ad
2659 4933 2891 5006 aliquod
2929 4937 3181 5004 tempus,
3213 4933 3369 5005 quod
3398 4919 3605 4988 in‘ma-

1904 5027 2069 5082 nibus
2109 5025 2374 5092 habebat,
2426 5038 2599 5094 opere
2644 5022 2713 5077 de
2760 5021 3054 5089 Trinitate,
3100 5021 3256 5076 aliud
3293 5021 3600 5077 admodum

1902 5114 2303 5181 necessarium,
2350 5129 2462 5186 quo
2503 5126 2786 5166 summam
2845 5109 3330 5182 Evangelistarum
3367 5126 3598 5165 concor-

1901 5205 2054 5260 diam
2083 5203 2424 5270 ostenderet,
2457 5200 2704 5272 suscepit
2731 5200 3080 5272 perfecitque
3111 5201 3304 5255 labore
3330 5199 3599 5254 continuo

1902 5294 2159 5362 (Retract.
2195 5292 2287 5347 lib.
2321 5295 2374 5359 2,
2404 5307 2523 5362 cap.
2562 5290 2672 5362 16).
2705 5290 2865 5344 Haud
2884 5289 2966 5344 ibi
2995 5289 3219 5344 silentio
3239 5287 3597 5360 prmterit,si-

1903 5383 2159 5436 mulacra
2175 5395 2304 5452 quae
2336 5379 2601 5435 Gentium
2626 5378 2845 5433 caecitas
2859 5377 3263 5448 adorabat,per
3285 5375 3346 5429 id
3367 5379 3598 5446 tempo-

1903 5471 1980 5526 ris
2012 5471 2171 5542 jussu
2203 5471 2617 5542 imperatorum
2645 5467 2822 5524 deleri
2851 5467 2948 5538 (De
2971 5469 3124 5524 Cons.
3158 5467 3369 5532 Evang.
3403 5465 3497 5520 lib.
3545 5468 3594 5530 t,

1899 5579 1972 5616 ec.
2028 5566 2115 5625 ΞΟ,
2176 5562 2266 5623 27)
2312 5576 2324 5613 :
2382 5559 2533 5630 quod
2591 5560 2928 5628 argumento
2977 5559 3078 5619 est,
3112 5570 3238 5607 cum
3279 5554 3439 5623 operi
3467 5555 3596 5612 huic
