4060 6352
427 273 526 323 287
1628 251 1799 326 ἯΤΑ
1855 271 1910 324 S.

425 405 661 446 manum
690 404 809 445 non
839 391 968 445 ante
992 388 1168 444 finem
1189 388 1327 445 anni
1354 392 1738 448 trecentesimi
1767 391 2126 464 nonagesimi

426 481 564 536 noni
611 479 943 536 admovisse.
1006 480 1213 550 Legem
1271 479 1423 534 enim
1471 482 1577 536 hac
1617 483 1686 536 de
1732 499 1793 536 re
1841 482 2127 553 conceptis

427 569 613 624 verbis
637 569 827 624 datam
857 569 1073 623 nullam
1105 568 1382 623 habemus
1413 569 1480 624 iis
1511 571 1887 642 superiorem,
1912 588 2040 642 quas
2067 571 2129 624 in

428 658 615 713 Africa
653 657 1031 730 promulgatae
1085 662 1142 712 et
1188 659 1533 713 exsecutioni
1573 660 1855 715 mandata:
1898 660 2131 714 fuerunt

428 763 580 801 anno
630 763 802 818 supra
849 749 1164 800 memorato
1213 764 1228 800 :
1277 745 1484 817 quibus
1523 749 1779 803 nondum
1810 748 2130 804 constitutis

429 835 715 890 fatebatur
758 834 1126 904 Augustinus,
1161 850 1274 888 non
1314 835 1483 890 licere
1526 837 1633 891 sibi
1664 836 1967 892 simulacra
1995 853 2128 891 con-

429 924 700 995 fringere,
735 923 842 977 nisi
869 923 938 978 ab
966 923 1077 976 illis
1103 939 1350 995 quorum
1382 941 1448 978 ea
1478 929 1662 994 erant,
1693 926 1930 980 facultas
1967 925 2128 980 dare-

429 1017 524 1068 tur
551 1013 751 1083 (Sena.
783 1015 870 1077 62,
906 1027 951 1068 c.
999 1016 1082 1077 ll,
1109 1028 1164 1067 η.
1203 1013 1304 1082 17).
1340 1013 1479 1068 Cum
1507 1019 1700 1068 autem
1730 1015 1902 1085 hujus
1941 1014 2130 1084 operis

430 1118 632 1172 scopus
661 1101 732 1155 sit
773 1101 1188 1172 demonstrare,
1237 1118 1350 1174 qua
1393 1102 1610 1157 ratione
1641 1104 1762 1157 loca
1791 1103 2130 1175 Evangelio—

430 1206 558 1244 rum
617 1189 676 1244 in
735 1190 982 1260 speciem
1027 1189 1178 1244 inter
1221 1207 1280 1244 se
1327 1191 1658 1246 dissidentia
1695 1192 1916 1262 possint
1945 1192 2129 1247 conci-

431 1278 588 1346 liari;
617 1278 848 1334 titulum
875 1278 928 1332 ei
964 1278 1192 1346 indidit,
1223 1283 1295 1334 De
1333 1281 1600 1337 Consensu
1628 1283 2124 1351 Evangelistarum.

434 1367 658 1422 Primus
699 1372 894 1423 tamen
937 1368 1122 1440 aperis
1172 1367 1318 1424 liber
1361 1368 1421 1423 in
1466 1369 1536 1424 iis
1577 1370 1934 1425 revincendis
1976 1375 2132 1426 totus

433 1459 760 1532 occupatur,
793 1456 891 1528 qui
920 1473 1050 1511 cum
1082 1457 1389 1525 Christum,
1416 1461 1692 1530 tanquam
1721 1458 2018 1514 hominem
2049 1476 2128 1513 sa-

431 1544 652 1616 pientia
695 1545 866 1617 longe
897 1561 1017 1616 prie
1046 1545 1263 1600 caeteris
1291 1546 1684 1613 excellentem,
1731 1547 2130 1602 honorandum

435 1649 557 1687 esse
605 1649 720 1688 non
769 1639 1068 1705 negarent,
1119 1634 1422 1705 Evangelio
1470 1638 1662 1690 tamen
1712 1635 1888 1690 ﬁdem
1935 1637 2133 1692 haberi

433 1721 670 1788 nollent,
704 1723 856 1794 quod
883 1739 1000 1777 non
1030 1723 1099 1778 ab
1128 1721 1251 1793 ipso
1281 1722 1501 1778 Christo
1529 1723 1909 1794 conscriptum
1938 1723 2129 1790 fuerit,

433 1809 526 1864 sed
559 1809 630 1864 ab
655 1810 777 1880 ejus
797 1809 1114 1881 discipulis,
1138 1811 1237 1882 qui
1259 1816 1314 1865 et
1337 1811 1679 1882 magistrum
1702 1829 1870 1866 suum
1889 1828 1994 1883 pro
2020 1814 2132 1866 Deo

433 1898 827 1966 obstruserint,
851 1900 996 1953 etde
1020 1899 1257 1954 deorum
1282 1900 1593 1956 abdicando
1615 1902 1790 1965 cultu,
1811 1919 1981 1974 quam
2011 1902 2134 1972 ipse

432 2003 549 2042 non
595 1985 678 2041 eis
723 1986 1048 2043 tradidisset
1094 1987 1412 2043 doctrinam
1442 1989 1822 2060 praedicarent
1849 1991 1948 2062 (De
1976 1993 2129 2048 Cons.

432 2079 669 2145 Evang.,
708 2077 802 2131 lib.
835 2078 888 2140 2,
916 2078 1127 2146 prolog.
1158 2093 1218 2133 n.
1251 2077 1320 2150 l).
1349 2079 1414 2133 In
1443 2078 1568 2133 aliis
1597 2095 1734 2151 ergo
1763 2080 1947 2134 tribus
1976 2080 2134 2134 libris

435 2164 682 2220 ostendit
719 2169 968 2237 quatuor
1010 2166 1393 2237 Evangelistas
1423 2167 1574 2222 inter
1603 2185 1661 2222 se
1691 2185 1987 2240 nunquam
2017 2186 2132 2224 non

434 2253 736 2309 convenire
770 2270 784 2309 :
821 2271 935 2326 qua
963 2253 1025 2308 in
1054 2257 1241 2326 operis
1270 2260 1432 2326 parte
1464 2257 1711 2312 multum
1741 2274 1933 2328 operae
1958 2275 2022 2312 ac
2051 2259 2136 2312 la-

434 2341 588 2396 boris
625 2359 683 2397 se
713 2342 1127 2414 consumpsisse
1156 2359 1275 2398 non
1300 2344 1577 2399 difﬁtetur
1620 2347 1698 2415 (In
1724 2349 1888 2403 Joan.
1921 2350 2132 2415 Evang.

439 2433 640 2486 Tracti.
692 2433 813 2494 112,
867 2432 1007 2503 11⁵7).
1043 2431 1340 2486 Enimvero
1389 2433 1692 2488 destitutus
1721 2438 1844 2488 erat
1873 2434 1942 2488 iis
1969 2436 2132 2506 adju-

435 2519 664 2585 mentis,
709 2519 916 2592 quibus
941 2519 1200 2575 instructi
1231 2521 1389 2577 fuere
1436 2526 1720 2594 quotquot
1747 2527 1945 2594 postea
1981 2525 2133 2579 idem

436 2606 579 2663 illud
609 2613 1014 2679 argumentum
1036 2612 1352 2664 tractarunt
1379 2626 1392 2664 :
1413 2610 1512 2681 qui
1539 2613 1735 2665 tamen
1753 2610 1864 2682 ipsi
1882 2611 2136 2681 vestigiis

438 2697 560 2767 ejus
588 2697 930 2765 insistentes,
961 2697 1051 2752 vix
1083 2697 1400 2770 quidquam
1429 2699 1668 2771 alicujus
1687 2700 1967 2754 momenti
1985 2699 2137 2754 inve-

437 2801 592 2852 nere,
627 2787 781 2858 quod
814 2786 909 2841 ille
939 2803 1056 2842 non
1083 2787 1386 2842 docuisset.

506 2879 558 2930 2.
593 2876 667 2930 Ex
699 2875 937 2930 eruditis
979 2876 1310 2946 hujusmodi
1341 2875 1837 2932 lucubrationibus
1865 2892 2135 2948 magnam

438 2963 915 3019 existimationem
935 2965 1055 3036 jam
1083 2965 1411 3036 collegerat,
1439 2982 1569 3020 cum
1603 2967 1672 3022 ad
1699 2982 1832 3022 eum
1863 2970 2137 3037 tanquam

435 3054 727 3109 doctorem
771 3053 1068 3122 eximium,
1109 3071 1282 3127 quem
1328 3055 1470 3111 nihil
1517 3057 1737 3123 lateret,
1792 3056 2136 3111 christianus

433 3144 668 3215 quidam
688 3145 898 3216 pietate
927 3145 1189 3216 insignis,
1221 3150 1278 3200 et
1305 3145 1487 3200 eidem
1515 3151 1705 3200 sancto
1737 3145 1963 3200 Doctori
1992 3146 2136 3201 bene

436 3233 699 3304 cognitus
740 3231 1026 3301 (Januario
1072 3249 1284 3288 nomen
1335 3235 1496 3304 erat),
1545 3235 1875 3290 deferendas
1922 3235 2140 3290 curavit

436 3321 620 3376 varias
667 3321 737 3377 de
785 3321 1163 3377 Sacramentis
1191 3327 1248 3377 et
1277 3323 1534 3378 Ecclesiae
1565 3323 1766 3377 ritibus
1799 3323 2133 3396 inquisitio-

437 3426 558 3466 nes.
591 3410 733 3466 Cum
757 3411 1059 3482 permultae
1091 3410 1204 3466 illm
1235 3415 1420 3466 essent
1444 3412 1903 3478 commonitorio,
1934 3413 2021 3468 uti
2041 3431 2135 3468 vo-

435 3504 618 3567 catur,
668 3500 918 3570 quodam
967 3499 1411 3572 comprehensae,
1453 3501 1707 3573 primum
1754 3503 1985 3575 quidem
2035 3503 2137 3559 uni

438 3588 561 3659 ejus
589 3588 917 3660 quaestioni,
939 3588 1224 3659 omnium,
1252 3589 1299 3644 si
1325 3590 1586 3645 ordinem
1607 3596 1844 3662 spectes,
1867 3592 2134 3664 principi,

439 3678 508 3732 ab
539 3677 858 3749 Augustino
889 3693 1225 3750 responsum
1248 3684 1350 3748 est,
1374 3697 1488 3752 qua
1516 3680 1781 3736 videlicet
1808 3681 2139 3754 inquirebat

438 3766 576 3839 quid
602 3783 706 3840 per
741 3767 1002 3840 quintam
1030 3768 1228 3824 feriam
1260 3769 1480 3824 ultimae
1506 3770 1878 3826 hebdomadis
1899 3772 2140 3835 Quadra-

438 3855 669 3927 gesimte
695 3856 820 3911 fieri
850 3858 1080 3925 debeat;
1131 3875 1203 3912 an
1235 3859 1594 3914 oll‘erendum
1634 3860 1705 3915 sit
1733 3876 1904 3916 mane
1934 3865 1990 3916 et
2017 3877 2139 3915 rur-

438 3961 533 3998 sus
559 3949 689 4016 post
717 3962 964 4014 caenam;
989 3964 1062 4001 an
1080 3948 1483 4018 jejunandum,
1517 3953 1576 4003 et
1603 3953 1730 4020 post
1759 3965 1981 4004 cumam
2007 3955 2139 4003 tan-

434 4033 734 4089 tummodo
762 4035 1143 4102 oli'erendum;
1178 4052 1251 4090 an
1289 4037 1464 4094 etiam
1487 4037 1891 4109 jejunandum,
1923 4042 1978 4092 et
2011 4043 2141 4108 post

438 4123 809 4190 oblationem,
851 4124 998 4179 sicut
1043 4124 1225 4178 facere
1257 4126 1526 4192 solemus,
1557 4125 1873 4197 inquiebat,
1905 4143 2136 4182 coenan-

439 4209 578 4265 dum
598 4210 796 4280 (Epist.
816 4213 904 4277 54,
929 4226 976 4265 c.
1000 4213 1052 4276 5,
1074 4227 1132 4266 n.
1153 4210 1227 4281 6).
1253 4211 1484 4266 Caetera?
1507 4215 1697 4267 autem
1714 4214 2059 4284 quaestiones
2080 4214 2138 4268 in

439 4298 594 4354 aliud
619 4303 845 4368 tempus
871 4299 1060 4354 dilatas
1101 4303 1251 4354 sunt.
1294 4300 1436 4354 Cum
1472 4316 1606 4354 vero
1635 4302 1936 4356 Januarius
1967 4303 2138 4374 longo

437 4391 567 4458 post
599 4390 858 4459 tempore
905 4403 1008 4459 per
1034 4388 1250 4443 litteras
1279 4403 1412 4443 eum
1444 4393 1719 4460 rogasset,
1752 4406 1824 4444 ne
1855 4390 1968 4445 illis
1997 4408 2140 4463 quo-

440 4491 554 4546 que
582 4475 904 4531 satisfacere
933 4481 1284 4548 gravaretur,
1317 4482 1542 4532 sanctus
1571 4479 1878 4550 Episcopus
1909 4481 2136 4548 multas,

441 4563 650 4636 quibus
687 4567 824 4620 tunc
863 4565 1330 4637 distringebatur,
1377 4567 1774 4638 occupationes
1811 4567 2138 4635 intermisit,

440 4670 556 4726 quo
589 4653 843 4724 ejusdem
871 4654 1080 4726 optatis
1107 4655 1284 4710 altera
1313 4655 1444 4710 data
1473 4655 1714 4726 cpistola
1751 4673 1853 4712 seu
1887 4657 2030 4713 libro
2069 4659 2136 4712 ad

442 4759 574 4797 eum
617 4744 864 4799 secundo
912 4745 1288 4816 responderet
1329 4745 1530 4815 (Epist.
1583 4749 1672 4808 55,
1698 4763 1753 4800 n.
1791 4746 1858 4816 1).
1899 4745 1962 4800 Id
1992 4746 2143 4800 inter

441 4835 648 4887 caetera
689 4831 1081 4888 sciscitabatur
1124 4833 1446 4902 Ianuarius,
1479 4850 1581 4888 cur
1620 4850 1736 4889 non
1775 4850 2001 4906 semper
2031 4851 2144 4889 una

443 4921 760 4994 eademque
789 4921 903 4990 die,
932 4923 1419 4994 quemadmodum
1455 4923 1665 4978 Natalis
1695 4922 1947 4991 Domini,
1978 4922 2060 4978 ita
2089 4927 2144 4978 et

441 5008 728 5065 Paschatis
754 5009 964 5066 festum
991 5011 1404 5080 celebraretur;
1436 5029 1604 5067 curve
1633 5012 1692 5066 in
1724 5013 1826 5067 bac
1847 5013 2145 5067 statuenda

442 5115 505 5154 re
535 5099 936 5155 observaretur
962 5100 1260 5156 sabbatum
1291 5105 1348 5156 et
1375 5101 1511 5156 luna
1544 5101 1724 5168 (lbid.,
1754 5117 1809 5154 n.
1843 5104 1916 5165 2).
1951 5102 2015 5156 In
2045 5116 2142 5172 ge-

445 5187 620 5243 minis
644 5188 801 5243 hisce
829 5187 992 5243 libris
1041 5189 1111 5244 de
1153 5189 1661 5243 consuetudinibus
1700 5189 1894 5242 multis
1932 5189 2140 5259 agitur,

444 5293 573 5349 quae
620 5278 709 5333 vel
755 5277 816 5332 in
858 5276 1145 5344 omnibus,
1177 5277 1266 5332 vel
1297 5277 1480 5331 solum
1510 5277 1570 5330 in
1601 5277 1942 5348 quibusdam
1968 5279 2146 5332 Eccle-

446 5367 544 5423 siis
597 5367 954 5423 obtinebant.
989 5367 1208 5432 Quibus
1259 5365 1549 5439 explicatis
1586 5367 1936 5437 Augustinus
1984 5367 2146 5439 operi

446 5457 622 5512 linem
651 5457 896 5529 imponit
933 5457 992 5512 in
1019 5457 1140 5511 harc
1169 5457 1341 5511 verba
1373 5472 1385 5510 :
1419 5458 1540 5511 Haec
1571 5457 1673 5511 tibi
1699 5458 1750 5511 si
1770 5459 1905 5511 satis
1934 5472 2043 5512 esse
2071 5458 2146 5511 ad

447 5562 510 5601 ea
559 5563 678 5618 quae
705 5548 987 5618 requisisti
1013 5564 1118 5602 non
1155 5549 1454 5617 putaveris,
1483 5547 1647 5604 nimis
1677 5548 1897 5616 ignoras
1926 5551 1974 5602 et
2002 5549 2143 5602 vires

1973 267 2356 325 AUGUSTINI
2415 267 2754 323 EPISCOPI.

3837 269 3940 318 288

2236 395 2286 446 et
2313 393 2681 462 occupationes
2727 404 2889 445 meas.
2937 391 3166 444 Tantum
3195 388 3336 442 enim
3365 388 3554 442 absum
3582 388 3652 442 ab
3681 402 3762 454 eo,
3798 387 3943 457 quod

2230 483 2462 551 putasti,
2494 481 2635 535 nihil
2662 495 2744 533 me
2772 480 2959 544 latere,
2991 483 3052 532 ut
3082 479 3219 532 nihil
3248 480 3305 530 in
3333 479 3557 546 epistola
3592 483 3687 532 tua
3713 479 3940 544 legerim

2235 573 2478 636 tristius;
2511 571 2644 640 quia
2694 573 2743 623 et
2785 570 3124 638 apertissime
3151 569 3355 635 falsum
3384 571 3490 633 est;
3522 572 3571 620 et
3597 569 3771 620 miror
3812 569 3942 634 quia

2237 663 2330 714 hoc
2369 664 2418 714 te
2465 661 2613 726 latet,
2657 658 2802 729 quod
2838 674 2944 712 non
2991 658 3161 712 solum
3191 659 3250 710 in
3297 657 3424 710 aliis
3455 655 3943 710 innumerabilibus

2233 749 2390 803 rebus
2436 749 2609 802 multa
2650 763 2732 802 me
2761 748 2947 813 latent,
2981 746 3074 800 sed
3101 747 3265 799 etiam
3299 747 3358 798 in
3404 747 3542 813 ipsis
3571 746 3777 798 sanctis
3801 744 3945 799 Scri-

2232 839 2419 908 pturis
2435 838 2600 891 multo
2623 839 2856 890 nesciam
2881 837 3048 906 plura
3086 851 3251 905 quam
3287 836 3475 889 sciam.
3510 833 3615 889 Sed
3644 834 3762 887 ideo
3795 849 3943 902 spem

2236 928 2293 978 in
2321 928 2532 979 nomine
2571 926 2774 982 Christi
2802 939 2907 978 non
2937 926 3334 990 infructuosam
3363 937 3507 991 gero,
3541 925 3674 992 quia
3715 937 3826 976 non
3859 937 3942 976 so-

2237 1015 2347 1068 lum
2393 1013 2604 1068 credidi
2632 1016 2736 1067 Deo
2772 1028 2904 1078 meo,
2957 1015 3014 1066 in
3052 1013 3159 1066 illis
3190 1011 3396 1066 duobus
3443 1013 3723 1080 praeceptis
3773 1015 3945 1064 totam

2234 1105 2422 1170 Legem
2465 1103 2865 1172 Prophetasque
2905 1100 3159 1171 pendere,
3200 1101 3294 1155 sed
3321 1103 3484 1155 etiam
3508 1104 3761 1170 expertus
3795 1115 3940 1166 sum,

2236 1194 2587 1262 caprriorque
2606 1191 2872 1261 quotidie;
2899 1190 3334 1258 quandoquidem
3356 1177 3577 1243 nullum.
3591 1190 3729 1243 mihi
3751 1205 3941 1243 sacra-

2236 1285 2471 1336 mentum
2499 1286 2594 1336 aut
2633 1283 2835 1352 aliquis
2853 1295 3024 1335 sermo
3053 1279 3344 1334 admodum
3373 1278 3649 1333 obscurior
3677 1278 3742 1332 de
3764 1279 3942 1332 sacris

2236 1371 2456 1425 Litteris
2482 1373 2746 1440 aperitur,
2769 1371 2863 1424 ubi
2882 1385 2986 1424 non
3002 1369 3185 1423 eadem
3202 1373 3472 1438 praecepta
3485 1369 3753 1437 reperiam
3773 1385 3789 1420 :
3813 1369 3942 1436 ﬁnis

2237 1460 2374 1514 enim
2404 1461 2660 1530 praecepti
2703 1463 2782 1514 est
2819 1460 3058 1514 charitas
3101 1457 3283 1529 (1bid.,
3323 1473 3368 1512 c.
3406 1459 3497 1525 20,
3526 1473 3581 1510 n.
3615 1458 3723 1525 38).
3758 1455 3943 1510 Libris

2237 1545 2437 1601 iisdem
2468 1547 2537 1602 ad
2567 1546 2901 1602 Januarium
2942 1563 3090 1600 anno
3119 1544 3344 1599 circiter
3371 1543 3942 1615 quadringentesimo

2238 1629 2573 1702 conscriptis
2601 1629 2954 1700 Augustinus
2983 1629 3242 1700 proxime
3281 1627 3578 1699 subjungit
3619 1628 3832 1682 librum
3872 1626 3943 1680 de

2239 1721 2422 1790 Opere
2446 1720 2859 1774 monachorum
2890 1718 3148 1788 (Relract.
3183 1719 3275 1772 lib.
3307 1720 3360 1784 2,
3395 1733 3514 1787 cap.
3547 1716 3660 1785 21).

2313 1811 2364 1864 3.
2415 1809 2600 1879 Supra
2646 1807 2908 1873 vidimus,
2957 1807 3288 1862 monasticae
3317 1806 3446 1860 vitm
3477 1804 3808 1859 institutum
3837 1815 3944 1872 per

2239 1896 2484 1951 Africam
2517 1913 2548 1950 a
2577 1913 2690 1968 quo
2711 1901 2968 1967 tempore
2996 1895 3055 1950 in
3077 1911 3203 1950 eam
3229 1895 3368 1950 illud
3399 1892 3726 1966 importavit
3745 1891 3945 1962 ibique

2242 2002 2463 2040 servare
2514 1986 2686 2056 ccepit
2721 1985 3093 2056 Augustinus,
3126 1985 3321 2038 multis
3365 1983 3502 2038 locis
3542 1981 3700 2037 brevi
3729 1995 3945 2051 propa-

2241 2079 2436 2144 gatum
2483 2075 2675 2130 fuisse.
2729 2074 2982 2129 Plurima
3032 2073 3371 2145 Carthagine
3422 2070 3772 2127 monasteria
3811 2085 3946 2123 mox

2243 2164 2482 2218 excitata
2507 2168 2640 2218 sunt
2671 2180 2684 2218 :
2717 2163 2776 2217 in
2805 2163 3012 2232 quibus
3044 2168 3237 2217 tamen
3264 2180 3376 2216 non
3398 2178 3514 2216 una
3542 2159 3779 2216 omnino
3810 2159 3945 2213 vita:

2241 2252 2427 2307 forma
2464 2253 2783 2307 tenebatur.
2826 2253 2930 2307 Alii
2965 2252 3249 2323 siquidem
3277 2251 3546 2322 Apostolo
3576 2249 3944 2320 praecipienti

2243 2358 2462 2397 morem
2489 2347 2769 2414 gerentes,
2801 2343 3034 2414 proprio
3070 2341 3278 2414 sudore
3322 2341 3532 2394 victum
3573 2339 3682 2394 sibi
3710 2354 3944 2409 compa-

2243 2432 2470 2486 rabant.
2509 2430 2619 2486 Alii
2650 2435 2848 2486 contra
2879 2449 2934 2485 se
2961 2431 3187 2502 piorum
3218 2429 3516 2485 hominum
3541 2428 3790 2484 donariis
3817 2445 3946 2482 sus-

2243 2521 2449 2576 tentari
2480 2521 2788 2583 malebant,
2840 2521 2910 2575 ab
2959 2521 3119 2575 omni
3164 2521 3376 2586 labore,
3413 2536 3524 2590 quo
3556 2518 3663 2572 sibi
3689 2533 3945 2572 necessa—

2245 2610 2330 2664 ria
2358 2610 2741 2682 providerent,
2770 2610 3208 2680 supersedentes
3235 2625 3248 2664 :
3283 2609 3454 2680 idque
3495 2625 3612 2662 non
3642 2608 3798 2678 quod
3827 2607 3945 2661 ullo

2243 2697 2620 2753 ecclesiastico
2670 2697 2989 2753 ministerio
3037 2703 3472 2769 occuparentur,
3515 2701 3580 2751 ut
3625 2696 3793 2750 altari
3833 2712 3947 2750 ser-

2243 2788 2459 2842 vientes
2489 2787 2621 2842 inde
2651 2787 2855 2842 merito
2885 2787 2995 2841 sibi
3037 2785 3384 2858 stipendium
3428 2787 3812 2856 postularent;
3847 2790 3950 2839 aut

2245 2877 2399 2948 quod
2425 2877 2662 2932 delicate
2689 2893 2752 2931 ac
2793 2875 3043 2930 molliter
3071 2876 3312 2942 educati,
3341 2892 3456 2931 non
3487 2879 3675 2929 essent
3702 2874 3945 2928 ferendo

2246 2981 2520 3020 manuum
2551 2965 2732 3020 labori
2761 2981 2953 3036 pares;
2987 2965 3200 3036 quippe
3231 2965 3329 3037 qui
3358 2965 3417 3018 in
3449 2963 3776 3019 sodalitium
3809 2980 3944 3018 san-

2245 3061 2398 3110 ctum
2441 3054 2747 3122 coiverant,
2793 3054 2892 3109 ubi
2937 3055 3118 3109 multo
3165 3054 3531 3109 abundabant
3574 3053 3711 3118 otio,
3746 3057 3804 3106 et
3843 3070 3947 3107 eo-

2243 3161 2372 3200 rum
2410 3144 2668 3216 plerique
2698 3144 2833 3198 illuc
2881 3161 2912 3198 a
2948 3144 3063 3198 vita
3091 3143 3439 3214 gravissimis
3477 3142 3763 3197 laboribus
3788 3159 3951 3197 exerv

2245 3235 2354 3290 cita
2390 3237 2684 3289 venerant.
2715 3235 2788 3288 At
2817 3249 2948 3288 vero
2992 3235 3173 3288 multo
3219 3233 3422 3288 melius
3461 3249 3579 3286 esse
3610 3232 3747 3303 ipsis
3791 3233 3949 3287 vide-

2243 3323 2429 3390 batur,
2478 3323 2832 3378 orationibus
2875 3327 2931 3377 et
2971 3323 3205 3396 psalmis
3235 3327 3292 3377 et
3320 3322 3549 3377 lectioni
3577 3337 3794 3388 vacare,
3831 3325 3950 3376 stu-

2244 3411 2338 3466 dio
2364 3428 2591 3484 quoque
2619 3411 2949 3466 incumbere
2977 3428 3040 3466 ac
3070 3411 3430 3466 meditationi
3458 3410 3618 3465 verbi
3648 3411 3943 3481 Dei,quod

2243 3501 2602 3556 venientibus
2633 3501 2701 3556 ad
2729 3517 2787 3556 se
2815 3518 2880 3555 ex
2921 3501 3032 3555 alio
3061 3517 3269 3572 genere
3298 3500 3427 3554 vita:
3457 3499 3727 3554 fratribus
3756 3516 3944 3571 quan-

2246 3592 2432 3662 doque
2455 3591 2814 3661 erogandum
2844 3595 3014 3662 atque
3046 3590 3448 3662 exponendum
3478 3593 3651 3658 esset;
3693 3605 3757 3643 ac
3797 3588 3948 3643 illud

2246 3683 2479 3737 demum
2527 3697 2641 3736 non
2689 3683 2977 3752 operando
3023 3681 3262 3752 implere
3310 3684 3642 3747 statuerant,
3688 3679 3844 3751 quod
3888 3680 3946 3733 in

2247 3770 2550 3841 Evangelio
2598 3769 2668 3825 de
2716 3770 3138 3825 considerandis
3184 3769 3508 3824 volatilibus
3554 3774 3609 3823 et
3655 3768 3789 3823 liliis
3819 3768 3948 3839 agri

2246 3859 2601 3931 praecipitur,
2631 3876 2761 3930 quae
2800 3876 2988 3931 neque
3019 3859 3322 3928 scminant,
3351 3875 3545 3937 neque
3565 3861 3785 3912 metunt
3815 3874 3829 3911 :
3861 3862 3948 3912 ta-

2246 3948 2411 4003 metsi
2463 3950 2532 4003 de
2582 3949 2691 4002 hoc
2727 3949 2881 4020 quod
2929 3948 3213 4028 adjicitur,
3263 3964 3451 4018 neque
3498 3951 3851 4018 congregant
3891 3947 3949 4001 in

2247 4038 2550 4108 apothecas
2599 4040 2812 4104 (Matth.
2853 4041 2906 4104 6,
2957 4038 3064 4107 26),
3118 4037 3307 4092 minus
3355 4036 3598 4104 solliciti,
3640 4052 3824 4106 penus
3855 4052 3947 4090 re-

2247 4127 2561 4181 condenda;
2586 4143 2778 4181 curam
2805 4127 3254 4198 haudquaquam
3283 4125 3652 4196 abjecissent;
3679 4123 3797 4178 imo
3827 4124 3949 4177 vel-

2245 4214 2365 4268 lent
2386 4231 2586 4268 manus
2616 4215 2826 4270 habere
2857 4216 3087 4282 otiosas,
3122 4219 3179 4270 et
3205 4213 3541 4285 repositoria
3571 4215 3761 4284 plena.
3805 4213 3950 4277 Qui-

2246 4319 2492 4374 cumque
2520 4319 2652 4358 vero
2681 4304 2751 4358 ab
2801 4319 3080 4358 manuum
3119 4319 3292 4374 opere
3334 4302 3412 4357 sic
3468 4303 3764 4368 vacabant,
3813 4317 3946 4356 cum

2244 4393 2354 4464 ipsi
2385 4393 2658 4447 deberent
2685 4393 2771 4447 vel
2802 4392 3095 4464 propriam
3125 4392 3374 4464 corporis
3411 4390 3826 4456 infirmitatem,
3857 4391 3946 4444 vel

2246 4497 2407 4536 suam
2455 4482 2713 4552 ipsorum
2762 4481 3036 4537 desidiam
3086 4497 3412 4553 agnoscere,
3466 4496 3584 4534 sese
3631 4479 3701 4532 iis
3730 4478 3945 4549 potius,

2248 4571 2348 4644 qui
2404 4571 2737 4643 quotidiano
2789 4571 3046 4643 duroque
3097 4571 3292 4625 labore
3337 4569 3546 4624 victum
3597 4572 3946 4641 quaererent,

2249 4661 2690 4732 anteponebant.
2728 4659 2868 4715 Hinc
2889 4677 3058 4732 porro
3087 4659 3266 4714 sancti
3286 4660 3558 4732 praesules
3578 4659 3946 4723 verebantur,

2248 4754 2314 4805 ut
2348 4749 2467 4804 veri
2508 4749 2791 4813 monachi,
2839 4750 2937 4821 qui
2982 4748 3155 4803 vitam
3203 4765 3270 4803 ex
3326 4747 3565 4802 sanioris
3611 4746 3740 4801 vitae
3795 4763 3948 4817 prte-

2250 4838 2460 4909 scripto
2489 4853 2650 4892 suam
2695 4837 3040 4908 dirigebant,
3082 4836 3266 4890 fallaci
3309 4836 3539 4891 demum
3585 4834 3817 4906 pietatis
3855 4851 3950 4888 su-

2251 4924 2530 4980 blimioris
2575 4924 2760 4998 specie
2799 4924 2872 4979 ad
2919 4923 3185 4978 inertiam
3235 4923 3661 4994 pellicerentur,
3711 4926 3953 4992 urgente

2249 5013 2566 5085 praesertim
2597 5012 2957 5079 verecundia,
3001 5028 3134 5067 cum
3163 5012 3498 5067 infractores
3529 5011 3821 5082 Evangelii
3851 5012 3954 5067 ha-

2249 5103 2373 5159 beri
2395 5118 2454 5156 se
2483 5102 2876 5174 conspicerent
2905 5101 3058 5172 apud
3097 5101 3414 5171 imperitos.
3449 5103 3731 5156 Praeterea
3755 5102 3827 5156 ab
3858 5102 3956 5155 illa

2253 5209 2452 5248 eorum
2483 5191 2710 5246 vivendi
2740 5191 2961 5245 ratione
2987 5191 3291 5244 auctoritas
3312 5191 3630 5245 addebatur
3655 5191 3954 5245 monachis

2252 5279 2610 5349 errabundis,
2642 5277 2744 5350 qui
2767 5278 2838 5333 ad
2867 5278 3223 5348 operandum
3255 5278 3443 5348 quiete
3475 5294 3537 5331 ac
3566 5276 3795 5331 silentio
3824 5292 3951 5331 cum

2251 5367 2445 5423 induci
2476 5385 2590 5424 non
2631 5372 2884 5438 possent,
2932 5368 3158 5438 plebem
3207 5365 3535 5422 monasticae
3578 5365 3748 5420 vestis
3787 5383 3953 5420 vene-

2252 5458 2474 5514 ratione
2531 5461 2759 5528 captam
2808 5456 3175 5523 deludebant,
3227 5453 3398 5509 variis
3437 5453 3733 5508 fraudibus
3784 5459 3954 5524 atque

2254 5545 2488 5601 fallaciis
2515 5546 2581 5600 ad
2614 5544 2991 5599 corradendas
3007 5542 3271 5616 pecunias
3304 5543 3363 5597 in
3393 5558 3681 5598 summum
3703 5540 3954 5597 instituti
