4060 6350
79 307 186 356 289

77 429 398 484 monastici
418 429 660 485 dedecus
689 431 1003 487 abutentes.
1038 433 1167 487 Erat
1196 449 1423 506 quoque
1459 433 1514 489 id
1558 433 1618 489 in
1651 449 1718 488 ea
1746 449 1806 488 re

79 535 380 590 perquam
412 521 732 586 molestum,
778 522 927 592 quod
967 524 1284 594 complures
1317 540 1347 578 e
1387 524 1660 578 laicorum
1698 539 1804 578 nu-

78 624 270 674 mero,
309 609 416 680 qui
442 609 714 663 laudabili
745 610 1033 665 charitatis
1064 611 1334 667 instinctu
1368 613 1570 668 iisdem
1606 627 1807 667 neces-

78 695 232 751 saria
259 697 670 768 providebant,
701 698 960 770 ipsorum
990 700 1164 756 etiam
1193 701 1468 757 desidiam
1495 702 1806 757 defenden-

76 786 213 840 dam
279 786 662 858 susciperent,
717 804 846 842 cum
900 790 970 843 ab
1017 790 1140 844 aliis
1181 796 1379 846 contra
1435 792 1807 846 damnaretur

79 875 286 928 isthaec
317 875 552 931 vivendi
579 876 740 931 ratio.
777 877 914 932 Hinc
960 895 1131 950 porro
1161 895 1361 950 graves
1399 885 1611 935 exortae
1654 880 1810 934 inter

81 980 183 1017 eos
213 965 652 1031 controversias,
683 965 890 1037 quibus
920 968 1246 1039 agitabatur
1277 969 1540 1024 Ecclesia.
1578 970 1653 1023 Ex
1683 969 1807 1023 istis

78 1053 332 1124 insuper
388 1054 688 1108 desidiosis
737 1060 919 1124 erant,
975 1056 1072 1128 qui
1130 1073 1350 1112 comam
1400 1062 1596 1112 contra
1647 1057 1807 1112 Pauli

74 1142 313 1212 jussum
337 1141 561 1197 nutrire
590 1144 874 1211 solerent;
907 1162 969 1200 ac
1001 1146 1267 1200 nonnulli
1297 1146 1528 1218 quidem
1555 1163 1670 1201 non
1697 1146 1808 1201 alio

83 1231 223 1296 line,
258 1230 380 1285 nisi
409 1248 524 1302 quo
555 1233 830 1302 majorem
852 1233 958 1287 sibi
975 1234 1336 1305 acquirerent
1361 1235 1805 1302 venerationem,

85 1325 139 1374 et
171 1321 513 1374 uberiorem
539 1327 823 1392 quaestum
853 1323 1179 1393 hujusmodi
1207 1324 1545 1379 humilitatis
1576 1325 1806 1379 simula-

86 1410 250 1463 tione
279 1410 559 1463 facerent.
606 1411 669 1464 In
714 1411 823 1465 hoc
849 1411 1050 1466 vitium
1088 1412 1352 1467 monachi
1389 1417 1595 1467 caetera
1624 1417 1803 1469 sancti

89 1500 442 1567 admodum,
499 1504 668 1571 atque
714 1501 786 1554 ab
833 1500 1112 1571 episcopis
1160 1501 1328 1571 longe
1379 1499 1808 1572 prudentissimi

98 1604 321 1658 magno
374 1588 435 1642 in
474 1589 691 1642 honore
747 1589 927 1644 habiti
975 1589 1430 1644 collabebantur:
1481 1606 1595 1661 qua
1642 1589 1808 1660 culpa

90 1676 409 1730 Ecclesiam
474 1677 898 1748 perturbabant,
961 1677 1458 1748 periculosissimis
1506 1677 1806 1732 dissensio-

87 1765 263 1819 nibus
294 1765 360 1818 in
393 1781 459 1818 ea
489 1765 817 1831 concitatis;
847 1781 976 1819 cum
1007 1766 1157 1820 inter
1195 1767 1537 1821 orthodoxos
1582 1765 1700 1832 alii,
1731 1781 1803 1820 ne

88 1854 245 1907 viros
281 1858 448 1908 tanta
492 1853 882 1909 sanctimoniae
930 1856 1082 1908 fama
1126 1855 1406 1926 pollentes
1444 1855 1801 1921 damnarent,

88 1943 148 1996 in
195 1941 456 1996 alienam
501 1942 843 1997 sententiam
905 1959 1168 2015 expressa
1209 1944 1367 1998 Pauli
1409 1945 1578 1999 verba
1615 1943 1805 1998 detor-

91 2048 273 2102 quere
305 2036 691 2101 cogerentur;
738 2032 833 2086 alii
865 2031 1187 2102 legitimum
1216 2032 1526 2102 Scripturae
1570 2047 1802 2086 sensum

98 2121 345 2174 mallent
375 2121 704 2187 defendere,
753 2137 924 2191 quam
966 2121 1235 2192 cuiquam
1281 2121 1582 2175 hominum
1615 2135 1804 2174 assen-

98 2209 238 2264 tari.
280 2208 573 2274 Quoniam
603 2208 862 2264 Ecclesiae
896 2209 1356 2280 Carthaginensis
1384 2210 1566 2264 turbae
1593 2209 1664 2263 ad
1690 2211 1804 2262 Au-

92 2299 326 2360 relium,
365 2301 562 2367 utpote
599 2297 750 2352 illius
801 2298 1131 2367 antistitem,
1162 2314 1279 2368 prae
1325 2298 1544 2352 caeteris
1587 2302 1802 2368 specta-

94 2386 254 2454 bant,
287 2386 338 2440 is
366 2385 775 2456 Augustinum,
800 2386 860 2440 in
886 2387 1030 2440 hanc
1057 2403 1176 2440 rem
1201 2386 1415 2458 aliquid
1447 2387 1655 2457 scripto
1679 2387 1805 2440 ede-

97 2480 206 2540 ret,
252 2475 510 2547 rogavit:
544 2491 608 2528 ac
639 2480 864 2530 sanctus
894 2475 989 2530 ille
1027 2476 1141 2541 Vir,
1173 2475 1272 2547 qui
1307 2475 1683 2530 monasticum
1716 2474 1801 2528 in-

98 2565 394 2631 stitutum,
429 2563 574 2618 sicut
601 2563 660 2617 in
687 2564 926 2634 reliquis
947 2564 1101 2618 orbis
1121 2563 1417 2618 christiani
1448 2563 1797 2634 regionibus,

97 2654 172 2707 ita
195 2670 300 2725 per
330 2653 662 2708 universam
690 2653 936 2708 Africam
963 2653 1202 2708 diffundi
1232 2654 1596 2708 vehementer
1614 2653 1806 2723 cupie-

101 2741 218 2808 bat,
256 2742 666 2797 demandatam
697 2742 806 2796 sibi
848 2743 918 2796 ab
949 2758 1015 2796 eo
1058 2741 1410 2813 provinciam
1457 2743 1562 2796 hoc
1611 2742 1802 2796 minus

101 2831 295 2901 potuit
322 2847 610 2896 recusare,
649 2831 798 2902 quod
828 2848 859 2885 a
886 2830 1105 2886 Christo
1135 2831 1256 2900 ipso
1287 2830 1345 2884 id
1375 2830 1527 2884 illius
1557 2847 1654 2884 ore
1695 2830 1802 2884 sibi

100 2919 380 2990 imperari
417 2937 534 2974 non
576 2919 878 2974 dubitaret.
918 2919 1296 2990 Scriptionem
1339 2935 1474 2990 ergo
1525 2918 1682 2972 illam
1735 2919 1803 2972 ad

102 3009 533 3080 redarguendos
561 3008 773 3079 pigros,
806 3024 933 3080 quae
959 3010 1031 3062 De
1069 3009 1236 3077 Opere
1259 3009 1634 3062 monachorum
1664 3023 1806 3078 prae-

105 3101 360 3164 notatur,
395 3095 784 3150 elucubravit:
827 3094 932 3148 sub
963 3094 1122 3163 cujus
1165 3094 1338 3147 ﬁnem
1385 3094 1679 3148 Aurelium
1719 3110 1807 3147 ro-

112 3189 224 3255 gat,
247 3184 299 3238 si
327 3184 468 3256 quid
494 3183 552 3237 in
583 3199 647 3237 ea
666 3184 754 3237 vel
777 3181 1244 3253 expungendum,
1265 3182 1350 3235 vel
1379 3181 1802 3236 immutandum

116 3273 584 3343 deprehenderit,
617 3273 674 3328 id
695 3272 802 3326 sibi
831 3288 905 3326 ne
936 3275 1202 3342 gravetur
1229 3270 1576 3342 signiﬁcare.
1611 3271 1807 3326 Reclu-

104 3378 321 3432 sorum,
369 3367 436 3417 ut
460 3366 678 3431 vocant,
712 3361 970 3433 atquein
1018 3361 1127 3427 his,
1181 3377 1382 3415 eorum
1431 3376 1660 3431 quoque
1706 3360 1806 3431 qui

108 3449 408 3506 laboribus
452 3450 625 3505 nullis
665 3450 959 3515 vacabant,
991 3448 1344 3503 mentionem
1387 3447 1450 3502 in
1498 3448 1603 3502 hoc
1658 3449 1805 3502 libro

101 3537 230 3592 facit
270 3538 677 3595 honorificam.
738 3538 837 3593 Hic
899 3537 1068 3592 etiam
1123 3537 1182 3592 id
1227 3537 1503 3608 temporis
1549 3537 1805 3592 obortam

103 3626 248 3681 inter
277 3645 339 3682 se
369 3644 435 3682 ac
465 3628 874 3698 Hieronymum
909 3627 978 3682 de
1008 3627 1172 3681 Petro
1194 3629 1250 3682 et
1278 3626 1453 3681 Paulo
1482 3629 1807 3682 controver-

107 3715 248 3770 siam
280 3716 525 3772 indicat.

788 3805 1013 3860 CAPUT
1051 3804 1122 3858 Il.

113 3895 158 3947 t.
238 3894 556 3963 Crispinum
609 3895 1018 3948 Donatistarum
1080 3895 1386 3961 episcopum
1445 3891 1806 3948 Calamensem

169 3987 349 4049 urget,
375 3986 435 4034 ut
465 3984 687 4049 scriptis
726 3983 866 4034 inter
893 3997 948 4034 se
984 3982 1241 4046 confectis
1281 3984 1543 4034 tractetur
1581 3982 1804 4048 quaestio

170 4070 234 4123 de
264 4086 438 4124 causa
466 4070 792 4123 schismatis.
827 4072 860 4122 2
896 4073 969 4123 De
993 4068 1177 4122 eadem
1209 4070 1499 4136 quaestione
1525 4084 1644 4122 cum
1675 4069 1804 4124 Cla-

167 4160 345 4212 rentio
386 4171 486 4224 per
515 4156 724 4209 litteras
764 4155 838 4208 ad
866 4155 1240 4210 Naucelionem
1279 4159 1449 4222 agunt
1489 4155 1726 4224 Alypius
1757 4162 1807 4211 et

169 4246 536 4312 Augustinus.
577 4247 606 4298 3
646 4245 744 4298 Hic
810 4243 1117 4298 Severinum
1159 4243 1606 4310 consanguineum
1650 4258 1806 4298 suum

170 4335 239 4388 ab
289 4337 582 4390 schismate
626 4335 832 4402 eripere
877 4332 1073 4387 studet.
1107 4333 1140 4386 4
1168 4317 1262 4387 Ad
1305 4331 1624 4388 Generosum
1661 4335 1806 4388 scri-

173 4423 270 4488 bit,
303 4440 371 4476 ne
396 4422 560 4477 illudi
598 4423 705 4477 sibi
728 4423 981 4492 patiatur
1008 4436 1042 4474 a
1066 4420 1377 4490 presbytero
1426 4421 1660 4490 quodam
1697 4425 1803 4478 Do-

171 4514 403 4566 natista.

180 4604 197 4654 t
221 4644 231 4654 .
265 4601 610 4655 lndefessam
636 4599 804 4653 simul
835 4615 937 4671 per
963 4599 1017 4654 id
1041 4599 1317 4669 temporis
1346 4597 1514 4652 dabat
1545 4613 1802 4669 operam,

109 4693 171 4741 ut
219 4689 516 4744 catholicae
560 4689 795 4743 unitatis
847 4689 1060 4742 amicos
1125 4687 1454 4742 conciliaret
1512 4687 1794 4740 Ecclesiae.

113 4775 248 4830 Nam
272 4793 340 4831 eo
370 4781 624 4848 spectant
653 4776 874 4848 aliquot
904 4793 1020 4830 non
1073 4792 1261 4847 pravae
1298 4774 1465 4828 molis
1511 4775 1804 4828 volumina

109 4864 328 4920 circiter
355 4867 508 4920 hunc
535 4866 720 4936 ipsum
743 4882 956 4920 annum
978 4863 1610 4936 quadringentesimum
1628 4863 1799 4929 edita,

111 4959 318 5022 praeter
371 4954 552 5010 varias
593 4955 883 5026 epistolas.
916 4955 990 5008 Ex
1017 4953 1106 5008 bis
1142 4953 1268 5008 duae
1311 4956 1441 5006 sunt
1487 4953 1558 5006 ad
1603 4951 1806 5022 Crispi-

112 5057 243 5097 num
274 5045 606 5115 episcopum
641 5043 972 5097 Donatianae
1004 5043 1181 5114 partis
1211 5042 1640 5098 Calamensem:
1673 5057 1806 5112 qua-

113 5145 235 5185 rum
263 5133 424 5203 prior
453 5149 582 5188 cum
616 5132 746 5186 data
771 5132 844 5185 sit
883 5137 1012 5203 post
1043 5131 1233 5203 Optati
1264 5131 1519 5202 quidem,
1548 5130 1644 5184 sed
1674 5134 1803 5184 ante

116 5218 428 5276 Praetextati
465 5220 706 5287 obitum,
740 5235 852 5273 non
883 5223 1068 5290 potest
1111 5219 1171 5274 in
1212 5219 1324 5273 alio
1370 5219 1485 5273 ullo
1545 5223 1802 5289 tempore

115 5308 314 5364 melius
365 5308 651 5365 collocari.
713 5309 855 5362 Nam
897 5307 1221 5363 Praetextati
1258 5324 1322 5362 ac
1369 5307 1634 5362 Feliciani
1679 5307 1804 5378 pari

119 5411 334 5468 semper
359 5399 532 5454 modo
565 5395 849 5464 meminit,
886 5413 949 5451 ac
999 5397 1068 5452 de
1111 5402 1374 5470 utroque,
1427 5397 1583 5469 quod
1629 5397 1802 5452 etiam

120 5487 290 5540 multo
318 5487 564 5542 validius
591 5489 696 5554 est,
727 5484 788 5539 in
831 5485 954 5539 haec
997 5484 1470 5556 verbajloquitur:
1515 5487 1799 5555 Quotquot,

121 5570 212 5640 ait,
243 5573 678 5648 baptizaverunt,
726 5589 811 5631 eos
853 5587 994 5629 nunc
1049 5587 1225 5629 secum
1261 5588 1325 5629 ac
1369 5573 1642 5630 vobiscum
1702 5573 1802 5628 ha-

1565 310 1767 364 LIBEH
1805 308 2121 374 QUINTUS.

3507 311 3610 375 290

1917 433 2038 489 bent
2062 435 2266 506 (Epist.
2299 438 2382 501 5t,
2420 451 2476 492 η.
2509 437 2586 506 Ia).
2623 435 2795 508 Atqui
2818 438 2938 508 jam
2969 441 3091 492 tum
3121 454 3152 491 θ
3176 437 3315 493 vivis
3353 455 3606 496 excesse-

1916 528 2001 578 rat
2036 525 2424 591 Praetextatus,
2467 541 2596 580 cum
2626 526 2980 596 Augustinus
3027 525 3175 580 circa
3221 527 3373 582 hunc
3416 527 3604 598 ipsum

1914 627 2152 681 annum,
2182 613 2340 667 libris
2361 613 2626 668 adversus
2648 615 3089 669 Parmenianum
3112 615 3299 683 editis,
3325 632 3606 672 summam

1914 717 2149 756 manum
2199 702 2471 773 imposuit
2510 703 2679 774 (Cont.
2722 707 2896 774 Epist.
2948 705 3150 770 Parm.,
3207 704 3298 758 lib.
3351 707 3402 769 3,
3443 721 3488 760 c.
3523 705 3597 776 6).

1913 791 2272 862 Quapropter
2299 792 2453 863 quod
2497 797 2692 846 narrat
2721 791 3040 873 Donatistas
3080 793 3374 864 conqueri,
3408 809 3529 848 sese
3575 811 3606 849 a

1913 880 2218 936 Catholicis
2248 885 2608 936 terrenorum
2639 881 2967 953 principum
3007 897 3113 953 ope
3142 881 3352 949 vexari,
3389 882 3448 937 id
3492 899 3609 938 non

1915 969 1984 1024 ad
2013 970 2170 1040 leges
2198 987 2346 1025 anno
2377 970 2940 1041 quadringentesimo
2969 970 3166 1042 quinto
3195 971 3333 1024 latas
3359 969 3608 1026 referen-

1913 1058 2051 1114 dum
2081 1064 2186 1126 est,
2227 1076 2425 1115 verum
2457 1060 2527 1115 ad
2561 1059 2698 1114 alias
2741 1059 3111 1130 antiquiores.
3153 1060 3422 1124 Quaedam
3453 1061 3607 1116 enim

1914 1164 2066 1203 anno
2114 1148 2512 1203 trecentesimo
2557 1148 2976 1220 septuagesimo
3032 1148 3292 1220 septimo,
3344 1150 3608 1220 quaedam

1914 1237 2175 1308 sequenti
2203 1241 2460 1308 tempore
2492 1236 2720 1291 sancitae
2751 1237 2998 1292 fuerant.
3035 1238 3097 1291 Et
3126 1254 3259 1291 sane
3289 1254 3441 1292 anno
3473 1255 3610 1310 qua-

1917 1326 2365 1396 dringentesimo
2412 1326 2660 1380 secundo
2692 1325 2977 1380 fatebatur
3005 1325 3376 1396 Augustinus,
3411 1327 3610 1382 edictis

1914 1415 2330 1486 imperatorum
2377 1419 2607 1470 cautum
2655 1431 2798 1480 esse,
2853 1431 2923 1468 ne
2972 1415 3166 1469 liceret
3198 1415 3504 1470 Donatistis
3550 1416 3607 1470 in

1913 1504 2150 1558 urbibus
2179 1503 2517 1558 commorari
2544 1504 2728 1575 (Cant.
2760 1505 2892 1558 Litt.
2925 1505 3105 1569 Petil.,
3140 1505 3232 1558 lib.
3263 1507 3318 1570 ‘2,
3351 1520 3408 1559 n.
3448 1504 3600 1575 184).

1916 1594 2336 1664 Nonnunquam
2386 1592 2558 1646 etiam
2597 1592 2658 1646 in
2689 1608 2783 1646 eos
2809 1592 2963 1662 leges
2999 1591 3264 1646 adversus
3312 1593 3611 1647 haereticos

1913 1681 1974 1734 in
1995 1680 2324 1734 universum
2355 1680 2690 1734 constitutas
2721 1679 2953 1734 adhibet
2979 1679 3158 1749 (Cant.
3193 1682 3371 1749 Epist.
3399 1682 3607 1748 Parm.,

1914 1770 2013 1824 lib.
2058 1773 2106 1838 l,
2138 1785 2182 1824 c.
2221 1769 2324 1840 l2).
2367 1769 2689 1840 Crispinum
2720 1785 2854 1840 ergo
2886 1768 3222 1838 Carthagine
3251 1770 3394 1822 forte
3416 1785 3608 1838 reper-

1912 1860 2035 1910 tum
2068 1858 2436 1927 Augustinus,
2462 1858 2530 1911 ad
2559 1855 2969 1927 disputandum
3000 1855 3070 1909 de
3098 1855 3244 1908 facta
3264 1856 3333 1909 ab
3367 1856 3610 1911 Ecclesia

1913 1945 2248 2012 secessione,
2296 1945 2468 2000 etiam
2514 1950 2682 2016 atque
2726 1944 2899 1998 etiam
2947 1943 3216 1998 invitarat
3267 1943 3464 2014 (Epist.
3518 1947 3607 2014 52,

1911 2050 1966 2089 η.
2006 2034 2053 2104 l)
2090 2051 2102 2089 :
2135 2035 2231 2088 sed
2262 2039 2390 2105 post
2426 2034 2785 2100 nonnullam,
2820 2049 3060 2104 eamque
3091 2032 3224 2086 satis
3260 2049 3450 2087 acrem
3479 2050 3610 2089 con-

1912 2123 2302 2189 certationem,
2337 2123 2816 2194 impedimentum
2837 2121 3072 2193 aliquod
3101 2120 3158 2175 in
3187 2137 3439 2192 praesens
3462 2126 3608 2177 tem-

1912 2229 2018 2284 pus
2048 2217 2408 2266 excusaverat
2437 2211 2754 2282 Crispinus;
2786 2211 3074 2282 pollicitus
3102 2213 3293 2264 tamen
3321 2210 3608 2265 intermis-

1915 2316 2044 2354 sum
2083 2301 2432 2372 colloquium
2463 2317 2520 2356 se
2561 2301 2750 2355 denuo
2789 2299 3188 2371 repetiturum,
3228 2298 3328 2354 ubi
3358 2314 3608 2354 commo-

1913 2389 2041 2444 dior
2070 2406 2190 2444 sese
2235 2390 2485 2445 dedisset
2526 2389 2761 2445 occasio.
2799 2390 3048 2461 Utroque
3085 2387 3262 2459 igitur
3304 2387 3364 2442 in
3409 2389 3606 2444 Numi-

1915 2477 2070 2532 diam
2101 2479 2171 2533 ad
2215 2495 2345 2533 suas
2389 2479 2660 2533 Ecclesias
2713 2493 2955 2538 reverso,
3011 2493 3142 2531 cum
3180 2493 3378 2531 rumor
3424 2475 3607 2532 incre-

1911 2566 2148 2637 buisset,
2181 2567 2491 2638 quominus
2521 2570 2881 2621 excuteretur
2904 2565 3224 2632 difﬁcultas,
3260 2582 3363 2638 per
3391 2565 3608 2636 Crispi-

1913 2671 2052 2710 num
2083 2655 2417 2727 neutiquam
2438 2659 2584 2710 stare
2613 2655 2998 2726 ;Augustinus
3028 2653 3174 2709 datis
3208 2654 3277 2708 ad
3303 2670 3434 2709 eum
3464 2654 3608 2708 litte-

1913 2743 2010 2809 ris,
2043 2743 2213 2798 instat
2257 2749 2320 2798 ut
2353 2744 2410 2798 id
2454 2745 2597 2798 ﬁat:
2632 2743 3100 2815 quandoquidem
3145 2747 3279 2797 tunc
3327 2742 3604 2813 temporis

1914 2831 2056 2885 nihil
2104 2831 2165 2885 in
2217 2848 2380 2886 mora
2425 2836 2589 2898 esset,
2649 2848 2710 2886 ac
2742 2848 2846 2902 per
2895 2830 3191 2901 utriusque
3228 2830 3604 2885 Ecclesiarum

1912 2919 2178 2973 viciniam
2228 2919 2424 2974 liceret
2450 2919 2706 2990 repetitis
2740 2919 2885 2972 ultro
2932 2917 3188 2988 citroque
3218 2916 3460 2987 scriptis,
3491 2934 3609 2972 om-

1915 3025 2046 3062 nem
2077 3007 2409 3079 quaestionis
2430 3007 2831 3062 obscuritatem
2856 3007 3078 3060 tollere.
3112 3007 3236 3060 Non
3267 3005 3420 3059 enim
3442 3005 3608 3059 aliter

1913 3096 1974 3150 in
2005 3097 2110 3151 hac
2156 3113 2346 3166 causa,
2391 3112 2564 3166 quam
2615 3093 2823 3166 scripto
2874 3109 3042 3165 agere
3081 3093 3484 3167 constituerat;
3535 3108 3605 3146 ne

1913 3185 2058 3240 forte
2085 3185 2237 3257 quod
2268 3187 2493 3239 tantum
2519 3183 2643 3247 viva
2670 3199 2804 3238 voce
2848 3186 3149 3236 tractatum
3179 3185 3344 3250 esset,
3378 3180 3606 3236 excide-

1913 3281 2002 3329 ret
2030 3291 2060 3328 e
2089 3273 2404 3342 memoria;
2434 3273 2603 3327 simul
2633 3275 2697 3326 ut
2726 3272 2933 3343 quibus
2964 3275 3112 3325 esset
3147 3269 3303 3324 cordi
3333 3269 3606 3341 quaestio-

1913 3379 2045 3418 nem
2075 3379 2434 3434 cognoscere,
2490 3361 2549 3416 id
2578 3377 2645 3415 ex
2692 3359 2918 3426 litteris,
2947 3359 2993 3413 si
3024 3357 3431 3413 concertationi
3460 3358 3606 3413 forte

1914 3451 2184 3506 interesse
2232 3450 2369 3523 ipsis
2400 3466 2515 3504 non
2557 3448 2825 3514 licuisset,
2858 3452 3088 3518 possent
3125 3445 3417 3518 consequi.
3461 3446 3607 3510 Quin

1914 3539 2072 3594 addit
2101 3539 2335 3594 forsitan
2393 3538 2564 3592 etiam
2601 3537 2879 3602 futurum,
2930 3541 2995 3590 ut
3032 3536 3153 3590 haec
3197 3534 3321 3605 ipsa
3371 3533 3610 3605 epistola

1915 3627 2291 3700 responsioni,
2331 3642 2502 3698 quam
2535 3626 2604 3679 ab
2635 3625 2891 3696 Crispino
2920 3623 3124 3678 obnixe
3170 3623 3334 3694 petit,
3374 3624 3610 3694 conjun-

1914 3721 2023 3783 cta,
2079 3715 2429 3775 exsolvendis
2488 3713 2756 3768 omnibus
2808 3712 3210 3767 difficultatum
3268 3711 3434 3767 nodis
3489 3712 3611 3767 sola

1914 3803 2171 3858 sufﬁciat.
2206 3801 2587 3868 Quamobrem
2609 3804 2739 3854 ante
2761 3799 2955 3854 omnia
2976 3799 3348 3863 demonstrat,
3381 3797 3609 3868 gravius

1913 3891 2132 3946 crimen
2159 3889 2219 3944 in
2268 3888 2570 3942 schismate
2600 3903 2665 3940 ac
2712 3885 2950 3941 discidio
2999 3885 3298 3951 contineri,
3331 3902 3505 3956 quam
3547 3886 3606 3940 in

1913 3993 2206 4034 sacrorum
2237 3976 2496 4032 codicum
2518 3959 2823 4030 traditione
2848 3993 2864 4044 ;
2887 3973 3038 4045 quod
3069 3977 3260 4028 tamen
3282 3989 3462 4028 unum
3495 3974 3608 4028 Cae-

1913 4067 2141 4133 ciliano,
2172 4067 2260 4120 vel
2307 4065 2360 4120 ei
2401 4064 2594 4136 potius
2622 4080 2656 4118 a
2698 4079 2813 4135 quo
2863 4062 3158 4117 ordinatus
3202 4061 3407 4129 fuerat,
3447 4061 3606 4116 nulla

1913 4154 2373 4211 testimoniorum
2416 4155 2529 4210 ﬁde
2583 4153 2670 4208 vel
2729 4151 3061 4206 auctoritate
3112 4149 3263 4214 freti,
3299 4149 3605 4222 exprobra-

1913 4247 2049 4302 bant
2081 4262 2094 4301 :
2123 4245 2313 4316 itaque
2330 4244 2487 4298 nullo
2517 4246 2680 4315 pacto
2709 4241 2928 4297 licitum
2951 4238 3064 4294 illis
3093 4239 3286 4308 fuisse,
3309 4243 3608 4312 quantum-

1911 4335 1996 4390 vis
2026 4351 2157 4389 reus
2196 4333 2496 4388 exstitisset
2535 4329 2890 4399 Caecilianus,
2940 4329 3010 4384 ab
3042 4327 3286 4383 Ecclesia
3323 4327 3604 4384 secedere.

1915 4427 2067 4481 Hanc
2110 4439 2232 4478 rem
2270 4422 2419 4494 ipsos
2463 4420 2778 4492 agnovisse,
2823 4435 2951 4473 cum
2991 4417 3337 4472 Felicianum
3369 4421 3426 4472 et
3455 4418 3604 4472 Prae-

1910 4517 2209 4579 textatum,
2239 4528 2384 4583 quos
2411 4515 2542 4565 ante
2573 4507 2890 4563 schismatis
2916 4506 3347 4576 damnaverant,
3379 4509 3600 4560 servato

1912 4601 2128 4658 eisdem
2168 4600 2495 4672 episcopatu
2541 4599 2922 4668 receperunt:
2958 4599 3015 4650 et
3062 4593 3345 4666 siquidem
3384 4592 3470 4647 illi
3497 4594 3606 4648 hoc

1911 4689 2122 4743 scelere
2159 4685 2499 4753 vacaverint,
2538 4683 2786 4756 potuisse
2826 4681 3029 4737 itidem
3076 4679 3222 4746 ﬁeri,
3277 4683 3340 4734 ut
3368 4679 3607 4750 perinde

1911 4775 2178 4848 imposito
2209 4775 2446 4829 crimine
2476 4772 2720 4827 caruerit
2749 4769 3080 4825 Caecilianus
3104 4785 3117 4824 :
3150 4767 3302 4839 ipsos
3329 4773 3608 4840 praeterea

1912 4882 2014 4918 sua
2043 4880 2172 4918 cum
2202 4860 2630 4918 Maximianistis
2671 4858 2876 4932 agendi
2902 4857 3121 4912 ratione
3167 4855 3358 4928 palam
3386 4854 3604 4925 fecisse,

1913 4971 2026 5008 non
2046 4969 2242 5008 omnes
2265 4952 2395 5023 jure
2417 4947 2804 5015 condemnari,
2832 4963 2865 5001 a
2882 4945 3088 5019 quibus
3107 4944 3204 5000 alii
3235 4944 3592 5011 divexantur,

1913 5042 2029 5096 imo
2049 5058 2149 5096 nec
2171 5056 2396 5110 semper
2416 5054 2707 5094 necessum
2721 5053 2863 5104 esse,
2883 5053 2974 5090 eos
2991 5033 3411 5090 omnesiterum
3425 5032 3604 5102 ablui,

1912 5131 2012 5203 qui
2035 5129 2382 5201 Baptismum
2406 5133 2564 5183 extra
2583 5143 2775 5182 veram
2799 5125 2897 5182 Dei
2916 5125 3218 5180 Ecclesiam
3239 5121 3598 5194 accepissent.

1912 5219 2186 5275 Stabilitis
2237 5219 2389 5273 hisce
2419 5217 2719 5288 capitibus,
2751 5216 2810 5270 in
2837 5215 3047 5287 quibus
3090 5212 3344 5268 Ecclesiae
3393 5225 3456 5264 ac
3496 5211 3603 5264 Do-

1911 5308 2249 5364 natistarum
2294 5305 2675 5362 controversia
2721 5309 2840 5359 tota
2893 5303 3235 5370 vertebatur,
3286 5298 3602 5368 iisdemque

1911 5397 1972 5451 in
2001 5397 2151 5451 calce
2198 5395 2454 5468 epistola:
2500 5393 2830 5449 summatim
2861 5390 3126 5455 collectis,
3161 5386 3484 5458 Crispinum
3515 5385 3604 5440 ob-

1911 5486 2168 5549 testatur,
2220 5487 2284 5538 ut
2323 5481 2703 5553 respondeat;
2751 5483 2827 5545 et,
2878 5476 3161 5548 siquidem
3209 5471 3352 5527 illud
3398 5471 3601 5542 possit,

1911 5572 2175 5628 ostendat
2213 5571 2299 5627 vel
2346 5570 2694 5628 levissimam
2739 5564 3089 5624 difﬁcultatis
3132 5561 3414 5632 umbram,
3471 5576 3602 5635 quae
