4060 6346
452 276 545 328 291
1629 267 1798 324 VITA
1852 267 1905 322 S.
1966 265 2349 324 AUGUSTINI
2409 266 2746 322 EPISCOPI.

450 395 606 468 ipsos
658 406 887 466 quoque
944 391 1402 464 imperitissimos
1468 392 1754 461 distineat,
1828 407 2142 463 superesse.

451 484 596 537 Suus
653 479 912 552 epistolae
968 480 1164 535 titulus
1218 497 1335 536 non
1391 480 1762 552 prmtigitur;
1814 485 1870 535 et
1925 497 1983 534 re
2023 481 2147 548 ipsa

453 569 614 624 nullo
645 585 792 636 eam,
835 571 936 623 aut
964 569 1163 624 saltem
1204 569 1512 624 admodum
1547 567 1813 640 simplici,
1844 567 2146 639 inscripse-

452 663 538 714 rat
564 658 917 731 Augustinus
949 674 963 713 ε
999 675 1178 730 quam
1203 675 1325 714 rem
1364 659 1512 730 apud
1546 657 1870 730 Crispinum
1897 662 2146 726 excusat,

449 743 508 799 id
564 761 685 800 sese
742 761 809 800 eo
864 744 1061 800 fecisse
1119 745 1437 816 afﬁrmans,
1497 746 1645 819 quod
1707 745 2036 815 Donatistae,
2101 743 2148 798 si

451 834 680 907 quando
733 850 926 889 secum
973 834 1248 889 urbanius
1297 840 1534 907 agerent
1576 834 1868 902 Catholici,
1916 835 2145 889 illorum

454 922 793 978 modestiam
821 923 1307 994 reprehenderent
1335 940 1348 979 :
1376 941 1492 980 non
1513 925 1772 981 futurum
1793 940 2020 996 quoque
2042 923 2150 979 sibi

459 1011 788 1079 molestum,
821 1011 870 1066 si
901 1012 1191 1084 Crispinus
1220 1013 1479 1068 eamdem
1521 1030 1715 1069 secum
1743 1013 1950 1086 agendi
1974 1011 2150 1068 ratio-

453 1114 593 1152 nem
617 1104 911 1170 sequatur.
944 1101 1115 1155 Hisne
1141 1101 1340 1156 litteris
1377 1101 1737 1172 responderit
1764 1101 2141 1173 ignoramus:

453 1202 649 1241 verum
681 1186 742 1241 in
770 1187 1022 1242 confesso
1054 1192 1157 1258 est,
1205 1204 1337 1242 eum
1368 1192 1423 1242 et
1450 1188 1512 1242 in
1556 1189 1856 1243 schismate
1888 1206 2149 1261 perseve-

451 1291 624 1343 rasse,
657 1281 714 1332 et
742 1275 804 1331 in
833 1277 1013 1332 animi
1042 1277 1440 1348 impotentiam
1467 1294 1500 1332 a
1527 1278 1910 1349 temperantia
1938 1283 1994 1334 et
2024 1297 2147 1334 mo-

457 1365 772 1437 deratione,
822 1382 993 1438 quam
1038 1365 1200 1421 initio
1239 1382 1358 1438 pra:
1386 1382 1444 1420 se
1478 1366 1709 1436 tulerat,
1761 1367 2006 1422 maxime
2036 1369 2147 1423 dis-

451 1457 802 1525 crepantem,
861 1454 1155 1525 delapsum
1206 1470 1346 1510 esse.
1398 1456 1646 1526 Equum
1694 1455 1851 1511 enim
1900 1461 1985 1511 est
2027 1473 2144 1521 eos,

449 1539 550 1610 qui
577 1540 869 1596 beneficiis
921 1540 1191 1596 divinitus
1240 1541 1444 1596 oblatis
1485 1543 1821 1614 abutuntur,
1869 1543 1957 1599 his
2011 1543 2147 1616 ipsis

450 1627 698 1696 dotibus,
729 1628 935 1700 quibus
965 1628 1155 1684 ornati
1182 1629 1540 1698 videbantur,
1575 1630 1825 1702 spoliari.

519 1720 574 1771 2.
613 1715 967 1788 Augustinus
1014 1722 1183 1788 atque
1237 1717 1472 1790 Alypius
1519 1735 1637 1774 non
1681 1719 2021 1787 absimilem,
2063 1721 2148 1776 uti

446 1803 802 1875 conjicimus,
833 1804 1305 1877 disceptationem
1342 1823 1472 1862 cum
1505 1808 1813 1876 Clarentio,
1844 1825 2018 1880 quem
2050 1827 2148 1881 pa-

445 1896 612 1959 trem,
671 1892 1042 1964 provectioris
1107 1892 1345 1948 forsitan
1387 1895 1570 1950 mtatis
1628 1912 1816 1966 causa,
1877 1897 2146 1967 vocitant,

446 1978 645 2034 iniere.
683 1980 986 2050 Reperitur
1017 1980 1336 2036 Clarentius
1366 1983 1602 2054 quidam
1632 1985 1896 2040 Tabracae
1927 1986 2147 2057 episco-

444 2081 552 2136 pus
584 2065 874 2120 Donatista
919 2066 1132 2135 (Collat.
1179 2069 1440 2138 Carthag.
1480 2073 1529 2138 l,
1579 2088 1698 2142 cap.
1746 2074 1886 2137 l87).
1918 2073 1983 2127 In
2025 2073 2146 2144 ipsa

446 2157 636 2207 autem
665 2153 1050 2224 disputatione
1076 2155 1418 2212 Naucelione
1438 2157 1793 2215 internuntio
1819 2161 2143 2218 utebantur.

445 2242 568 2306 Qua
591 2242 660 2296 de
691 2259 753 2296 re
783 2245 1011 2296 tantum
1042 2243 1341 2308 habemus,
1365 2246 1521 2316 quod
1547 2252 1770 2303 sanctos
1799 2249 1969 2304 hosce
1998 2251 2148 2304 viros

446 2331 738 2386 monuerit
772 2330 1062 2398 Naucelio,
1107 2333 1425 2387 confessum
1455 2333 1562 2388 sibi
1593 2336 1962 2404 Clarentium,
1991 2342 2141 2408 post-

446 2432 620 2487 quam
649 2416 952 2472 damnatus
977 2423 1125 2472 esset
1157 2419 1229 2473 ab
1259 2420 1566 2474 Donatistis
1598 2421 1915 2478 Felicianus
1947 2424 2144 2478 Musti-

444 2507 633 2569 tauus,
667 2519 798 2556 eum
830 2503 898 2558 ab
930 2504 1131 2559 iisdem
1162 2511 1361 2576 postea
1391 2507 1449 2574 in
1478 2507 1693 2562 honore
1724 2527 1824 2563 suo
1854 2517 2144 2583 receptum

447 2591 618 2645 fuisse
648 2607 662 2646 :
689 2596 983 2646 causatum
1023 2609 1155 2647 vero
1187 2594 1616 2650 damnationem
1661 2596 1929 2668 injustam
1977 2599 2144 2654 exsti-

447 2680 602 2747 tisse,
653 2679 865 2751 quippe
895 2680 1142 2736 bominis
1176 2683 1440 2738 absentis.
1477 2685 1536 2738 Id
1585 2701 1755 2755 porro
1791 2677 2144 2757 Augustinus

444 2768 799 2839 Alypiusque
843 2775 1163 2836 assumunt,
1199 2775 1253 2824 et
1297 2771 1369 2824 ad
1411 2787 1526 2825 sum
1566 2788 1750 2826 causas
1781 2775 2141 2830 commodum

445 2859 737 2926 torquent,
782 2855 912 2910 data
959 2858 1029 2912 ad
1088 2858 1398 2930 ipsummet
1454 2860 1852 2916 Naucelionem
1905 2863 2143 2934 epistola

442 2944 644 3012 (Epist.
673 2944 759 3013 70)
797 2958 809 3000 :
844 2961 975 3016 qua:
1007 2963 1137 3001 cum
1167 2948 1386 3002 nullam
1433 2947 1502 3002 de
1534 2949 1870 3004 Praetextato
1903 2951 2143 3006 mentio-

443 3045 574 3082 nem
632 3029 820 3100 faciat,
868 3037 1002 3102 post
1051 3050 1267 3090 annum
1309 3034 1938 3108 quadringentesimum
1990 3040 2142 3096 haud

441 3113 611 3168 dubie
639 3116 850 3188 scripta
879 3123 978 3174 est.

513 3215 564 3266 3.
598 3213 917 3281 Augustino
961 3215 1414 3288 consanguineus
1440 3217 1675 3289 quidam
1716 3220 2009 3278 Donatista
2036 3223 2144 3280 fuit

441 3300 676 3355 nomine
718 3302 1041 3372 Severinus,
1068 3303 1189 3374 qui,
1218 3320 1335 3358 non
1364 3321 1522 3360 secus
1551 3311 1722 3378 atque
1755 3308 1850 3362 alii
1879 3312 2138 3382 complu-

441 3404 552 3454 res,
581 3388 643 3442 in
671 3388 907 3444 discidio
940 3390 1098 3445 nulla
1143 3391 1254 3446 alia
1284 3408 1458 3462 quam
1507 3395 1937 3450 consuetudinis
1974 3415 2141 3454 causa

438 3476 764 3530 tenebatur.
796 3479 920 3532 Jam
951 3477 1050 3533 diu
1073 3478 1238 3534 illum
1257 3480 1613 3552 Augustinus
1635 3488 1751 3538 tam
1781 3485 1985 3540 misere
2007 3486 2140 3541 irre-

440 3564 611 3619 titum
640 3581 758 3620 non
785 3566 906 3621 sine
934 3566 1127 3622 dolore
1157 3585 1221 3623 ac
1251 3569 1471 3640 gemitu
1499 3571 1745 3640 videbat,
1778 3579 1946 3646 atque
1977 3591 2138 3630 eum-

439 3653 569 3706 dem
601 3657 664 3707 ut
688 3655 977 3725 expediret
1006 3656 1076 3711 ab
1124 3673 1336 3725 errore,
1369 3663 1709 3730 praesentem
1759 3663 1971 3735 alloqui
2015 3682 2140 3736 per-

439 3742 689 3811 optabat.
720 3743 784 3798 Et
831 3743 1064 3814 quidem
1104 3746 1370 3802 Severino
1416 3748 1634 3805 litteras
1671 3751 1777 3806 hac
1819 3752 1887 3807 de
1929 3769 1995 3807 re
2017 3755 2135 3825 jam

437 3834 566 3884 ante
597 3832 899 3886 nonnullas
937 3833 1167 3890 miserat
1194 3852 1207 3891 :
1240 3836 1310 3891 ab
1341 3836 1449 3892 hoc
1477 3841 1631 3894 enim
1668 3857 1798 3896 cum
1837 3841 2136 3912 epistolam

436 3919 762 3990 accepisset,
794 3921 1034 3978 nimiam
1081 3924 1202 3995 ejus
1240 3925 1301 3980 in
1341 3927 1640 3984 scribendo
1688 3930 2011 3987 tarditatem
2039 3931 2136 3985 in-

435 4008 668 4062 cusavit.
700 4009 946 4065 Tametsi
974 4029 1146 4082 porro
1176 4031 1304 4085 qua:
1325 4016 1579 4071 Severini
1609 4017 1853 4090 epistola
1880 4021 2134 4075 contine-

437 4095 668 4165 bantur,
711 4098 832 4167 ejus
876 4099 1020 4154 votis
1065 4101 1305 4156 minime
1355 4106 1819 4174 responderent:
1851 4109 2137 4178 gaudebat

436 4188 626 4238 tamen
657 4185 764 4239 sibi
795 4186 1074 4242 redditam
1108 4187 1303 4256 fuisse,
1349 4192 1669 4261 praesertim
1700 4194 1801 4248 ubi
1831 4194 2132 4262 intellexit,

435 4271 794 4326 tabellarium
825 4289 939 4328 non
969 4275 1142 4329 aliam
1183 4277 1254 4331 ob
1283 4293 1532 4346 causam,
1571 4281 1681 4334 nisi
1711 4286 1775 4336 ut
1799 4282 1957 4337 illam
2006 4286 2137 4355 Hip-

435 4375 647 4430 ponem
678 4360 872 4428 ferret,
902 4363 1004 4417 abs
1030 4363 1299 4420 Severino
1332 4365 1596 4424 missum.
1641 4370 1774 4425 Inde
1801 4372 1952 4425 enim
1979 4373 2136 4443 judi-

434 4447 597 4503 cabat
624 4449 771 4504 hanc
802 4449 967 4506 illum
998 4467 1215 4523 curam,
1248 4453 1358 4509 nisi
1407 4455 1598 4512 animo
1642 4457 1715 4512 ad
1746 4457 2138 4530 excipiendam

433 4535 732 4591 veritatem
762 4543 981 4610 parato,
1014 4556 1310 4614 nunquam
1342 4549 1710 4616 sucepturum
1755 4546 1952 4604 fuisse.
1998 4549 2137 4604 Huic

435 4623 612 4694 igitur
633 4625 692 4680 in
711 4629 1085 4699 responsione
1107 4632 1369 4702 quaedam
1387 4635 1654 4705 exposuit
1672 4652 1736 4691 ex
1759 4637 2133 4710 argumentis,

433 4713 641 4783 quibus
663 4715 882 4772 solebat
911 4717 1130 4774 discidii
1162 4720 1526 4778 firmamenta
1555 4723 1881 4780 subvertere
1919 4741 1933 4780 :
1961 4727 2135 4781 illud-

435 4817 544 4872 que
566 4801 717 4858 inter
735 4804 847 4860 alia
869 4807 1199 4880 usurpabat,
1228 4811 1479 4882 perditos
1501 4813 1762 4869 homines
1781 4813 2132 4876 innumeros.

434 4905 504 4944 ne
533 4907 666 4962 pars
688 4893 894 4950 Donati
922 4897 1294 4968 scinderetur,
1319 4904 1403 4956 tot
1429 4917 1610 4958 annos
1626 4903 1696 4958 ab
1722 4902 1835 4958 illis
1857 4903 1994 4975 ipsis
2012 4921 2132 4960 esse

432 4978 723 5037 toleratos.
755 4982 972 5047 Quibus
1002 4986 1188 5041 verbis
1218 4988 1583 5059 decennium,
1627 4983 1740 5064 quo
1768 4993 2131 5064 tyrannidem

433 5069 688 5123 exercuit
717 5069 992 5142 'Optatus,
1038 5091 1299 5148 persaepe
1340 5078 1618 5150 designat.
1668 5081 1830 5144 Quod
1873 5081 1983 5136 nisi
2027 5099 2132 5137 nos

431 5162 704 5225 moveret,
735 5160 882 5215 hanc
907 5163 1209 5234 epistolam
1243 5167 1438 5236 (Epist.
1478 5171 1584 5238 5‘2),
1620 5168 1680 5222 in
1711 5185 1826 5240 qua
1857 5169 2132 5226 nimirum

432 5247 589 5301 nulla
625 5249 1167 5308 Maximianistarum
1215 5254 1280 5308 tit
1321 5255 1556 5322 mentio,
1599 5256 1866 5328 scriptam
1912 5259 1982 5314 ab
2021 5263 2132 5316 Au-

431 5335 662 5407 gustino
693 5338 948 5392 nondum
979 5339 1244 5412 episcopo
1274 5342 1436 5396 facile
1466 5344 1842 5402 crederemus.

500 5434 555 5488 4.
588 5433 897 5504 Epistolam
928 5453 1158 5508 quoque
1210 5440 1496 5495 Generosa
1531 5441 1766 5497 missam
1797 5446 1990 5516 (Epist.
2039 5445 2127 5515 53)

429 5518 562 5575 licet
602 5522 669 5577 ad
711 5523 816 5580 hoc
865 5524 1088 5581 circiter
1142 5531 1367 5601 tempus
1413 5529 1646 5588 referre.
1705 5531 1867 5590 Certe
1909 5549 1976 5588 ea
2027 5534 2131 5590 sub

3853 264 3963 314 29‘:

2257 390 2538 447 Anastasii
2571 387 2904 461 pontiﬁcatu
2948 385 3156 459 scripta
3187 391 3290 453 est,
3347 386 3682 440 Prmtextato
3725 383 3965 440 Assur-i-

2257 485 2414 548 tano,
2449 481 2529 535 uti
2579 479 2818 546 videtur,
2870 478 3125 533 nondum
3174 477 3287 530 vita
3341 477 3555 542 functo,
3597 475 3967 546 proindeque

2257 575 2563 641 antequam
2591 573 2704 623 tres
2724 567 2857 623 libri
2885 567 2945 621 in
2967 565 3413 622 Parmenianum
3438 568 3631 619 essent
3660 562 3827 618 editi.
3861 565 3970 618 Ge-

2257 675 2492 714 nerosus
2522 659 2637 724 ille,
2685 657 2755 712 de
2777 673 2890 728 quo
2921 657 3129 726 agitur,
3163 653 3434 710 Cirtensis
3475 657 3618 719 erat,
3665 651 3970 708 catholica:

2257 747 2677 804 communionis
2705 763 2878 819 quem
2909 745 3083 800 etiam
3112 742 3496 815 comperimus
3517 740 3802 797 Numidiae
3825 755 3968 794 con-

2257 839 2504 892 sularem
2526 837 2801 892 exstitisse
2827 838 3064 909 (Epistt.
3108 838 3231 898 115,
3265 835 3408 903 116),
3438 837 3496 887 et
3545 830 3778 886 nonnisi
3825 831 3964 901 post

2259 927 2442 996 legem
2483 926 2815 998 quamdam,
2853 941 2982 997 quas
3025 927 3251 979 tantum
3292 921 3630 978 duodecimo
3679 918 3968 974 kalendas

2255 1014 2570 1070 februarias
2597 1015 2734 1069 anni
2764 1011 3313 1086 quadringentesimi
3338 1009 3472 1066 noni
3493 1011 3605 1064 lata
3629 1014 3711 1064 est
3755 1011 3846 1075 (Ut
3872 1008 3968 1063 ub-

2255 1110 2528 1160 servalum
2557 1106 2780 1171 Prae/at.
2798 1109 2930 1159 tom.
2959 1106 3012 1171 2,
3038 1103 3112 1157 ad
3135 1105 3335 1172 Epistt.
3373 1104 3494 1166 lt5,
3523 1100 3661 1169 H6).
3697 1101 3900 1169 Itaque
3921 1097 3968 1150 si

2258 1209 2430 1265 quam
2453 1210 2602 1248 anno
2625 1189 3558 1265 quadringentesimodignitatem,
3579 1192 3641 1242 ut
3657 1187 3791 1241 satis
3819 1185 3972 1241 veri-

2257 1282 2446 1339 simile
2474 1287 2577 1350 est,
2612 1283 2775 1339 Cirta:
2819 1281 3071 1353 gerebat,
3106 1296 3233 1336 eam
3264 1281 3490 1350 Oportet
3525 1277 3702 1332 aliam
3752 1274 3963 1336 fuisse,

2257 1387 2429 1444 quam
2459 1371 2791 1428 consularis.
2823 1372 2952 1425 Erat
2974 1375 3108 1424 tunc
3129 1367 3401 1439 temporis
3422 1366 3590 1422 Cirtae
3621 1365 3859 1438 quidam
3894 1380 3963 1416 ex

2260 1462 2680 1516 Donatistarum
2712 1464 2872 1532 parte
2904 1459 3219 1530 presbyter,
3254 1457 3345 1512 cui
3373 1456 3530 1512 venit
3567 1455 3628 1509 in
3678 1458 3963 1515 mentem,

2257 1553 2322 1602 ut
2349 1548 2420 1602 ad
2445 1550 2798 1604 Generosum
2827 1546 3114 1610 scriberet,
3146 1544 3416 1615 angelum
3447 1542 3556 1597 sibi
3594 1540 3960 1612 apparuisse,

2257 1638 2670 1707 mandasseque
2697 1641 2762 1690 ut
2786 1635 2972 1690 eidem
2991 1636 3274 1690 Generosa
3304 1647 3500 1686 verum
3524 1629 3965 1686 Christianitatis

2257 1726 2416 1780 urbis
2459 1723 2730 1780 Cirtensis
2776 1723 3038 1778 ordinem
3083 1720 3360 1793 aperiret;
3405 1736 3468 1774 ac
3509 1723 3788 1790 praeterea
3834 1734 3964 1772 mo-

2256 1817 2433 1880 neret,
2465 1813 2667 1867 Donati
2697 1817 2920 1884 partem
2969 1809 3257 1883 amplecti,
3290 1813 3462 1880 prout
3489 1807 3550 1863 in
3580 1807 3818 1879 epistola
3863 1807 3965 1860 Pe-

2254 1901 2440 1956 tiliani
2465 1902 2721 1970 ejusdem
2734 1900 2974 1956 civitatis
2999 1899 3250 1971 episcopi
3269 1897 3572 1969 exponitur
3587 1938 3600 1951 .
3629 1896 3766 1950 Huic
3783 1895 3963 1960 etiam

2257 1991 2381 2062 ejus
2428 1991 2578 2045 sedis
2624 1990 2948 2045 ostentabat
2975 1989 3378 2060 episcoporum
3399 1985 3630 2049 seriem,
3683 2002 3744 2039 ac
3766 1985 3962 2039 Silva-

2258 2080 2474 2134 numin
2503 2079 2704 2151 primis
2732 2077 3285 2134 bonoriﬁcentissine
3315 2075 3677 2148 praedicabat.
3711 2074 3963 2128 Planum

2257 2173 2397 2231 erat,
2426 2169 2695 2240 angelum
2726 2167 3112 2233 tenebrarum,
3139 2166 3208 2221 ad
3239 2164 3599 2221 illudendum
3642 2162 3720 2233 ei,
3754 2162 3814 2216 in
3857 2179 3961 2216 an-

2255 2258 2446 2327 gelum
2471 2257 2610 2312 lucis
2640 2257 3105 2311 transformatum
3131 2254 3300 2310 fuisse
3323 2252 3465 2322 ;nisi
3483 2252 3626 2308 forte
3650 2250 3964 2308 Donatista:

2254 2346 2405 2402 illius
2429 2346 2743 2418 presbyteri
2771 2349 3162 2400 commentum
3190 2343 3247 2398 id
3267 2347 3410 2410 erat,
3456 2341 3556 2414 qui
3585 2345 3798 2395 satanas
3845 2341 3963 2395 mi-

2255 2435 2497 2490 nistrum
2529 2451 2721 2506 agens,
2749 2434 2888 2490 alios
2917 2435 3022 2490 hoc
3052 2432 3350 2489 mendacio
3390 2431 3450 2486 in
3497 2431 3753 2486 fraudem
3787 2430 3966 2500 pelli-

2254 2541 2380 2580 cere
2442 2523 2847 2581 destinaverat.
2915 2523 3298 2589 Quamobrem
3355 2522 3688 2588 Generosus,
3755 2524 3963 2591 utpote

2254 2630 2382 2668 vere
2407 2614 2742 2681 catholicus,
2759 2614 2882 2684 ejus
2907 2613 3084 2667 irrisit
3112 2611 3434 2683 epistolam,
3460 2625 3700 2680 eamque
3723 2608 3794 2661 ad
3829 2609 3960 2662 For-

2253 2707 2519 2760 tunatum
2574 2703 2739 2757 Cirta:
2789 2701 3130 2757 catholicum
3189 2701 3538 2772 episcopum,
3589 2713 3816 2752 necnon
3883 2697 3958 2750 ad

2251 2790 2519 2862 Alypium
2541 2796 2711 2862 atque
2728 2790 3134 2862 Augustinum,
3159 2789 3260 2861 qui
3279 2796 3398 2843 tum
3416 2788 3559 2843 forte
3582 2787 3751 2843 Cirtae
3781 2787 3958 2840 simul

2253 2881 2507 2947 aderant,
2540 2879 2869 2936 transmisit.
2897 2881 3033 2935 Tres
3061 2879 3144 2934 illi
3169 2877 3472 2946 antistites,
3501 2876 3594 2931 sed
3626 2875 3798 2930 unius
3833 2879 3958 2930 Au-

2253 2968 2467 3039 gustini
2487 2985 2676 3036 manu,
2699 2985 2798 3041 spe
2820 2985 2883 3024 ac
2902 2969 3089 3024 studio
3111 2967 3410 3024 revocandi
3425 2966 3495 3022 ad
3515 2965 3684 3021 ﬁdem
3715 2966 3959 3037 presby-

2252 3058 2676 3125 teri,Generoso
2695 3058 3320 3130 responderunt(Epist.
3346 3055 3435 3125 53,
3459 3073 3506 3111 c.
3536 3059 3652 3124 l,n.
3681 3056 3725 3123 1)
3745 3073 3756 3123 ;
3776 3072 3957 3126 quem

2251 3148 2490 3220 proinde
2511 3152 2808 3219 rogarunt,
2834 3147 3087 3202 utisuam
3106 3145 3361 3217 ipsorum
3377 3161 3508 3201 cum
3530 3145 3626 3200 illo
3649 3144 3958 3215 epistolam

2250 3238 2716 3293 communicaret.
2784 3236 2846 3290 In
2896 3253 2962 3290 ea
3013 3235 3425 3301 demonstrant,
3473 3234 3521 3287 si
3567 3233 3837 3288 standum
3881 3234 3961 3289 sit

2251 3327 2652 3397 episcoporum
2674 3325 3032 3386 successioni,
3062 3341 3189 3379 eam
3230 3324 3418 3395 potius
3438 3340 3472 3377 a
3508 3323 3761 3378 Romana
3804 3323 3958 3378 Sede

2249 3416 2656 3486 repetendam:
2691 3432 2804 3486 qua
2822 3414 2892 3470 de
2921 3430 3092 3469 causa
3112 3415 3499 3469 Romanorum
3525 3409 3850 3466 antistitum
3883 3413 3957 3466 ad

2247 3503 2609 3558 Anastasium
2627 3519 2805 3574 usque
2819 3506 2954 3557 tunc
2969 3501 3258 3557 sedentem
3279 3502 3602 3572 catalogum
3617 3504 3954 3557 contexunt.

2248 3593 2384 3648 Post
2409 3591 2530 3646 huic
2567 3591 2864 3662 proferunt
2892 3607 2958 3645 ea
2989 3595 3382 3656 monumenta,
3415 3607 3546 3662 quae
3587 3589 3956 3662 potissimum

2249 3680 2317 3734 ad
2347 3678 2798 3750 cognoscendam
2831 3677 3255 3732 Donatistarum
3294 3677 3594 3733 historiam
3623 3678 3863 3747 faciunt,
3895 3687 3956 3736 et

2247 3783 2316 3822 ea
2341 3767 2402 3821 in
2423 3767 2644 3838 primis,
2677 3767 2886 3837 quibus
2933 3765 3226 3821 Silvanum
3257 3767 3576 3822 Cirtenscm
3611 3769 3950 3825 traditorem

2246 3855 2418 3910 fuisse
2450 3855 2646 3927 liquet.
2682 3854 3224 3910 Maximianistarum
3245 3871 3478 3925 quoque
3508 3862 3669 3927 gesta
3699 3874 3949 3913 comme-

2248 3949 2503 4013 morant;
2536 3960 2723 4016 neque
2753 3943 2809 3998 id
2839 3943 3130 4011 omittunt,
3159 3943 3512 3998 Felicianum
3543 3960 3607 3998 ac
3637 3947 3950 4001 Praetexta-

2245 4037 2369 4088 tum
2407 4033 2478 4088 ab
2500 4033 2612 4088 illis
2640 4033 2934 4100 admissos,
2967 4049 3129 4104 quos,
3151 4037 3217 4088 ut
3236 4032 3470 4104 quidem
3502 4033 3744 4100 videtur,
3770 4034 3946 4091 etiam

2244 4127 2366 4177 tum
2399 4122 2460 4176 in
2487 4121 2628 4176 vivis
2648 4139 2816 4194 agere
2845 4138 2950 4193 pro
2970 4127 3124 4176 certo
3148 4125 3390 4192 ponunt.
3421 4123 3781 4177 Generosum
3813 4139 3946 4178 vero

2244 4226 2376 4264 cum
2427 4209 2495 4263 ad
2533 4226 2675 4278 opus
2720 4210 2988 4264 adversus
3029 4208 3287 4264 Petiliani
3331 4207 3629 4278 epistolam
3669 4209 3944 4282 scriptum

2244 4312 2360 4351 non
2394 4295 2648 4363 mittunt,
2682 4296 2816 4351 inde
2849 4296 3108 4367 judicare
3160 4301 3263 4363 est,
3299 4297 3444 4352 nihil
3474 4299 3660 4353 adhuc
3708 4299 3778 4354 ab
3825 4303 3942 4356 Au—

2245 4383 2475 4455 gustino
2503 4399 2678 4454 super
2705 4401 2772 4438 ea
2786 4400 2847 4438 re
2863 4384 3079 4440 editum
3105 4401 3118 4440 :
3153 4386 3622 4458 quandoquidem
3640 4386 3726 4441 vix
3757 4388 3943 4443 ullum

2244 4471 2484 4526 dubium
2507 4488 2628 4527 esse
2651 4477 2858 4543 potest,
2873 4473 3012 4545 quin
3045 4475 3272 4530 laudata
3287 4475 3356 4530 ab
3375 4475 3576 4530 eodem
3607 4477 3942 4548 presbytero

2244 4558 2510 4614 Petiliani
2541 4559 2802 4632 epistola,
2833 4561 3070 4618 celebris
3094 4562 3194 4618 illa
3222 4562 3346 4634 ipsa
3375 4563 3568 4633 fuerit,
3601 4579 3775 4635 quam
3805 4580 3941 4619 cou-

2242 4647 2443 4704 futavit
2473 4650 2853 4720 Augustinus.

2915 4742 3138 4797 CAPUT
3177 4743 3275 4797 III.

2246 4829 2265 4880 l
2346 4827 2641 4883 Petilianus
2669 4843 2696 4882 e
2723 4831 2922 4884 Donati
2933 4834 3095 4900 parte
3122 4833 3404 4900 episcopus
3433 4833 3556 4902 quis
3583 4833 3775 4899 fuerit.
3800 4835 3833 4887 2
3862 4836 3940 4888 De

2309 4916 2457 4970 illius
2477 4916 2736 4972 adversus
2784 4919 3103 4973 catholicam
3133 4920 3427 4974 Ecclesium
3481 4921 3724 4990 epistola.
3769 4923 3941 4976 3Hu-

2303 5004 2399 5073 jus
2424 5007 2664 5074 primam
2687 5011 2907 5076 partem
2962 5008 3164 5074 refellit
3210 5008 3570 5076 Augustinus.
3602 5009 3637 5062 4
3690 5009 3943 5074 Quonam

2311 5097 2542 5163 tempore
2571 5095 2630 5148 id
2657 5109 2944 5164 aggressus
2969 5101 3066 5150 est.
3100 5098 3130 5149 5
3150 5097 3502 5151 Parmeniani
3529 5101 3715 5152 contra
3748 5099 3941 5154 Ticho-

2308 5184 2461 5236 nium
2491 5185 2777 5251 epistolam
2802 5186 2859 5237 in
2906 5185 3152 5250 favorem
3209 5186 3520 5241 schismatis
3576 5189 3940 5256 conscriptam

2309 5274 2572 5338 confutat.
2607 5274 2638 5326 6
2667 5271 2797 5326 Edit
2817 5272 2980 5328 libros
3001 5272 3066 5327 de
3094 5275 3370 5342 Baptismo
3399 5279 3586 5329 contra
3601 5277 3937 5332 Donatistae.

2309 5363 2339 5412 7
2365 5361 2441 5413 De
2465 5360 2622 5427 libro,
2655 5360 2854 5416 Contra
2873 5361 3017 5430 quod
3041 5363 3229 5416 attulit
3249 5364 3534 5420 Centurius
3557 5379 3592 5418 a
3614 5366 3934 5422 Donatistis.

2309 5450 2341 5500 8
2381 5450 2452 5501 De
2481 5448 2676 5502 litteris
2697 5449 2770 5503 ad
2799 5450 3052 5506 Celerem.

2313 5537 2362 5591 1.
2394 5535 2657 5606 Epistula:
2681 5551 2812 5594 mox
2846 5542 3178 5596 memoratae
3207 5543 3406 5596 auctor
3431 5539 3759 5608 Petilianus,
3789 5541 3941 5598 inter
