4060 6398
165 313 275 364 293

167 429 608 484 Donatistarum
637 428 930 500 episcopos
961 433 1092 483 tunc
1132 429 1662 486 maxime'omnium
1702 432 1884 487 nomi-

168 522 370 584 natus,
406 520 656 572 forenses
686 517 991 588 aliquando
1035 535 1230 572 causas
1262 525 1454 589 egerat
1485 536 1498 574 :
1533 537 1704 592 quem
1744 539 1880 592 pro-

162 609 377 676 pterea
401 605 460 660 in
503 605 803 659 collatione
833 604 1265 676 carthaginensi
1309 608 1617 663 catholicus
1647 609 1880 680 quidam

162 693 482 764 cpiscopus
513 694 581 748 ad
611 694 720 748 fori
750 695 836 748 sui
868 696 1018 765 leges
1065 713 1180 750 non
1219 694 1430 766 injuria
1475 697 1660 751 redire
1695 699 1876 768 jubet.

163 783 218 836 ls
250 799 397 837 sane
432 782 644 852 jactare
675 782 874 836 solitus
903 786 1022 836 erat
1047 783 1364 854 potentiam
1393 785 1685 856 quondam
1717 803 1876 842 suam

162 867 228 922 in
258 869 484 924 forensi
517 870 912 936 advocatione;
948 887 1141 940 seque,
1169 877 1407 942 propter
1437 874 1600 940 hanc,
1635 875 1877 945 Spiritus

163 957 354 1012 sancti
397 958 877 1030 cognominalem,
910 961 1066 1032 quod
1095 960 1227 1015 inde
1252 962 1522 1032 paracleti
1551 979 1761 1018 nomen
1782 965 1878 1019 ob-

163 1045 458 1113 tinuisset,
491 1047 661 1101 fuisse
693 1048 894 1102 stolide
937 1049 1282 1119 prazdicabat
1333 1051 1496 1120 (Cont.
1525 1050 1660 1106 Litt.
1691 1054 1873 1119 Petzl.,

162 1135 254 1189 lib.
280 1139 336 1203 3,
369 1152 416 1190 c.
440 1139 596 1201 16,11.
628 1135 729 1206 l0).
757 1138 914 1190 Hunc
937 1155 1064 1192 cum
1080 1137 1267 1208 primo
1288 1138 1348 1192 in
1374 1139 1618 1194 Ecclesia
1637 1141 1874 1195 catholi-

162 1239 230 1278 ca
262 1229 420 1278 esset
443 1225 904 1292 catechumenus,
938 1242 1038 1296 per
1064 1225 1178 1280 vim
1206 1232 1516 1297 rapuerant
1545 1228 1872 1296 Donatistae,

161 1328 228 1366 ac
250 1330 376 1367 sua:
401 1313 546 1384 parti
570 1313 792 1368 vinculo
807 1314 1038 1368 honoris
1058 1314 1637 1382 mortifero,videlicet
1656 1317 1873 1388 episco-

162 1401 286 1472 pali
317 1401 623 1472 dignilatc,
653 1402 1052 1458 astrinxerant.
1086 1404 1210 1467 Qua
1239 1404 1310 1458 de
1338 1403 1391 1458 vi
1420 1403 1694 1458 Petiliano
1718 1404 1876 1460 illata

159 1491 529 1560 Augustinus
559 1490 618 1544 in
649 1507 909 1545 sermone
950 1492 1018 1546 ad
1047 1493 1328 1562 populum
1350 1492 1764 1548 Caesareensem
1791 1493 1874 1548 di-

158 1579 328 1634 cebat
385 1595 399 1633 :
448 1582 583 1634 Pars
620 1582 817 1634 Donati
863 1581 1079 1648 quando
1119 1577 1449 1651 prievalebat
1490 1584 1871 1649 Constantina),

160 1669 371 1722 laic-um
418 1673 661 1723 nostrum
706 1670 1157 1737 catechumenum,
1211 1675 1401 1725 natum
1439 1670 1504 1725 de
1554 1672 1874 1740 parentibus

157 1758 471 1826 catholicis,
500 1759 824 1811 Petilianum
869 1762 1056 1826 tenuit,
1088 1762 1193 1812 vim
1221 1761 1352 1826 fecit
1381 1761 1600 1826 nolenti,
1631 1765 1874 1814 scrutata

159 1851 239 1900 est
277 1847 602 1914 fugientem,
629 1850 833 1901 invenit
859 1848 1128 1914 latentem,
1161 1851 1408 1902 ewtramit
1437 1853 1736 1918 paventem,
1770 1850 1872 1904 ba-

156 1937 405 2003 ptizavit
429 1940 756 2004 trementem,
778 1936 1055 1990 ordinavit
1077 1937 1336 1990 nolentem
1355 1937 1547 2007 (Serm.
1577 1937 1651 1991 ad
1671 1940 1870 1993 (λίθων.

159 2025 309 2077 Eccl.
339 2024 510 2092 pleb,
543 2039 596 2078 η.
640 2025 710 2092 8).
739 2025 824 2078 Ab
853 2024 942 2078 his
971 2040 1106 2095 ergo
1143 2025 1338 2079 volens
1369 2026 1572 2079 nolens
1602 2025 1873 2080 Constan-

160 2112 303 2166 tinae
372 2129 478 2166 seu
540 2112 704 2169 Cirtae
745 2119 905 2184 (nam
956 2113 1177 2168 duobus
1225 2113 1512 2167 vocabulis
1568 2113 1875 2184 insignitur

161 2200 368 2255 eadem
402 2200 559 2267 urbs,
582 2217 754 2272 quam
780 2201 1045 2255 Numidia
1073 2200 1297 2255 civilem
1317 2201 1684 2272 metropolim
1704 2217 1875 2272 agno-

162 2288 377 2360 scebat)
436 2290 648 2360 praesul
700 2294 785 2343 est
843 2289 1181 2344 constitutus
1238 2306 1251 2344 :
1298 2306 1411 2360 qua
1448 2289 1545 2344 ille
1575 2290 1869 2360 dignitate,

162 2379 372 2450 Optato
418 2378 665 2434 necdum
714 2383 961 2447 mortuo,
1004 2379 1348 2450 potiebatur.
1386 2379 1632 2434 Tametsi
1679 2384 1868 2434 autem

161 2466 516 2522 Petilianum
560 2469 768 2522 soleret
812 2468 964 2522 fama
994 2468 1328 2540 praedicare,
1362 2469 1517 2539 quod
1555 2467 1706 2522 inter
1741 2485 1874 2523 suos

163 2555 429 2610 doctrina
477 2560 533 2609 et
560 2556 827 2611 facundia
871 2556 1117 2611 maxime
1150 2557 1450 2611 excelleret
1479 2558 1696 2626 (Contra
1735 2559 1868 2612 Litt.

167 2646 350 2712 Petil.,
386 2645 482 2700 lib.
515 2648 562 2711 1,
596 2661 640 2699 c.
680 2645 761 2715 l);
792 2645 1044 2715 ejusdem
1077 2649 1266 2700 tamen
1309 2645 1490 2700 oratio
1529 2646 1872 2716 quandoque

162 2733 610 2803 reprehenditur
637 2735 724 2787 'ab
754 2733 1074 2804 Augustino
1117 2739 1180 2788 ut
1218 2734 1465 2804 turgida,
1493 2736 1868 2801 tumultuosa,

161 2838 226 2876 ac
273 2821 632 2876 concitandae
678 2822 832 2892 plebi
878 2823 1329 2887 accommodata,
1363 2822 1546 2876 verbis
1576 2823 1748 2878 etiam
1779 2824 1872 2878 in-

161 2911 310 2980 eptis
333 2911 622 2965 interdum
646 2927 708 2964 ac
725 2910 939 2964 insanis
959 2910 1270 2981 composita
1293 2912 1473 2982 (Ibid.,
1497 2912 1591 2968 lib.
1613 2915 1666 2979 2,
1689 2928 1734 2967 c.
1757 2913 1870 2985 73).

165 2999 531 3070 Praecipuum
557 3015 688 3054 vero
719 2999 1033 3053 schismatis
1063 3000 1170 3054 fuit
1190 3000 1284 3054 ille
1314 3001 1374 3054 in
1395 3000 1705 3055 Collatione
1724 3017 1870 3072 pra:-

67 3117 70 3122 -
162 3089 402 3157 sidium,
436 3088 494 3142 in
523 3105 637 3159 qua
666 3088 946 3159 quidquid
983 3089 1289 3159 excogitari
1313 3092 1508 3160 potest
1537 3089 1780 3144 solertiae
1809 3107 1874 3144 ac

162 3177 404 3243 fraudis,
451 3176 733 3248 quidquid
777 3177 1266 3247 tergiversationis
1309 3194 1372 3232 ac
1418 3177 1768 3248 pervicaciaa,
1812 3178 1872 3232 id

164 3282 336 3320 omne
367 3266 430 3319 in
454 3265 736 3320 mendacii
765 3265 1156 3320 defensionem
1189 3266 1482 3334 adhibuit;
1515 3283 1627 3338 quo
1666 3270 1722 3321 et
1751 3271 1874 3321 acta

162 3355 528 3425 produceret,
562 3358 619 3408 et
649 3354 898 3409 efficeret
922 3370 992 3409 ne
1022 3354 1162 3425 quid
1191 3355 1411 3409 interea
1440 3354 1869 3426 transigeretur,

164 3442 349 3498 donec
398 3448 686 3498 contracta
733 3442 874 3510 ravi,
924 3444 1156 3499 tandem
1195 3443 1265 3498 ad
1304 3443 1595 3504 silentium
1643 3445 1873 3499 adactus

171 3531 299 3587 fuit.

231 3624 284 3675 2.
321 3619 513 3675 Multis
552 3620 717 3674 annis
758 3624 889 3675 ante
943 3620 1305 3676 collationem
1362 3621 1871 3692 Carthaginensem

163 3709 478 3763 Petilianus
508 3709 578 3762 ad
615 3711 994 3780 presbyteros,
1037 3709 1422 3780 diaconosque
1452 3709 1557 3764 sibi
1590 3710 1868 3776 subditos,

159 3799 512 3867 pastoralem
557 3797 858 3867 epistolam
897 3797 1162 3852 adversus
1204 3797 1506 3852 Ecclesiam
1538 3797 1872 3851 catholicam

163 3887 418 3941 scribere
465 3903 656 3954 ausus,
698 3887 846 3940 hanc
884 3891 1116 3952 temere,
1171 3901 1276 3940 nec
1329 3886 1461 3940 ullis
1512 3885 1767 3940 adductis
1813 3886 1874 3939 in

162 3975 423 4030 medium
472 3973 848 4040 documentis,
899 3973 1207 4028 infamibus
1258 3973 1486 4043 probris
1523 3972 1871 4040 incessebat;

161 4063 656 4133 contendebatque
686 4077 882 4116 verum
913 4077 977 4116 ac
1005 4061 1326 4131 legitimum
1367 4059 1720 4131 Baptismum
1749 4064 1872 4115 tan-

162 4151 469 4206 tummodo
515 4167 692 4221 penes
739 4165 900 4203 suam
947 4154 1158 4204 sectam
1203 4148 1444 4220 reperiri
1475 4149 1657 4218 (lbid.,
1688 4149 1781 4204 lib.
1820 4152 1871 4215 1,

161 4253 206 4292 c.
243 4243 292 4307 1,
326 4255 385 4292 n.
417 4237 496 4308 2).
529 4238 683 4292 lianc
703 4236 1002 4308 epistolam
1021 4236 1069 4290 is
1087 4235 1750 4307 haberetintegram,qui
1775 4235 1872 4291 de-

163 4333 362 4397 cerpta
411 4343 476 4381 ex
525 4324 832 4396 Augustini
862 4325 1006 4379 libro
1037 4324 1096 4378 in
1127 4324 1469 4379 Petilianum
1501 4325 1748 4379 secundo
1780 4341 1873 4379 ca-

163 4415 353 4484 pitum
401 4414 762 4485 singulorum
806 4414 973 4468 initia
1017 4419 1144 4484 apte
1183 4413 1332 4467 inter
1373 4428 1432 4466 se
1478 4412 1868 4482 conjungeret.

163 4502 520 4558 Orthodoxos
550 4503 610 4558 in
640 4519 707 4557 ea
738 4501 901 4574 quasi
945 4501 1268 4568 traditores,
1321 4504 1417 4554 aut
1445 4504 1608 4554 natos
1634 4516 1663 4555 e
1694 4499 1873 4554 tradi-

161 4590 404 4658 toribus,
447 4592 608 4646 nullo
637 4590 967 4645 testimonio
1002 4590 1168 4644 nixus
1197 4589 1462 4644 traducit.
1502 4593 1772 4659 Acceptas
1800 4588 1870 4642 ab

161 4675 276 4730 illis
312 4677 556 4747 injurias
604 4677 887 4749 queritur,
937 4676 1046 4730 etsi
1094 4677 1450 4730 vexationem
1490 4680 1624 4729 tunc
1653 4677 1870 4729 nullam

163 4766 528 4836 experiretur
557 4767 679 4838 ejus
716 4766 916 4833 factio;
956 4781 1086 4820 cum
1141 4764 1508 4834 magistratus
1537 4763 1671 4818 satis
1698 4764 1872 4818 habe-

165 4859 315 4922 rent,
362 4854 410 4908 si
455 4855 622 4909 modo
661 4854 767 4922 illi,
795 4854 850 4909 vi
878 4855 1025 4909 forte
1057 4852 1198 4924 legis
1228 4869 1261 4907 a
1291 4852 1556 4907 Gratiano
1585 4868 1735 4906 anno
1762 4855 1874 4907 tre-

166 4943 476 4998 centesimo
539 4943 955 5014 septuagesimo
1004 4941 1248 5013 septimo
1288 4941 1440 5008 latae,
1482 4956 1666 4994 sacras
1721 4940 1872 4995 azdcs

169 5031 504 5086 adimerent.
557 5033 752 5086 Plures
793 5032 1050 5103 quidem,
1092 5036 1212 5085 tum
1254 5046 1396 5101 quas
1428 5029 1736 5084 Donatistae
1768 5030 1870 5084 Ca-

170 5119 397 5174 tholicis
427 5135 530 5190 per
565 5119 678 5173 vim
711 5120 1062 5191 eripuerant,
1102 5123 1224 5174 tum
1255 5135 1394 5190 quas
1421 5117 1597 5173 iidem
1625 5133 1729 5188 per
1757 5117 1870 5172 dis-

172 5207 305 5262 cidii
352 5213 580 5279 tempus
627 5212 1038 5276 exstruxerant,
1088 5208 1168 5262 eis
1210 5208 1523 5262 subtractas
1549 5206 1874 5261 retinebant

170 5296 443 5352 Catholici
489 5314 502 5352 :
552 5295 808 5368 quamvis
852 5297 1035 5352 adhuc
1080 5313 1196 5352 non
1235 5313 1450 5368 pauere,
1484 5312 1550 5352 ex
1579 5296 1670 5351 his
1699 5295 1872 5350 etiam

167 5400 291 5454 qua:
343 5384 764 5440 communionis
842 5384 1132 5440 catholica:
1202 5385 1448 5455 fuerant,
1505 5384 1872 5440 schismaticis

167 5472 420 5540 partibus
487 5472 782 5529 servirent.
841 5472 1144 5528 Ecclesiam
1197 5473 1497 5528 Catholicae
1537 5472 1702 5528 titulo
1742 5488 1872 5542 spo-

171 5557 308 5616 liare
347 5561 640 5620 nitebatur
671 5578 685 5618 :
712 5559 807 5618 sed
839 5553 1078 5618 ~tandem
1114 5577 1181 5617 ea
1218 5576 1318 5633 spe
1347 5561 1619 5633 dejectus,
1646 5561 1713 5618 ad
1741 5576 1874 5632 pau-

1644 313 1706 366 I.I
1718 314 1845 368 BER
1883 313 2210 378 QUINTUS.

3581 322 3682 378 29’s

1991 434 2176 489 citatis
2204 450 2308 506 per
2336 441 2638 505 angustam
2668 437 2818 493 viam
2848 439 3174 509 gradientes
3205 441 3432 497 laudem
3459 460 3517 499 se
3547 462 3681 501 con-

1990 523 2222 578 ferebat.
2261 525 2647 596 Exprobrabat
2684 526 2888 581 factam
2920 545 2950 582 a
2979 528 3281 584 Catholicis
3310 532 3463 601 apud
3493 533 3677 604 impe-

1988 617 2200 666 ratores
2275 615 2786 684 expostulationem
2850 617 2919 670 de
2995 618 3253 673 Ecclesiae
3326 619 3484 688 locis,
3553 639 3680 693 quae

1989 701 2412 756 Donatistarum
2463 708 2613 757 secta
2670 711 3059 774 occupaverat.
3106 708 3230 761 lam
3281 711 3402 762 tum
3447 710 3680 780 quidem

1987 790 2279 844 exstabant
2309 791 2480 862 leges,
2511 809 2639 862 qua:
2673 793 2981 848 Donatistis
3011 795 3237 850 urbium
3265 797 3558 852 domicilio
3591 798 3678 853 in-

1985 877 2352 946 terdicerent;
2388 897 2490 935 nec
2530 881 2768 936 dubium
2799 882 2938 954 quin
2978 885 3158 938 multa
3190 885 3426 939 Honorii
3462 887 3522 940 in
3554 887 3678 941 illos

1985 967 2167 1023 edicta
2216 969 2606 1040 reperirentur
2653 971 2709 1025 id
2758 972 3033 1043 temporis
3075 988 3090 1027 :
3143 990 3256 1044 qua
3299 973 3472 1028 etiam
3510 975 3579 1030 de
3620 993 3678 1029 rc

1985 1071 2182 1126 graves
2219 1058 2604 1129 querimonias
2631 1059 2879 1114 habebat
2908 1061 3238 1128 Petilianus,
3277 1064 3428 1134 quod
3467 1063 3680 1118 scilicet

1985 1145 2256 1199 Catholici
2298 1147 2365 1201 ad
2405 1146 2622 1218 regiam
2663 1148 3055 1204 auctoritatem
3095 1150 3488 1222 confugerent.
3525 1153 3679 1206 Inter

1983 1233 2106 1286 base
2137 1249 2267 1288 suos
2299 1235 2726 1302 adhortabatur,
2769 1242 2831 1291 ut
2864 1236 3252 1292 innocentiam
3290 1239 3470 1308 illam,
3503 1257 3673 1310 quam

1983 1320 2122 1392 ipsis
2146 1322 2366 1385 tribuit,
2388 1323 2474 1377 vel
2499 1323 2781 1378 bonorum
2802 1325 3061 1380 omnium
3084 1330 3436 1382 terrenorum
3457 1329 3681 1399 jactura

1983 1414 2298 1466 tuerentur.
2327 1411 2388 1465 In
2412 1412 2492 1466 eis
2518 1429 2577 1466 se
2606 1429 2851 1484 suosque
2875 1415 3233 1483 numerabat,
3258 1432 3402 1486 quos
3424 1416 3679 1471 Christus

1983 1514 2261 1569 pauperes
2299 1500 2501 1570 spiritu
2540 1506 2729 1568 vocat;
2763 1503 2978 1574 quique
3020 1504 3396 1560 reformidant
3433 1505 3676 1574 divitias,

1985 1587 2197 1642 nedum
2246 1590 2650 1659 concupiscant
2694 1607 2706 1646 :
2749 1592 2976 1646 tametsi
3018 1609 3224 1663 parum
3262 1593 3574 1648 admodum
3618 1595 3678 1650 in

1983 1676 2288 1730 nonnullos
2335 1678 2760 1734 Donatistarum
2804 1680 3098 1752 episcopos
3147 1682 3428 1752 ejusmodi
3484 1683 3679 1738 laudes

1983 1765 2353 1834 quadrarent,
2377 1767 2612 1837 ipseque
2643 1769 2867 1822 nullum
2884 1769 3164 1824 bonorum
3185 1786 3417 1824 suorum
3446 1771 3677 1841 dispen-

1982 1852 2140 1906 dium
2171 1858 2318 1908 esset
2350 1871 2570 1925 passus,
2604 1873 2732 1927 quas
2771 1873 2843 1910 an
2887 1857 3204 1927 abjecisset,
3245 1859 3499 1929 profecto
3539 1861 3678 1914 late-

1981 1939 2080 1994 bat
2119 1942 2519 2011 Augustinum.
2560 1945 2637 1998 Εο
2678 1944 2980 1999 dementias
3018 1961 3082 2000 ac
3119 1947 3402 2015 superbiae
3445 1952 3676 2002 venerat

1981 2029 2314 2095 Petilianus,
2345 2034 2408 2084 ut
2437 2031 2646 2085 sentire
2677 2032 2964 2088 videretur
2996 2050 3141 2088 veras
3181 2036 3438 2090 Ecclesia:
3469 2036 3682 2106 episco-

1981 2132 2086 2186 pos
2116 2117 2356 2188 peccatis
2385 2119 2558 2173 nullis
2589 2120 2864 2176 obnoxios
2903 2137 3044 2188 esse,
3079 2137 3268 2194 neque
3297 2123 3439 2178 adeo
3481 2125 3679 2195 populi

1981 2206 2246 2276 precibus
2298 2206 2590 2278 indigere;
2627 2213 2796 2279 atque
2833 2210 2911 2264 ita
2950 2227 3008 2264 se
3048 2227 3280 2282 quoque
3321 2211 3509 2282 ipsum
3557 2228 3678 2267 esse

1981 2294 2177 2360 Paulo,
2225 2295 2442 2350 Joanne
2489 2297 2857 2367 evangelista,
2909 2297 3139 2354 Daniele
3187 2303 3357 2370 atque
3405 2299 3530 2354 aliis
3580 2301 3676 2372 ju-

1983 2381 2236 2436 stiorem.

2053 2472 2104 2524 3.
2154 2471 2281 2524 Haec
2325 2469 2564 2541 epistola
2611 2473 2927 2527 multorum
2971 2473 3029 2528 in
3077 2474 3342 2529 manibus
3389 2479 3529 2542 erat,
3578 2476 3677 2546 qui

1981 2557 2164 2612 varias
2194 2558 2366 2614 etiam
2395 2575 2464 2614 ex
2504 2576 2569 2614 ea
2597 2561 2905 2615 sententias
2937 2563 3004 2616 ad
3054 2564 3286 2618 verbum
3328 2564 3675 2634 ediscebant,

1982 2645 2144 2716 quasi
2192 2663 2259 2700 ex
2301 2663 2471 2718 opere
2518 2649 2786 2704 adversus
2832 2651 3167 2706 catholicam
3219 2652 3523 2707 Ecclesiam
3571 2670 3677 2724 ap-

1981 2736 2164 2806 prime
2203 2735 2386 2790 valido
2433 2736 2528 2806 (De
2575 2739 2788 2792 Unitale
2829 2741 3095 2806 Ecclesia,
3128 2757 3180 2794 η.
3233 2742 3302 2812 1).
3351 2741 3519 2796 Cirta:
3559 2742 3678 2811 pri-

1980 2839 2139 2878 mum
2163 2840 2230 2877 ex
2251 2824 2349 2878 illa
2361 2826 2623 2895 quaedam
2644 2827 2784 2896 legit
2801 2829 3186 2896 Augustinum
3199 2829 3430 2899 (Contra
3443 2832 3678 2884 Littmzs

1979 2913 2258 2982 Peliliani,
2291 2913 2382 2968 lib.
2421 2917 2469 2981 1,
2502 2929 2554 2968 n.
2594 2915 2664 2984 l),
2692 2915 2837 2969 forte
2870 2915 3064 2982 etiam,
3099 2921 3161 2970 ut
3197 2933 3230 2970 a
3268 2917 3431 2971 nobis
3463 2917 3677 2972 dictum

1982 3005 2086 3067 est,
2123 3017 2234 3072 quo
2265 3005 2522 3071 tempore
2552 3019 2585 3055 a
2615 3006 2896 3059 Generosa
2920 3004 3232 3074 presbyteri
3264 3005 3570 3060 Donatista:
3595 3007 3680 3059 lit-

1982 3093 2150 3154 teras,
2176 3089 2235 3142 in
2266 3089 2474 3159 quibus
2503 3091 2702 3144 eadem
2729 3091 3085 3159 laudabatur,
3109 3091 3323 3162 accepit
3345 3094 3537 3162 (Epist.
3564 3095 3676 3163 53).

1985 3177 2136 3231 Hanc
2176 3178 2248 3243 ei,
2299 3194 2430 3231 cum
2477 3178 2536 3232 in
2577 3178 2811 3233 ecclesia
2853 3185 3000 3234 esset
3041 3196 3154 3234 una
3194 3197 3325 3235 cum
3371 3182 3678 3236 Fortunato

1982 3264 2258 3320 catholico
2290 3265 2413 3336 ejus
2462 3265 2567 3320 loci
2605 3266 2875 3335 antistite,
2916 3269 3366 3324 orthodoxorum
3411 3269 3678 3324 nonnulli

1983 3354 2337 3422 obtulerunt,
2379 3355 2650 3410 Absentio
2699 3362 2978 3427 praesente
3022 3373 3034 3411 :
3085 3357 3232 3412 forte
3278 3359 3676 3428 reponendum

1980 3442 2207 3513 Alypio,
2259 3443 2731 3514 quandoquidem
2785 3445 3021 3516 Alypius
3068 3462 3196 3500 cum
3249 3447 3571 3517 Augustino
3622 3451 3680 3502 et

1986 3531 2293 3586 Fortunato
2325 3531 2679 3602 conjunctim
2710 3534 2988 3588 Generoso
3028 3535 3334 3606 rescripsit.
3370 3536 3500 3590 Htec
3529 3551 3675 3590 non-

1985 3618 2090 3673 nisi
2121 3619 2354 3674 iuitium
2383 3626 2440 3674 et
2477 3637 2609 3690 pars
2649 3621 2908 3691 epistolae
2946 3639 3228 3694 perquam
3266 3624 3474 3694 exigua
3511 3628 3676 3679 erat:

1983 3707 2256 3778 quoniam
2297 3707 2552 3762 nondum
2582 3708 2819 3763 licuerat
2847 3710 3147 3765 Catholicis
3177 3727 3242 3766 ex
3274 3727 3340 3765 ea
3379 3713 3545 3781 plura
3573 3711 3675 3766 de-

1982 3796 2246 3850 scribere.
2282 3795 2570 3865 Principio
2600 3796 2862 3851 observat
2888 3799 3260 3868 Augustinus,
3292 3800 3399 3853 hac
3435 3799 3678 3870 epistola

1983 3881 2051 3936 ab
2073 3882 2198 3951 ipso
2223 3883 2454 3936 exordio
2474 3883 2730 3937 funditus
2756 3884 2961 3938 Donati
2989 3891 3214 3954 partem
3243 3886 3525 3956 subverti;
3547 3903 3677 3940 cum

1981 3969 2052 4023 ab
2088 3969 2389 4040 impolluta
2427 3971 2769 4042 baptizantis
2807 3972 3170 4040 conscientia,
3210 3989 3408 4028 eorum
3447 3974 3546 4045 qui
3583 3973 3679 4029 ba-

1981 4057 2286 4127 ptizantur,
2305 4058 2557 4129 pendere
2581 4058 3052 4130 justiﬁcationem
3077 4061 3293 4116 doceat.
3319 4060 3678 4132 Quapropter

1979 4146 2136 4200 illam
2167 4162 2362 4201 revera
2391 4146 2656 4202 Petiliani
2687 4162 2828 4215 esse,
2862 4148 3121 4219 quamvis
3149 4149 3271 4220 ejus
3301 4164 3510 4205 nomen
3531 4166 3677 4220 pl‘tB-

1979 4235 2172 4302 terret,
2203 4235 2355 4290 haud
2399 4235 2562 4291 facile
2598 4235 2708 4291 sibi
2749 4225 3132 4307 persuadebat
3171 4253 3186 4292 :
3228 4253 3426 4293 verum
3466 4239 3675 4309 quibus

1981 4328 2116 4378 nota
2131 4327 2250 4378 erat
2271 4324 2444 4395 hujus
2472 4324 2780 4380 Donatistae
2798 4325 3081 4379 scribendi
3099 4326 3302 4392 forma,
3316 4327 3468 4381 hunc
3486 4327 3673 4397 ipsum

1981 4429 2102 4468 esse
2141 4412 2398 4483 ejusdem
2438 4412 2635 4467 stilum
2673 4414 2994 4484 Augustino
3041 4415 3232 4469 testati
3281 4419 3412 4470 sunt
3461 4417 3676 4485 (Contra

1980 4503 2214 4557 Litteras
2252 4503 2532 4568 Petiliani,
2574 4503 2668 4557 lib.
2718 4506 2766 4568 1,
2807 4519 2863 4557 n.
2909 4502 2982 4574 l).
3024 4503 3202 4573 Igitur
3251 4503 3408 4558 illam
3465 4503 3676 4574 scripto

1981 4590 2235 4644 refellere
2273 4591 2596 4656 constituit;
2631 4591 2784 4660 quod
2813 4596 2870 4646 et
2907 4592 3176 4662 praestitit
3213 4608 3387 4663 quam
3426 4593 3677 4648 maxima

1978 4678 2165 4748 potuit
2191 4678 2506 4749 diligentia,
2537 4677 2792 4733 claritate
2822 4695 2886 4734 ac
2917 4679 3258 4747 sinceritate,
3281 4697 3354 4734 ne
3379 4681 3518 4752 quid
3547 4697 3677 4736 con-

1978 4770 2065 4820 tra
2096 4765 2429 4820 catholicam
2461 4767 2636 4821 iidem
2667 4767 2834 4822 solidi
2863 4784 2929 4822 ea
2958 4767 3237 4822 contineri
3265 4773 3532 4840 putarent
3559 4769 3674 4825 im-

1976 4853 2276 4924 peritiores
2318 4870 2331 4908 :
2378 4870 2484 4908 nec
2525 4854 2808 4908 modestia
2860 4871 2962 4909 sua
3006 4855 3320 4924 inhibetur,
3365 4857 3674 4928 quominus

1977 4945 2189 4996 asserat
2228 4940 2523 4996 veritatem
2569 4941 2631 4995 in
2671 4958 2773 4996 sua
2819 4943 3191 5013 responsione
3241 4944 3381 4999 adeo
3430 4945 3674 5000 ﬁrmiter

1978 5028 2237 5097 stabiliri,
2285 5033 2556 5102 tantaque
2595 5031 2720 5086 luce
2763 5031 3056 5100 illustrari,
3105 5036 3166 5088 ut
3210 5033 3488 5089 Petiliano
3527 5033 3671 5088 nihil

1976 5121 2287 5184 succurrat,
2332 5134 2446 5189 quo
2502 5134 2629 5173 eam
2668 5120 2848 5190 possit
2896 5120 3189 5176 revincere
3243 5121 3434 5190 (Ibid.,
3477 5121 3574 5176 lib.
3615 5123 3666 5186 3,

1975 5222 2030 5262 n.
2098 5206 2164 5276 1).
2250 5206 2700 5277 Responsionem
2775 5208 2924 5264 hanc
2997 5209 3153 5265 ﬁdeli
3227 5209 3481 5265 dioecesis
3554 5225 3671 5263 sua:

1976 5294 2191 5365 populo
2254 5294 2424 5361 dicat,
2483 5311 2723 5367 eamque
2787 5313 2904 5352 non
2969 5298 3180 5354 librum
3241 5297 3506 5368 appellat,
3575 5298 3672 5352 sed

1979 5381 2276 5452 epistolam
2326 5385 2733 5443 (Retractation.
2784 5385 2876 5440 lib.
2921 5388 2976 5452 2,
3019 5401 3142 5455 cap.
3190 5385 3299 5453 25).
3349 5382 3534 5438 Utitur
3580 5384 3671 5439 hic

1979 5471 2167 5542 Optati
2221 5471 2475 5543 quidem,
2522 5477 2582 5527 at
2636 5475 2818 5529 multo
2881 5473 3062 5544 magis
3129 5470 3670 5530 Maximianistarum

1980 5560 2234 5629 historia,
2252 5560 2592 5634 plebemque
2605 5575 2770 5616 suam
2786 5561 3138 5626 adhortatur,
3162 5562 3223 5613 ut
3243 5558 3388 5615 hanc
3406 5558 3672 5618 ultimam
