4060 6350
395 303 498 356 295

396 423 506 476 alte
535 420 595 475 in
633 421 885 474 mentem
911 415 1218 472 demittant
1248 432 1261 471 :
1290 415 1504 488 quippe
1542 433 1671 488 quae
1710 416 1784 472 sit
1821 416 2090 472 omnibus

395 509 634 565 omnino
683 506 1105 562 Donatistarum
1151 505 1542 577 petitionibus,
1590 506 1713 561 sine
1755 507 1870 561 ullo
1918 522 2088 577 argu-

394 602 721 654 mentorum
750 595 1037 668 praesidio,
1067 593 1409 666 repellendis
1435 595 1683 650 maxime
1704 595 2088 652 accommoda.

397 687 614 752 Quibus
645 684 873 756 subjicit
904 702 917 739 :
951 687 1090 752 Haec,
1121 687 1346 752 fratres,
1373 701 1492 739 cum
1523 687 1762 754 impigra
1782 688 2091 739 mansuetu-

399 779 525 833 dine
557 775 770 844 agenda
797 780 848 829 et
871 775 1230 845 pradicanda
1265 777 1490 829 retinete
1522 790 1534 829 :
1579 775 1795 842 diligite
1832 776 2090 840 homines,

397 867 681 935 interﬁcite
707 879 912 919 errores
943 882 959 918 :
990 865 1106 918 sine
1136 863 1392 933 superbia
1419 863 1486 918 de
1511 866 1738 918 veritate
1761 866 2090 932 praesumite,

405 956 519 1009 sine
546 955 758 1009 saevitia
789 967 890 1022 pro
919 955 1148 1007 veritate
1173 957 1390 1007 certate.
1425 953 1586 1008 Orate
1616 967 1720 1022 pro
1748 954 1824 1006 eis
1852 966 1984 1022 quos
2008 967 2093 1006 re-

401 1041 680 1111 darguitis
713 1045 876 1110 atque
917 1042 1237 1095 conuincitis
1276 1041 1500 1109 (Contra
1535 1042 1768 1096 Litteras
1817 1040 2089 1106 Petiliani,

399 1129 496 1184 lib.
535 1132 584 1195 1,
611 1144 666 1185 n.
701 1127 813 1198 31).
852 1127 1218 1198 Diligentiam
1248 1143 1385 1182 sane
1427 1126 1684 1182 adhibuit
1715 1125 2090 1197 Augustinus,

402 1221 467 1272 ut
495 1217 729 1288 reliquae
757 1216 1078 1271 litterarum
1112 1215 1378 1270 Petiliani
1415 1219 1604 1287 partes
1639 1214 1748 1269 sibi
1784 1215 1846 1268 in
1891 1230 2092 1268 manus

395 1305 702 1360 venirent:
733 1304 832 1360 sed
875 1321 1006 1359 cum
1037 1305 1263 1359 illarum
1302 1304 1532 1358 initium
1579 1304 1649 1358 ab
1697 1320 1764 1358 eo
1812 1301 2094 1358 confutari

396 1393 811 1449 intellexissent
841 1394 1169 1461 Donatistae,
1209 1393 1403 1448 nullus
1443 1409 1665 1461 eorum,
1696 1409 1730 1447 a
1767 1392 1976 1465 quibus
2003 1392 2093 1446 has

396 1483 592 1554 petitae
628 1483 884 1551 fuerunt,
915 1482 1050 1536 dare
1079 1481 1277 1537 voluit.
1307 1483 1461 1536 Adeo
1501 1482 1842 1537 verebantur
1881 1481 1984 1550 illi,
2020 1497 2092 1536 ne

397 1571 550 1643 quod
579 1586 610 1624 e
641 1570 758 1624 suis
789 1569 1012 1641 scriptis
1039 1569 1098 1624 in
1129 1570 1546 1626 Catholicorum
1569 1587 1772 1624 manus
1796 1570 2090 1624 incideret.

395 1659 563 1725 Quid,
579 1658 734 1730 quod
752 1657 1104 1724 Augustinus
1125 1657 1466 1712 Petilianum
1481 1673 1778 1729 nunquam
1798 1657 2092 1712 inductum

393 1747 465 1802 iri
494 1751 678 1818 putat,
713 1751 776 1800 ut
804 1746 964 1800 illam
992 1746 1176 1816 ipsam
1209 1745 1509 1816 epistolam
1539 1746 1628 1800 vel
1655 1762 1758 1816 pro
1784 1761 1886 1800 sua
1915 1762 2089 1817 agno—

395 1841 534 1904 scat,
580 1852 646 1891 ac
689 1834 928 1907 propria
963 1851 1143 1890 manu
1181 1835 1484 1905 obsignat?
1525 1835 1972 1907 Haudquaquam
2015 1834 2096 1889 ita

394 1942 454 1980 se
485 1925 719 1996 gerebat
756 1924 1111 1995 Augustinus
1142 1939 1156 1978 :
1191 1924 1287 1978 sed
1319 1923 1632 1979 Catholicos
1659 1927 1844 1994 rogat,
1876 1939 1948 1978 ne
1975 1922 2092 1977 cui-

393 2030 567 2086 quam
597 2013 854 2085 poscenti
882 2029 1045 2067 suam
1083 2011 1262 2082 ipsius
1292 2011 1591 2084 epistolam
1628 2015 1861 2083 negent,
1891 2011 2007 2066 imo
2039 2015 2095 2066 et

393 2119 517 2158 eam
550 2119 663 2157 non
690 2101 1054 2174 poscentibus
1089 2101 1374 2172 ingerant.
1410 2099 1719 2156 Donatistis
1746 2101 1825 2156 ita
1853 2116 2092 2172 respon-

393 2192 566 2247 dendi
601 2191 738 2246 facit
763 2194 1129 2262 potestatem,
1158 2194 1223 2245 ut
1251 2190 1298 2244 si
1337 2191 1406 2245 ad
1429 2190 1619 2261 ipsum
1653 2188 1859 2258 nolint,
1890 2191 2092 2244 saltem

393 2281 467 2335 ad
492 2284 658 2335 sectas
705 2296 820 2334 sua
863 2279 1112 2334 fautores
1160 2279 1588 2350 responsionem
1630 2279 1880 2345 mittant,
1925 2279 2091 2333 dum-

393 2370 565 2424 modo
598 2384 724 2423 eam
749 2367 858 2439 ipsi
885 2366 1155 2423 occultari
1185 2384 1298 2422 non
1327 2368 1582 2438 jubeant.
1616 2367 1776 2438 Ipsos
1803 2383 2032 2438 quoque
2061 2385 2092 2422 a

392 2456 712 2528 premenda
749 2460 869 2510 tam
909 2455 1108 2509 sedulo
1152 2454 1415 2509 Petiliani
1461 2454 1700 2524 epistola
1734 2453 2090 2522 dehortatur,

394 2561 469 2600 ne
505 2544 672 2608 forte,
710 2560 884 2616 quam
921 2548 1141 2614 partem
1181 2543 1290 2597 sibi
1329 2543 1524 2598 videre
1563 2558 1683 2596 non
1720 2542 1981 2613 contigit,
2027 2559 2094 2598 ea

394 2633 754 2688 contineatur
781 2631 1021 2704 aliquid,
1054 2632 1231 2704 quod,
1263 2631 1350 2686 uti
1375 2631 1553 2687 facete
1582 2630 1736 2699 dicit,
1766 2631 1952 2687 refelli
1978 2647 2093 2686 non

398 2723 579 2795 possit
609 2722 793 2793 (lbid.,
825 2738 882 2776 η.
914 2722 1028 2791 27).

467 2815 518 2866 4.
564 2811 821 2866 Primum
866 2809 1021 2863 hunc
1064 2807 1276 2863 librum
1322 2811 1453 2879 post
1500 2806 1752 2863 Gildonis
1795 2811 1852 2864 et
1903 2808 2094 2880 Optati

391 2903 656 2965 mortem,
687 2899 747 2954 id
777 2902 880 2966 est,
909 2913 1027 2952 non
1068 2901 1196 2951 ante
1243 2897 1380 2952 anni
1416 2897 1797 2953 trecentesimi
1842 2913 2094 2969 nonage-

391 2987 523 3043 simi
561 2987 744 3043 octavi
781 2988 958 3042 tinem
996 2985 1313 3056 composuit
1352 2985 1542 3057 (Ibid.,
1567 3001 1662 3042 nn.
1698 2989 1784 3055 10,
1823 2986 1909 3056 27)
1944 3003 1958 3041 :
1999 2986 2092 3041 cui

391 3077 646 3150 profecto
671 3075 838 3143 libro,
862 3073 908 3128 si
937 3089 1069 3128 eum
1089 3074 1297 3145 scripta
1323 3075 1427 3129 sub
1457 3074 1736 3130 Anastasii
1759 3074 2091 3146 pontificatu

393 3165 461 3220 ad
494 3166 844 3219 Generosum
875 3163 1117 3234 epistola
1144 3163 1455 3234 praecessit,
1506 3179 1579 3218 ne
1621 3163 1816 3218 licebit
1856 3163 2091 3235 quidem

393 3256 622 3323 tempus
675 3256 805 3306 ante
857 3267 1074 3306 annum
1130 3251 1596 3306 trecentesimum
1649 3254 2091 3324 nonagesimum

394 3355 612 3394 nouum
644 3340 967 3411 assignare;
987 3355 1116 3395 cum
1146 3341 1477 3395 Anastasius
1503 3340 1569 3395 ad
1597 3356 1721 3395 eam
1753 3340 2090 3411 dignitatem

391 3429 794 3484 tantummodo
819 3433 1088 3498 vergente
1108 3444 1260 3483 anno
1283 3427 1683 3483 trecentesimo
1715 3429 2089 3500 nonagesimo

391 3521 587 3572 octavo
617 3520 913 3588 cooptatus
940 3516 1030 3572 sit.
1065 3517 1214 3582 Quin
1244 3517 1360 3571 imo
1392 3533 1460 3571 ex
1487 3517 1972 3572 Retractationum
2002 3535 2088 3572 se-

388 3606 494 3670 rie,
543 3605 603 3660 in
646 3621 760 3678 qua
805 3605 1024 3677 primus
1061 3606 1167 3661 iste
1206 3605 1352 3660 liber
1401 3622 1532 3661 cum
1569 3606 1817 3661 secundo
1863 3605 2091 3662 circiter

395 3711 612 3750 annum
641 3694 1273 3767 quadringentesimum
1292 3695 1608 3750 secundum
1629 3695 1784 3750 edito
1801 3695 2083 3767 jungitur,

389 3799 506 3839 non
532 3784 714 3839 multo
744 3788 874 3839 ante
897 3784 1050 3839 hunc
1077 3783 1267 3855 ipsum
1297 3799 1516 3839 annum
1543 3784 1909 3840 collocandus
1935 3784 2090 3840 vide-

387 3877 566 3940 retur,
628 3871 737 3927 nisi
774 3871 945 3927 variis
981 3873 1041 3927 in
1079 3889 1146 3928 eo
1195 3872 1334 3927 locis
1374 3873 1725 3945 Augustinus
1763 3873 2088 3928 Praetextati

386 3961 707 4018 Assuritani
744 3965 800 4016 et
839 3961 1110 4017 Feliciani
1148 3963 1434 4018 Mustitani
1463 3967 1741 4034 tauquam
1780 3963 1963 4018 adhuc
1991 3979 2086 4018 su-

385 4051 689 4120 perstitum
711 4051 1110 4106 recordaretur
1127 4051 1312 4122 (Ibid.,
1335 4066 1431 4107 nn.
1469 4053 1552 4120 10,
1581 4052 1668 4113 26)
1693 4068 1707 4106 :
1731 4067 1867 4106 nam
1893 4067 1925 4106 e
1946 4051 2087 4107 vivis

387 4142 705 4194 excesserat
741 4140 1134 4206 Praetextatus,
1167 4143 1478 4210 antequam
1514 4139 1868 4210 Augustinus
1898 4139 2084 4194 absol-

391 4231 546 4281 veret
572 4241 742 4282 suum
783 4225 844 4280 in
878 4226 1319 4282 Parmenianum
1351 4243 1494 4297 opus
1524 4227 1744 4298 (Contra
1783 4229 2087 4298 Epistolam

388 4315 660 4379 Parmen.,
695 4314 792 4369 lib.
830 4316 881 4380 3,
913 4329 1034 4384 cap.
1073 4316 1148 4384 6),
1179 4315 1336 4386 quod
1366 4315 1518 4368 ultra
1557 4329 1775 4368 annum
1813 4315 2084 4385 quadrin-

390 4402 778 4474 gentesimum
807 4401 967 4473 rejici
991 4418 1159 4472 posse
1189 4418 1308 4456 non
1345 4405 1635 4473 putamus.
1669 4401 1941 4466 Quocirca
1968 4420 2086 4459 non

385 4489 674 4546 immerito
714 4489 942 4558 dixeris,
973 4495 1286 4562 utrumque
1323 4490 1535 4544 librum
1561 4489 1631 4544 ab
1668 4491 1986 4561 Augustino
2015 4493 2086 4547 ob

386 4579 714 4650 argumenti
743 4579 1180 4635 similitudinem
1209 4594 1324 4633 una
1346 4579 1634 4650 junctum,
1665 4582 1836 4650 atque
1865 4578 1927 4634 in
1957 4580 2081 4635 loco

385 4666 614 4738 utrique
638 4665 809 4721 simul
830 4666 1200 4739 assignando,
1220 4666 1503 4721 rationem
1523 4666 1756 4722 secundi
1779 4683 1897 4722 esse
1928 4668 2085 4723 habi-

381 4759 522 4822 tam,
554 4771 674 4809 non
701 4755 896 4826 primi,
929 4771 1102 4828 quem
1141 4755 1397 4827 epistolae
1425 4759 1650 4810 tantum
1689 4757 1809 4811 loco
1837 4757 2084 4812 habebat

382 4841 507 4913 ipse
555 4845 930 4914 Augustinus,
968 4859 1072 4898 nec
1109 4843 1171 4898 in
1223 4843 1501 4898 librorum
1539 4859 1777 4899 suorum
1819 4859 2086 4912 numero;

382 4931 496 4986 nisi
521 4931 758 4987 secundi
783 4949 848 4986 ac
875 4933 1030 4988 tertii
1067 4933 1251 5004 gratia
1278 4932 1625 4989 recensebat.
1655 4934 1727 4988 Ut
1764 4933 1859 4988 ille
1887 4937 2083 4988 tamen

381 5020 532 5077 liber
567 5024 766 5076 contra
795 5021 1057 5076 Petiliani
1099 5022 1319 5076 litteras
1347 5021 1590 5094 primus,
1633 5037 1807 5093 quam
1843 5021 2082 5078 minime

380 5109 557 5181 longo
595 5110 869 5181 temporis
898 5110 1196 5166 intervallo
1238 5127 1272 5164 a
1309 5111 1534 5166 duobus
1562 5109 1689 5164 aliis
1727 5110 2082 5182 disjungere-

382 5202 494 5266 tur,
526 5199 743 5270 placuit
770 5200 959 5254 locum
989 5199 1176 5254 eidem
1213 5203 1344 5254 ante
1387 5203 1500 5254 tres
1537 5199 1600 5254 in
1637 5199 2081 5255 Parmenianum

377 5286 554 5342 libros
583 5287 913 5359 proximum
941 5288 1274 5343 concedere.

451 5379 510 5432 5.
557 5376 988 5444 Parmenianus,
1030 5377 1101 5432 de
1139 5393 1254 5449 quo
1291 5375 1382 5431 hic
1430 5375 1640 5447 agitur,
1683 5374 1778 5430 ille
1817 5374 1938 5447 ipse
1975 5380 2078 5444 est,

381 5463 482 5535 qui
509 5464 568 5520 in
598 5465 789 5521 locum
827 5466 1113 5521 demortui
1145 5465 1349 5520 Donati
1379 5481 1414 5519 a
1443 5463 1749 5519 Donatistis
1786 5465 2082 5539 Carthagi-

379 5552 573 5607 nensis
619 5555 918 5627 episcopus
973 5554 1242 5610 suffectus
1297 5553 1485 5609 fuerat
1539 5553 1793 5622 (Retract.
1863 5553 1956 5608 lib.
2025 5557 2082 5627 2,

1653 293 1825 350 VITA
1865 293 1919 349 S.
1963 291 2350 350 AUGUSTINI
2391 291 2728 350 EPISCOPI.

3801 293 3917 346 296

2200 433 2319 487 cap.
2354 418 2460 488 t7).
2510 419 2561 472 Is
2602 417 2716 488 jam
2746 421 2870 472 tum
2895 420 3210 472 excesserat
3238 432 3268 472 e
3297 415 3412 471 vita
3439 416 3660 487 (Contra
3685 419 3916 487 Episto-

2202 507 2310 561 lam
2351 509 2718 574 Parmenioni,
2767 507 2860 562 lib.
2909 510 2957 575 1,
3007 522 3053 562 c.
3108 506 3178 578 1).
3227 507 3436 561 Verum
3467 520 3596 560 cum
3636 505 3911 578 epistola,

2201 611 2376 666 quam
2424 597 2692 650 adversus
2736 594 3075 651 Tichonium
3123 594 3443 667 scripserat,
3487 595 3550 650 in
3595 595 3916 666 Augustini

2202 700 2403 740 manus
2433 684 2743 754 incidisset,
2792 700 2909 739 non
2949 684 3137 756 potuit
3166 683 3424 740 Ecclesiae
3453 685 3750 740 catholicae
3781 685 3915 740 vin-

2203 771 2307 826 dex
2356 771 2680 842 petentibus
2729 775 2920 844 atque,
2968 775 3035 826 ut
3080 771 3201 843 ipse
3243 761 3523 844 loquitur,
3567 771 3918 844 jubentibus

2201 859 2491 923 fratribus,
2544 864 2606 913 ut
2641 860 2800 913 illam
2846 859 3181 926 confutaret,
3232 876 3350 914 non
3397 876 3620 916 morem
3667 875 3913 933 gerere;

2203 946 2375 1018 idque
2408 947 2654 1001 maxime
2676 947 2748 1000 ob
2775 946 3028 1001 diversos
3051 963 3339 1002 sacrarum
3362 948 3705 1019 paginarum
3723 949 3918 1015 locos,

2203 1034 2364 1107 queis
2393 1034 2800 1089 Parmenianus
2831 1035 2898 1090 ad
2929 1035 3347 1091 defendendam
3376 1036 3552 1108 partis
3579 1053 3698 1092 suae
3729 1053 3922 1092 seces-

2203 1124 2420 1178 sionem
2444 1125 2802 1180 abutebatur.
2836 1124 3186 1195 Augustinus
3218 1125 3395 1195 igitur
3422 1125 3480 1181 id
3505 1125 3564 1180 in
3585 1143 3644 1181 se
3666 1127 3915 1198 recepit,

2203 1217 2267 1267 ut
2295 1212 2597 1268 Ecclesiam
2638 1217 2754 1268 toto
2791 1217 3074 1268 terrarum
3104 1215 3240 1269 orbe
3269 1215 3533 1270 diffusam
3569 1222 3850 1286 purgaret
3879 1231 3917 1269 a

2204 1301 2698 1357 criminationibus
2728 1307 2786 1357 et
2814 1302 3134 1371 calumniis,
3159 1304 3366 1375 quibus
3399 1305 3706 1359 Donatistae
3736 1321 3911 1359 suum

2203 1391 2273 1445 ab
2301 1407 2368 1445 ea
2412 1391 2717 1446 discidium
2756 1391 2906 1446 tueri
2953 1391 3116 1464 quasi
3161 1392 3482 1463 legitimum
3531 1394 3911 1448 conabantur.

2203 1481 2324 1544 Qua
2368 1481 2438 1534 de
2489 1496 2656 1534 causa
2696 1480 3126 1536 celeberrimam
3181 1481 3339 1535 illam
3377 1483 3586 1537 excutit
3632 1499 3695 1537 ac
3741 1483 3917 1538 solvit

2204 1568 2596 1639 quiestionem,
2629 1585 2702 1622 an
2732 1568 2866 1622 mali
2897 1568 3096 1638 bonos,
3143 1569 3484 1640 quibuscum
3523 1569 3780 1640 ejusdem
3817 1570 3914 1623 Ec-

2203 1657 2387 1712 clesia?
2435 1657 2720 1724 societate,
2753 1673 2816 1711 ac
2845 1659 3181 1712 eorumdem
3213 1659 3708 1713 Sacramentorum
3747 1675 3907 1713 com-

2205 1746 2480 1801 munione
2526 1746 2887 1816 copulantur,
2937 1745 3196 1801 inticiant
3245 1763 3258 1801 :
3303 1747 3373 1802 ab
3413 1747 3532 1802 illis
3562 1752 3756 1802 autem
3803 1747 3913 1801 hos

2205 1833 2440 1888 minime
2478 1833 2861 1888 contaminari
2903 1834 3274 1901 demonstrat.
3309 1835 3445 1900 Qua:
3474 1851 3580 1906 per
3617 1835 3910 1891 Maximia-

2203 1923 2475 1977 nistarum
2541 1921 2789 1977 schisma
2852 1926 3180 1990 evenerant,
3231 1923 3595 1994 potissimum
3651 1923 3909 1988 adhibet,

2201 2011 2423 2082 illisque
2454 2016 2884 2082 percpportune
2917 2012 3090 2066 armis
3111 2013 3310 2079 utitur,
3344 2029 3473 2083 quae
3501 2013 3610 2067 sibi
3640 2014 3911 2085 praebue-

2203 2104 2333 2154 rant
2361 2100 2690 2166 Donatistze,
2717 2115 2845 2155 cum
2880 2100 3231 2156 Felicianum
3260 2101 3649 2164 Mustitanum,
3673 2117 3736 2156 ac
3757 2103 3913 2156 PHE-

2201 2191 2476 2243 textatum
2525 2188 2945 2256 Assuritanum,
2998 2206 3129 2244 cum
3173 2190 3440 2246 omnibus
3487 2190 3548 2244 in
3578 2190 3909 2246 Maximiani

2203 2277 2504 2332 schismate
2541 2276 2861 2350 baptizatis,
2916 2278 2988 2333 ad
3031 2279 3498 2334 communionem
3527 2279 3904 2334 admiserunt.

2204 2367 2270 2421 Et
2297 2366 2529 2438 quidem
2559 2383 2590 2421 e
2618 2367 2735 2422 vita
2763 2369 3132 2422 Praetextatus
3157 2369 3309 2423 haud
3343 2370 3513 2439 longe
3543 2373 3673 2423 ante
3702 2368 3911 2424 disces-

2204 2459 2354 2510 serat
2383 2474 2399 2510 :
2435 2454 2748 2510 Felicianus
2769 2461 2962 2511 autem
2983 2456 3168 2512 adhuc
3197 2461 3482 2528 superstes
3504 2462 3640 2512 erat.
3666 2458 3907 2512 Multum

2203 2559 2432 2615 quoque
2461 2543 2627 2598 isthic
2661 2545 3015 2615 Augustinus
3053 2561 3375 2600 sermonem
3404 2546 3575 2601 habet
3605 2546 3675 2601 de
3716 2547 3909 2601 Gildo-

2203 2632 2375 2686 niano
2413 2632 2638 2702 Optato,
2671 2633 2855 2704 deque
2883 2634 2954 2688 ab
2983 2650 3048 2688 eo
3076 2634 3354 2690 violenter
3377 2635 3566 2703 factis;
3611 2639 3667 2690 et
3703 2651 3912 2707 quam-

2204 2720 2305 2775 diu
2355 2720 2625 2776 bacchata
2670 2720 2744 2776 sit
2789 2723 2912 2792 ejus
2955 2723 3232 2792 tyrannis,
3265 2740 3384 2778 non
3423 2724 3658 2780 obscure
3705 2725 3912 2780 deﬁnit

2205 2809 2402 2880 (Ibid.,
2459 2810 2553 2864 lib.
2602 2813 2657 2877 2,
2710 2826 2766 2864 η.
2817 2811 2893 2882 4).
2953 2811 3090 2875 Quae
3163 2814 3394 2884 quidem
3461 2830 3610 2868 anno
3665 2814 3909 2869 demum

2202 2898 2599 2952 trecentesimo
2668 2899 3042 2970 nonagesimo
3099 2907 3293 2956 octavo
3345 2903 3565 2957 sublata
3620 2908 3722 2958 est.
3777 2905 3908 2969 Quo

2201 2991 2460 3058 tempore
2515 2988 2638 3042 haec
2691 2987 2904 3056 scribit,
2963 2990 3167 3044 eodem
3214 2991 3340 3062 ipso
3382 2991 3498 3046 fere
3544 2991 3727 3047 ubivis
3768 3009 3910 3064 gen-

2201 3076 2345 3130 tium
2389 3076 2665 3132 falsorum
2711 3078 2950 3133 deorum
2992 3080 3209 3150 templa
3259 3081 3381 3134 solo
3422 3080 3657 3152 requari,
3699 3097 3905 3136 eorum

2201 3165 2504 3220 simulacra
2555 3167 2746 3238 legum
2793 3183 2990 3222 recens
3045 3168 3290 3223 latarum
3331 3169 3387 3223 vi
3429 3169 3762 3237 comminui,
3811 3187 3906 3225 sa-

2201 3269 2295 3308 cra
2341 3255 2588 3327 denique
2635 3271 2699 3310 ac
2745 3256 3099 3311 ceremonias
3141 3257 3413 3328 inhiberi,
3443 3263 3680 3314 testatur
3705 3259 3903 3328 (Ibid.,

2201 3342 2295 3396 lib.
2334 3345 2384 3410 1,
2427 3359 2483 3398 n.
2523 3343 2632 3412 l5);
2676 3344 2829 3415 quod
2875 3361 3026 3400 anno
3076 3346 3476 3402 trecentesimo
3527 3348 3905 3418 nonagesimo

2199 3445 2354 3485 nono
2384 3431 2511 3486 fieri
2540 3436 2810 3502 coeptum.
2845 3432 3207 3504 Quapropter
3233 3439 3366 3490 ante
3395 3435 3547 3490 hunc
3573 3452 3789 3491 annum
3821 3438 3901 3491 lo-

2199 3535 2326 3573 care
2373 3535 2489 3573 non
2539 3520 2668 3574 licet
2716 3536 2843 3574 eam
2891 3521 3365 3593 lucubrationem,
3423 3540 3598 3595 quam
3655 3525 3905 3596 ipsemet

2197 3607 2549 3677 Augustinus
2579 3608 2837 3678 proxime
2875 3614 3004 3680 post
3031 3610 3243 3666 librum
3271 3611 3341 3667 de
3383 3612 3687 3669 concordia
3727 3614 3904 3669 Evan-

2199 3695 2536 3766 gelistarum
2565 3687 2754 3767 ponit.
2923 3753 2932 3766 .-

2267 3786 2319 3840 6.
2352 3783 2414 3837 In
2443 3782 2542 3837 illa
2569 3787 2764 3838 contra
2809 3784 3252 3841 Parmenianum
3300 3787 3695 3846 lucubratione
3727 3807 3900 3864 spon-

2198 3871 2293 3927 det
2320 3875 2545 3926 sanctus
2585 3873 2810 3940 Doctor,
2843 3872 2980 3928 alibi
3015 3890 3074 3929 se
3113 3874 3297 3930 fusius
3322 3876 3597 3948 Baptismi
3637 3879 3901 3951 quaestio-

2196 3976 2329 4016 nem
2353 3964 2744 4018 tractaturum.
2771 3962 2979 4034 Reipsa
3007 3967 3224 4035 septem
3254 3964 3428 4020 libros
3449 3966 3519 4022 de
3553 3967 3899 4040 Baptismate

2196 4053 2393 4122 postea
2431 4051 2777 4123 composuit,
2808 4067 2951 4123 quos
2994 4052 3182 4109 eidem
3226 4053 3320 4109 isti
3358 4055 3521 4127 operi
3545 4058 3806 4127 proxime
3836 4058 3900 4113 in

2195 4139 2717 4195 Retractationibus
2775 4141 3073 4212 subjungit
3129 4143 3614 4213 (Hetractationum
3671 4145 3766 4200 lib.
3839 4151 3895 4215 2,

2195 4241 2314 4295 cap.
2349 4227 2461 4297 18).
2500 4229 2661 4283 Hunc
2687 4229 2864 4283 alium
2896 4230 3149 4285 laborem
3167 4231 3435 4302 promissi
3459 4249 3574 4288 non
3594 4233 3900 4290 immemor

2194 4316 2462 4386 suscepit,
2517 4316 2682 4371 illum
2731 4321 2925 4373 tamen
2972 4318 3239 4374 fratribus
3285 4321 3731 4393 efﬂagitantibus
3781 4339 3899 4378 non

2194 4408 2524 4474 negaturus,
2560 4405 2786 4459 etiamsi
2827 4405 2888 4459 in
2935 4406 3082 4462 libro
3129 4413 3326 4464 contra
3354 4411 3796 4467 Parmenianum
3827 4413 3897 4468 de

2194 4507 2260 4547 eo
2290 4491 2433 4547 nihil
2469 4493 2841 4564 promisisset.
2884 4495 2944 4549 Id
2991 4495 3103 4550 sibi
3131 4496 3193 4552 in
3220 4497 3310 4552 his
3340 4503 3558 4570 septem
3588 4499 3748 4555 libris
3775 4517 3898 4572 pro-

2191 4581 2375 4653 ponit,
2422 4586 2488 4635 ut
2533 4598 2602 4636 ea
2643 4581 2928 4650 dissolvat,
2976 4600 3104 4655 quas
3150 4586 3220 4640 de
3260 4587 3601 4658 Baptismate
3631 4589 3898 4646 adversus

2193 4668 2452 4724 Ecclesiae
2499 4669 2818 4725 doctrinam
2866 4672 3176 4729 Donatista:
3224 4675 3583 4747 objectabant
3633 4693 3648 4732 :
3695 4679 3794 4734 sed
3836 4679 3895 4734 in

2190 4756 2414 4828 primis,
2459 4761 2526 4811 ut
2560 4757 2847 4830 Cypriani,
2894 4777 3066 4832 quem
3106 4763 3280 4818 armis
3317 4765 3572 4820 veritatis
3619 4771 3895 4839 tanquam
3929 4773 3940 4780 “

2189 4845 2584 4900 ﬁrmissimum
2616 4848 2876 4919 clypeum
2908 4852 3290 4922 apponebant,
3317 4854 3643 4910 auctoritati
3662 4872 3896 4928 respon-

2192 4935 2349 5003 deat;
2396 4936 2776 5009 ostendatque
2825 4955 2944 4993 non
2991 4940 3206 5012 iniquis
3232 4957 3426 4997 rerum
3456 4944 3894 5001 aastimatoribus

2189 5039 2294 5078 nec
2335 5024 2708 5095 praijudicata
2753 5026 3024 5098 opinione
3065 5030 3368 5100 corruptis,
3419 5031 3563 5086 nihil
3593 5049 3714 5088 esse
3740 5035 3893 5104 quod

2191 5128 2289 5168 eos
2333 5113 2575 5168 validius
2631 5116 2704 5170 ad
2742 5115 3034 5172 silentium
3063 5117 3280 5190 adigat,
3339 5136 3404 5174 ac
3432 5120 3655 5176 discidii
3681 5139 3794 5194 quo
3825 5124 3892 5178 ab

2191 5201 2437 5256 Ecclesia
2465 5202 2831 5271 desciverant,
2865 5205 3240 5262 fundamenta
3269 5208 3524 5272 subruat,
3568 5226 3743 5280 quam
3768 5211 3895 5268 bea-

2189 5289 2396 5344 tissimi
2423 5291 2594 5362 hujus
2626 5293 2891 5364 martyris
2912 5292 2975 5347 in
3005 5311 3070 5349 ea
3099 5295 3224 5366 ipsa
3253 5313 3424 5369 super
3455 5298 3740 5369 Baptismo
3770 5316 3895 5357 con-

2190 5379 2467 5434 troversia
2495 5380 2781 5453 judicium
2831 5385 2890 5437 et
2934 5384 3146 5454 agendi
3173 5385 3342 5441 ratio.
3374 5386 3458 5440 Ad
3487 5387 3611 5442 haec
3633 5387 3891 5459 ipsorum

2191 5467 2523 5525 auctoritate
2566 5469 2994 5526 Donatistarum
3048 5477 3287 5546 pugnat,
3327 5474 3428 5546 qui
3480 5480 3708 5547 recepto
3757 5477 3893 5532 Feli-

2190 5555 2354 5614 ciano
2383 5557 2632 5632 propriae
2651 5574 2836 5616 causa:
2853 5560 3216 5619 ﬁrmamenta
3240 5563 3659 5636 confregerant,
3694 5571 3754 5621 ut
3773 5567 3892 5638 jam
