4060 6366
152 304 185 354 2
198 264 271 356 9-}

146 446 330 501 nulla
374 454 695 519 superesset
726 450 794 504 de
843 466 906 505 re
953 466 1085 505 cum
1124 452 1327 507 Donati
1366 455 1657 525 prmcipua
1701 474 1871 529 gran-

1654 316 1853 374 LIBER
1893 318 2215 383 QUINTUS.

3577 344 3679 398 298

1980 444 2182 514 pienti,
2202 445 2342 515 petit
2361 448 2430 502 ad
2453 448 2599 504 hanc
2630 467 2750 505 rem
2778 452 2981 508 faveat.
3015 456 3077 510 In
3118 455 3229 511 illis
3255 459 3457 515 litteris
3496 465 3675 519 altum

145 532 435 607 morique
486 542 646 608 parte
694 539 1058 615 οοηοριυιδράί
1102 556 1286 607 causa,
1329 543 1425 597 sed
1472 547 1694 600 tantum
1742 563 1872 602 cum
1981 531 2050 586 de
2107 534 2406 590 collatione
2464 536 2899 611 Carthaginensi
2946 542 3272 599 silentium:
3326 564 3437 618 quo
3499 551 3675 605 videri

143 623 465 691 particulis
503 626 869 697 quibusdam,
909 644 1038 699 quas
1089 630 1247 684 velut
1282 646 1315 684 a
1357 648 1595 702 corpore
1640 650 1742 689 suo
1780 635 1869 689 di-

142 710 349 765 vulsm
372 713 733 782 grandiorem
780 715 937 769 illam
991 716 1064 769 ob
1094 718 1476 788 approbatum
1516 721 1868 777 Maximiani-

147 802 389 853 starum
421 800 705 871 baptisma
743 802 1216 870 criminabantur,
1248 821 1312 859 ac
1342 805 1450 860 sibi
1491 808 1624 862 solis
1669 826 1867 865 verum

152 887 465 957 Baptisma
491 888 730 957 singulas
758 888 838 943 sic
866 891 1231 961 arrogabant,
1254 897 1317 947 ut
1343 910 1699 968 unaquaeque
1731 916 1866 953 con-

144 975 449 1045 tenderet,
477 992 581 1031 nec
610 977 847 1032 omnino
880 995 999 1033 esse
1045 979 1197 1041 alibi,
1239 997 1344 1035 nec
1390 981 1451 1037 in
1494 984 1737 1038 Ecclesia
1772 1001 1863 1038 ca-

146 1062 399 1130 tholica,
428 1080 530 1118 nec
559 1065 619 1119 in
663 1065 786 1136 ipsa
831 1066 1132 1137 grandiore
1178 1074 1338 1138 parte
1379 1070 1605 1134 Donati,
1657 1089 1760 1126 nec
1805 1073 1865 1126 in

138 1151 382 1205 caeteris
439 1158 648 1223 praeter
709 1170 766 1207 se
804 1171 980 1209 unam
1028 1172 1097 1209 ex
1138 1157 1535 1212 minutissimis
1584 1161 1861 1229 partibus.

141 1240 458 1295 Postrema
495 1240 684 1311 operis
721 1246 881 1313 parte
917 1244 1230 1298 sententias
1271 1246 1496 1300 concilii
1543 1248 1692 1319 apud
1736 1248 1865 1302 Car-

139 1327 457 1397 thaginem
492 1328 758 1400 Cypriani
804 1331 1136 1386 auctoritate
1179 1332 1248 1387 de
1286 1334 1596 1403 rejiciendo
1642 1335 1866 1389 hmreti—

144 1431 361 1470 corum
405 1416 690 1487 baptismo
750 1417 1020 1472 celebrati
1088 1435 1287 1475 omnes
1341 1422 1630 1493 expendit,
1679 1428 1737 1478 et
1792 1425 1861 1479 ad

148 1503 409 1559 verbum
442 1504 682 1577 singulis
711 1506 1027 1578 respondit.

217 1597 285 1647 7.
331 1594 478 1648 Cum
519 1594 574 1649 id
604 1595 876 1666 temporis
924 1597 1274 1667 Augustinus
1311 1614 1634 1653 sermonem
1669 1603 1865 1654 contra

144 1680 486 1735 Donatistas
514 1681 749 1737 haberet
786 1684 1074 1754 frequens,
1101 1684 1334 1755 quidam
1355 1702 1422 1740 ex
1452 1686 1522 1740 iis
1545 1685 1741 1753 laicus,
1769 1687 1860 1741 cui

143 1768 433 1824 Centurio
471 1786 707 1840 nomen,
754 1771 814 1825 in
863 1772 1163 1826 Ecclesiam
1211 1775 1402 1828 attulit
1443 1775 1709 1829 adversus
1753 1777 1860 1829 Ca-

141 1856 405 1911 tholicos
430 1859 710 1913 nonnulla
742 1860 972 1931 scripta,
1009 1861 1217 1931 quibus
1249 1862 1393 1916 nihil
1422 1864 1657 1917 omnino
1683 1864 1860 1918 conti-

144 1944 428 2012 nebatur,
458 1952 669 2017 praeter
697 1948 851 2002 locos
868 1949 1087 2019 aliquot
1106 1966 1136 2003 e
1160 1951 1331 2004 sacris
1351 1951 1577 2023 paginis
1595 1952 1657 2006 in
1679 1969 1859 2007 unum

146 2038 483 2104 congestos,
531 2051 675 2106 quos
713 2053 906 2091 secum
949 2037 1135 2092 facere
1182 2038 1525 2094 schismatici
1565 2042 1863 2095 contende-

141 2122 309 2177 bant.
352 2124 453 2177 His
482 2123 605 2178 bre\
623 2124 730 2178 iter
758 2126 1052 2196 respondit
1076 2127 1229 2181 edito
1254 2128 1482 2199 scripto,
1527 2129 1618 2183 cui
1661 2131 1861 2185 Contra

146 2210 300 2279 quod
382 2213 574 2267 attulit
631 2214 916 2269 Centurius
961 2231 996 2267 α
1040 2217 1361 2281 Donatistis,
1427 2216 1655 2270 titulum
1706 2216 1856 2271 fecit.

146 2298 368 2352 Eadem
416 2298 783 2369 inscriptione
837 2301 977 2355 illud
1016 2301 1078 2355 in
1124 2318 1226 2357 suo
1283 2302 1477 2357 Indice
1519 2308 1680 2357 notat
1722 2305 1857 2358 Pos—

145 2386 334 2440 sidius
384 2387 705 2457 (Possidius,
765 2392 824 2443 in
862 2389 1123 2455 Indiculo,
1168 2406 1293 2460 cap.
1358 2392 1440 2460 3):
1482 2391 1636 2461 quod
1670 2390 1859 2461 ipsum

144 2473 387 2529 videtur
434 2476 493 2529 in
545 2477 800 2547 ejusdem
844 2477 1033 2532 Sancti
1080 2478 1206 2532 Vita
1247 2478 1567 2549 significare
1614 2480 1858 2534 voluisse

146 2562 350 2633 (Idem,
377 2566 438 2617 in
474 2566 600 2619 Vita
646 2566 904 2633 August..
935 2582 981 2621 c.
1023 2565 1099 2637 9).
1153 2566 1218 2621 Id
1261 2570 1456 2621 nostra
1496 2572 1661 2622 astate
1710 2568 1857 2623 desi-

146 2651 411 2706 deratur.

214 2742 275 2796 8.
317 2740 592 2812 Aliquem
631 2741 780 2796 forte
820 2758 886 2796 ex
915 2740 983 2795 iis
1011 2741 1072 2796 in
1120 2742 1439 2797 Donatistas
1484 2743 1664 2811 libris,
1710 2760 1855 2816 quo-

143 2843 279 2882 rum
311 2845 492 2900 supra
516 2829 908 2897 meminimus,
940 2830 1013 2885 ad
1032 2830 1288 2885 Celerem
1331 2836 1558 2886 sanctus
1602 2834 1854 2887 Antistes

150 2916 332 2983 misit,
353 2921 423 2971 ut
450 2933 579 2972 eum
608 2918 856 2987 doceret,
867 2918 1084 2989 justam
1100 2935 1328 2974 causam
1358 2920 1665 2975 Donatistis
1682 2921 1855 2975 fuisse

150 3004 403 3073 nullam,
434 3020 534 3058 cur
562 3005 632 3060 ab
681 3005 922 3060 Ecclesia
975 3006 1252 3061 catholica
1279 3023 1384 3078 per
1423 3010 1605 3062 totum
1657 3008 1854 3062 orbem

146 3091 361 3147 diffusa
393 3093 721 3148 secederent
747 3096 942 3163 (Epist.
985 3096 1093 3164 57).
1133 3096 1211 3149 De
1249 3095 1357 3149 hoc
1406 3100 1596 3151 autem
1639 3096 1850 3163 Celere,

139 3185 428 3254 tanquam
459 3182 529 3237 de
563 3182 685 3237 viro
713 3182 939 3254 generis
973 3182 1270 3238 nobilitate
1315 3185 1487 3249 claro,
1520 3201 1741 3239 necnon
1784 3185 1855 3239 ob

142 3268 337 3339 gestas
368 3269 678 3341 dignitates
708 3270 1036 3342 conspicuo,
1068 3287 1296 3342 semper
1321 3272 1596 3343 lequitur.
1647 3272 1853 3327 Christi

143 3363 342 3412 autem
386 3358 557 3413 fidem
593 3359 878 3413 constanti
915 3359 1107 3414 animo
1160 3364 1406 3430 secutus,
1446 3360 1508 3415 in
1558 3376 1660 3416 sua
1715 3376 1852 3415 con-

142 3446 367 3501 ditione
400 3446 633 3517 dignam
662 3448 884 3502 imitatu
917 3448 1157 3503 duxerat
1196 3448 1410 3504 vitam:
1442 3454 1694 3504 attamen
1732 3454 1853 3503 erat

141 3534 193 3588 ei
234 3551 371 3589 cum
404 3535 707 3590 Donatistis
736 3536 915 3591 nimia
930 3536 1297 3604 consuetudo,
1332 3554 1365 3592 a
1394 3554 1640 3609 quorum
1678 3538 1849 3592 etiam

140 3624 438 3680 erroribus
467 3641 586 3678 non
622 3623 857 3679 omnino
902 3625 1201 3680 videbatur
1245 3624 1486 3681 alienus.
1537 3626 1677 3680 Huic
1720 3642 1849 3680 cum

139 3710 291 3766 forte
318 3717 513 3767 essent
539 3712 600 3767 in
640 3713 991 3784 Hipponensi
1020 3713 1254 3785 regione
1294 3714 1694 3784 possessiones,
1750 3730 1848 3769 ea-

142 3816 255 3871 que
293 3801 595 3856 occasione
636 3801 1108 3856 necessitudinem
1156 3802 1440 3873 junxisset
1484 3819 1615 3857 cum
1660 3806 1850 3872 Augu-

144 3889 319 3957 stino,
366 3890 422 3944 ei
465 3893 689 3944 sanctus
736 3889 1036 3960 episcopus
1094 3890 1272 3960 ipsius
1321 3895 1523 3960 rogatu
1573 3890 1849 3944 adductus

143 3979 516 4047 promiserat,
566 3994 624 4032 se
669 3979 947 4033 nonnulla
990 3979 1063 4032 ad
1102 3978 1421 4032 schismatis
1461 3978 1847 4047 cognitionem

142 4065 500 4136 pertinentia
528 4066 891 4121 traditurum.
920 4066 983 4121 Id
1014 4070 1210 4120 tamen
1237 4066 1442 4132 serius,
1470 4081 1641 4137 quam
1674 4066 1735 4120 in
1756 4083 1850 4120 vo-

137 4155 208 4207 tis
255 4153 563 4218 habuerat,
604 4152 887 4224 prasstitit,
932 4153 1090 4224 quod
1133 4152 1253 4225 ipsi.
1287 4168 1511 4207 necesse
1559 4153 1731 4208 fuerit
1775 4154 1849 4209 ad

139 4242 469 4297 obeundam
520 4241 807 4296 dioecesim
859 4258 919 4295 se
962 4241 1155 4295 itineri
1201 4241 1582 4298 committere.
1640 4243 1847 4297 Verum

140 4330 355 4401 Optato
382 4330 605 4384 cuidam
643 4329 973 4401 presbytero
1008 4329 1307 4400 delegavit,
1338 4334 1404 4384 ut
1431 4346 1560 4401 quae
1601 4330 1675 4385 ad
1721 4346 1846 4386 eam

140 4434 266 4473 rem
309 4418 716 4487 conducerent,
765 4418 982 4489 legeret
1018 4418 1222 4473 Celeri.
1279 4418 1631 4473 Peculiarem
1671 4435 1737 4472 ea
1774 4420 1845 4474 de

140 4523 313 4562 causa
336 4507 412 4562 ad
432 4507 699 4562 eumdem
721 4506 975 4561 Celerem
996 4506 1294 4576 epistolam
1322 4506 1477 4562 dedit
1504 4509 1698 4576 (Epist,
1723 4510 1841 4575 56):

141 4594 211 4649 ad
242 4610 419 4665 quem
449 4595 688 4650 alteram
718 4599 917 4666 postea
946 4593 1172 4665 scripsit
1215 4596 1411 4664 (Epist.
1442 4594 1554 4664 57),
1594 4594 1846 4649 facturus

141 4698 275 4737 eum
305 4682 633 4751 certiorem,
662 4699 887 4738 curasse
918 4698 1000 4753 se,
1024 4687 1090 4737 ut
1110 4682 1309 4751 codex,
1340 4699 1511 4753 quem
1532 4698 1637 4753 per
1658 4682 1843 4738 ﬁlium

142 4785 311 4825 suum
333 4771 619 4827 Caecilium
650 4772 913 4843 petierat,
947 4770 1020 4825 ad
1049 4786 1181 4825 eum
1212 4770 1547 4836 deferretur,
1566 4785 1680 4840 quo
1721 4786 1846 4825 evo-

139 4856 262 4913 luto
289 4859 487 4914 codice
514 4860 753 4930 planum
783 4858 894 4930 ipsi
931 4857 1116 4924 ﬁeret,
1165 4873 1470 4929 perperam
1526 4856 1845 4912 Donatistas

142 4942 210 4998 ab
238 4945 487 5000 Ecclesia
526 4945 802 5001 catholica
839 4944 1166 5011 descivisse;
1221 4944 1387 5015 eique
1433 4943 1754 5015 pollicetur,
1796 4943 1844 4998 si

141 5028 279 5098 quid
300 5030 487 5085 adhuc
507 5029 667 5085 dubii
696 5031 755 5085 in
778 5031 934 5086 illius
962 5030 1158 5087 animo
1186 5030 1481 5096 inhaereat,
1528 5046 1585 5084 se
1623 5029 1729 5083 hac
1773 5029 1842 5084 de

144 5129 224 5178 re,
255 5133 387 5171 cum
406 5117 660 5188 primum
680 5118 789 5187 ipsi
815 5118 1065 5189 libuerit,
1095 5119 1380 5175 facturum
1400 5117 1553 5173 satis.
1586 5117 1841 5172 Celerem

143 5217 176 5255 ει
205 5204 409 5259 Donati
426 5205 683 5276 partibus
697 5210 922 5275 oportet
942 5207 1067 5277 jam
1087 5212 1224 5262 tunc
1238 5205 1623 5265 abalienatum
1638 5205 1837 5261 fuisse:

146 5293 616 5365 quandoquidem
645 5293 810 5349 illum
827 5300 989 5365 rogat
1016 5295 1391 5367 Augustinus,
1422 5298 1486 5349 ut
1503 5294 1620 5349 suis
1638 5293 1700 5348 in
1717 5293 1843 5365 Hip-

143 5382 384 5447 ponensi
428 5398 567 5453 agro
624 5381 925 5437 clientibus
970 5382 1248 5438 unitatem
1293 5382 1629 5439 catholicam
1678 5397 1840 5438 com-

144 5469 408 5537 mendet;
439 5470 660 5543 sibique
686 5469 797 5542 ipsi
818 5486 950 5526 cum
972 5471 1245 5543 quodam,
1277 5471 1379 5543 qui
1397 5471 1457 5525 in
1484 5470 1839 5543 posesssione

146 5552 294 5611 illius
321 5562 444 5614 tum
473 5575 596 5614 esse
639 5558 952 5628 dicebatur,
986 5559 1170 5616 amico
1209 5576 1313 5616 suo
1353 5560 1694 5616 concordare
1740 5574 1840 5635 cu:-

449 5656 727 5724 PATROL.
778 5657 1026 5726 XXXII.

1977 621 2200 689 possint
2228 622 2297 677 ab
2324 625 2642 695 Augustino
2672 645 2866 683 recens
2897 631 3083 685 adhuc
3133 634 3403 707 episc0po
3431 640 3674 693 conscri-

1975 712 2108 797 ptas.
2131 711 2296 765 Anno
2310 729 2481 783 supra
2497 716 3122 788 quadringentesimum
3142 722 3477 779 duodecimo
3499 727 3678 797 Spon-

1978 796 2117 852 deus
2143 799 2424 856 bonorum
2466 804 2675 858 Celeris
2717 812 3073 876 procurator,
3124 810 3515 868 formidandus
3542 796 3678 870 ierat

1977 885 2286 942 Donatistis
2324 890 2679 945 adversarius
2707 894 2903 963 (Epist.
2942 899 3064 963 139,
3108 914 3166 952 n.
3199 900 3277 969 2).
3317 903 3483 955 Anno
3533 919 3674 974 qua-

1973 972 2423 1044 dringentesimo
2451 978 2727 1049 vigesimo
2770 983 2961 1051 tertio,
2996 1001 3125 1040 cum
3157 989 3509 1059 Augustinus
3550 972 3674 1062 epi-

1974 1063 2178 1136 stolam
2207 1065 2276 1119 ad
2306 1066 2672 1123 Caelestinum
2691 1086 2901 1142 papam
2923 1074 3215 1139 scriberet.
3237 1076 3518 1133 honorem
3548 1081 3673 1134 uul-

1972 1150 2093 1205 lum
2129 1154 2365 1221 gerebat
2396 1155 2557 1209 Celer
2597 1159 2792 1227 (Epist.
2846 1163 2972 1227 209,
3028 1178 3084 1217 n.
3130 1164 3221 1232 5):
3276 1180 3474 1219 verum
3522 1182 3674 1220 anno

1971 1239 2535 1311 quadringentesimo
2567 1244 2842 1315 vigesimo
2876 1264 3045 1313 nono,
3084 1252 3567 1319 quemadmodum
3606 1270 3673 1309 ex

1972 1328 2167 1397 legum
2199 1332 2580 1400 quarumdam
2627 1334 2700 1388 ad
2747 1350 2879 1389 eum
2910 1336 3323 1394 destinatarum
3361 1342 3542 1396 titulis
3578 1344 3667 1397 in-

1969 1416 2227 1487 telligere
2270 1424 2356 1473 est
2401 1420 2609 1488 (Codice
2658 1423 2879 1489 Theod.,
2919 1424 2985 1477 de
3020 1427 3275 1490 Annona,
3327 1430 3438 1497 lege
3490 1433 3577 1497 34,
3624 1438 3674 1485 et

1970 1503 2035 1557 de
2068 1505 2313 1574 Appell.,
2357 1508 2469 1575 lege
2515 1509 2630 1575 68),
2676 1510 2921 1565 Africam
2980 1529 3086 1583 pro
3140 1517 3371 1571 consule
3428 1518 3669 1572 admini-

1971 1594 2189 1648 stravit.

2639 1687 2862 1742 CAPUT
2901 1690 2988 1743 IV.

1974 1771 1995 1821 1
2041 1769 2200 1824 Liber
2244 1770 2311 1824 de
2350 1774 2493 1827 Bono
2528 1775 2770 1843 conjugii
2818 1780 3091 1832 occasione
3119 1781 3419 1834 Jovinianae
3455 1782 3672 1836 haeresis

2039 1857 2233 1913 editus.
2266 1862 2299 1913 2
2328 1861 2488 1914 Liber
2517 1878 2727 1929 quoque
2752 1863 2816 1916 de
2844 1869 3033 1918 sancta
3062 1867 3410 1933 Virginitate.
3461 1873 3491 1924 3
3517 1872 3669 1925 Com-

2036 1949 2385 2001 mentationes
2419 1949 2484 2000 de
2515 1950 2705 2004 Genesi
2735 1951 2808 2004 ad
2834 1953 3116 2007 Litteram.

2043 2038 2093 2088 l.
2161 2036 2262 2090 Ubi
2305 2037 2560 2107 primum
2616 2040 2867 2110 prodivit
2919 2043 3205 2098 Joviniani
3256 2045 3508 2113 haeresis,
3570 2048 3672 2119 qui

1968 2123 2115 2177 circa
2143 2140 2357 2179 annum
2386 2128 2849 2182 trecentesimum
2890 2132 3331 2201 nonagesimum
3360 2135 3672 2204 prmdicare

1966 2216 2236 2281 coeperat,
2269 2212 2614 2283 virginitatis
2645 2217 2913 2272 meritum
2956 2235 3129 2289 quam
3153 2222 3424 2276 castitatis
3473 2224 3668 2294 conju-

1967 2300 2108 2369 galis
2128 2300 2317 2371 potius
2347 2318 2464 2356 non
2495 2320 2614 2358 esse
2648 2306 3129 2373 (Retractationum
3162 2310 3255 2363 lib.
3297 2312 3351 2378 2,
3401 2326 3524 2380 cap.
3556 2316 3667 2379 22),

1967 2403 2033 2441 ea
2074 2388 2306 2458 quidem
2356 2392 2551 2445 Romae
2608 2392 2881 2462 primum,
2921 2395 3127 2451 deinde
3184 2398 3488 2453 Mediolani
3516 2400 3673 2455 vehe-

1965 2484 2190 2531 menter
2218 2477 2476 2549 impetita
2501 2480 2880 2552 damnataque
2911 2483 3019 2537 fuit
3042 2500 3055 2537 :
3079 2484 3220 2555 quin
3250 2486 3419 2540 etiam
3438 2487 3507 2542 ab
3541 2489 3668 2543 Hie-

1962 2580 2205 2635 ronymo
2228 2566 2613 2621 celeberrimis
2643 2568 2863 2623 duobus
2884 2570 3045 2624 libris
3078 2588 3227 2625 anno
3258 2574 3665 2629 trecentesimo

1963 2653 2334 2724 nonagesimo
2363 2655 2614 2709 secundo
2666 2657 2890 2728 scriptis
2954 2659 3034 2713 sic
3070 2666 3401 2731 oppugnata
3439 2668 3548 2726 est,
3603 2667 3665 2717 ut

1962 2740 2121 2794 illam
2150 2748 2344 2812 aperte
2392 2743 2542 2797 tueri
2576 2744 2698 2814 jam
2737 2746 2973 2801 auderet
3020 2763 3209 2803 nemo.
3248 2750 3659 2806 Verumtamen

1964 2830 2266 2884 nonnullas
2297 2830 2470 2884 etiam
2499 2832 2605 2885 hoc
2634 2836 2892 2903 tempore
2923 2835 3046 2904 ejus
3066 2836 3337 2907 reliquias
3362 2839 3661 2893 clandesti-

1963 2915 2053 2969 nis
2088 2915 2377 2971 interdum
2418 2919 2774 2973 sermonibus
2820 2937 3044 2991 sparsas
3088 2924 3341 2993 reperire
3399 2930 3551 2989 erat;
3604 2931 3663 2980 et

1962 3003 2173 3059 idcirco
2203 3020 2294 3059 res
2321 3005 2444 3076 ipsa
2473 3007 2813 3076 postulabat,
2847 3014 2911 3062 ut
2938 3009 3071 3063 huic
3098 3027 3318 3065 veneno
3364 3030 3488 3067 non
3536 3014 3665 3068 ideo

1961 3090 2151 3145 minus
2174 3092 2511 3163 periculoso,
2544 3095 2695 3165 quod
2727 3096 3049 3151 clanculum
3076 3103 3349 3169 serperet,
3395 3118 3661 3156 occurre-

1962 3183 2137 3235 retur.
2171 3181 2306 3235 Eam
2337 3182 2410 3236 ob
2437 3198 2664 3238 causam
2710 3186 3061 3255 Augustinus
3097 3186 3311 3242 librum
3365 3189 3562 3259 scripit
3594 3191 3664 3245 de

1962 3270 2115 3323 Bono
2136 3270 2412 3341 conjugii,
2438 3270 2610 3342 idque
2633 3273 2955 3342 argumenti
2992 3275 3252 3329 consulto
3279 3276 3389 3332 sibi
3418 3281 3665 3332 tractan-

1962 3358 2099 3412 dum
2125 3358 2317 3429 elegit,
2350 3360 2504 3431 quod
2534 3366 2721 3414 essent
2740 3361 2839 3432 qui
2867 3362 3227 3417 Jovinianum
3253 3365 3666 3420 contenderent

1960 3447 2239 3500 nullaalia
2252 3446 2473 3501 ratione
2486 3448 2893 3519 revinciposse,
2920 3467 3092 3520 quam
3114 3451 3158 3504 si
3190 3451 3625 3508 matrimonium
3644 3493 3657 3508 .

1960 3532 2044 3585 uti
2063 3533 2274 3587 factum
2288 3534 2582 3604 jactabant
2610 3536 2679 3589 ab
2714 3537 3081 3608 Hieronymo,
3115 3539 3655 3610 reprehenderetur.

1958 3620 2084 3690 Ipse
2115 3637 2246 3676 vero
2277 3626 2333 3676 et
2352 3623 2607 3693 conjugii
2628 3626 2984 3680 sanctitatem
3012 3627 3277 3681 adversus
3315 3629 3659 3685 Manichaeos

1956 3725 2114 3778 posse
2131 3711 2501 3779 propugnari,
2524 3716 2581 3765 et
2600 3712 2808 3779 eidem,
2831 3714 3089 3783 quamvis
3106 3732 3221 3769 non
3245 3716 3649 3785 improbando,

1956 3801 2150 3850 tamen
2179 3797 2595 3866 praeferendam
2626 3816 2748 3853 esse
2774 3800 3161 3870 virginitatem
3191 3804 3461 3860 ostendit.
3497 3807 3650 3861 Jovi-

1957 3882 2195 3937 nianum
2227 3884 2297 3939 ab
2325 3901 2393 3939 eo
2425 3902 2708 3956 nusquam
2738 3886 2798 3941 in
2826 3888 2933 3941 hoc
2961 3905 3133 3958 opere
3162 3890 3522 3947 nominatum
3563 3910 3655 3947 re-

1955 3969 2231 4039 perimus,
2265 3970 2376 4025 nisi
2403 3973 2556 4042 quod
2587 3973 2752 4028 illum
2780 3974 2989 4031 alicubi
3016 3975 3371 4046 impudentis
3416 3995 3655 4050 percun-

1955 4057 2188 4111 ctatoris
2242 4059 2623 4130 appellatione
2676 4061 2941 4133 designat
3004 4063 3099 4133 (De
3149 4066 3292 4120 Bono
3350 4067 3650 4135 conjugali,

1952 4160 2006 4199 η,
2053 4145 2163 4214 27).
2221 4146 2344 4201 Non
2382 4147 2550 4202 modo
2600 4149 2774 4205 tradit
2823 4151 3252 4222 quodamJoco.
3312 4169 3469 4208 more
3515 4160 3654 4212 tunc

1955 4232 2210 4288 Romano
2237 4233 2456 4290 licitum
2483 4252 2601 4291 non
2622 4253 2743 4291 esse
2770 4239 3148 4309 superducere
3176 4257 3433 4310 uxorem,
3473 4247 3538 4298 ut
3568 4245 3655 4299 vir

1956 4321 2202 4392 amplius
2219 4322 2429 4378 habeat
2457 4341 2632 4396 quam
2660 4342 2836 4381 unam
2859 4327 3046 4383 vivam
3075 4346 3088 4396 ;
3122 4331 3217 4384 sed
3247 4330 3488 4386 vetitum
3518 4348 3654 4403 quo-

1953 4425 2065 4481 que
2098 4409 2312 4480 innuit,
2341 4428 2413 4466 ne
2444 4413 2655 4467 sterilis
2683 4431 2829 4470 uxor
2870 4416 3106 4472 alterius
3134 4418 3410 4474 ducendas
3465 4422 3652 4491 gratia

1952 4497 2352 4555 dimitteretur.
2398 4501 2781 4566 Qumstionem
2840 4504 3058 4561 ibidem
3111 4507 3360 4578 attingit,
3419 4526 3534 4579 qua
3579 4511 3650 4566 de

1952 4602 2121 4642 causa
2148 4588 2248 4659 qui
2276 4589 2365 4643 vel
2390 4595 2521 4645 ante
2550 4592 2634 4645 vel
2659 4596 2785 4663 post
2804 4598 3088 4664 receptam
3110 4595 3383 4666 Baptismi
3403 4598 3649 4667 gratiam

1951 4691 2125 4730 unam
2159 4680 2213 4730 et
2243 4677 2480 4733 alteram
2503 4694 2743 4734 uxorem
2781 4680 3092 4749 duxissent,
3122 4682 3193 4736 ab
3220 4682 3530 4754 episcopali
3563 4686 3650 4741 di-

1951 4761 2169 4833 gnitate
2198 4771 2631 4821 removerentur
2661 4768 2841 4837 (Ibid.,
2893 4785 2938 4823 c.
2971 4774 3025 4836 7,
3056 4786 3111 4824 n.
3142 4775 3196 4833 7,
3227 4786 3272 4826 c.
3312 4773 3395 4840 18,
3434 4788 3492 4827 n.
3536 4775 3643 4843 2t).

1950 4848 2107 4904 Idem
2138 4866 2279 4921 opus
2309 4850 2459 4905 libro
2488 4852 2551 4905 in
2581 4853 2844 4907 Genesim
2874 4870 3027 4909 nono
3055 4860 3356 4922 memorat,
3380 4862 3550 4928 atque
3580 4858 3649 4913 il-

1950 4938 2050 4993 lud
2080 4955 2112 4993 a
2141 4955 2198 4993 se
2216 4954 2336 4993 non
2364 4940 2442 4994 ita
2471 4940 2695 5011 pridem
2713 4942 3082 5015 publicijuris
3103 4944 3314 4999 factum
3338 4948 3427 5011 (De
3458 4947 3647 5002 Genesi

1950 5027 2025 5081 ad
2055 5029 2340 5095 Litteram,
2363 5028 2456 5083 lib.
2491 5031 2542 5096 9,
2574 5044 2629 5083 η.
2666 5032 2776 5100 12).

2019 5117 2078 5169 2.
2112 5114 2364 5170 Laudato
2390 5115 2779 5187 copiosissime
2828 5120 3158 5190 nuptiarum
3199 5120 3372 5188 bono,
3404 5121 3642 5175 monitis

1949 5201 2122 5257 etiam
2150 5203 2210 5257 in
2239 5204 2533 5275 superiore
2563 5206 2711 5260 libro
2752 5206 3078 5263 christianis
3102 5208 3438 5280 virginibus,
3476 5224 3549 5261 ne
3582 5224 3641 5262 se

1949 5290 2089 5363 ipsa:
2124 5291 2375 5363 antiquis
2411 5293 2614 5364 populi
2654 5295 2755 5349 Dei
2800 5296 3119 5367 conjugatis
3162 5300 3512 5367 anteponant
3550 5297 3642 5366 (De

1947 5386 2139 5435 sancta
2169 5382 2518 5449 Virginitate,
2554 5398 2607 5437 n.
2643 5385 2716 5452 1),
2756 5385 2981 5439 nullum
2995 5385 3118 5456 jam
3144 5384 3464 5455 periculum
3494 5389 3640 5451 erat,

1948 5484 2020 5524 ne
2046 5468 2092 5523 si
2120 5467 2418 5539 virginatis
2447 5471 2845 5526 excellentiam
2883 5478 3081 5526 contra
3118 5470 3401 5526 Joviniani
3428 5472 3641 5527 erroris

1948 5555 2222 5628 reliquias
2251 5563 2552 5627 assereret,
2581 5558 2873 5615 criminari
2896 5558 3127 5629 nuptias
3154 5557 3459 5615 videretur.
3489 5560 3638 5625 Qua-

3150 5653 3361 5740 (0:22.)
