4060 6370
423 301 524 351 299

1660 295 1813 348 Vl'l‘A
1852 293 1905 348 S.
1947 293 2318 349 AUGUSTINI
2364 295 2693 350 EPISCOPI.

3828 299 3934 349 300

419 427 655 494 propter
696 421 767 475 ab
813 436 881 474 ea
934 419 1253 491 suspicione
1304 422 1458 474 tutus
1514 418 1693 473 alium
1749 422 1878 489 post
1930 418 2118 473 emisit
2225 418 2459 475 Civitate
2486 419 2607 485 Dei,
2638 414 2793 489 quod
2821 432 2924 487 per
2958 418 3298 487 expugnatae
3341 432 3494 471 anno
3538 417 3935 489 quadringen-

420 512 491 565 de
522 513 713 564 sancta
743 508 1079 579 Virginitate
1122 507 1333 561 librum
1366 509 1868 577 (Rectractationum
1909 506 2012 578 lib.
2057 510 2112 572 2,

420 615 540 669 cap.
570 598 682 667 23),
721 597 781 651 in
825 613 961 668 quo,
1006 613 1113 667 pro
1143 596 1326 667 gratia
1356 595 1463 649 sibi
1504 594 1779 649 divinitus
1826 610 2112 663 concessa,

418 687 680 741 homines
710 686 780 740 ad
810 686 956 740 hanc
984 686 1252 739 virtutem
1284 683 1583 755 impellere
1614 683 1856 750 nititur;
1889 700 2112 738 necnon

417 776 698 830 modestas
722 774 792 828 de
820 790 878 827 se
916 773 1052 845 ipsis
1093 773 1489 843 cogitationes,
1531 789 1602 827 ne
1631 772 1703 827 ob
1748 772 2112 843 professionis

415 880 532 917 suae
558 862 893 933 dignitatem
913 862 1272 928 insolescant,
1303 862 1364 916 in
1386 862 1722 917 earumdem
1771 862 1978 915 animis
2020 860 2111 914 in-

413 968 638 1006 serere:
673 952 811 1006 dum
847 967 915 1005 ex
942 952 1055 1005 alia
1086 955 1271 1021 parte,
1316 955 1600 1023 quantum
1640 950 1712 1004 sit
1750 950 2111 1019 impertitum

411 1040 579 1094 illisa
607 1041 720 1095 Deo
769 1055 999 1106 munus,
1049 1055 1120 1093 ex
1162 1038 1273 1093 alia
1312 1055 1466 1106 vero,
1509 1053 1684 1109 quam
1725 1037 1918 1092 sedulo
1966 1036 2112 1091 illud

410 1128 623 1182 donum
657 1144 761 1198 per
788 1127 943 1197 piam
982 1126 1161 1181 animi
1201 1126 1614 1181 demissionem
1656 1124 2109 1179 conservandum

411 1216 502 1279 sit,
526 1216 786 1286 ipsorum
811 1215 988 1269 oculis
1018 1213 1265 1285 subjicit.

479 1307 533 1359 3.
567 1305 681 1358 Hoc
726 1303 1219 1373 eodemtempore
1262 1300 1562 1355 duodecim
1609 1300 1738 1355 illos
1776 1300 2111 1372 aggreditur

409 1395 479 1449 de
508 1393 710 1448 Genesi
740 1393 811 1447 ad
842 1392 1115 1446 Litteram
1158 1390 1357 1456 libros,
1395 1389 1608 1460 quibus
1653 1388 1864 1444 idcirco
1910 1389 2108 1460 hujus-

409 1483 565 1538 modi
593 1483 824 1537 titulum
852 1479 1166 1550 inscripsit,
1213 1478 1369 1549 quod
1418 1477 1613 1532 missis
1664 1478 2108 1549 allegorematis,

408 1572 757 1642 Scripturam
792 1570 851 1624 in
896 1569 1009 1623 illis
1036 1569 1201 1639 juxta
1239 1583 1434 1620 rerum
1478 1571 1768 1638 gestarum
1811 1566 2106 1621 veritatem

410 1659 640 1730 exponit
661 1658 850 1728 (Ibid,
883 1673 1003 1726 cap.
1050 1656 1159 1726 24).
1194 1655 1569 1709 Observatum
1596 1672 1628 1709 a
1651 1654 1815 1709 nobis
1845 1655 1964 1723 jam
2008 1670 2105 1707 su-

408 1763 530 1817 pra,
559 1761 691 1799 eum
722 1760 852 1799 cum
892 1744 1077 1798 adhuc
1121 1740 1441 1812 presbyteri
1483 1741 1682 1796 munia
1736 1741 1937 1805 obiret,
1984 1757 2106 1795 rem

408 1835 665 1889 eamdem
696 1836 960 1887 conatum
1004 1831 1195 1899 fuisse,
1239 1830 1648 1901 scripsisseque
1689 1830 1811 1899 jam
1856 1834 1993 1884 tunc
2036 1829 2106 1883 de

406 1925 515 1978 hoc
534 1926 871 1992 argumento
888 1920 1100 1974 librum
1126 1936 1139 1986 ;
1159 1919 1508 1989 experientia
1524 1923 1718 1972 tamen
1737 1916 2103 1988 comperisse,

407 2012 514 2066 sibi
539 2012 686 2066 vires
715 2011 787 2064 ad
814 2008 1243 2080 exsequendum
1274 2023 1421 2077 opus
1452 2006 1803 2061 destinatum
1850 2006 2106 2060 nondum

405 2104 727 2171 suppetere.
763 2100 909 2168 Ergo
941 2095 1172 2151 nonnisi
1195 2096 1372 2165 longo
1403 2099 1533 2165 post
1561 2099 1823 2165 tempore
1853 2094 1924 2163 ad
1965 2094 2106 2149 illud

406 2205 683 2251 reversus,
715 2188 776 2242 in
820 2186 1121 2241 exordium
1163 2185 1445 2238 Geneseos
1491 2182 1562 2237 ad
1609 2198 1792 2252 usque
1835 2181 2105 2236 emissum

402 2278 688 2334 Adamum
714 2292 743 2330 c
776 2274 1039 2346 paradiso
1070 2273 1242 2327 libros
1270 2271 1537 2326 undecim
1584 2269 1927 2340 composuit,
1983 2270 2105 2340 qui-

400 2366 509 2420 bus
558 2364 716 2419 addit
761 2364 829 2418 de
881 2362 1008 2433 ipso
1064 2360 1333 2431 paradiso
1381 2358 1819 2414 duodecimum:
1871 2358 1931 2411 in
1990 2374 2103 2429 quo

404 2455 570 2520 libro,
604 2469 717 2524 qua
754 2451 971 2506 ratione
1022 2449 1233 2505 mentis
1280 2448 1462 2503 oculis
1509 2463 1781 2517 corporea
1822 2446 2103 2517 percipia-

402 2559 551 2607 mus,
586 2542 706 2595 fuse
745 2540 1011 2610 disputat.
1061 2540 1289 2593 Fatetur
1336 2540 1527 2591 autem
1561 2536 1829 2604 ingenue,
1878 2535 2104 2589 tametsi

404 2632 542 2686 illud
573 2647 716 2701 opus
743 2629 937 2683 multis
956 2627 1218 2698 partibus
1248 2625 1301 2679 ei
1322 2625 1394 2678 sit
1424 2624 1910 2694 anteponendum,
1944 2625 2101 2695 quod

400 2721 583 2775 adhuc
612 2720 907 2789 presbyter
958 2715 1288 2785 scripserat;
1330 2717 1527 2767 tamen
1554 2729 1609 2765 se
1643 2728 1758 2765 non
1805 2713 1998 2782 paucis
2040 2713 2097 2766 in

399 2809 676 2880 capitibus
698 2806 1038 2875 investigare
1060 2803 1250 2875 potius
1268 2801 1588 2869 veritatem,
1614 2817 1787 2872 quam
1802 2801 2061 2855 invenire
2086 2818 2099 2854 :

400 2898 539 2970 quin
567 2896 741 2951 etiam
772 2894 867 2949 ubi
897 2894 1055 2947 illam
1090 2890 1395 2959 invenerit,
1440 2906 1558 2945 non
1583 2906 1617 2944 a
1644 2906 1702 2943 se
1728 2889 1977 2961 proponi
2012 2906 2102 2943 so-

401 2990 514 3041 lere
542 2991 819 3056 tanquam
845 2986 1057 3036 certam
1084 2996 1097 3047 ;
1123 2981 1221 3034 sed
1251 2984 1315 3035 ut
1341 2979 1657 3051 plurimum
1687 2979 1757 3033 ad
1784 2978 2103 3032 accuratius

399 3092 641 3132 examen
671 3071 1065 3128 definitionem
1102 3085 1296 3124 rerum
1338 3067 1575 3124 differri.
1624 3070 1744 3124 Non
1805 3071 1916 3121 tam
1960 3082 2103 3135 pra-

396 3166 701 3227 scribentes,
725 3160 931 3232 inquit,
964 3159 1029 3212 de
1046 3158 1202 3213 rebus
1217 3158 1455 3212 obscuris
1474 3159 1771 3224 unicuique
1793 3155 1930 3225 quid
1973 3169 2100 3209 sen-

398 3257 520 3320 tiat,
544 3268 707 3321 quam
729 3266 823 3305 nos
852 3248 1111 3303 docendos
1131 3250 1189 3301 in
1204 3246 1399 3316 quibus
1420 3246 1799 3300 dubitavimus
1819 3245 2100 3301 ostenden-

398 3349 512 3407 tes;
547 3341 998 3405 temeritatemque
1025 3335 1353 3407 afﬁrmandi
1377 3339 1677 3389 amoventes
1706 3349 1741 3386 a
1768 3334 1975 3399 lectore,
2007 3334 2099 3388 ubi

397 3446 503 3485 non
538 3430 808 3482 valuimus
831 3426 1069 3496 praebere
1111 3426 1385 3479 sententiae
1428 3425 1740 3491 ﬁrmitatem
1774 3423 1866 3491 {De
1910 3423 2098 3477 Genesi

397 3519 471 3573 ad
494 3520 777 3584 Litteram,
799 3515 891 3569 lib.
916 3517 1002 3583 12,
1032 3528 1078 3568 ο.
1114 3515 1163 3579 1,
1182 3528 1238 3565 n.
1271 3510 1339 3581 1).
1369 3510 1658 3580 Explicare
1683 3509 1949 3581 mysteria
1977 3525 2096 3564 ver-

398 3608 605 3660 borum
633 3605 850 3659 inclusa
873 3606 1139 3657 contextu
1162 3600 1269 3655 sibi
1298 3600 1634 3671 neutiquam
1664 3598 1962 3670 proponit,
1994 3599 2093 3653 de-

398 3697 714 3749 monstrare
743 3694 1044 3746 contentus
1086 3704 1154 3743 ea
1181 3688 1324 3743 nihil
1353 3686 1653 3754 contineri,
1691 3686 1844 3757 quod
1888 3687 1961 3741 ad
2000 3688 2091 3742 lit-

394 3790 599 3849 teram,
628 3785 691 3836 ut
716 3781 895 3847 aiunt,
931 3782 986 3833 et
1018 3778 1089 3833 ad
1134 3776 1549 3848 proprietatem
1602 3774 1858 3829 historia:
1892 3791 2092 3830 verum

396 3888 517 3927 esse
570 3888 689 3926 non
741 3868 936 3941 possit,
985 3871 1085 3922 aut
1129 3865 1284 3937 quod
1330 3864 1512 3935 partis
1566 3864 1817 3919 naturali
1873 3863 2091 3919 lumine

395 3960 819 4034 cognitionibus
848 3961 1165 4030 repugnet:
1207 3956 1463 4028 denique
1503 3955 1550 4009 si
1588 3954 1725 4025 quid
1756 3969 2090 4024 supervaca-

394 4068 569 4108 neum
607 4053 893 4123 appareat,
928 4048 985 4101 id
1015 4062 1137 4102 esse
1167 4044 1440 4115 mysterio
1476 4042 1865 4097 necessarium
1896 4043 2086 4111 (Ibid.,

394 4144 488 4196 lib.
515 4144 564 4202 9,
594 4156 642 4195 c.
679 4142 765 4203 12,
798 4153 861 4193 η.
893 4135 1108 4201 20-22).
1139 4135 1216 4187 Ex
1245 4132 1350 4186 hac
1376 4130 1701 4201 exponendi
1725 4130 1943 4185 ratione
1976 4147 2089 4185 non

320 4224 326 4229 ’
392 4244 598 4300 parum
626 4223 956 4294 compendii
983 4238 1046 4275 ac
1074 4219 1339 4275 utilitatis
1376 4218 1449 4273 ad
1490 4218 1815 4285 Ecclesiam,
1847 4218 2087 4288 perinde

393 4322 564 4388 atque
612 4314 680 4368 ad
713 4329 829 4378 eos,
883 4325 1026 4381 quos
1090 4308 1348 4378 ipsorum
1403 4306 1602 4360 salutis
1666 4322 1834 4360 causa
1886 4306 2088 4361 docere

392 4402 751 4477 peroptabat,
795 4398 1119 4454 rediturum
1174 4398 1385 4450 censet.
1430 4395 1555 4449 Non
1601 4399 1795 4448 tamen
1839 4394 2087 4465 physica:

394 4495 575 4550 nodos
604 4491 889 4546 exsolvere
914 4490 1107 4541 curat:
1149 4484 1362 4556 quippe
1393 4484 1485 4539 cui
1513 4483 1583 4538 ad
1612 4483 1718 4538 hoc
1748 4499 1851 4538 nec
1880 4500 2086 4556 suppe-

394 4589 477 4639 tat
494 4588 743 4651 tempus,
770 4578 888 4632 imo
918 4592 1023 4631 nec
1071 4578 1375 4646 suppetere
1421 4572 1642 4634 debeat,
1687 4588 1791 4627 nec
1836 4572 1943 4627 sibi
1982 4589 2086 4628 nec

393 4673 506 4728 illis
534 4686 696 4742 quos,
726 4672 793 4723 ut
821 4665 976 4727 dicit,
1008 4664 1078 4719 ad
1104 4664 1346 4718 salutem
1375 4677 1558 4729 suam,
1601 4666 1660 4716 et
1678 4665 1888 4716 sanctas
1909 4662 2088 4716 Eccle-

392 4763 491 4816 siae
503 4758 879 4815 necessariam
890 4755 1196 4810 utilitatem
1209 4751 1368 4823 cupit
1387 4749 1688 4805 informari
1704 4750 1892 4821 (Ibid.,
1917 4751 2010 4805 lib.
2034 4754 2081 4817 1,

393 4863 466 4902 cc.
500 4849 587 4915 40,
620 4848 679 4900 41
710 4864 725 4911 ;
768 4844 853 4898 lib.
892 4845 945 4909 2,
977 4858 1023 4897 c.
1051 4841 1214 4911 10,31.
1245 4841 1356 4911 23).
1387 4839 1447 4893 Id
1472 4838 1657 4910 operis
1675 4854 1789 4892 non
1813 4838 2084 4892 continuo

392 4935 586 4992 labore
615 4932 855 4988 confecit
886 4932 1368 5002 (Retractationum
1397 4929 1490 4982 lib.
1524 4930 1575 4996 2,
1608 4943 1730 4997 cap.
1770 4928 1860 4993 24,
1900 4941 1963 4981 η.
1998 4926 2081 4997 1);

394 5026 463 5080 ad
492 5023 631 5078 illud
653 5020 912 5094 quamvis
938 5018 1319 5090 efflagitarent
1342 5016 1531 5083 amici,
1554 5011 1872 5071 diu'tamen
1890 5031 2087 5086 quem-

392 5111 701 5170 admodum
719 5108 892 5163 etiam
910 5123 1038 5162 suas
1062 5108 1131 5161 de
1153 5105 1881 5170 Trinitatelucubrationes,
1904 5104 2087 5174 prius-

392 5219 567 5277 quam
596 5200 860 5255 ultimam
910 5196 1232 5266 imponeret
1278 5210 1534 5255 manum.
1591 5193 1742 5263 apud
1788 5209 1846 5246 se
1882 5192 2088 5262 pressit

393 5295 589 5363 (Epist.
636 5292 726 5355 43,
756 5304 816 5343 η.
845 5288 931 5356 4);
964 5290 1088 5339 tum
1117 5287 1353 5356 propter
1398 5281 1783 5354 quaestionum
1819 5297 1961 5351 quas
2003 5281 2085 5336 ibi

389 5383 593 5435 tractat
608 5392 859 5433 summas
885 5374 1264 5438 difﬁcultates,
1296 5375 1420 5426 tum
1450 5368 1586 5441 quia
1612 5369 1871 5423 futurum
1890 5384 2083 5438 spera-

388 5470 505 5535 bat,
530 5472 614 5535 ut,
647 5463 921 5538 quamdiu
950 5478 1067 5517 non
1094 5461 1377 5526 ederetur,
1410 5474 1630 5513 errores
1658 5456 1722 5511 in
1750 5472 1815 5511 eo
1832 5457 2082 5512 nonnul-

387 5558 472 5612 los
518 5571 744 5626 semper
781 5552 1131 5610 emendaret.
1170 5550 1231 5604 In
1278 5546 1580 5602 undecimo
1627 5544 1772 5600 libro
1814 5561 1957 5617 opus
2011 5546 2080 5601 de

2224 508 2426 562 tesimo
2456 508 2675 562 decimo
2708 506 2869 561 Urbis
2913 505 3265 560 occasionem
3298 505 3576 576 scriptum
3623 510 3729 570 est,
3783 523 3934 578 quo-

2223 595 2355 650 dam
2380 597 2545 649 modo
2574 595 2875 666 pollicetur
2894 595 2986 665 (De
2999 581 3187 670 Genesi
3205 594 3280 648 ad
3301 597 3587 663 Litteram,
3617 597 3718 650 lib.
3757 599 3849 664 11,
3881 612 3933 650 c.

2226 687 2310 750 15,
2335 701 2390 739 η.
2416 685 2526 755 20).
2570 685 2865 738 Enimvero
2886 699 2987 737 sua
3014 683 3136 737 haec
3165 683 3225 737 in
3255 682 3521 738 Genesim
3550 683 3763 753 scripta
3776 699 3936 737 non-

2220 772 2357 827 dum
2373 772 2432 827 in
2453 774 2653 844 vulgus
2666 772 2949 837 emiserat,
2974 788 3105 826 cum
3124 771 3340 825 litteras
3360 771 3467 826 sub
3484 771 3619 825 anni
3647 770 3935 842 quadrin-

2220 860 2520 932 gentesimi
2549 860 2873 916 duodecimi
2893 861 3067 915 ﬁnem
3090 860 3161 914 ad
3190 860 3570 915 Marcillinum
3597 862 3798 929 (Epist.
3836 862 3936 926 43,

2218 967 2275 1004 η.
2306 951 2379 1018 4),
2412 966 2598 1021 neque
2618 966 2750 1004 cum
2780 950 2918 1003 alias
2956 950 3028 1004 ad
3060 948 3337 1003 Evodium
3370 950 3566 1018 (Epist.
3612 953 3734 1015 159,
3780 953 3896 1004 n.2
3915 965 3933 1018 ;

2216 1041 2395 1107 Epist.
2432 1041 2552 1104 162,
2586 1054 2643 1092 n.
2669 1040 2726 1107 2)
2760 1053 2908 1093 anno
2940 1037 3083 1091 forte
3108 1036 3675 1108 quadringentesimo
3703 1037 3936 1094 decimo

2219 1130 2420 1197 quarto
2451 1131 2550 1181 aut
2590 1125 3163 1197 quadringentesimo
3212 1126 3433 1181 decimo
3482 1125 3706 1197 quinto,
3748 1126 3930 1182 dedit.

2218 1216 2320 1269 llla
2347 1219 2563 1283 tamen,
2597 1231 2764 1286 opere
2796 1216 2866 1270 de
2894 1214 3170 1270 Trinitate
3198 1215 3459 1270 nondum
3488 1216 3774 1283 absoluto,
3806 1232 3936 1286 per-

2216 1304 2348 1358 fecit
2381 1306 2860 1374 (Retractationum
2888 1303 2984 1358 lib.
3014 1307 3069 1371 2,
3111 1320 3232 1374 cap.
3278 1306 3368 1364 24,
3408 1320 3465 1359 η.
3520 1304 3592 1375 1).
3644 1304 3931 1360 Duodeci-

2218 1407 2377 1445 mum
2405 1392 2639 1463 quidem
2656 1392 2779 1462 jam
2809 1392 2870 1446 in
2898 1392 3076 1447 altera
3104 1392 3176 1446 ad
3205 1392 3479 1446 Evodinm
3502 1392 3743 1463 epistola
3762 1392 3933 1448 circi-

2216 1485 2526 1535 terannum
2539 1481 3166 1552 quadringentesimum
3178 1480 3464 1535 decimum
3480 1485 3749 1552 quartum
3770 1481 3929 1549 data,

2215 1569 2441 1635 citavit;
2474 1570 2910 1640 maturabatque
2939 1569 3114 1624 totius
3143 1570 3356 1640 operis,
3391 1573 3672 1641 quantum
3700 1569 3763 1623 in
3793 1571 3926 1641 ipso

2216 1662 2354 1724 erat,
2401 1658 2888 1726 emendationem,
2934 1662 2999 1712 ut
3041 1658 3184 1712 illud
3228 1657 3663 1728 quamprimum
3690 1658 3927 1729 {publici

2208 1746 2355 1818 juris
2377 1746 2606 1809 faceret,
2639 1748 3114 1817 neve;multorum
3146 1747 3626 1817 exspectationem
3666 1763 3730 1801 ac
3765 1748 3926 1803 desi-

2214 1834 2437 1890 derium
2502 1835 2715 1890 diutius
2769 1834 3234 1905 procrastinando
3299 1834 3695 1905 suspenderat.
3744 1834 3925 1888 Porro

2214 1923 2562 1996 Augustinus
2590 1924 2976 1979 voluminibus
3014 1939 3187 1994 supra
3227 1922 3562 1978 memoratis
3599 1923 3808 1990 locum,
3855 1939 3928 1977 ea

2213 2012 2587 2076 retractando,
2620 2012 2821 2067 tribuit
2842 2016 2972 2066 ante
3002 2013 3177 2067 libros
3206 2012 3267 2067 in
3297 2012 3640 2067 Petilianum
3672 2012 3921 2067 ineunte

2215 2115 2364 2154 anno
2385 2100 2948 2171 quadringentesimo
2969 2101 3218 2155 secundo
3247 2117 3366 2156 non
3390 2101 3569 2155 serius
3592 2100 3922 2156 absolutos:

2215 2190 2591 2259 quamobrem
2631 2189 2926 2261 superiora
2955 2189 3054 2243 illa
3082 2190 3153 2243 ab
3180 2189 3306 2259 ipso
3335 2189 3551 2260 partim
3588 2205 3741 2244 anno
3775 2206 3921 2261 qua-

2214 2277 2680 2349 dringentesimo,
2709 2278 2920 2349 partim
2958 2277 3524 2349 quadringentesimo
3572 2278 3762 2350 primo
3794 2279 3918 2335 elu-

2214 2366 2449 2420 cubrata
2475 2366 2647 2422 fuisse
2678 2367 3091 2422 existimamus.

2901 2456 3127 2510 CAPUT
3167 2456 3229 2510 V.

2216 2546 2235 2597 1
2283 2544 2576 2599 Concilium
2602 2545 2929 2611 Carthagine
2960 2545 3205 2599 habitum
3233 2544 3319 2599 die
3355 2543 3556 2599 decimo
3593 2551 3743 2601 sexto
3762 2547 3923 2616 junii

2284 2632 2519 2687 decernit
2565 2634 2819 2700 legandos
2858 2636 3130 2702 episcopos
3168 2634 3243 2687 ad
3289 2637 3687 2690 transmarinas
3741 2640 3917 2701 sedes,

2283 2728 2343 2774 ut
2371 2714 2668 2776 Donatistae
2713 2721 2787 2775 ad
2814 2724 3077 2775 unitatem
3107 2722 3384 2776 redeuntes
3427 2726 3671 2792 cooptari
3704 2728 3919 2794 possint

2200 2870 2211 2875 ἐ
2280 2812 2339 2863 in
2365 2810 2601 2875 clerum;
2629 2815 2678 2865 et
2699 2810 2948 2879 quazdam
2973 2826 3072 2879 per
3091 2811 3298 2865 eosdem
3328 2812 3531 2878 legatos
3570 2813 3638 2866 ab
3675 2815 3917 2882 impera-

2284 2903 2393 2952 tore
2415 2899 2665 2967 petenda.
2690 2901 2722 2953 2
2751 2900 3000 2953 Alterum
3028 2900 3274 2968 ejusdem
3314 2903 3448 2954 anni
3476 2900 3920 2969 Carthaginense

2281 2988 2564 3041 concilium
2601 2988 2799 3041 decimo
2830 2990 2985 3043 tertio
3012 2988 3100 3042 die
3128 2990 3443 3058 septembris
3490 2992 3606 3057 agit
3645 2990 3711 3045 de
3757 3007 3918 3046 revo—

2279 3075 2467 3129 candis
2497 3076 2571 3129 ad
2611 3077 2905 3131 Ecclesium
2935 3076 3130 3131 iisdem
3174 3079 3554 3145 schismaticis,
3606 3085 3656 3134 et
3710 3083 3915 3136 statuit

2279 3180 2458 3219 eorum
2508 3166 2723 3219 clericos
2780 3168 2835 3219 in
2889 3168 3004 3221 suis
3060 3167 3349 3222 honoribus
3395 3168 3727 3237 recipiendos
3777 3185 3913 3225 esse.

2280 3254 2330 3307 3.
2362 3254 2522 3307 Ratio
2541 3253 2834 3323 modusque
2865 3254 3324 3311 admittendorum
3351 3257 3419 3310 ab
3448 3258 3689 3311 Ecclesia
3721 3260 3913 3312 Dona-

2278 3341 2551 3395 tistarum.
2591 3343 2626 3395 4
2671 3342 2931 3408 Quaedam
2980 3359 3047 3397 ea:
3094 3346 3562 3400 constitutionibus
3613 3348 3909 3415 Carthagi-

2275 3431 2455 3483 nensis
2483 3431 2698 3484 concilii
2723 3436 3001 3486 notantur.

2277 3522 2326 3571 1.
2356 3517 2669 3572 Concilium
2691 3518 2750 3572 in
2762 3520 3023 3574 Africana
3041 3520 3372 3575 collectione
3387 3521 3592 3593 duplex
3623 3539 3775 3578 anno
3809 3540 3908 3580 eo-

2205 3605 2336 3659 dem
2357 3606 2924 3676 quadringentesimo
2944 3608 3128 3678 primo
3148 3608 3401 3678 ponitur,
3419 3611 3662 3666 alterum
3684 3612 3775 3667 die
3808 3629 3906 3666 su-

2202 3692 2601 3763 pradecimum
2622 3698 2782 3749 sexto
2805 3696 2894 3749 vel
2925 3700 3129 3766 quarto
3153 3696 3424 3753 kalendas
3438 3699 3632 3769 julias,
3657 3701 3905 3756 alterum

2200 3780 2392 3835 idibus
2420 3782 2777 3853 septembris,
2812 3788 3119 3855 utrumque
3142 3785 3481 3856 Carthagine
3517 3788 3577 3842 in
3600 3791 3905 3845 secretario

2201 3868 2448 3923 basilicas
2468 3870 2764 3925 Restitute:
2792 3872 3164 3927 celebratum.
3208 3874 3494 3942 Aurelius,
3525 3877 3626 3946 qui
3666 3895 3811 3934 unus
3842 3880 3901 3935 in

2198 3957 2390 4029 priore
2419 3959 2633 4030 synodo
2662 3959 2836 4015 verba
2863 3960 3015 4025 facit,
3058 3963 3459 4017 tantummodo
3507 3970 3733 4034 partem
3764 3968 3900 4023 illo-

2197 4063 2329 4103 rum
2354 4052 2593 4103 testatur
2621 4048 2888 4117 adfuisse,
2921 4049 3131 4121 quibus
3159 4067 3226 4105 eo
3264 4052 3725 4109 conveniendum
3756 4062 3898 4113 erat.

2197 4140 2276 4192 Ac
2322 4152 2576 4208 primum
2614 4137 2843 4208 quidem
2891 4139 3185 4209 proponit,
3234 4139 3484 4195 Africam
3528 4157 3595 4196 ea
3639 4144 3902 4200 laborare

2196 4224 2587 4290 ministrorum
2619 4227 2880 4297 penuria,
2913 4231 2977 4281 ut
3005 4226 3066 4280 in
3107 4227 3302 4282 multis
3342 4229 3615 4301 Ecclesiis)
3641 4247 3713 4286 ne
3752 4250 3902 4289 unus

2195 4314 2429 4384 quidem
2454 4314 2543 4368 vel
2572 4313 2873 4369 illiteratus
2894 4315 3168 4371 diaconus
3195 4321 3406 4387 praesto
3437 4318 3528 4374 sit.
3557 4320 3713 4375 Unde
3729 4321 3901 4376 relin-

2196 4400 2321 4472 quit
2372 4401 2780 4471 colligendum,
2841 4402 3167 4472 superiores
3232 4405 3464 4474 gradus,
3524 4423 3654 4461 cum
3704 4409 3900 4479 plures

2195 4504 2369 4560 quam
2391 4489 2720 4543 diaconatus
2750 4490 2910 4545 dotes
2938 4491 3256 4562 requirant,
3288 4494 3470 4548 multo
3498 4496 3681 4567 magis
3720 4498 3894 4553 mini-

2194 4578 2325 4632 stris
2352 4578 2573 4633 idoneis
2609 4579 2859 4635 destitui.
2890 4583 2962 4636 Et
2990 4582 3355 4653 quotidianos,
3401 4584 3605 4656 inquit,
3640 4588 3897 4656 planctus

2194 4667 2533 4722 diversarum
2560 4684 2693 4738 pene
2724 4674 3084 4725 emortuarum
3121 4672 3360 4741 plebium
3381 4674 3502 4742 jam
3528 4690 3634 4729 non
3660 4680 3894 4731 sustine-

2191 4767 2347 4819 mus;
2378 4754 2572 4823 quibus
2592 4758 2703 4809 nisi
2722 4757 2893 4822 fuerit
2911 4757 3209 4825 aliquando
3228 4759 3561 4828 subventum,
3591 4764 3776 4829 gravis
3804 4779 3895 4819 no-

2194 4842 2275 4895 bis
2304 4847 2355 4896 et
2381 4843 2764 4898 inexcusabilis
2804 4846 3280 4901 innumerabilium
3328 4851 3637 4904 animarum
3666 4866 3894 4918 pereun-

2194 4933 2330 4985 tium
2361 4946 2526 4987 causa
2572 4933 2723 5002 apud
2778 4936 2943 4988 Deum
2988 4950 3252 4990 mansura
3298 4942 3377 4991 est
3416 4938 3629 5005 (Labbe,
3688 4941 3888 4995 Concil.

2193 5023 2330 5074 temo
2372 5024 2427 5089 2,
2474 5037 2608 5090 pag.
2667 5023 2837 5085 1642).
2872 5023 3213 5078 Persuasum
3264 5025 3530 5093 habebat,
3578 5043 3612 5080 a
3663 5027 3892 5083 nemine

2194 5106 2466 5174 dubitari,
2500 5108 2641 5179 quin
2665 5108 2718 5162 ei
2747 5108 2897 5162 malo
2923 5111 3244 5165 remedium
3279 5112 3600 5181 efferretur,
3635 5114 3683 5169 si
3718 5116 3891 5171 modo

2192 5195 2350 5267 quia
2376 5197 2578 5250 Donati
2598 5197 2855 5266 partibus
2878 5198 2947 5252 ad
2980 5200 3284 5255 Ecclesiam
3332 5207 3674 5267 remearent,
3712 5202 3783 5257 iis
3817 5205 3889 5260 ad

2193 5283 2595 5338 ecclesiasticas
2623 5284 2928 5354 dignitates
2965 5287 3153 5342 aditus
3198 5304 3318 5342 non
3369 5289 3885 5349 intercluderetur:

2191 5387 2389 5428 verum
2419 5371 2476 5427 id
2511 5388 2545 5426 a
2590 5373 2820 5429 sedibus
2865 5375 3152 5447 praecipue
3200 5378 3457 5433 Romana
3493 5395 3559 5433 ac
3616 5379 3886 5437 Mediola-

2192 5460 2357 5515 nensi
2377 5476 2529 5516 anno
2550 5460 2697 5517 forte
2725 5464 3121 5520 trecentesimo
3149 5467 3524 5538 nonagesimo
3553 5469 3801 5524 secundo
3825 5471 3888 5526 in

2191 5545 2409 5616 synodo
2433 5546 2709 5617 Capuensi
2736 5548 2976 5605 vetitum
2996 5549 3201 5607 fuerat.
3218 5552 3416 5623 Itaque
3444 5552 3586 5623 petit
3618 5554 3887 5609 Aurelius
