4060 6370
184 344 293 395 301

181 467 257 515 ut
304 463 605 536 episcopus
648 467 933 538 quispiam
987 485 1053 522 ex
1102 485 1203 523 suo
1247 469 1503 540 ipsorum
1551 487 1794 528 numero
1833 477 1901 530 ad

181 553 565 607 Anastasium
598 555 919 610 Romanum
950 557 1259 612 antistitem
1298 559 1582 630 simulque
1620 563 1691 616 ad
1720 565 1902 618 Vene-

181 641 352 695 rium
383 644 857 700 Mediolanensem
889 647 1169 714 mittatur,
1202 649 1301 719 qui
1333 651 1591 705 Ecclesiae
1621 653 1900 708 Africanae

185 729 578 801 indigentiam
600 733 712 787 illis
730 735 977 804 aperiat;
1001 741 1236 808 oretque
1259 755 1354 792 eos
1384 739 1441 791 in
1459 740 1791 796 clericorum
1815 759 1901 796 or-

182 819 395 874 dinem
426 822 676 892 cooptari
706 824 1082 890 consentiant,
1117 826 1214 896 qui
1256 827 1526 897 baptizati
1571 829 1782 884 fuerint
1829 832 1898 886 ab

181 907 480 963 haareticis
497 911 680 965 adhuc
697 912 941 966 infantes
962 933 976 980 ;
995 914 1305 968 dummodo
1327 916 1499 986 digna
1539 921 1694 972 tanto
1716 921 1897 989 gradu

181 997 398 1065 pietas,
426 1004 597 1068 prout
626 1000 687 1053 iu
726 1001 1007 1070 superiori
1038 1002 1277 1057 concilio
1309 1003 1494 1058 fuerat
1536 1005 1604 1059 ab
1635 1007 1898 1063 Africana

182 1086 440 1140 Ecclesia
497 1088 891 1152 constitutum,
933 1090 994 1143 in
1024 1090 1136 1143 illis
1167 1091 1418 1146 emineat
1465 1093 1676 1160 (Codice
1721 1097 1895 1152 Cano-

176 1189 323 1228 num
354 1175 565 1242 Afric.,
599 1192 716 1230 can.
742 1179 850 1246 57).
877 1179 1107 1233 Constat
1131 1179 1386 1250 quidem,
1400 1181 1521 1252 jam
1545 1187 1674 1236 ante
1704 1183 1817 1237 sive
1836 1185 1896 1238 in

180 1263 547 1333 Hipponensi
604 1265 842 1320 concilio
907 1267 1044 1320 anni
1100 1269 1482 1326 trecentesimi
1535 1272 1894 1341 nonagesimi

175 1351 363 1417 tertii,
397 1352 512 1406 sive
552 1352 611 1406 in
657 1354 1087 1423 Carthaginensi
1129 1356 1264 1410 anni
1296 1359 1674 1412 trecentesimi
1713 1377 1892 1415 nona-

175 1440 395 1510 gesimi
427 1441 674 1512 septimi,
708 1442 984 1513 agitatum
1013 1443 1183 1498 fuisse
1214 1445 1282 1499 de
1323 1445 1664 1517 recipiendis
1689 1448 1749 1502 in
1791 1466 1892 1503 suo

175 1528 408 1582 honore
453 1535 511 1583 et
547 1530 731 1601 gradu
777 1531 1058 1586 conversis
1089 1533 1155 1586 ad
1200 1533 1502 1587 Ecclesiam
1546 1536 1889 1603 Donatistis;

181 1618 368 1672 modo
413 1622 608 1672 tamen
659 1619 721 1672 in
773 1621 1071 1674 schismate
1120 1638 1233 1676 non
1277 1623 1743 1693 rebaptizassent,
1795 1631 1894 1679 aut

176 1721 323 1758 suos
351 1721 541 1760 secum
572 1708 815 1778 populos
855 1709 1194 1762 reducerent
1223 1726 1234 1762 :
1276 1715 1335 1764 at
1363 1710 1680 1781 quidquam
1728 1729 1793 1766 ea
1822 1714 1890 1766 de

173 1808 266 1860 re,
302 1794 416 1848 nisi
467 1795 738 1850 consultis
785 1797 944 1867 prius
991 1799 1388 1852 transmarinis
1434 1800 1706 1868 Ecclesiis,
1750 1801 1890 1856 deti-

177 1882 316 1936 nire
347 1883 679 1938 noluerunt.
712 1886 854 1939 Tum
881 1886 1013 1940 inde
1043 1887 1307 1941 Aurelius
1339 1887 1448 1942 alia
1472 1890 1742 1958 proponit
1773 1905 1890 1943 non

172 1988 392 2042 parum
409 1973 746 2039 necessaria,
771 1991 900 2044 quae
923 1975 993 2028 ab
1021 1976 1371 2046 Imperatore
1395 1976 1642 2046 petenda
1659 1982 1884 2030 essent:

169 2059 332 2114 inter
361 2061 506 2129 ham,
537 2062 620 2116 uti
650 2063 888 2132 profana
910 2080 1039 2134 quae
1071 2063 1265 2118 multis
1287 2063 1345 2117 in
1367 2063 1504 2117 locis
1535 2065 1737 2118 ﬁerent
1756 2081 1888 2119 con-

171 2148 330 2203 vivia
368 2150 789 2220 prohibeantur
829 2151 1012 2221 (Ibid.,
1041 2167 1160 2205 can.
1195 2151 1312 2221 60);
1343 2150 1514 2222 idque
1547 2168 1662 2205 non
1701 2153 1887 2207 solum

170 2243 422 2309 pr0pter
452 2239 801 2304 saltationes,
834 2239 1058 2309 aliaque
1091 2238 1462 2309 turpitudinis
1491 2255 1554 2292 ac
1586 2239 1888 2310 impuden-

172 2327 273 2380 tiae
309 2327 505 2396 plena,
533 2344 660 2398 qua:
685 2327 745 2380 in
775 2326 1073 2396 religionis
1113 2327 1437 2380 Christianae
1478 2329 1884 2384 contumeliam

173 2415 235 2468 in
266 2415 384 2468 illis
429 2416 644 2486 Pagani
691 2416 1048 2483 exercebant,
1080 2431 1280 2470 verum
1319 2415 1491 2469 etiam
1531 2417 1680 2486 quod
1723 2417 1884 2471 Chri-

171 2503 396 2558 stianos
426 2503 593 2557 isthic
623 2503 819 2557 adesse
846 2507 1146 2574 cogerent;
1180 2520 1294 2574 qua
1323 2504 1382 2557 in
1410 2521 1472 2558 re
1504 2505 1606 2558 sub
1637 2504 1882 2575 impera-

170 2592 403 2646 toribus
417 2591 641 2647 Christo
672 2591 909 2646 addictis
932 2608 1080 2646 nova
1095 2592 1360 2663 qutedam
1390 2593 1740 2647 excitabatur
1753 2611 1882 2664 per-

177 2681 416 2734 secutio.
440 2681 708 2735 Convivia
740 2681 839 2734 illa
873 2697 937 2734 ex
970 2680 1258 2734 erroribus
1279 2681 1578 2750 gentilium
1602 2697 1881 2749 manasse,

173 2784 408 2822 necnon
444 2768 650 2822 divinis
690 2785 1011 2840 repugnare
1056 2767 1372 2839 praeceptis,
1413 2775 1606 2839 aperte
1645 2775 1884 2826 testatur

173 2857 450 2912 Aurelius
484 2873 496 2910 :
531 2858 739 2928 quibus
787 2857 992 2923 verbis,
1025 2861 1090 2911 ut
1133 2858 1364 2928 quidem
1409 2857 1648 2926 videtur,
1682 2876 1748 2913 ea
1785 2877 1884 2914 no-

169 2950 256 3000 tat
287 2946 348 2998 in
381 2946 610 3016 templis
635 2946 800 3000 solita
822 2945 1118 3012 celebrari,
1144 2963 1270 3017 quas
1292 2946 1508 3016 pariter
1529 2948 1882 3017 Augustinus

173 3050 446 3089 sermone
493 3034 846 3104 sexagesimo
888 3034 1154 3096 secundo,
1187 3033 1286 3105 qui
1329 3051 1459 3089 cum
1497 3035 1606 3089 hoc
1643 3036 1880 3092 articulo

170 3139 292 3176 non
320 3123 667 3177 mediocrem
693 3123 866 3176 habet
886 3123 1244 3189 afﬁnitatem,
1269 3122 1575 3176 insectatus
1597 3128 1698 3178 est.
1730 3126 1879 3179 Prae-

170 3215 336 3265 terea
384 3212 432 3265 si
470 3212 597 3282 quis
640 3227 830 3266 servos
873 3227 1004 3266 suos
1047 3211 1450 3265 manumittere
1491 3216 1780 3283 cuperent,
1821 3213 1881 3267 id

168 3300 287 3353 illis
337 3300 398 3354 in
437 3300 690 3368 ecclesia,
726 3317 919 3355 coram
959 3299 1261 3370 episcopis,
1293 3301 1449 3354 nulla
1487 3301 1598 3354 alia
1637 3317 1700 3354 ex
1733 3302 1880 3372 juris

171 3387 441 3442 formulis
487 3393 726 3451 servata,
759 3389 1074 3460 peragendi
1110 3393 1450 3459 potestatem
1491 3388 1696 3442 fecerat
1735 3391 1880 3444 Con-

171 3479 461 3532 stantinus
506 3479 710 3549 triplici
753 3480 899 3550 lege,
932 3478 1087 3550 quod
1131 3479 1272 3533 forte
1321 3478 1382 3533 in
1426 3479 1630 3546 Africa,
1674 3479 1770 3533 ubi
1809 3481 1878 3535 de

170 3567 346 3621 modo
383 3583 447 3620 ac
472 3567 733 3638 legitimo
764 3567 876 3620 ritu
911 3567 1327 3638 ambigebatur,
1361 3568 1616 3622 nondum
1659 3585 1763 3622 usu
1792 3585 1877 3622 re-

171 3659 407 3724 ceptum
441 3659 578 3708 erat.
615 3655 869 3709 Postulat
906 3671 1041 3726 ergo
1071 3655 1355 3722 Aurelius,
1385 3660 1452 3709 ut
1491 3655 1772 3710 mittendo
1818 3657 1879 3710 in

169 3744 399 3798 Italiam
448 3745 632 3815 legato
663 3761 798 3798 cura
827 3744 1216 3799 committatur
1253 3745 1595 3814 sciscitandi,
1629 3762 1876 3816 quonam

170 3837 340 3902 pacto
381 3849 499 3886 sese
546 3833 724 3886 Italiae
764 3833 1017 3903 episcopi
1055 3833 1116 3886 in
1157 3849 1226 3888 ea
1262 3850 1321 3887 re
1357 3841 1647 3904 gererent;
1680 3839 1742 3888 ut
1770 3835 1877 3888 sibi

170 3937 406 3993 quoque
428 3922 786 3976 tantumdem
808 3922 1099 3991 potestatis
1121 3921 1230 3991 ipsi
1249 3926 1527 3991 usurpant
1545 3922 1731 3989 (Ibid.,
1754 3937 1871 3974 can.

169 4009 285 4081 8'2).
319 4011 385 4063 In
415 4009 654 4063 concilio
683 4009 870 4063 idibus
901 4009 1238 4078 septembris
1275 4009 1470 4063 habito
1503 4011 1874 4063 constitutum

169 4103 278 4164 est,
313 4101 381 4152 ut
408 4097 478 4150 ab
509 4099 854 4166 Imperatore
883 4101 1176 4167 peteretur
1205 4097 1266 4151 in
1296 4097 1530 4152 ecclesia
1563 4098 1874 4152 manumit-

167 4186 332 4240 tendi
362 4186 598 4239 facultas
650 4184 837 4254 (Ibid.)
871 4202 884 4239 :
933 4201 1104 4256 quam
1152 4190 1208 4240 et
1237 4202 1560 4240 concessam
1601 4185 1771 4239 fuisse
1811 4203 1874 4241 ex

167 4273 495 4345 Augustino
521 4273 791 4327 discimus
822 4272 1013 4341 (Serm.
1045 4277 1133 4338 21,
1169 4290 1223 4328 η.
1258 4277 1320 4340 6;
1356 4275 1525 4329 Serm.
1555 4277 1676 4340 356,
1709 4292 1761 4328 n.
1797 4276 1870 4345 6).

239 4366 294 4418 2.
327 4363 408 4416 Ad
444 4363 759 4416 secundum
798 4361 948 4416 istud
991 4361 1193 4416 eodem
1241 4378 1390 4416 anno
1431 4362 1874 4434 quadringente-

168 4451 316 4503 simo
363 4451 550 4521 primo
599 4450 789 4505 idibus
831 4450 1171 4521 septembris
1228 4450 1488 4504 habitum
1537 4450 1872 4521 Carthagine

168 4539 496 4605 concilium,
525 4555 656 4594 cum
683 4539 856 4606 totius
885 4538 1087 4593 Africae
1118 4540 1382 4610 generale
1411 4539 1600 4605 fuerit,
1624 4539 1874 4610 episcopi

170 4643 488 4682 convenere
520 4627 995 4698 frequentissimi;
1029 4627 1172 4681 adeo
1202 4631 1265 4682 ut
1295 4628 1363 4682 ad
1398 4629 1724 4682 obeundum
1754 4628 1873 4700 pri-

171 4720 371 4770 vatum
402 4717 702 4786 negotium
740 4732 859 4770 non
897 4715 1195 4786 pauciores
1232 4715 1433 4785 viginti
1464 4715 1708 4785 delegati
1737 4716 1870 4782 sint,

168 4803 227 4857 in
277 4804 483 4874 quibus
528 4805 787 4876 Alypius,
841 4804 1213 4876 Augustinus,
1264 4808 1436 4874 atque
1497 4804 1738 4858 Evodius
1787 4821 1872 4859 re-

169 4897 496 4948 censentur.
529 4893 835 4963 Augustini
866 4899 1017 4948 certe
1047 4893 1344 4964 ingenium
1375 4892 1435 4946 in
1464 4893 1700 4963 hujusce
1731 4909 1871 4947 cou-

171 4978 288 5034 cilii
318 4980 557 5034 decretis
586 4982 768 5035 elucet
797 4981 1128 5052 plurimum.
1167 4981 1422 5035 Primum
1460 4980 1711 5034 recitata!
1741 4985 1873 5035 sunt

173 5066 375 5121 litterze
399 5069 467 5122 ab
493 5069 790 5123 Anastasio
817 5086 968 5140 papa
998 5070 1067 5124 ad
1094 5069 1390 5140 episcopos
1415 5068 1710 5122 Africanos
1740 5069 1872 5122 scri-

175 5159 315 5224 ptae;
379 5156 586 5228 quibus
661 5173 756 5211 eos
812 5158 1234 5225 cohortabatur,
1289 5173 1360 5211 ne
1426 5157 1866 5227 improbitatem,

174 5239 434 5310 injurias,
466 5258 530 5295 ac
577 5241 806 5309 damna,
841 5259 970 5313 qua:
1017 5243 1086 5297 ab
1133 5243 1414 5298 haereticis
1461 5243 1764 5296 Donatistis
1808 5243 1872 5296 i1-

173 5328 304 5389 lata,
341 5334 453 5384 tam
482 5329 671 5384 dirum
695 5330 755 5384 in
784 5331 1015 5385 modum
1047 5331 1347 5386 Ecclesiam
1369 5331 1690 5385 Africanam
1709 5347 1872 5386 vexa-

174 5413 328 5483 bant,
347 5418 466 5471 ullo
488 5417 656 5472 modo
688 5416 1130 5472 dissimularent.
1155 5421 1420 5490 Actzeque
1439 5422 1560 5473 tum
1593 5419 1706 5472 Deo
1735 5433 1868 5489 gra-

174 5501 285 5563 tiae,
319 5505 474 5574 quod
503 5509 659 5560 tanta
694 5505 963 5560 adversus
993 5505 1146 5576 ipsos
1186 5506 1455 5561 cbaritate
1495 5507 1672 5561 sancti
1702 5506 1871 5576 hujus

180 5593 457 5650 Antistitis
486 5593 744 5650 animum
787 5594 1202 5650 inflammasset
1231 5611 1245 5648 :
1273 5594 1476 5652 deinde
1499 5611 1710 5664 magna
1737 5609 1871 5650 cura

1656 352 1857 406 LIBER
1897 353 2217 418 QUINTUS.

3599 369 3700 420 302

2015 479 2352 547 discussum,
2387 497 2647 552 quaenam
2687 498 2815 536 cum
2861 483 3162 537 Donatistis
3191 487 3396 553 agendi
3425 487 3567 542 ratio
3614 507 3703 543 es-

2013 574 2096 623 set
2128 569 2320 622 utilior
2366 570 2559 624 futura
2589 571 2806 639 (Labbe,
2838 574 3034 627 Concil.
3069 579 3204 627 tomo
3246 577 3297 641 2,
3328 591 3457 643 pag.
3499 578 3652 647 1651)
3684 598 3699 631 :

2011 663 2352 729 captumque
2394 663 2478 712 est
2518 660 2631 712 Deo
2671 659 2982 730 inspirante
3012 661 3331 729 consilium,
3361 668 3423 716 ut
3459 664 3701 734 benigne

2009 745 2316 799 admodum
2361 751 2418 799 et
2454 747 2686 816 pacifice
2731 754 3014 818 ageretur,
3058 755 3226 820 atque
3265 750 3377 804 illis
3417 752 3698 817 omnibus,

2009 835 2192 904 quoad
2227 835 2348 888 ﬁeri
2380 841 2586 905 posset,
2623 837 2694 889 ob
2734 839 2926 891 oculos
2963 844 3289 908 poneretur,
3325 855 3496 909 quam
3535 841 3701 895 mise-

2008 939 2137 976 rum
2192 923 2253 976 in
2308 927 2516 978 statum
2567 924 2908 980 decidissent
2952 928 3156 995 (Codice
3182 929 3454 983 Canonum
3496 931 3697 995 Αἰνέα,

2006 1027 2124 1067 can.
2175 1013 2303 1081 60):
2366 1013 2518 1082 quod
2563 1029 2690 1082 spes
2738 1018 2900 1080 esset,
2952 1016 3227 1080 futurum,
3277 1022 3340 1070 ut
3392 1018 3699 1072 amicarum

2007 1098 2333 1168 hujusmodi
2377 1101 2790 1155 correctionum
2837 1117 2965 1170 ope,
2996 1103 3200 1156 mentis
3248 1103 3549 1174 caliginem
3573 1105 3700 1175 '_illis

2010 1186 2154 1239 Deus
2201 1187 2568 1257 abstergeret,
2603 1206 2698 1242 cor
2743 1189 3045 1255 emolliret,
3083 1195 3140 1244 et
3177 1191 3535 1260 laqueorum,
3571 1193 3699 1263 qui-

1979 1274 2109 1328 bus
2140 1292 2170 1327 a
2200 1275 2461 1330 daemone
2501 1278 2843 1332 tenebantur
2871 1278 3096 1344 irretiti,
3129 1295 3306 1332 nexus
3338 1280 3689 1338 dissolveret.

2004 1363 2288 1418 Statutum
2337 1368 2422 1418 est
2465 1382 2590 1418 eam
2631 1366 2702 1418 ob
2749 1383 2995 1433 causam,
3037 1367 3251 1420 litteras
3295 1369 3363 1420 ad
3406 1369 3698 1423 Africanos

2004 1451 2368 1521 magistratus
2413 1470 2446 1507 a
2485 1453 2734 1507 Concilio
2772 1454 3080 1508 mittendas
3115 1472 3256 1521 esse,
3288 1456 3494 1526 quibus
3533 1474 3696 1528 roga-

2002 1544 2222 1606 rentur,
2253 1545 2314 1594 ut
2352 1558 2573 1608 eorum,
2608 1559 2735 1612 quae
2769 1543 3087 1597 Donatistas
3125 1543 3276 1598 inter
3315 1561 3376 1598 ac
3408 1545 3695 1600 Maximia-

1999 1628 2175 1682 nistas
2207 1634 2329 1683 acta
2353 1629 2598 1696 fuerant,
2637 1627 3015 1685 instrumenta
3045 1631 3373 1685 authentica
3413 1633 3694 1704 episcopis

2001 1717 2147 1771 tradi
2170 1717 2438 1788 juberent
2465 1719 2660 1789 (Ibid,
2692 1736 2809 1773 can.
2859 1723 2942 1783 67)
2982 1737 2993 1772 :
3026 1726 3146 1773 tum
3188 1721 3519 1789 deligendos
3550 1724 3694 1775 auti-

2001 1804 2178 1873 stites,
2217 1807 2316 1876 qui
2361 1807 2661 1860 schismate
2706 1811 3031 1877 segregatos
3074 1808 3144 1861 ab
3198 1809 3438 1861 Ecclesia
3478 1809 3692 1878 episco-

1999 1908 2101 1962 pos
2121 1894 2426 1964 plebesque
2457 1911 2652 1948 eorum
2671 1895 2742 1948 ad
2767 1911 2961 1964 pacem
2990 1898 3045 1948 et
3067 1894 3344 1948 unitatem
3366 1895 3691 1962 invitarent,

1999 1981 2508 2051 convincerentque
2549 1982 2691 2035 nihil
2736 1998 2855 2035 esse
2895 1999 3101 2046 cauere,
3135 1998 3235 2035 cur
3265 1983 3334 2036 ab
3377 1983 3457 2036 eis
3499 1986 3692 2038 catho-

1997 2068 2105 2122 lica
2146 2069 2389 2122 Ecclesia
2426 2070 2904 2139 reprehendatur;
2938 2086 3068 2123 cum
3106 2071 3424 2141 praesertim
3459 2088 3690 2127 eorum-

1999 2157 2129 2211 dcm
2172 2157 2233 2210 in
2274 2157 2716 2212 Maximianistas
2755 2158 3113 2228 indulgentia
3142 2160 3398 2213 obtentas
3446 2177 3562 2215 sum
3590 2162 3689 2222 {se-

1997 2245 2238 2299 cessioni
2297 2261 2493 2300 causas
2551 2262 2748 2299 omnes
2815 2247 3080 2301 excludat
3137 2248 3320 2313 (Ibid.,
3375 2264 3501 2303 can.
3566 2252 3680 2320 69).

1997 2332 2214 2387 Placuit
2257 2349 2482 2404 quoque
2527 2337 2587 2386 ut
2626 2334 2901 2404 episcopis
2949 2335 3017 2388 ad
3064 2335 3381 2390 Donatistas
3415 2353 3530 2406 per
3575 2353 3691 2391 om-

1997 2436 2095 2475 nes
2141 2421 2342 2475 Africre
2387 2421 2704 2491 provincias
2746 2423 3001 2493 legandis
3045 2428 3292 2492 potestas
3336 2424 3439 2477 sub
3479 2424 3688 2479 instru-

1995 2511 2199 2565 ctionis
2254 2510 2440 2564 forma
2506 2511 2847 2578 traderetur,
2902 2528 2932 2564 a
2985 2511 3145 2580 cujus
3194 2511 3525 2582 prmscripto
3572 2529 3689 2566 non

1995 2603 2140 2653 esset
2187 2599 2299 2652 illis
2343 2599 2632 2669 integrum
2679 2599 2964 2652 discedere
3017 2599 3201 2669 (Ibid.,
3233 2616 3350 2654 can.
3381 2603 3488 2668 85).
3537 2601 3685 2654 Nihil

1994 2692 2114 2742 erat
2164 2687 2234 2740 ad
2280 2688 2699 2742 resarciendam
2745 2688 3106 2741 concordiam
3165 2690 3348 2757 magis
3393 2688 3688 2754 idoneum,

1995 2792 2166 2846 quam
2201 2775 2246 2828 si
2274 2775 2578 2829 redeuntes
2606 2775 2675 2828 ad
2698 2776 2997 2829 Ecclesiam
3020 2777 3469 2830 Donastistarum
3501 2779 3691 2832 clerici

1992 2863 2052 2916 in
2082 2863 2200 2916 suis
2225 2863 2540 2916 honoribus
2569 2862 2959 2932 reciperentur
2986 2863 3179 2931 (Ibid.,
3212 2880 3336 2919 can.
3385 2866 3494 2934 68).
3526 2865 3689 2928 Quod

1993 2950 2223 3022 quidem
2249 2955 2370 3003 tam
2407 2951 2467 3003 in
2508 2950 2632 3019 ipso
2664 2950 2882 3003 discidii
2914 2950 3099 3015 initio,
3127 2967 3300 3020 quam
3339 2967 3469 3004 cum
3498 2952 3686 3006 redin-

1991 3042 2209 3107 tegrata
2229 3042 2313 3091 est
2337 3036 2438 3090 sub
2463 3051 2679 3089 annum
2697 3038 3157 3090 trecentesimum
3179 3039 3682 3108 quadragesimum

1992 3125 2300 3196 septimum
2330 3141 2431 3195 per
2460 3124 2766 3178 Macarium
2797 3124 3004 3192 unitas,
3034 3129 3317 3179 servatum
3361 3126 3566 3193 fuerat,
3597 3127 3683 3180 uti

1990 3218 2159 3268 testes
2198 3228 2318 3267 esse
2357 3216 2621 3283 poterant
2655 3211 2930 3266 Africanae
2969 3229 3114 3283 pene
3151 3229 3348 3267 omnes
3387 3214 3637 3268 ecclesia:
3669 3231 3681 3268 :

1992 3319 2188 3356 verum
2221 3302 2372 3356 idem
2405 3305 2600 3372 postea
2623 3300 2793 3355 variae
2820 3301 3040 3371 synodi,
3075 3301 3135 3354 in
3166 3302 3373 3372 quibus
3398 3301 3684 3373 praecipue

1993 3391 2391 3462 Hipponensis,
2424 3407 2488 3444 ac
2516 3390 2913 3454 transmarina,
2959 3391 3223 3460 Capuana
3253 3391 3490 3444 fortasse
3538 3407 3688 3444 anno

1988 3480 2387 3535 trecentesimo
2417 3479 2788 3548 nonagesimo
2813 3479 3058 3532 secundo
3084 3478 3366 3533 celebrata
3385 3478 3686 3549 prohibue-

1989 3573 2136 3623 rant.
2169 3569 2426 3621 Veterem
2473 3567 2635 3622 illum
2676 3583 2845 3621 usum
2889 3583 3174 3633 revocare,
3211 3567 3381 3637 idque
3423 3584 3558 3635 erga
3587 3584 3685 3621 eos

1989 3673 2117 3710 cum
2173 3656 2393 3725 primis,
2443 3655 2541 3725 qui
2595 3671 2727 3708 suos
2780 3671 2970 3708 secum
3024 3655 3269 3725 populos
3325 3656 3682 3721 reducerent,

1988 3744 2366 3815 peroptabant
2387 3743 2635 3796 Africani
2675 3743 2988 3806 antistites;
3011 3747 3260 3796 attamen
3283 3743 3350 3795 de
3375 3759 3441 3796 ea
3461 3760 3520 3796 re
3540 3743 3683 3796 nihil

1990 3835 2293 3887 decernere
2325 3831 2446 3884 ausi
2476 3832 2699 3884 fuerant
2727 3831 3062 3901 priusquam
3093 3829 3685 3900 episcoporum'ltalia!

1987 3936 2322 3975 consensum
2348 3917 2749 3972 obtinuissent.
2779 3918 2863 3971 Ad
2891 3918 3043 3971 hunc
3069 3917 3306 3970 modum
3333 3917 3392 3970 in
3418 3918 3679 3985 concilio,

1987 4010 2207 4064 decimo
2247 4012 2400 4062 sexto
2441 4006 2714 4060 kalendas
2745 4005 2919 4075 julias
2956 4005 3254 4075 praesentis
3287 4005 3425 4059 anni
3463 4011 3681 4076 coacto,

1985 4095 2192 4150 animis
2235 4094 2420 4148 affecti
2462 4097 2880 4159 remanserant;
2929 4109 3163 4162 remque
3194 4109 3424 4146 omnem
3464 4098 3678 4148 statue-

1984 4189 2112 4239 rant
2142 4183 2385 4238 Romani
2416 4182 2676 4252 Episcopi
2714 4197 2777 4235 ac
2806 4181 3244 4235 Mediolanensis
3282 4181 3516 4236 arbitrio
3547 4198 3678 4253 per-

1983 4271 2338 4325 mittendam.
2382 4271 2449 4323 In
2493 4269 2600 4322 hoc
2640 4285 2772 4322 vero
2815 4269 3108 4322 decretum
3140 4273 3242 4334 est,
3287 4273 3351 4322 ut
3396 4277 3467 4323 ad
3515 4270 3687 4324 Italos

1983 4358 2278 4423 antistites,
2311 4374 2374 4411 ac
2401 4357 2689 4428 praecipue
2733 4357 2806 4410 ad
2844 4357 3207 4410 Anastasium
3240 4372 3450 4426 papam
3481 4357 3685 4412 litterae

1985 4448 2279 4513 darentur,
2314 4446 2520 4516 quibus
2550 4444 2822 4499 certiores
2852 4445 3079 4514 ﬁerent,
3109 4461 3309 4514 pacem
3341 4449 3510 4516 atque
3540 4447 3688 4500 Afri-

1984 4553 2139 4590 canae
2170 4534 2430 4589 Ecclesiae
2462 4533 2765 4588 utilitatem
2796 4533 3044 4604 exigere,
3079 4538 3143 4587 ut
3181 4534 3438 4587 locorum
3468 4535 3684 4605 episco-

1981 4625 2070 4695 pis
2100 4623 2423 4678 Donatistas
2450 4622 2510 4676 in
2544 4621 2791 4693 propriis
2823 4621 3136 4676 honoribus
3166 4621 3479 4692 recipiendi
3508 4623 3685 4676 facul-

1981 4717 2066 4766 tas
2099 4716 2263 4776 esset,
2296 4711 2434 4764 dum
2463 4711 2794 4765 revocandis
2827 4709 2897 4763 ad
2941 4709 3219 4764 unitatem
3261 4710 3387 4764 aliis
3416 4711 3687 4765 conduci-

1981 4801 2094 4855 bile
2123 4799 2414 4853 videretur
2437 4816 2447 4853 :
2473 4800 2684 4852 valeret
2711 4803 2898 4852 autem
2931 4798 3386 4853 transmarinum
3411 4799 3684 4869 placitum

1982 4889 2246 4943 adversus
2276 4903 2372 4941 eos
2411 4887 2581 4952 solos,
2616 4886 2715 4956 qui
2744 4886 2928 4940 reditu
2962 4903 3064 4940 suo
3112 4887 3368 4941 Ecclesiae
3419 4905 3535 4942 non
3564 4893 3683 4941 tan-

1979 4981 2102 5031 tum
2137 4976 2402 5030 afferrent
2430 4974 2713 5039 utilitatis,
2746 4978 3024 5044 quantum
3067 4973 3139 5028 ad
3185 4975 3358 5028 hocce
3398 4974 3680 5028 int’lictum

1981 5063 2294 5135 disciplinae
2325 5064 2530 5116 vulnus
2561 5062 3053 5132 compensandum
3084 5063 3394 5117 sufficeret.
3439 5064 3564 5116 Haec
3592 5067 3679 5115 ta-

1981 5169 2114 5207 men
2144 5152 2315 5222 hujus
2342 5150 2566 5204 articuli
2596 5150 2967 5221 inscriptione
2999 5152 3089 5221 (Ut
3129 5151 3321 5204 clerici
3366 5150 3680 5203 Donatista-

1979 5258 2110 5296 rum
2140 5241 2197 5294 in
2225 5240 2467 5294 Ecclesia
2494 5239 2766 5293 catholica
2793 5239 3145 5308 recipiantur
3175 5239 3233 5292 in
3265 5239 3432 5304 clero)
3460 5235 3682 5289 videtur

1982 5329 2310 5400 signiﬁcari,
2339 5345 2470 5382 eum
2519 5328 2643 5382 loco
2682 5327 2944 5381 habitum
2986 5323 3410 5380 constitutionis
3447 5322 3681 5376 deﬁnito

1981 5420 2050 5474 ab
2082 5417 2322 5473 Ecclesia
2351 5417 2614 5472 Africana
2637 5417 2817 5478 factae,
2848 5431 3034 5485 neque
3063 5411 3370 5483 pendentis
3401 5425 3465 5464 ex
3498 5415 3682 5464 trans-

1981 5505 2332 5560 marinarum
2374 5504 2750 5560 Ecclesiarum
2779 5518 3073 5558 consensu.

2058 5597 2109 5646 3.
2144 5593 2500 5663 Augustinus
2545 5591 2768 5648 circiter
2796 5605 3012 5645 annum
3055 5585 3680 5658 quadringentesimum
