4062 6360
381 298 478 349 363
1616 293 1778 347 VITA
1817 295 1870 347 S.
1913 293 2284 347 AUGUSTINI
2333 294 2665 349 EPISCOPI.
3779 299 3880 348 ﬁtni-

375 423 591 471 sextum
636 421 830 470 contra
877 416 1243 470 Cresconium
1290 417 1560 482 scribens,
1591 416 1900 486 superioris
1938 418 2070 470 arti-

372 506 485 560 culi
514 505 982 560 constitutionem
1023 509 1158 558 tunc
1190 505 1466 576 temporis
1513 505 1802 558 observari
1845 505 2071 559 solitam

371 595 649 661 declarat;
677 611 780 648 nec
809 611 924 648 non
959 594 1254 664 episcopos
1285 598 1635 665 caterosque
1661 593 1951 647 inferioris
1982 611 2072 647 or-

369 684 519 737 dinis
567 684 822 750 clericos,
857 683 955 753 qui
1002 699 1061 737 se
1118 685 1186 736 ad
1235 683 1535 738 Ecclesiam
1581 681 1948 753 recipiebant,
1981 683 2069 736 vel

369 772 685 825 exercuisse
717 771 951 841 propria
981 771 1317 837 ministeria,
1353 773 1438 825 vel
1471 771 1540 825 ab
1593 771 1661 824 iis
1707 771 2064 837 abstinuisse,

368 865 541 928 prout
562 860 820 913 Ecclesia
842 859 964 930 paci
980 877 1041 912 ac
1063 860 1232 914 saluti
1256 861 1622 930 populorum,
1639 875 1883 930 quorum
1903 875 2070 912 causa

367 947 456 999 lia
487 947 791 1017 dignitates
835 963 900 1000 ac
931 946 1251 1000 ministeria
1279 947 1592 1001 constituta
1621 952 1772 1014 sunt,
1800 946 2067 1017 expedire

359 1033 724 1101 judicabatur
772 1036 989 1101 (Contra
1042 1036 1400 1101 Cresconium,
1438 1036 1530 1089 lib.
1566 1038 1628 1104 2,
1669 1051 1714 1088 c.
1755 1038 1835 1098 11,
1868 1051 1924 1087 n.
1961 1033 2062 1102 13).

369 1123 548 1186 Quam
587 1123 946 1192 disciplinam
993 1123 1258 1177 adversus
1298 1124 1638 1191 Donatistas,
1669 1139 1702 1176 a
1741 1122 1946 1192 quibus
1975 1138 2067 1174 re-

365 1211 848 1280 prehendebatur,
882 1210 1002 1282 ipse
1034 1212 1289 1266 defendit
1319 1213 1502 1281 (lbid.,
1534 1228 1579 1266 ο.
1615 1213 1698 1276 10,
1729 1227 1766 1264 n
1825 1211 1929 1281 12).
1967 1213 2067 1264 Po-

367 1304 485 1353 stea
515 1315 644 1353 cum
676 1300 964 1353 Bonifacio
997 1301 1190 1354 comiti
1221 1301 1508 1366 scriberet,
1541 1300 1775 1370 perinde
1805 1316 1924 1352 esse
1963 1299 2063 1366 ait,

367 1405 429 1442 ac
453 1387 501 1440 si
517 1394 707 1441 cortex
739 1389 956 1442 arboris
987 1390 1059 1443 ad
1081 1390 1448 1444 inserendum
1473 1391 1763 1443 surculum
1782 1388 2065 1442 incidatur

369 1477 567 1546 (Epist.
614 1480 730 1543 185,
755 1494 801 1532 c.
832 1480 914 1540 10,
946 1493 1003 1533 π.
1030 1478 1146 1548 44).
1175 1479 1334 1532 Certe
1366 1478 1597 1549 quidem
1619 1478 1925 1532 Donatista
1949 1477 2064 1548 epi-

365 1565 522 1634 scopi
549 1565 610 1618 in
641 1565 778 1618 locis
808 1566 1076 1637 episcopo
1102 1567 1376 1621 catholico
1403 1566 1686 1621 destitutis
1713 1583 1841 1619 suas
1869 1567 2063 1636 plebes

363 1669 492 1706 cum
514 1669 604 1706 eas
625 1654 694 1707 ad
721 1655 1020 1708 Ecclesiam
1044 1656 1401 1720 reducerent,
1422 1656 1821 1726 gubernandas
1842 1655 2061 1709 obtine-

360 1741 499 1795 bant
533 1742 736 1809 (Codice
765 1743 966 1798 Canou.
997 1745 1197 1809 Afric.,
1236 1761 1352 1799 can.
1404 1746 1489 1814 99)
1528 1745 1596 1799 ad
1626 1761 1840 1798 annum
1881 1761 2060 1814 usque

362 1830 949 1900 quadringetesimum
977 1832 1306 1901 septimum.
1330 1833 1468 1887 Hinc
1489 1834 1854 1903 reperiuntur
1873 1833 1933 1886 in
1955 1834 2062 1886 col-

359 1919 568 1971 latione
590 1919 1019 1988 Carthaginensi
1040 1921 1300 1974 catholici
1321 1922 1602 1975 antistites
1627 1938 1739 1976 non
1755 1921 1941 1992 pauci,
1959 1921 2058 1992 qui

358 2008 519 2076 prius
552 2008 753 2061 Donati
784 2014 970 2078 partes
1003 2009 1197 2064 sectati
1229 2015 1411 2063 erant.
1445 2010 1595 2074 Quin
1623 2011 1794 2064 etiam
1821 2011 2060 2064 nonnul-

359 2095 425 2148 lis
453 2095 552 2166 qui
582 2097 1092 2166 rebaptizaverant,
1126 2114 1228 2152 sua
1259 2099 1590 2153 servabatur
1620 2099 1866 2169 dignitas
1889 2101 2055 2169 (Cont.

360 2185 716 2253 Cresconium,
747 2185 838 2239 lib.
871 2188 926 2243 2.
961 2203 1006 2240 c.
1058 2190 1141 2253 16,
1183 2203 1240 2240 η.
1290 2190 1391 2255 10).
1430 2189 1680 2257 Rogatus
1728 2205 1759 2241 a
1808 2188 2057 2258 quodam

357 2273 654 2328 Theodoro
685 2274 1058 2343 Augustinus,
1087 2291 1200 2344 quo
1232 2281 1418 2346 pacto,
1451 2277 1496 2329 si
1525 2277 1624 2346 qui
1655 2294 1722 2330 ex
1751 2277 2058 2331 Donatistis

358 2361 549 2414 clerici
595 2361 885 2416 schismati
916 2364 1184 2417 nuntium
1213 2365 1503 2418 remittere
1533 2367 1764 2432 vellent,
1797 2366 1922 2419 illos
1969 2383 2056 2419 es-

356 2455 444 2504 set
489 2455 822 2519 recepturus
869 2450 949 2517 (id
1003 2451 1157 2504 enim
1205 2452 1444 2506 arbitrio
1488 2453 1764 2523 cujusque
1807 2450 2057 2521 episcopi

357 2539 694 2610 permiserat
739 2539 1085 2609 concilium),
1142 2557 1175 2592 a
1232 2558 1289 2594 se
1343 2541 1568 2594 nullum
1628 2557 1730 2594 sua
1783 2539 2057 2610 dignitate

282 2629 290 2634 ’
357 2626 664 2696 spoliatum
696 2627 766 2680 iri
793 2627 917 2680 viva
946 2644 1080 2681 voce
1109 2628 1431 2698 respondit:
1457 2629 1612 2699 quod
1642 2628 1830 2698 ipsum
1862 2634 2060 2697 postea

355 2715 587 2785 propria
634 2731 808 2770 manu
848 2716 1035 2770 eidem
1075 2717 1425 2787 perscripsit,
1455 2733 1660 2786 rogans
1692 2717 1760 2770 de
1800 2716 1903 2769 hoc
1932 2716 2058 2770 illos

355 2805 622 2858 certiores
648 2804 888 2870 faceret;
913 2810 970 2859 et
991 2821 1154 2859 suam
1181 2822 1412 2876 quoque
1438 2805 1763 2875 epistolam,
1788 2805 1835 2858 si
1855 2805 1934 2858 ita
1949 2806 2058 2859 vel-

355 2894 493 2955 lent,
529 2893 689 2964 quasi
720 2894 853 2947 ﬁdei
881 2893 1134 2947 obsidem
1168 2893 1516 2964 relinqueret
1547 2895 1746 2963 (Epist.
1779 2897 1866 2960 01,
1891 2911 1944 2948 η.
1987 2896 2052 2963 1).

352 2982 685 3035 Theodorus
733 2982 846 3048 ille,
903 2998 1074 3052 quem
1130 2982 1366 3035 fratrem
1415 2981 1641 3048 vocitat,
1684 2981 1767 3035 vir
1814 2988 1956 3048 erat,
2001 2987 2060 3037 ut

353 3072 582 3142 quidem
633 3072 902 3125 credibile
941 3077 1044 3130 est,
1076 3087 1194 3125 non
1236 3072 1538 3126 mediocris
1584 3072 1840 3142 Hippone
1870 3079 2060 3126 aucto-

351 3159 554 3226 ritatis,
589 3176 702 3230 quo
747 3160 818 3213 ad
859 3161 1216 3213 tractandum
1257 3175 1388 3214 cum
1438 3160 1641 3212 Donati
1687 3159 2058 3212 sectatoribus

353 3247 638 3300 utebatur.
691 3247 914 3300 Etenim
954 3247 1236 3301 Theodori
1277 3251 1332 3300 et
1375 3247 1622 3312 Maximi,
1661 3262 1801 3316 quos
1847 3247 2060 3300 charis-

359 3335 533 3388 simos
565 3340 622 3388 et
646 3335 1012 3388 honorabiles
1038 3335 1184 3388 ﬁlios
1211 3336 1460 3405 appellat
1486 3337 1680 3404 (Epist.
1711 3337 1830 3400 107,
1857 3338 1975 3400 108,
2000 3351 2053 3388 η.

362 3423 433 3494 1),
455 3422 773 3476 ministerio
801 3423 1100 3492 epistolam
1119 3423 1372 3492 primum
1393 3423 1458 3476 ad
1483 3421 1829 3476 Macrobium
1854 3422 2060 3490 [lippo-

357 3528 594 3566 nensem
625 3512 1046 3566 Donatistarum
1078 3511 1408 3583 episcopum
1436 3511 1664 3580 jcuravit
1693 3510 2056 3565 deferendam

357 3600 558 3668 (Epist.
597 3599 736 3669 106).
774 3600 884 3652 Nec
927 3603 1010 3652 est
1057 3615 1158 3653 cur
1199 3599 1387 3653 fratris
1434 3615 1667 3661 nomen,
1714 3615 1826 3670 quo
1871 3599 1940 3652 ab
1988 3614 2054 3651 eo

357 3688 666 3743 Macrobius
695 3690 1093 3759 compellatur,
1125 3705 1474 3760 quemquam
1505 3693 1747 3753 moveat,
1781 3705 1909 3742 cum
1949 3688 2056 3742 hoc

356 3777 519 3830 titulo
550 3777 721 3831 laicos
745 3779 918 3831 etiam
948 3777 1234 3832 honorare
1266 3794 1687 3850 nonnunquam
1713 3779 1921 3831 soleret
1939 3779 2054 3830 Au-

354 3866 634 3936 gustinus.
672 3867 722 3920 Is
763 3866 1017 3937 quidem,
1064 3872 1125 3922 ut
1170 3868 1478 3922 secundum
1526 3867 1776 3938 pollicita
1823 3866 2053 3932 faceret,

354 3955 497 4010 duos
544 3955 899 4010 Proculeiani
945 3956 1214 4010 diaconos
1258 3956 1491 4009 admisit
1523 3957 1724 4024 (Epist.
1765 3958 1935 4018 78,11.
1979 3953 2049 4022 8).

354 4043 441 4096 Illi
471 4047 664 4113 postea
696 4043 754 4096 in
785 4043 1012 4112 culpam
1052 4044 1301 4114 aliquam
1334 4043 1497 4112 lapsi,
1528 4044 1741 4112 populo
1786 4043 1844 4096 in
1889 4058 2055 4095 causa

351 4130 602 4198 fuerunt,
638 4147 737 4184 cur
766 4135 823 4183 et
848 4131 1207 4184 Proculeiani
1238 4131 1509 4200 regimini
1539 4131 1857 4196 insultarat,
1892 4147 1953 4184 ac
1981 4130 2052 4182 ob

349 4218 653 4287 Augustini
696 4218 960 4271 virtutem
1005 4217 1251 4287 gestiens
1298 4217 1581 4270 dictitaret
1621 4234 1650 4270 e
1691 4217 1906 4270 clericis
1953 4217 2053 4287 qui

353 4306 458 4359 sub
488 4306 610 4375 ejus
635 4304 936 4374 disciplina
964 4305 1202 4358 fuissent
1230 4305 1545 4372 informati,
1570 4305 1859 4358 neminem
1885 4304 1946 4358 in
1975 4309 2052 4357 ta-

351 4395 425 4447 lia
453 4398 685 4463 peccata
705 4392 985 4446 decidere.
1011 4393 1074 4446 Id
1104 4396 1295 4446 autem
1327 4394 1446 4463 ipse
1475 4393 1828 4462 Augustinus
1860 4393 2052 4448 minus

350 4483 652 4552 probabat,
683 4497 746 4533 ac
773 4496 959 4551 neque
998 4480 1260 4534 homines
1296 4481 1365 4535 de
1410 4482 1532 4552 ipso
1578 4480 1833 4551 gloriari,
1866 4497 2049 4552 neque

349 4570 648 4633 haereticis,
665 4573 875 4640 prater
891 4585 1051 4623 suam
1080 4569 1364 4635 haeresim,
1381 4570 1694 4641 quidquam
1718 4571 2050 4640 exprobrari

348 4658 590 4711 volebat.
626 4659 779 4712 Inter
805 4657 1200 4728 explicandum
1227 4658 1509 4728 psalmum
1542 4657 1900 4729 trigesimum
1926 4676 2048 4714 sex-

349 4751 472 4800 tum
498 4747 696 4817 populi
726 4746 987 4817 precibus
1017 4747 1381 4801 commendat
1418 4747 1829 4803 subdiaconum
1863 4750 2046 4804 Dona-

349 4834 538 4887 tistam
569 4835 636 4888 de
668 4835 827 4904 cujus
856 4835 926 4889 ad
952 4834 1208 4889 Ecclesia
1236 4835 1701 4890 communionem
1730 4837 1919 4891 reditu
1948 4838 2046 4891 la-

347 4923 454 4976 tari
477 4938 534 4976 se
563 4923 864 4993 proﬁtetur
883 4925 1099 4992 (Enarr.
1127 4925 1185 4976 in
1211 4925 1355 4978 Psal.
1387 4940 1572 4990 xxxvr,
1590 4939 1749 4978 serm.
1776 4941 1831 4977 η.
1852 4926 1904 4990 2,
1935 4923 2042 4994 11).

347 5013 520 5065 Porro
571 5010 670 5082 qui
716 5011 785 5065 ab
828 5010 1045 5065 unitate
1093 5012 1164 5065 ad
1207 5013 1409 5066 Donati
1450 5018 1670 5082 partem
1698 5012 2043 5080 deﬁcientes,

344 5101 555 5155 iterum
597 5098 742 5168 tingi
784 5098 1068 5168 Baptismo
1101 5099 1418 5166 voluerant,
1453 5101 1696 5154 Ecclesia
1739 5101 1801 5154 in
1830 5101 1917 5155 his
1956 5118 2045 5156 re-

345 5187 622 5257 cipiendis
652 5187 804 5241 haud
842 5202 1004 5256 aque
1035 5187 1257 5241 facilem
1289 5205 1347 5242 se
1385 5188 1694 5258 praebebat,
1726 5204 1789 5242 ac
1831 5189 1890 5242 in
1921 5189 2045 5244 aliis

345 5276 444 5347 qui
473 5293 502 5329 a
527 5275 774 5346 pueritia
800 5274 1102 5328 schismate
1131 5275 1359 5329 fuerant
1383 5275 1660 5345 implicati
1691 5278 1906 5334 (Contra
1927 5279 2046 5333 Crc-

343 5367 600 5432 sconium,
621 5365 714 5420 lib.
741 5368 794 5424 2,
823 5379 874 5417 c.
906 5366 987 5428 16,
1013 5379 1067 5417 η.
1093 5365 1194 5432 19).
1220 5364 1463 5418 Amabat
1483 5369 1755 5435 utrosque
1778 5366 2040 5435 Ecclesia,

343 5453 535 5523 eisque
584 5452 852 5508 sanandis
901 5451 1175 5507 charitate
1220 5452 1390 5522 plane
1440 5458 1697 5508 materna
1741 5455 2038 5510 serviebat.

344 5541 550 5595 Verum
581 5543 685 5596 etsi
712 5547 942 5597 neutros
990 5541 1298 5612 recipiebat
1325 5543 1446 5596 sine
1476 5542 1828 5614 poenitentia,
1856 5543 1916 5599 in
1945 5561 2040 5600 eos

2183 422 2373 471 tamen
2403 433 2546 487 quos
2563 417 2822 470 nondum
2847 417 2908 469 in
2928 415 3061 469 ﬁliis
3093 423 3508 480 numeraverat,
3535 420 3770 489 paulum
3792 421 3878 472 iu-

2181 505 2529 575 dulgentior,
2565 505 2692 558 aliis
2737 504 2835 576 qui
2877 505 3302 575 transfugerant
3346 506 3418 559 ab
3465 507 3588 576 ejus
3635 507 3877 571 unitate,

2181 611 2376 664 poenas
2423 593 2709 648 indicebat
2757 594 2936 647 multo
2981 593 3267 663 graviores
3313 594 3514 662 (Epist.
3558 597 3646 660 93,
3677 611 3731 649 η.
3768 595 3880 664 53).

2182 682 2322 734 Nam
2351 682 2420 734 ab
2452 681 2838 735 ecclesiasticis
2878 681 3188 735 honoribus
3231 682 3577 752 posteriores
3614 683 3754 736 istos
3785 700 3881 737 ex-

2180 769 2462 832 eludebat,
2496 769 2732 839 perinde
2779 785 2841 823 ac
2884 769 2984 840 qui
3031 771 3206 823 semel
3253 758 3512 823 abdicato
3553 771 3880 836 schismate,

2178 871 2375 909 rursus
2425 857 2492 909 ad
2535 856 2812 910 vomitum
2852 855 3083 922 reversi,
3116 857 3187 910 ab
3233 857 3476 911 Ecclesia
3517 858 3881 924 defecissent,

2178 943 2292 996 sive
2324 943 2384 996 hi
2414 948 2634 998 tantum
2665 960 2694 998 e
2741 943 2908 1014 plebe
2939 943 3183 998 fuissent
3211 946 3360 1013 apud
3391 946 3731 1013 Donatistas,
3765 947 3882 1001 sive

2177 1030 2237 1083 in
2265 1048 2461 1085 eorum
2492 1033 2640 1086 clero
2674 1033 2860 1086 locum
2892 1033 3304 1087 obtinuissent:
3340 1050 3402 1087 ac
3430 1034 3476 1086 si
3509 1034 3634 1105 quis
3665 1035 3882 1104 episco-

2176 1136 2380 1190 porum
2411 1121 2538 1174 illos
2567 1126 2664 1175 aut
2702 1121 2770 1174 ab
2816 1121 3206 1175 ecclesiasticis
3235 1121 3608 1192 dignitatibus
3640 1139 3755 1176 non
3796 1139 3880 1176 re-

2176 1207 2461 1273 movisset,
2508 1207 2806 1262 autetiam
2849 1209 2920 1262 ad
2951 1225 3045 1262 eas
3074 1208 3384 1263 adsciscere
3427 1209 3720 1274 voluisset,
3762 1210 3878 1263 fra-

2175 1299 2340 1349 terno
2351 1297 2480 1366 jure
2498 1297 2832 1365 culpabatur
2856 1313 2888 1350 a
2913 1295 3370 1366 diligentioribus
3389 1297 3492 1365 (De
3508 1299 3664 1352 unico
3684 1301 3876 1366 Bapti-

2174 1398 2303 1450 smo,
2325 1399 2368 1437 c.
2409 1387 2492 1450 12,
2509 1400 2565 1438 n.
2585 1387 2701 1452 20).
2728 1388 2802 1438 At
2820 1390 3015 1438 contra
3035 1384 3325 1454 displicuit
3347 1385 3509 1438 valde
3533 1389 3874 1456 Augustino,

2175 1487 2238 1525 ac
2258 1489 2376 1542 pra
2397 1473 2592 1527 dolore
2609 1478 2756 1527 torta
2775 1478 2908 1526 sunt
2927 1473 3139 1527 viscera
3159 1476 3300 1545 ejus,
3320 1474 3418 1528 ubi
3438 1474 3653 1528 audivit
3674 1491 3876 1546 quem-

2177 1561 2305 1614 dam
2335 1577 2369 1614 a
2400 1561 2702 1615 Donatistis
2734 1562 3087 1628 redeuntem,
3119 1566 3174 1616 et
3217 1569 3512 1632 peccatum
3551 1563 3880 1634 rebaptiza-

2171 1649 2346 1702 tionis
2390 1650 2776 1717 conﬁtentem,
2805 1651 2875 1704 ab
2927 1651 3183 1704 Ecclesia
3231 1651 3389 1704 aditu
3429 1667 3491 1704 ac
3537 1652 3878 1722 panitentia

2172 1736 2346 1790 fuisse
2376 1754 2440 1792 ea
2476 1738 2661 1808 specie
2678 1739 3052 1808 prohibitum,
3083 1739 3233 1810 quod
3259 1739 3432 1810 recipi
3452 1739 3597 1794 forte
3622 1758 3737 1794 non
3763 1741 3875 1794 nisi

2172 1825 2366 1895 legum
2396 1833 2553 1880 metu
2582 1829 2938 1896 postulasset.
2970 1831 3128 1895 Puta,
3159 1828 3365 1899 inquit,
3399 1831 3530 1897 quia
3558 1835 3771 1883 coactus
3798 1834 3878 1884 est

2171 1929 2281 1968 esse
2328 1917 2638 1981 catholicus,
2686 1918 2787 1969 erit
2829 1918 3113 1986 panitens.
3148 1917 3277 1982 Quis
3324 1919 3479 1972 illum
3519 1921 3656 1986 cogit
3691 1924 3876 1988 petere

2170 2004 2623 2058 reconciliationis
2651 2006 2840 2070 locum,
2873 2006 2984 2059 nisi
3010 2007 3257 2060 voluntas
3277 2009 3507 2075 propria
3525 2009 3552 2060 ?
3574 2007 3730 2062 Modo
3751 2022 3879 2073 ergo

2171 2091 2522 2146 admittam-us
2553 2093 2945 2163 inﬁrmitatem,
2963 2099 3023 2147 ut
3035 2100 3223 2163 postea
3237 2095 3522 2163 probemus
3543 2097 3876 2150 voluntatem

2172 2181 2359 2249 (Serm.
2402 2185 2526 2247 296,
2559 2197 2602 2235 ο.
2645 2186 2726 2248 11,
2759 2199 2813 2236 n.
2851 2186 2950 2250 12).
2984 2183 3322 2254 Quanquam
3351 2188 3542 2238 autem
3573 2189 3735 2238 erant
3768 2186 3875 2237 Do-

2170 2269 2507 2324 natistarum
2549 2271 2756 2340 clerici,
2793 2271 3000 2342 quibus
3030 2288 3336 2327 munerum
3375 2289 3614 2327 suorum
3646 2290 3747 2326 usu
3780 2273 3869 2326 in-

2171 2357 2575 2425 terdicebatur,
2625 2364 2877 2413 attamen
2929 2361 3136 2431 quibus
3185 2361 3284 2415 illa
3327 2362 3578 2416 obeundi
3622 2367 3873 2432 potestas

2169 2445 2364 2514 ﬁebat,
2400 2463 2516 2500 non
2547 2448 2626 2500 eis
2659 2464 2850 2502 coram
2881 2450 3046 2519 plebe
3077 2465 3281 2504 manus
3303 2450 3763 2521 imponebantur,
3798 2467 3871 2504 ne

2170 2532 2318 2587 istud
2349 2534 2408 2588 in
2439 2537 2847 2590 contumeliam
2874 2553 3046 2591 sacra
3085 2539 3479 2608 ordinationis,
3518 2556 3646 2611 qua
3692 2540 3873 2594 deleri

2167 2619 2226 2674 in
2259 2622 2398 2692 ipsis
2433 2639 2730 2694 nunquam
2772 2630 3015 2694 poterat,
3047 2632 3383 2683 verteretur.
3420 2629 3478 2682 Si
3517 2629 3745 2700 quando
3781 2635 3869 2682 ta-

2168 2726 2301 2764 men
2332 2711 2667 2782 ignoranter
2695 2714 2886 2782 fiebat,
2921 2721 2988 2770 ut
3029 2733 3132 2770 nec
3171 2718 3428 2772 animose
3469 2719 3874 2773 defenderetur

2169 2799 2401 2867 factum,
2435 2801 2530 2855 sed
2567 2801 2660 2872 pie
2706 2803 3086 2874 corrigeretur
3126 2807 3443 2877 cognitum,
3484 2807 3649 2861 venia
3691 2807 3872 2862 facilis

2169 2888 2583 2958 impetrabatur
2613 2892 2828 2960 (Contra
2853 2896 3028 2962 Epist.
3048 2897 3419 2965 Par-meniani,
3451 2896 3612 2962 lib.2,
3634 2912 3754 2966 cap.
3783 2900 3869 2962 13,

2169 2993 2223 3030 η.
2261 2981 2369 3044 28),
2402 2983 2570 3048 atque
2603 2980 2754 3034 idem
2786 2987 3062 3036 statutum
3109 2983 3169 3037 iu
3201 2985 3561 3056 presbyteros
3587 3002 3650 3039 ac
3680 2986 3870 3040 diaco-

2169 3081 2271 3119 nos
2301 3082 2500 3120 omnes
2533 3068 2848 3137 obtinebat,
2871 3087 3014 3142 quos
3041 3078 3369 3144 perpetrata
3395 3074 3637 3129 crimina
3665 3074 3875 3144 dignos

2170 3154 2270 3224 qui
2317 3156 2385 3209 de
2434 3157 2616 3227 gradu
2664 3175 2766 3212 suo
2820 3160 3222 3230 dejicerentur,
3255 3162 3576 3217 effecerant.
3610 3165 3876 3218 Testatur

2170 3258 2304 3296 sane
2334 3243 2533 3298 beatus
2565 3245 2804 3315 Optatos
2832 3251 3093 3302 sanctum
3119 3249 3366 3304 chrisma
3391 3251 3450 3305 in
3489 3251 3558 3304 iis
3587 3251 3687 3322 qui
3717 3254 3870 3322 apud

2173 3331 2486 3385 Donatistas
2516 3333 2614 3386 illo
2643 3333 2874 3406 (inuncti
2920 3337 3177 3405 fuissent,
3219 3339 3290 3393 ab
3323 3339 3570 3393 Ecclesia
3597 3341 3876 3393 catholica

2168 3420 2574 3476 intemeratum
2633 3429 2803 3495 atque
2859 3425 3256 3497 incorruptum
3327 3427 3540 3482 servari
3589 3428 3870 3498 (Optatus,

2169 3509 2262 3563 lib.
2305 3511 2376 3578 7).
2412 3511 2530 3563 Imo
2560 3511 2659 3582 qui
2690 3512 2750 3565 in
2794 3514 2994 3568 eadem
3024 3515 3272 3570 factione
3300 3515 3580 3570 honorem
3620 3521 3871 3570 tantum-

2167 3598 2338 3651 modo
2385 3599 2722 3669 presbyterii
2761 3609 3074 3670 gesserant,
3122 3620 3540 3676 nonnunquam
3587 3605 3870 3674 provehe-

2165 3687 2376 3740 bantur
2404 3687 2475 3740 ad
2505 3688 2892 3758 episcopatum
2915 3706 2927 3743 :
2955 3691 3275 3761 cujusmodi
3305 3695 3628 3764 complures
3659 3693 3718 3747 in
3741 3695 3872 3750 Col-

2166 3773 2376 3827 latione
2407 3775 2855 3830 animadvertere
2887 3779 3034 3834 licet.
3071 3780 3136 3832 In
3166 3779 3253 3833 his
3277 3781 3626 3836 clarissimus
3652 3787 3736 3836 est
3765 3783 3869 3836 Sa—

2165 3861 2354 3931 binus,
2378 3861 2478 3932 qui
2501 3878 2629 3916 cum
2652 3865 2847 3918 Tucca
2868 3865 2926 3919 in
2949 3865 3178 3920 dioecesi
3204 3867 3524 3923 Milevitana
3546 3871 3871 3942 presbyteri

2167 3967 2374 4004 munus
2403 3951 2607 4018 obiret,
2626 3953 2781 4022 plebi
2804 3971 2920 4009 sua
2951 3955 3020 4010 ad
3052 3956 3355 4010 Ecclesiam
3381 3957 3866 4031 adducta,ipsum

2166 4037 2282 4092 da.i
2349 4039 2458 4092 sibi
2509 4039 2845 4110 episcopum
2909 4044 3216 4112 expetenti,
3273 4061 3404 4098 cum
3470 4061 3538 4100 ea
3590 4047 3869 4117 dignitate

2164 4127 2464 4197 praefectus
2505 4133 2590 4182 est
2635 4129 2845 4200 (Collat.
2882 4131 3139 4199 Carthag.
3180 4137 3227 4200 1,
3257 4149 3383 4202 cap.
3427 4136 3570 4203 130).
3602 4135 3760 4199 Quod
3793 4137 3868 4190 ad

2164 4216 2334 4269 laicos
2359 4217 2580 4279 attinet,
2605 4219 2704 4288 qui
2736 4219 3006 4289 baptizati
3029 4239 3061 4274 a
3091 4223 3400 4276 Donatistis
3426 4223 3650 4278 fuerant
3682 4225 3870 4280 infan-

2162 4304 2301 4358 tiam
2346 4306 2602 4359 nondum
2650 4308 2883 4378 egressi,
2915 4325 3246 4364 concessum
3290 4313 3596 4383 aliquando
3626 4320 3763 4376 erat,
3801 4321 3869 4369 ut

2163 4392 2243 4445 eis
2289 4393 2483 4447 liceret
2529 4395 2700 4448 sacris
2748 4397 3042 4452 ordinibus
3081 4399 3297 4454 initiari
3337 4402 3552 4470 (Codice
3589 4404 3866 4458 Canonum

2159 4483 2365 4548 Afric.,
2398 4498 2514 4537 can.
2547 4483 2632 4553 57)
2669 4500 2681 4537 :
2715 4483 2774 4538 id
2805 4491 2997 4540 autem
3027 4504 3158 4542 cum
3187 4491 3416 4544 nonnisi
3443 4497 3681 4561 propter
3710 4509 3866 4547 sum-

2161 4585 2314 4623 mam
2342 4570 2680 4624 clericorum
2701 4574 3002 4643 penuriam
3030 4581 3305 4632 statutum
3329 4578 3546 4646 fuisset,
3566 4582 3864 4636 consultus

2160 4658 2464 4728 aliquando
2517 4675 2550 4713 a
2597 4662 2854 4717 Possidio
2883 4665 3237 4734 Augustinus
3279 4683 3418 4722 num
3457 4670 3767 4739 quemdam
3798 4671 3864 4724 in

2162 4746 2363 4799 Donati
2392 4748 2651 4816 partibus
2679 4750 3030 4821 baptizatum
3070 4754 3379 4820 ordinaret,
3427 4757 3478 4810 ei
3517 4757 3864 4828 signiﬁcavit

2158 4835 2218 4888 id
2248 4851 2304 4888 se
2335 4851 2519 4906 neque
2549 4841 2862 4907 consulere,
2897 4858 3101 4910 neque,
3137 4843 3183 4896 si
3230 4844 3462 4916 quidem
3501 4853 3726 4918 cogeret
3755 4864 3860 4902 ne-

2159 4924 2405 4991 cessitas,
2451 4927 2834 4982 condemnare
2871 4931 3070 4999 (Epist.
3104 4934 3228 5000 245,
3257 4949 3312 4987 n.
3345 4937 3419 5004 2).
3457 4939 3533 4990 De
3571 4937 3683 4989 illis
3718 4953 3857 5006 por-

2159 5029 2243 5080 ro,
2271 5013 2372 5084 qui
2415 5030 2448 5067 a
2477 5015 2847 5071 scl'iismaticis
2883 5020 2952 5072 ob
2993 5020 3298 5075 admissam
3328 5023 3552 5094 culpam
3591 5026 3768 5096 gradu
3801 5031 3862 5081 et

2157 5101 2354 5156 ordine
2384 5105 2522 5157 moti
2563 5104 2822 5172 fuissent,
2851 5107 3231 5175 proﬁtebatur
3259 5111 3328 5164 ab
3367 5112 3599 5167 ineunte
3637 5115 3858 5185 episco-

2156 5194 2294 5260 patu
2337 5207 2440 5244 suo
2487 5193 2854 5262 Augustinus,
2888 5211 2947 5248 sc
2986 5195 3138 5251 hunc
3177 5215 3399 5254 servare
3432 5202 3684 5268 modum,
3717 5208 3782 5257 ut
3810 5205 3861 5257 si

2156 5279 2225 5332 ad
2259 5280 2595 5334 catholicam
2628 5282 2928 5336 Ecclesiam
2965 5287 3206 5340 transire
3243 5296 3532 5361 cuperent,
3567 5292 3626 5345 in
3656 5308 3722 5346 ea
3748 5292 3863 5346 hu-

2155 5367 2469 5422 miliatione
2498 5370 2845 5439 panitentia
2875 5374 3284 5444 reciperentur,
3318 5379 3409 5432 cui
3438 5380 3566 5433 illos
3603 5380 3859 5436 fortassis

2155 5456 2464 5510 Donatista
2493 5457 2602 5528 ipsi
2629 5465 2868 5530 propter
2893 5461 3252 5534 disciplinam
3277 5467 3669 5538 subjecissent,
3697 5469 3744 5523 si
3770 5487 3858 5524 re-

2153 5545 2458 5600 tinuissent
2477 5563 2680 5602 eorum
2701 5549 3062 5608 societatem:
3090 5559 3245 5609 ratus
3267 5555 3527 5612 videlicet
3556 5574 3854 5628 nunquam
