4062 6362
198 325 309 374 305

196 443 513 500 ferendum
550 461 694 511 esse,
727 449 792 501 ut
818 446 1125 518 quisquam
1149 447 1385 519 impune
1419 449 1481 503 in
1525 450 1697 505 aliam
1728 452 1912 507 Eccle-

194 533 353 588 siam
405 551 468 589 ex
514 534 625 589 alia
653 534 1015 606 commigret,
1048 536 1364 607 disciplinae
1407 539 1766 595 severitatem
1792 541 1911 596 elu-

195 636 380 673 surus
409 620 612 690 (Epist.
647 625 734 688 35,
758 637 813 676 n.
854 625 929 692 3).
981 625 1028 677 A
1061 639 1196 677 vero
1249 625 1585 697 neutiquam
1623 628 1910 696 abhorret,

192 708 385 762 talem
415 708 583 763 fuisse
615 725 748 763 eum
778 709 849 764 de
877 726 990 781 quo
1021 710 1080 765 in
1094 712 1383 767 Psalmum
1404 714 1762 785 trigesimum
1789 732 1910 771 sex-

193 798 330 850 tum
364 796 554 851 verbis
584 797 655 851 ad
684 799 1101 867 permovendos
1128 799 1356 870 pietatis
1384 817 1581 857 sensus
1603 803 1912 860 admodum

195 885 489 956 appositis
518 886 799 958 loquitur.
841 888 1093 956 Quidam,
1137 888 1216 943 ait
1252 890 1363 955 ille,
1403 906 1470 944 ea:
1506 897 1672 961 parte
1716 896 1915 948 Donati

198 979 429 1027 venerat
459 974 534 1027 ad
560 990 677 1040 nos,
710 981 997 1031 accusatus
1018 982 1068 1031 et
1094 980 1584 1034 excommunicatus
1612 998 1645 1034 a
1670 984 1804 1047 suis,
1829 983 1913 1037 hic

195 1077 451 1129 quaerens
478 1063 623 1133 quod
658 1064 739 1117 ibi
753 1064 1095 1134 perdiderat.
1118 1066 1224 1123 Sed
1270 1070 1402 1136 quia
1431 1071 1637 1138 suscipi
1671 1085 1777 1125 non
1813 1086 1911 1141 po-

196 1153 334 1217 tuit,
371 1153 485 1206 nisi
521 1168 578 1206 eo
618 1153 726 1206 loco
760 1168 863 1222 quo
901 1154 1117 1216 debuit;
1147 1170 1255 1210 non
1301 1158 1443 1210 enim
1482 1156 1719 1212 deseruit
1759 1158 1913 1211 illam

191 1245 422 1307 partem
461 1243 624 1310 quasi
645 1244 853 1310 integer
877 1244 1028 1312 apud
1054 1246 1221 1314 ipsos,
1252 1249 1313 1300 ut
1341 1251 1628 1315 appareret
1653 1261 1771 1301 eum
1806 1261 1913 1301 non

194 1332 548 1396 necessitate,
582 1330 677 1385 sed
714 1331 962 1386 electione
1005 1334 1222 1399 fecisse:
1250 1335 1384 1403 quia
1429 1334 1509 1388 ibi
1542 1350 1665 1401 ergo
1720 1335 1914 1389 habere

191 1433 307 1472 non
324 1421 511 1488 potuit
540 1418 685 1487 quod
716 1420 1007 1488 quaerebat,
1057 1421 1331 1490 Quaerebat
1364 1425 1542 1476 autem
1578 1438 1777 1476 vanam
1801 1424 1910 1476 ela-

201 1508 409 1560 tionem
437 1512 489 1561 et
514 1509 720 1574 falsum
750 1508 997 1562 honorem
1023 1508 1256 1579 (quibus
1298 1509 1485 1563 verbis
1530 1510 1687 1564 aliud
1736 1510 1913 1581 quid-

194 1595 365 1662 dam,
397 1611 570 1666 quam
600 1596 842 1667 simplex
876 1596 1205 1651 communio
1245 1596 1598 1668 designatur)
1627 1615 1640 1663 ;
1690 1604 1741 1653 et
1778 1600 1911 1668 quia

193 1684 288 1737 hic
320 1699 432 1738 non
454 1686 658 1739 invenit
676 1684 822 1753 quod
840 1685 919 1739 ibi
942 1685 1209 1755 perdidit,
1228 1690 1279 1739 et
1305 1688 1420 1755 ipse
1443 1688 1629 1755 periit.
1664 1687 1914 1742 Gemebat

188 1773 445 1839 saucius,
473 1777 524 1827 et
549 1788 656 1827 non
683 1772 1095 1827 consolabatur:
1146 1778 1301 1828 erant
1327 1777 1466 1828 enim
1495 1777 1553 1828 in
1591 1777 1913 1830 conscientia

191 1860 316 1928 ejus
348 1861 524 1915 aculei
569 1862 852 1917 horribiles
898 1864 1071 1916 taciti.
1116 1865 1460 1917 Tentavimus
1490 1864 1757 1917 consolari
1796 1879 1913 1917 eum

190 1948 261 2001 de
288 1949 455 2004 verbo
476 1952 603 2015 Dei;
639 1951 735 2005 sed
758 1951 847 2005 ille
885 1966 991 2005 non
1019 1956 1138 2005 erat
1161 1951 1227 2005 de
1267 1953 1603 2021 sapientibus
1644 1954 1911 2021 formicis,

197 2053 326 2107 quae
355 2038 466 2092 sibi
491 2043 676 2093 zstate
717 2039 1067 2107 collegerunt,
1114 2039 1258 2093 unde
1297 2040 1466 2093 hieme
1518 2042 1725 2095 vivant.
1785 2042 1915 2097 Cum

191 2126 341 2179 enim
371 2141 457 2180 res
482 2131 608 2181 sunt
638 2128 970 2196 tranquillae,
1010 2131 1137 2181 tunc
1168 2129 1319 2182 homo
1355 2128 1464 2182 sibi
1492 2130 1738 2196 colligere
1764 2130 1915 2183 debet

192 2214 423 2269 verbum
454 2215 571 2283 Dei,
601 2218 652 2268 et
678 2214 959 2268 recondere
986 2216 1045 2269 in
1072 2216 1289 2269 intimis
1312 2216 1493 2271 cordis
1523 2219 1631 2284 sui,
1664 2217 1915 2287 quemad-

192 2301 418 2356 modum
442 2304 677 2367 formica
696 2301 976 2356 abscondit
1004 2304 1063 2355 in
1092 2305 1406 2357 cavernosis
1426 2305 1800 2372 penetralibus
1828 2306 1911 2358 la-

197 2390 353 2444 bores
380 2390 610 2444 aestatis.
639 2390 742 2443 Per
788 2393 1026 2443 zstatem
1071 2391 1213 2443 enim
1244 2394 1405 2444 vacat
1448 2391 1545 2445 hoc
1584 2407 1778 2459 agere:
1821 2408 1909 2446 ve-

194 2481 281 2531 nit
321 2483 506 2532 autem
527 2478 714 2542 hiems,
746 2476 808 2530 id
826 2482 923 2542 est,
957 2479 1266 2546 supervenit
1286 2478 1601 2544 tribulatio;
1632 2484 1682 2534 et
1710 2481 1821 2533 nisi
1840 2482 1914 2534 in-

199 2572 293 2621 tus
334 2568 603 2620 invenerit
631 2565 775 2635 quod
802 2566 946 2631 edat,
975 2580 1180 2620 necesse
1213 2570 1292 2620 est
1319 2571 1379 2621 ut
1423 2570 1569 2633 fame
1614 2568 1909 2638 dispereat.

198 2658 311 2710 lste
358 2670 487 2722 ergo
536 2654 645 2709 sibi
685 2669 791 2708 non
839 2654 1126 2723 collegerat
1165 2654 1385 2709 verbum
1432 2657 1564 2720 Dei;
1609 2659 1915 2725 supervenit

202 2744 402 2809 hiems,
447 2757 554 2797 non
592 2743 677 2797 hic
709 2744 916 2796 invenit
962 2742 1107 2811 quod
1152 2743 1460 2811 quaerebat;
1507 2746 1771 2799 consolari
1805 2747 1915 2799 nisi

192 2832 328 2886 inde
358 2846 469 2886 non
494 2835 730 2900 poterat,
757 2831 823 2885 de
849 2831 1007 2885 verbo
1034 2824 1212 2885 autem
1248 2834 1341 2887 Dei
1367 2834 1513 2886 nullo
1555 2833 1729 2887 modo.
1761 2836 1914 2888 Intus

200 2920 361 2989 apud
380 2935 435 2973 se
453 2920 595 2974 nihil
623 2919 871 2985 habebat,
906 2921 1044 2985 foris
1075 2919 1220 2988 quod
1243 2921 1515 2988 quaerebat
1539 2936 1644 2975 non
1677 2920 1913 2974 invenie-

197 3010 326 3075 bat;
362 3009 593 3063 ardebat
620 3008 1063 3076 indignationum
1092 3019 1141 3063 et
1170 3008 1413 3063 dolorum
1441 3009 1657 3073 facibus
1681 3024 1695 3075 ;
1725 3011 1913 3077 agita-

198 3095 365 3150 batur
395 3111 545 3149 mens
574 3096 692 3165 ejus
711 3096 1000 3163 violenter,
1029 3099 1079 3149 et
1101 3100 1211 3150 tam
1239 3097 1337 3149 diu
1354 3097 1550 3151 occulte
1570 3096 1730 3151 donec
1750 3099 1913 3151 etiam

196 3188 511 3254 erumperet
536 3186 595 3239 in
625 3184 886 3252 quosdam
902 3187 1152 3251 gemitus,
1177 3187 1257 3239 ita
1278 3190 1339 3239 ut
1366 3187 1506 3239 inter
1533 3187 1737 3251 fratres
1766 3200 1915 3239 sona-

204 3278 306 3337 ret,
344 3277 397 3327 et
423 3288 477 3327 se
507 3273 696 3327 audiri
722 3275 969 3327 nesciret.
1024 3273 1373 3340 Videbamus,
1405 3278 1456 3328 et
1485 3274 1791 3328 dolebamus
1817 3289 1913 3327 ve-

205 3363 501 3429 hementer,
536 3365 676 3416 Deus
706 3364 806 3416 scit
836 3366 1046 3416 tantam
1070 3378 1286 3431 pernam
1330 3364 1542 3430 animm,
1577 3367 1758 3417 tantas
1788 3378 1911 3415 cru-

203 3465 310 3515 ces,
338 3454 525 3505 tantas
560 3451 851 3518 gehennas,
887 3455 1041 3504 tanta
1088 3455 1368 3505 tormenta.
1418 3450 1563 3518 Quid
1614 3448 1863 3520 pluribus
1886 3450 1914 3505 ?

202 3539 495 3606 impatiens
528 3538 629 3591 loci
654 3538 895 3605 humilis,
926 3540 1034 3605 cui,
1061 3540 1111 3592 si
1138 3542 1368 3607 saperet,
1394 3543 1575 3607 posset
1621 3553 1731 3592 esse
1770 3539 1912 3592 locus

200 3626 470 3692 salubris,
490 3626 617 3681 talis
647 3628 931 3695 apparuit,
964 3630 1023 3679 ut
1043 3628 1206 3680 etiam
1231 3627 1584 3695 projiceretur
1612 3626 1831 3695 (Enarr.
1855 3627 1914 3678 in

202 3715 352 3769 Psal.
391 3730 576 3781 xxxvr,
608 3729 766 3769 serm.
800 3716 854 3782 2,
876 3730 931 3768 .
980 3714 1085 3785 ll).
1105 3714 1339 3769 Videtur
1366 3718 1558 3768 tamen
1584 3714 1748 3768 fateri
1791 3716 1914 3767 Au-

202 3802 497 3871 gustinus,
514 3803 842 3874 quemdam,
865 3795 1323 3867 Quodvultdeum
1344 3802 1599 3865 nomine,
1615 3818 1786 3872 quem
1807 3803 1912 3855 Do-

202 3890 439 3945 natista
471 3890 635 3962 quasi
664 3890 909 3961 duplicis
934 3890 1204 3945 adulterii
1225 3889 1548 3945 convictum
1569 3890 1911 3960 abjecerant,

206 3980 299 4033 vel
335 3979 403 4033 ad
436 3977 923 4040 communionem,
970 3978 1058 4031 vel
1096 3978 1165 4033 ad
1213 3977 1533 4032 clericalem
1574 3977 1915 4048 dignitatem

204 4071 510 4137 receptum
539 4065 712 4120 fuisse
741 4080 974 4119 :verum
1022 4064 1078 4120 id
1110 4081 1223 4119 non
1249 4064 1408 4136 prius
1451 4065 1684 4127 factum,
1740 4080 1915 4135 quam

205 4153 606 4210 innocentiam
641 4169 803 4207 suam
840 4152 1095 4223 legitime
1124 4152 1477 4223 probavisset
1501 4152 1719 4223 (Contra
1746 4155 1911 4209 Litte-

201 4261 298 4299 ras
329 4244 608 4310 Petiliani,
645 4243 745 4296 lib.
785 4245 836 4306 3,
868 4259 914 4296 c.
947 4245 1036 4311 32,
1065 4258 1125 4309 n,
1160 4245 1264 4309 37).

280 4335 337 4388 4.
374 4333 443 4387 Ut
482 4331 556 4386 ad
603 4329 1049 4401 Carthaginense
1092 4330 1394 4385 concilium
1437 4330 1754 4393 redeamus,
1798 4334 1913 4384 sta-

212 4420 356 4475 tutis
385 4419 453 4474 iis
481 4435 610 4491 quae
656 4419 728 4473 ad
758 4418 1079 4473 Donatistas
1107 4418 1487 4490 pertinebant,
1536 4419 1812 4473 nonnulla
1856 4419 1916 4475 in

216 4526 286 4563 eo
318 4508 637 4578 disciplinas
681 4523 850 4562 causa
891 4508 1119 4562 decreta
1144 4510 1295 4561 sunt.
1336 4508 1489 4561 Inter
1534 4512 1739 4562 caetera
1781 4508 1917 4580 quia

219 4614 325 4651 usu
357 4598 504 4652 forte
534 4601 829 4666 receptum
864 4600 987 4651 erat
1009 4596 1160 4666 apud
1195 4596 1379 4661 Afros,
1430 4600 1495 4649 ut
1547 4597 1769 4666 quoties
1817 4598 1914 4651 Ec-

222 4684 396 4739 clesia
428 4684 714 4754 quaspiam
756 4687 1001 4749 vacaret,
1055 4699 1117 4737 ea
1164 4687 1317 4737 certo
1363 4681 1589 4737 cuidam
1647 4683 1915 4755 episcopo

225 4772 699 4838 committeretur,
756 4772 825 4826 de
881 4770 1240 4843 temporariis
1290 4770 1619 4841 hujusmodi
1639 4771 1917 4842 episcopis

231 4861 494 4918 nonnihil
524 4865 819 4916 statutum.
853 4861 1017 4915 Tales
1043 4859 1664 4915 autemlnterventores
1693 4858 1809 4913 sive
1839 4860 1919 4914 In-

218 4956 559 5006 tercessores
599 4949 961 5004 vocitabant:
989 4950 1283 5018 exstatque
1328 4946 1477 5017 apud
1535 4947 1917 5015 Augustinum

216 5038 651 5095 Donatistarum
672 5036 1013 5104 criminatio,
1045 5053 1159 5107 qua
1173 5034 1325 5090 necis
1354 5019 1526 5088 illatae
1556 5032 1782 5088 cuidam
1819 5033 1916 5086 ln-

217 5122 559 5190 terventori,
591 5139 764 5195 quem
794 5128 915 5179 tum
946 5122 1221 5194 Majorino
1238 5121 1496 5177 nondum
1519 5122 1786 5176 adversus
1806 5120 1921 5175 Ca3-

225 5212 496 5267 cilianum
538 5210 800 5267 ordinato
829 5211 1228 5282 Carthaginem
1252 5210 1545 5270 miserant,
1576 5209 1921 5264 orthodoxos

228 5300 731 5356 calumniabantur
775 5298 973 5369 (Epist.
1023 5303 1111 5367 44,
1160 5316 1205 5355 c.
1251 5301 1306 5366 4,
1354 5315 1411 5353 n.
1467 5298 1539 5362 8).
1586 5298 1922 5368 Hujusmodi

231 5404 462 5461 quoque
491 5390 908 5443 Interventores
945 5387 1307 5454 adventitios,
1357 5390 1420 5441 ut
1465 5390 1627 5442 vocat
1652 5386 1918 5457 Augusti-

227 5493 350 5543 nus,
388 5477 476 5532 illi
507 5479 745 5533 Romam
777 5476 847 5531 ad
895 5492 1027 5529 suos
1069 5479 1373 5530 sectatores
1409 5474 1730 5541 mittebant,
1763 5479 1919 5530 ante-

219 5582 386 5635 quam
407 5565 671 5639 proprios
698 5565 811 5620 illis
840 5564 1134 5634 episcopos
1183 5563 1451 5619 ordinare
1490 5563 1793 5634 ccepissent
1825 5563 1920 5625 (De

1678 330 1890 387 LIBER
1931 331 2257 399 QUINTUS.

3615 340 3713 391 306

2026 455 2188 508 Unico
2209 455 2504 523 Baptismo,
2532 469 2578 508 c.
2611 456 2695 519 t6,
2724 454 2907 517 n.28).
2939 454 3207 508 Prohibet
3224 470 3360 525 ergo
3390 455 3713 523 concilium,

2019 558 2093 596 ne
2122 541 2249 613 quis
2269 542 2391 611 ejus
2418 542 2678 596 Ecclesiae
2700 542 2771 596 sit
2797 542 3115 613 episcOpus,
3149 558 3321 613 quam
3352 543 3510 612 prius
3540 546 3714 599 Inter-

2020 630 2270 684 ventoris
2300 629 2466 685 titulo
2486 630 2731 685 rexerit:
2764 631 2865 701 qui
2894 630 2940 684 si
2969 629 3294 702 nequiverit
3317 630 3540 685 efcere
3569 633 3718 688 intra

2020 734 2259 777 annum.
2291 723 2354 772 ut
2383 719 2583 773 electio
2624 720 2875 789 episcopi
2920 723 3312 789 perageretur,
3350 719 3513 789 jubet
3542 719 3716 774 alium

2019 806 2466 861 Interventorem
2501 811 2699 861 exacto
2728 823 2879 861 anno
2911 807 2972 861 in
3002 806 3154 861 illius
3192 808 3380 861 locum
3422 807 3717 878 subrogari

2020 892 2227 963 (Codice
2247 896 2522 951 Canonum
2551 895 2757 964 Afric.,
2789 910 2909 949 can.
2945 896 3058 964 74).
3092 896 3206 949 Hoc
3233 896 3385 949 idem
3414 895 3718 951 concilium

2020 982 2287 1049 decrevit,
2321 987 2384 1037 ut
2411 982 2631 1037 clericis
2669 983 2737 1037 ab
2769 982 3011 1037 Ecclesia
3047 987 3283 1053 prepter
3324 982 3560 1053 aliquod
3605 984 3716 1038 cri-

2019 1087 2151 1125 men
2209 1070 2503 1141 separatis,
2560 1087 2745 1125 annus
2790 1071 2861 1125 ad
2917 1058 3306 1141 probandam
3332 1069 3717 1123 innocentiam

2019 1159 2459 1226 concederetur;
2503 1176 2617 1230 quo
2672 1160 2862 1228 elapso
2912 1159 3099 1213 omnis
3151 1158 3239 1213 sui
3277 1158 3559 1229 purgandi
3606 1158 3718 1211 illis

2019 1247 2371 1301 adimeretur
2398 1248 2637 1302 facultas
2668 1247 2857 1314 (Ibid.,
2888 1263 3008 1302 can.
3039 1251 3154 1313 79).
3203 1247 3374 1317 Cujus
3413 1245 3623 1300 decreti
3659 1245 3718 1298 in

2020 1334 2280 1405 epistola,
2308 1335 2377 1389 de
2403 1351 2515 1406 qua
2544 1334 2706 1390 nobis
2750 1336 2866 1406 jam
2902 1336 3025 1406 jam
3068 1335 3370 1389 dicendum
3419 1334 3546 1401 erit,
3595 1349 3715 1387 me-

2019 1425 2189 1479 minit
2214 1425 2564 1495 Augustinus
2602 1427 2798 1495 (Epist.
2832 1428 2920 1490 65,
2953 1442 3009 1479 n.
3042 1425 3119 1494 2).
3173 1426 3513 1496 Sequentem
3546 1424 3720 1477 etiam

2017 1528 2295 1568 canonem
2325 1513 2499 1568 citare
2529 1513 2772 1579 videtur,
2806 1529 2980 1583 quem
3012 1512 3070 1566 in
3102 1512 3301 1566 ultima
3331 1512 3549 1583 synodo
3579 1527 3717 1566 con-

2020 1602 2285 1655 stitutum
2313 1601 2533 1667 asserit,
2565 1605 2631 1655 ut
2659 1600 2758 1671 qui
2787 1601 2855 1655 de
2901 1600 3097 1671 aliquo
3144 1600 3490 1654 monasterio
3537 1616 3716 1653 reces-

2017 1690 2215 1745 sissent
2255 1694 2352 1744 aut
2382 1688 2547 1760 ejecti
2599 1689 2861 1757 fuissent,
2907 1705 3003 1743 eos
3046 1704 3233 1759 neque
3277 1689 3347 1743 ad
3400 1687 3717 1743 clericalem

2017 1779 2279 1833 ordinem
2311 1778 2370 1833 in
2397 1778 2508 1833 alia
2549 1778 2811 1840 Ecclesia,
2847 1793 3034 1847 neque
3080 1777 3149 1831 ad
3183 1776 3515 1830 monasterii
3542 1775 3718 1830 ultius

2018 1866 2573 1921 administrationem
2621 1864 2947 1935 promoveri
2974 1865 3059 1918 fas
3107 1868 3253 1917 esset
3294 1864 3504 1933 (Codice
3547 1866 3716 1921 Cano-

2016 1971 2146 2009 num
2173 1957 2383 2023 Afric.,
2413 1970 2533 2008 can.
2568 1954 2678 2021 80).
2706 1953 2872 2006 Illum
2903 1967 3133 2022 quoque
3154 1951 3474 2006 subindieat
3502 1951 3561 2005 in
3583 1967 3721 2023 qua-

2016 2042 2146 2097 dam
2173 2043 2245 2096 ad
2272 2042 2567 2096 Aurelium
2609 2040 2871 2109 epistola,
2912 2044 2966 2094 ct
3010 2039 3080 2093 ad
3131 2055 3264 2093 eum
3303 2039 3717 2094 observandum

2016 2130 2363 2185 cohortatur.
2398 2128 2652 2185 Caenobii
2682 2128 2742 2182 in
2789 2128 2975 2182 aliena
3003 2127 3231 2181 dioecesi
3269 2127 3562 2181 constituti
3593 2143 3716 2181 mo-

2016 2220 2227 2273 nachos
2281 2218 2528 2290 synodus
2573 2216 2885 2271 universim
2947 2217 3407 2286 comprehendit,
3473 2232 3717 2287 cumque

2018 2307 2371 2377 episcopum,
2422 2322 2455 2359 a
2495 2320 2607 2375 quo
2645 2303 2861 2359 fuerint
2900 2304 3176 2375 promoti,
3224 2305 3294 2359 ab
3341 2304 3597 2358 omnium
3652 2304 3717 2371 (si

2016 2394 2307 2467 propriam
2335 2394 2563 2465 plebem
2593 2392 2863 2464 excipias)
2886 2393 3288 2447 communione
3315 2396 3558 2463 separat.
3589 2391 3720 2462 Agi-

2017 2487 2136 2538 tata
2159 2482 2266 2537 fuit
2296 2483 2402 2537 hoc
2422 2482 2482 2537 in
2508 2481 2746 2536 concilio
2768 2481 3052 2537 Cresconii
3071 2480 3521 2547 Villa-llegensis
3550 2497 3719 2535 causa

2019 2572 2204 2642 (Ibid.,
2227 2586 2347 2626 can.
2368 2570 2456 2640 77)
2477 2587 2490 2625 :
2513 2586 2738 2624 necnon
2757 2573 2812 2623 et
2826 2572 2943 2639 Equ
2954 2569 3037 2623 itii
3063 2569 3718 2640 Hippo-Uiarrhytorum

2018 2660 2270 2732 episcopi
2303 2660 2480 2729 (ibid.,
2512 2675 2632 2714 can.
2663 2658 2753 2728 78)
2784 2675 2797 2725 ;
2834 2658 2934 2728 qui
2982 2658 3120 2730 quid
3169 2658 3584 2729 perpetraverit
3629 2658 3713 2712 in-

2017 2752 2376 2819 compertum
2426 2752 2529 2802 est.
2575 2748 2691 2801 Hoc
2742 2750 2969 2801 tantum
3015 2747 3374 2816 exploratum
3420 2747 3718 2811 habemus,

2018 2853 2146 2890 cum
2173 2836 2293 2905 jam
2335 2836 2560 2906 pridem
2600 2835 3004 2904 episcoporum
3055 2836 3339 2889 sententia
3385 2836 3718 2889 damnatum

2019 2925 2094 2978 ob
2122 2925 2352 2989 scelera,
2382 2939 2499 2977 non
2523 2922 2693 2976 modo
2722 2922 2976 2987 illorum,
3006 2927 3070 2975 ut
3110 2939 3215 2991 par
3263 2926 3405 2987 erat,
3451 2938 3571 2975 non
3616 2939 3718 2993 pa-

2018 3011 2198 3065 ruisse
2230 3010 2471 3082 judicio,
2503 3026 2700 3064 verum
2740 3009 2912 3063 etiam
2972 3009 3216 3079 inquieti
3258 3008 3437 3062 animi
3488 3008 3621 3062 vitio
3665 3014 3722 3063 et

2017 3098 2376 3170 impudentia
2406 3097 2707 3153 Ecclesiam
2754 3098 3193 3167 perturbavisse.
3226 3098 3363 3161 Quae
3393 3113 3561 3150 causa
3590 3096 3715 3163 fuit,

2019 3205 2120 3244 cur
2160 3187 2466 3243 concilium
2513 3186 2585 3242 ad
2624 3186 2907 3241 decimum
2958 3190 3181 3240 sextum
3232 3185 3507 3239 kalendas
3547 3185 3720 3256 julias

2019 3276 2155 3331 anni
2192 3273 2748 3347 quadringentesimi
2790 3273 2961 3344 primi
3004 3277 3258 3327 coactum
3309 3273 3531 3342 legatis,
3575 3288 3719 3344 quos

2020 3366 2087 3420 ad
2142 3367 2554 3435 Imperatorem
2598 3362 2938 3428 destinabat,
2986 3362 3304 3428 mandaret,
3349 3365 3431 3428 ut,
3477 3361 3525 3413 si
3571 3361 3719 3416 forte

2020 3454 2308 3526 Equitium
2338 3453 2503 3508 illum
2546 3452 2605 3506 in
2653 3452 2812 3506 Italia
2841 3451 3205 3522 reperissent,
3248 3450 3404 3505 omni
3444 3449 3592 3518 juris
3630 3449 3719 3503 via

2018 3543 2286 3598 adversus
2318 3542 2507 3612 ipsum
2538 3545 2772 3611 agerent
2807 3540 2987 3608 (Ibid,
3020 3556 3140 3594 can.
3175 3539 3283 3609 65).
3320 3540 3443 3592 Non
3486 3538 3721 3592 deerant

2018 3629 2077 3683 in
2107 3629 2230 3698 ejus
2256 3627 2418 3691 urbe,
2451 3626 2553 3696 qui
2578 3641 2762 3680 causa;
2798 3625 2975 3696 ipsius
3007 3626 3136 3695 plus
3176 3624 3359 3678 nimio
3407 3623 3717 3687 studerent,

2020 3717 2256 3786 ejusque
2281 3730 2314 3768 a
2336 3714 2470 3783 fuga
2493 3714 2745 3767 reditum
2767 3713 3231 3784 praestolarentur
3258 3728 3420 3765 :cum
3450 3712 3570 3780 ejus
3594 3728 3723 3765 con-

2019 3809 2105 3859 tra
2135 3804 2232 3858 alii
2262 3804 2330 3857 ab
2355 3803 2478 3857 istis
2509 3804 2847 3857 dissidentes
2875 3802 3202 3856 abdicarent
3222 3801 3681 3855 communionem
3707 3816 3719 3853 :

2020 3898 2075 3947 et
2100 3893 2160 3947 hi
2191 3891 2429 3962 quidem
2468 3891 2620 3944 aedes
2670 3892 2783 3944 Deo
2830 3905 3014 3943 sacras
3054 3889 3342 3954 tenebant,
3388 3904 3453 3941 ac
3500 3889 3721 3957 episco-

2017 3996 2157 4052 pum
2186 3980 2374 4035 adhuc
2403 3979 2627 4033 nullum
2654 3982 3005 4048 acceperant.
3041 3978 3180 4032 Cum
3212 3975 3393 4046 igitur
3421 3975 3722 4029 Ecclesiam

2018 4070 2176 4123 illam
2222 4084 2338 4123 non
2384 4070 2614 4138 putaret
2658 4065 2961 4121 concilium
3011 4064 3309 4118 desertam
3342 4062 3554 4116 diutius
3602 4079 3724 4117 esse

2019 4154 2474 4227 relinquendam,
2508 4154 2804 4225 episcopos
2836 4152 3062 4223 viginti,
3106 4156 3163 4206 et
3191 4151 3252 4205 in
3298 4151 3388 4204 his
3430 4151 3719 4221 Alypium,

2018 4243 2403 4316 Augustinum
2428 4247 2600 4313 atque
2632 4241 2908 4296 Evodium
2948 4239 3165 4309 selegit,
3208 4239 3308 4310 qui
3340 4254 3461 4292 sese
3491 4255 3557 4292 eo
3587 4254 3721 4293 con

2020 4334 2284 4399 ferentes,
2330 4331 2661 4403 episcopum
2707 4329 3000 4383 communi
3036 4328 3317 4382 universas
3370 4326 3554 4397 plebis
3591 4343 3723 4381 con-

2021 4437 2210 4487 sensu,
2254 4418 2304 4473 si
2350 4424 2545 4474 tamen
2577 4417 2788 4489 Equitii
2834 4418 3087 4472 fautores
3114 4416 3185 4471 ad
3223 4415 3536 4470 ineundam
3592 4432 3721 4469 cum

2022 4509 2147 4564 aliis
2196 4508 2521 4563 societatem
2571 4507 2766 4561 liceret
2830 4506 3130 4571 adducere,
3192 4504 3591 4558 instituerent:
3638 4504 3726 4557 sin

2031 4597 2474 4664 minus,darent
2493 4611 2748 4666 operam,
2790 4611 2861 4649 ne
2892 4610 3065 4665 quam
3112 4593 3206 4648 isti
3250 4608 3468 4647 moram
3511 4591 3726 4661 episco-

2021 4684 2138 4756 pali
2167 4683 2431 4739 electioni
2456 4683 2743 4738 afferrent.
2777 4682 3131 4752 Augustinus
3162 4681 3436 4734 continuo
3467 4684 3595 4750 post
3630 4680 3723 4733 ab-

2022 4774 2268 4826 solutam
2296 4770 2455 4825 illam
2480 4770 2765 4840 synodum
2795 4768 3066 4833 scrihens,
3113 4768 3363 4821 afrmat
3392 4767 3720 4838 episcopum

2023 4857 2474 4929 Vigesilitanum,
2507 4861 2606 4910 aut
2633 4861 2783 4911 certe
2827 4856 2898 4911 ad
2926 4856 3089 4926 cujus
3132 4855 3419 4910 dioecesim
3467 4854 3718 4925 pertine-

2020 4946 2119 5001 bat
2145 4945 2516 5016 Vigesilitana
2548 4944 2809 5011 Ecclesia,
2841 4943 2900 4998 in
2936 4944 3192 5015 plenario
3232 4944 3434 4999 Africm
3476 4943 3717 4998 concilio

2024 5035 2093 5089 de
2148 5034 2326 5104 gradu
2378 5032 2551 5087 fuisse
2603 5032 2907 5102 dejectum,
2954 5036 3127 5103 atque
3177 5032 3324 5087 hanc
3371 5032 3443 5086 ob
3494 5046 3721 5086 causam

2025 5122 2278 5193 ejusdem
2324 5121 2433 5176 loci
2478 5121 2780 5193 populum,
2830 5121 2877 5175 si
2929 5120 3094 5175 illum
3138 5120 3393 5191 recipere
3448 5118 3718 5182 noluerit,

2022 5209 2200 5282 probe
2238 5210 2542 5273 facturum,
2577 5225 2763 5280 neque
2817 5209 2886 5263 ad
2928 5210 2984 5264 id
3025 5210 3113 5265 vel
3156 5225 3323 5280 posse
3368 5208 3458 5261 vel
3504 5206 3710 5261 debere

2027 5299 2097 5353 ab
2140 5299 2254 5352 ullo
2294 5298 2456 5369 cogi:
2511 5303 2893 5354 memoratum
2940 5313 3073 5352 vero
3109 5297 3458 5366 episcopum,
3509 5294 3556 5348 si
3607 5309 3713 5365 po-

2024 5386 2219 5441 tentia:
2248 5386 2532 5441 saecularis
2562 5390 2799 5453 terrore,
2828 5386 2978 5457 quod
3018 5384 3251 5455 quidem
3280 5381 3501 5436 videtur
3545 5381 3721 5436 fuisse

2026 5473 2295 5539 minatus,
2324 5474 2393 5529 ad
2424 5490 2549 5529 eam
2580 5490 2699 5529 rem
2741 5474 2929 5544 ipsum
2959 5473 3186 5542 adigere
3222 5473 3489 5535 tentaret,
3536 5470 3721 5541 qualis

2031 5562 2202 5617 modo
2242 5563 2336 5632 sit,
2368 5567 2422 5616 et
2459 5563 2642 5633 qualis
2688 5567 2816 5618 ante
2865 5559 3036 5616 fuerit
3086 5557 3313 5628 quando
3354 5556 3422 5612 de
3463 5572 3521 5613 se
3579 5557 3724 5613 nihil
