4062 6360
352 293 451 344 307

351 410 489 466 mali
516 408 672 464 credi
698 408 940 474 volebat,
972 410 1352 460 ostensurum.
1393 407 1584 463 Nullus
1629 409 1788 470 enim,
1834 404 2044 477 inquit,

348 502 426 555 sic
448 498 707 569 proditur
734 496 947 566 qualem
985 509 1207 550 causam
1229 494 1495 563 habuerit,
1532 510 1696 563 quam
1716 496 1807 549 ille
1834 496 1931 564 qui
1954 509 2053 563 per

348 587 627 643 saeculares
665 588 977 654 potestates,
1009 585 1093 637 vel
1140 583 1411 652 quaslibet
1441 585 1745 652 violentias,
1774 598 1893 637 cum
1924 598 2050 652 per-

348 676 652 732 turbatione
678 678 730 728 et
768 674 987 742 querela
1027 676 1256 726 conatur
1300 673 1536 741 recipere
1576 672 1845 731 honorem,
1897 684 2051 738 quem

343 762 608 833 perdidit.
657 763 779 816 Non
823 760 940 814 vult
987 760 1131 813 enim
1177 759 1378 813 volenti
1423 760 1639 815 Christo
1687 760 1907 824 servire,
1959 757 2052 812 sed

349 850 676 908 Christianis
705 847 1007 903 nolentibus
1038 846 1316 900 dominari
1341 846 1546 917 (Epist.
1573 848 1662 915 64,
1697 863 1759 901 n.
1797 846 1871 917 4).
1911 847 2051 901 Ter-

350 939 602 992 minatur
636 936 887 1006 denique
918 934 1228 988 concilium
1266 934 1416 988 facta
1449 934 1881 1004 Carthaginensi
1906 934 2051 987 anti-

348 1026 465 1080 stiti
493 1020 804 1096 potestate“
821 1040 914 1078 eas
958 1023 1196 1077 nomine
1226 1022 1622 1094 episcoporum
1660 1022 1916 1077 omnium
1966 1022 2054 1077 di-

349 1110 1079 1182 ctandiatqueobsiguandi
1100 1110 1387 1182 epistolas,
1405 1127 1547 1182 quas
1568 1111 1806 1165 concilia
1828 1110 2052 1165 mittere

348 1199 802 1255 constituissent:
840 1214 957 1253 non
982 1215 1143 1253 secus
1173 1215 1237 1254 ac
1265 1198 1475 1253 tradita
1518 1199 1739 1270 scriptis
1784 1198 2055 1254 mandata

350 1304 573 1355 eorum,
625 1304 755 1359 qua
802 1287 952 1341 circa
1026 1288 1345 1342 Donatistas
1400 1288 1753 1343 observanda
1818 1287 2051 1343 omnino

349 1380 539 1431 essent
558 1376 771 1446 (Codice
797 1377 1081 1434 Canonum
1112 1378 1324 1445 Afric.,
1350 1392 1468 1431 can.
1504 1376 1611 1445 85).

1027 1464 1250 1519 CAPUT
1293 1464 1381 1519 VI.

357 1558 400 1608 ι.
428 1555 735 1610 Victorinus
765 1557 814 1608 et
833 1555 1144 1622 Xantippus
1161 1552 1227 1606 de
1249 1554 1497 1622 primatu
1519 1551 1859 1606 contendunt.
1895 1554 1928 1606 2
1953 1552 2049 1607 Co—

420 1643 565 1696 lonos
593 1657 715 1697 suos
745 1644 948 1696 Donati
971 1641 1228 1711 partibus
1270 1640 1601 1695 adhaerentes
1657 1639 1732 1693 ad
1758 1640 2053 1694 Ecclesium

420 1734 632 1784 revocat
666 1729 1067 1783 Pammachius.
1112 1731 1143 1783 3
1168 1729 1487 1796 {Augustini
1523 1728 1904 1782 monasterium
1946 1730 2049 1782 Do-

418 1821 581 1872 natus
604 1832 723 1872 cum
746 1832 842 1872 suo
860 1819 1039 1883 fratre
1062 1816 1278 1871 deserit.
1322 1817 1357 1870 4
1388 1816 1687 1882 Quintiano
1739 1816 2050 1885 presbytero

418 1921 638 1960 causam
666 1905 818 1974 apud
845 1906 1132 1960 Aurelium
1158 1904 1378 1958 habenti
1406 1904 1677 1959 rescribit.
1727 1907 1757 1959 5
1795 1904 2053 1973 Ejusdem

418 1995 481 2049 ob
497 1998 799 2063 susceptum
816 1995 874 2047 in
888 1994 1188 2060 Augustini
1205 1995 1528 2047 monasterio
1548 1994 1914 2047 Privationem
1934 2007 2054 2062 que-

418 2084 672 2137 rimonia.
694 2085 726 2136 6
753 2082 1167 2136 Abundantium
1194 2080 1433 2134 diacesis
1458 2096 1572 2135 sua
1584 2080 1960 2150 presbyterum
1982 2081 2051 2135 ab

417 2170 597 2241 ofﬁcio
614 2175 840 2224 removet
869 2170 1230 2237 Augustinus.
1260 2173 1290 2222 7
1330 2172 1582 2224 Eaeunte
1609 2170 1703 2223 hoc
1734 2185 1874 2223 anno
1914 2186 2051 2239 qua-

420 2257 835 2325 dringentesimo
867 2257 1070 2325 primo,
1111 2255 1395 2324 Crispinus
1430 2256 1660 2310 rusticos
1706 2256 2053 2325 Mappalien-

421 2346 497 2400 sis
527 2346 653 2411 agri
670 2344 992 2412 rebaptizat.

421 2437 477 2489 4.
521 2430 803 2487 Numidia
852 2431 1086 2501 primas,
1126 2430 1199 2485 ad
1243 2446 1417 2502 quem
1444 2431 1514 2486 de
1553 2431 1853 2487 Cresconio
1882 2433 2053 2488 Villa-

356 2519 603 2591 Regensi
630 2518 1009 2573 scribendum
1058 2522 1333 2573 statuerat
1384 2519 1831 2590 Carthaginense
1861 2522 2055 2577 conci-

354 2609 498 2663 lium
530 2608 730 2679 (Codic.
772 2608 978 2675 Afric.,
1010 2623 1132 2663 can.
1171 2607 1287 2677 77),
1321 2607 1474 2662 diem
1497 2624 1666 2664 suum
1695 2610 1853 2665 haud
1883 2611 2055 2666 dubie

360 2714 479 2753 non
502 2697 772 2751 itamulto
793 2700 925 2767 post
943 2695 1169 2751 clausit.
1210 2696 1471 2766 Ejusdem
1502 2696 1716 2768 quippe
1747 2694 2055 2767 provincia

358 2786 670 2856 primatum
684 2785 805 2856 jam
834 2784 1071 2839 ineunte
1085 2784 1154 2839 ad
1184 2800 1476 2839 summum
1499 2801 1650 2839 anno
1673 2784 2056 2856 quadringen-

355 2873 558 2928 tesimo
616 2873 862 2927 secundo
921 2872 1159 2943 adeptus
1211 2876 1334 2926 erat
1380 2873 1694 2944 Xantippus
1720 2872 2055 2944 Tagosensis

354 2962 655 3034 episcopus
682 2962 875 3031 (Epist.
910 2964 998 3028 65,
1029 2977 1086 3015 η.
1119 2962 1197 3031 2),
1228 2976 1402 3032 quem
1433 2966 1490 3015 et
1518 2962 1704 3016 adhuc
1724 2978 1877 3016 anno
1908 2978 2055 3033 qua-

352 3049 803 3121 dringentesimo
824 3048 1069 3120 septimo
1088 3048 1549 3119 gerebat(Codice
1562 3065 1827 3104 canonum
1844 3050 2053 3116 Afric.,

357 3153 475 3194 can.
528 3138 678 3208 100).
734 3137 796 3192 Ei
834 3153 1007 3207 porro
1072 3136 1388 3207 primatum
1443 3136 1670 3192 ineunti
1725 3137 1922 3191 oborta
1975 3140 2059 3191 est

359 3225 762 3281 controversia.
788 3225 1012 3280 Etenim
1042 3224 1245 3294 quinto
1264 3224 1392 3278 idus
1421 3224 1765 3292 novembris,
1791 3225 1915 3296 jam
1938 3240 2058 3279 ver-

358 3317 528 3386 gente
557 3313 618 3367 in
640 3317 865 3367 noctem
894 3313 1006 3381 die,
1046 3311 1270 3366 reddita
1298 3316 1384 3367 est
1415 3312 1737 3384 Augustino
1777 3314 2059 3385 encyclica

359 3401 633 3456 Victorini
658 3401 921 3472 epistola,
954 3401 1055 3471 qui
1084 3400 1392 3471 primatem
1419 3418 1615 3472 agens,
1671 3418 1804 3457 eum
1831 3404 1902 3457 ad
1940 3404 2055 3457 Nu-

358 3490 549 3546 midia
570 3488 874 3543 concilium
902 3488 1177 3543 invitabat
1204 3489 1399 3558 (Epist.
1448 3490 1555 3560 59).
1590 3491 1654 3544 In
1694 3491 1891 3545 eadem
1937 3490 2056 3562 epi-

360 3580 525 3643 stola,
574 3593 697 3644 seu,
724 3577 810 3631 uti
854 3576 1149 3643 vocitatur,
1205 3577 1490 3645 tractoria,
1549 3578 1846 3650 legebatur
1886 3580 2056 3634 etiam

358 3667 428 3721 ad
456 3664 820 3721 Manritanias
861 3680 980 3720 esse
1010 3664 1306 3736 scriptum,
1335 3666 1595 3736 quamvis
1621 3668 1711 3722 ha
1751 3668 2059 3738 provincia

360 3771 492 3809 suos
515 3754 791 3809 haberent
822 3752 1118 3824 primates.
1149 3754 1256 3808 Sed
1283 3754 1388 3808 etsi
1417 3772 1483 3809 ex
1507 3755 1587 3810 eis
1628 3756 1700 3811 ad
1730 3757 2057 3813 Numidiam

358 3843 787 3898 convocandnm
806 3847 953 3896 esset
979 3841 1309 3910 concilium,
1335 3844 1635 3914 oportebat
1649 3849 1715 3900 ut
1734 3845 2058 3917 aliquorum

359 3933 702 3997 Maurorum,
735 3930 835 4001 qui
855 3929 973 3985 illic
1002 3929 1221 4001 priores
1252 3936 1403 3997 sunt,
1436 3932 1675 3987 nomina
1702 3932 1761 3987 in
1790 3934 2060 3988 tractoria

358 4024 712 4091 ponerentur
744 4035 757 4073 :
782 4020 935 4090 quod
966 4035 1097 4073 cum
1127 4019 1188 4073 in
1218 4019 1327 4073 ista
1351 4036 1465 4074 non
1488 4021 1766 4091 reperiret
1790 4022 2061 4093 Augusti-

357 4124 485 4174 nus,
516 4108 763 4161 multum
794 4105 1032 4159 miratus
1062 4110 1164 4159 est.
1202 4107 1480 4159 Praterea
1512 4108 1748 4161 moleste
1785 4108 1936 4175 tulit,
1976 4125 2057 4175 se,

357 4193 584 4249 tametsi
611 4191 964 4262 antiquiores
994 4195 1181 4245 essent
1210 4191 1463 4261 episcopi
1514 4193 1856 4263 complures,
1889 4195 2060 4250 tertio

358 4284 481 4337 loco
509 4279 822 4334 recenseri.
862 4280 1058 4349 Neque
1088 4278 1282 4332 minus
1323 4279 1680 4346 movebatur,
1733 4282 1884 4351 quod
1914 4285 2059 4338 Xan-

358 4368 549 4439 tippus
576 4367 721 4438 ipse,
752 4366 853 4437 qui
881 4365 1200 4436 primatum
1242 4366 1309 4420 ad
1353 4383 1412 4420 se
1461 4368 1771 4437 pertinere,
1812 4370 1963 4424 ultro
2009 4371 2061 4426 ei

360 4454 802 4509 assentientibus
847 4452 1131 4522 plurimis,
1174 4453 1418 4521 dicebat,
1466 4470 1650 4526 eoque
1696 4456 1929 4512 nomine
1974 4461 2058 4512 ta-

356 4544 440 4597 les
470 4541 731 4597 mittebat
766 4541 1033 4614 epistolas
1082 4558 1211 4613 qua
1240 4542 1546 4613 primatem
1597 4543 1819 4612 decent,
1866 4545 1927 4600 in
1960 4545 2057 4601 iis-

357 4632 490 4687 dem
518 4630 721 4685 litteris
747 4647 819 4686 ne
850 4630 1180 4686 nominatus
1226 4631 1460 4702 quidem
1490 4636 1638 4687 esset
1662 4652 1677 4700 ;
1706 4648 1837 4688 cum
1865 4638 2058 4689 tamen

358 4719 454 4773 ille
481 4718 725 4773 maxime
753 4719 824 4774 ad
853 4719 1157 4774 concilium
1189 4719 1401 4785 venire,
1436 4736 1500 4775 ac
1525 4721 1746 4792 primus
1772 4723 2060 4778 nominari

356 4806 665 4862 debuisset.
698 4808 841 4862 Istos
878 4807 949 4861 ob
999 4824 1217 4862 errores
1260 4808 1474 4879 timuit,
1495 4826 1565 4864 ne
1591 4811 1736 4866 forte
1762 4811 2060 4867 subdititia

358 4899 505 4949 esset
541 4893 641 4949 illa
677 4895 964 4950 tractoria.
1015 4896 1154 4961 Qua
1191 4914 1307 4952 una
1353 4898 1653 4966 dubitatio,
1702 4916 1775 4954 ne
1829 4906 2061 4972 pareret

357 4983 765 5046 convocationi,
795 5000 899 5056 per
924 5001 984 5039 se
1010 4985 1271 5041 inhibere
1301 5002 1433 5042 eum
1478 4992 1706 5058 poterat
1734 5005 1748 5043 :
1777 4990 1876 5045 sed
1905 5006 2056 5061 pra-

359 5078 515 5128 terea
544 5076 601 5127 et
629 5072 892 5143 angustia
919 5074 1213 5144 temporis,
1258 5078 1314 5129 et
1350 5075 1519 5130 varia
1548 5092 1859 5149 gravesque
1906 5095 2057 5134 cura

357 5161 567 5234 quibus
595 5165 717 5215 tum
736 5160 1136 5230 distinebatur,
1166 5178 1297 5216 cum
1329 5164 1561 5217 adversa
1581 5164 1817 5218 forsitan
1848 5168 2059 5223 valetu-

357 5252 511 5318 dine,
555 5267 672 5305 non
700 5250 864 5305 facile
902 5249 1182 5315 sinebant,
1215 5255 1277 5304 ut
1306 5252 1376 5306 ad
1407 5252 1686 5321 synodum
1726 5270 1847 5309 sese
1876 5257 2059 5310 accin-

355 5342 534 5410 geret.
576 5339 774 5409 Itaque
833 5335 969 5391 satis
1014 5337 1216 5393 habuit
1262 5338 1334 5394 ad
1371 5338 1722 5394 Victorinum
1771 5341 2055 5412 scribere;

353 5426 610 5497 primum
648 5427 700 5481 ei
730 5430 791 5481 ut
816 5442 877 5482 se
916 5430 1231 5492 excusaret,
1272 5430 1394 5481 tum
1438 5431 1506 5482 ut
1551 5443 1682 5481 eum
1731 5445 2057 5486 commone-

356 5515 581 5582 faceret,
608 5515 669 5569 in
698 5515 903 5586 primis
946 5515 1058 5587 ipsi
1087 5530 1203 5570 una
1249 5531 1379 5570 cum
1421 5515 1700 5587 Xantippo
1753 5517 2055 5575 discutien-

1608 285 1759 337 Vl'l‘A
1806 284 1861 339 S.
1901 282 2277 339 AUGUSTINI
2321 280 2650 335 EPISCUI’I.

3758 281 3865 331 308

2158 403 2296 457 dum
2325 401 2510 456 utrius
2539 403 2684 454 esset
2720 400 3000 470 primatus
3053 402 3109 451 et
3155 397 3253 467 jus
3298 396 3542 468 cogendi
3590 394 3865 452 concilii;

2156 492 2245 546 vel
2271 490 2463 562 potius
2486 489 2609 544 sine
2639 489 2980 560 cujusquam
2995 485 3330 558 prajudicio
3352 485 3656 541 concilium
3686 484 3866 540 simul

2159 580 2227 635 ab
2283 584 2525 650 utroque
2577 576 2947 632 indicendum
2998 591 3138 641 esse,
3190 574 3293 628 ubi
3347 590 3480 647 cum
3533 574 3870 629 senioribus

2157 668 2597 733 examinaretur,
2682 670 2810 720 uter
2864 668 3061 719 utrum
3138 661 3480 734 antiquitate
3541 666 3864 734 superaret.

2158 759 2331 811 Porro
2362 753 2695 826 hujusmodi
2723 754 2793 809 de
2841 751 3264 824 provinciarum
3308 750 3513 806 Africa
3580 752 3870 807 decanatu

2156 847 2243 900 vel
2265 844 2517 916 primatu
2545 842 2949 897 controversia
2997 841 3069 896 ad
3111 839 3393 911 judicium
3436 840 3689 912 episcopi
3727 842 3871 897 Car-

2158 933 2510 1004 thaginensis
2540 949 2572 985 a
2595 931 2838 985 concilio
2861 930 3064 984 delata
3094 932 3253 984 sunt.
3296 930 3361 983 Et
3388 928 3512 983 hac
3554 928 3699 983 forte
3729 943 3870 981 con-

2156 1021 2336 1076 tentio
2362 1021 2421 1075 in
2448 1036 2618 1075 causa
2645 1020 2774 1086 fuit,
2803 1034 2904 1073 cur
2926 1017 3083 1071 varia
3123 1016 3387 1071 statuerit
3430 1016 3568 1070 anni
3623 1031 3873 1088 sequen-

2158 1110 2229 1164 tis
2257 1109 2582 1175 concilium,
2614 1107 2824 1180 quibus
2863 1105 3051 1162 omnis
3076 1105 3145 1160 de
3173 1109 3435 1175 tempore
3483 1104 3869 1160 ordinationis

2159 1198 2554 1269 episcoporum
2595 1195 2939 1267 ambiguitas
2985 1194 3282 1249 tolleretur
3331 1192 3550 1263 (Codice
3587 1193 3869 1250 Canonum

2156 1287 2365 1353 Afric.,
2398 1302 2518 1340 can.
2552 1287 2660 1354 86).

2227 1378 2282 1429 2.
2306 1375 2421 1428 Hoc
2446 1373 2572 1445 ipso
2600 1372 2839 1428 forsitan
2869 1375 3124 1427 vertente
3167 1386 3321 1426 anno
3364 1370 3868 1443 quadringentesi-

2158 1478 2253 1516 mo
2272 1461 2459 1533 primo
2484 1460 2841 1531 Augustinus
2864 1475 2969 1530 per
2997 1460 3214 1530 legatos
3244 1458 3704 1530 Carthaginensis
3732 1475 3869 1513 con-

2158 1549 2274 1604 cilii
2314 1548 2679 1604 Pammachio
2719 1547 2986 1618 scriptam
3027 1547 3331 1618 epistolam
3378 1547 3600 1602 dederit
3649 1547 3861 1617 (Epist.

2158 1641 2249 1705 58,
2297 1654 2354 1692 n.
2410 1637 2491 1708 3).
2539 1636 2681 1691 Huic
2731 1634 2888 1691 enim
2941 1635 3243 1707 signiﬁcat,
3299 1652 3442 1708 quas
3486 1634 3754 1706 improbo
3800 1636 3865 1690 in

2161 1725 2478 1781 Catholicos
2507 1725 2700 1780 animo
2732 1723 3044 1801 Donatista
3074 1724 3306 1779 insidias
3350 1723 3761 1792 moliebantur,
3810 1725 3866 1779 ei

2160 1832 2218 1869 se
2244 1814 2484 1869 minime
2530 1813 2754 1881 dicere;
2787 1812 2952 1867 illum
2998 1829 3132 1867 vero
3171 1830 3206 1866 a
3233 1812 3501 1867 fratribus
3535 1812 3671 1880 suis,
3718 1830 3869 1885 quos

2160 1904 2271 1974 ipsi
2290 1902 2674 1970 commendat,
2705 1918 2799 1956 eas
2827 1900 3184 1956 commodius
3209 1900 3571 1957 auditurum.
3604 1903 3866 1957 Pamma.

2159 1992 2288 2047 chio
2318 1996 2481 2046 erant
2506 1990 2890 2062 possessiones
2935 1989 3123 2045 media
3141 1989 3203 2044 in
3233 1989 3519 2057 Numidia,
3554 1990 3715 2061 cujus
3771 1990 3866 2045 in—

2160 2080 2297 2134 cola
2341 2079 2546 2134 Donati
2596 2078 2853 2150 partibus
2881 2078 3363 2133 adharescebant.
3389 2080 3751 2150 Quapropter
3807 2079 3863 2132 is

2161 2168 2450 2223 charitatis
2499 2183 2564 2221 ac
2604 2167 2834 2238 pietatis
2892 2166 3169 2222 adductus
3222 2165 3478 2238 impulsu
3529 2167 3748 2222 litteras
3791 2168 3866 2224 ad

2162 2273 2257 2312 eos
2286 2257 2357 2312 de
2387 2256 2779 2328 amplectenda
2808 2254 3074 2310 Ecclesia
3115 2254 3335 2310 unitate
3364 2255 3608 2328 scripsit,
3638 2260 3865 2312 tantum

2163 2345 2394 2416 spiritus
2447 2345 2730 2399 fervorem
2772 2361 2893 2415 pra
2935 2360 2994 2398 se
3031 2345 3299 2414 ferentes,
3343 2349 3406 2399 ut
3442 2350 3653 2418 prater
3700 2362 3866 2418 spem

2160 2432 2595 2505 promptissimo
2624 2433 2803 2488 animi
2834 2432 3022 2487 studio
3048 2433 3366 2503 delegerint
3393 2433 3454 2488 id
3482 2435 3864 2506 sequendum,

2162 2522 2317 2594 quod
2355 2523 2530 2577 talem
2568 2537 2633 2576 ac
2658 2525 2883 2576 tantum
2910 2521 3097 2575 virum
3149 2522 3380 2577 nonnisi
3428 2523 3570 2578 duce
3624 2523 3864 2579 veritate

2163 2610 2329 2681 sequi
2358 2610 2467 2665 sibi
2514 2609 2948 2680 persuaderent.
2981 2610 3038 2665 Id
3088 2609 3323 2682 quidem
3368 2611 3691 2682 Augustino
3739 2616 3865 2669 tam

2162 2702 2391 2769 gratum
2431 2698 2657 2765 accidit,
2702 2702 2766 2753 ut
2809 2699 3085 2769 gaudium
3131 2715 3301 2754 suum
3342 2700 3712 2757 Pammachio
3756 2717 3866 2772 per

2161 2787 2399 2855 litteras,
2433 2787 2504 2841 de
2531 2786 2739 2858 quibus
2768 2787 2939 2842 modo
2977 2787 3224 2858 agimus,
3264 2788 3705 2860 signiﬁcandum
3734 2807 3866 2845 cen-

2163 2875 2376 2931 suerit:
2427 2892 2673 2947 quarum
2710 2881 2905 2931 tamen
2936 2893 3005 2931 ex
3050 2876 3236 2931 verbis
3289 2878 3505 2933 latitia
3549 2895 3667 2933 sua
3710 2881 3869 2935 volu-

2134 2968 2394 3036 .ptatem,
2433 2965 2524 3018 vel
2567 2964 2779 3019 amoris
2795 2980 2931 3037 erga
2959 2980 3092 3019 eum
3130 2966 3220 3019 sui
3248 2966 3510 3021 ardorem
3540 2967 3862 3024 existimari

2164 3053 2232 3107 ab
2271 3052 2397 3123 ipso
2438 3069 2558 3107 non
2595 3053 2747 3117 vult:
2801 3053 2916 3119 sed,
2962 3057 3128 3123 Perge
3178 3055 3484 3125 cogitando,
3542 3055 3749 3128 inquit,
3802 3060 3863 3113 in

2157 3146 2344 3211 pectus
2370 3157 2564 3209 meum,
2598 3147 2648 3197 et
2677 3158 2829 3196 cerne
2857 3143 2993 3211 quid
3028 3144 3142 3197 illic
3188 3142 3254 3196 de
3296 3147 3346 3197 te
3382 3147 3600 3210 agatur.
3650 3144 3867 3198 Patebit

2161 3233 2303 3284 enim
2379 3232 2527 3285 oculo
2590 3232 2878 3286 charitatis
2959 3231 3260 3286 cubiculum
3329 3232 3642 3299 charitatis,
3718 3233 3866 3301 quod

2162 3318 2466 3373 claudimus
2521 3319 2781 3373 adversus
2831 3334 3006 3388 nugas
3064 3321 3419 3376 tumultuosus
3485 3322 3684 3385 saeculi,
3739 3337 3863 3376 cum

2162 3406 2275 3459 illic
2322 3408 2489 3460 Deum
2540 3406 2868 3473 adoramus;
2908 3411 2959 3461 et
3001 3407 3209 3461 videbis
3267 3408 3347 3461 ibi
3384 3407 3603 3463 delicias
3659 3409 3866 3463 laetitia

2163 3509 2289 3548 mea
2341 3494 2408 3548 de
2461 3499 2573 3549 tam
2623 3494 2754 3549 bono
2809 3510 2964 3564 opere
3016 3499 3126 3561 tuo,
3186 3510 3321 3565 quas
3388 3511 3483 3551 nec
3550 3497 3741 3565 lingua
3785 3499 3869 3563 ef-

2162 3584 2301 3649 fari,
2348 3598 2442 3636 nec
2488 3584 2612 3637 stilo
2662 3584 2963 3651 exprimere
3020 3584 3191 3650 valeo,
3250 3585 3478 3639 calentes
3538 3589 3700 3654 atque
3754 3589 3865 3654 ﬂa-

2164 3675 2382 3738 grantes
2410 3672 2469 3724 in
2495 3672 2760 3738 sacriﬁcio
2794 3670 2973 3725 laudis
3003 3672 3139 3740 ejus,
3176 3689 3279 3740 quo
3309 3675 3614 3743 inspirante
3648 3674 3744 3729 hoc
3770 3690 3867 3728 vo-

2166 3759 2338 3825 luisti,
2361 3763 2411 3813 ει
2439 3773 2542 3827 quo
2561 3758 2855 3827 adjuvante
2894 3761 3141 3827 potuisti.
3184 3760 3359 3815 Addit
3388 3777 3446 3815 se
3498 3762 3869 3818 vehementer

2166 3862 2396 3916 cupere,
2427 3850 2494 3901 ut
2522 3846 2591 3901 ad
2621 3845 2775 3900 idem
2816 3846 3209 3917 prastandum
3250 3847 3349 3901 alii
3377 3848 3678 3905 christiani
3705 3867 3868 3906 sena-

2164 3937 2314 3989 tores
2342 3933 2551 3989 adduci
2578 3934 2818 4002 vellent;
2844 3939 2901 3988 at
2929 3934 3036 3990 sibi
3054 3951 3170 3989 non
3196 3951 3322 3991 eam
3342 3936 3525 3992 inesse
3571 3940 3864 4007 ﬁduciam,

2167 4025 2231 4075 ut
2268 4021 2341 4076 ad
2389 4021 2497 4076 hoc
2547 4021 2675 4078 illos
2722 4022 2929 4077 audeat
2977 4023 3279 4091 exhortari,
3310 4026 3402 4080 Illi
3453 4027 3617 4096 enim,
3676 4028 3870 4083 subdit

2166 4115 2395 4166 sanctus
2419 4110 2689 4179 Antistes,
2712 4114 2853 4178 forte
2881 4127 2988 4166 non
3013 4113 3237 4180 facient,
3272 4117 3323 4167 et
3364 4117 3626 4182 tanquam
3668 4131 3764 4171 nos
3807 4118 3872 4171 in

2165 4202 2345 4254 animo
2373 4215 2555 4254 eorum
2578 4202 2808 4254 vicerint
2821 4198 3030 4254 inimici
3055 4201 3322 4268 Ecclesia,
3354 4201 3686 4271 decipiendis
3728 4207 3868 4259 insi-

2165 4286 2466 4341 diabantur
2496 4289 2750 4356 inﬁmis.
2785 4288 2969 4351 Quare
2998 4288 3109 4342 hoc
3137 4304 3319 4343 unum
3361 4290 3630 4345 eumdem
3677 4297 3867 4363 rogat,

2166 4378 2231 4428 ut
2256 4390 2464 4444 nempe
2494 4379 2785 4445 acceptam
2816 4392 2848 4429 a
2877 4391 2937 4430 se
2961 4375 3261 4447 epistolam
3289 4393 3483 4433 coram
3512 4379 3593 4434 eis
3630 4380 3867 4449 recitet;

2165 4462 2321 4535 quod
2358 4462 2485 4517 ﬁeri
2513 4463 2714 4534 possit,
2770 4462 2924 4535 ipsos
2965 4465 3302 4521 colonorum
3357 4483 3595 4523 suorum
3641 4484 3871 4524 conver-

2164 4550 2385 4605 sionem
2420 4566 2537 4605 non
2567 4551 2681 4605 alia
2709 4552 2779 4606 de
2826 4568 2995 4607 causa
3033 4554 3346 4626 negligere,
3386 4572 3561 4627 quam
3611 4557 3749 4628 quia
3789 4558 3863 4614 de

2162 4639 2270 4693 hac
2293 4639 2652 4708 procuranda
2678 4640 2997 4712 desperent.
3041 4643 3157 4697 Hoc
3204 4659 3337 4715 ergo
3369 4644 3674 4716 contigisse
3720 4647 3865 4702 satis

2164 4730 2404 4796 constat,
2435 4744 2549 4798 quo
2588 4732 2847 4800 tempore
2895 4732 3319 4789 Donatistarum
3364 4750 3574 4806 magno
3621 4752 3865 4792 numero

2165 4814 2337 4870 simul
2368 4816 2441 4871 ad
2470 4818 2730 4873 Ecclesia
2760 4819 3038 4875 unitatem
3059 4820 3426 4878 redeuntium
3443 4823 3659 4879 rariora
3687 4830 3869 4881 exsta-

2164 4903 2305 4958 bant
2326 4906 2606 4976 exempla,
2639 4911 2811 4979 atque
2840 4908 2982 4963 adeo
3012 4912 3145 4964 ante
3176 4926 3392 4966 annum
3421 4912 3869 4983 quadringente-

2165 4990 2377 5046 simum
2406 4992 2712 5064 quintum;
2745 4994 2864 5050 imo
2885 4996 3147 5051 nondum
3177 4998 3316 5053 actis
3357 5000 3508 5055 hisce
3553 5000 3858 5070 violentiis,

2161 5080 2372 5152 quibus
2401 5081 2462 5136 in
2501 5083 2819 5138 Catholicos
2866 5084 3125 5139 bacchati
3160 5090 3297 5142 sunt
3343 5088 3860 5158 Circumcelliones,

2163 5168 2262 5223 ubi
2298 5169 2566 5226 viderunt
2606 5171 3154 5229 Maximianistarum
3206 5176 3528 5246 historiam,
3558 5183 3734 5249 prout
3759 5178 3866 5235 hoc

2161 5273 2311 5312 anno
2358 5258 2664 5314 concilium
2716 5260 3160 5332 Carthaginense
3231 5269 3527 5336 statuerat,
3577 5266 3864 5323 instanter

2162 5346 2429 5417 ubiquea
2466 5347 2767 5403 Catholicis
2814 5350 3091 5422 evulgari.
3141 5354 3494 5425 Augustinus
3539 5356 3754 5427 quippe
3800 5372 3866 5411 ea

2160 5437 2385 5490 tantum
2436 5436 2645 5491 damna
2675 5441 3115 5505 commemorat,’
3139 5458 3271 5513 qua
3321 5443 3391 5498 ab
3442 5443 3645 5499 iisdem
3694 5444 3863 5500 time-

2162 5522 2390 5591 bantur,
2422 5540 2527 5579 nec
2554 5524 2675 5596 ipse
2703 5525 3009 5596 inﬁciatur,
3034 5529 3300 5587 timorem
3330 5548 3499 5587 suum
3518 5532 3673 5605 apud
3700 5550 3868 5605 quos-
