4062 6356
142 320 251 370 309

141 437 278 490 dam
353 453 456 508 pro
510 452 652 489 vano
713 436 910 490 haberi
969 452 1176 504 posse:
1236 435 1478 506 ideoque
1535 440 1719 506 rogat,
1781 451 1852 488 ne

141 530 490 595 aspernetur
520 524 694 579 etiam
734 525 1023 594 superﬂua
1052 526 1389 578 metuentes.

216 617 270 668 3.
305 616 371 668 In
419 612 768 668 monasterio
815 629 917 666 suo
967 629 1083 666 non
1130 628 1336 683 parum
1375 611 1562 666 solatii
1599 613 1856 684 capiebat

141 703 533 773 Augustinus;
581 702 681 755 sed
731 701 1106 756 nihilominus
1151 703 1390 755 molesta
1435 717 1661 773 quoque
1711 718 1854 755 non-

144 792 328 845 nulla-
363 791 441 846 ibi
488 790 726 844 subinde
785 790 1212 860 experiebatur;
1273 795 1328 843 et
1375 791 1670 861 quantavis
1722 807 1856 843 cura

144 896 378 945 eorum,
411 880 506 951 qui
556 895 746 932 secum
784 879 1066 944 vivebant,
1108 877 1422 949 disciplinae
1463 878 1808 949 prospiceret
1839 895 1852 941 ;

145 967 445 1022 sentiebat
504 971 716 1032 tamen,
778 970 833 1020 et
883 983 939 1020 se
997 965 1290 1020 hominem
1342 982 1482 1032 esse,
1533 971 1587 1020 et
1641 966 1700 1019 in
1754 966 1852 1019 ho-

147 1055 384 1110 minum
433 1054 807 1110 contubernio
860 1055 1091 1123 versari,
1123 1071 1227 1109 nec
1273 1071 1499 1124 sperare
1539 1056 1655 1109 ullo
1687 1054 1854 1108 modo

147 1161 345 1215 posse,
380 1144 567 1198 nullos
597 1159 655 1197 se
700 1147 910 1213 praeter
941 1147 1164 1197 sanctos
1209 1143 1270 1196 in
1298 1142 1426 1198 vita:
1467 1142 1732 1197 societate
1761 1143 1856 1196 ha-

145 1232 413 1286 biturum
447 1247 460 1284 :
511 1247 642 1284 cum
687 1246 805 1284 non
851 1230 1074 1284 licuerit
1121 1231 1249 1298 hoc,
1281 1247 1464 1301 neque
1504 1231 1563 1284 in
1601 1230 1855 1298 illorum,

146 1320 250 1391 qui
304 1319 436 1374 vita:
484 1318 859 1373 sanctimonia
905 1319 1640 1388 prmcelluerunt,;familia,
1670 1334 1856 1388 neque

147 1409 207 1463 in
255 1407 470 1463 Christi
511 1406 736 1461 Domini
766 1407 1058 1473 comitatu,
1093 1423 1280 1477 neque
1324 1407 1383 1460 in
1417 1407 1556 1461 cmlo
1596 1406 1719 1476 ipso
1767 1422 1854 1459 re-

147 1496 346 1565 perire
383 1497 580 1565 (Epist.
613 1498 702 1560 78,
733 1511 827 1548 πη.
861 1497 913 1560 8,
943 1495 1014 1562 9).
1047 1496 1215 1548 Istam
1253 1495 1636 1549 humanarum
1665 1509 1857 1547 rerum

149 1583 544 1637 calamitatem
575 1584 683 1637 hoc
722 1590 980 1652 tempore
1015 1587 1280 1653 expertus
1319 1586 1418 1636 est.
1475 1584 1606 1651 Ejus
1644 1582 1702 1636 in
1733 1599 1854 1635 mo-

147 1673 402 1727 nasterio
435 1678 598 1726 erant
629 1673 742 1726 duo
790 1673 1013 1740 fratres,
1045 1671 1383 1741 Carthagine
1412 1675 1512 1724 aut
1554 1670 1613 1723 in
1651 1669 1857 1722 vicinia

145 1761 292 1827 nati,
326 1777 578 1832 quorum
610 1761 774 1815 alteri
803 1762 1023 1826 Donato
1054 1777 1286 1815 nomen.
1325 1760 1390 1815 Hi
1420 1759 1665 1830 quadam
1697 1774 1855 1812 vanae

147 1850 356 1920 gloriae
389 1849 698 1919 cupiditate
731 1849 883 1904 ducti
909 1866 938 1903 e
969 1848 1314 1903 monasterio
1345 1848 1612 1902 excedere
1642 1845 1856 1916 cogita-

146 1943 289 1992 runt
317 1954 330 1992 :
357 1936 837 2002 desiderium,'uti
855 1937 1099 2003 videtur,
1123 1936 1492 1990 obtendentes
1518 1935 1715 2005 patria:
1738 1950 1854 1988 sua:

149 2027 211 2080 in
241 2025 496 2080 clericali
525 2025 840 2080 ministerio
872 2025 1172 2079 serviendi.
1205 2025 1457 2094 Cupidus
1485 2039 1685 2077 eorum
1711 2023 1856 2076 salu-

148 2115 221 2168 tis
270 2113 647 2184 Augustinus,
691 2118 904 2183 quanta
948 2113 1136 2183 potuit
1181 2113 1609 2182 impedimenta,
1652 2127 1725 2164 ne
1773 2110 1855 2163 illi

151 2219 330 2273 prava
377 2202 623 2274 cogitata
650 2203 1010 2272 perlicerent,
1039 2201 1264 2271 objecit.
1295 2203 1367 2254 At
1395 2216 1524 2254 cum
1569 2198 1770 2252 abduci
1796 2216 1854 2252 se

148 2310 181 2345 a
235 2294 539 2362 proposito
595 2306 959 2361 nequaquam
1014 2293 1201 2357 essent
1237 2288 1408 2359 passi,
1457 2287 1856 2358 Carthaginem

150 2381 396 2450 profecti
445 2384 625 2432 sunt:
668 2378 767 2432 ubi
814 2377 1076 2432 Aurelius
1123 2382 1276 2431 ratus
1317 2377 1552 2430 fortasse
1601 2376 1713 2429 huc
1760 2392 1856 2428 eos

150 2485 280 2522 cum
312 2469 469 2523 bona
507 2466 674 2520 venia
702 2465 1003 2537 Augustini
1045 2465 1284 2527 venisse,
1319 2467 1598 2519 Donatum
1641 2465 1700 2516 in
1739 2465 1852 2517 cle-

152 2574 281 2611 rum
332 2555 556 2610 ascivit.
594 2555 735 2609 Huic
775 2555 1030 2620 fratrem,
1071 2569 1168 2607 eur
1217 2553 1600 2623 egrederetur,
1629 2568 1854 2605 causam

153 2644 469 2717 praebuisse
493 2647 736 2699 testatur
761 2642 1140 2714 Augustinus.
1179 2641 1351 2712 Atqui
1379 2641 1521 2694 illud
1549 2640 1706 2710 prius
1736 2657 1857 2693 eve-

154 2732 261 2798 nit,
304 2748 479 2802 quam
527 2731 854 2794 concilium,
886 2731 946 2783 in
990 2747 1104 2800 quo
1139 2731 1207 2785 de
1245 2729 1724 2783 monasteriorum
1763 2729 1855 2782 de-

154 2821 470 2875 sertoribus
497 2836 811 2890 eorumque
863 2819 1220 2872 ordinatione
1253 2823 1439 2895 actum
1472 2823 1577 2883 est,
1604 2817 1853 2871 celebra-

154 2914 336 2978 retur,
368 2925 573 2979 nempe
603 2914 733 2962 ante
763 2908 892 2962 idus
921 2906 1259 2977 septembris
1303 2905 1440 2960 anni
1468 2904 1853 2976 quadringen-

153 2998 343 3052 tesimi
375 2997 568 3067 primi.
605 2997 762 3051 Haud
805 2995 1122 3066 reperimus
1151 3001 1340 3048 tamen
1387 2993 1447 3046 in
1490 2993 1596 3046 hac
1641 2993 1854 3063 synodo

157 3087 551 3156 Augustinum
607 3103 674 3140 ea
730 3086 798 3139 de
856 3101 915 3138 re
962 3100 1090 3137 cum
1140 3083 1368 3137 Aurelio
1411 3083 1707 3136 locutum:
1752 3081 1856 3136 etsi

160 3177 363 3231 eodem
397 3175 526 3239 loci,
558 3176 730 3229 verbo
762 3179 1134 3239 statueremus,
1166 3187 1280 3225 non
1311 3171 1544 3225 obscure
1574 3170 1856 3240 signiﬁcet

159 3264 214 3318 ei
243 3281 303 3317 se
344 3263 689 3318 interfuisse.
721 3265 792 3316 At
832 3278 972 3332 quas
1015 3262 1232 3314 litteras
1260 3259 1610 3330 Augustinus
1640 3259 1710 3312 ab
1739 3261 1848 3312 Au-

161 3353 304 3408 relio
336 3352 595 3424 proxime
625 3355 752 3422 post
782 3367 946 3404 suum
978 3350 1048 3404 ab
1077 3349 1321 3403 invicem
1363 3348 1670 3402 discessum
1689 3357 1856 3400 acce-

155 3441 262 3510 pit,
311 3442 373 3495 in
419 3442 488 3494 iis
535 3441 602 3494 de
650 3442 869 3494 Donato
915 3439 1152 3509 ejusque
1201 3439 1371 3492 fratre
1416 3437 1704 3506 agebatur.
1750 3435 1855 3489 Diu

153 3525 436 3581 dubitavit
463 3530 691 3579 sanctus
724 3523 1030 3594 Episcopus
1073 3521 1209 3592 quid
1244 3521 1297 3574 ei
1338 3519 1593 3590 responsi
1622 3519 1855 3573 daturus

149 3618 344 3668 esset:
397 3617 454 3666 at
501 3612 696 3666 salutis
745 3612 977 3664 tandem
1019 3610 1273 3675 illorum,
1313 3609 1519 3679 quibus
1565 3609 1854 3662 consulere

157 3703 482 3768 tenebatur,
514 3699 797 3756 desiderio
837 3703 1024 3753 motus
1062 3697 1367 3767 rescripsit,
1408 3697 1718 3751 monachos
1756 3713 1856 3766 pe-

155 3792 423 3846 riculosae
453 3789 754 3845 tentationi
783 3786 970 3858 objici,
1000 3787 1250 3852 clericos,
1282 3803 1311 3839 e
1341 3801 1584 3856 quorum
1615 3801 1856 3839 numero

157 3880 416 3952 episcopi
444 3878 553 3950 ipsi
597 3881 747 3943 sunt,
783 3893 897 3930 non
927 3875 1037 3930 levi
1074 3875 1224 3928 affici
1260 3874 1621 3938 contumelia,
1655 3873 1702 3926 si
1731 3873 1858 3926 vitae

160 3968 494 4025 monasticae
516 3968 832 4022 desertores
857 3965 916 4017 in
943 3979 1142 4017 eorum
1172 3962 1432 4016 ordinem
1463 3965 1856 4025 assumantur;

158 4075 291 4114 cum
319 4057 480 4128 prius
507 4055 555 4108 is
580 4055 770 4108 honor
805 4051 1032 4106 nonnisi
1077 4050 1485 4104 monachorum
1532 4047 1861 4119 probatissi-

163 4148 271 4202 mis
300 4144 478 4200 tribui
507 4143 735 4206 soleret,
769 4156 871 4193 nec
900 4155 1029 4193 raro
1069 4138 1110 4192 ii
1148 4137 1256 4208 ipsi
1304 4135 1690 4191 ecclesiasticis
1732 4153 1858 4189 mu-

163 4236 399 4290 neribus
448 4235 637 4286 essent
693 4228 893 4300 inepti.
951 4226 1165 4291 Quibus
1220 4226 1394 4292 addit,
1444 4225 1736 4278 Aurelium
1795 4241 1862 4278 ex

164 4323 344 4378 animi
372 4319 652 4374 sententia
683 4319 920 4381 Donato,
952 4315 998 4368 si
1029 4314 1259 4385 quidem
1299 4313 1624 4384 superbiam
1670 4313 1716 4366 is
1757 4330 1860 4383 po-

164 4410 364 4476 suerit,
395 4408 480 4463 uti
508 4423 691 4478 posse,
725 4405 956 4476 quando
1003 4404 1187 4469 illum,
1221 4407 1528 4472 antequam
1561 4402 1665 4455 hac
1704 4402 1772 4455 de
1805 4417 1862 4455 re

163 4500 482 4570 quidquam
533 4495 820 4550 statuisset
867 4492 1190 4558 concilium,
1243 4490 1540 4545 ordinavit.
1569 4493 1640 4545 De
1691 4493 1864 4557 fratre

168 4593 348 4643 autem
376 4588 512 4656 ejus,
546 4584 754 4654 inquit,
783 4599 902 4636 cum
938 4583 1212 4649 intelligas
1249 4580 1385 4649 quid
1414 4581 1662 4647 sentiam,
1693 4581 1866 4633 nescio

171 4678 306 4746 quid
325 4675 692 4744 respondeam.
723 4673 845 4736 Quo
868 4671 1036 4740 plane
1058 4668 1338 4740 signiﬁcat
1357 4668 1527 4720 istum
1550 4683 1662 4720 non
1680 4683 1863 4736 posse,

175 4767 286 4820 nisi
316 4764 524 4818 violato
556 4760 1054 4830 conciliidecreto,
1096 4756 1370 4811 ordinari.
1418 4755 1616 4810 Subdit
1659 4755 1866 4809 nihilo-

177 4856 388 4918 minus,
417 4853 539 4922 ejus
585 4866 642 4904 se
681 4847 1002 4920 prudentiae
1049 4850 1104 4900 et
1143 4843 1401 4899 charitati
1431 4844 1582 4897 nolle
1627 4843 1868 4897 interce-

180 4943 334 5008 dere,
363 4946 534 5010 atque
580 4939 721 4993 adeo
767 4953 933 5007 posse
963 4935 1152 5006 ipsum
1179 4934 1284 4987 hac
1320 4932 1380 4986 in
1410 4949 1470 4986 re
1501 4931 1682 5002 sequi,
1715 4931 1869 5002 quod

180 5031 373 5086 utilius
405 5026 664 5083 Ecclesiae
689 5024 1045 5096 judicaverit.
1080 5025 1248 5092 Papae
1277 5021 1638 5088 vocabulum,
1669 5035 1781 5090 quo
1811 5019 1870 5073 in

181 5121 435 5192 epistolae
467 5115 837 5185 inscriptione
881 5113 1181 5168 Aurelium
1219 5111 1447 5174 salutat,
1482 5108 1722 5164 dubium
1752 5123 1872 5162 esse

179 5225 297 5264 non
353 5206 506 5270 sinit,
551 5203 694 5275 quin
745 5202 794 5256 is
842 5201 1014 5256 fuerit
1067 5198 1523 5270 Carthaginensis
1577 5197 1875 5268 episcopus

182 5298 376 5367 (Epist.
411 5296 519 5364 60).

250 5389 303 5442 4.
340 5384 502 5440 Haud
532 5381 740 5436 scimus
782 5393 856 5432 an
886 5377 1036 5432 idem
1067 5392 1294 5448 quoque
1333 5374 1423 5441 sit,
1455 5389 1626 5445 quem
1654 5372 1714 5426 in
1755 5371 1876 5442 epi-

188 5472 327 5527 stola
357 5471 424 5528 ad
449 5468 819 5536 Quintianum
852 5465 1025 5518 semel
1072 5480 1136 5518 ac
1175 5464 1420 5517 secundo
1470 5477 1664 5517 senem
1695 5463 1874 5515 Aure-

194 5559 328 5615 lium
359 5559 568 5615 vocitat
597 5559 791 5626 (Epist.
826 5557 914 5619 64,
947 5569 1040 5607 im.
1072 5555 1125 5617 2,
1160 5554 1206 5619 3)
1241 5568 1254 5605 :
1289 5551 1570 5622 siquidem
1601 5549 1752 5604 istud
1789 5565 1878 5602 vo-

1604 315 1811 370 LIBER
1848 312 2171 377 QUINTUS.

3553 313 3655 364 310

1961 433 2227 488 cabulum
2251 436 2476 501 recepto
2506 447 2615 485 usu
2643 430 2870 485 decanis
2889 431 3006 485 sive
3028 429 3368 500 primatibus
3388 432 3450 486 in
3471 432 3657 486 Africa

1964 522 2318 576 tribuebatur
2351 536 2364 573 :
2401 519 2551 591 quod
2579 535 2652 573 an
2680 519 2887 573 deferri
2915 519 3129 589 pariter
3153 520 3360 574 soleret
3390 519 3654 591 episcopo

1965 607 2392 680 Carthaginensi
2434 612 2670 678 propter
2699 607 3033 678 dignitatem
3079 607 3246 673 sedis,
3275 623 3391 661 non
3421 608 3555 661 satis
3594 609 3659 662 li-

1965 703 2116 768 quet.
2153 699 2266 751 Hoc
2307 712 2439 750 vero
2472 695 2708 750 minime
2740 695 3000 764 dubium,
3032 696 3079 750 si
3125 695 3394 765 praadicta
3423 694 3658 764 epistola

1961 791 2091 857 post
2115 785 2371 840 Natalem
2388 784 2746 838 Dominicum
2765 785 2935 853 hujus
2958 784 3138 853 ipsius
3159 784 3295 838 anni
3316 785 3446 838 data
3467 783 3654 845 fuerit,

1965 890 2078 944 qua
2106 875 2174 928 de
2204 890 2265 927 re
2299 873 2705 943 ambigendum
2727 874 2925 944 utique
2954 890 3070 927 non
3100 873 3343 939 videtur,
3379 872 3659 926 Numidiae

1917 965 1924 972 ’
1963 962 2271 1032 primatem
2316 962 2763 1031 haudquaquam
2811 961 3088 1015 exstitisse
3135 962 3286 1015 hunc
3323 959 3654 1023 Aurelium;

1963 1067 2092 1104 cum
2124 1067 2251 1104 eam
2282 1050 2618 1120 dignitatem
2656 1049 2975 1103 Victorinus
3015 1054 3115 1104 aut
3153 1055 3303 1104 certe
3345 1049 3658 1118 Xantippus

1966 1139 2267 1193 obtineret.
2299 1139 2474 1210 Atqui
2504 1142 2748 1193 statuere
2785 1155 2904 1192 non
2948 1139 3242 1202 audemus,
3275 1137 3431 1191 illine
3477 1140 3655 1191 Aure-

1963 1226 2042 1280 lio
2099 1227 2379 1297 primatus
2449 1226 2691 1281 adscribi
2755 1221 2936 1296 possit
2997 1226 3057 1280 in
3119 1227 3289 1280 aliam
3346 1225 3662 1296 quamlibet

1963 1314 2166 1368 Africa
2220 1315 2590 1385 provinciam,
2639 1319 2706 1369 ut
2759 1319 2897 1385 puta
2956 1316 3306 1384 Bizacenam,
3363 1316 3433 1369 ad
3485 1332 3658 1386 quam

1965 1401 2334 1472 Vigesilitana
2361 1403 2624 1469 Ecclesia,
2657 1404 2818 1474 cujus
2847 1403 2908 1457 in
2948 1405 3144 1458 eadem
3175 1404 3415 1474 epistola
3444 1404 3658 1457 mentio

1965 1492 2111 1546 facta
2156 1496 2241 1546 est
2273 1493 2452 1562 (lbid.,
2485 1509 2540 1547 η.
2571 1493 2649 1564 4),
2680 1494 3020 1564 pertinebat.
3056 1495 3165 1549 Sed
3204 1494 3462 1566 quisquis
3491 1495 3661 1548 fuerit

1965 1581 2068 1634 iste
2097 1581 2384 1644 Aurelius,
2421 1581 2481 1634 in
2512 1582 2635 1650 ejus
2664 1584 2753 1636 vel
2783 1582 3028 1642 dioecesi,
3063 1585 3146 1637 vel
3181 1587 3329 1637 certe
3368 1582 3658 1652 provincia

1966 1669 2411 1722 Badezilitanam
2463 1670 2786 1737 Ecclesiam,
2820 1675 2918 1724 aut
2963 1670 3096 1724 huic
3132 1671 3399 1735 vicinam,
3426 1669 3660 1739 regebat

1961 1758 2258 1827 presbyter
2298 1757 2658 1821 Quintianus.
2712 1758 2805 1812 His
2851 1759 3100 1827 jusserat
3149 1758 3208 1811 in
3270 1757 3502 1812 ecclesia
3557 1773 3660 1810 sua

1963 1845 2189 1899 recitari
2218 1846 2394 1900 libros
2423 1848 2732 1900 nonnullos
2763 1846 2862 1916 qui
2905 1847 2963 1899 in
2994 1862 3209 1900 canone
3239 1845 3657 1914 Scripturarum

1963 1933 2163 2003 synodi
2219 1933 2556 1987 auctoritate
2587 1934 2891 1987 constituto
2922 1933 3159 1987 minime
3188 1933 3459 1994 contenti,
3491 1950 3521 1986 e
3550 1949 3657 1986 nu-

1962 2039 2121 2077 mero
2179 2026 2342 2076 erant
2396 2023 2875 2094 apocryphorum,
2930 2023 3138 2092 quibus
3187 2024 3256 2077 ad
3303 2023 3656 2077 inducendos

1962 2110 2022 2163 in
2055 2110 2310 2164 fraudem
2357 2111 2598 2180 populos
2647 2111 2817 2181 vulgo
2865 2111 3116 2165 haeretici
3155 2112 3553 2177 abutebantur,
3593 2129 3657 2165 ac

1965 2214 2084 2267 pra:
2131 2198 2349 2251 caeteris
2396 2198 2707 2265 Manichzei,
2751 2198 2851 2268 qui
2904 2199 3089 2269 reipsa
3136 2199 3512 2253 narrabantur
3551 2200 3659 2254 hoc

1963 2286 2023 2339 in
2049 2287 2172 2340 loco
2205 2286 2446 2340 libenter
2473 2286 2692 2340 latitare
2720 2288 2906 2355 (lbid.,
2933 2304 2988 2341 τι.
3020 2289 3090 2355 3).
3121 2289 3230 2341 Nec
3257 2289 3451 2359 procul
3482 2289 3654 2342 dubio

1965 2374 2118 2428 aliud
2147 2374 2274 2440 fuit,
2309 2391 2409 2427 cur
2436 2375 2700 2428 Aurelius
2750 2393 2782 2428 a
2822 2376 3227 2430 communione
3259 2393 3359 2429 sua
3398 2376 3653 2440 Quintia-

1962 2479 2102 2516 num
2158 2467 2464 2524 amoveret,
2516 2463 2773 2532 quamvis
2828 2464 2897 2518 de
2953 2464 3076 2534 ejus
3113 2481 3280 2518 causa
3319 2465 3652 2518 sententiam

1964 2551 2245 2616 ultimam,
2277 2551 2742 2622 occupationibus
2770 2551 3070 2618 distentus,
3100 2553 3357 2606 nondum
3387 2552 3608 2606 tulisset
3639 2570 3651 2605 :

1963 2654 2162 2692 verum
2193 2641 2467 2692 statuerat
2493 2638 2641 2691 circa
2683 2637 2893 2692 Natalis
2926 2638 3202 2692 Dominici
3234 2638 3401 2692 ferias
3443 2639 3513 2692 ad
3551 2640 3652 2691 Ba-

1964 2727 2327 2782 dezilitanam
2357 2727 2660 2780 Ecclesium
2691 2743 2750 2780 se
2780 2729 3032 2780 conferre
3064 2728 3246 2796 (Ibid.,
3277 2742 3331 2779 η.
3364 2727 3439 2793 ‘2).

2034 2819 2084 2868 5.
2122 2815 2328 2868 Eadem
2372 2831 2600 2884 quoque
2643 2819 2979 2883 tempestate
3025 2814 3280 2883 contigit,
3311 2819 3376 2866 ut
3421 2813 3652 2882 quidam

1965 2904 2314 2968 adolescens,
2348 2903 2583 2955 nomine
2613 2902 2874 2966 Privatio,
2907 2901 3006 2971 qui
3035 2901 3264 2954 nonnisi
3294 2901 3466 2953 semel
3495 2899 3656 2969 quid—

1961 2991 2118 3060 piam
2146 3006 2213 3043 ex
2256 2989 2595 3059 apocryphis
2625 2989 2784 3042 libris
2832 2988 3163 3058 hujusmodi
3200 2989 3414 3057 legerat
3455 2988 3516 3041 in
3557 2987 3655 3040 illa

1963 3078 2215 3144 ecclesia,
2246 3078 2464 3132 veniret
2503 3079 2573 3131 ad
2613 3077 3022 3148 Augustinum,
3055 3093 3265 3145 rogans
3311 3081 3374 3130 ut
3421 3077 3544 3146 ejus
3594 3076 3653 3130 in

1961 3167 2310 3222 monasterio
2338 3166 2690 3236 reciperetur
2712 3167 2893 3234 (Ibid.,
2917 3183 2970 3220 η.
3007 3168 3075 3233 3).
3111 3168 3267 3219 Hunc
3297 3181 3409 3218 non
3438 3165 3656 3235 putavit

1963 3261 2189 3310 sanctus
2219 3254 2466 3308 Antistes
2498 3253 2722 3307 lectoris
2750 3253 3078 3307 habendum
3109 3254 3249 3318 loco,
3283 3269 3385 3306 nec
3415 3251 3654 3322 proinde

1963 3343 2380 3414 subjiciendum
2409 3342 2631 3408 canoni,
2655 3358 2768 3412 quo
2790 3341 3028 3395 vetitum
3049 3345 3187 3406 erat,
3207 3357 3278 3394 ne
3303 3340 3650 3410 reciperetur

1961 3431 2192 3487 alterius
2239 3430 2494 3484 diaecesis
2538 3429 2792 3484 clericus.
2825 3430 2888 3484 Id
2915 3433 3106 3484 tamen
3145 3445 3247 3499 per
3290 3428 3505 3482 litteras
3531 3431 3650 3481 Au-

1961 3521 2104 3576 relio
2143 3519 2496 3590 significavit,
2530 3518 2652 3586 ejus
2689 3518 2794 3571 hac
2840 3517 2899 3571 in
2945 3534 3004 3571 re
3053 3517 3386 3570 sententiam
3437 3519 3653 3568 secutu-

1962 3626 2092 3665 rum
2109 3625 2166 3663 se
2197 3610 2509 3662 affirmans.
2533 3605 2849 3676 Augustino
2871 3606 3048 3676 igitur
3072 3605 3411 3669 Quintianus
3432 3603 3654 3673 scripsit

1961 3703 2085 3752 tum
2115 3697 2182 3751 de
2213 3697 2413 3750 eodem
2441 3695 2780 3760 Privatione,
2815 3711 2985 3765 quem
3019 3694 3128 3746 nisi
3153 3693 3373 3747 violatis
3421 3690 3653 3746 canoni-

1964 3787 2068 3840 bus
2097 3785 2320 3839 admitti
2351 3799 2467 3854 non
2509 3799 2670 3852 posse
2714 3783 3119 3847 contendebat;
3153 3786 3275 3834 tum
3317 3782 3385 3835 de
3422 3780 3656 3850 propria

1964 3891 2094 3928 cum
2123 3872 2352 3926 Aurelio
2400 3870 2799 3934 controversia,
2842 3885 2874 3922 a
2913 3885 3027 3938 quo
3060 3885 3219 3922 suam
3263 3885 3487 3922 causam
3537 3883 3656 3920 non

1957 3960 2204 4033 judicari
2250 3959 2612 4029 querebatur.
2660 3959 2792 4027 Ejus
2839 3957 3137 4026 epistolam
3185 3955 3389 4025 pridie,
3440 3959 3537 4008 aut
3589 3955 3656 4008 ad

1966 4063 2253 4103 summum
2283 4047 2458 4102 biduo
2489 4051 2616 4100 ante
2662 4046 2917 4099 Natalem
2956 4044 3183 4098 Domini
3225 4044 3436 4114 accepit
3462 4045 3655 4112 Augu-

1967 4139 2181 4203 stinus;
2217 4151 2388 4206 quam
2431 4139 2486 4189 et
2531 4133 2762 4188 Aurelio
2793 4133 2999 4187 deferri
3047 4148 3113 4186 ea
3144 4136 3334 4186 mente
3374 4131 3569 4196 voluit,
3599 4133 3660 4182 ut

1967 4227 2333 4298 intelligeret,
2378 4225 2584 4295 quibus
2629 4223 2726 4277 ille
2770 4223 2839 4276 de
2878 4223 3045 4275 rebus
3093 4222 3494 4292 expostularet,
3531 4218 3661 4289 qui-

1968 4319 2139 4373 busve
2209 4315 2270 4368 in
2323 4313 2655 4368 defensione
2726 4310 3044 4365 rationibus
3114 4309 3198 4363 uti
3262 4307 3658 4362 constituisset.

1971 4403 2181 4458 Deinde
2213 4401 2398 4456 eidem
2429 4400 2739 4465 Quintiano
2769 4415 2898 4453 cum
2926 4398 3084 4452 omni
3113 4396 3452 4452 urbanitatis
3488 4395 3664 4464 signi-

1971 4491 2235 4546 ficatione
2290 4489 2626 4558 respondit:
2686 4503 2748 4541 ac
2799 4486 2989 4550 simul,
3023 4491 3087 4538 ut
3133 4501 3279 4550 eam,
3315 4500 3428 4548 qua
3474 4498 3664 4536 secum

1972 4579 2264 4649 agebatur,
2297 4577 2581 4630 rationem
2631 4591 2798 4644 aequo
2848 4574 3040 4627 animo
3089 4573 3280 4638 ferret,
3308 4571 3546 4642 perinde
3585 4574 3668 4623 est

1975 4669 2323 4730 adhortatus,
2357 4664 2520 4736 quasi
2567 4663 2942 4717 existimasset
2983 4662 3378 4726 innocentem;
3407 4657 3542 4712 satis
3585 4663 3668 4711 ta-

1973 4771 2106 4810 men
2149 4753 2506 4823 intelligitur,
2557 4767 2689 4806 eum
2739 4749 2847 4804 sibi
2893 4750 2998 4802 hac
3046 4749 3114 4802 de
3160 4764 3220 4801 re
3259 4746 3543 4801 statuendi
3574 4747 3669 4815 jus

1976 4858 2241 4913 arrogare
2268 4841 2540 4895 noluisse.
2572 4839 2722 4904 Quin
2753 4838 2925 4892 etiam
2967 4838 3130 4891 illum
3159 4836 3393 4891 omnino
3434 4837 3542 4890 hoc
3564 4850 3669 4889 no-

1977 4932 2130 4986 mine
2171 4927 2560 5000 reprehendit,
2610 4926 2764 4997 quod
2822 4925 3178 4996 apocryphos
3227 4925 3401 4980 libros
3448 4922 3673 4978 recitari

1970 5020 2233 5092 jusserit;
2291 5035 2352 5072 ac
2407 5021 2685 5087 praeterea
2733 5019 2894 5069 notat
2935 5015 3146 5085 ipsum,
3180 5015 3333 5084 quod
3373 5014 3442 5068 ad
3481 5014 3670 5067 Priva-

1979 5109 2195 5163 tionem
2225 5107 2444 5171 attinet,
2474 5106 2603 5176 plus
2647 5119 2812 5175 aequo
2857 5107 3206 5157 commotum
3247 5102 3438 5156 fuisse.
3475 5102 3542 5154 Se
3573 5102 3698 5153 au-'

1978 5202 2094 5250 tem
2128 5196 2197 5263 a1)
2236 5195 2358 5266 ejus
2387 5192 2745 5263 suscipienda
2778 5207 2946 5246 causa
2975 5195 3230 5257 excusat;
3260 5205 3388 5242 cum
3425 5187 3540 5240 sint
3576 5185 3674 5239 alii

1981 5283 2260 5339 antistites
2308 5281 2423 5354 qui,
2474 5285 2708 5352 propter
2762 5280 3037 5350 majorem
3091 5283 3210 5333 tum
3262 5274 3672 5339 auctoritatem,

1981 5378 2105 5428 tum
2129 5371 2640 5443 propinquitatem,
2664 5368 2723 5423 id
2743 5368 2963 5423 facilius
2988 5371 3256 5438 praastare
3287 5364 3516 5434 queant.
3546 5362 3677 5430 Ejus

1983 5464 2175 5513 tamen
2233 5459 2532 5529 epistolam
2590 5457 2671 5512 ait
2726 5473 2758 5511 a
2807 5473 2864 5509 se
2917 5456 2987 5509 ad
3039 5452 3332 5514 Aurelium
3383 5449 3676 5504 transmis-

1989 5563 2140 5613 sam;
2173 5563 2286 5602 non
2331 5547 2582 5617 potuisse
2612 5549 2804 5599 autem
2833 5543 3048 5614 populo
3079 5555 3228 5594 cura:
3256 5537 3410 5593 illius
3439 5537 3676 5606 credito,
