4062 6368
345 313 436 362 311

339 447 372 483 a
420 446 534 500 quo
571 429 791 482 litteras
831 428 1015 481 nullas
1061 432 1371 496 acceperat,
1407 426 1683 492 scribere;
1715 431 1840 479 tum
1883 425 2036 495 quod

340 517 461 588 ipse
512 514 731 570 tardius
801 513 1093 578 Quintiani
1165 512 1466 583 epistolam
1528 512 1858 584 accepisset,
1917 515 2044 566 tum

342 605 496 676 quod
526 603 700 675 plebi,
733 619 861 672 quae
893 599 1302 672 dispensationi
1342 615 1459 654 suae
1490 601 1793 655 commissa
1822 615 1936 655 non
1963 615 2046 653 es-

344 699 448 759 set,
478 695 630 747 ultro
660 692 905 746 scribere
935 706 1037 744 nec
1075 689 1330 756 auderet,
1358 705 1463 744 nec
1511 706 1614 744 sua
1653 689 1889 762 quidem
1917 705 2043 743 sen-

344 782 523 837 tentia
574 785 723 834 recte
778 783 996 850 posset;
1039 794 1201 832 suam
1252 793 1387 831 vero
1436 778 1615 848 ipsius
1667 779 1738 832 ad
1781 793 1915 833 eum
1967 793 2045 830 re-

347 868 712 938 sponsionem
751 866 1018 920 omnibus
1057 865 1222 920 facile
1272 865 1708 920 satisfacturam.
1753 865 2049 935 Signiﬁcat

347 958 534 1018 illum,
573 972 703 1010 cum
731 954 976 1017 libuerit,
1026 953 1097 1007 ad
1129 970 1187 1008 se
1233 954 1427 1008 venire
1464 971 1654 1025 posse,
1701 971 1807 1008 nec
1837 969 2045 1008 onero-

350 1062 477 1100 sum
505 1046 627 1100 fore
658 1045 965 1098 adventum
995 1045 1146 1114 ejus;
1179 1059 1292 1097 non
1336 1049 1527 1097 tamen
1560 1043 1727 1097 licere
1781 1042 1886 1097 sibi
1916 1057 2048 1095 eum

351 1134 651 1188 admittere
681 1133 752 1186 ad
795 1148 956 1188 suam
997 1131 1482 1198 communionem,
1517 1131 1617 1202 qui
1647 1147 1778 1185 cum
1821 1130 2048 1185 Aurelio

353 1240 466 1277 non
495 1222 958 1276 communicaret.
987 1222 1050 1275 In
1089 1221 1194 1274 hac
1224 1236 1452 1292 quoque
1483 1219 1744 1290 epistola,
1776 1219 1911 1291 quid
1941 1235 2049 1273 nu-

351 1325 454 1379 per
483 1326 515 1363 a
555 1308 794 1363 concilio
849 1309 917 1362 de
963 1309 1256 1363 monachis
1297 1308 1626 1362 monasterii
1673 1307 2054 1362 desertoribus

356 1402 628 1452 statutum
675 1398 763 1464 sit,
811 1397 1110 1450 observat:
1161 1397 1313 1450 unde
1362 1396 1721 1462 adducimur,
1753 1402 1816 1450 ut
1863 1396 2056 1450 creda-

356 1502 484 1540 mus
540 1502 686 1552 eam,
746 1490 875 1556 post
928 1489 1184 1554 acceptas
1240 1483 1466 1539 circiter
1517 1485 1747 1539 Domini
1797 1485 2055 1538 Natalem

358 1574 649 1638 Quintiani
679 1574 912 1639 litteras,
944 1575 1051 1628 hoc
1081 1577 1335 1627 vertente
1364 1589 1514 1626 anno
1553 1573 1820 1643 scriptam
1855 1573 2054 1639 fuisse;

358 1679 487 1721 eum
515 1679 630 1717 non
671 1662 826 1716 aliud
857 1679 887 1716 e
919 1661 1154 1716 concilio
1184 1662 1453 1732 proferat,
1485 1677 1656 1733 quam
1685 1661 1837 1732 quod
1874 1661 2060 1715 fuerat

360 1751 415 1804 in
449 1751 879 1822 Carthaginensi
903 1751 1088 1805 idibus
1121 1750 1458 1821 septembris
1489 1750 1876 1804 constitutum.

432 1842 484 1893 6.
520 1839 581 1894 Id
614 1839 794 1894 ferme
845 1838 1122 1910 temporis
1158 1838 1512 1909 Augustinus
1549 1838 1618 1892 de
1660 1854 1828 1891 causa
1865 1838 2058 1892 Abun-

361 1927 540 1981 dantii
596 1927 938 1982 sententiam
978 1926 1126 1990 tulit,
1169 1931 1420 1993 centum,
1451 1931 1518 1981 ut
1571 1926 1692 1997 ipse
1737 1925 2058 1997 proﬁtetur,

365 2015 564 2070 diebus
620 2021 749 2070 ante
810 2015 1167 2070 Dominicum
1226 2016 1451 2069 Paschae
1495 2016 1698 2085 (Epist.
1749 2019 1839 2084 65,
1885 2031 1941 2069 η.
1982 2016 2059 2083 2),

363 2103 462 2173 qui
493 2107 687 2158 octavo
708 2103 837 2158 idus
866 2103 1064 2174 aprilis
1093 2104 1316 2158 futurus
1346 2109 1484 2158 erat.
1509 2104 1826 2158 Primatum
1854 2103 1912 2157 in
1945 2104 2062 2157 Nu-

365 2190 542 2244 midia
587 2196 723 2245 tunc
769 2191 1065 2245 obtinebat
1103 2191 1414 2262 Xantippus
1456 2191 1614 2261 (Ibid.
1659 2193 1860 2260 titulo.)
1894 2209 1906 2244 :
1947 2208 2060 2262 quo

367 2295 501 2332 sane
532 2283 791 2349 tempore
821 2279 1034 2333 Pascha
1065 2278 1124 2332 in
1153 2283 1414 2333 octavum
1451 2279 1581 2333 idus
1610 2279 1806 2350 aprilis
1836 2279 2064 2333 nonnisi

368 2382 518 2420 anno
562 2367 1128 2438 quadringentesimo
1164 2366 1716 2421 secundo'incidisse
1756 2367 2061 2437 reperitur.

371 2455 483 2508 IIac
511 2470 645 2524 ergo
668 2455 737 2508 de
767 2471 826 2508 re
853 2459 1006 2509 sexto
1027 2455 1296 2508 kalendas
1318 2454 1611 2525 januarias
1633 2454 1768 2509 anni
1797 2455 2065 2526 quadrin-

368 2542 670 2612 gentesimi
699 2542 871 2613 primi
890 2543 1183 2613 judicavit.
1220 2545 1349 2597 Erat
1371 2542 1766 2598 Abundantius
1802 2543 1933 2610 loci,
1965 2543 2065 2614 qui

371 2631 863 2684 Strabonianensis
937 2631 1250 2698 dicebatur,
1307 2631 1366 2686 in
1432 2632 1659 2686 dioecesi
1715 2633 2067 2704 Hipponensi

369 2719 681 2788 presbyter.
719 2719 802 2772 Ibi
825 2736 954 2773 cum
986 2720 1286 2774 Ecclesiam
1313 2720 1677 2790 gubernaret,
1707 2721 1920 2775 famam
1951 2737 2063 2776 non

370 2808 578 2861 bonam
611 2808 822 2862 habere
860 2809 1073 2879 coepit:
1117 2824 1230 2879 qua
1278 2809 1620 2863 conterritus
1663 2809 1795 2863 licet
1841 2814 2067 2864 sanctus

368 2895 637 2963 Antistes,
668 2896 812 2950 nihil
851 2901 1042 2950 tamen
1082 2901 1294 2951 temere
1341 2897 1601 2952 credidit.
1638 2899 1844 2952 Verum
1889 2899 2068 2953 factus

367 2982 498 3036 inde
527 2983 841 3050 sollicitior,
875 3000 1111 3055 operam
1141 2984 1316 3052 dedit,
1349 2985 1396 3038 si
1426 3002 1540 3056 quo
1581 2986 1749 3040 modo
1779 2991 1968 3057 posset
1997 2986 2066 3040 ad

366 3070 555 3142 aliqua
586 3072 905 3142 depravata:
948 3072 1100 3126 illius
1143 3072 1271 3127 vitae
1302 3078 1455 3128 certa
1492 3073 1705 3128 indicia
1740 3074 2063 3145 pervenire.

369 3159 622 3214 Primum
660 3161 836 3231 igitur
866 3162 1164 3232 comperit,
1198 3161 1360 3215 illum
1401 3161 1472 3216 de
1516 3162 1758 3233 pecunia
1787 3179 1904 3216 suae
1934 3162 2067 3217 ﬁdei

367 3266 399 3300 a
442 3247 650 3301 rustico
693 3249 908 3303 credita
955 3250 1174 3304 nullam
1219 3266 1382 3320 posse
1425 3250 1782 3318 probabilem
1833 3251 2066 3305 reddere

369 3335 687 3389 rationem:
723 3340 892 3406 atque
929 3335 1071 3390 adeo
1110 3337 1257 3390 hanc
1298 3337 1487 3407 ipsum
1526 3336 1586 3390 in
1632 3354 1768 3391 usus
1804 3338 2068 3410 proprios

368 3423 728 3476 convertisse.
766 3425 817 3478 Is
849 3423 1055 3478 deinde
1087 3424 1376 3478 convictus
1419 3424 1547 3490 fuit,
1581 3426 1734 3496 quod
1756 3427 1967 3498 jejunii
1994 3428 2066 3482 ob

371 3511 626 3564 Natalem
658 3511 1017 3565 Dominicum
1045 3512 1293 3566 instituti
1321 3512 1412 3567 die
1438 3529 1471 3566 a
1499 3513 1808 3584 Gippitano
1830 3514 2067 3585 presby-

367 3603 510 3665 tero,
545 3600 706 3670 quasi
736 3605 799 3654 ut
823 3601 1057 3655 domum
1087 3605 1392 3672 repeteret,
1426 3601 1564 3656 hora
1595 3601 1816 3658 circiter
1845 3603 2059 3675 quinta,

368 3689 475 3741 hoc
497 3693 601 3754 est,
625 3693 814 3743 nostro
837 3689 1108 3761 loquendi
1136 3705 1314 3759 more,
1336 3689 1656 3757 undecima,
1683 3692 1975 3746 discedens
1997 3692 2064 3747 ad

369 3778 622 3847 ejusdem
651 3779 760 3833 loci
783 3778 1105 3846 mulierem,
1135 3795 1264 3850 qua:
1295 3780 1443 3834 male
1475 3781 1763 3849 audiebat,
1792 3782 1948 3835 nullo
1979 3798 2066 3836 co-

366 3866 604 3921 mitante
648 3867 853 3922 clerico
901 3868 1252 3935 divertisset;
1287 3873 1342 3923 et
1384 3870 1640 3940 quamvis
1674 3869 1960 3940 jejunium
2005 3870 2066 3924 in

367 3955 667 4025 Gippitana
697 3956 941 4011 Ecclesia
970 3963 1290 4012 servaretur
1318 3974 1436 4012 non
1466 3974 1629 4012 secus
1657 3975 1721 4012 ac
1757 3958 1818 4012 in
1847 3958 2065 4013 caeteris

367 4044 645 4113 Ecclesiis,
676 4049 871 4100 tamen
903 4046 1055 4116 apud
1089 4046 1351 4100 eamdem
1388 4046 1784 4100 mulierculam
1811 4046 2065 4117 prandis-

365 4141 468 4197 set,
513 4137 801 4194 coenasset,
855 4137 929 4199 et,
972 4133 1126 4204 quod
1174 4133 1618 4204 reprehensione
1673 4133 1902 4204 dignius
1956 4137 2061 4198 est,

364 4225 765 4290 pernoctasset.
803 4222 958 4274 Tunc
988 4237 1118 4274 vero
1165 4220 1441 4291 temporis
1487 4221 1862 4291 Hipponensis
1900 4221 2063 4274 cleri-

367 4324 485 4374 cus,
518 4309 718 4362 eodem
759 4313 1021 4378 receptus
1061 4307 1310 4377 hospitio
1351 4308 1522 4365 (unde
1553 4308 1848 4379 publicum
1887 4309 2065 4363 diver-

367 4395 584 4449 sorium
628 4395 800 4449 fuisse
849 4395 1010 4449 facile
1059 4395 1393 4464 credideris)
1434 4395 1649 4450 aderat.
1693 4395 1814 4459 Quo
1853 4397 2064 4452 factum

368 4488 470 4549 est,
503 4488 568 4538 ut
604 4489 896 4554 quierente
934 4485 1252 4554 Augustino
1299 4485 1369 4538 de
1409 4500 1577 4538 causa
1618 4484 1986 4553 Abundantii,
2018 4487 2064 4541 is

367 4577 538 4642 caput
562 4573 669 4626 hoc
695 4588 902 4644 negare
933 4573 1377 4644 haudquaquam
1407 4573 1677 4643 potuerit.
1713 4575 1908 4646 Itaque
1940 4592 2063 4630 san-

367 4666 488 4715 ctus
531 4662 762 4728 Prassul,
795 4663 908 4716 Deo
937 4662 1183 4716 dimissis
1213 4678 1341 4733 quae
1383 4663 1478 4716 ille
1519 4661 1896 4732 inﬁciabatur,
1928 4681 2062 4719 con-

367 4749 668 4803 fessionem
709 4750 854 4804 hanc
880 4739 1150 4818 sufﬁcere
1190 4751 1550 4819 existimavit,
1593 4757 1656 4806 ut
1692 4769 1824 4806 eum
1861 4753 1930 4806 ab
1973 4755 2063 4806 Ec-

367 4837 572 4902 clesiae,
607 4854 778 4908 quam
820 4839 1068 4912 undique
1095 4840 1536 4896 circumstabant
1574 4841 1846 4910 haeretici,
1879 4841 2060 4894 admi-

367 4925 700 4980 nistratione
747 4933 1081 4995 removeret,
1129 4934 1225 4983 aut
1272 4929 1444 4984 etiam
1492 4934 1730 5001 propter
1774 4929 2058 4984 sinistram

366 5016 576 5070 famam
625 5015 693 5069 de
741 5017 1078 5088 presbyterii
1115 5020 1293 5090 gradu
1345 5020 1674 5090 depelleret.
1726 5021 1838 5074 Hoc
1886 5019 2062 5090 igitur

367 5109 523 5158 sexto
554 5104 826 5159 kalendas
849 5106 1144 5176 januarias
1175 5111 1403 5162 centum
1441 5108 1642 5162 diebus
1689 5113 1819 5162 ante
1853 5108 2061 5162 Pascha

365 5193 576 5246 factum
609 5197 709 5248 est.
743 5194 948 5248 Statuit
978 5194 1373 5249 Abundantius
1410 5196 1480 5250 ad
1520 5197 1916 5266 presbyterum
1954 5201 2057 5250 Ar-

365 5298 811 5350 memanenscm,
855 5283 916 5336 in
961 5283 1211 5337 Bullensi
1248 5299 1466 5354 campo,
1513 5284 1659 5338 unde
1708 5290 1956 5352 venerat,
1999 5301 2057 5339 se

364 5369 636 5439 recipere.
668 5371 760 5424 Est
789 5374 980 5424 autem
1013 5370 1172 5424 Bulla
1198 5386 1299 5423 seu
1331 5369 1704 5440 Bulla-Regia
1728 5370 1785 5424 in
1812 5373 2055 5425 Procon-

365 5460 540 5514 sulari
570 5460 701 5514 sita.
737 5461 1098 5531 Quapropter
1121 5459 1502 5531 Augustinum
1530 5459 1771 5531 rogavit,
1805 5461 1890 5514 uti
1920 5461 2054 5515 scri-

366 5548 527 5603 beret
565 5549 635 5603 ad
683 5550 1079 5622 presbyterum
1109 5549 1291 5612 illum.
1325 5565 1388 5603 ac
1436 5549 1518 5604 rei
1565 5549 1760 5614 totius,
1806 5565 1876 5605 ne
1908 5551 2052 5605 forte

1585 302 1737 354 VI'I‘A
1779 302 1830 353 S.
1873 301 2247 354 AUGUSTINI
2296 299 2631 354 EPISCOPI.

3743 298 3867 348 312

2152 423 2368 495 aliquid
2399 421 2624 494 gravius
2650 419 3052 490 suspicaretur,
3084 417 3383 470 certiorem
3404 418 3614 472 faceret
3650 435 3664 472 :
3698 417 3884 489 quod

2151 517 2209 567 et
2234 511 2342 583 ipsi
2373 508 2762 564 misericordia
2791 507 3038 578 quadam
3067 505 3342 560 concessit
3380 506 3761 576 Augustinus,
3806 509 3884 559 ut

2153 618 2186 656 a
2225 599 2561 672 presbyterii
2603 612 2843 652 munere
2891 600 3168 664 remotus,
3198 594 3280 648 ibi
3324 610 3456 648 cum
3503 594 3882 665 diligentiori

2155 687 2588 744 existimationis
2619 701 2737 740 suae
2765 701 2922 754 cura,
2955 687 3072 750 aut,
3106 682 3600 754 quemadmodum
3629 683 3710 736 ait
3738 698 3886 736 san-

2155 783 2279 832 ctus
2307 777 2540 842 Praesul,
2572 774 2880 829 correctior
2905 772 3136 827 viveret.
3172 773 3233 826 In
3273 771 3460 826 indice
3490 771 3883 842 epistolarum

2154 863 2478 936 Augustini,
2505 879 2683 918 unam
2713 861 2786 917 ad
2815 861 3095 916 Victorem
3125 859 3526 931 presbyterum
3556 859 3625 913 de
3656 874 3882 928 campo

2099 949 2108 958 ’
2159 954 2412 1009 Bullensi
2467 956 2726 1006 recenset
2787 949 3072 1005 Possidius
3139 950 3222 1020 (In
3275 949 3540 1015 Indiculo,
3605 963 3729 1016 cap.
3785 945 3878 1016 7).

2158 1041 2590 1098 Abundantium
2616 1039 2788 1093 simul
2818 1037 3116 1092 admonuit
3145 1037 3519 1106 Augustinus,
3545 1035 3591 1088 si
3621 1035 3804 1089 vellet
3848 1051 3884 1087 a

2161 1130 2440 1184 sententia
2471 1129 2533 1183 in
2560 1145 2618 1182 se
2649 1129 2761 1182 lata
2785 1142 3114 1199 provocare,
3144 1125 3200 1180 id
3232 1124 3343 1195 ipsi
3379 1124 3540 1179 intra
3563 1123 3700 1177 anni
3730 1138 3883 1193 spa-

2159 1217 2304 1272 tium
2330 1233 2398 1271 ex
2429 1215 2634 1270 ultimo
2661 1214 2903 1271 concilio
2931 1214 3175 1268 liberum
3197 1229 3318 1267 esse
3341 1211 3561 1283 (Codice
3589 1212 3886 1267 Canonum

2160 1308 2365 1372 Afric.,
2410 1321 2528 1359 can.
2572 1308 2686 1371 79);
2721 1320 2834 1374 quo
2872 1308 3130 1374 tempore
3176 1302 3388 1372 elapso,
3422 1300 3544 1370 jam
3576 1299 3648 1354 ad
3689 1314 3888 1370 agen-

2163 1395 2301 1448 dum
2331 1392 2667 1463 neutiquam
2709 1391 3125 1445 admitteretur.
3153 1388 3436 1458 Xantippo
3477 1403 3708 1458 quoque
3740 1391 3882 1440 tan-

2163 1497 2337 1552 quam
2379 1479 2690 1550 provinciai
2734 1479 2968 1550 primati
3016 1477 3258 1549 scripsit,
3287 1475 3420 1531 facti
3461 1476 3549 1530 sui
3579 1475 3884 1530 rationem

2165 1570 2507 1624 redditurus.
2569 1573 2825 1640 Cumque
2881 1567 3078 1622 liceret
3133 1564 3498 1621 Abundantio
3551 1565 3880 1635 postulare,

2169 1663 2232 1713 ut
2276 1675 2366 1712 sex
2410 1657 2663 1729 episcopi
2714 1657 2783 1711 de
2827 1673 2995 1710 causa
3045 1656 3168 1726 ejus
3199 1661 3450 1709 extremo
3483 1653 3702 1724 judicio
3736 1669 3883 1723 pro-

2167 1745 2526 1812 nuntiarent;
2557 1745 2862 1816 proﬁtetur
2890 1744 3267 1815 Augustinus,
3299 1743 3346 1796 si
3374 1743 3482 1797 hoc
3511 1743 3572 1796 in
3600 1741 3884 1796 examine

2171 1834 2378 1906 dignus
2405 1832 2762 1904 depositione
2791 1831 2840 1886 is
2866 1848 2984 1886 non
3013 1831 3184 1886 fuerit
3207 1835 3489 1902 repertus,
3509 1845 3673 1900 posse
3696 1845 3884 1900 quem

2169 1923 2423 1992 libuerit,
2455 1922 2507 1976 ei
2535 1922 2837 1977 Ecclesiam
2867 1938 2984 1975 sua:
3018 1921 3432 1992 jurisdictionis
3481 1920 3882 1985 committere;

2172 2013 2278 2068 sibi
2306 2029 2438 2068 vero
2460 2012 2518 2068 id
2541 2013 2696 2066 nullo
2727 2011 2898 2066 modo
2929 2027 3049 2065 esse
3071 2011 3378 2081 integrum,
3403 2026 3474 2063 ne
3503 2025 3631 2080 quae
3660 2009 3885 2063 damna

2171 2099 2304 2154 hinc
2350 2102 2497 2155 forte
2545 2100 2851 2165 orirentur,
2901 2100 2960 2154 in
3005 2117 3062 2155 se
3089 2100 3279 2170 ipsum
3327 2098 3666 2153 reciderent.
3718 2099 3886 2152 Hanc

2172 2188 2472 2258 epistolam
2517 2205 2806 2243 summum
2835 2189 3068 2243 ineunte
3107 2203 3255 2242 anno
3300 2186 3880 2257 quadringentesimo

2174 2278 2438 2346 secundo,
2501 2283 2558 2332 et
2617 2277 2789 2333 dubio
2858 2277 3056 2348 procul
3121 2280 3251 2331 ante
3314 2276 3548 2343 Pascha,
3603 2274 3881 2346 scriptam

2173 2365 2346 2419 fuisse
2387 2371 2632 2436 oportet.

2242 2458 2298 2507 7.
2351 2454 2699 2509 Referendus
2749 2453 2974 2507 videtur
3020 2452 3088 2506 ad
3138 2451 3272 2506 anni
3319 2450 3879 2524 quadringentesimj

2175 2542 2348 2614 primi
2379 2543 2592 2597 exitum
2618 2541 2838 2596 tristior
2865 2541 2961 2595 ille
3000 2557 3179 2602 casus,
3207 2557 3381 2612 quem
3409 2539 3574 2594 initio
3607 2539 3882 2612 quadrin—

2175 2630 2482 2701 gentesimi
2524 2629 2757 2685 secundi
2797 2633 3082 2684 recentem
3117 2630 3303 2684 adhuc
3341 2629 3572 2699 lugebat
3599 2628 3878 2698 Augusti-

2176 2735 2303 2773 nus.
2338 2718 2630 2790 Crispinus
2672 2718 3018 2774 Calamensis
3064 2735 3093 2772 e
3133 2717 3335 2773 Donati
3373 2722 3532 2789 parte
3576 2717 3882 2788 episcopus

2176 2822 2307 2862 cum
2333 2809 2780 2879 haudquaquam
2811 2823 2877 2860 eo
2900 2806 3226 2860 divitiarum
3254 2810 3431 2874 metu,
3451 2821 3623 2876 quem
3653 2805 3882 2860 Petilia-

2176 2913 2284 2951 nus
2340 2913 2458 2950 suae
2507 2900 2672 2950 secta:
2726 2895 3055 2950 hominibus
3120 2895 3306 2950 inesse
3359 2894 3724 2966 praedicabat,
3779 2895 3882 2950 sed

2177 3001 2372 3039 amore
2405 2990 2602 3039 contra
2630 2999 2827 3039 earum
2859 2987 3148 3038 teneretur
3178 2983 3398 3052 (Contra
3430 2983 3666 3036 Litteras
3693 2983 3880 3049 Petzl.,

2177 3075 2273 3130 lib.
2314 3079 2367 3142 2,
2400 3091 2444 3130 c.
2479 3077 2566 3142 99,
2598 3091 2653 3128 η.
2695 3075 2853 3144 228);
2896 3077 3088 3127 coacta
3135 3071 3396 3142 pecuniae
3444 3086 3560 3124 non
3604 3069 3883 3124 mediocri

2177 3179 2400 3218 summa
2454 3163 2733 3234 praedium
2791 3161 2930 3216 emit
2984 3151 3384 3232 Mappaliense,
3427 3175 3542 3213 non
3593 3159 3760 3229 longe
3809 3159 3878 3213 ab

2177 3250 2434 3321 Hippone
2478 3250 2654 3304 situm
2704 3249 2913 3320 (Epist.
2969 3251 3054 3313 66,
3089 3265 3144 3302 η.
3192 3248 3265 3318 l),
3300 3248 3462 3318 cujus
3509 3247 3744 3301 miseros
3788 3246 3879 3300 in-

2177 3340 2325 3394 colas
2363 3344 2481 3393 tam
2522 3338 2800 3392 violenter
2847 3336 3131 3408 oppressit
3177 3342 3349 3408 atque
3396 3335 3772 3402 conturbavit,
3814 3342 3881 3390 ut

2177 3443 2292 3481 uno
2323 3425 2554 3480 terroris
2584 3425 2805 3496 impetu
2840 3423 3128 3494 octoginta
3163 3424 3344 3478 ferme
3383 3423 3602 3477 animas
3641 3423 3875 3477 misera-

2175 3515 2278 3570 bili
2317 3515 2532 3586 gemitu
2579 3513 2938 3568 mussitantes
2982 3529 3098 3567 non
3148 3511 3421 3567 dubitarit
3467 3511 3871 3583 rebaptizando

2176 3604 2541 3674 submergere
2576 3604 2743 3674 (Cont.
2778 3604 3011 3656 Litteras
3033 3602 3214 3666 Petit.,
3241 3601 3334 3654 tib.
3360 3604 3413 3666 2,
3443 3616 3488 3655 c.
3523 3603 3611 3667 83,
3642 3616 3699 3654 τι.
3732 3600 3870 3669 184).

2173 3692 2527 3763 Augustinus
2557 3690 2796 3745 luctuosi
2826 3690 3060 3760 hujusce
3095 3688 3228 3742 facti
3255 3689 3447 3742 dolore
3476 3705 3721 3759 pressus,
3754 3687 3871 3742 Cri-

2175 3782 2338 3853 spino
2391 3796 2494 3851 per
2545 3778 2766 3833 litteras
2821 3776 3182 3847 signiﬁcavit,
3233 3792 3290 3829 se
3353 3777 3590 3847 quidem
3647 3777 3870 3831 efﬁcere

2174 3886 2358 3941 posse,
2391 3873 2459 3922 ut
2503 3867 2698 3923 decem
2736 3865 2861 3920 auri
2904 3865 3113 3936 pondo,
3146 3864 3354 3935 quibus
3392 3865 3626 3920 clericos
3652 3866 3873 3921 haereti-

2175 3975 2268 4014 cos
2294 3956 2642 4014 Theodosius
2672 3957 2992 4020 mulctarat,
3027 3955 3302 4020 solveret;
3330 3953 3499 4008 malle
3521 3959 3718 4009 tamen
3742 3971 3871 4010 eum

2177 4048 2506 4109 admonere,
2537 4049 2602 4099 ut
2642 4043 2781 4116 quid
2824 4044 2937 4097 Deo
2991 4042 3100 4112 ipsi
3139 4058 3517 4112 responsurus
3557 4043 3648 4110 sit,
3689 4045 3871 4114 provi-

2173 4136 2347 4190 deat:
2409 4135 2561 4206 quod
2617 4133 2664 4188 si
2719 4132 2967 4188 afﬁrmet
3026 4132 3252 4186 colonos
3304 4131 3711 4202 Mappalienses
3770 4149 3872 4187 sua

2175 4230 2374 4295 sponte
2422 4225 2544 4294 ejus
2583 4222 2891 4293 suscepisse
2937 4219 3420 4287 communionem,
3460 4225 3654 4290 petere
3689 4237 3767 4288 se,
3806 4226 3871 4275 ut

2174 4312 2312 4382 ipsis
2349 4311 2730 4382 praesentibus
2775 4310 3055 4364 habeatur
3103 4308 3425 4378 Crispinum
3472 4307 3621 4363 inter
3667 4313 3721 4362 et
3760 4311 3869 4364 Au-

2174 4400 2471 4472 gustinum
2501 4401 2571 4454 de
2603 4398 2860 4453 Ecclesia:
2887 4414 3055 4452 causa
3081 4397 3410 4468 disputatio,
3435 4402 3492 4451 et
3517 4414 3644 4468 quas
3674 4399 3868 4452 utrim-

2173 4505 2284 4561 que
2313 4488 2590 4552 dicentur,
2625 4486 2832 4557 scripta
2866 4491 3035 4557 atque
3065 4485 3360 4556 obsignata
3399 4486 3600 4540 iisdem
3644 4486 3864 4540 rusticis

2172 4577 2378 4650 punica
2418 4577 2618 4646 lingua
2648 4580 3038 4646 exponentur;
3075 4575 3284 4647 quibus
3312 4575 3578 4645 peractis,
3613 4574 3724 4628 illis
3763 4591 3863 4645 per

2173 4665 2496 4736 Crispinum
2519 4669 2765 4735 potestas
2794 4665 2915 4734 ﬁat,
2945 4669 3136 4719 utram
3176 4663 3371 4730 velint,
3400 4663 3856 4718 communionem

2173 4754 2439 4825 eligendi.
2464 4754 2634 4808 Addit
2658 4758 2955 4824 praterea,
2979 4753 3024 4806 si
3061 4769 3201 4823 quas
3231 4752 3401 4806 etiam
3431 4752 3624 4822 plebes
3647 4752 3854 4823 Crispi-

2171 4860 2278 4898 nus
2305 4848 2465 4913 putet
2497 4849 2653 4898 metu
2695 4844 3059 4898 dominorum
3105 4846 3324 4895 coactas
3352 4857 3386 4896 a
3429 4841 3738 4896 Donatistis
3767 4841 3857 4896 de-

2172 4933 2415 4997 scivisse,
2472 4950 2528 4986 se
2585 4932 2921 5003 neutiquam
2972 4946 3253 4996 recusare,
3313 4929 3454 5000 quin
3510 4929 3615 4983 hoc
3673 4929 3856 4998 ipsum

2170 5032 2226 5076 et
2262 5021 2342 5075 ibi
2389 5021 2506 5089 ﬁat,
2552 5021 2706 5092 ipsos
2753 5020 2961 5074 scilicet
3007 5019 3203 5072 ambos
3251 5018 3506 5083 audiant,
3539 5017 3720 5088 iisque
3763 5034 3855 5071 au-

2171 5109 2302 5164 ditis
2353 5110 2569 5182 eligant
2619 5109 2767 5180 quod
2817 5106 3113 5178 placuerit.
3161 5106 3375 5171 Quibus
3421 5111 3481 5160 ut
3528 5106 3857 5176 respondeat

2170 5198 2483 5270 Crispinus,
2525 5215 2658 5253 eum
2707 5213 2812 5268 per
2857 5195 3166 5250 Dominum
3215 5196 3502 5250 Christum
3557 5195 3857 5249 obtestatur

2171 5287 2365 5357 (Epist.
2420 5291 2506 5355 66,
2558 5302 2650 5339 1m.
2706 5289 2724 5338 t
2781 5287 2856 5355 2).
2925 5284 3262 5356 Quanquam
3313 5285 3419 5339 hoc
3472 5300 3587 5337 non
3638 5288 3854 5354 poterat

2168 5375 2459 5445 Crispinus
2505 5375 2795 5444 defugere,
2851 5372 2993 5444 quin
3065 5373 3236 5429 simul
3291 5389 3352 5426 se
3417 5372 3570 5426 haud
3625 5372 3852 5427 veritate

2167 5463 2271 5518 niti
2315 5464 2668 5518 declararet:
2721 5461 2837 5515 veri
2883 5467 3076 5516 tamen
3139 5461 3324 5515 simile
3369 5466 3472 5527 est,
3506 5461 3674 5514 illum
3724 5477 3850 5514 con-

2168 5551 2446 5605 ditionem
2516 5549 2751 5604 minime
2830 5566 3033 5605 ausum
3098 5550 3370 5619 accipere,
3431 5565 3500 5603 ne
3565 5547 3851 5603 manifesta
