4062 6354
151 327 266 377 313

146 444 353 499 clades
376 442 487 514 ipsi
514 446 682 510 esset,
711 458 884 514 quam
913 443 1069 512 fuga,
1094 442 1514 513 propndiosior.

828 530 1055 584 CAPUT
1093 530 1210 583 VII.

152 622 175 672 1
219 620 602 675 Controversia
629 619 1000 686 Augustinum
1027 620 1167 672 inter
1206 633 1270 673 ac
1312 619 1563 674 Severum
1602 620 1866 674 Milevita-

229 723 367 761 num
416 710 642 776 propter
695 707 1026 761 Timotheum
1090 710 1297 760 exorta.
1358 710 1389 758 2
1444 708 1596 761 Hunc
1653 710 1862 775 Severo,

228 796 503 849 obstinate
534 795 690 848 illum
725 797 1042 864 reposcenti,
1077 797 1245 850 mittit
1282 797 1642 864 Augustinus.
1690 799 1720 851 3
1760 798 1867 851 0r-

231 885 528 938 natissima
566 882 810 937 laudatio
849 885 1159 950 Augustino
1200 885 1334 939 data
1374 901 1409 938 a
1448 887 1659 941 Severo.
1689 887 1722 939 4
1746 885 1865 940 Au-

232 974 450 1039 gustini
467 973 742 1040 responsio
760 972 835 1025 ad
854 973 962 1026 sibi
982 973 1168 1026 datam
1190 973 1258 1026 ab
1280 975 1452 1027 amico
1480 974 1862 1029 laudationem.

236 1064 270 1115 5
302 1061 647 1117 Necessitudo
686 1066 893 1129 quanta
928 1060 1236 1128 Augustino
1273 1064 1391 1116 erat
1427 1076 1543 1116 cum
1576 1061 1788 1130 Severo,
1817 1065 1868 1114 et

232 1150 427 1218 capita
454 1148 702 1217 quaedam
730 1164 797 1203 ea:
826 1148 990 1217 hujus
1018 1149 1267 1203 historia.

236 1240 292 1290 1.
333 1236 570 1307 Scripta
610 1241 743 1292 sunt
786 1236 1009 1291 circiter
1063 1236 1123 1292 id
1169 1236 1443 1309 temporis
1491 1235 1749 1307 epistola
1798 1236 1868 1290 ad

153 1324 441 1379 Severum
487 1325 616 1380 dua
668 1325 865 1396 (Epist.
912 1328 1001 1392 62,
1050 1328 1101 1379 et
1146 1327 1322 1395 Epist.
1373 1326 1492 1396 63),
1542 1323 1866 1381 Milevitana

154 1411 408 1467 concilio
444 1413 726 1483 nondum,
765 1417 828 1468 ut
864 1418 1060 1485 postea
1096 1413 1272 1468 visuri
1311 1430 1527 1481 sumus,
1562 1414 1865 1469 celebrato.

155 1500 410 1555 Severus
437 1501 532 1556 ille
563 1501 684 1555 sine
713 1500 1095 1556 controversia
1131 1500 1286 1555 idem
1316 1504 1400 1554 est
1429 1500 1549 1572 qui,
1578 1504 1708 1572 post
1735 1516 1868 1553 exa-

154 1592 287 1643 ctos
318 1579 753 1643 in‘monasterio
780 1588 1087 1660 Augustini
1118 1588 1336 1661 aliquot
1374 1605 1570 1656 annos,
1604 1588 1869 1644 Milevita-

156 1694 277 1731 nns
303 1678 603 1750 episcopus
632 1683 854 1733 creatus
882 1682 967 1732 est
1010 1677 1175 1749 (Vide
1205 1693 1395 1748 supra,
1429 1678 1522 1733 lib.
1564 1680 1618 1748 3,
1658 1693 1779 1748 cap.
1813 1680 1867 1745 5,

154 1781 215 1819 η.
261 1768 319 1837 3)
367 1782 382 1820 :
423 1766 485 1820 in
521 1782 632 1838 qua
676 1767 809 1821 sede
855 1782 972 1821 non
1014 1782 1223 1837 parum
1271 1767 1707 1822 existimationis
1745 1767 1869 1839 jam

157 1859 296 1908 tum
327 1853 437 1908 sibi
464 1859 912 1926 comparaverat,
945 1871 1076 1910 cum
1119 1857 1421 1911 Paulinum
1451 1857 1574 1927 ejus
1611 1855 1866 1922 nomine,

156 1941 293 2013 ipse
324 1942 396 1997 ad
432 1943 821 2015 episcopatum
851 1944 1037 1999 adhuc
1072 1961 1271 1999 recens
1318 1950 1565 2012 evectus,
1604 1944 1871 2015 Augusti-

158 2047 279 2086 nus
318 2031 517 2087 amicis
560 2032 746 2088 verbis
787 2034 1066 2089 salutabat
1106 2035 1308 2104 (Epist.
1351 2037 1439 2101 31,
1486 2049 1542 2088 n.
1586 2037 1656 2102 9).
1701 2033 1868 2088 Seve-

158 2136 265 2175 rus
291 2136 522 2193 quoque
548 2120 764 2176 litteras
791 2121 862 2176 ad
891 2122 1196 2176 Paulinum
1215 2126 1353 2176 tunc
1381 2121 1688 2176 destinasse
1719 2121 1870 2176 vide-

159 2214 263 2264 tur
298 2226 311 2264 :
344 2226 474 2264 cum
505 2209 597 2265 hic
635 2209 893 2265 latitiam
923 2226 1110 2279 suam,
1142 2210 1216 2264 ob
1246 2215 1503 2280 acceptas
1528 2209 1598 2263 ab
1628 2226 1696 2263 eo
1726 2210 1873 2263 sicut

161 2300 221 2350 et
253 2296 331 2351 ab
361 2295 486 2350 aliis
514 2296 901 2367 compluribus
942 2295 1150 2350 sanctis
1179 2311 1244 2350 ac
1288 2294 1710 2351 venerabilibus
1749 2294 1869 2366 epi-

161 2385 356 2455 scopis
397 2384 635 2452 litteras,
672 2383 1010 2439 testificetur
1052 2384 1250 2455 (Epist.
1303 2387 1390 2453 32,
1441 2400 1499 2438 n.
1545 2386 1617 2453 1).
1670 2382 1869 2438 Profu-

160 2477 335 2528 turus
363 2472 635 2529 Cirtensis
660 2472 956 2545 aliquanto
975 2477 1103 2543 post
1127 2472 1199 2527 ab
1225 2472 1542 2543 Augustino
1568 2471 1677 2527 fuit
1704 2488 1869 2543 roga-

160 2566 280 2630 tus,
310 2564 376 2617 ut
404 2562 527 2632 ejus
557 2561 791 2616 nomine
828 2561 1117 2627 Severum,
1151 2561 1221 2615 ad
1259 2575 1431 2632 quem
1460 2560 1569 2632 ipsi
1595 2575 1699 2630 per
1724 2565 1870 2614 tem-

162 2667 276 2721 pus
318 2666 434 2705 non
468 2649 673 2713 licebat
717 2648 981 2716 scribere,
1023 2650 1295 2703 salutaret
1335 2652 1532 2719 (Epist.
1579 2651 1667 2715 38,
1695 2665 1751 2703 n.
1785 2649 1861 2719 3).

162 2739 374 2794 Ortum
395 2754 562 2792 suum
589 2740 825 2794 Severus
845 2737 1031 2793 eidem
1056 2738 1188 2793 urbi
1210 2736 1475 2808 debebat,
1494 2742 1667 2809 atque
1683 2741 1873 2809 Augu-

162 2827 374 2895 stinus,
409 2831 466 2882 et
491 2844 606 2882 una
629 2827 797 2882 ambo
826 2826 926 2881 diu
953 2828 1315 2898 multumque
1343 2825 1536 2881 divino
1567 2826 1738 2880 verbo
1764 2842 1870 2896 pa-

165 2916 241 2971 sti
270 2916 499 2970 fuerant
538 2915 739 2986 (Epist.
768 2917 856 2983 84,
887 2931 949 2970 η.
1002 2916 1048 2985 1)
1086 2931 1098 2968 :
1133 2920 1194 2969 ut
1232 2914 1655 2986 quantumlibet
1691 2915 1875 2968 valeat

166 3020 411 3059 concors
451 3004 689 3059 fraterni
738 3003 1033 3075 sanguinis
1077 3004 1447 3075 germanitas,
1492 3002 1651 3057 nulla
1681 3006 1874 3056 tamen

166 3094 422 3148 vinceret
452 3092 718 3147 amicitia
746 3092 1059 3159 vinculum,
1088 3108 1201 3163 quo
1227 3091 1334 3146 sibi
1358 3092 1599 3146 invicem
1631 3090 1873 3145 iubare-

175 3183 339 3237 baut.
374 3183 569 3253 Neque
596 3186 791 3236 tamen
821 3180 880 3235 id
908 3180 1226 3252 prohibuit,
1257 3179 1568 3252 quominus
1596 3179 1748 3234 inter
1778 3196 1875 3234 eos

177 3270 441 3326 nonnihil
467 3270 759 3326 discordia
790 3270 1157 3324 suboriretur.
1184 3270 1293 3324 Res
1323 3268 1554 3341 quidem
1582 3268 1734 3323 haud
1762 3284 1879 3322 me-

175 3359 451 3415 diocriter
487 3358 752 3414 intricata
790 3363 875 3413 est
913 3374 927 3413 :
976 3361 1367 3412 verumtamen
1403 3356 1513 3412 hoc
1551 3373 1676 3411 eam
1713 3361 1876 3428 pacto

175 3447 435 3519 expediri
472 3463 638 3517 posse
692 3446 1055 3501 arbitramur.
1099 3446 1360 3517 Caperat
1407 3444 1643 3516 quidam
1686 3444 1875 3499 Timo-

172 3538 345 3593 theus
392 3536 543 3606 apud
576 3535 913 3601 Subsanam,
957 3534 1338 3605 Hipponensis
1380 3534 1698 3600 dioeceseos,
1741 3550 1877 3588 nec-

173 3641 297 3679 non
336 3624 460 3679 aliis
504 3624 840 3696 quibusdam
889 3622 951 3678 in
995 3623 1268 3686 Ecclesiis,
1309 3622 1380 3677 ad
1427 3622 1689 3677 eamdem
1733 3622 1876 3676 forte

172 3713 468 3769 dioecesim
523 3711 963 3785 pertinentibus,
1012 3711 1238 3782 publice
1294 3710 1613 3781 Scripturas
1664 3710 1873 3780 legere.

170 3803 536 3873 Quapropter
560 3801 623 3873 ei
661 3799 890 3855 lectoris
935 3799 1015 3855 ibi
1055 3816 1266 3854 munus
1312 3799 1540 3869 adepto,
1589 3798 1658 3853 ad
1706 3798 1876 3852 aliam

172 3872 481 3946 Ecclesiam
532 3872 775 3945 ﬁansire
841 3888 1061 3943 licitum
1115 3904 1235 3943 non
1300 3892 1438 3942 erat.
1496 3885 1877 3941 Nihilominus

172 3985 370 4034 tamen
388 3979 579 4050 ipsum
601 3979 670 4033 de
691 3978 937 4048 petendo
958 3977 1158 4032 Milevo
1181 3975 1454 4046 cogitasse
1477 3973 1871 4045 intelligimus.

173 4068 371 4123 Vetuit
400 4068 635 4138 quidem
667 4066 905 4121 Severus
933 4081 1005 4119 ne
1043 4062 1116 4119 ad
1146 4080 1204 4117 se
1236 4064 1434 4129 adiret,
1469 4062 1581 4116 nisi
1620 4078 1750 4116 cum
1786 4078 1876 4116 ve-

171 4157 270 4212 nia
304 4154 660 4220 Carcedonii,
687 4153 785 4225 qui
812 4157 1009 4207 utrum
1038 4151 1413 4207 Subsanensis
1441 4150 1737 4222 presbyter
1764 4150 1877 4205 fue-

171 4245 270 4313 rit,
304 4259 505 4310 necne,
535 4242 689 4298 haud
717 4241 851 4296 satis
878 4244 1120 4296 constat.
1151 4241 1236 4295 Ad
1266 4240 1429 4295 illum
1467 4243 1659 4294 tamen
1684 4238 1873 4294 Timo-

174 4334 362 4402 theus,
385 4332 604 4387 nullam
621 4330 769 4403 jussi
798 4330 972 4402 hujus
996 4329 1278 4385 rationem
1306 4329 1541 4395 habens,
1574 4342 1677 4382 nec
1698 4327 1875 4398 petito

173 4420 505 4478 Carcedonii
551 4434 849 4486 consensu,
895 4434 955 4472 se
1001 4417 1260 4472 contulit.
1305 4419 1491 4488 Atque
1541 4416 1663 4471 hac
1701 4415 1875 4471 totius

172 4509 287 4565 fuit
325 4508 547 4565 discidii
570 4508 733 4579 origo
759 4507 956 4579 (Epist.
991 4510 1078 4574 63,
1114 4522 1206 4561 nn.
1252 4510 1304 4575 1,
1343 4509 1418 4573 2).
1456 4505 1597 4560 Nam
1638 4521 1769 4560 cum
1794 4504 1874 4559 ei-

175 4600 310 4654 dem
338 4598 592 4665 Severus,
624 4601 823 4668 utpar
865 4600 1004 4661 erat,
1039 4600 1236 4650 auctor
1275 4594 1494 4662 fuisset,
1530 4598 1588 4648 ut
1630 4595 1704 4649 ad
1739 4594 1877 4649 Sub-

176 4700 374 4740 sanam
404 4684 618 4739 rediret
647 4685 762 4739 Deo
790 4682 1007 4738 ibidem
1028 4682 1476 4748 ministraturus,
1504 4681 1597 4736 hic
1627 4682 1877 4753 interpo-

174 4774 285 4828 sito
308 4774 437 4844 jure
458 4773 708 4843 jurando
736 4772 1060 4839 afﬁrmavit,
1091 4788 1150 4826 se
1178 4771 1250 4825 ab
1283 4772 1405 4842 ipso
1434 4771 1591 4824 nulla
1620 4786 1876 4841 unquam

172 4877 343 4916 causa
387 4876 745 4917 recessurum
784 4862 987 4931 (Epist.
1031 4863 1121 4928 62,
1162 4876 1218 4915 η.
1257 4860 1332 4928 2).
1375 4858 1628 4928 Contigit
1663 4862 1874 4923 tamen,

176 4955 238 5004 ut
266 4950 583 5005 Subsanam
618 4954 924 5020 repeteret.
967 4950 1193 5004 Interea
1232 4948 1472 5003 Severus
1508 4963 1641 5001 cum
1678 4948 1876 5016 Augu-

174 5039 325 5093 stino
367 5052 691 5092 sermonem
729 5036 990 5105 contulit,
1032 5037 1206 5109 idque
1252 5037 1401 5092 forte
1446 5035 1741 5107 Hippone;
1776 5051 1879 5090 nec

177 5127 247 5181 ob
280 5125 451 5181 aliam
485 5126 682 5197 procul
713 5125 887 5181 dubio
923 5142 1173 5194 causam,
1205 5125 1317 5181 nisi
1360 5128 1421 5180 ut
1460 5124 1528 5180 ab
1575 5140 1643 5179 eo
1684 5123 1877 5179 Timo-

176 5215 373 5270 theum
400 5214 755 5285 impetraret.
780 5214 990 5269 Verum
1019 5214 1157 5270 dum
1181 5214 1533 5285 Augustinus
1563 5228 1756 5268 secum
1784 5228 1876 5267 re-

183 5308 362 5373 putat,
393 5302 532 5374 quid
563 5302 631 5358 de
662 5302 760 5356 illo
791 5303 1155 5357 statuendum
1185 5303 1275 5370 sit,
1309 5307 1467 5357 ratus
1496 5302 1768 5358 Severum
1806 5316 1871 5355 ex

180 5393 381 5446 collato
410 5391 651 5446 invicem
682 5405 945 5445 sermone
977 5391 1179 5446 adduci
1210 5391 1486 5462 potuisse,
1511 5394 1573 5445 ut
1601 5391 1763 5446 illum
1792 5405 1874 5444 se-

185 5495 314 5534 cum
343 5496 465 5535 esse
502 5483 816 5551 pateretur,
848 5479 1113 5534 eumdem
1149 5480 1421 5536 Subsana
1465 5480 1877 5535 subdiacouum

180 5568 448 5635 ordinari,
482 5570 603 5640 ejus
633 5567 892 5624 Ecclesia
921 5567 1220 5640 presbyter
1248 5573 1303 5624 et
1328 5569 1474 5624 alius
1507 5569 1739 5641 quidam
1769 5568 1877 5621 Ve-

1631 324 1836 380 LlBEB
1874 325 2187 389 QUINTUS.
3566 330 3668 383 314

1975 442 2132 496 rinus
2156 444 2367 512 prater
2396 440 2692 495 consilium
2729 445 2783 495 et
2809 442 3161 496 voluntatem
3190 444 3516 515 Augustini,
3548 461 3681 516 pro-

1975 535 2177 586 curant
2207 531 2406 601 (Epist.
2444 533 2530 597 63,
2567 546 2623 585 n.
2661 532 2734 599 1).
2766 531 2892 585 Non
2930 531 3010 585 ita
3041 532 3222 586 multo
3248 537 3376 603 post
3398 534 3676 603 Augusti-

1977 636 2084 675 nus
2122 636 2252 673 cum
2290 619 2494 690 Alypio
2522 623 2579 673 et
2617 620 2880 691 episcopo
2930 620 3220 675 Samsucio
3258 621 3573 676 Subsanam
3619 638 3677 676 se

1976 709 2217 763 contulit
2245 709 2440 778 (Epist.
2486 711 2573 777 62,
2621 725 2677 763 η.
2730 710 2797 777 1),
2828 708 2928 763 ubi
2957 709 3025 763 de
3072 709 3142 762 iis
3185 725 3314 781 qua
3365 725 3468 780 per
3516 725 3677 763 suam

1976 795 2232 865 ipsorum
2251 795 2565 849 absentiam
2592 801 2646 849 et
2665 801 2863 850 contra
2885 797 3234 851 voluntatem
3260 798 3405 852 facta
3427 798 3679 867 fuerant,

1976 883 2288 955 quastione
2319 883 2532 952 habita,
2567 900 2760 939 rerum
2790 902 2932 957 quas
2958 891 3289 957 acceperant
3317 886 3454 940 alias
3482 885 3673 954 falsas,

1976 972 2117 1025 alias
2153 987 2334 1036 veras,
2382 972 2478 1026 sed
2523 989 2721 1026 omnes
2758 974 3023 1028 molestas
3073 991 3192 1029 esse
3237 980 3670 1045 compererunt.

1976 1060 2191 1124 Quibus
2216 1066 2409 1115 tamen
2438 1060 2677 1127 mederi,
2708 1062 2895 1132 quoad
2936 1067 3196 1133 potuere,
3229 1063 3441 1133 partim
3481 1062 3677 1133 objur~

1977 1148 2185 1219 gaude,
2212 1149 2423 1220 partim
2453 1150 2763 1216 monendo,
2795 1150 3006 1221 partim
3037 1152 3252 1206 orando
3281 1151 3467 1206 conati
3498 1155 3631 1205 sunt
3664 1166 3678 1205 :

1978 1237 2336 1308 obiurgando
2371 1237 2608 1309 quidem
2637 1254 2731 1293 eos
2761 1238 2860 1309 qui
2896 1239 2956 1293 in
2988 1239 3096 1293 hoc
3135 1243 3252 1293 toto
3281 1238 3512 1309 negotio
3538 1238 3679 1293 deli-

1979 1330 2252 1395 querant;
2280 1329 2403 1379 tum
2433 1341 2565 1381 vero
2593 1326 2717 1393 hos,
2748 1326 3005 1398 aliosque
3035 1328 3342 1393 monendo,
3374 1326 3513 1398 quid
3541 1326 3679 1397 ipsis

1976 1411 2038 1466 in
2066 1416 2360 1481 posterum
2398 1414 2788 1485 prastandum
2826 1419 2993 1483 esset,
3034 1431 3148 1486 quo
3182 1430 3311 1486 qua
3354 1415 3503 1469 male
3534 1414 3680 1469 facta

1978 1501 2203 1555 fuerant
2239 1501 2679 1572 corrigerentur.
2732 1504 2949 1558 Orando
2987 1509 3186 1570 autem,
3231 1507 3294 1557 ut
3332 1503 3519 1558 verbis
3561 1507 3681 1557 uta-

1978 1603 2111 1641 mur
2134 1587 2457 1659 Augustini,
2493 1592 2832 1644 correximus
2861 1605 2955 1644 nos
2984 1592 3151 1660 ipsos,
3174 1595 3237 1644 ut
3261 1594 3310 1643 et
3338 1590 3679 1659 gubernatio-

1977 1690 2069 1731 nes
2110 1681 2161 1730 et
2207 1679 2388 1731 exitus
2424 1683 2732 1733 nostrorum
2768 1680 3113 1733 consiliorum
3157 1678 3540 1734 misericordia
3583 1680 3681 1733 Dei

1979 1766 2464 1820 commendaremus
2489 1786 2504 1833 ;
2534 1772 2584 1820 et
2612 1769 2663 1821 si
2684 1767 2821 1835 quid
2848 1767 3241 1835 indignationis
3269 1782 3364 1821 nos
3394 1766 3681 1821 momorde-

1978 1858 2089 1921 rat,
2115 1855 2213 1908 sub
2237 1856 2388 1909 illius
2416 1856 2788 1909 medicinalem
2817 1855 3097 1908 dereteram
3125 1855 3483 1921 confugiendo
3513 1870 3678 1909 sana-

1978 1957 2161 1995 remur
2190 1941 2387 2011 (Epist.
2424 1945 2510 2008 63,
2544 1958 2601 1996 n.
2640 1943 2713 2011 2).
2745 1940 3078 1995 Timotheus
3106 1957 3260 2007 vero,
3293 1956 3422 1995 cum
3460 1941 3513 1996 ei
3542 1957 3678 2012 per-

1979 2030 2215 2084 suadere
2240 2028 2581 2096 niterentur,
2605 2034 2669 2084 ut
2695 2045 2769 2083 ne
2792 2046 2824 2083 a
2853 2028 3197 2084 Subsanensi
3224 2029 3466 2084 Ecclesia
3493 2030 3675 2085 disce-

1979 2117 2156 2185 deret,
2187 2119 2379 2189 palam
2423 2122 2658 2173 testatus
2689 2122 2792 2185 est,
2826 2134 2884 2173 se
2907 2118 3284 2189 jurejurando
3320 2118 3676 2189 promisisse,

1980 2205 2050 2260 ab
2081 2206 2270 2261 Severi
2290 2206 2663 2260 contubernio
2690 2222 2749 2261 se
2776 2222 3075 2278 nunquam
3106 2206 3500 2262 abducendum
3525 2224 3539 2272 ;
3563 2223 3678 2279 quo

1980 2311 2133 2349 nexu
2161 2294 2271 2349 nisi
2300 2298 2612 2362 teneretur,
2644 2310 2865 2350 morem
2894 2296 2974 2349 eis
3005 2312 3204 2366 gerere
3242 2312 3358 2351 non
3387 2301 3678 2351 recusatu-

1978 2398 2128 2438 rum.
2162 2383 2267 2438 Cui
2294 2384 2472 2438 sancti
2508 2386 2781 2455 prasules
2819 2385 3305 2446 demonstrarunt.
3336 2384 3383 2438 si
3419 2385 3678 2450 Severus,

1979 2472 2138 2526 nullo
2162 2471 2284 2544 ipse
2312 2472 2569 2527 astrictus
2592 2473 2972 2544 jurisjurandi
3010 2472 3257 2536 vinculo,
3290 2489 3422 2528 eum
3460 2489 3562 2527 suo
3590 2488 3681 2526 so-

1980 2560 2165 2615 lutum
2203 2562 2394 2627 vellet,
2423 2560 2884 2632 consentiretque
2921 2566 2985 2616 ut
3017 2561 3233 2617 vitandi
3261 2561 3509 2617 scandali
3548 2577 3682 2632 ergo

1981 2648 2044 2703 in
2072 2648 2334 2705 ,Subsana
2369 2654 2646 2715 maneret,
2682 2650 2740 2703 id
2790 2649 2896 2720 ipsi
2945 2650 3066 2705 sine
3110 2650 3226 2704 ulla
3270 2649 3513 2721 perjurii
3551 2655 3685 2704 nota

1982 2737 2201 2791 licitum
2231 2737 2367 2791 fore.
2395 2737 2609 2801 Quibus
2637 2737 2848 2791 auditis
2877 2738 2936 2792 id
2965 2738 3250 2809 prastitit,
3277 2739 3428 2809 quod
3456 2754 3683 2792 servum

1985 2824 2106 2890 Dei,
2137 2830 2308 2895 atque
2340 2826 2597 2879 Ecclesia
2629 2825 2811 2879 tilium
2843 2826 3021 2880 facere
3051 2827 3351 2896 oportebat
3373 2843 3386 2880 :
3408 2826 3681 2880 nimirum

1982 2912 2271 2984 pollicitus
2300 2918 2385 2967 est
2421 2928 2500 2979 se,
2535 2913 2818 2984 quidquid
2857 2931 2987 2969 cum
3029 2916 3234 2969 Severo
3276 2914 3685 2985 transegissent

1986 3000 2436 3054 observaturum.
2471 3001 2764 3071 Extemplo
2793 3006 2908 3056 tres
2929 3002 3012 3056 illi
3040 3002 3289 3074 episcopi
3318 3002 3522 3058 Severo
3545 3002 3682 3057 scri-

1983 3105 2180 3161 pscre;
2202 3105 2331 3160 qua
2361 3089 2529 3144 simul
2558 3095 2813 3161 egerant,
2848 3090 3272 3162 signiﬁcaverc:
3298 3107 3360 3145 ac
3383 3107 3488 3161 per
3507 3091 3686 3146 chari-

1984 3182 2160 3233 tatem
2177 3177 2385 3233 Christi
2399 3178 2467 3233 ad
2468 3179 2488 3249 j
2498 3194 2755 3248 uravere,
2777 3184 2840 3233 ut
2859 3196 2988 3251 qua
3008 3164 3157 3234 inter
3174 3196 3232 3235 se
3253 3180 3425 3234 locuti
3446 3183 3608 3234 erant
3621 3179 3682 3235 in

1987 3266 2325 3321 memoriam
2351 3272 2660 3333 revocaret,
2692 3283 2756 3322 ac
2786 3267 3072 3338 rescriptis
3102 3267 3217 3322 suis
3246 3284 3342 3322 eos
3381 3273 3682 3323 recrearet.

1987 3356 2317 3410 Timotheus
2334 3355 2567 3427 quidem
2586 3356 2708 3426 ipse
2730 3372 2845 3410 non
2866 3356 3091 3427 scripsit
3108 3357 3181 3411 ad
3196 3356 3494 3412 Severum:
3514 3358 3685 3428 hujus

1988 3443 2141 3497 enim
2160 3460 2464 3515 germanus
2484 3444 2677 3511 frater,
2698 3444 2861 3516 cujus
2888 3461 3102 3499 nomen
3126 3444 3219 3500 hic
3241 3445 3529 3513 reticetur,
3553 3462 3685 3500 eum

1986 3548 2183 3587 rerum
2207 3532 2467 3586 omnium
2497 3533 2800 3588 certiorem
2832 3533 3071 3587 faciebat
3100 3534 3294 3605 (Epist.
3328 3536 3416 3601 62,
3448 3550 3506 3588 η.
3532 3536 3611 3605 2).

2057 3624 2109 3675 2.
2156 3620 2436 3675 Affectum
2479 3636 2537 3675 se
2585 3620 2799 3693 injuria
2834 3622 3071 3677 Severus
3110 3622 3466 3687 existimavit,
3510 3623 3682 3693 quod,

1989 3726 2103 3782 quo
2133 3712 2385 3779 tempore
2415 3709 2779 3764 Timotheum
2800 3710 3059 3764 Ecclesia
3090 3725 3207 3765 sua
3237 3710 3469 3765 concedi
3496 3717 3686 3781 postu-

1987 3795 2159 3862 labat,
2191 3811 2258 3850 eo
2295 3796 2419 3866 ipso
2449 3796 2827 3851 Subsanensis
2867 3798 3250 3852 subdiaconus
3287 3803 3434 3853 esset
3474 3799 3686 3854 consti-

1986 3886 2164 3941 tutus.
2197 3885 2251 3938 Is
2275 3883 2452 3954 igitur
2477 3884 2538 3938 in
2564 3901 2669 3939 sua
2699 3886 3070 3956 responsione
3109 3885 3447 3957 significavit
3486 3886 3686 3942 mirari

1988 3988 2069 4039 se,
2101 3972 2519 4027 ordinationem
2557 3972 2737 4041 illam,
2771 3989 2945 4044 quam
2975 3973 3085 4028 sibi
3114 3973 3410 4045 displicere
3452 3975 3684 4045 proﬁte-

1984 4061 2213 4128 bantur,
2245 4062 2486 4116 tolerare
2521 4078 2616 4116 eos
2658 4063 2839 4128 velle;
2873 4078 3005 4117 cum
3048 4067 3245 4117 tamen
3283 4063 3565 4118 admissus
3594 4080 3684 4117 er-

1987 4166 2085 4203 ror
2129 4154 2319 4221 posset
2356 4150 2577 4205 reddito
2616 4151 2850 4206 demum
2888 4151 3185 4206 Timotheo
3226 4147 3535 4207 emendari.
3573 4153 3686 4207 Hac

1987 4237 2177 4292 Severi
2205 4241 2419 4309 mente,
2447 4238 2564 4293 sive
2594 4255 2663 4293 ex
2693 4238 2845 4293 illius
2871 4256 3170 4310 responso,
3199 4238 3314 4296 sive
3344 4256 3409 4295 eo
3439 4240 3685 4296 necdum

1988 4330 2217 4397 accepto
2258 4331 2577 4397 perspecta,
2622 4331 2782 4381 ratus
2823 4332 2909 4382 est
2952 4328 3327 4399 Augustinus,
3371 4330 3530 4383 nulla
3576 4329 3687 4384 alia

1987 4414 2204 4470 ratione
2230 4432 2360 4471 cum
2393 4432 2459 4470 eo
2490 4415 2705 4471 servari
2735 4432 2899 4488 posse
2930 4416 3287 4484 charitatem,
3318 4434 3491 4489 quam
3521 4417 3569 4473 si
3591 4418 3683 4474 Ti-

1986 4506 2255 4559 motheus
2300 4504 2371 4559 ad
2415 4521 2548 4559 eum
2590 4505 2998 4560 remitteretur.
3043 4507 3187 4560 Tum
3226 4522 3361 4578 ergo
3412 4507 3567 4562 dedit
3615 4508 3685 4563 ad

1988 4608 2121 4648 eum
2152 4593 2473 4664 epistolam,
2513 4594 2674 4665 cujus
2711 4593 2863 4648 istud
2902 4598 2987 4648 est
3020 4594 3318 4649 exordium
3362 4611 3375 4649 :
3407 4595 3469 4650 Si
3510 4595 3689 4651 dicam

1988 4699 2107 4751 qua
2129 4698 2210 4736 me
2232 4684 2356 4751 ipsa
2379 4697 2544 4737 causa
2574 4685 2716 4749 cogit
2744 4682 2939 4751 dicere,
2968 4682 3064 4735 ubi
3091 4685 3194 4735 erit
3220 4683 3523 4739 sollicitudo
3552 4686 3687 4739 cha-

1987 4773 2216 4825 ritatis?
2239 4771 2306 4824 Si
2331 4775 2508 4824 autem
2539 4786 2645 4824 non
2665 4770 2858 4835 dicam,
2890 4770 2984 4824 ubi
3011 4773 3116 4825 erit
3144 4771 3368 4827 libertas
3387 4774 3684 4827 amicitia?

1994 4861 2370 4914 Verumtamen
2396 4861 2663 4925 ﬂuctuans
2692 4861 2911 4913 interim
2942 4860 3078 4928 elegi
3104 4876 3186 4914 me
3220 4876 3462 4930 purgare
3481 4864 3685 4931 potius,

1990 4961 2151 5014 quam
2182 4950 2231 4999 te
2257 4960 2484 5013 arguere
2528 4945 2727 5015 (Epist.
2771 4948 2861 5012 63,
2905 4961 2960 5000 n.
3010 4948 3085 5016 1).
3118 4947 3320 5001 Postea
3357 4948 3481 5013 via,
3513 4962 3687 5018 quam

1988 5033 2048 5088 in
2077 5034 2182 5087 hac
2226 5048 2395 5088 causa
2436 5031 2666 5100 inierat,
2697 5032 2981 5092 rationem
3026 5034 3214 5089 reddit
3258 5052 3271 5089 :
3321 5035 3685 5106 subjicitque,

1987 5122 2213 5178 tametsi
2242 5122 2455 5194 ipsum,
2503 5122 2657 5194 quod
2703 5121 2757 5178 ei
2804 5120 3171 5178 Timotheum
3216 5122 3517 5184 remiserit,
3566 5137 3683 5175 non

1988 5212 2287 5283 poeniteat;
2311 5226 2538 5282 sperare
2567 5215 2761 5266 tamen
2791 5227 2869 5280 se,
2894 5211 3152 5267 futurum
3179 5215 3242 5267 ut
3269 5212 3317 5265 is
3349 5225 3539 5264 coram
3568 5209 3684 5263 Deo

1987 5301 2323 5371 consideret,
2374 5317 2488 5356 non
2519 5317 2686 5373 posse
2735 5318 2769 5356 a
2816 5317 3107 5373 quoquam
3155 5300 3388 5355 alterius
3427 5298 3687 5353 Ecclesia

1988 5389 2255 5444 clericum
2282 5390 2390 5445 hac
2418 5390 2649 5445 obtenta
2678 5389 2865 5460 specie
2894 5389 3150 5454 retineri,
3184 5387 3336 5459 quod
3365 5385 3457 5440 hic
3484 5385 3554 5439 ab
3581 5386 3681 5441 illo

1988 5495 2283 5549 nunquam
2327 5496 2383 5532 se
2430 5494 2785 5532 recessurum
2818 5477 3116 5549 juraverit,
3156 5475 3294 5545 quin
3330 5489 3571 5545 magnus
3615 5475 3685 5530 ad

1991 5568 2434 5623 labefactandam
2467 5565 2723 5622 Ecclesia
2752 5566 3107 5635 disciplinam
3137 5562 3429 5632 aperiatur
3457 5563 3643 5619 aditus
3671 5581 3684 5619 :
