4062 6378
347 297 447 347 315

345 422 402 472 at
440 433 574 473 eum
617 418 816 473 contra
842 431 1029 487 neque
1068 414 1385 471 concordiae
1424 415 1647 486 legibus
1688 415 2038 481 defuturum,

347 522 451 561 nec
489 505 550 560 in
601 504 939 575 cujusquam
995 503 1500 575 reprehensionem
1552 503 1938 570 incursurum,
1994 503 2043 557 si

341 594 733 665 jurejurando,
765 609 880 664 quo
906 592 1090 648 teneri
1127 609 1241 647 non
1277 596 1522 664 poterat,
1565 593 1846 663 neglecto,
1879 592 2043 647 illum

347 680 690 737 Subsanensi
747 681 1005 735 Ecclesia:
1060 680 1342 735 redderet.
1396 681 1637 735 Causam
1687 682 1835 735 hanc
1880 697 2045 735 suam

349 771 471 841 ejus
499 768 779 841 permittit
799 768 1043 839 judicio,
1075 768 1135 823 id
1182 785 1362 823 unum
1404 773 1627 839 petens,
1671 772 1734 823 ut
1762 768 2045 824 Christum

349 859 618 920 consulat,
650 874 821 930 quem
849 858 912 912 in
940 858 1060 927 ejus
1089 858 1259 913 corde
1284 858 1562 922 habitare,
1584 858 1879 930 mentique
1902 859 2044 928 ejus-

351 947 483 1002 dem
506 946 613 1000 sibi
642 945 876 1001 subditae
904 945 1233 1017 praesidere,
1265 946 1346 1000 ait
1383 945 1494 1001 sibi
1522 963 1642 1001 esse
1679 946 2045 1017 persuasissi-

349 1051 528 1090 mum.
561 1034 921 1089 Timotheum
954 1034 1212 1090 Ecclesiae
1243 1051 1360 1089 suae
1390 1035 1658 1089 clericum
1687 1051 1808 1089 esse
1833 1051 1950 1088 non
1976 1035 2047 1088 ob

350 1122 823 1179 subdiaconatum
852 1122 1071 1191 asserit,
1107 1123 1260 1194 quod
1295 1123 1527 1177 nonnisi
1556 1127 1860 1193 postquam
1889 1138 1947 1175 se
1979 1123 2048 1177 ad

353 1212 766 1267 adhmrendum
794 1212 1000 1268 Severo
1026 1211 1347 1282 obligasset,
1373 1215 1543 1282 atque
1565 1210 1736 1264 etiam
1764 1209 1928 1263 illum
1950 1209 2047 1263 Se-

352 1316 520 1354 verus
562 1300 684 1371 ipse
731 1300 802 1355 ab
841 1300 1161 1371 Augustino
1205 1298 1478 1371 petiisset,
1509 1298 1579 1353 ad
1630 1314 1763 1352 eum
1810 1298 2047 1368 gradum

354 1392 500 1443 esset
540 1392 798 1455 evectus;
838 1389 936 1443 sed
974 1391 1195 1442 tantum
1238 1387 1311 1442 ob
1357 1386 1584 1442 lectoris
1625 1386 1894 1441 ofﬁcium.
1942 1386 2052 1439 Ro-

354 1480 564 1549 gatque
592 1478 862 1532 Severum
893 1479 1117 1530 sanctus
1142 1476 1378 1539 Praesul,
1410 1491 1553 1530 num
1583 1474 1683 1547 qui
1710 1475 1769 1530 id
1798 1472 2051 1529 muneris

355 1566 416 1621 in
443 1582 545 1620 sua
583 1565 810 1620 dioecesi
843 1565 1001 1619 obire
1035 1563 1332 1636 coepisset,.
1365 1581 1430 1619 ac
1464 1564 1657 1618 multis
1700 1564 1762 1617 in
1801 1562 1937 1617 locis
1974 1565 2053 1616 at-

355 1671 466 1726 que
501 1654 642 1709 adeo
673 1653 825 1724 apud
863 1653 1177 1709 Subsanam
1219 1656 1498 1724 praesente
1546 1651 1920 1708 Subsanensis
1960 1652 2053 1705 Ec-

355 1741 542 1795 clesiae
569 1741 900 1811 presbytero
931 1741 1179 1811 legisset,
1217 1740 1264 1794 is
1293 1757 1410 1795 non
1434 1740 1564 1810 jure
1603 1741 1777 1794 lector
1814 1738 2051 1794 habere-

356 1833 466 1884 tur.
493 1830 604 1884 Nec
630 1835 820 1884 tamen
845 1833 1144 1896 asseverat,
1169 1844 1301 1883 eum
1321 1845 1389 1883 ex
1411 1844 1698 1884 canonum
1721 1828 2053 1883 deﬁnitione

356 1918 465 1973 hoc
488 1918 548 1972 in
575 1934 817 1972 numero
845 1918 1173 1972 habendum
1207 1933 1220 1972 :
1254 1917 1406 1972 unde
1436 1917 1797 1983 adducimur,
1831 1919 1896 1970 ut
1931 1916 2055 1970 hlBC

356 2010 487 2062 ante
508 2006 892 2062 Milevitanum
909 2006 1211 2061 concilium
1236 2010 1395 2061 sexto
1419 2005 1694 2060 kalendas
1713 2003 2054 2075 septembris

357 2094 495 2149 anni
514 2093 1064 2165 quadringentesimi
1083 2094 1319 2148 secundi
1339 2093 1688 2148 celebratum
1705 2093 2050 2158 referamus;

357 2199 472 2254 quo
505 2183 796 2238 decretum
826 2184 953 2251 fuit,
975 2188 1042 2238 ut
1067 2183 1326 2255 quisquis
1346 2183 1432 2237 vel
1460 2183 1637 2237 semel
1666 2182 1877 2237 alicubi
1905 2182 2056 2252 lege-

357 2270 450 2339 rit,
503 2272 626 2343 jam
682 2289 800 2327 non
858 2272 1037 2342 possit
1090 2272 1153 2326 in
1214 2272 1428 2327 clerum
1498 2271 1733 2326 alterius
1799 2270 2056 2326 Ecclesiae

358 2360 629 2432 cooptari.
666 2360 774 2425 Qui
803 2377 985 2415 canon
1013 2363 1078 2415 ut
1102 2361 1461 2427 conderetur,
1483 2360 1551 2427 si,
1571 2359 2057 2431 quemadmodum

358 2449 492 2503 satis
532 2448 842 2503 verisimile
880 2453 984 2514 est,
1026 2449 1094 2511 in,
1129 2465 1299 2504 causa
1337 2449 1448 2505 fuit
1488 2450 1611 2503 haec
1640 2447 2052 2514 controversia;

359 2540 511 2592 certe
557 2538 762 2593 Severo
808 2553 924 2591 non
970 2537 1131 2592 licuit
1175 2553 1459 2606 recusare,
1507 2537 1648 2609 quin
1695 2537 2059 2591 Timotheum

358 2625 679 2696 Augustino
706 2624 987 2679 redderet.
1026 2626 1148 2679 Imo
1181 2642 1215 2679 a
1253 2624 1366 2680 ﬁde
1396 2624 1635 2679 minime
1669 2624 1921 2680 alienum
1951 2628 2054 2689 est,

360 2715 526 2770 illum
549 2715 670 2785 jam
696 2717 863 2769 antea
891 2714 960 2769 ab
991 2730 1060 2769 eo
1088 2713 1394 2769 remissum
1424 2714 1614 2769 fuisse.

434 2809 486 2861 3.
523 2806 802 2861 Caeterum
822 2804 1025 2860 intima
1050 2805 1148 2859 illa
1169 2804 1440 2874 amicitia,
1462 2821 1589 2876 qua:
1613 2804 1884 2860 Severum
1911 2804 2061 2858 inter

361 2899 419 2949 et
447 2894 829 2966 Augustinum
858 2893 1265 2959 intercedebat,
1298 2894 1404 2949 hac
1442 2893 1808 2949 contentione
1846 2909 2060 2964 nequa-

361 2998 536 3053 quam
564 2981 673 3036 fuit
701 2980 1025 3036 imminuta.
1051 2981 1203 3037 Nihil
1231 2981 1386 3037 enim
1406 2982 1607 3036 litteris
1635 2984 1829 3052 (Epist.
1867 2984 1988 3047 109,
2010 2985 2060 3035 et

360 3074 538 3140 Epist.
578 3071 718 3141 ΗΟ),
751 3070 972 3145 aliquot
998 3074 1127 3142 post
1154 3086 1335 3125 annos
1364 3071 1512 3125 ultro
1550 3069 1808 3141 citroque
1837 3068 2061 3140 scriptis

360 3159 629 3225 tenerius,
673 3162 771 3214 aut
808 3158 1041 3213 sincerae
1078 3158 1386 3213 voluntatis
1419 3158 1647 3229 plenius
1689 3174 1811 3212 esse
1848 3161 2053 3228 potest.

362 3247 501 3303 Suas
542 3246 782 3301 Severus
818 3246 938 3300 ruri
975 3245 1242 3313 exaravit,
1272 3245 1373 3300 ubi
1400 3244 1760 3315 aliquantum
1790 3244 2062 3315 temporis

363 3351 495 3390 cum
524 3334 865 3405 Augustino,
896 3334 1004 3388 hoc
1033 3338 1117 3387 est
1145 3334 1207 3387 in
1235 3334 1358 3404 ejus
1383 3349 1625 3403 operum
1652 3332 1916 3401 lectione,
1955 3334 2063 3387 col-

365 3426 596 3478 locarat.
627 3423 835 3476 Earum
860 3421 954 3476 hic
982 3426 1208 3492 partem
1234 3421 1622 3493 subjiciemus,
1652 3437 1720 3476 ex
1748 3438 1862 3493 qua
1888 3421 2065 3476 intel-

365 3510 533 3583 ligas,
562 3516 685 3565 tum
713 3510 840 3582 quis
866 3510 1041 3565 fuerit
1067 3510 1317 3582 episcopi
1345 3510 1498 3564 illius
1528 3510 1773 3574 animus,
1796 3514 1871 3578 et,
1894 3515 1959 3565 ut
1985 3510 2067 3565 ita

369 3602 693 3671 loquamur,
725 3598 947 3669 ingenii
985 3599 1296 3667 character,
1322 3601 1447 3653 tum
1475 3600 1562 3654 vel
1600 3599 1846 3654 maxime
1876 3615 1989 3670 quo
2018 3600 2066 3654 is

368 3690 491 3743 loco
533 3688 713 3743 sancti
763 3687 1019 3743 Doctoris
1064 3687 1237 3743 libros
1282 3688 1538 3743 haberet.
1587 3687 1849 3759 Erumpit
1891 3688 2068 3758 igitur

371 3778 609 3832 Severus
642 3776 704 3831 in
731 3776 853 3831 haec
883 3776 1054 3831 verba
1086 3793 1098 3831 :
1131 3780 1232 3832 Deo
1268 3780 1502 3845 gratias,
1531 3779 1710 3845 frater
1740 3778 2065 3845 Augustine,

371 3867 527 3935 cujus
558 3867 755 3921 donum
784 3871 882 3933 est,
904 3866 1178 3936 quidquid
1200 3869 1259 3921 in
1286 3868 1440 3922 nobis
1468 3868 1722 3922 bonorum
1745 3867 2072 3937 gaudiorum

371 3960 469 4010 est.
497 3957 708 4022 Fateor,
742 3955 867 4010 bene
891 3956 1029 4010 mihi
1064 3960 1234 4010 tecum
1270 3960 1384 4024 est;
1413 3958 1644 4011 multum
1674 3961 1724 4011 te
1767 3958 1879 4024 lego
1913 3974 1930 4010 :
1961 3957 2071 4010 mi—

372 4060 494 4100 rum
536 4044 735 4113 dicam,
776 4044 871 4099 sed
905 4060 1091 4099 verum
1127 4045 1312 4114 plane,
1346 4060 1511 4115 quam
1554 4045 1691 4098 mihi
1718 4044 1906 4098 absens
1943 4046 2074 4098 solet

376 4148 486 4187 esse
509 4134 819 4201 praesentia,
842 4136 955 4186 tam
971 4147 1206 4201 praesens
1225 4135 1380 4199 facta
1406 4136 1488 4187 est
1505 4132 1751 4186 absentia
1775 4134 1874 4186 tui.
1899 4133 2076 4188 Nullae

372 4236 429 4276 se
469 4220 620 4275 nobis
663 4222 1015 4289 interponunt
1062 4221 1379 4275 turbulentae
1424 4222 1658 4274 actiones
1702 4222 2076 4290 temporalium

375 4323 575 4363 rerum.
607 4308 727 4374 Ago
768 4312 1033 4377 quantum
1057 4322 1296 4377 possum,
1328 4310 1430 4363 etsi
1464 4322 1573 4361 non
1616 4312 1826 4362 tantum
1856 4323 2076 4377 possum

376 4400 641 4468 quantum
683 4396 821 4451 volo.
871 4395 1015 4462 Quid
1054 4411 1148 4464 ego
1194 4396 1390 4463 dicam,
1431 4399 1695 4465 quantum
1738 4396 1895 4451 volo?
1924 4398 2080 4453 Nosti

377 4487 575 4555 optime
603 4500 768 4553 quam
799 4499 1001 4539 avarus
1023 4487 1128 4539 sim
1158 4486 1240 4539 tui
1265 4502 1277 4539 :
1302 4501 1395 4539 nec
1424 4491 1602 4540 tamen
1626 4499 1929 4553 murmuro,
1948 4488 2080 4555 quia

380 4590 488 4629 non
529 4577 740 4627 tantum
787 4588 909 4642 ago,
944 4577 1210 4643 quantum
1247 4574 1386 4642 volo,
1434 4576 1693 4643 quoniam
1737 4589 1928 4629 rursus
1975 4591 2079 4629 non

379 4663 557 4715 minus
600 4676 702 4728 ago
744 4666 1009 4729 quantum
1044 4676 1282 4729 possum.
1324 4665 1428 4716 Deo
1474 4678 1598 4730 ergo
1631 4665 1864 4730 gratias,
1904 4665 2081 4730 frater

380 4749 707 4816 dulcissime,
745 4749 872 4804 bene
902 4750 1040 4804 mihi
1082 4754 1251 4803 tecum
1280 4754 1378 4817 est,
1418 4750 1625 4817 gaudeo
1665 4756 1833 4806 tecum
1876 4754 2080 4809 arctius

383 4837 728 4906 conjunctus;
759 4842 832 4905 et,
861 4844 920 4893 ut
944 4841 1025 4892 ita
1054 4838 1255 4905 dicam,
1282 4841 1558 4906 unissime,
1589 4846 1852 4910 quantum
1884 4846 2080 4911 potest,

383 4925 664 4981 adhaerens
697 4926 818 4994 tibi,
846 4926 1269 4982 redundantiam
1290 4928 1511 4983 uberum
1532 4933 1743 4985 tuorum
1762 4933 2080 5000 suscipiens,

382 5016 524 5069 vires
567 5030 836 5084 comparo,
884 5018 936 5070 si
972 5018 1181 5086 possim
1225 5016 1445 5073 idoneus
1483 5021 1627 5087 efﬁci
1666 5019 1741 5073 ad
1787 5035 1849 5073 ea
1894 5035 2083 5074 concu-

385 5102 572 5159 tienda
601 5108 652 5158 et
681 5104 1067 5173 exprimenda;
1098 5110 1159 5160 ut
1199 5106 1470 5175 quidquid
1500 5110 1752 5162 secretius
1779 5114 1827 5162 et
1857 5110 2083 5163 interius

385 5194 629 5247 clausum
649 5192 979 5263 custodiunt,
1000 5197 1216 5249 remotis
1240 5196 1490 5264 pellibus,
1515 5211 1651 5264 quas
1671 5196 1848 5251 adhuc
1869 5198 2087 5252 lactenti

385 5280 657 5348 sugendas
694 5283 962 5351 inserunt,
1006 5286 1129 5352 ipsa
1167 5285 1305 5338 mihi
1341 5287 1571 5351 viscera,
1615 5286 1664 5338 si
1693 5284 1949 5353 possibile
1986 5289 2083 5352 est,

388 5370 682 5438 dignentur
723 5370 1015 5439 effundere.
1071 5373 1310 5440 Viscera,
1342 5375 1588 5441 inquam,
1633 5374 1773 5427 mihi
1808 5378 1869 5428 ut
1896 5376 2084 5440 refun-

389 5457 595 5513 dantur
623 5461 812 5529 cupio;
842 5462 1052 5514 viscera
1094 5465 1208 5526 tua,
1249 5463 1457 5516 viscera
1486 5462 1719 5530 pinguia
1762 5463 1956 5528 sagina
1985 5477 2084 5516 ca:-

394 5545 534 5607 lesti,
561 5550 611 5600 et
640 5548 855 5602 condita
896 5549 1042 5603 omni
1078 5548 1358 5603 dulcedine
1385 5548 1699 5616 spirituali;
1730 5551 1941 5603 viscera
1969 5554 2085 5615 tua,

1592 292 1749 346 VlTA
1785 293 1841 346 S.
1883 292 2255 349 AUGUSTINI
2298 291 2625 347 EPISCOPI.

3751 296 3873 348 316

2150 418 2360 470 viscera
2385 430 2551 485 pura,
2580 416 2790 469 viscera
2826 415 3135 483 simplicia;
3177 411 3289 468 nisi
3317 414 3463 483 quod
3489 414 3697 484 duplici
3728 418 3873 469 sunt

2150 505 2362 559 vinculo
2391 504 2647 557 redimita
2670 505 2891 570 gemina
2920 504 3240 567 charitatis;
3264 504 3473 557 viscera
3500 506 3617 569 tua,
3646 506 3870 558 viscera

2150 594 2378 663 perfusa
2416 593 2614 645 lumine
2645 593 2916 656 veritatis,
2959 595 3011 645 et
3047 592 3379 658 refulgentia
3416 594 3720 646 veritatem.
3755 593 3873 646 Ho-

2154 696 2274 734 rum
2302 696 2384 733 me
2406 680 2708 734 manationi
2726 681 2808 734 vel
2834 681 3178 734 resultationi
3201 679 3451 749 subjicio,
3469 695 3574 749 quo
3595 695 3708 734 nos:
3739 696 3875 735 mea

2153 772 2213 822 in
2242 770 2438 823 lumine
2459 773 2549 822 tuo
2581 767 2818 837 deﬁciat,
2849 772 2911 823 ut
2951 770 3011 821 in
3054 769 3166 822 diei
3193 769 3445 823 claritate
3468 765 3645 823 simul
3672 769 3875 823 ambu-

2156 860 2270 912 lare
2310 859 2593 926 possimus.
2646 858 2688 912 Ο
2731 873 2852 911 vere
2896 859 3193 925 artiﬁciosa
3238 859 3363 926 apis
3407 859 3504 912 Dei
3546 861 3873 912 construens

2154 950 2310 1014 favos
2336 946 2514 1000 divini
2538 948 2775 1000 nectaris
2798 946 3004 1014 plenos,
3037 950 3317 998 manantes
3350 944 3786 999 misericordiam
3814 945 3875 995 et

2155 1037 2459 1101 veritatem,
2482 1050 2584 1104 per
2616 1048 2751 1102 quos
2778 1034 3088 1088 discurrens
3118 1033 3407 1087 deiiciatur
3433 1034 3621 1087 anima
3641 1048 3789 1100 mea,
3817 1036 3875 1084 et

2157 1124 2316 1177 vitali
2336 1126 2505 1191 pastu
2535 1122 2813 1191 quidquid
2840 1124 2898 1176 in
2924 1138 2979 1176 se
3014 1124 3194 1176 minus
3224 1123 3451 1188 invenit,
3494 1124 3591 1174 aut
3617 1121 3875 1175 imbecil-

2160 1212 2269 1265 lum
2306 1213 2487 1276 sentit,
2528 1213 2791 1265 resarcire
2820 1216 2871 1265 et
2907 1212 3188 1280 suffulcire
3229 1211 3484 1265 molitur!
3517 1210 3878 1265 Benedicitur

2159 1301 2417 1361 Dominus
2438 1314 2541 1369 per
2566 1302 2896 1368 praeconium
2924 1301 3033 1354 oris
3073 1300 3173 1366 tui,
3205 1303 3256 1353 et
3280 1299 3437 1367 ﬁdele
3462 1299 3870 1361 ministerium;

2161 1387 2305 1457 quod
2332 1389 2410 1442 sic
2439 1390 2712 1442 concinere
2739 1392 2791 1442 et
2835 1388 3155 1457 respondere
3186 1389 3328 1454 facis
3369 1389 3584 1442 canenti
3612 1386 3715 1442 tibi
3751 1388 3872 1440 Do-

2160 1478 2325 1539 mino,
2367 1480 2429 1530 ut
2470 1477 2744 1545 quidquid
2781 1478 2846 1531 de
2883 1477 3000 1546 ejus
3048 1476 3392 1546 plenitudine
3435 1476 3509 1530 ad
3556 1490 3653 1530 nos
3692 1488 3875 1544 usque

2162 1565 2454 1633 redundat,
2474 1565 2773 1634 jucundius
2813 1567 3088 1633 efﬁciatur
3116 1570 3166 1620 et
3204 1568 3417 1633 gratius
3454 1580 3555 1634 per
3594 1568 3746 1619 tuum
3773 1565 3873 1618 ele-

2161 1658 2377 1723 gantem
2410 1655 2757 1721 famulatum,
2798 1659 2849 1708 et
2886 1657 3211 1709 succinctam
3252 1653 3601 1716 munditiam,
3631 1658 3683 1708 et
3709 1653 3875 1721 ﬁdele

2163 1759 2226 1798 ac
2254 1748 2462 1798 castum
2502 1744 2838 1813 simplexque
2864 1745 3228 1798 ministerium
3267 1762 3281 1799 :
3318 1743 3464 1811 quod
3501 1745 3581 1797 ita
3621 1743 3871 1811 resplen-

2164 1831 2288 1885 dere
2315 1833 2457 1899 facis
2480 1848 2583 1901 per
2603 1834 2851 1899 argutias
2874 1836 2995 1887 tuas
3024 1836 3075 1885 et
3096 1833 3444 1900 vigilantiam
3471 1835 3638 1899 tuam,
3655 1836 3717 1884 ut
3744 1845 3868 1898 per~

2163 1922 2403 1987 stringat
2426 1922 2621 1989 oculos,
2653 1926 2703 1975 et
2732 1923 2789 1975 in
2812 1936 2868 1975 se
2896 1923 3112 1991 rapiat;
3135 1923 3250 1975 nisi
3280 1924 3338 1974 tu
3365 1921 3506 1975 idem
3533 1922 3732 1974 ianuas
3758 1921 3871 1974 Do-

2164 2010 2389 2076 minum,
2412 2013 2473 2063 ut
2492 2009 2766 2077 quidquid
2788 2011 2847 2063 in
2864 2013 2913 2063 te
2936 2008 3245 2064 delectabile
3274 2010 3430 2075 lucet,
3458 2009 3745 2075 referentes
3768 2022 3874 2061 nos

2165 2097 2240 2151 ad
2268 2097 2443 2166 illum,
2476 2098 2650 2166 ipsius
2675 2112 2785 2152 esse
2812 2112 3183 2165 agnoscamus,
3216 2097 3282 2151 de
3306 2098 3461 2166 cujus
3491 2097 3730 2151 bonitate
3754 2100 3875 2150 tam

2167 2186 2332 2241 bonus
2360 2202 2434 2253 es,
2464 2191 2515 2240 et
2544 2186 2609 2241 de
2632 2187 2788 2257 cujus
2816 2189 3058 2256 puritate
3084 2191 3135 2241 et
3158 2187 3507 2255 simplicitate
3534 2201 3598 2239 ac
3621 2186 3872 2255 pulchri-

2169 2275 2354 2329 tudine
2366 2290 2563 2344 purus,
2585 2276 2816 2345 simplea-
2837 2279 2886 2329 et
2901 2276 3126 2345 pulcher
3146 2290 3199 2329 es
3224 2274 3418 2345 (Epist.
3451 2277 3572 2340 109,
3593 2290 3686 2328 nn.
3718 2276 3770 2341 l,
3784 2273 3870 2341 2).

2166 2363 2550 2433 Augustinum
2581 2364 2684 2418 sub
2713 2363 2969 2433 epistolae
2997 2363 3172 2417 ﬁnem
3199 2367 3384 2433 rogat,
3413 2366 3479 2417 ut
3500 2361 3608 2416 sibi
3635 2377 3875 2432 respon-

2168 2451 2297 2506 deat
2320 2452 2559 2523 prolixis
2583 2452 2818 2517 litteris;
2854 2468 2995 2523 quas
3032 2456 3228 2506 tamen
3257 2450 3364 2506 sibi
3403 2451 3589 2505 visum
3621 2449 3694 2504 iri
3735 2450 3871 2504 bre-

2168 2538 2351 2595 viores
2381 2544 2660 2596 asseverat
2691 2541 2879 2609 (Ibid.,
2910 2557 2969 2597 η.
3012 2541 3082 2610 3).
3112 2541 3219 2595 Res
3256 2539 3544 2611 quapiam
3571 2538 3875 2594 videbatur

2170 2629 2416 2700 exigere,
2450 2633 2511 2683 ut
2535 2629 2583 2683 is
2619 2629 2691 2684 ad
2723 2634 2983 2684 sanctum
3013 2629 3210 2683 Virum
3245 2645 3304 2683 se
3341 2628 3623 2683 conferret
3654 2644 3670 2683 :
3698 2627 3771 2683 ab
3800 2643 3872 2681 eo

2169 2717 2546 2773 nihilominus
2571 2717 2737 2789 petit,
2764 2722 2848 2783 ut,
2880 2717 3166 2788 siquidem
3195 2716 3252 2771 id
3282 2716 3407 2771 ﬁeri
3436 2716 3632 2787 possit,
3664 2716 3734 2771 ab
3762 2715 3875 2771 hoc

2172 2805 2372 2861 itinere
2404 2811 2721 2874 excusetur,
2761 2822 2903 2861 neve
2941 2806 3263 2861 retrahatur
3291 2821 3325 2860 a
3355 2821 3460 2860 suo
3497 2820 3702 2870 cursu;
3735 2803 3871 2874 qui-

2167 2896 2275 2951 bus
2301 2894 2488 2950 verbis
2538 2900 2731 2950 utrum
2775 2910 3058 2949 secessum
3104 2909 3272 2949 suum
3319 2893 3598 2965 designet,
3627 2908 3702 2947 an
3749 2908 3873 2947 suae.

2170 2978 2478 3034 dimceseos
2502 2978 2902 3045 visitationem,
2935 2976 3103 3032 nobis
3132 2993 3251 3032 non
3280 2976 3477 3049 liquet.

2241 3069 2295 3122 4.
2331 3067 2568 3122 Litteras
2606 3067 2734 3123 illas
2760 3067 3187 3132 Quodvultdeus
3218 3065 3685 3138 Gaudentiusque
3713 3068 3879 3121 attu-

2172 3157 2364 3211 lerunt
2392 3156 2465 3211 ad
2492 3155 2899 3227 Augustinum,
2923 3155 3023 3227 qui
3053 3155 3257 3210 Severo
3272 3155 3446 3225 paulo
3476 3158 3609 3209 ante
3637 3170 3740 3226 per
3758 3154 3878 3209 dia-

2174 3261 2383 3300 conum
2430 3244 2792 3300 Timotheum
2836 3244 2949 3298 alia
2990 3243 3263 3316 quapiam
3310 3243 3379 3299 de
3430 3259 3493 3298 re
3549 3243 3872 3314 scripserat.

2177 3333 2443 3390 Nondum
2478 3334 2765 3405 profectus
2794 3338 2916 3387 erat
2951 3332 3047 3387 ille
3078 3332 3353 3387 diaconus
3382 3349 3395 3387 :
3424 3336 3484 3386 at
3510 3347 3640 3386 cum
3661 3331 3784 3402 jam
3815 3330 3879 3385 in

2175 3422 2472 3495 procinctu
2501 3427 2668 3492 esset,
2690 3438 2755 3477 ac
2782 3422 3141 3493 profecturus
3164 3421 3227 3475 in
3250 3421 3503 3492 singulas
3527 3420 3699 3475 horas
3727 3419 3879 3475 vide-

2175 3516 2355 3579 retur,
2386 3528 2501 3566 non
2529 3510 2716 3583 potuit
2751 3511 3106 3582 Augustinus
3135 3526 3240 3581 per
3278 3509 3546 3565 eumdem
3574 3509 3730 3564 hisce
3757 3508 3880 3563 ofﬁ-

2177 3599 2504 3655 ciosissimis
2545 3599 2751 3654 litteris
2783 3600 3155 3670 respondere.
3197 3598 3305 3654 Sed
3351 3600 3453 3653 etsi
3478 3614 3580 3668 per
3616 3613 3757 3665 eum,
3788 3598 3877 3652 in-

2178 3689 2304 3761 quit
2333 3689 2450 3756 ille,
2490 3689 2904 3759 respondissem,
2947 3688 3126 3742 adhuc
3171 3688 3383 3742 debitor
3427 3688 3602 3754 forem
3642 3687 3881 3755 epistola

2181 3783 2303 3833 tuae.
2355 3777 2581 3845 Quando
2628 3780 2771 3832 enim
2816 3778 3091 3847 sufﬁciam
3139 3780 3242 3831 tua
3284 3776 3568 3841 suavitati,
3615 3779 3882 3844 tantaeque

2181 3866 2443 3922 aviditati
2485 3867 2657 3920 animi
2697 3866 2781 3920 tui
2810 3865 3010 3936 (Epist.
3058 3866 3199 3929 HO,-
3227 3879 3283 3918 n.
3338 3864 3440 3934 1)?
3482 3860 3880 3934 Respondendi

2184 3955 2579 4010 difﬁcultatem
2619 3953 2883 4021 faciebat,
2912 3953 3062 4024 quod
3105 3953 3331 4018 Severo,
3363 3952 3466 4017 qui
3500 3955 3619 4006 tam
3650 3951 3878 4023 magni-

2184 4044 2287 4099 ﬁce
2315 4043 2503 4114 ipsum
2534 4042 2811 4109 laudaret,
2834 4042 2967 4096 hinc
2995 4041 3173 4096 vicem
3194 4040 3454 4108 reddere,
3475 4040 3633 4095 illinc
3653 4044 3883 4111 propter

2183 4131 2583 4187 verecundiam
2612 4147 2846 4202 parcere
2871 4147 2930 4185 se
2949 4130 3155 4185 debere
3177 4129 3563 4198 existimabat;
3585 4129 3674 4184 sin
3694 4133 3883 4184 autem

2186 4225 2459 4293 parceret,
2505 4219 2696 4274 minus
2758 4219 3136 4285 redditurum,
3185 4219 3443 4289 adeoque
3483 4233 3882 4272 remansurum

2187 4327 2309 4364 esse
2335 4308 2668 4365 debitorem.
2703 4307 3044 4364 Immodicas
3075 4308 3201 4363 illas
3226 4307 3313 4361 sui
3341 4306 3537 4362 laudes
3560 4322 3619 4361 se
3649 4305 3883 4363 minime

2187 4402 2521 4454 curaturum
2549 4398 2648 4464 ait,
2671 4396 2719 4451 si
2741 4397 3240 4467 proﬁciscerentur
3254 4397 3325 4451 ab
3353 4400 3703 4451 assentatore
3719 4414 3734 4463 ;
3752 4395 3886 4467 quia

2187 4492 2321 4543 tunc
2362 4484 2501 4540 talia
2543 4485 2857 4555 rependere
2902 4485 3228 4539 nullatenus
3273 4488 3582 4539 teneretur.
3628 4486 3701 4537 At
3756 4499 3884 4538 cum

2189 4580 2341 4631 certo
2368 4573 2535 4629 sciret
2579 4577 2742 4628 natas
2788 4574 2917 4628 illas
2955 4590 3019 4627 ex
3068 4589 3264 4628 amore
3311 4572 3551 4638 sincero,
3600 4576 3770 4644 atque
3818 4588 3884 4625 eo

2191 4669 2436 4737 pectore,
2480 4663 2636 4734 quod
2670 4678 2791 4717 non
2824 4662 2980 4718 aliud
3024 4661 3161 4717 foris
3207 4660 3474 4725 ostendit,
3517 4675 3693 4731 quam
3733 4659 3884 4731 quod

2192 4753 2345 4808 intus
2379 4752 2583 4818 sentit;
2624 4752 2919 4823 utrimque
2952 4750 3250 4823 judicabat
3290 4748 3740 4815 incommodum,
3772 4747 3886 4802 sive

2192 4842 2429 4897 referret
2473 4839 2635 4912 paria
2683 4840 2937 4911 paribus,
2992 4838 3108 4893 sive
3157 4855 3279 4894 non
3333 4839 3591 4893 referret.
3641 4836 3885 4892 Subinde

2192 4935 2387 4985 tamen
2436 4945 2556 4984 non
2608 4929 2727 4984 sine
2780 4944 2990 5001 magno
3043 4926 3387 4984 humilitatis
3447 4943 3512 4981 ac
3572 4925 3886 4981 dilectionis

2194 5032 2383 5083 sensu,
2415 5032 2519 5069 nec
2545 5015 2738 5070 minus
2765 5031 2885 5087 pres
2912 5031 2972 5069 se
3001 5014 3189 5069 terens
3218 5012 3281 5067 in
3294 5011 3519 5084 justitia
3545 5011 3887 5067 consulenda

2195 5104 2547 5175 colendaque
2577 5103 2849 5169 studium,
2881 5101 3180 5173 respondit
3210 5116 3224 5155 :
3267 5099 3525 5172 quamvis
3552 5114 3668 5153 non
3702 5102 3889 5170 posset

2194 5192 2411 5247 inﬁcias
2442 5192 2544 5260 ire,
2579 5191 2720 5263 quin
2753 5208 2812 5245 se
2847 5207 2962 5245 non
2998 5189 3191 5245 minus
3224 5204 3399 5261 quam
3429 5187 3661 5259 propria
3700 5186 3887 5242 anima

2194 5286 2560 5353 perspectum
2588 5280 2827 5335 haberet
2854 5280 3121 5345 Severus;
3148 5278 3387 5332 alteram
3406 5276 3561 5331 enim
3592 5291 3756 5331 suam
3775 5276 3888 5330 ani-

2195 5386 2350 5425 mam
2377 5370 2440 5424 in
2466 5386 2534 5425 eo
2561 5367 2864 5433 contineri,
2895 5368 2984 5423 vel
3014 5366 3206 5439 potius
3234 5366 3431 5421 ambas
3455 5364 3754 5435 utriusque
3779 5366 3888 5421 ani-

2195 5475 2318 5514 mas
2349 5458 2410 5513 in
2442 5473 2618 5513 unam
2658 5456 2965 5523 coaluisse;
2998 5472 3163 5529 posse
3197 5460 3391 5511 tamen
3430 5470 3563 5509 eum
3601 5453 3664 5508 in
3689 5470 3792 5509 sua
3821 5454 3887 5509 de

2197 5547 2322 5618 ipso
2354 5546 2622 5617 opinione
2652 5544 2788 5614 labi,
2816 5561 2946 5601 cum
2975 5561 3144 5600 nemo
3166 5560 3225 5599 se
3252 5542 3386 5598 satis
3413 5542 3536 5615 ipse
3555 5546 3883 5614 cognoscat:
