4062 6360
107 308 209 359 317

105 426 217 480 hoc
254 441 389 480 vero
427 440 487 480 se
516 425 664 480 ferre
704 426 1092 497 impatienter,
1123 442 1245 482 non
1275 432 1500 483 tantum
1531 428 1667 501 quia
1695 445 1812 484 non

106 515 232 569 vult
262 519 326 570 ut
351 514 413 569 in
440 530 693 570 errorem
718 515 934 570 amicus
958 514 1279 582 inducatur,
1307 532 1506 572 verum
1536 517 1709 572 etiam
1738 534 1810 572 ne

107 602 205 657 ille
236 604 346 659 hoc
373 606 538 674 pacto
566 620 669 674 pro
707 620 768 658 se
796 603 988 658 minus
1021 605 1203 659 Deum
1245 609 1390 671 oret,
1440 609 1504 660 ut
1543 606 1616 660 sit
1654 606 1809 678 quod

100 693 228 763 jam
274 709 334 747 se
364 709 486 746 esse
515 693 709 748 credit.
743 693 861 748 Sibi
890 709 1120 765 quoque
1147 694 1206 748 in
1248 694 1480 765 proclivi
1519 712 1660 762 esse,
1692 712 1809 750 non

107 780 439 835 absimilem
486 781 690 851 agendi
726 798 855 836 cum
885 798 951 836 eo
992 782 1214 837 ratione
1246 782 1417 851 inire,
1446 800 1511 838 ac
1540 784 1661 840 sine
1689 785 1808 839 ullo

104 869 241 924 fuco
286 868 589 939 explicare,
638 869 868 940 quantis
910 885 1045 924 eum
1092 870 1257 926 bonis
1296 887 1360 925 ac
1391 871 1618 925 dotibus
1673 872 1811 927 sciat

106 956 305 1011 divina
350 957 741 1011 muniﬁcentia
787 962 1124 1013 exornatum
1166 974 1179 1012 :
1228 959 1326 1013 sed
1357 960 1526 1013 malle
1568 976 1626 1014 se
1657 960 1809 1014 illius

106 1045 322 1116 pudori
350 1062 601 1117 parcere,
634 1062 754 1100 non
778 1046 932 1117 quod
957 1046 1164 1101 timeat
1191 1062 1261 1101 ne
1290 1046 1351 1101 in
1375 1047 1681 1119 jndicando
1711 1049 1811 1103 fal-

103 1136 288 1201 latur;
320 1135 418 1189 sed
447 1150 520 1189 ne
549 1135 785 1190 Severus
814 1135 886 1189 ab
916 1136 1091 1190 altero
1112 1136 1323 1191 Severo
1352 1138 1806 1201 commendatus,

104 1222 371 1277 videatur
414 1223 504 1277 sui
547 1223 728 1294 ipsius
767 1224 1222 1291 commendator;
1286 1240 1428 1279 neve
1481 1241 1711 1280 causam
1758 1226 1805 1279 ei

107 1311 369 1382 prabeat
395 1312 796 1383 expostulandi
827 1313 1030 1367 eadem
1058 1313 1179 1380 illa,
1211 1329 1339 1384 qua
1362 1314 1431 1368 de
1460 1330 1527 1368 eo
1557 1314 1678 1385 ipse
1707 1330 1809 1368 ex-

108 1401 461 1471 postulabat.
493 1400 653 1465 Quod
672 1406 889 1472 spectat
914 1403 985 1456 ad
1016 1402 1295 1473 prolixam
1312 1402 1811 1474 epistolam,quam

110 1490 181 1544 ab
211 1506 281 1543 eo
325 1490 564 1544 Severus
594 1490 956 1561 efflagitarat,
996 1495 1169 1561 negat
1208 1491 1267 1546 id
1297 1491 1405 1546 sibi
1436 1508 1538 1563 per
1564 1508 1809 1563 occupa-

111 1578 299 1632 tiones
330 1576 528 1643 licere;
570 1578 828 1649 exigente
859 1578 1145 1650 aequitatis
1189 1579 1405 1647 ordine,
1438 1584 1501 1634 ut
1529 1582 1682 1652 quod
1711 1582 1810 1637 uni

111 1666 320 1721 Severo
353 1666 617 1733 debebat,
648 1666 719 1720 iis
739 1667 940 1721 ofﬁciis
959 1668 1204 1734 cederet,
1236 1684 1365 1739 qua
1386 1668 1574 1723 eidem
1597 1668 1813 1739 pariter

110 1757 285 1823 atque
316 1754 464 1820 aliis,
495 1754 605 1808 hoc
633 1758 717 1808 est
744 1754 1024 1809 universa
1055 1756 1333 1822 Ecclesia,
1357 1761 1628 1826 praestare
1658 1760 1812 1811 tene-

109 1842 303 1897 batur.
337 1842 698 1913 QuaprOpter
720 1858 851 1897 eum
871 1848 1245 1915 caterosque,
1267 1845 1475 1917 quibus
1493 1849 1611 1900 erat
1632 1845 1813 1915 magis

110 1934 264 1986 arcto
317 1931 571 2002 quodam
616 1931 883 1987 amicitia
931 1948 1076 1987 nexu
1124 1933 1482 2004 coniunctus,
1532 1938 1695 2005 rogat
1742 1950 1813 1987 ne

109 2019 253 2091 quid
284 2019 396 2074 sibi
425 2018 561 2074 novi
598 2020 788 2075 oneris
817 2020 1146 2091 imponant;
1179 2022 1277 2077 sed
1305 2026 1502 2077 contra
1530 2022 1671 2077 alios
1706 2021 1813 2093 ipsi

109 2110 182 2163 ab
226 2125 297 2163 ea
325 2126 411 2176 re,
452 2114 665 2181 quanta
719 2114 959 2181 possunt
995 2110 1329 2165 auctoritate
1375 2115 1431 2165 et
1468 2116 1659 2166 sancta
1709 2111 1813 2165 be-

113 2197 393 2268 nignitate
439 2197 805 2268 prohibeant.
856 2199 997 2253 Eum
1039 2214 1073 2252 a
1101 2214 1160 2252 se
1203 2199 1512 2270 exspectari
1535 2199 1816 2271 signiﬁcat

113 2288 314 2358 (Epist.
354 2289 476 2353 110,
507 2302 563 2341 n.
592 2288 666 2351 4).

184 2378 236 2428 5.
286 2374 353 2427 In
384 2374 636 2445 quadam
682 2374 922 2444 epistola
963 2374 1244 2429 Novatum
1288 2374 1621 2443 antistitem,
1653 2380 1719 2431 ut
1745 2376 1815 2432 ad

117 2479 173 2517 se
202 2462 442 2517 fratrem
471 2462 706 2517 utilitati
739 2461 997 2516 Ecclesia
1026 2462 1408 2518 necessarium
1437 2464 1692 2519 mitteret
1721 2465 1816 2519 ob-

117 2554 379 2617 testatus,
411 2550 472 2605 in
499 2550 622 2605 hac
652 2550 825 2605 verba
867 2567 1000 2605 eum
1029 2552 1335 2622 compellat
1367 2568 1380 2606 :
1412 2556 1480 2607 Ut
1507 2554 1660 2622 longe
1686 2555 1815 2608 mit-

118 2644 229 2694 tam
256 2642 637 2709 cogitationem
667 2644 837 2702 tuam,
861 2641 1257 2710 quantumlibet
1279 2642 1459 2695 valeat
1484 2643 1817 2708 germanitas

118 2730 201 2781 tui
228 2729 537 2794 sanguinis,
577 2743 685 2781 non
723 2729 893 2781 vincit
921 2729 1176 2781 amicitia
1212 2730 1507 2794 vinculum,
1539 2743 1644 2798 quo
1665 2728 1820 2783 nobis

120 2818 346 2870 invicem
365 2832 459 2884 ego
483 2820 533 2871 et
559 2818 737 2882 frater
758 2818 982 2871 Severus
1010 2817 1329 2871 inhaeremus
1352 2832 1365 2870 :
1393 2822 1444 2871 et
1475 2822 1651 2870 tamen
1677 2818 1822 2871 nosti

120 2921 286 2973 quam
311 2920 442 2959 raro
470 2919 590 2958 eum
617 2904 755 2958 mihi
790 2904 973 2958 videre
1000 2906 1293 2972 contingat.
1328 2905 1508 2973 Atque
1545 2906 1639 2959 hoc
1667 2907 1817 2971 fecit,

120 3009 227 3047 non
254 2996 445 3063 utique
461 2993 711 3048 voluntas
739 2993 823 3046 vel
846 3007 982 3060 mea,
1018 2993 1100 3046 vel
1128 2993 1305 3059 illius;
1348 2993 1442 3046 sed
1470 2992 1597 3047 dum
1628 2995 1820 3047 matris

122 3082 374 3137 Eccle3iae
396 3084 733 3136 necessitates
758 3085 983 3150 propter
1006 3082 1264 3147 futurum
1293 3082 1549 3148 seculum,
1582 3096 1685 3149 quo
1726 3096 1821 3136 no-

127 3170 332 3226 biscum
378 3170 813 3240 inseparabiliter
859 3172 1212 3237 convivemus,
1246 3173 1421 3225 nostri
1450 3172 1700 3241 temporis
1728 3185 1820 3224 ne-

127 3258 468 3313 cessitatibus
492 3260 882 3327 anteponimus.
914 3258 1125 3324 Quanto
1147 3273 1272 3326 ergo
1291 3260 1497 3326 aequius
1528 3263 1577 3312 te
1598 3259 1824 3313 tolerare

125 3352 353 3415 oportet,
377 3362 481 3416 pro
517 3349 754 3401 utilitate
782 3348 954 3416 ipsius
986 3349 1179 3401 matris
1204 3348 1453 3402 Ecclesia
1481 3348 1597 3416 ejus
1624 3349 1822 3413 fratris

126 3437 450 3505 absentiam,
492 3451 611 3490 cum
651 3451 755 3505 quo
778 3452 885 3490 non
915 3435 1127 3490 tamdiu
1168 3436 1345 3491 cibum
1373 3436 1701 3490 dominicum
1729 3452 1822 3490 ru-

125 3527 321 3591 minas,
355 3525 618 3594 quamdiu
636 3540 730 3591 ego
754 3539 874 3579 cum
902 3524 1213 3579 dulcissimo
1243 3527 1454 3579 concive
1476 3540 1587 3578 meo
1612 3525 1821 3591 Severo,

124 3613 221 3681 qui
258 3627 463 3666 mecum
509 3616 685 3666 tamen
713 3627 854 3667 nunc
897 3613 1014 3678 vim,
1065 3616 1117 3665 et
1154 3611 1430 3665 interdum
1469 3627 1569 3680 per
1596 3613 1824 3680 exiguas

124 3701 405 3755 chartulas
447 3701 708 3770 loquitur,
737 3704 787 3754 et
815 3714 905 3754 eas
943 3700 1162 3768 quidem
1190 3701 1371 3769 plures
1399 3700 1637 3753 aliarum
1665 3714 1823 3753 cura-

122 3805 243 3843 rum
273 3794 324 3844 et
354 3792 685 3857 negotiorum
710 3791 961 3855 refertas,
995 3804 1160 3857 quam
1182 3793 1461 3857 portantes
1489 3787 1708 3855 aliquid
1730 3803 1824 3842 no-

123 3883 362 3932 strorum
398 3880 457 3932 in
487 3878 691 3933 Christi
717 3879 986 3931 suavitate
1002 3881 1287 3946 pratorum
1310 3876 1504 3945 (Epist.
1537 3877 1626 3940 84,
1657 3891 1712 3930 n.
1750 3876 1823 3945 1).

126 3967 227 4022 Illa
273 3965 584 4037 Augustini
625 3981 758 4019 cum
803 3965 1007 4020 Severo
1053 3965 1291 4019 societas
1334 3970 1471 4018 nota
1507 3968 1630 4019 erat
1657 3968 1827 4035 atque

126 4056 277 4126 apud
307 4068 509 4108 omnes
536 4054 868 4123 pervulgata
899 4068 912 4107 :
947 4052 1411 4123 quandoquidem
1439 4052 1667 4122 ignotus
1699 4051 1829 4105 scri-

126 4148 258 4214 ptor
272 4143 336 4197 in
357 4141 605 4213 quadam
618 4140 691 4195 ad
710 4140 1091 4211 Augustinum
1113 4140 1371 4211 epistola,
1394 4156 1522 4212 qua
1546 4139 1608 4193 in
1630 4140 1827 4195 Hiero-

126 4230 288 4302 nymi
316 4245 492 4302 opera
518 4229 846 4300 irrepserat,
895 4229 984 4284 his
1012 4229 1245 4284 beatum
1275 4228 1608 4299 episcopum
1640 4228 1827 4283 verbis

126 4319 442 4390 alloquitur
472 4334 485 4374 :
518 4319 649 4375 Cum
667 4319 725 4372 in
749 4318 934 4373 urbem
958 4319 1121 4386 Leges
1149 4320 1410 4373 anteriori
1433 4323 1663 4388 tempore
1686 4334 1826 4373 com-

127 4423 417 4471 meassem;
440 4409 671 4461 nimium
699 4422 819 4461 sum
861 4409 1231 4473 contristatus,
1272 4407 1418 4476 quod
1445 4411 1493 4461 te
1518 4411 1685 4461 totum
1720 4406 1828 4460 ibi-

128 4496 251 4551 dem
272 4499 494 4551 minime
536 4498 694 4566 potui
733 4498 1005 4566 reperire;
1030 4498 1213 4550 inveni
1237 4498 1379 4550 enim
1404 4500 1453 4550 te
1474 4496 1728 4562 medium,
1754 4499 1826 4562 et,

129 4588 191 4637 ut
218 4586 307 4641 ita,
329 4584 529 4651 dicam,
556 4590 771 4654 partem
798 4588 995 4640 anima
1023 4590 1128 4640 tua
1146 4586 1399 4641 Severum
1429 4586 1824 4649 charissimam,

132 4671 196 4725 de
224 4689 330 4742 quo
350 4688 417 4727 ea:
441 4678 597 4743 parte
624 4676 844 4739 gavisus
873 4688 1010 4728 sum.
1039 4675 1277 4739 Perfecta
1306 4676 1446 4728 enim
1464 4673 1830 4740 gauderem,si

135 4765 182 4815 te
212 4766 381 4816 totum
425 4764 719 4817 invenirem
761 4790 772 4817 :
814 4763 957 4817 unde
984 4777 1051 4816 ea:
1075 4766 1252 4831 parte,
1285 4778 1394 4831 qua
1426 4766 1475 4815 te
1501 4777 1824 4828 repereram,

134 4849 478 4917 gratulabar,
524 4854 576 4905 et
600 4855 820 4919 propter
853 4855 1067 4921 partem
1095 4854 1265 4919 tuam,
1296 4865 1460 4918 quam
1486 4865 1829 4918 nequaquam

136 4940 677 5006 cernebam,omnibus
692 4940 868 4995 modis
889 4939 1277 4994 contristabar.
1310 4938 1544 4994 Proinde
1570 4939 1696 4992 dimi
1713 4940 1830 4993 ani-

136 5041 262 5082 mea
279 5028 606 5096 mea,Quare
626 5030 797 5083 tristis
816 5032 945 5094 es,et
966 5044 1133 5098 quare
1150 5027 1436 5082 conturbas
1449 5042 1532 5081 me
1546 5031 1574 5081 ?
1586 5028 1755 5097 Spera
1769 5030 1829 5082 in

141 5116 238 5170 Deo
288 5117 449 5185 (Psal.
479 5131 597 5182 xu,
635 5117 689 5185 6)
738 5134 754 5169 :
787 5120 837 5169 et
858 5118 1025 5182 faciet
1044 5121 1362 5185 prasentem
1390 5118 1640 5181 amicum,
1674 5132 1828 5185 quem

139 5201 343 5271 diligis.
389 5204 547 5259 Unde
578 5203 786 5274 conﬁdo
815 5205 874 5258 in
909 5207 1153 5274 Domino,
1180 5210 1231 5258 et
1258 5219 1431 5274 spero,
1463 5205 1606 5273 quod
1634 5219 1715 5258 me
1741 5206 1832 5270 fa-

139 5292 238 5345 ciet
265 5292 332 5346 de
348 5297 444 5347 tua
470 5294 672 5347 visione
689 5293 963 5361 gratulari
992 5293 1182 5363 (Apud
1195 5294 1455 5361 August.,
1478 5295 1656 5362 Epist.
1678 5293 1825 5363 270).

142 5382 322 5453 Atque
350 5387 416 5437 ut
443 5397 822 5454 quacumque
851 5387 1130 5452 praterea
1170 5382 1240 5438 de
1270 5382 1474 5437 Severo
1503 5382 1636 5437 licet
1672 5380 1832 5437 inve-

145 5466 286 5537 nire,
328 5470 482 5532 hunc
508 5470 568 5525 in
595 5470 783 5525 locum
823 5485 1231 5540 congeramus;
1272 5471 1538 5527 observat
1563 5469 1833 5540 Augusti-

149 5569 254 5611 nus
291 5558 504 5614 mirum
532 5558 819 5631 quoddam
856 5558 1138 5630 magnetis
1167 5559 1647 5631 experimentum,
1679 5558 1833 5631 quod

1569 309 1781 364 LIBER
1853 310 2181 375 QUINTUS.

3513 311 3614 363 3l8

1923 432 2179 495 Severus,
2231 446 2361 487 cum
2407 431 2712 502 aliquando
2755 431 2907 501 apud
2955 430 3363 485 Bathanarium
3416 431 3619 486 Africa

1920 518 2187 575 comitem
2213 518 2541 589 pranderet,
2572 521 2947 589 spectaverat;
2990 516 3081 571 cui
3109 516 3343 587 quidem
3365 534 3481 572 non
3510 518 3618 573 mi-

1919 624 2026 662 nus
2054 608 2189 662 ﬁdei
2217 623 2285 662 ex
2313 607 2436 677 ejus
2463 606 2788 662 testimonio
2819 606 3026 661 habere
3058 622 3116 659 se
3145 609 3406 670 testatur,
3434 621 3612 675 quam

1919 694 1967 749 si
1996 711 2245 766 prasens
2275 694 2395 764 ipse
2416 694 2763 748 interfuisset
2795 695 2883 764 (De
2913 694 3074 749 Civit.
3098 694 3213 758 Dei,
3248 692 3339 745 lib.
3366 695 3455 758 21,
3489 708 3616 761 cap.

1918 786 1971 851 4,
2011 800 2067 838 n.
2102 788 2170 852 4).
2206 785 2269 838 In
2299 783 2709 854 componendis
2740 782 2941 846 turbis,
2975 797 3122 853 qua,
3157 784 3219 834 ut
3246 780 3396 834 infra
3433 779 3555 833 visu
3572 780 3619 833 ri

1920 886 2135 938 sumus,
2167 875 2361 925 contra
2395 870 2694 924 Ecclesiam
2721 886 2871 925 anno
2912 868 3480 940 quadringentesimo
3528 884 3615 921 oc-

1919 962 2045 1013 tavo
2076 958 2137 1013 in
2165 960 2350 1013 Africa
2378 959 2675 1014 concitata
2721 963 2871 1025 sunt,
2920 962 3144 1011 tantum
3189 956 3487 1011 desudavit
3517 956 3615 1010 Se-

1919 1063 2104 1115 verus,
2129 1052 2409 1118 quantum
2439 1049 2562 1119 ejus
2589 1047 2831 1102 charitas
2862 1047 3183 1117 postulabat
3216 1062 3229 1100 :
3262 1044 3401 1116 quin
3436 1043 3614 1099 etiam

1920 1151 2050 1190 cum
2098 1136 2417 1207 Augustino
2461 1136 2521 1190 in
2560 1136 2911 1207 colloquium
2951 1134 3119 1196 venit,
3154 1138 3218 1188 ut
3244 1134 3418 1188 tantis
3448 1132 3613 1187 malis

1919 1223 2192 1279 idoneum
2211 1224 2530 1279 remedium
2542 1224 2755 1295 junctis
2772 1222 3023 1277 consiliis
3042 1220 3614 1292 investigarent.Cum

1918 1317 2117 1383 postea
2146 1312 2381 1380 quidam
2407 1313 2704 1384 presbyter
2733 1328 2802 1368 ex
2832 1311 3153 1367 Milevitana
3173 1309 3400 1365 diacesi
3417 1309 3486 1363 ad
3508 1311 3621 1363 lm-

1920 1401 2197 1473 peratoris
2224 1402 2556 1456 comitatum
2598 1418 2656 1456 se
2695 1401 2996 1469 conferret,
3038 1400 3172 1455 huic
3200 1398 3491 1453 mandavit
3520 1398 3614 1452 Se-

1920 1507 2107 1557 verus,
2143 1496 2201 1546 ut
2229 1506 2333 1561 per
2353 1491 2673 1562 Hipponem
2700 1491 2809 1544 iter
2836 1490 3046 1544 faceret
3069 1505 3082 1543 :
3108 1504 3220 1560 qua
3244 1504 3377 1541 usus
3405 1502 3615 1557 oppor-

1920 1579 2161 1633 tunitate
2199 1580 2567 1650 Augustinus,
2599 1579 2668 1633 ad
2699 1578 3030 1649 Olympium
3074 1577 3135 1631 in
3179 1577 3442 1631 eamdem
3491 1591 3615 1629 rem

1920 1668 2163 1739 scripsit,
2204 1684 2430 1723 necnon
2476 1668 2787 1740 plurimam
2834 1668 2919 1722 illi
2948 1666 3137 1722 Severi
3158 1665 3346 1720 verbis
3376 1665 3617 1718 salutem

1923 1756 2065 1811 dixit
2097 1759 2300 1826 (Epist.
2333 1760 2420 1823 97,
2455 1772 2508 1811 n.
2559 1759 2634 1826 3).
2677 1758 2831 1810 Inter
2872 1772 2991 1822 eos,
3040 1753 3141 1825 qui
3186 1751 3616 1822 Carthaginensi

1924 1845 2215 1900 collationi
2246 1845 2579 1913 interfuere,
2611 1860 2821 1898 nomen
2857 1843 3011 1898 illius
3057 1858 3173 1896 non
3213 1840 3512 1912 reperitur.
3545 1841 3617 1893 At

1924 1950 2075 1988 anno
2104 1933 2666 2005 quadringentesimo
2696 1932 2917 1987 decimo
2963 1935 3123 1985 sexto
3153 1929 3454 1999 epistolam
3485 1943 3616 1982 cum

1924 2021 2159 2093 reliquis
2188 2021 2469 2093 episcopis
2507 2020 2786 2075 Numidia
2818 2018 3003 2076 Milevi
3041 2017 3397 2090 congregatis
3424 2017 3497 2071 ad
3525 2017 3616 2070 In-

1925 2110 2254 2166 nocentium
2282 2110 2612 2181 pontiﬁcem
2660 2109 2818 2164 misit
2846 2110 3041 2180 (Epist.
3090 2111 3227 2177 176).
3263 2106 3425 2161 Diem
3456 2106 3615 2160 deni-

1925 2215 2038 2270 que
2061 2214 2212 2253 anno
2237 2198 2802 2270 quadringentesimo
2832 2196 3106 2267 vigesimo
3134 2199 3291 2249 sexto
3319 2193 3618 2260 obiit,cum

1924 2288 2083 2359 prius
2093 2288 2244 2342 clero
2274 2304 2377 2343 suo
2390 2292 2670 2359 prasente
2705 2287 3057 2357 designasset
3077 2285 3185 2339 sibi
3202 2299 3617 2349 successorem;

1926 2376 2027 2448 qui
2070 2379 2129 2431 et
2170 2376 2240 2431 de
2278 2375 2426 2430 facto
2458 2391 2634 2446 opera
2661 2374 2967 2445 Augustini
3000 2374 3124 2444 ejus
3152 2373 3342 2427 locum
3372 2371 3622 2426 obtinuit

1926 2467 2130 2535 (Epist.
2162 2467 2288 2531 213,
2314 2480 2372 2518 n.
2412 2465 2477 2534 1).
2514 2466 2687 2518 Erant
2715 2462 2775 2517 in
2806 2463 3007 2517 eadem
3032 2461 3175 2517 urbe
3206 2460 3354 2515 servi
3385 2460 3504 2523 Dei,
3539 2459 3621 2513 vi-

1927 2553 2129 2609 delicet
2158 2551 2444 2619 monachi,
2477 2568 2621 2623 quos
2649 2551 2766 2606 illic
2795 2552 3035 2607 Severus
3059 2549 3381 2604 instituerat
3398 2549 3623 2620 (Ibid);

1928 2642 2418 2713 quemadmodum
2443 2658 2540 2695 eos
2569 2656 2788 2708 omnes,
2821 2640 2923 2712 qui
2962 2656 3029 2694 ex
3059 2637 3404 2694 monasterio
3434 2639 3625 2708 Augu-

1928 2730 2063 2785 stini
2108 2731 2179 2784 ad
2225 2730 2616 2800 episcopatum
2659 2729 2937 2800 assumpti
2985 2729 3161 2789 fuere,
3207 2726 3403 2781 fecisse
3434 2726 3626 2779 narrat

1930 2819 2217 2874 Possidius
2258 2820 2346 2889 (In
2400 2821 2529 2874 Vita
2582 2820 2841 2887 August.,
2886 2833 2932 2873 c.
2988 2821 3075 2883 11,
3120 2821 3170 2871 et
3205 2830 3394 2883 supra,
3430 2812 3524 2868 lib.
3568 2813 3621 2875 3,

1930 2923 2046 2977 cap.
2076 2910 2128 2974 5,
2158 2922 2253 2960 nn.
2284 2909 2338 2973 2,
2374 2906 2449 2976 3).

2580 2995 2805 3049 CAPUT
2845 2994 2986 3049 VIII.

1936 3088 1956 3140 1
1994 3085 2252 3143 Conditus
2298 3089 2377 3139 est
2421 3099 2561 3139 anno
2606 3084 2811 3140 Christi
2840 3080 3368 3151 quadringentesimo
3396 3076 3626 3132 secundo

2004 3175 2138 3228 liber
2174 3178 2361 3228 contra
2389 3173 2714 3228 Petilianum
2740 3170 3024 3226 secundus.
3062 3171 3097 3222 2
3124 3171 3229 3223 Hoc
3260 3166 3395 3221 libro
3425 3166 3624 3234 episto-

2005 3264 2113 3317 lam
2136 3263 2284 3318 illius
2308 3264 2577 3330 integram
2604 3262 2851 3327 con/atat
2875 3259 3237 3327 Augustinus.
3263 3258 3293 3310 3
3325 3254 3525 3311 Scribit
3553 3252 3629 3307 ad

2004 3352 2303 3409 Catholicos
2354 3352 2651 3421 epistolam,
2696 3351 2793 3419 qui
2831 3348 2964 3403 liber
3007 3347 3073 3402 de
3118 3346 3339 3401 Unitate
3380 3343 3629 3399 Ecclesia

2003 3455 2111 3494 non
2154 3440 2227 3493 ah
2275 3437 2431 3494 initio
2461 3439 2682 3494 dicitur.
2729 3439 2763 3493 4
2797 3437 3103 3492 Petilianus
3146 3449 3249 3503 pro
3292 3433 3632 3502 responsione

2000 3529 2205 3599 probra
2234 3534 2283 3582 et
2310 3528 2599 3583 maledicta
2634 3529 2833 3593 ingerit
2869 3528 2929 3580 in
2967 3526 3357 3591 Augustinum.
3390 3524 3420 3576 5
3450 3520 3629 3589 Hujus

2007 3617 2081 3671 ad
2108 3618 2364 3671 Peliliani
2404 3618 2641 3671 convicia
2692 3620 2743 3669 et
2787 3615 3131 3669 contumelias
3160 3614 3304 3667 mira
3332 3610 3627 3679 responsio.

2007 3708 2038 3759 6
2080 3706 2355 3761 Psalmum
2393 3706 2728 3770 trigesimum
2765 3707 2977 3757 sextum
3025 3700 3443 3766 Carthaginensi
3486 3696 3632 3767 plebi

2005 3805 2272 3860 exponens
2301 3791 2643 3855 Augustinus
2673 3790 2921 3857 disputat
2950 3792 3139 3842 contra
3166 3787 3499 3841 Denatistas.

2012 3882 2060 3933 1.
2106 3877 2314 3942 Quinto
2356 3876 2631 3931 kalendas
2656 3875 2837 3930 maias
2865 3874 3163 3945 prasentis
3191 3872 3329 3927 anni
3355 3871 3630 3943 quadrin-

1937 3964 2239 4036 gentesimi
2276 3963 2510 4018 secundi
2529 3963 2859 4017 Anastasius
2888 3978 3038 4033 papa
3055 3962 3126 4016 de
3152 3960 3265 4015 vita
3293 3959 3462 4014 exivit
3493 3975 3506 4013 :
3539 3974 3636 4013 cu-

1932 4055 2025 4125 jus
2068 4052 2303 4124 quidem
2346 4052 2523 4106 exitus
2552 4051 2811 4106 nondum
2852 4056 2975 4106 erat
3009 4050 3071 4105 in
3098 4049 3288 4104 Africa
3314 4048 3632 4117 nuntiatus,

1939 4158 2052 4214 quo
2079 4146 2336 4211 tempore
2362 4141 2714 4212 Augustinus
2742 4140 2956 4196 librum
2981 4144 3179 4195 contra
3208 4138 3448 4193 Litteras
3479 4136 3634 4192 Peti-

1937 4229 2077 4285 liani
2104 4229 2417 4285 secundum
2463 4230 2869 4301 componebat;
2918 4230 2979 4285 in
3025 4230 3136 4284 hoc
3172 4227 3327 4283 enim
3355 4226 3636 4281 Anastasii

1936 4324 2232 4390 tamquam
2259 4319 2445 4374 adhuc
2478 4319 2627 4374 Petri
2657 4320 2986 4374 cathedram
3013 4316 3340 4388 occupantis
3367 4315 3629 4370 recorda-

1938 4408 2217 4479 tnr(Cont.
2245 4409 2374 4463 Litt.
2396 4409 2553 4463 Petil.
2580 4407 2674 4462 lib.
2692 4410 2749 4477 2,
2775 4423 2820 4463 c.
2846 4411 2935 4476 51,
2956 4423 3013 4462 n.
3046 4406 3193 4477 118).
3224 4407 3296 4460 At
3315 4409 3464 4459 certe
3483 4405 3637 4459 hunc

1937 4498 2149 4552 librum
2170 4500 2376 4551 catera
2393 4495 2545 4551 inter
2568 4496 2844 4566 opuscula
2873 4512 2976 4551 sua
3006 4511 3073 4550 eo
3105 4494 3391 4549 recensuit
3410 4492 3633 4559 ordine,

1940 4591 2000 4641 ut
2029 4586 2139 4641 dici
2168 4602 2283 4641 non
2312 4584 2487 4655 possit
2518 4589 2647 4640 ante
2684 4590 3027 4655 prasentem
3051 4600 3266 4640 annum
3288 4582 3632 4637 elaboratus.

1941 4674 2239 4730 Enimvero
2261 4690 2391 4729 cum
2410 4673 2722 4729 Petilianus
2744 4673 2812 4728 ad
2825 4673 3078 4743 primum
3097 4670 3402 4742 Augustini
3422 4670 3634 4725 librum

1939 4762 2184 4817 secundo
2203 4762 2310 4815 isto
2328 4761 2585 4817 nondum
2613 4761 2876 4815 absoluto
2905 4760 3296 4830 responderet,
3321 4759 3637 4824 Quodvult-

1940 4851 2110 4905 deum
2131 4850 2399 4905 clericum
2416 4849 2763 4905 Donatistam
2785 4849 2846 4903 in
2866 4848 3102 4920 proprio
3126 4848 3307 4920 gradu
3327 4847 3638 4904 admissum

1940 4939 2283 5010 querebatur
2304 4938 2496 5006 (Ibid.,
2520 4938 2620 4991 lib.
2652 4940 2704 5005 3,
2733 4954 2775 4993 c.
2809 4940 2898 5006 32,
2919 4954 2981 4991 n.
3013 4937 3100 5006 37)
3137 4952 3150 4990 :
3184 4952 3300 4990 non
3329 4935 3505 5007 igitur
3523 4934 3635 4989 nisi

1938 5032 2069 5099 post
2095 5026 2401 5081 concilium
2428 5025 2618 5080 idibus
2646 5024 2984 5097 septembris
3013 5040 3165 5079 anno
3197 5022 3639 5095 quadringente-

1940 5116 2085 5170 simo
2128 5115 2317 5187 primo
2364 5114 2629 5169 habitum
2673 5113 3035 5185 Carthagine,
3082 5113 3183 5168 ubi
3210 5109 3538 5167 constitutio
3566 5108 3637 5162 de

1942 5202 2364 5257 Donatistarum
2399 5201 2616 5257 clericis
2645 5200 2706 5256 in
2751 5217 2854 5256 suo
2878 5201 3096 5256 honore
3120 5196 3458 5269 recipiendis
3483 5194 3638 5248 edita

1941 5298 2042 5347 est.
2090 5293 2372 5347 Praterea
2405 5290 2659 5363 quodam
2687 5289 2748 5345 in
2778 5290 2900 5344 loco
2930 5286 3166 5343 secundi
3193 5286 3364 5355 hujus
3394 5280 3522 5336 libri
3552 5284 3631 5335 te-

1941 5383 2124 5435 statur
2151 5380 2517 5451 Augustinus,
2562 5380 2863 5434 toleratam
2893 5376 3064 5432 fuisse
3095 5373 3285 5445 Optati
3316 5368 3634 5426 Gildoniam

1940 5468 2302 5539 tyrannidem
2328 5469 2626 5523 recentibus
2650 5466 2976 5536 temporibus
2998 5464 3189 5534 (Ibid.,
3211 5462 3303 5514 lib.
3336 5462 3388 5523 2,
3413 5474 3458 5540 c_.
3477 5460 3631 5523 23,n.

1946 5556 2038 5627 53)
2092 5574 2106 5612 :
2153 5574 2283 5629 qua
2322 5557 2495 5614 verba
2536 5571 2647 5612 non
2681 5570 2862 5610 unum
2892 5558 2949 5609 et
2971 5553 3215 5607 alterum
3240 5546 3637 5603 tantummodo
