4062 6356
419 303 518 353 319
1622 301 1792 357 VITA
1846 302 1903 357 S.
1950 301 2338 359 AUGUSTINI
2379 300 2715 357 EPISCOPI.

416 437 699 491 mensem,
721 422 816 476 sed
831 422 1080 493 spatium
1092 422 1366 494 temporis
1385 422 1606 494 insigne
1617 423 1903 495 quoddam
1927 424 1997 479 ab
2016 425 2115 479 illa

418 510 742 583 tyrannide,
788 526 920 581 quae
952 511 1056 566 sub
1084 510 1260 565 ﬁnem
1299 511 1435 565 anni
1463 512 1847 567 trecentesitni
1868 529 2114 584 nonage-

414 599 546 654 simi
575 598 758 654 octavi
788 599 976 666 desiit,
1010 599 1293 653 efﬂuxisse
1333 598 1675 670 signiﬁcant.
1707 601 1829 665 Qua
1857 603 2114 656 observa-

415 688 572 744 tione
588 688 813 744 Baronii
825 688 1257 758 opinio,librum
1271 688 1433 743 illum
1447 689 1749 760 Augustini
1765 706 1913 745 anno
1925 690 2113 745 eidem

420 794 595 848 supra
623 779 1084 832 trecentesimum
1112 778 1483 848 nonagesimo
1513 783 1708 834 octavo
1747 779 2109 850 assignantis,

418 864 675 919 funditus
697 865 982 921 evertitur.
1006 866 1243 921 Silentio
1257 866 1619 938 prmterimus
1640 872 2112 923 commemoratas

416 953 476 1007 in
505 954 702 1008 eodem
735 954 881 1009 libro
923 956 1079 1025 leges
1128 955 1364 1009 Honorii
1401 956 1472 1010 de
1516 957 1909 1011 subvertendis
1949 956 2113 1010 idolis

411 1042 579 1111 (Ibid.
592 1084 605 1109 ,
632 1058 673 1097 c.
699 1046 785 1107 92,
809 1059 870 1096 n.
898 1044 1019 1109 202}
1036 1043 1172 1097 anni
1187 1044 1569 1098 trecentesimi
1582 1044 1940 1116 nonagesimi
1953 1044 2105 1098 noni.

487 1131 745 1203 Denique
799 1132 1165 1196 Felicianum,
1222 1132 1430 1187 omisso
1487 1135 1846 1200 Praetextato,
1904 1134 2112 1204 sepius

418 1220 682 1275 nominat
726 1236 738 1274 :
772 1220 926 1292 quod
971 1221 1284 1276 certissime
1322 1221 1548 1291 evincit,
1590 1222 1742 1276 hunc
1764 1223 1885 1293 jam
1914 1237 1945 1277 e
1973 1222 2112 1277 vivis

420 1308 625 1363 abiisse
672 1325 686 1362 :
737 1325 865 1363 cum
918 1312 1109 1363 tamen
1135 1326 1286 1378 eum,
1323 1326 1436 1381 quo
1474 1314 1735 1382 tempore
1763 1311 2112 1382 Augustinus

414 1397 483 1451 ad
512 1398 862 1452 Generosum
892 1398 995 1453 sub
1027 1397 1311 1453 Anastasii
1337 1398 1676 1469 pontiﬁcatu
1705 1399 2111 1470 scribebat,ad-

412 1487 523 1541 huc
553 1486 918 1558 superstitem
943 1486 1116 1541 fuisse
1143 1486 1454 1541 viderimus
1485 1486 1682 1559 (Epist.
1716 1492 1802 1553 53,
1835 1505 1893 1543 n.
1928 1492 2003 1556 6).

488 1577 543 1630 2.
585 1575 749 1639 Quod
779 1579 970 1630 autem
1000 1576 1069 1630 ad
1102 1591 1329 1629 causam
1358 1576 1561 1630 attinet
1590 1576 1821 1630 secundi
1851 1576 1982 1631 libri
2012 1576 2114 1630 ad-

412 1678 609 1717 versus
640 1663 1007 1730 Petilianum,
1031 1680 1096 1718 ex
1120 1664 1190 1717 iis
1220 1680 1346 1735 qum
1374 1680 1547 1735 supra
1574 1663 1820 1719 diximus
1851 1663 2007 1719 licuit
2029 1663 2112 1718 in-

415 1752 694 1822 telligere,
728 1751 1028 1822 epistolam
1050 1752 1121 1807 ab
1148 1752 1256 1806 hoc
1285 1751 1527 1807 Cirtensi
1550 1751 1973 1806 Donatistarum
1997 1751 2113 1822 epi-

411 1856 582 1909 seopo
614 1839 993 1910 conscriptam
1022 1840 1289 1895 adversus
1337 1840 1660 1907 Ecclesiam,
1700 1841 1889 1911 primo
1933 1840 2113 1895 sancti

418 1927 674 1983 Doctoris
701 1928 847 1982 libro
879 1928 1183 1983 refutatam
1208 1928 1403 1997 fuisse,
1431 1945 1546 1983 non
1573 1934 1766 1984 tamen
1795 1929 2108 2001 integram;

413 2016 627 2088 quippe
674 2015 837 2086 cujus
884 2016 1135 2088 aliquam
1182 2021 1411 2073 tantum
1444 2022 1689 2089 partem,
1720 2019 2111 2091 prementibus

414 2122 541 2161 eam
575 2106 770 2161 sedulo
805 2106 1131 2175 Donatistis,
1161 2106 1272 2177 ipsi
1299 2108 1487 2177 legere
1515 2107 1859 2177 contigisset.
1902 2110 2110 2163 Verum

407 2194 571 2250 irrita
600 2194 832 2249 illorum
868 2194 1170 2262 industria,
1211 2196 1441 2250 tandem
1473 2196 1779 2266 aliquando
1816 2197 1876 2251 in
1915 2200 2110 2267 Augu-

414 2282 548 2339 stini
578 2298 786 2338 manus
805 2286 923 2337 tota
950 2283 1232 2353 pervenit.
1274 2284 1416 2338 Nam
1445 2284 1723 2339 Cirtenses
1751 2284 1985 2356 quidam
2013 2301 2109 2339 ca-

414 2370 617 2426 tholici
646 2371 939 2425 inventam
969 2371 1146 2437 illam,
1171 2370 1625 2443 exscriptamque
1644 2372 1830 2427 eidem
1846 2373 2111 2427 transmi-

419 2464 620 2514 serunt
641 2460 861 2530 (Contra
882 2460 1014 2513 Litt.
1037 2459 1215 2524 Petil.,
1248 2459 1340 2513 lib.
1360 2462 1417 2527 2,
1438 2475 1485 2513 c.
1512 2463 1562 2526 l,
1583 2475 1641 2514 n.
1663 2463 1684 2513 l
1707 2476 1721 2527 ;
1748 2463 1822 2515 De
1845 2462 1990 2515 Unit.
2008 2464 2110 2516 Ec-

412 2549 562 2614 cles.,
586 2562 641 2601 n.
673 2545 736 2617 ll;
763 2548 961 2603 Contra
986 2546 1325 2601 Cresconium
1347 2546 1440 2600 lib.
1474 2550 1517 2608 1,
1540 2562 1585 2601 c.
1622 2550 1673 2615 1,
1694 2562 1756 2602 n.
1789 2548 1987 2618 l):qui
2005 2552 2112 2602 sta-

414 2634 519 2689 tim
568 2639 633 2688 ut
658 2633 745 2688 illi
773 2635 1057 2689 cumulate
1087 2634 1474 2704 responderet,
1507 2650 1639 2689 suos
1674 2638 1799 2689 tum
1828 2636 1897 2691 de
1924 2636 2110 2691 Trini-

414 2727 550 2789 tate,
586 2727 707 2777 tum
748 2722 809 2776 in
849 2722 1111 2777 Genesim
1140 2722 1313 2776 libros
1344 2722 1651 2793 interrupit
1678 2723 1959 2793 (Retract.,
2012 2725 2108 2779 lib.

413 2814 470 2874 2,
502 2827 621 2881 cap.
655 2811 767 2879 25).
800 2813 921 2869 Non
963 2813 1114 2880 quia,
1160 2810 1349 2882 inquit
1374 2811 1745 2882 Augustinus,
1795 2814 1885 2867 ille
1915 2828 2111 2868 novum

415 2899 633 2968 aliquid
670 2900 825 2963 dicit,
858 2901 949 2953 cui
974 2914 1079 2954 non
1100 2901 1221 2969 jam
1247 2900 1434 2953 multis
1459 2900 1631 2955 modis
1659 2906 1710 2954 et
1732 2916 1872 2970 saepe
1897 2917 2112 2971 respon-

404 3004 523 3043 sum
553 2993 663 3058 est;
705 2988 800 3043 sed
819 2993 1045 3058 propter
1074 2988 1341 3044 tardiores
1372 2991 1598 3056 fratres,
1625 2992 1722 3059 qui
1748 3006 1831 3056 ea,
1862 3006 1981 3059 quae
2005 2993 2109 3045 ali-

405 3077 528 3132 eubi
571 3079 815 3143 legerint,
864 3077 939 3131 ad
983 3080 1166 3132 omnia
1187 3079 1357 3147 paria
1383 3081 1588 3145 referre
1614 3094 1721 3134 non
1748 3085 1995 3149 possunt,
2030 3076 2111 3134 ita

405 3180 602 3219 morem
631 3180 817 3231 geram
843 3164 939 3230 eis,
965 3167 1062 3233 qui
1088 3180 1170 3218 me
1198 3168 1412 3220 omnino
1440 3165 1515 3219 ad
1546 3167 1764 3233 singula
1791 3167 2111 3237 respondere

406 3252 762 3321 compellunt;
796 3256 857 3306 ut
905 3255 1067 3320 quasi
1112 3255 1335 3307 alternis
1364 3255 1702 3309 sermonibus
1736 3257 1794 3309 in
1819 3258 2111 3324 presentia

406 3340 753 3394 disseramus.
787 3340 965 3395 Verba
992 3356 1060 3394 ea:
1090 3340 1343 3410 Epistola
1371 3343 1488 3411 ejus
1514 3358 1713 3411 ponam
1740 3344 1838 3397 sub
1868 3345 1984 3413 ejus
2012 3361 2108 3400 no-

406 3429 566 3493 mine,
616 3432 667 3481 et
708 3431 1102 3497 responsionem
1149 3429 1375 3483 reddam
1420 3430 1518 3484 sub
1559 3446 1672 3485 meo
1709 3433 1948 3497 nomine;
1994 3436 2111 3486 tan-

406 3531 592 3585 quam,
629 3531 748 3570 cum
778 3531 1074 3585 ageremus,
1106 3532 1141 3571 a
1165 3519 1394 3571 notariis
1423 3522 1646 3588 eazcepta
1684 3520 1812 3573 sint.
1845 3520 1931 3575 Ita
1959 3536 2108 3575 nemo

404 3606 529 3670 erit,
562 3607 661 3674 qui
687 3620 769 3659 me
788 3604 1003 3674 aliquid
1024 3607 1457 3675 praetermisisse,
1488 3610 1585 3661 aut
1598 3612 1820 3677 propter
1849 3608 2111 3664 indiscre-

405 3699 491 3748 tas
510 3709 772 3763 personas
800 3709 856 3749 se
882 3709 989 3749 non
1006 3696 1249 3764 potuisse
1278 3697 1576 3763 intelligere
1594 3703 1953 3768 conqueratur
1987 3716 1999 3753 :
2032 3702 2111 3754 si-

402 3784 519 3837 mul
546 3786 707 3837 etiam
735 3787 797 3837 ut
832 3783 1002 3838 iidem
1028 3786 1142 3853 ipsi
1164 3786 1478 3851 Donatistae,
1511 3788 1608 3854 qui
1628 3802 1809 3841 coram
1835 3788 2110 3843 nobiscum

402 3872 671 3927 disserere
696 3873 909 3939 nolunt,
950 3888 1052 3942 per
1096 3874 1329 3938 litteras,
1379 3890 1517 3944 quas
1546 3877 1660 3930 suis
1689 3876 1995 3943 ediderunt,
2028 3880 2111 3932 ita

401 3976 511 4015 non
542 3961 813 4030 effugiant
839 3962 1250 4031 respondentem
1289 3964 1399 4017 sibi
1445 3963 1521 4017 ad
1556 3966 1777 4033 singula
1804 3969 2104 4021 veritatem.

400 4055 667 4120 tanquam
684 4052 963 4106 nobiscum
988 4053 1132 4118 facie
1167 4051 1242 4107 ad
1266 4054 1463 4119 faciem
1499 4054 1874 4122 colloquantur
1894 4056 2111 4121 (Contra

405 4140 597 4200 Petil..
650 4139 747 4193 lib.
782 4143 835 4207 2,
883 4155 929 4193 c.
984 4143 1036 4206 1,
1084 4155 1139 4194 n.
1176 4141 1246 4210 l).
1283 4140 1495 4194 Eadem
1531 4141 1753 4197 ratione
1783 4144 2108 4199 refellendis

409 4226 599 4281 Fausti
625 4224 787 4280 libris
810 4226 1156 4281 ususfuerat.
1180 4228 1334 4281 Infra
1359 4227 1594 4299 quidem
1619 4230 1812 4285 dolere
1840 4247 1897 4285 se
1926 4236 2108 4287 testa-

404 4320 517 4380 tur,
551 4314 706 4386 quod
736 4314 844 4367 sibi
872 4329 1102 4369 necesse
1133 4313 1205 4369 sit
1232 4314 1603 4371 dissolvendis
1642 4318 1811 4388 nugis
1841 4318 2109 4375 immora-

410 4401 477 4471 ri,
508 4418 580 4456 ne
608 4402 757 4457 forte
787 4400 1035 4457 inﬁrmis
1053 4403 1351 4473 negotium
1374 4404 1669 4471 facessant,
1699 4406 1894 4478 eisque
1917 4409 2109 4479 lapsus

404 4490 763 4546 occasionem
808 4491 1104 4561 praebeant
1133 4492 1322 4561 (Ibid.,
1361 4509 1404 4547 ο.
1457 4495 1546 4560 92,
1580 4509 1635 4549 n.
1669 4496 1795 4562 209)
1844 4512 1856 4551 :
1892 4501 1949 4552 at
1976 4498 2107 4552 dili-

403 4578 600 4647 gentia
620 4578 719 4633 illa
743 4579 925 4633 multo
942 4578 1132 4634 minus
1148 4579 1280 4651 ipsi,
1299 4597 1472 4652 quam
1492 4582 1818 4652 Donatistis,
1832 4586 2107 4641 molestias

405 4666 698 4721 :iﬂ‘erebat.
734 4668 1042 4723 Petilianus
1063 4669 1218 4723 enim
1242 4685 1357 4740 quo
1379 4686 1437 4723 se
1460 4675 1707 4726 verteret
1724 4689 1843 4727 non
1868 4675 2104 4742 habens,

405 4753 476 4807 ad
507 4755 854 4810 calumniam
884 4758 1159 4829 confugit,
1191 4759 1601 4832 eontenditque
1631 4776 1764 4815 eum
1789 4762 2107 4833 responsio-

400 4858 539 4912 nem
569 4859 730 4899 suam
768 4845 828 4900 in
857 4846 1102 4902 formam
1140 4848 1413 4919 colloquii
1462 4865 1578 4904 non
1627 4849 1749 4904 sine
1805 4851 2105 4906 mendacio

404 4931 792 4999 concinnasse,
842 4936 997 5005 quod
1044 4951 1343 5007 nunquam
1375 4953 1664 4993 sermones
1705 4938 1855 4993 inter
1884 4954 1943 4994 se
1993 4939 2105 4994 mi-

405 5020 696 5076 scuissent.
741 5023 891 5089 Quid
918 5026 1211 5091 faciamus,
1243 5024 1433 5097 inquit
1459 5026 1835 5098 Augustinus,
1869 5029 2104 5083 homini-

405 5110 521 5177 bus,
556 5112 653 5178 qui
673 5112 779 5166 tale
805 5127 895 5165 cor
925 5113 1144 5179 habent,
1174 5119 1272 5167 aut
1292 5129 1400 5181 eos,
1433 5116 1628 5183 quibus
1658 5119 1867 5185 scripta
1895 5132 1997 5172 sua
2017 5119 2105 5172 in-

403 5203 665 5253 notescere
704 5202 948 5268 cupiunt,
1004 5202 1110 5255 tale
1146 5217 1239 5255 cor
1267 5203 1461 5257 habere
1492 5206 1789 5274 opinantur
1819 5207 1910 5273 (De
1957 5208 2101 5261 Unit.

406 5289 624 5355 Eccles.,
669 5304 725 5341 n.
780 5287 871 5358 l)?
911 5289 1042 5343 l-lazc
1069 5288 1248 5361 igitur
1277 5290 1383 5345 fuit
1410 5307 1598 5353 causa,
1646 5309 1746 5347 cur
1786 5293 1846 5347 in
1878 5293 2102 5349 Petilia-

406 5391 541 5430 num
573 5376 784 5431 librum
815 5377 1127 5432 secundum
1147 5378 1435 5443 scriberet,
1471 5385 1525 5436 et
1553 5397 1685 5435 eum
1710 5381 1943 5452 quidem
1972 5382 2106 5435 satis

403 5462 710 5538 proliigum.
736 5465 801 5518 In
825 5480 892 5518 eo
922 5463 1078 5518 enim
1100 5463 1291 5536 ipsum
1312 5482 1544 5537 quoque
1565 5467 1822 5537 epistolae
1843 5467 2105 5523 Petiliani

403 5549 654 5615 initium,
688 5553 842 5622 quod
870 5553 988 5622 jam
1020 5552 1207 5624 primo
1248 5570 1350 5609 suo
1381 5554 1536 5610 libro
1568 5556 1864 5620 refutaret,
1896 5556 2103 5610 iterum

3833 302 3945 353 820

2223 422 2410 479 diluit.
2443 424 2618 479 Batus
2640 436 2814 492 porro
2844 423 2947 488 est,
2980 436 3110 491 quze
3140 420 3200 474 in
3230 419 3485 475 medium
3507 419 3811 486 afferebat,
3838 420 3943 475 ad-

2225 528 2292 566 eo
2323 513 2741 581 Scripturarum
2772 509 3107 563 auctoritate
3135 508 3361 563 ﬁrmata
3388 524 3510 562 esse
3542 508 3762 575 omnia,
3798 513 3874 562 ut
3912 525 3946 562 a

2224 600 2476 669 nemine,
2519 599 2628 654 nisi
2657 598 2758 670 qui
2787 597 2979 653 divino
3026 598 3196 651 verbo
3227 613 3346 651 sese
3371 596 3671 651 inimicum
3701 597 3944 652 denuno

2223 690 2417 758 tiaret,
2447 687 2642 760 negari
2664 691 2913 758 possent.
2949 687 3143 755 Neque
3173 686 3344 739 etiam
3364 684 3646 740 dubitavit
3672 701 3945 739 asserere

2223 795 2338 844 eos,
2372 777 2471 850 qui
2499 777 2658 848 prius
2688 775 2987 846 epistolam
3032 774 3295 829 Petiliani
3338 774 3577 845 plurimi
3618 774 3940 842 faciebant,

2222 867 2466 937 perlecta
2515 864 2770 934 ejusdem
2819 863 3228 929 confutatione,
3275 861 3344 916 ab
3393 867 3521 916 utra
3558 868 3723 933 parte
3755 866 3945 917 staret

2222 953 2449 1016 veritas,
2479 952 2710 1006 tandem
2742 949 3057 1021 aguiturcs.
3090 950 3305 1014 Quibus
3334 954 3529 1004 tamen
3558 950 3864 1019 Petiliani,
3894 951 3942 1005 si

2223 1041 2455 1114 quidem
2483 1040 2615 1094 velit
2640 1040 2937 1111 epistolam
2972 1054 3134 1094 suam
3154 1038 3481 1107 defendere,
3512 1038 3798 1094 audiendi
3829 1055 3940 1110 po.

2221 1136 2485 1187 testatem
2515 1146 2634 1184 non
2671 1129 2889 1184 adimit.

2293 1224 2343 1275 3.
2379 1222 2604 1275 Interea
2643 1218 2912 1274 ﬁdelibus
2958 1218 3030 1273 ad
3076 1234 3194 1272 suae
3234 1217 3677 1288 dispensationis
3725 1234 3937 1273 curam

2220 1307 2640 1381 pertinentibus
2670 1308 2871 1362 eodem
2890 1307 3067 1362 ferme
3089 1312 3368 1379 tempore,
3391 1322 3506 1379 quo
3527 1306 3708 1362 edidit
3727 1323 3939 1362 secun-

2222 1398 2360 1453 dum
2381 1396 2595 1451 librum
2611 1396 2672 1451 in
2694 1395 3058 1465 Petilianum,
3083 1400 3141 1450 et
3159 1400 3468 1467 antequam
3488 1396 3659 1451 tertio
3682 1411 3939 1451 manum

2223 1487 2570 1553 admoveret,
2602 1484 2902 1556 epistolam
2942 1484 3166 1555 scripsit
3194 1485 3339 1539 bene
3366 1486 3622 1555 longam,
3649 1485 3741 1539 cui
3772 1501 3938 1539 nunc

2221 1574 2367 1629 libro
2422 1577 2495 1629 De
2542 1576 2757 1629 Unitate
2804 1573 3052 1627 Ecclesiae
3106 1573 3307 1627 titulus
3361 1578 3466 1629 est.
3529 1574 3615 1627 Ibi
3662 1573 3938 1628 Ecclesia:

2221 1663 2515 1718 catholicae
2545 1662 2842 1717 veritatem
2872 1661 3204 1717 auctoritate
3237 1661 3665 1733 Scripturarum
3716 1662 3934 1717 conﬁr-

2222 1756 2361 1813 mat,
2394 1751 2680 1822 simulque
2718 1751 3071 1805 demonstrat
3109 1749 3254 1804 nihil
3284 1766 3350 1804 ex
3379 1750 3512 1817 illis,
3542 1751 3699 1822 quod
3729 1766 3936 1806 secum

2221 1840 2407 1905 faciat,
2463 1839 2780 1894 Donatistas
2826 1840 3084 1909 proferre
3141 1854 3306 1909 posse
3352 1855 3365 1892 :
3417 1854 3549 1894 cum
3592 1855 3658 1894 ex
3710 1840 3938 1910 apertis

2222 1928 2584 1997 testimoniis,
2625 1928 2785 1982 nulla
2829 1932 3026 1981 contra
3070 1943 3166 1982 eos
3209 1943 3326 1981 non
3356 1932 3647 1998 pugnent;
3678 1928 3751 1983 ad
3781 1943 3934 1999 pro-

2221 2018 2470 2073 bandam
2506 2021 2697 2072 autem
2743 2032 2885 2083 rem,
2931 2016 3002 2071 de
3052 2032 3168 2088 qua
3212 2016 3599 2071 controversia
3645 2020 3753 2085 est,
3809 2032 3932 2071 non

2219 2107 2448 2162 valeant
2477 2105 2769 2177 ambigua,
2800 2105 2889 2159 vel
2918 2105 3182 2173 obscura,
3214 2104 3360 2160 sicut
3383 2120 3489 2159 nec
3508 2104 3816 2176 allegorice
3838 2105 3930 2159 di-

2220 2199 2326 2249 cta.
2370 2193 2587 2259 Quibus
2626 2198 2819 2248 tamen
2859 2192 3152 2247 Donatista
3181 2191 3417 2263 quidam
3450 2192 3750 2264 episcopus
3778 2193 3927 2264 Hip-

2220 2298 2369 2353 pone
2412 2283 2562 2337 inter
2601 2281 3059 2336 concionandum
3088 2297 3246 2348 usus,
3277 2280 3454 2335 miras
3482 2280 3589 2335 sibi
3617 2288 3929 2353 pepererat

2222 2372 2655 2427 acclamationes
2704 2386 2926 2438 eorum,
2977 2369 3079 2441 qui
3124 2370 3370 2441 speciem
3403 2386 3435 2424 a
3462 2370 3646 2425 solido
3674 2386 3796 2425 non
3836 2387 3925 2425 se-

2222 2465 2534 2527 cernentes,
2584 2459 2802 2531 aliquid
2841 2458 2971 2514 novi
3013 2457 3074 2513 in
3104 2474 3223 2513 suas
3254 2463 3419 2513 sectae
3450 2459 3698 2530 gratiam
3728 2458 3927 2514 afferri

2210 2550 2583 2625 laetabantur.
2616 2550 2779 2604 Patet
2820 2564 3049 2620 quoque
3081 2547 3403 2603 Donatistas
3430 2549 3685 2619 proferre
3725 2549 3926 2603 solitos

2221 2642 2444 2710 patrata
2488 2654 2591 2710 per
2634 2653 2765 2692 suos
2810 2637 3106 2705 miracula,
3136 2637 3416 2692 beneficia
3443 2638 3514 2692 ad
3556 2642 3923 2693 mortuorum

2222 2743 2456 2782 suorum
2503 2726 2807 2780 memorias
2852 2726 3221 2796 precantibus
3258 2725 3501 2792 indulta,
3534 2725 3653 2779 visa
3685 2726 3923 2781 tandem

2222 2816 2338 2870 suis
2359 2816 2704 2887 quibusdam
2724 2816 2947 2870 ccelitus
2965 2815 3247 2871 immissa.
3277 2818 3668 2870 Removeantur
3679 2818 3809 2882 ista,
3832 2815 3924 2869 in-

2222 2904 2347 2976 quit
2380 2904 2754 2975 Augustinus,
2811 2906 2895 2959 vel
2934 2908 3191 2974 ﬁgmenta
3232 2904 3573 2958 mendacium
3622 2905 3921 2970 hominum,

2220 2995 2305 3047 vel
2322 2997 2577 3063 portenta
2588 2994 2880 3061 fallacium
2900 2995 3215 3062 spirituum.
3238 2994 3354 3047 Aut
3372 2995 3512 3047 enim
3529 3008 3636 3047 non
3654 2998 3784 3047 sunt
3795 3008 3927 3047 vera

2222 3098 2340 3151 qua:
2354 3082 2624 3148 dicuntur,
2650 3086 2747 3136 aut
2770 3084 2821 3137 si
2837 3083 3205 3137 haereticorum
3226 3082 3416 3151 aliqua
3436 3082 3583 3135 mira
3603 3083 3759 3149 facta
3776 3087 3922 3150 sunt,

2221 3174 2395 3238 magis
2443 3187 2628 3226 cavere
2673 3170 2922 3226 debemus
2970 3187 2983 3225 :
3036 3170 3181 3240 quod
3232 3185 3352 3225 cum
3398 3169 3630 3225 dia-isset
3665 3173 3925 3227 Dominus

2219 3260 2484 3328 quosdam
2528 3261 2744 3325 futuros
2780 3274 2893 3315 esse
2937 3260 3185 3327 fallaces,
3220 3261 3318 3327 qui
3354 3259 3615 3313 nonnulla
3641 3260 3805 3326 signa
3826 3262 3925 3326 fa—

2221 3349 2427 3414 ciendo,
2471 3351 2634 3402 etiam
2673 3349 2879 3413 electos,
2922 3350 2973 3402 si
3002 3350 3124 3416 ﬁeri
3162 3352 3361 3417 posset.
3405 3347 3690 3414 fallerent;
3720 3347 3923 3416 adjecit

2219 3439 2550 3492 vehementer
2579 3438 2975 3499 commendans,
3005 3442 3055 3491 et
3075 3439 3157 3490 ait
3189 3452 3203 3491 :
3227 3455 3257 3487 α
3287 3439 3420 3491 Ecce
3446 3435 3687 3505 praedixi
3709 3436 3860 3491 vobis
3892 3454 3920 3487 ιι

2222 3525 2443 3593 (Matth.
2476 3541 2623 3592 xxxv,
2651 3527 2764 3588 25).
2803 3528 2968 3581 Porro
3010 3527 3060 3580 si
3096 3526 3299 3594 aliquis
3327 3526 3386 3578 in
3416 3525 3786 3578 haereticorum
3815 3539 3921 3578 me-

2218 3616 2406 3669 moriis
2457 3629 2619 3669 orans
2665 3614 2983 3682 exauditur,
3029 3628 3137 3667 non
3177 3628 3279 3683 pro
3307 3613 3494 3666 merito
3538 3613 3657 3679 loci,
3700 3611 3796 3666 sed
3818 3628 3921 3681 pro

2221 3705 2408 3757 merito
2438 3702 2696 3757 desiderii
2733 3705 2822 3757 sui
2844 3704 3041 3772 recipit
3075 3704 3187 3756 sive
3217 3702 3429 3767 bonum,
3460 3702 3571 3755 sive
3600 3700 3824 3755 malum.
3852 3703 3922 3756 Et

2218 3793 2380 3846 multi
2423 3793 2567 3845 irato
2597 3794 2699 3845 Deo
2738 3791 3138 3857 emaudiuntur;
3169 3795 3222 3845 et
3249 3790 3432 3845 multis
3468 3790 3743 3859 propitius
3784 3792 3922 3844 Deus

2218 3895 2324 3935 non
2354 3880 2548 3935 tribuit
2577 3880 2721 3948 quod
2748 3880 2950 3946 volunt,
2982 3884 3043 3934 ut
3073 3878 3218 3949 quod
3244 3880 3377 3933 utile
3404 3882 3482 3932 est
3510 3878 3923 3934 tribuatJVonne

2221 3970 2445 4037 legimus
2480 3969 2551 4024 ab
2594 3973 2710 4039 ipso
2759 3971 2985 4023 Domino
3036 3971 3140 4023 Deo
3193 3968 3479 4023 nonnullos
3524 3966 3811 4021 exauditos
3865 3970 3925 4021 in

2219 4058 2442 4112 ewcelsis
2468 4059 2730 4112 montium
2750 4056 3000 4123 Judaez;
3031 4071 3148 4125 qua
3169 4060 3353 4111 tamen
3383 4056 3596 4110 excelsa
3618 4057 3699 4109 ita
3727 4054 3922 4124 displi-

2219 4146 2405 4201 cebant
2432 4148 2556 4212 Deo,
2586 4150 2646 4199 ut
2670 4150 2721 4199 et
2751 4160 2901 4212 reges
2933 4146 3030 4213 qui
3066 4160 3130 4198 ea
3156 4158 3263 4199 non
3289 4147 3603 4209 everterent,
3636 4144 3918 4213 culparen-

2221 4237 2330 4299 tur,
2379 4238 2430 4287 et
2475 4234 2573 4303 qui
2618 4238 2934 4300 everterent,
2969 4231 3364 4287 laudarentur?
3405 4231 3554 4286 Unde
3577 4232 3916 4298 intelligitur,

2217 4323 2395 4388 magis
2422 4322 2601 4375 valere
2634 4323 2865 4390 petentis
2906 4322 3179 4390 affectum,
3212 4335 3377 4390 quam
3403 4321 3684 4389 petitionis
3731 4320 3916 4373 locum.

2218 4412 2292 4463 De
2319 4411 2454 4464 visis
2500 4414 2682 4463 autem
2721 4411 3018 4477 fallacibus
3065 4412 3248 4478 legant
3289 4424 3408 4478 quae
3442 4410 3653 4478 scripta
3691 4412 3835 4467 sinit.
3870 4412 3919 4460 et

2220 4500 2354 4566 quia
2385 4500 2500 4566 ipse
2537 4502 2763 4552 satanas
2796 4501 3155 4568 transfigurat
3182 4513 3237 4553 se
3269 4503 3530 4567 tanquam
3557 4498 3806 4566 angelum
3834 4497 3915 4550 lu-

2219 4591 2296 4640 cis
2347 4587 2413 4651 (ΙΙ
2462 4588 2582 4642 Cor.
2624 4602 2700 4653 χι,
2761 4586 2868 4658 14),
2901 4592 2951 4641 et
3001 4590 3135 4655 quia
3161 4588 3356 4642 multos
3402 4585 3735 4640 seduxerunt
3779 4599 3916 4639 som-

2219 4678 2317 4730 nia
2365 4691 2466 4730 sua
2515 4676 2699 4743 (Eccli.
2750 4692 2932 4740 xxxrv,
2971 4676 3049 4747 '7).
3082 4675 3333 4730 Audiant
3359 4677 3525 4729 etiam
3552 4690 3672 4743 quae
3698 4679 3918 4727 narrent

2218 4766 2431 4830 Pagani
2458 4764 2524 4818 de
2563 4766 2778 4832 templis
2805 4770 2853 4819 et
2879 4765 2987 4819 diis
3027 4766 3142 4819 suis
3163 4764 3493 4819 mirabiliter
3527 4764 3610 4817 vel
3636 4764 3810 4831 facta,
3835 4763 3916 4816 vel

2216 4856 2362 4909 visa.
2399 4854 2791 4908 Emaudiuntur
2809 4869 2934 4921 ergo
2956 4855 3117 4908 multi
3143 4858 3193 4907 et
3212 4854 3400 4908 multis
3427 4851 3733 4913 modis.non
3748 4853 3916 4906 salvan

2220 4943 2528 4999 Christiani
2556 4943 2834 5009 catholici,
2857 4942 2950 4997 sed
2973 4946 3023 4995 et
3045 4943 3277 5010 Pagani,
3299 4946 3348 4995 et
3370 4941 3573 5004 Judaai,
3596 4944 3647 4994 et
3666 4941 3913 5005 haeretici,

2216 5033 2392 5085 variis
2423 5030 2697 5085 erroribus
2728 5035 2778 5085 et
2809 5030 3280 5100 superstitionibus
3308 5029 3499 5084 dediti.
3532 5028 3919 5083 Emaudiuntur

2219 5122 2397 5172 autem
2425 5120 2507 5172 vel
2527 5119 2594 5172 ab
2624 5118 2915 5188 spiritibus
2936 5118 3337 5182 seductoribus;
3362 5120 3460 5186 qui
3484 5121 3665 5171 tamen
3683 5117 3820 5170 nihil
3839 5119 3921 5184 fa-

2221 5207 2393 5271 ciunt,
2424 5206 2532 5258 nisi
2555 5206 2970 5273 permittuntur,
2999 5207 3104 5258 Deo
3124 5205 3429 5258 sublimiter
3456 5207 3622 5271 atque
3639 5202 3918 5271 ineffabili-

2219 5298 2303 5347 ter
2318 5292 2608 5361 judicante
2648 5292 2784 5361 quid
2831 5294 3025 5360 cuique
3054 5292 3402 5347 tribuendum
3427 5294 3532 5357 sit;
3569 5293 3682 5345 sive
3710 5292 3778 5346 ab
3806 5293 3919 5361 ipso

2222 5383 2348 5446 Deo,
2380 5382 2464 5435 vel
2491 5381 2566 5435 ad
2604 5396 2819 5450 poenam
2852 5381 3098 5449 malitia,
3143 5382 3225 5435 vel
3263 5381 3338 5435 ad
3384 5380 3638 5434 solatium
3676 5382 3917 5449 miserim,

2219 5470 2302 5523 vel
2315 5470 2389 5523 ad
2408 5469 2824 5525 admonitionem
2848 5470 3146 5538 quaerenda:
3163 5471 3358 5525 salutis
3378 5474 3608 5524 istm.
3633 5468 3727 5525 Ad
3749 5471 3919 5537 ipsam

2214 5573 2339 5612 vero
2399 5559 2624 5613 salutem
2654 5574 2715 5613 ac
2743 5562 2911 5614 vitam
2938 5565 3192 5615 aeternam
3219 5574 3368 5614 nemo
3388 5560 3655 5628 pervenit,
3694 5560 3805 5613 nisi
3838 5561 3929 5627 qui
