4062 6358
128 308 226 353 3-31
1590 303 1799 358 LIBER
1853 302 2186 368 QVINTVS.
3532 315 3632 366 3‘22

121 426 288 477 habet
321 432 484 493 caput
514 427 805 480 Christum.
858 425 1061 478 Habere
1115 429 1291 477 autem
1349 430 1510 493 caput
1557 426 1828 480 Christum

118 528 277 566 nemo
306 514 526 581 poterit,
555 514 664 566 nisi
687 515 784 581 qui
827 515 884 565 in
910 513 1027 580 ejus
1078 528 1295 582 corpore
1335 514 1527 580 fuerit,
1565 514 1708 582 quod
1753 519 1830 568 est

119 601 391 665 Ecclesia,
422 617 584 670 quam
609 603 748 654 sicut
776 603 951 670 ipsum
990 605 1150 668 caput
1200 604 1257 654 in
1288 602 1588 670 Scripturis
1630 606 1830 657 sanctis

120 693 406 743 canonicis
464 690 710 744 debemus
783 705 1086 756 agnoscere,
1155 705 1259 744 non
1315 693 1489 744 variis
1559 692 1830 745 hominum

115 781 437 833 rumoribus
459 784 508 832 et
537 779 882 847 opinionibus
905 786 953 832 ct
978 780 1144 844 factis
1163 784 1210 832 et
1240 779 1402 833 dictis
1415 784 1464 834 et
1485 781 1618 833 visis
1647 781 1826 847 inqui-

117 884 240 921 rere
263 868 362 937 (De
387 870 601 922 Unitate
620 868 788 933 Ecct.,
816 883 863 920 c.
890 870 975 932 18,
998 870 1180 934 11.46).
1205 869 1315 922 Hac
1343 867 1400 921 in
1433 868 1668 938 epistola
1691 870 1832 922 Prae-

118 958 407 1008 textatum
437 955 835 1009 Assuritanum
871 956 929 1009 in
964 956 1388 1010 Donatistarum
1419 957 1828 1011 communione

111 1042 250 1112 jam
270 1044 424 1098 diem
457 1045 684 1111 obiisse,
728 1043 1076 1099 Felicianum
1106 1050 1298 1099 autem
1348 1046 1712 1100 Mustitanum
1769 1045 1829 1099 in

119 1131 334 1186 eadem
363 1133 547 1187 adhuc
576 1133 782 1204 degere
813 1132 1094 1202 significat
1113 1133 1304 1204 (Ibid.,
1339 1151 1393 1188 η.
1426 1135 1674 1202 46).Οι]ο
1706 1135 1827 1187 loco

117 1219 192 1273 de
222 1221 720 1290 persecutionibus
749 1223 867 1291 agit
897 1222 1086 1288 (Ibid.,
1119 1239 1176 1276 η.
1222 1224 1329 1291 55),
1369 1223 1640 1294 leguntur
1679 1239 1828 1277 non-

120 1307 308 1367 nulla,
343 1325 471 1379 quae
501 1309 728 1363 tametsi
757 1310 828 1363 ad
858 1310 1088 1364 honorii
1118 1311 1274 1380 leges
1294 1311 1428 1364 anni
1453 1311 1830 1382 quadringen-

119 1395 381 1450 tesimini
408 1397 595 1468 quinti
624 1397 827 1452 referri
857 1404 1090 1470 queant,
1130 1399 1419 1469 pertinere
1460 1404 1730 1470 putamus
1761 1398 1828 1452 ad

119 1485 452 1554 superiores
483 1485 641 1554 alias,
673 1503 803 1558 quae
855 1488 941 1541 vel
992 1487 1051 1541 in
1099 1487 1419 1542 Donatistas
1465 1486 1824 1551 nominatim,

118 1573 205 1627 vel
239 1574 561 1643 generatim
593 1575 649 1629 in
683 1575 913 1646 quosvis
944 1575 1238 1629 hmreticos
1270 1575 1645 1646 promulgatae
1677 1579 1824 1628 sunt.

121 1661 397 1715 Petiliani
438 1679 571 1716 sane
630 1663 1072 1733 responsionem,
1125 1679 1252 1734 qua:
1305 1663 1476 1717 tertio
1525 1662 1828 1732 Augustini

117 1755 324 1804 contra
365 1766 498 1806 eum
524 1751 668 1805 libro
699 1753 1043 1821 confutatur,
1069 1752 1329 1806 nandum
1360 1752 1582 1806 viderat
1608 1756 1828 1804 sanctus

119 1838 357 1907 Doctor,
389 1855 518 1893 cum
545 1839 693 1894 istud
716 1857 858 1910 opus
881 1840 1202 1911 composuit
1225 1857 1238 1894 :
1270 1840 1736 1911 quandoquidem
1766 1840 1825 1892 in

118 1927 246 1996 ejus
277 1929 566 1982 exordioa
597 1929 870 1983 Petiliano
909 1931 1181 2000 postulat,
1225 1933 1288 1983 ut
1331 1931 1418 1983 vel
1465 1930 1649 2003 eidem
1696 1929 1828 1983 huic

119 2015 308 2086 operi,
341 2016 430 2070 vel
459 2016 660 2086 primis
685 2017 910 2072 duobus
931 2021 1128 2071 contra
1153 2017 1334 2087 ipsius
1363 2018 1584 2071 litteras
1612 2017 1773 2071 libris
1795 2033 1830 2070 a

120 2120 178 2158 se
219 2104 392 2158 editis
422 2105 777 2175 respondeat.
821 2105 964 2170 Quia
993 2122 1164 2176 porro
1192 2106 1250 2160 id
1280 2110 1408 2160 ante
1440 2105 1706 2176 praestitit
1731 2107 1829 2159 Pe-

120 2191 383 2259 tilianus,
415 2210 587 2265 quam
620 2195 930 2249 secundum
959 2211 1125 2249 suum
1145 2194 1355 2248 librum
1375 2195 1644 2248 adversus
1667 2194 1828 2248 illum

120 2281 456 2336 absolvisset
500 2284 850 2353 Augustinus
910 2284 1390 2352 (Retractationum
1436 2284 1535 2338 lib.
1594 2286 1648 2352 2,
1704 2299 1822 2352 cap.

120 2371 209 2439 25)
238 2387 252 2437 ;
286 2371 517 2425 nonnisi
540 2371 797 2442 ejusdem
835 2371 1021 2441 primo
1052 2371 1236 2442 potuit
1277 2371 1626 2441 respondere
1667 2372 1825 2440 (Con-

124 2463 212 2511 tra
239 2461 479 2512 Litteras
511 2461 787 2523 Petitiani,
821 2459 914 2512 tib.
949 2463 1000 2524 3,
1030 2475 1085 2513 n.
1121 2459 1198 2528 1).
1247 2459 1388 2530 Ergo
1419 2459 1656 2528 hujusce
1698 2458 1829 2513 libri

121 2547 281 2601 locos
321 2549 631 2601 nonnullos
669 2547 1150 2618 aggrediebatur;
1195 2547 1403 2618 quibus
1434 2553 1626 2601 tamen
1668 2548 1827 2600 nullo

122 2640 292 2706 pacto
321 2636 738 2690 satisfaciebat:
789 2637 1110 2707 complures
1149 2652 1282 2689 vero
1320 2636 1563 2689 intactos
1593 2652 1829 2706 prorsus

122 2725 428 2778 omittebat
458 2725 649 2795 (Ibid.,
679 2741 774 2780 nn.
825 2727 913 2789 22,
946 2727 1038 2792 23,
1062 2727 1150 2791 60,
1198 2726 1306 2793 62).
1356 2727 1435 2778 Ac
1489 2724 1826 2778 nominatim

121 2813 222 2866 ubi
253 2815 327 2867 ad
355 2813 518 2868 illam
547 2814 701 2868 venit
723 2813 1120 2884 quaestionem,
1145 2815 1257 2868 Cur
1286 2813 1828 2868 Maximianistarum

120 2901 476 2972 baptismum
535 2920 678 2974 quos
734 2903 1146 2957 damnaverant
1203 2907 1601 2972 susceperunt,
1641 2902 1828 2955 omnis

122 3007 256 3046 eum
291 2992 463 3046 etiam
493 2992 758 3046 simulata
785 3007 981 3062 pugna
1010 2990 1246 3057 defecit;
1279 3006 1380 3044 nec
1409 2990 1540 3044 inde
1570 3006 1625 3043 se
1659 2991 1827 3043 extri-

122 3095 252 3134 care
283 3081 481 3146 valuit,
513 3081 623 3134 nisi
655 3080 727 3134 ad
771 3080 1082 3134 secundum
1132 3095 1302 3151 quem
1348 3078 1722 3148 pollicebatur
1760 3078 1827 3131 li-

123 3168 295 3222 brum
324 3168 666 3223 remittendo
701 3169 848 3238 (Ibid
890 3209 903 3235 ,
936 3184 1000 3224 n.
1030 3168 1144 3238 42).

192 3259 246 3313 4.
281 3257 537 3312 Tandem
569 3273 700 3312 cum
739 3261 1007 3326 expertus
1038 3260 1204 3322 esset,
1256 3259 1474 3310 tantam
1513 3271 1631 3309 esse
1682 3254 1829 3308 circa

121 3361 309 3400 causan
335 3350 508 3416 caput
542 3345 898 3400 debilitatem
929 3361 1114 3406 suam,
1147 3343 1284 3398 illud
1315 3343 1574 3397 deserere
1606 3343 1824 3397 maluit.

122 3434 421 3506 Simulque
456 3434 630 3504 elegit
660 3434 978 3498 materiam,
1011 3433 1109 3488 ubi
1141 3433 1320 3503 ipsius
1350 3432 1676 3503 eloquentia
1702 3449 1830 3501 par-

124 3524 272 3577 tium
297 3540 531 3577 suarum
561 3522 789 3577 asseclis
819 3522 1002 3593 magis
1031 3522 1385 3592 probaretur.
1414 3522 1482 3575 Hi
1511 3537 1680 3592 porro
1711 3525 1828 3574 tam

122 3611 565 3682 implacabiliter
597 3617 790 3666 sancto
827 3611 1061 3665 Praesuli
1107 3610 1317 3664 infensi
1359 3615 1540 3674 erant,
1577 3615 1642 3664 ut
1673 3610 1826 3679 quis-

123 3701 254 3770 quis
283 3701 344 3755 in
365 3702 488 3772 ejus
508 3701 752 3772 gratiam
776 3701 1125 3771 loqueretur,
1150 3699 1258 3752 hoc
1274 3699 1396 3768 ipso
1428 3699 1592 3752 illum
1610 3697 1829 3751 inimici

122 3789 246 3844 loco
278 3789 575 3844 haberent.
611 3789 970 3859 Quapropter
998 3787 1265 3842 eumdem
1311 3803 1416 3857 pro
1461 3787 1723 3852 Ecclesia,
1768 3785 1828 3838 in

123 3893 302 3948 quam
333 3879 470 3950 quid
508 3878 723 3932 diceret
753 3894 872 3931 non
899 3877 1246 3942 inveniebat,
1298 3875 1627 3941 substituit;
1656 3879 1828 3944 atque

122 3983 189 4020 eo
227 3973 397 4038 pacto
420 3968 505 4033 ﬁt,
532 3971 597 4020 ut
626 3982 756 4019 cum
785 3967 1105 4035 Augustino
1138 3966 1462 4034 loquamur,
1479 3978 1688 4017 summa
1718 3965 1830 4016 ino—

121 4059 218 4125 pia
249 4059 494 4125 copiosus
528 4055 713 4124 (Ibid.,
742 4070 804 4108 η.
839 4056 944 4120 2-1).
980 4055 1126 4106 Iram
1151 4069 1311 4106 suam
1344 4067 1573 4105 omnem
1605 4051 1666 4103 in
1696 4067 1826 4105 eum

120 4139 293 4192 vertit
337 4139 814 4208 (Retractationum
845 4136 942 4189 tib.
971 4138 1021 4200 2,
1056 4151 1174 4203 cap.
1206 4138 1322 4202 25).
1367 4135 1509 4188 Eum
1559 4133 1826 4187 innume-

121 4227 199 4281 ris
225 4226 496 4281 conviciis
525 4224 798 4296 proscidit
828 4225 1050 4291 (Contra
1074 4225 1308 4277 Litteras
1346 4223 1619 4288 Petiliani,
1653 4223 1748 4276 tib.
1774 4225 1826 4287 3,

118 4331 174 4368 n.
214 4318 333 4385 17).
373 4315 483 4369 Sed
516 4330 645 4368 cum
669 4314 847 4367 multa
863 4313 932 4366 de
966 4313 1089 4382 ipso
1111 4311 1425 4378 effutiisset,
1457 4311 1599 4365 nihil
1631 4316 1826 4366 tamen

121 4403 289 4470 dixit,
321 4404 429 4457 nisi
455 4404 606 4474 quod
645 4405 730 4456 vel
773 4407 920 4456 esset
949 4401 1184 4455 omnino
1218 4401 1446 4470 falsum,
1486 4401 1570 4454 vel
1628 4415 1824 4470 repre-

118 4492 400 4547 hensione
430 4493 586 4546 nulla
611 4491 870 4561 dignum,
896 4495 996 4558 aut
1021 4491 1222 4544 saltem
1264 4489 1337 4543 ad
1384 4505 1517 4543 eum
1556 4494 1684 4560 post
1727 4505 1821 4542 ac-

121 4587 347 4652 ceptam
370 4580 641 4651 Baptismi
665 4580 908 4650 gratiam
929 4580 1086 4633 nullo
1108 4578 1276 4632 modo
1303 4577 1638 4648 pertineret.
1707 4578 1829 4642 Qua

123 4669 181 4723 in
214 4687 278 4724 re
300 4670 610 4724 Petilianus
633 4668 919 4738 judicium
948 4666 1200 4737 neglexit
1229 4666 1594 4720 cordatorum
1641 4665 1826 4719 homi-

125 4773 288 4826 num,
321 4758 418 4829 qui
452 4757 616 4811 illum
646 4773 764 4811 non
813 4755 886 4810 ob
930 4755 1098 4817 aliud,
1147 4769 1321 4824 quam
1369 4753 1439 4808 ob
1482 4753 1828 4808 inﬁrmitatis

124 4847 374 4918 propriae
404 4846 828 4911 conscientiam,
855 4843 1148 4912 negotium
1169 4842 1414 4913 quodam
1445 4843 1614 4896 modo
1646 4842 1829 4912 publi-

127 4952 254 4991 cum
289 4936 507 5008 privato
526 4935 718 5006 jurgio
749 4939 970 4989 mutare
1003 4937 1165 4987 erant
1192 4932 1624 5002 deprehensuri.
1660 4933 1721 4985 In
1745 4933 1829 4984 vi-

127 5029 265 5092 tam,
297 5041 470 5096 quam
515 5023 868 5094 Augustinus
916 5027 1046 5076 ante
1087 5021 1517 5076 conversionem
1566 5021 1826 5087 duxerat,

127 5113 366 5184 copiosis
396 5111 581 5166 verbis
602 5111 972 5177 declamabat,
997 5111 1198 5165 efﬁctis
1223 5109 1395 5164 etiam
1428 5109 1672 5179 delictis,
1697 5125 1824 5181 qua:

129 5217 424 5274 nunquam
471 5201 566 5254 ille
609 5204 1054 5270 perpetraverat,
1087 5199 1158 5254 iis
1199 5215 1333 5253 vero
1358 5198 1420 5252 in
1466 5215 1596 5270 qua:
1642 5198 1829 5269 reipsa

130 5289 402 5346 inciderat
465 5289 813 5361 quandoque
886 5288 1284 5358 praetermissis
1345 5287 1534 5356 (Ibid.,
1601 5305 1656 5343 n.
1726 5290 1824 5355 11).

130 5377 408 5442 Quasdam
457 5395 522 5432 ex
579 5379 700 5448 ejus
757 5377 1218 5431 Confessionibus
1265 5392 1428 5431 voces
1476 5376 1536 5430 in
1575 5376 1830 5431 alienum

132 5482 359 5524 sensum
413 5466 790 5538 detorquebat
839 5464 1033 5534 (Ibid.,
1076 5482 1131 5519 n.
1181 5467 1298 5534 20).
1351 5466 1652 5521 Asserebat
1697 5481 1830 5520 eum

134 5557 471 5628 presbyterii
502 5556 692 5612 ofﬁcio
718 5555 974 5610 functum
1005 5554 1160 5625 apud
1186 5553 1546 5623 Manichaeos,
1578 5569 1827 5626 quorum

1940 427 1991 479 ei
2020 427 2212 480 omnia
2255 426 2472 495 flagitia
2515 426 2861 482 attribuebat
2892 429 3072 495 (Ibid.,
3103 444 3203 482 nn.
3245 432 3335 493 20,
3389 432 3491 501 19.)
3526 433 3636 486 Hoc

1939 515 2107 568 etiam
2141 514 2527 585 ampliﬁcabat
2574 515 2826 581 uberius,
2872 532 3082 586 nempe
3133 518 3537 587 Augustinum,
3573 527 3635 573 ut

1937 618 2040 671 pro
2077 608 2232 656 certo
2279 603 2547 672 ponebat,
2589 619 2654 657 ex
2703 604 2889 657 Africa
2927 609 3217 675 tamquam
3269 606 3633 661 Manichazum

1939 707 2086 744 anno
2129 691 2524 745 trecentesimo
2568 693 2918 762 octogesimo
2968 699 3124 746 sexto
3167 699 3422 748 coactum
3469 713 3633 749 exsu—

1937 780 2088 846 lare;
2113 796 2242 834 cum
2270 787 2460 833 tamen
2492 785 2620 834 ante
2645 781 2798 834 hunc
2827 798 3040 835 annum
3066 782 3312 853 amplius
3340 783 3456 852 jam
3483 800 3633 838 anno

1938 868 2241 922 Mediolani
2269 873 2521 922 versatus
2563 873 2709 922 esset
2738 869 2922 938 (Ibid,
2956 887 3009 924 η.
3057 872 3163 936 30).
3206 872 3324 924 lmo
3369 888 3499 925 eum
3549 877 3636 926 te-

1938 956 2196 1010 meritate
2226 973 2341 1009 non
2371 956 2604 1010 ferenda
2631 956 2831 1011 eodem
2863 973 3054 1012 errore
3077 959 3260 1012 adhuc
3288 960 3469 1013 teneri
3499 977 3634 1015 con-

1937 1045 2206 1098 tendebat
2236 1045 2416 1113 (Ibid.,
2449 1061 2504 1098 n.
2539 1046 2646 1115 11).
2677 1046 2913 1100 Tertulli
2962 1048 3224 1113 oratoris,
3258 1064 3289 1101 a
3320 1064 3433 1118 quo
3477 1066 3636 1104 accu-

1937 1137 2090 1186 satus
2135 1134 2320 1186 fuerat
2363 1133 2570 1186 Paulus
2616 1133 2756 1201 (Act.
2799 1150 2948 1200 xx1v,
2988 1137 3056 1203 1),
3091 1135 3163 1195 ei,
3196 1135 3268 1188 ob
3299 1136 3634 1190 rhetoricam

1937 1236 2109 1290 quam
2143 1221 2429 1286 docuerat,
2465 1237 2673 1274 nomen
2703 1220 3033 1291 imponebat
3064 1239 3077 1275 :
3112 1222 3395 1293 simulque
3435 1228 3498 1277 ut
3522 1225 3634 1278 vim

1938 1309 2094 1363 illam
2146 1309 2606 1380 argumentandi,
2639 1326 2752 1380 qua
2799 1310 3116 1364 Donatistas
3162 1312 3548 1382 oppugnabat,
3578 1312 3636 1366 in

1936 1397 2210 1451 invidiam
2252 1403 2499 1466 vocaret,
2532 1413 2660 1452 eum
2707 1414 2812 1466 pro
2865 1398 3155 1452 dialectico
3195 1400 3554 1467 traducebat;
3584 1407 3639 1455 et

1937 1503 2002 1540 eo
2040 1487 2365 1541 conferebat
2417 1502 2648 1541 omnem
2702 1487 3044 1558 eloquentiae
3088 1504 3204 1542 sua:
3252 1493 3537 1544 tumorem
3575 1507 3637 1544 ac

1935 1575 2257 1645 strepitum,
2289 1580 2352 1628 ut
2383 1575 2736 1629 dialecticam
2766 1577 3166 1631 tantummodo
3197 1577 3264 1631 ad
3290 1579 3634 1633 conﬁrman-

1935 1663 2072 1718 dum
2116 1663 2477 1718 mendacium
2523 1665 2710 1718 valere
2742 1665 3114 1734 persuaderet
3145 1665 3367 1731 (Contra
3403 1668 3636 1722 Litteras

1933 1753 2207 1817 Pet-itiani,
2245 1752 2336 1806 lib.
2385 1756 2436 1818 3,
2478 1768 2534 1807 η.
2583 1756 2687 1815 19).
2718 1753 3023 1807 Sententiis
3063 1755 3327 1808 utebatur
3369 1757 3636 1811 adversus

1935 1840 2212 1910 quosdam
2249 1840 2397 1906 latis,
2445 1856 2689 1911 quorum
2740 1841 3000 1894 nonnulli
3042 1847 3234 1896 sancto
3284 1844 3414 1898 Viro
3455 1845 3637 1915 ignoti

1935 1933 2117 1994 erant,
2145 1932 2317 1998 atque
2347 1928 2536 1997 ipsum
2585 1928 2775 1982 delicti
2815 1928 3135 1982 convictum
3177 1931 3358 1984 teneri
3405 1934 3492 1986 vel
3528 1934 3637 1988 hoc

1935 2016 2053 2070 solo
2079 2016 2322 2082 volebat,
2354 2017 2509 2087 quod
2535 2032 2666 2070 eum
2696 2016 3009 2083 absentem,
3042 2017 3427 2089 interrogatus
3455 2021 3514 2075 in
3539 2022 3634 2091 ju-

1936 2103 2081 2158 dicio
2126 2104 2332 2174 aliquis
2378 2121 2408 2158 e
2452 2121 2692 2159 numero
2737 2105 3028 2175 quondam
3073 2107 3386 2162 amicorum
3432 2110 3632 2180 ipsius,

1936 2193 2278 2248 defendendi
2308 2193 2395 2248 sui
2445 2210 2614 2248 causa
2660 2193 3074 2249 nominaverat.
3108 2197 3481 2267 Epistolarum
3513 2201 3637 2270 ejus

1934 2280 2148 2348 titulos,
2174 2297 2286 2351 quo
2316 2281 2471 2334 illius
2502 2282 2955 2352 reprehendendi
2987 2299 3182 2337 ansam
3215 2285 3467 2356 aliquam
3497 2287 3636 2340 arri-

1934 2374 2113 2438 peret,
2149 2385 2181 2422 a
2212 2385 2269 2422 se
2296 2370 2384 2423 vel
2407 2386 2440 2422 a
2467 2369 2580 2422 suis
2608 2387 2710 2440 pro
2741 2370 2975 2426 libidine
3004 2372 3308 2442 inscriptos
3334 2374 3635 2430 referebat.

1935 2457 2190 2528 Cumque
2230 2463 2456 2512 sanctus
2498 2458 2594 2511 Vir
2637 2459 2821 2513 amico
2869 2460 3095 2514 cuidam
3142 2476 3244 2515 suo
3275 2466 3446 2532 atque
3474 2463 3636 2517 uxori

1936 2546 2058 2617 ejus
2109 2546 2501 2617 signiﬁcasset,
2559 2547 2638 2601 eis
2694 2564 2752 2602 se
2794 2564 3002 2618 panem
3041 2549 3452 2604 benedictionis
3501 2567 3636 2622 ergo

1934 2634 2182 2696 mittere,
2213 2635 2316 2688 sub
2363 2635 2454 2688 his
2496 2635 2740 2705 eulogiis
2783 2636 3164 2690 abominanda
3207 2639 3418 2692 scelera
3457 2640 3636 2693 conti-

1936 2723 2058 2777 neri
2096 2723 2452 2784 afﬁrmabat;
2480 2740 2584 2777 nec
2623 2724 2831 2794 puduit
2880 2741 3011 2778 eum
3051 2725 3340 2779 communi
3379 2727 3634 2781 omnium

1934 2829 2101 2866 sensu
2139 2816 2496 2882 repugnante
2543 2812 2752 2878 dicere,
2785 2813 3061 2867 amatoria
3103 2814 3378 2868 maleﬁcia
3409 2815 3636 2870 mulieri

1936 2901 2066 2954 data
2094 2900 2327 2953 nomine
2359 2900 2500 2952 sacri
2531 2900 2682 2954 illius
2725 2901 3000 2967 muneris,
3033 2902 3193 2970 cujus
3235 2903 3476 2956 maritus
3520 2919 3636 2958 non

1935 2989 2122 3042 solum
2165 2988 2441 3049 conscius,
2490 3003 2690 3040 verum
2737 2987 2909 3042 etiam
2958 3004 3190 3042 consors
3239 3005 3302 3042 ac
3355 2989 3638 3060 particeps

1934 3078 2041 3132 fuit
2080 3077 2280 3145 (Ibid).
2323 3075 2544 3146 Quippe
2597 3076 2766 3130 citato
2818 3078 2937 3130 loco
2986 3077 3113 3130 libri
3159 3082 3356 3131 contra
3411 3078 3634 3132 Petilia-

1933 3182 2073 3220 num
2119 3169 2248 3236 post
2292 3165 2484 3234 verba,
2527 3167 2723 3219 marito
2768 3180 2874 3218 non
2916 3166 3087 3219 solum
3135 3167 3364 3228 conscio,
3406 3165 3635 3220 lectioni

1935 3271 2064 3326 quae
2096 3270 2161 3308 ex
2193 3253 2409 3308 Erasmi
2440 3253 2765 3324 conjectura
2809 3253 3076 3321 obtinuit,
3114 3269 3298 3307 verum
3340 3256 3502 3308 etiam
3539 3256 3630 3319 fa-

1934 3348 2104 3412 vente,
2143 3342 2561 3414 praeferendum
2606 3346 2896 3412 putamus,
2937 3357 3121 3395 verum
3166 3343 3330 3395 etiam
3377 3349 3635 3408 consorte,

1936 3437 2052 3498 aut,
2084 3434 2381 3501 participe.
2421 3430 2550 3483 Veri
2580 3429 2734 3484 enim
2773 3429 2957 3483 simile
3005 3433 3087 3482 est
3121 3429 3237 3482 illic
3281 3447 3314 3483 a
3359 3431 3636 3485 Petiliano

1934 3519 2142 3587 notari,
2167 3523 2338 3590 atque
2363 3518 2433 3572 ad
2465 3518 2721 3589 putidam
2749 3519 2891 3572 adeo
2919 3518 3263 3572 calumniam
3285 3519 3632 3590 detorqueri,

1935 3607 2087 3678 quod
2112 3606 2465 3678 Augustinus
2496 3607 2733 3660 Paulino
2757 3611 2813 3660 et
2842 3607 2964 3676 ejus
2992 3607 3157 3660 uxori
3186 3607 3466 3662 Therasiae
3497 3609 3635 3662 scri-

1934 3697 2074 3750 bens
2129 3695 2460 3766 simpliciter
2512 3695 2634 3749 ait:
2681 3698 2845 3749 Panis
2902 3711 3057 3764 quem
3112 3699 3379 3764 misimus,
3421 3698 3638 3752 uberior

1937 3784 2230 3837 benedictio
2254 3787 2364 3852 ﬁet,
2393 3784 2673 3836 dilectione
2711 3785 3022 3851 accipientis
3050 3789 3239 3838 vestra:
3275 3787 3638 3852 Benignitatis

1938 3875 2135 3941 (Epist.
2168 3875 2256 3937 31,
2286 3887 2342 3926 η.
2376 3873 2450 3940 9).
2495 3873 2775 3925 Praeterea
2823 3872 3131 3926 Petilianus
3180 3889 3378 3927 eorum
3415 3874 3636 3928 haben-

1935 3961 2066 4015 dam
2145 3977 2264 4013 esse
2331 3960 2614 4013 rationem
2687 3961 3089 4028 contendebat,
3163 3977 3291 4032 quae
3366 3962 3636 4016 adversus

1937 4049 2319 4119 Augustinum
2377 4048 2773 4118 presbyterum
2824 4047 3143 4118 episcopale
3195 4065 3405 4102 munus
3455 4050 3638 4104 adhuc

1934 4136 2229 4190 ineuntem
2277 4135 2456 4188 iratus
2503 4135 2807 4205 scripserat
2853 4135 3165 4205 Megalius:
3209 4136 3362 4206 quod
3409 4153 3540 4190 vero
3585 4137 3634 4191 is

1933 4224 2148 4295 peccati
2177 4224 2347 4294 hujus
2375 4240 2410 4277 a
2452 4228 2642 4277 sancto
2673 4223 2911 4278 concilio
2943 4240 3073 4278 mox
3112 4225 3332 4279 veniam
3361 4242 3634 4296 poposce-

1933 4317 2043 4379 rat,
2075 4330 2180 4383 pro
2211 4312 2392 4367 nihilo
2425 4312 2746 4366 ducendum
2774 4313 3023 4368 volebat.
3071 4315 3191 4368 Imo
3225 4319 3281 4368 et
3309 4321 3462 4385 quod
3494 4315 3545 4368 ei
3574 4321 3638 4368 ut

1936 4403 2044 4456 sibi
2072 4403 2462 4472 ignosceretur
2491 4401 2786 4456 humiliter
2806 4403 3114 4473 postulanti
3141 4404 3451 4456 clementer
3479 4403 3639 4472 igno-

1935 4497 2059 4545 tum
2117 4496 2283 4557 esset,
2351 4489 2758 4544 criminabatur
2803 4493 3018 4555 (Contra
3062 4493 3300 4545 Litteras
3355 4494 3635 4558 Petitiani,

1935 4581 2032 4634 lib.
2066 4583 2116 4640 3.
2152 4597 2206 4634 n.
2244 4579 2350 4646 19).
2383 4579 2718 4632 Accersebat
2767 4579 2904 4632 furti
2951 4579 3190 4633 crimine
3231 4579 3634 4649 Augustinum,

1935 4668 2089 4740 quod
2121 4668 2168 4720 is
2198 4673 2415 4722 textum
2439 4667 2590 4720 illius
2621 4667 2893 4733 referens,
2923 4667 3063 4720 duas
3095 4667 3370 4721 dictiones
3400 4685 3528 4739 qua:
3565 4669 3636 4722 ab

1936 4756 2194 4825 exemplo
2222 4756 2292 4808 ad
2322 4772 2380 4808 se
2411 4755 2744 4808 transmisso
2778 4754 3031 4821 aberant,
3062 4771 3167 4809 nec
3195 4756 3313 4810 ullo
3345 4757 3518 4810 modo
3546 4757 3636 4810 fa-

1935 4845 2160 4899 ciebant
2188 4843 2259 4896 ad
2304 4843 2677 4913 quaestionem
2725 4848 3089 4913 praesentem,
3131 4844 3413 4910 omisisset
3453 4846 3636 4915 (Ibid.,

1933 4949 2028 4987 nn.
2065 4935 2150 4999 18,
2202 4934 2290 4997 21,
2327 4935 2412 4998 19,
2459 4933 2568 5001 20).
2612 4931 2725 5002 Ipsi
2762 4931 3016 4999 demum,
3047 4934 3201 5004 quod
3239 4934 3539 4988 monastici
3578 4935 3638 4987 in

1935 5020 2124 5075 Africa
2149 5020 2393 5074 instituti
2423 5025 2620 5074 auctor
2640 5021 2964 5088 exstitisset,
2997 5021 3238 5076 crimina
3264 5022 3434 5077 dabat
3455 5022 3636 5091 (Ibid.,

1935 5125 1994 5164 n.
2023 5110 2135 5178 48).

2008 5200 2065 5252 5.
2097 5199 2286 5270 Longe
2317 5197 2591 5270 opinione
2621 5199 2924 5254 fallebatur
2953 5201 3281 5266 Petilianus,
3306 5201 3353 5254 si
3375 5198 3638 5270 sperabat

1937 5289 2076 5354 fore,
2112 5293 2178 5342 ut
2218 5289 2602 5359 Augustinum
2641 5291 2747 5344 hoc
2793 5290 2999 5360 agendi
3045 5291 3216 5345 modo
3262 5290 3336 5344 ab
3380 5289 3635 5342 Ecclesiae

1937 5376 2265 5432 defensione
2286 5378 2357 5432 ad
2386 5378 2681 5449 propriam
2702 5383 2977 5432 avocaret.
3014 5379 3124 5448 Ipsi
3151 5395 3239 5432 res
3269 5381 3388 5431 erat
3417 5392 3546 5430 cum
3567 5393 3635 5431 eo

1934 5465 2080 5534 viro,
2112 5467 2210 5537 qui
2249 5483 2369 5521 non
2398 5467 2713 5522 alliciendis
2759 5467 2829 5521 ad
2860 5483 2918 5521 se
2949 5465 3298 5530 hominibus,
3333 5464 3430 5520 sed
3469 5464 3536 5519 iis
3566 5466 3638 5521 ad

1937 5555 2119 5608 Deum
2174 5571 2368 5610 secum
2424 5555 2817 5612 convertendis
2874 5554 3206 5620 desudaret;
3254 5553 3355 5624 qui
3404 5559 3637 5626 paratus
