4062 6350
397 304 497 354 3'23

394 427 542 479 esset
571 437 732 476 suam
760 419 938 490 ipsius
975 433 1204 471 causam
1234 415 1414 480 citius,
1449 429 1623 483 quam
1652 410 1940 466 catholica:
1986 411 2088 464 Ec-

393 512 578 567 clesia:
619 511 914 574 deserere;
959 506 1057 578 qui
1102 505 1349 576 denique
1403 501 1726 572 deprimere
1769 515 1888 555 sese
1917 503 2086 570 atque

395 602 657 671 abjicere,
690 598 990 654 Ecclesiam
1041 600 1231 649 autem
1277 595 1512 647 domum
1556 590 1655 645 Dei
1684 589 1995 660 praedicare
2025 604 2089 641 ac

397 692 661 747 extollere
709 689 1076 742 vehementer
1120 687 1367 754 cuperet.
1410 685 1630 736 Domum
1679 683 1772 733 Dei
1816 681 1938 743 mei,
1987 677 2086 742 ait,

394 782 549 848 cujus
579 779 814 832 decorem
857 776 1050 842 dilexi,
1081 775 1344 842 praeconio
1373 773 1516 824 vocis
1545 769 1817 834 extollam,
1856 782 1935 820 me
1965 782 2089 821 vero

395 868 692 923 humiliabo
737 871 786 919 et
828 865 1085 932 abjiciam
1119 861 1308 930 (Ibid.,
1338 876 1399 913 η.
1437 860 1513 928 2).
1542 859 1700 911 Falsa
1752 853 2091 910 adversario-

395 973 526 1013 rum
555 953 878 1026 opprobria,
911 969 1038 1023 quae
1069 948 1431 1022 praedicando
1479 944 1703 1014 eloquia
1732 943 2002 1008 veritatis,
2037 947 2092 996 et

395 1044 600 1101 erroris
640 1041 967 1112 vaniloquia
995 1037 1402 1100 convincendo,
1437 1034 1496 1088 in
1526 1050 1584 1087 se
1614 1031 1941 1098 concitarat,
1974 1046 2089 1084 non

395 1134 562 1188 modo
581 1131 869 1186 tristitiam
883 1128 990 1198 ipsi
1005 1128 1218 1182 nullam
1229 1125 1344 1194 ,sed
1359 1123 1530 1178 etiam
1543 1118 2089 1175 abundantissimam

395 1221 838 1277 consolationem
867 1217 1198 1281 efferebant,
1217 1230 1334 1268 non
1363 1209 1611 1266 intuenti
1632 1206 1892 1262 videlicet
1917 1222 2091 1277 quam

397 1316 543 1365 esset
583 1323 863 1376 amarum,
912 1307 1004 1359 sed
1051 1320 1223 1376 quam
1271 1303 1476 1356 falsum
1515 1298 1668 1369 quod
1709 1296 1993 1360 audiebat,
2037 1299 2094 1349 et

396 1415 569 1471 quam
598 1414 768 1453 verax
796 1413 901 1467 pro
933 1395 1094 1464 cujus
1116 1392 1346 1448 nomine
1377 1390 1485 1443 hoc
1513 1386 1796 1452 audiebat,
1815 1384 1914 1455 qui
1939 1399 2089 1438 mer-

397 1490 591 1544 cedem
638 1487 876 1540 multam
918 1483 1173 1538 toleratis
1216 1481 1336 1551 ejus
1375 1493 1543 1532 causa
1581 1473 1902 1546 Opprobriis
1932 1471 2094 1542 polli-

397 1577 554 1626 cetur
583 1571 770 1642 (Ibid.,
813 1585 869 1623 n.
900 1568 975 1637 7).
1012 1569 1074 1620 In
1114 1563 1471 1619 contumeliis
1501 1560 1764 1616 Petiliani
1811 1556 2094 1628 cogitabat

397 1660 612 1715 diaboli
643 1658 922 1723 fraudem,
955 1671 1068 1727 qua
1116 1670 1248 1709 eum
1279 1654 1334 1707 in
1374 1651 1568 1706 odium
1616 1647 1887 1710 hominis,
1919 1663 1953 1700 a
1981 1662 2092 1714 quo

395 1755 511 1804 tam
540 1748 775 1817 indigne
802 1745 1172 1806 tractabatur,
1207 1742 1458 1796 studeret
1495 1739 1810 1808 impellere.
1844 1736 2093 1805 Quapro-

392 1843 518 1909 pter
544 1837 604 1890 in
633 1836 688 1890 id
718 1833 1083 1888 incumbebat
1115 1831 1208 1885 Vir
1236 1833 1460 1884 sanctus
1487 1825 1744 1898 vigilanti
1771 1839 2092 1895 magnoque

393 1927 608 1990 animo,
641 1928 703 1978 ut
732 1922 1029 1977 inimicum
1060 1919 1238 1974 alium
1266 1918 1553 1973 occultum
1585 1915 1882 1985 affligeret,
1915 1912 2092 1966 alium

393 2013 659 2083 diligeret
689 2010 1074 2074 manifestum,
1116 2011 1174 2061 et
1211 2005 1344 2060 huic
1384 2003 1649 2074 precibus
1681 2001 1796 2055 suis
1842 2000 2093 2054 divinam

396 2101 841 2158 misericordiam
871 2098 1202 2154 conciliaret
1229 2095 1416 2164 (Ibid.,
1447 2109 1502 2146 η.
1540 2094 1644 2160 li).
1671 2092 1867 2160 Itaque
1899 2105 2093 2143 neces-

396 2192 603 2246 sariam
633 2190 692 2243 in
711 2205 844 2243 eum
866 2185 1296 2256 responsionem
1328 2182 1604 2248 editurus,
1630 2179 1790 2234 nullo
1822 2181 1983 2249 pacto
2002 2192 2091 2231 re-

395 2282 590 2352 gulam
617 2279 777 2332 illam
807 2276 1054 2344 violavit,
1086 2289 1260 2345 quam
1301 2273 1360 2326 in
1409 2269 1764 2324 sermonibus
1805 2268 2092 2338 scriptisve

395 2370 455 2422 in
482 2385 539 2422 se
571 2364 996 2420 contumeliosis
1025 2363 1227 2416 solitus
1260 2364 1379 2416 erat
1408 2374 1661 2424 servare;
1692 2373 1804 2428 qua
1832 2356 2095 2410 videlicet

397 2457 551 2511 haud
581 2470 868 2526 quaquam
905 2453 1060 2524 justo
1108 2468 1209 2504 suo
1251 2449 1458 2518 dolori,
1488 2448 1585 2502 sed
1627 2447 1949 2500 auditorum
1995 2460 2091 2498 seu

395 2547 672 2599 lectorum
704 2542 1000 2596 commodo
1030 2539 1329 2598 serviebat,
1363 2539 1499 2591 dum
1539 2551 1758 2590 errores
1787 2533 2094 2588 adversarii

394 2633 619 2688 invictis
648 2631 998 2702 argumentis
1027 2629 1237 2700 potius,
1270 2643 1443 2698 quam
1481 2625 1688 2696 probra
1711 2621 1937 2694 probris
1966 2620 2093 2674 vin-

398 2739 522 2776 cere
553 2721 861 2775 nitebatur.
894 2719 958 2773 Id
986 2718 1163 2788 igitur
1191 2731 1372 2770 unum
1411 2715 1471 2768 in
1507 2713 1676 2768 tertio
1720 2718 1914 2766 contra
1942 2709 2092 2764 Peti-

395 2811 612 2865 lianum
642 2809 787 2863 libro
827 2808 962 2878 egit,
1008 2811 1070 2860 ut
1105 2805 1333 2877 planum
1363 2804 1589 2869 faceret,
1616 2801 1955 2856 Petilianum
1997 2815 2092 2854 eo-

394 2901 658 2954 rumdem
706 2899 983 2952 librorum
1028 2895 1240 2966 primo,
1267 2909 1438 2964 quem
1468 2893 1514 2945 is
1558 2890 1932 2946 refellendum
1971 2905 2091 2942 sus-

393 2993 640 3059 ceperat,
676 2987 836 3041 nullo
867 2985 1038 3039 modo
1070 2983 1431 3054 respondisse
1465 2998 1477 3035 :
1511 2984 1680 3051 atque
1707 2996 1832 3033 eam
1863 2995 1985 3032 rem
2016 2978 2094 3031 ita

393 3077 637 3132 dilucide
687 3077 1265 3129 commonstraturum
1297 3087 1354 3124 se
1383 3069 1700 3140 pollicetur,
1732 3073 1795 3122 ut
1833 3085 1866 3122 a
1913 3068 2092 3121 Dona-

396 3165 543 3219 tistis
568 3164 724 3233 ipsis,
748 3160 1113 3233 quantumvis
1130 3159 1387 3228 partibus
1412 3156 1528 3211 suis
1553 3155 1761 3211 addicti
1783 3159 1988 3220 essent,
2004 3155 2092 3208 vel

393 3252 714 3322 Augustino
745 3249 976 3316 infensi,
999 3248 1046 3302 si
1075 3248 1244 3302 modo
1273 3247 1398 3300 illos
1421 3245 1720 3315 utriusque
1741 3243 1949 3313 scripta
1967 3259 2094 3313 per-

393 3342 618 3395 volvere
642 3355 758 3392 non
777 3337 1022 3407 pigeret,
1047 3340 1200 3389 certo
1222 3333 1452 3406 agnosci
1481 3338 1672 3404 posset
1695 3332 1878 3401 (Ibid.,
1902 3348 1953 3386 η.
1980 3332 2088 3402 15).

399 3428 553 3484 Nihil
583 3443 716 3480 sane
750 3425 905 3479 aliud
934 3425 1005 3478 ad
1025 3424 1176 3478 hunc
1204 3423 1379 3476 ﬁnem
1400 3421 1814 3491 requirebatur,
1835 3436 2008 3490 quam
2029 3425 2093 3474 ut

393 3517 648 3588 primum
678 3515 800 3585 ejus
825 3513 1038 3567 librum
1064 3528 1195 3565 cum
1223 3511 1517 3565 Petialiani
1547 3509 1913 3580 responsione
1943 3524 2092 3562 com-

394 3607 676 3674 ponerent
711 3619 725 3656 :
753 3606 810 3655 at
838 3603 959 3672 ejus
989 3601 1049 3654 in
1078 3599 1338 3654 homines
1367 3598 1633 3653 tardioris
1665 3599 1882 3669 ingenii
1910 3598 2092 3651 chari-

393 3693 533 3746 ritas
563 3691 750 3760 evicit,
771 3695 837 3745 ut
861 3689 1050 3744 addito
1068 3689 1232 3744 tertio
1254 3689 1398 3742 libro
1419 3689 1695 3758 majorem
1725 3687 1908 3741 adhuc
1934 3703 2092 3757 qum-

397 3781 566 3836 stioni
604 3781 790 3834 lucem
837 3779 1162 3834 admoveret
1193 3780 1451 3849 (Retract.
1503 3779 1597 3832 lib.
1630 3781 1680 3844 2,
1723 3793 1844 3846 cap.
1875 3778 1981 3844 25).
2028 3777 2091 3829 In

395 3887 460 3924 eo
491 3869 744 3940 primum
773 3869 1040 3924 Petiliani
1069 3867 1321 3922 convicia
1349 3883 1479 3920 cum
1509 3865 1718 3936 insigni
1748 3864 1926 3919 animi
1953 3863 2089 3918 sim-

390 3959 643 4031 plicitate
663 3975 727 4013 ac
754 3958 1194 4013 mansuetudine
1210 3959 1527 4027 propulsat.
1552 3956 1808 4009 Declarat
1829 3970 1888 4007 se
1916 3953 2091 4007 vitam

393 4064 627 4104 omnem
672 4064 834 4103 suam
880 4047 1223 4117 Baptismate
1274 4049 1500 4114 accepto
1543 4043 1896 4113 superiorem
1939 4043 2092 4104 dete-

395 4137 555 4205 stari,
583 4153 770 4206 neque
799 4135 920 4204 ejus
943 4135 1088 4188 velle
1111 4132 1417 4196 recordari,
1445 4131 1556 4185 nisi
1583 4136 1649 4184 ut
1671 4131 1822 4183 illius
1848 4129 2090 4198 gloriam

393 4225 688 4295 praadicet,
710 4227 808 4292 qui
835 4239 937 4286 me,
957 4222 1164 4292 inquit,
1186 4239 1286 4290 per
1300 4222 1538 4289 gratiam
1560 4235 1713 4274 suam
1732 4224 1781 4273 et
1810 4235 1845 4272 a
1864 4235 1944 4272 me
1974 4222 2090 4287 ipso

391 4314 663 4367 liberavit.
691 4311 838 4365 Unde
865 4311 1017 4364 illam
1047 4311 1216 4363 vitam
1243 4325 1414 4363 meam
1440 4324 1559 4362 cum
1582 4309 1884 4376 vituperari
1904 4308 2087 4373 audio,

391 4401 626 4470 quolibet
655 4401 834 4453 animo
865 4399 923 4452 id
951 4400 1126 4465 faciat
1156 4400 1252 4466 qui
1298 4399 1391 4451 hoc
1431 4399 1590 4463 facit,
1622 4412 1728 4450 non
1765 4411 1931 4464 usque
1959 4397 2090 4451 adeo

389 4504 511 4542 sum
537 4490 812 4554 ingratus,
852 4490 912 4539 ut
938 4486 1145 4539 doleam
1173 4503 1190 4538 :
1224 4489 1486 4553 quantum
1515 4487 1715 4554 quippe
1742 4485 1832 4538 ille
1875 4489 2091 4538 accusat

390 4580 586 4632 vitium
607 4592 801 4643 meum,
831 4580 1040 4629 tantum
1069 4590 1162 4641 ego
1192 4575 1354 4629 laudo
1383 4574 1646 4628 medicum
1674 4590 1847 4628 meum
1878 4576 2091 4643 (Contra

389 4669 528 4721 Litt.
569 4667 845 4731 Petiliani,
878 4664 973 4719 lib.
1007 4668 1059 4730 3,
1091 4680 1146 4717 n.
1185 4663 1291 4734 ll).
1326 4663 1486 4728 Quod
1527 4667 1718 4717 autem
1766 4668 1979 4734 spectat
2020 4664 2089 4718 ad

389 4755 549 4808 illam
579 4754 708 4808 vitae
737 4753 914 4824 ipsius
934 4757 1181 4823 partem,
1213 4769 1384 4824 quam
1415 4757 1544 4824 post
1565 4752 1918 4823 Baptismum
1949 4753 2085 4822 egit,

389 4843 550 4896 nulla
581 4842 816 4913 quidem
841 4843 1085 4912 egebant
1128 4842 1454 4896 defensione
1486 4841 1766 4896 exteriora
1793 4842 1914 4911 ejus
1944 4842 2090 4896 facta

391 4931 544 5001 apud
588 4931 846 4984 Ecclesia:
886 4931 1052 4998 ﬁlios,
1097 4930 1303 5001 quibus
1349 4932 1470 5002 ejus
1512 4931 1736 4985 vivendi
1774 4931 1917 4984 ratio
1957 4947 2088 5000 per-

390 5024 583 5091 specta
613 5024 764 5086 erat;
800 5019 900 5090 qui
926 5036 1058 5073 vero
1091 5019 1247 5073 illam
1289 5021 1534 5074 necdum
1572 5020 1707 5073 satis
1746 5024 1943 5073 notam
1985 5019 2086 5072 ha-

389 5107 620 5172 bebant,
653 5123 750 5160 eos
791 5123 1019 5176 sperare
1053 5111 1274 5177 poterat
1302 5123 1417 5162 non
1442 5112 1560 5161 tam
1584 5107 1810 5176 iniquos
1839 5107 2081 5173 futuros,

387 5201 452 5250 ut
479 5196 721 5266 professi
766 5195 1004 5262 inimici,
1038 5197 1222 5266 qualis
1259 5202 1381 5251 erat
1423 5196 1753 5261 Petilianus,
1786 5212 1958 5266 quam
1989 5213 2089 5250 no-

388 5290 580 5339 torum
598 5300 852 5350 suorum,
877 5284 1202 5339 testimonio
1227 5286 1355 5356 plus
1374 5286 1688 5339 tribuerent
1714 5284 2084 5340 auctoritatis.

387 5371 445 5426 Si
494 5388 627 5427 vero
683 5373 992 5428 Petilianus
1020 5373 1280 5444 Lintimos
1325 5389 1556 5445 quoque
1606 5372 1783 5426 animi
1834 5389 2087 5427 recessus

386 5461 583 5515 rimari
631 5463 824 5530 vellet;
859 5467 981 5516 erat
1023 5479 1246 5532 eorum,
1279 5479 1408 5534 quae
1451 5461 1543 5516 hic
1591 5463 1927 5531 agebantur,
1969 5463 2087 5516 sola

385 5548 692 5618 Augustini
721 5550 1063 5607 conscientia
1089 5551 1272 5620 testis,
1293 5555 1349 5606 et
1375 5549 1444 5605 de
1471 5548 1541 5604 iis
1566 5549 1738 5606 ﬁdem
1763 5549 1941 5619 ipsius
1963 5565 2084 5626 ver-

1633 289 1789 341 VI'I‘A
1828 288 1882 341 S.
1922 284 2298 340 AUGUSTINI
2341 284 2671 339 EPISCOPI.

3797 283 3906 334 3'2"»

2195 407 2283 463 bis
2310 409 2544 463 omnino
2574 405 2772 461 haberi
2791 403 3106 476 oportebat.
3134 405 3306 475 Atqui
3322 406 3558 458 testatur
3577 418 3658 469 se,
3693 418 3908 474 quam-

2195 498 2276 552 vis
2325 498 2466 564 il_lud
2496 495 2768 565 Apostoli,
2802 495 2956 551 Nihil
2984 494 3122 547 mihi
3179 496 3422 547 conscius
3454 508 3570 546 sum
3597 493 3639 563 (I
3668 493 3794 548 Cor.
3829 507 3906 557 1v,

2195 589 2271 654 4),
2305 587 2412 642 sibi
2438 601 2716 656 usurpare
2745 600 2859 638 non
2890 583 3093 651 liceat;
3128 582 3416 636 afﬁrmare
3446 586 3641 634 tamen
3680 597 3818 634 vere
3854 585 3912 633 et

2197 692 2388 730 coram
2416 677 2529 728 Deo
2558 690 2740 744 posse,
2774 671 3179 726 conscientiam
3210 686 3371 724 suam
3413 670 3557 724 nihil
3591 685 3911 739 agnoscere

2199 779 2420 826 eorum,
2452 761 2661 833 quibus
2686 760 2860 814 vitam
2888 777 2920 813 a
2940 776 2996 812 se
3027 764 3154 830 post
3182 759 3534 829 Baptismum
3565 763 3752 812 actam
3791 759 3911 811 Pe—

2196 851 2428 905 tilianus
2458 849 2686 903 inﬁcere
2703 847 3050 902 moliebatur
3071 848 3288 914 (Contra
3309 847 3440 900 Litt.
3473 846 3774 908 Petiliani.,
3803 845 3920 898 lib.

2200 945 2250 1006 3,
2283 956 2343 996 η.
2384 941 2454 1008 9).
2477 939 2584 994 Sed
2610 942 2833 992 tantum
2864 935 3043 1002 abest,
3087 940 3150 988 ut
3183 935 3255 988 ad
3285 933 3691 1004 capessendam
3734 949 3906 987 suam

2198 1028 2585 1083 defensionem
2610 1027 2879 1081 inducere
2905 1023 3208 1080 Ecclesiam
3233 1023 3388 1089 velit,
3420 1027 3720 1085 utcontra,
3757 1022 3910 1076 illud

2199 1119 2466 1172 adversus
2512 1115 2807 1170 haereticos
2861 1113 3222 1185 probandum
3273 1110 3565 1182 suscipiat,
3620 1111 3907 1165 nimirum

2201 1205 2574 1260 abdicandam
2605 1221 2725 1259 esse
2746 1205 3058 1259 humanam
3088 1201 3381 1269 fiduciam,
3413 1216 3528 1272 quo
3560 1199 3810 1270 gloriam
3843 1217 3912 1254 ac

2201 1311 2360 1366 spem
2389 1299 2641 1348 nostram
2671 1309 2905 1346 omnem
2926 1291 2987 1346 in
3017 1292 3197 1345 Deum
3221 1305 3402 1344 unum
3449 1289 3869 1342 transferamus
3895 1306 3908 1353 ;

2201 1383 2558 1454 proindeque
2588 1399 2692 1436 nec
2719 1381 2957 1436 domum
2989 1379 3111 1447 Dei,
3140 1383 3380 1450 pr0pter
3400 1377 3584 1432 malos
3615 1376 3716 1447 qui
3747 1378 3809 1431 in
3841 1393 3911 1430 ea

2200 1488 2352 1525 nunc
2379 1473 2711 1537 tolerantur,
2745 1469 3119 1524 deserendam
3147 1483 3289 1523 esse.
3324 1469 3527 1538 Itaque
3555 1467 3907 1531 Catholicos,

2200 1561 2298 1632 qui
2318 1561 2614 1615 veritatem
2638 1560 2697 1613 in
2720 1561 2842 1629 ipso
2865 1558 3196 1628 diligebant,
3221 1557 3495 1627 illamque
3519 1572 3585 1610 ex
3604 1571 3700 1610 ore
3722 1556 3910 1627 ipsius

2199 1666 2330 1704 cum
2359 1651 2646 1720 voluptate
2677 1648 3004 1716 audiebant,
3048 1662 3274 1700 securos
3315 1661 3456 1712 esse,
3506 1660 3624 1698 non
3669 1645 3908 1715 quidem

2201 1740 2272 1794 ob
2344 1739 2741 1802 honoriﬁcam,
2823 1753 2937 1808 qua
3002 1735 3155 1806 apud
3221 1735 3346 1788 illos
3414 1734 3660 1800 valebat,
3716 1733 3912 1787 existi-

2201 1827 2534 1894 mationem,
2602 1842 2798 1880 verum
2863 1826 2936 1879 ob
2993 1840 3120 1878 eam
3197 1839 3377 1894 spem,
3435 1839 3612 1894 quam
3667 1823 3728 1876 in
3791 1825 3910 1877 Deo

2202 1917 2325 1988 ipso
2387 1916 2562 1970 iidem
2625 1917 2968 1969 collocarant
3043 1913 3226 1983 (Ibid.,
3295 1928 3360 1966 n.
3437 1914 3514 1980 3).
3583 1911 3910 1966 Donatistas

2201 2022 2358 2073 vero,
2412 2021 2531 2058 non
2589 2005 2774 2075 qualis
2829 2007 2976 2057 esset
3043 2002 3188 2072 ipse,
3250 2001 3548 2072 qualemve
3606 2017 3739 2055 eum
3799 2002 3909 2055 Pe-

2201 2094 2432 2148 tilianus
2477 2109 2598 2146 esse
2629 2092 2858 2158 diceret,
2892 2091 3210 2161 expendere
3251 2089 3486 2155 debere;
3537 2089 3636 2143 sed
3688 2095 3910 2160 quanta

2202 2186 2671 2252 argumentorum
2703 2182 2758 2234 vi
2799 2185 2854 2234 et
2891 2179 3143 2234 efﬁcacia
3171 2178 3240 2232 ab
3283 2195 3350 2232 eo
3381 2179 3908 2247 demonstrabatur,

2203 2271 2504 2326 Ecclesiam
2547 2270 2902 2336 catholicam,
2961 2269 3123 2338 cujus
3185 2283 3435 2336 causam,
3485 2266 3668 2338 qualis
3717 2267 3908 2337 qualis

2202 2361 2323 2430 ipse
2355 2364 2520 2426 esset,
2550 2359 2970 2430 propugnabat,
3015 2355 3309 2410 victoriam
3352 2356 3421 2410 de
3452 2371 3654 2410 eorum
3691 2355 3905 2410 errori-

2203 2449 2310 2504 bus
2338 2454 2623 2520 reportare
2657 2448 2837 2517 (Ibid.,
2869 2463 2962 2500 nn.
3002 2450 3085 2512 lt,
3113 2449 3195 2511 t2,
3240 2445 3338 2513 t7).
3375 2445 3514 2499 Dein
3544 2461 3750 2515 urgere
3798 2447 3906 2499 Pe-

2200 2538 2484 2604 tilianum,
2515 2542 2580 2590 ut
2599 2536 2821 2590 omissis
2848 2534 3146 2588 inutilibus
3166 2533 3453 2600 conviciis,
3475 2534 3548 2588 ad
3578 2550 3644 2588 ea
3666 2549 3905 2605 respon-

2205 2627 2366 2682 deret
2397 2627 2586 2695 (Ibid.,
2619 2644 2673 2680 n.
2707 2627 2810 2692 18).
2847 2626 3040 2695 Neque
3069 2623 3242 2677 etiam
3272 2623 3563 2694 operosius
3585 2623 3724 2689 alios
3753 2639 3902 2677 non-

2205 2717 2388 2770 nullos
2429 2719 2656 2786 purgat,
2699 2731 2843 2784 quos
2873 2713 2930 2766 in
2980 2713 3189 2782 scripto
3233 2728 3335 2766 suo
3383 2711 3700 2766 incessebat
3746 2711 3902 2766 idem

2204 2804 2545 2860 Petilianus.
2583 2803 2806 2858 Etenim
2828 2802 2979 2873 quod
3012 2801 3363 2872 Augustinus
3400 2800 3790 2868 contenderet,
3828 2801 3902 2854 ab

2204 2894 2461 2948 Ecclesiae
2488 2891 2889 2946 communione
2919 2907 3037 2944 non
3066 2890 3233 2944 licere
3274 2889 3542 2960 cuiquam
3565 2906 3632 2942 eo
3658 2889 3903 2943 obtentu

2201 2983 2507 3050 discedere,
2531 2987 2596 3037 ut
2623 2999 2680 3036 se
2711 2999 2744 3035 a
2773 2981 2959 3048 malis,
2993 2980 3093 3051 qui
3111 2978 3366 3034 convinci
3391 2979 3625 3033 minime
3653 2979 3901 3048 possint,

2203 3077 2492 3139 secernat;
2525 3071 2583 3126 id
2617 3071 2712 3124 ille
2741 3070 2804 3124 in
2833 3070 3084 3124 alienum
3122 3085 3352 3123 sensum
3394 3069 3640 3139 rapiens,
3685 3069 3903 3140 quaevis

2202 3163 2413 3215 scelera
2444 3160 2594 3230 apud
2619 3159 2936 3214 Catholicos
2966 3157 3230 3228 inpunita
3271 3173 3568 3211 remanere
3616 3173 3902 3211 assevera-

2200 3249 2510 3319 bat(lbid.,
2536 3264 2630 3301 nn.
2654 3249 2743 3311 43,
2776 3248 2889 3314 44).
2933 3246 3036 3301 Cui
3072 3245 3154 3300 rei
3185 3251 3246 3299 ut
3288 3245 3459 3299 ﬁdem
3498 3245 3728 3312 faceret,
3779 3246 3901 3316 epi-

2201 3353 2435 3407 scopum
2459 3336 2766 3407 quemdam
2796 3335 2868 3389 ob
2899 3334 3323 3390 Sodomitarum
3353 3335 3567 3388 crimen
3618 3334 3900 3406 dignitate

2202 3427 2549 3495 abdicatum,
2582 3426 2660 3479 ita
2682 3429 2746 3478 ut
2775 3425 2834 3478 in
2855 3425 2976 3494 ejus
3007 3425 3192 3477 locum
3224 3425 3368 3477 alius
3382 3424 3504 3493 jam
3525 3423 3795 3478 suffectus
3820 3439 3902 3478 es-

2201 3519 2304 3581 set,
2337 3515 2627 3569 dictitabat
2654 3513 2712 3567 in
2739 3512 3044 3584 pristinum
3067 3512 3308 3582 gradum
3346 3516 3544 3582 postea
3571 3512 3899 3566 restitutum

2198 3603 2390 3658 fuisse.
2434 3603 2535 3658 Cui
2581 3603 2930 3672 Augustinus
2963 3601 3019 3655 id
3057 3617 3237 3655 unum
3267 3601 3514 3672 reponit,
3555 3601 3897 3656 Petilianum

2201 3691 2417 3747 nescire
2458 3691 2595 3762 quid
2633 3691 2799 3745 dicat.
2843 3691 2940 3744 Hic
2985 3689 3217 3744 alterius
3265 3690 3437 3743 etiam
3485 3689 3714 3759 publice
3747 3692 3898 3760 apud

2203 3781 2522 3836 Douatistas
2552 3780 2828 3851 poenitere
2873 3779 3017 3850 jussi
3051 3779 3403 3833 mentionem
3439 3779 3710 3832 faciebat:
3747 3782 3900 3850 quod

2198 3887 2301 3941 per
2343 3870 2689 3924 calumniam
2729 3869 2943 3923 dictum
2986 3869 3224 3922 innuere
3267 3868 3492 3921 videtur
3527 3867 3896 3938 Augustinus.

2199 3960 2496 4029 Injiciebat
2524 3959 2816 4024 similiter,
2870 3957 3177 4028 quemdam
3216 3957 3692 4023 Quodvultdeum,
3725 3973 3896 4027 quem

2199 4048 2440 4118 duplicis
2475 4047 2743 4102 adulterii
2774 4047 2935 4117 quasi
2970 4046 3288 4100 convictum
3319 4064 3352 4100 a
3378 4045 3787 4100 communione
3817 4062 3901 4099 re-

2197 4137 2478 4191 sciderant
2511 4137 2834 4198 Donatistae,
2871 4140 3066 4190 tamen
3104 4136 3174 4190 ad
3201 4135 3446 4189 honores
3493 4135 3900 4189 ecclesiasticos

2200 4227 2356 4294 (nam
2388 4242 2519 4280 eum
2549 4242 2669 4279 esse
2701 4225 2965 4279 Petiliani
2994 4241 3225 4278 sensum
3264 4223 3506 4294 constat)
3538 4224 3710 4277 fuisse
3739 4240 3770 4277 a
3801 4224 3901 4278 Ca-

2196 4314 2419 4368 tholicis
2448 4314 2758 4368 admissum
2799 4313 2985 4382 (Ibid.,
3033 4329 3089 4366 n.
3124 4313 3232 4382 3‘7).
3282 4312 3390 4365 Sed
3436 4311 3575 4364 illud
3618 4328 3730 4365 non
3769 4317 3899 4365 ante

2197 4402 2407 4457 factum
2423 4403 2625 4467 fuerat,
2658 4390 2831 4473 quam
2861 4419 2920 4455 se
2946 4402 3040 4455 ille
3073 4417 3192 4455 esse
3223 4405 3378 4455 extra
3419 4415 3645 4464 noxam,
3679 4399 3767 4452 vel
3798 4398 3896 4452 de-

2196 4495 2587 4556 monstrasset,
2620 4492 2707 4544 vel
2747 4491 2944 4544 saltem
2994 4490 3364 4560 persuasisset
3395 4487 3694 4542 universis.
3755 4489 3897 4542 Con-

2196 4580 2380 4634 tendit
2409 4583 2601 4633 autem
2632 4583 2857 4633 sanctus
2899 4581 3141 4648 Prassul,
3173 4595 3304 4633 eum
3334 4577 3544 4647 injuria
3581 4576 3896 4646 disciplina:

2197 4670 2522 4738 neglectum
2564 4668 2822 4722 Ecclesiae
2870 4668 3162 4738 efﬁngere.
3193 4671 3432 4723 Exstant
3474 4665 3897 4719 innumerabilia

2197 4758 2529 4823 documenta,
2563 4757 2769 4827 inquit,
2801 4760 2860 4810 in
2904 4759 2987 4810 his
3019 4759 3115 4826 qui
3153 4757 3235 4810 vel
3281 4757 3517 4825 episcopi
3544 4755 3626 4807 vel
3670 4755 3898 4808 alterius

2197 4845 2567 4914 hujuscemodi
2588 4846 2793 4913 gradus
2824 4845 3006 4898 clerici
3032 4847 3274 4910 fuerunt,
3322 4849 3371 4897 et
3399 4858 3540 4897 nunc
3581 4842 3892 4908 degradati,

2193 4935 2276 4988 vel
2303 4935 2509 5003 pudore
2532 4937 2590 4988 in
2619 4935 2758 4987 alias
2791 4939 2963 4987 terras
2993 4933 3266 4998 abierunt,
3297 4933 3380 4986 vel
3401 4931 3475 4985 ad
3497 4946 3584 4984 vos
3622 4935 3769 4999 ipsos
3798 4938 3895 4985 aut

2196 5023 2269 5076 ad
2307 5023 2446 5076 alias
2478 5024 2697 5076 haereses
2726 5024 3077 5087 transierunt,
3107 5023 3190 5075 vel
3221 5024 3278 5074 in
3307 5023 3419 5074 suis
3441 5019 3748 5086 regionibus
3777 5023 3895 5073 noti

2195 5116 2320 5165 sunt
2345 5110 2618 5181 (Ibid.,n.
2641 5113 2758 5178 43).
2793 5111 3178 5164 Milevitanum
3208 5109 3518 5180 quemdam
3556 5108 3893 5174 Honorium,

2197 5198 2297 5269 qui
2327 5199 2470 5252 forte
2496 5198 2687 5253 Severi
2721 5199 2783 5252 in
2811 5198 3142 5269 episcopatu
3171 5213 3483 5268 praecessor
3519 5195 3752 5261 exstitit,
3787 5212 3890 5249 no-

2193 5286 2458 5341 minatim
2503 5287 2763 5357 designat
2804 5287 2993 5355 (Ibid.,
3035 5303 3091 5341 n.
3143 5288 3254 5355 44).
3300 5285 3441 5339 Huic
3484 5283 3896 5355 Splendonium

2195 5374 2348 5430 addit
2366 5375 2426 5429 in
2450 5375 2642 5430 Galliis
2693 5375 2998 5430 diaconatu
3027 5379 3286 5442 exutum,
3342 5374 3443 5444 qui
3496 5388 3626 5427 cum
3683 5371 3897 5426 Cirtam

2195 5461 2456 5531 venisset,
2485 5481 2518 5518 a
2543 5463 2821 5518 Petiliano
2853 5464 3043 5518 denuo
3073 5463 3412 5534 baptizatus,
3463 5466 3636 5532 atque
3665 5459 3738 5515 ad
3765 5477 3896 5531 pre-

2195 5550 2427 5619 sbyterii
2457 5551 2700 5621 gradum
2726 5555 2953 5608 evectus
2975 5551 3104 5610 fuit.
3131 5552 3252 5615 Qua
3307 5567 3368 5604 re
3424 5549 3704 5620 impulsus
3758 5549 3894 5602 For-
