4062 6374
158 320 265 368 3‘23

155 439 395 490 tunatus
416 435 836 490 Catholicorum
855 434 1197 491 Cirtensium
1218 434 1540 507 episcopus,
1557 437 1851 492 transmis-

156 540 248 578 sos
270 524 338 579 ad
364 540 422 579 se
442 523 596 578 illius
616 524 1090 579 exauctorationis
1109 524 1393 579 codicillos
1412 526 1602 596 palam
1628 526 1854 581 recitari

147 612 342 682 jussit.
385 615 462 666 Ac
515 613 825 667 Petilianus
860 614 983 683 ipse
1017 612 1317 684 perfidiam
1361 614 1738 669 execrandam
1780 615 1851 669 ab

157 701 365 754 eodem
392 700 736 771 Splendonio
768 717 1093 772 perpessus,
1130 717 1263 755 eum
1291 706 1421 772 post
1444 702 1687 773 abjicere
1719 719 1852 757 coa-

156 793 283 843 ctus
295 792 397 843 est.
413 789 620 843 Verum
633 805 762 843 cum
784 789 1060 843 Petiliano
1080 790 1311 860 probari
1326 796 1633 861 oporteret,
1647 807 1853 861 pravos

157 893 392 949 quoque
420 876 716 932 ministros
742 878 895 947 apud
921 878 1242 932 Donatistas
1277 878 1694 951 aliquantisper
1723 879 1853 934 lati-

155 970 314 1033 tare;
353 981 653 1020 necessum
694 965 892 1020 habuit
933 966 985 1020 ei
1019 966 1367 1037 Cyprianum
1410 967 1664 1023 indicare
1703 968 1853 1023 Thu-

154 1053 696 1109 bursicuburensem
721 1054 1071 1125 episcopum,
1100 1071 1275 1126 quem
1303 1071 1434 1110 cum
1466 1056 1762 1111 meretrice
1795 1056 1855 1110 in

153 1141 419 1213 lupanari
438 1144 865 1214 deprehensum
887 1143 1178 1198 Primiano
1201 1143 1466 1215 episcopo
1494 1161 1597 1200 suo
1624 1146 1855 1200 Cartha-

151 1230 380 1302 ginensi
420 1232 774 1299 obtulerant;
811 1247 845 1286 a
885 1247 1000 1302 quo
1039 1248 1107 1286 ea
1148 1231 1217 1286 de
1256 1248 1426 1287 causa
1463 1233 1764 1287 damnatus
1801 1236 1854 1287 et

155 1318 410 1389 abjectus
429 1319 644 1387 fuerat;
666 1336 771 1374 nec
794 1324 987 1375 tamen
1007 1336 1226 1388 eorum,
1255 1336 1397 1392 quos
1419 1320 1515 1376 ille
1541 1321 1858 1391 baptizave-

152 1411 264 1474 rat,
285 1407 591 1479 quisquam
612 1408 964 1478 baptismum
987 1408 1192 1462 iterare
1221 1409 1551 1479 compulsus
1576 1413 1662 1463 est
1683 1408 1852 1479 (Cont.

153 1497 291 1550 Litt.
308 1497 466 1551 Petit.
480 1536 494 1563 ,
511 1497 585 1550 lib
600 1539 612 1551 .
637 1499 689 1562 3,
704 1513 763 1551 η.
777 1499 887 1561 40).
904 1497 1136 1551 Librum
1149 1512 1318 1551 suum
1339 1497 1553 1551 claudit
1569 1497 1725 1551 hisce
1735 1513 1858 1552 ver-

152 1583 241 1638 bis
261 1585 557 1654 appellans
591 1583 910 1639 Donatistas
933 1585 1074 1640 :Sed
1098 1588 1303 1639 interea
1328 1600 1437 1653 vos,
1459 1600 1589 1654 quos
1618 1587 1759 1640 inter
1776 1602 1858 1641 me

152 1677 203 1727 et
232 1674 390 1727 illum
410 1673 626 1742 judices
653 1676 831 1743 posui,
864 1673 1128 1744 sapitisne
1148 1673 1361 1742 aliquid
1379 1675 1521 1728 inter
1547 1689 1730 1728 verum
1757 1675 1860 1741 fal-

150 1776 338 1816 sumve
349 1761 667 1825 discernere,
682 1764 825 1817 inter
834 1765 1082 1831 inﬂatum
1095 1767 1144 1817 et
1158 1762 1410 1825 solidum,
1422 1765 1563 1817 inter
1580 1763 1857 1817 turbidum

150 1854 201 1905 et
221 1852 604 1918 tranquillum,
618 1854 762 1905 inter
774 1851 1040 1905 tumidum
1060 1855 1111 1905 et
1134 1865 1345 1916 sanum,
1359 1852 1499 1904 inter
1515 1849 1705 1904 divina
1718 1865 1858 1919 prae-

152 1938 307 1993 dicta
335 1944 385 1993 et
415 1941 655 1993 humana
672 1944 1028 2009 praesumpta,
1060 1941 1201 1993 inter
1224 1937 1569 2007 probationes
1597 1942 1647 1991 et
1674 1939 1859 1991 crimi-

151 2030 423 2096 nationes,
454 2030 599 2083 intcr
623 2029 937 2083 documenta
959 2032 1011 2083 et
1027 2030 1301 2096 ﬁgmenta,
1323 2029 1465 2081 inter
1488 2041 1663 2081 causa:
1689 2028 1857 2080 actio-

152 2132 277 2171 nem
306 2121 357 2170 et
384 2131 559 2171 causa:
600 2119 966 2172 eversionem?
994 2118 1056 2173 Si
1092 2117 1308 2185 sapitis,
1352 2115 1475 2169 bene
1508 2119 1559 2168 et
1593 2118 1732 2169 recte
1764 2129 1777 2167 :
1810 2115 1860 2168 si

155 2210 338 2259 autem
364 2220 471 2260 non
499 2208 714 2275 sapitis,
737 2221 831 2260 nos
852 2207 1020 2259 vestri
1041 2220 1227 2259 curam
1254 2206 1479 2271 gessisse
1501 2218 1608 2257 non
1632 2204 1857 2272 pumile-

158 2294 268 2360 bit;
302 2296 432 2363 quia
451 2296 553 2347 etsi
581 2309 672 2348 cor
698 2297 935 2348 vestrum
954 2293 1029 2347 ad
1050 2308 1235 2362 pacem
1253 2306 1359 2346 non
1375 2293 1722 2356 convertitur,
1741 2305 1859 2359 pas:

158 2386 351 2436 nostra
381 2385 560 2435 tamen
588 2381 663 2435 ad
689 2397 785 2435 nos
810 2385 1107 2436 revertetur
1144 2379 1325 2451 (Ibid.,
1360 2395 1415 2434 η.
1448 2379 1557 2446 71).
1595 2378 1755 2442 Quod
1786 2377 1859 2432 ad

162 2470 482 2525 secundum
514 2469 779 2524 Petiliani
813 2468 1047 2538 librum,
1086 2466 1148 2522 in
1178 2483 1292 2538 quo
1321 2466 1369 2520 is
1405 2467 1475 2521 de
1509 2465 1859 2521 Maximiani-

162 2558 266 2612 stis
299 2562 560 2613 acturum
589 2573 647 2612 se
672 2556 1073 2629 promittebat;
1097 2556 1167 2611 de
1187 2572 1254 2610 eo
1278 2572 1396 2610 non
1418 2571 1577 2609 secus
1606 2554 1861 2625 loquitur

160 2646 536 2717 Augustinus,
588 2662 653 2700 ac
696 2647 767 2702 de
799 2660 1097 2716 nunquam
1131 2644 1240 2698 sibi
1273 2644 1390 2698 viso
1426 2661 1439 2698 :
1492 2642 1716 2698 etiamsi
1754 2644 1860 2697 hoc

156 2740 520 2805 compertum
547 2734 757 2789 habere
789 2751 848 2788 se
881 2738 1141 2801 testetur,
1169 2732 1448 2788 nimirum
1472 2732 1533 2786 in
1561 2732 1661 2786 illo
1692 2731 1857 2798 nihil,

156 2823 315 2894 quod
346 2823 419 2877 sit
449 2822 660 2877 rationi
692 2827 1159 2888 consentaneum,
1192 2836 1356 2891 posse
1385 2819 1643 2890 reperiri.

227 2914 281 2967 6.
313 2911 451 2975 Quae
480 2910 541 2965 in
568 2910 682 2964 ﬁne
705 2908 1075 2980 expositionis
1096 2909 1156 2962 in
1183 2908 1473 2963 Psalmum
1505 2906 1859 2977 trigesimum

157 3002 381 3052 sextum
410 2997 603 3064 refert,
624 3012 690 3052 ea
715 3012 845 3051 cum
866 2996 1011 3050 libro
1036 2995 1305 3050 adversus
1324 2993 1666 3048 Petilianum
1687 2993 1856 3048 tertio

155 3090 383 3140 tantum
418 3086 631 3140 habent
671 3084 989 3152 affinitatis,
1027 3087 1094 3138 ut
1132 3082 1337 3138 eodem
1375 3082 1556 3137 ferme
1598 3085 1860 3152 tempore

158 3174 366 3230 factam
396 3174 465 3229 ab
498 3175 596 3228 illo
626 3174 799 3229 fuisse
830 3173 983 3228 haud
1013 3172 1317 3228 difﬁculter
1347 3170 1675 3226 credideris.
1708 3172 1773 3225 In
1795 3187 1861 3226 ea

157 3267 400 3318 testatur
430 3262 774 3333 Donatistas,
804 3278 870 3316 eo
898 3261 1052 3333 quod
1079 3261 1492 3316 successionem
1520 3275 1685 3315 suam
1712 3259 1860 3314 tueri

159 3369 274 3408 non
317 3352 561 3419 valeant,
600 3351 862 3422 linguam
899 3350 960 3404 in
1006 3350 1198 3421 ipsum
1240 3353 1591 3410 convertere,
1631 3352 1688 3403 et
1724 3352 1861 3402 nota

158 3442 473 3512 ignotaque
499 3441 663 3511 juxta
696 3439 942 3494 effutire.
982 3440 1110 3504 Quae
1138 3440 1337 3501 sciunt,
1370 3437 1451 3492 ait
1484 3437 1581 3491 Vir
1612 3440 1857 3497 sanctus,

156 3532 438 3599 prztm'ta
465 3533 653 3582 nostra
678 3532 841 3582 sunt:
865 3529 1073 3594 fuimus
1099 3529 1242 3581 enim
1271 3526 1589 3596 aliquando,
1616 3528 1757 3594 sicut
1783 3525 1861 3578 di-

160 3622 233 3674 cit
260 3619 572 3688 Apostolus,
602 3619 779 3682 stulti,
811 3620 862 3670 et
889 3615 1172 3679 increduli,
1213 3619 1263 3669 et
1304 3615 1378 3669 ad
1414 3630 1565 3669 omne
1603 3629 1739 3683 opus
1770 3614 1859 3668 bo-

158 3724 290 3763 nam
312 3709 527 3778 reprobi
558 3710 685 3778 (Tit.
720 3724 802 3773 lll,
837 3709 913 3776 3).
947 3708 1010 3761 In
1045 3720 1223 3760 errore
1260 3720 1508 3774 perverso
1537 3704 1862 3773 decipientes

159 3803 210 3852 et
235 3799 565 3851 insanientes
595 3798 804 3862 fuimus
842 3812 854 3849 :
884 3810 991 3849 non
1018 3807 1306 3862 negamus;
1338 3798 1389 3846 et
1418 3798 1683 3861 quantum
1722 3806 1861 3860 prae-

162 3888 385 3940 teritum
410 3891 654 3941 nostrum
689 3899 797 3938 non
837 3897 1114 3951 negamus,
1161 3886 1311 3936 tanto
1349 3884 1527 3947 magis
1568 3882 1731 3934 Deum
1768 3880 1867 3947 qui

159 3974 316 4030 nobis
346 3975 559 4041 ignovit
606 3971 913 4025 laudamus.
945 3970 1088 4035 Quid
1125 3984 1270 4035 ergo,
1321 3968 1586 4034 haeretice,
1631 3966 1865 4020 dimittis

157 4076 404 4125 causam,
435 4064 485 4114 et
510 4061 557 4112 is
586 4059 661 4112 ad
689 4060 992 4113 hominem?
1019 4059 1308 4125 Vituperas
1336 4056 1483 4109 mala
1505 4070 1622 4108 mea
1637 4058 1864 4123 prseter-

156 4154 260 4217 ita,
296 4148 432 4217 quid
452 4162 709 4215 magnum
732 4148 875 4212 facis
891 4147 920 4199 ?
943 4146 1190 4201 Severior
1207 4158 1325 4198 sum
1341 4158 1435 4211 ego
1464 4145 1523 4196 in
1550 4144 1699 4197 mala
1723 4158 1863 4212 mea,

158 4254 328 4309 quam
347 4243 443 4293 tu:
471 4236 616 4307 quod
647 4240 707 4290 tu
732 4236 1075 4304 vituperasti,
1101 4248 1194 4300 ego
1211 4232 1496 4287 damnavi.
1525 4233 1747 4286 Utinam
1765 4233 1868 4286 vel-

157 4330 231 4383 les
255 4328 493 4391 imitari,
527 4330 588 4379 ut
615 4328 665 4378 et
694 4339 843 4378 error
872 4327 996 4377 tuus
1026 4325 1175 4388 ﬁeret
1202 4320 1503 4390 aliquando
1530 4322 1861 4390 praeteritus.

159 4416 321 4483 Quod
348 4420 525 4469 autem
553 4413 707 4468 modo
735 4411 1149 4482 reprehendunt,
1179 4409 1334 4465 addit
1360 4407 1734 4479 Augustinus,
1759 4424 1866 4463 non

157 4507 379 4559 norunt.
414 4504 552 4559 Sunt
588 4516 706 4571 quae
734 4500 914 4555 adhuc
951 4502 1013 4553 in
1053 4514 1133 4553 me
1178 4497 1575 4568 reprehendant
1606 4513 1619 4551 :
1650 4497 1744 4552 sed
1772 4501 1863 4552 ta—

160 4607 294 4647 mun
322 4593 550 4646 multum
580 4596 658 4646 est
687 4589 761 4643 ad
799 4590 941 4653 illos,
972 4592 1033 4643 ut
1075 4589 1184 4643 haec
1208 4588 1473 4642 noverint.
1512 4587 1687 4641 Multa
1723 4588 1864 4639 enim

163 4696 266 4749 ago
300 4682 359 4734 in
380 4679 791 4747 cogitationibus
816 4680 968 4745 meis,
983 4691 1239 4746 pugnans
1261 4676 1523 4732 adversus
1541 4675 1715 4729 malas
1734 4690 1863 4742 sug-

164 4770 427 4838 gestiones
452 4784 615 4835 meas,
652 4773 701 4822 et
740 4766 938 4821 habens
967 4767 1409 4833 conﬂictationem
1445 4764 1782 4831 diuturnam,
1813 4768 1865 4817 et

160 4874 332 4927 prope
350 4860 656 4912 continuam
676 4872 792 4911 cum
816 4855 1201 4910 tentationibus
1224 4854 1435 4907 inimici
1461 4852 1765 4906 subvertere
1783 4867 1866 4905 me

164 4948 411 5002 volentis.
447 4947 604 5002 Gemo
629 4946 703 4999 ad
723 4948 889 5000 Deum
906 4946 965 4998 in
985 4944 1303 5013 inﬁrmitate
1322 4956 1468 5007 mea;
1492 4945 1543 4994 et
1560 4942 1711 4994 novit
1729 4940 1864 5007 quid

161 5037 410 5105 parturit
436 5050 525 5089 cor
551 5049 745 5093 meum,
774 5034 868 5088 ille
895 5035 993 5101 qui
1017 5034 1169 5086 novit
1186 5034 1415 5100 partum
1442 5044 1617 5083 meum
1641 5029 1859 5098 (Enarr.

167 5127 225 5179 in
253 5124 397 5179 Psal.
426 5138 608 5189 xxxvi,
648 5136 805 5177 smn.
843 5124 895 5188 3,
924 5136 981 5176 η.
1017 5121 1121 5189 19).
1152 5120 1294 5187 Quid
1336 5124 1515 5174 autem
1550 5121 1742 5186 simus,
1772 5118 1864 5172 ille

164 5215 312 5267 novit
339 5211 414 5266 ad
451 5227 606 5280 quem
643 5211 901 5277 gemimus
942 5210 1131 5281 (Ibid.,
1163 5225 1221 5264 η.
1254 5208 1371 5278 20).
1408 5209 1481 5261 At
1519 5222 1635 5261 non
1673 5205 1773 5261 diu
1803 5206 1865 5260 in

168 5301 256 5355 sui
284 5299 613 5356 defensione
653 5299 1011 5365 immoratus,
1040 5298 1281 5352 liberam
1310 5295 1446 5359 illis,
1466 5294 1764 5367 .quidquid
1792 5294 1861 5348 li-

168 5389 377 5459 buerit,
409 5389 480 5444 de
509 5403 567 5443 se
589 5385 884 5460 judicandi
911 5384 1046 5441 facit
1069 5389 1417 5456 potestatem
1441 5382 1632 5454 (Ibid.,
1657 5399 1715 5438 n.
1753 5383 1858 5453 19).

170 5477 643 5549 Carthaginenses
667 5479 860 5532 autem
888 5474 1211 5541 catholicos,
1243 5473 1397 5545 apud
1422 5488 1568 5546 quos
1592 5470 1865 5543 loqueba-

170 5571 282 5632 tur,
313 5571 370 5623 et
393 5582 640 5639 quorum
670 5564 729 5621 in
766 5581 825 5619 se
868 5561 1322 5620 benevolentiam
1357 5578 1425 5616 ex
1463 5576 1553 5631 ea,
1583 5577 1696 5633 qua
1727 5560 1857 5617 illos

1652 316 1864 373 LIBER
1905 315 2232 383 QUINTUS.

3556 326 3659 377 326

1964 437 2087 509 ipse
2115 437 2615 508 complectebatur,
2665 437 2937 492 charitate
2984 442 3342 510 perspectam
3384 440 3490 496 sibi
3538 459 3657 498 esse

1965 526 2304 592 afﬁrmabat,
2331 527 2589 580 obsecrat
2615 543 2842 581 causam
2873 527 2995 598 ejus
3023 526 3306 595 deserant,
3327 533 3383 584 et
3411 546 3477 583 ea
3506 531 3574 585 de
3596 547 3658 585 re

1964 630 2094 668 cum
2127 614 2431 669 Donatistis
2463 615 2883 670 contentionem
2912 616 3131 671 nullam
3162 616 3383 683 ineant;
3416 624 3660 689 urgeant

1963 719 2097 757 vero
2125 703 2271 757 circa
2302 704 2559 758 Ecclesia:
2584 705 3049 771 controversiam,
3085 722 3256 777 quam
3295 722 3327 759 a
3358 723 3456 760 sua
3482 706 3660 777 ipsius

1966 793 2212 863 negabat
2239 794 2355 847 ullo
2385 794 2556 848 modo
2592 795 2838 864 pendere
2871 794 3057 864 (Ibid.,
3087 811 3142 849 η.
3176 795 3288 866 20).
3333 796 3478 860 Quid
3518 799 3660 851 enim

1964 897 2058 949 ego
2104 896 2242 949 sum,
2270 884 2367 951 qui
2392 886 2555 936 sum?
2590 882 2903 952 inquiebat.
2936 884 3217 952 Numquid
3246 884 3523 940 Catholica
3567 901 3660 952 ego

1964 968 2120 1024 sum?
2150 970 2418 1039 numquid
2446 970 2733 1025 haereditas
2763 972 2968 1026 Christi
2991 971 3199 1039 diffusa
3222 987 3323 1040 per
3352 976 3535 1038 gentes
3564 988 3659 1040 ego

1965 1058 2124 1113 sum?
2149 1059 2367 1127 Sufﬁcit
2391 1059 2530 1112 mihi
2547 1063 2609 1113 ut
2636 1061 2777 1112 inea
2805 1061 2908 1113 sim
2929 1058 3113 1129 (Ibid.,
3145 1075 3202 1114 n.
3234 1058 3339 1129 19).
3366 1060 3431 1113 Et
3449 1059 3661 1114 iterum

1966 1159 2078 1214 qua
2107 1144 2327 1198 ratione
2353 1144 2424 1198 ad
2450 1145 2534 1199 rei
2565 1148 2734 1215 caput
2758 1144 3060 1198 revocandi
3084 1144 3199 1198 sint
3222 1146 3655 1213 Donatistae,de-

1967 1232 2144 1287 clarat
2179 1231 2239 1286 in
2268 1233 2420 1287 hunc
2446 1232 2678 1287 modum
2711 1249 2725 1287 :
2760 1235 2999 1295 Prorsus,
3033 1232 3134 1302 qui
3154 1248 3237 1287 me
3265 1233 3404 1287 dicis
3433 1236 3657 1300 malum,

1967 1319 2087 1375 dico
2117 1324 2167 1374 et
2185 1335 2278 1387 ego
2298 1322 2414 1375 alia
2440 1320 2863 1375 innumerabilia
2895 1338 2907 1375 :
2941 1323 3044 1375 cito
3069 1323 3229 1387 aufer
3258 1321 3323 1375 de
3346 1322 3539 1391 medio,
3560 1325 3663 1391 fini

1967 1423 2186 1462 causam
2212 1424 2413 1474 meam;
2455 1409 2520 1462 de
2547 1424 2604 1463 re
2631 1424 2749 1477 age,
2777 1410 3025 1463 Ecclesia
3051 1424 3270 1464 causam
3298 1409 3533 1476 attende,
3566 1411 3663 1464 ubi

1966 1499 2041 1551 sis
2061 1497 2211 1553 vide.
2236 1499 2456 1552 Veritas
2474 1497 2576 1551 tibi
2597 1496 2869 1551 undelibet
2890 1498 3164 1566 loquatur,
3186 1500 3425 1552 esuriens
3440 1499 3622 1567 accipe
3645 1516 3660 1564 ;

1966 1602 2032 1641 ne
2059 1601 2335 1655 nunquam
2363 1586 2438 1640 ad
2467 1590 2516 1639 te
2537 1588 2821 1655 perveniat
2836 1589 3023 1656 panis,
3045 1587 3173 1641 dum
3198 1602 3405 1656 semper
3424 1587 3561 1657 quid
3579 1603 3662 1641 re-

1965 1675 2269 1743 prehendas
2296 1677 2357 1729 in
2379 1675 2595 1729 vasculo
2616 1675 2939 1741 fastidiosus
2968 1680 3019 1729 et
3036 1676 3396 1730 calumniosus
3423 1677 3661 1744 inquiris

1969 1763 2154 1833 (Ibid.,
2183 1778 2241 1817 η.
2264 1763 2374 1833 20).
2407 1763 2561 1817 Hanc
2589 1763 2905 1817 orationem
2936 1763 3276 1833 Carthagine
3306 1763 3374 1816 ab
3406 1779 3473 1816 eo
3494 1763 3660 1817 habi-

1966 1854 2086 1905 tam
2117 1850 2385 1917 diximus,
2412 1850 2692 1922 siquidem
2723 1851 3024 1905 manifesto
3054 1850 3414 1921 intelligitur,
3442 1866 3569 1905 eam
3602 1838 3661 1905 et

1969 1943 2129 1994 extra
2162 1938 2458 2010 propriam
2494 1938 2801 2009 Augustini
2856 1938 3179 2006 Ecclesiam,
3231 1943 3288 1992 et
3340 1938 3401 1992 in
3459 1939 3658 1994 eadem

1968 2027 2129 2097 urbe,
2177 2026 2277 2082 ubi
2318 2026 2496 2097 ipsius
2542 2027 2933 2082 adolescentia:
2963 2031 3149 2082 errata
3190 2042 3364 2099 quam
3411 2027 3658 2081 maxime

1969 2116 2197 2187 vulgata
2222 2113 2467 2181 fuerant,
2499 2115 2931 2187 pronuntiatam
2957 2132 3076 2169 esse
3093 2115 3277 2186 (Ibid.,
3306 2131 3361 2169 n.
3404 2116 3513 2185 19).
3547 2117 3659 2170 Ita-

1970 2219 2081 2275 que
2128 2219 2244 2258 non
2284 2206 2369 2257 est
2414 2219 2516 2257 cur
2560 2203 2859 2273 miremur,
2905 2203 2952 2258 si
2995 2204 3262 2275 Cypriani
3307 2204 3659 2258 mentionem

1968 2291 2185 2346 ibidem
2212 2290 2381 2345 faciat
2431 2291 2612 2361 (Ibid.,
2641 2308 2695 2346 η.
2732 2294 2840 2361 13).
2872 2294 2950 2345 Ac
2977 2291 3166 2362 primo
3210 2291 3443 2363 quidem
3495 2297 3659 2347 ante-

1969 2395 2144 2451 quam
2171 2380 2462 2433 Psalmum
2490 2379 2881 2451 aggrediatur,
2918 2379 3290 2452 Evangelium
3320 2380 3389 2436 de
3413 2380 3659 2452 judicio,

1966 2468 2248 2536 videlicet,
2280 2470 2392 2522 Duo
2421 2471 2481 2523 in
2508 2484 2641 2537 agro
2672 2469 2883 2539 (Matth.
2907 2484 3052 2535 xxiv,
3084 2467 3193 2535 40),
3225 2472 3355 2535 etc.,
3381 2469 3663 2540 interpre-

1968 2560 2123 2611 tatur
2151 2559 2374 2625 (Enarr.
2402 2560 2459 2611 in
2483 2558 2570 2611 Ps.
2598 2573 2781 2622 xxxvx,
2812 2571 2970 2611 serm.
3005 2560 3054 2622 1,
3074 2573 3129 2611 η.
3155 2556 3228 2627 2).
3255 2557 3455 2611 Habita
3474 2557 3662 2627 prima

1969 2643 2067 2698 illa
2119 2644 2390 2699 concione
2439 2644 2788 2714 cogitantem
2832 2644 2901 2699 de
2947 2644 3133 2698 reditu
3176 2644 3415 2698 assidua:
3451 2645 3660 2715 pluviae

1968 2732 2353 2801 retinuerunt,
2383 2737 2441 2787 et
2458 2732 2691 2786 interim
2716 2749 2790 2787 ne
2810 2732 2932 2786 sine
2950 2732 3137 2786 fructu
3156 2733 3335 2787 abiret
3351 2732 3453 2787 ista
3474 2748 3658 2800 mora,

1971 2837 2104 2875 eum
2133 2820 2405 2876 Catholici
2428 2824 2725 2890 rogarunt,
2756 2825 2999 2890 coeptam
3047 2820 3303 2890 ejusdem
3329 2821 3534 2889 spalmi
3565 2837 3657 2875 ex-

1970 2908 2313 2980 positionem
2340 2910 2783 2978 proseqneretur
2813 2908 2993 2977 (Ibid.,
3026 2923 3183 2962 serm.
3218 2911 3273 2972 2,
3304 2924 3360 2963 η.
3399 2908 3475 2977 1).
3513 2908 3663 2971 Quo-

1970 3016 2096 3054 rum
2127 2999 2388 3071 precibus
2414 3014 2545 3053 cum
2567 2998 2876 3065 annuisset,
2897 2997 3172 3053 orationis
3191 2998 3335 3053 serie
3349 2999 3657 3069 perductus

1970 3086 2031 3141 in
2063 3087 2479 3142 Donatistarum
2504 3086 2873 3153 mentionem,
2907 3085 3191 3157 synodalis
3222 3085 3663 3142 Maximianista-

1969 3191 2100 3229 rum
2136 3175 2404 3229 adversus
2447 3175 2801 3228 Primianum
2842 3174 3096 3244 epistolae
3125 3167 3394 3245 magnam
3434 3178 3661 3246 partem

1969 3263 2448 3335 recitavit((Ibid.,
2471 3279 2530 3319 η.
2553 3264 2639 3331 20)
2662 3279 2677 3316 :
2701 3262 2763 3316 in
2783 3279 2897 3334 quo
2919 3266 3258 3333 argumento
3282 3268 3400 3317 tam
3425 3263 3527 3318 diu
3547 3280 3665 3319 mo-

1969 3356 2127 3407 ratus
2157 3355 2261 3416 est,
2292 3356 2359 3406 ut
2400 3367 2504 3405 nec
2530 3354 2654 3405 tum
2685 3350 2917 3422 quidem
2949 3351 3239 3405 Psalmum
3269 3351 3519 3421 potuerit
3560 3353 3661 3407 ab-

1970 3442 2207 3497 solvere.
2250 3442 2419 3495 Illum
2448 3456 2582 3511 ergo
2611 3439 2784 3495 tertio
2814 3440 3060 3511 repetiit,
3093 3456 3127 3494 a
3156 3441 3271 3495 Deo
3306 3441 3430 3512 ipso
3464 3442 3667 3496 nolens

1969 3530 2164 3584 volens
2191 3533 2507 3598 revocatus,
2538 3528 2596 3583 id
2624 3532 2714 3583 est
2737 3545 2852 3583 non
2881 3528 3196 3583 secundum
3228 3527 3666 3599 dispositionem

1971 3634 2133 3672 suam
2156 3617 2494 3687 retardatus,
2516 3620 2581 3671 ut
2593 3616 2847 3671 debitum
2869 3617 3104 3671 omnino
3124 3616 3458 3672 dissolveret
3480 3617 3664 3688 (Ibid.,

1971 3722 2129 3761 serm.
2179 3709 2231 3771 3,
2275 3722 2332 3760 n.
2390 3705 2457 3774 1).
2492 3705 2731 3760 Curasse
2769 3705 3012 3771 videtur,
3044 3710 3108 3759 ut
3136 3705 3248 3759 alia
3288 3721 3519 3776 quoque
3549 3723 3665 3761 non

1972 3808 2173 3863 pauca,
2220 3795 2431 3862 praeter
2495 3790 3042 3845 Maximianistarum
3091 3792 3398 3860 synodum,
3456 3792 3667 3847 instru-

1972 3884 2168 3934 menta
2216 3879 2286 3933 ad
2326 3878 2652 3932 Donatistas
2699 3880 3010 3949 spectantia
3051 3879 3275 3950 publice
3328 3880 3390 3933 in
3436 3882 3671 3937 ecclesia

1972 3969 2302 4039 legerentur
2333 3982 2345 4020 :
2382 3966 2668 4037 siquidem
2711 3972 2937 4022 excusat
2981 3968 3190 4022 multas
3219 3967 3459 4036 chartas,
3488 3969 3669 4024 multa

1974 4071 2103 4129 quae
2132 4056 2195 4109 in
2222 4071 2436 4109 canone
2466 4054 2884 4126 Scripturarum
2905 4072 3023 4111 non
3052 4055 3500 4121 continerentur,
3532 4057 3669 4111 reci-

1973 4149 2092 4199 tata
2119 4160 2268 4212 esse;
2299 4159 2498 4198 verum
2523 4160 2624 4198 cur
2646 4143 2706 4199 id
2726 4144 2939 4198 factum
2975 4144 3067 4212 sit,
3094 4159 3323 4198 causam
3351 4144 3665 4216 praebuisse

1976 4233 2312 4288 Donatistas.
2356 4235 2499 4290 Nam
2543 4235 2645 4288 etsi
2688 4234 3077 4303 reprehendent
3119 4235 3248 4302 haec,
3294 4232 3503 4305 inquit,
3537 4236 3669 4303 quia

1973 4323 2122 4377 vobis
2166 4324 2302 4376 talia
2349 4323 2608 4390 legimus;
2651 4337 2746 4377 nos
2792 4322 3271 4392 reprehendamur,
3303 4323 3433 4376 dum
3458 4338 3550 4377 vos
3578 4324 3665 4377 in-
3718 4364 3725 4371 .

1973 4414 2268 4467 struamini
2294 4412 2483 4481 (Ibid.,
2504 4428 2567 4467 n.
2596 4412 2703 4482 18).
2728 4411 3072 4466 Felicianum
3094 4411 3464 4467 Mustitanum
3492 4411 3665 4467 etiam

1973 4503 2110 4553 tunc
2138 4498 2504 4569 superstitem
2534 4498 2781 4553 extitisse
2802 4498 3086 4569 significat
3106 4499 3286 4569 (Ibid.,
3311 4514 3470 4553 serm.
3494 4502 3549 4565 2,
3570 4514 3666 4553 nn.

1972 4589 2062 4649 20,
2093 4587 2207 4656 22);
2243 4603 2417 4658 quem
2444 4590 2643 4657 postea
2669 4587 2847 4642 ferme
2888 4603 3185 4659 nunquam
3222 4590 3523 4654 memorat,
3556 4586 3668 4641 nisi

1973 4676 2186 4739 solum;
2210 4675 2365 4745 quod
2392 4675 2721 4745 planissime
2742 4675 2949 4745 arguit,
2970 4678 3375 4730 Praetextatum
3391 4676 3514 4746 jam
3540 4680 3667 4730 tum

1972 4764 2034 4818 in
2059 4763 2198 4818 vivis
2228 4779 2395 4834 agere
2423 4763 2676 4818 desiisse.
2713 4763 2915 4834 Tangit
2941 4763 3152 4818 ibidem
3194 4768 3421 4818 sanctus
3452 4764 3669 4818 Praasul

1971 4852 2251 4907 nonnulla
2278 4850 2695 4906 Donatistarum
2716 4856 2860 4918 acta,
2887 4851 2949 4905 in
2976 4852 3184 4922 quibus
3200 4852 3521 4907 Catholicos
3550 4857 3668 4907 tra-

1971 4939 2219 4994 ditorum
2247 4938 2580 5010 progeniem
2605 4938 2945 5007 vocitabant,
2976 4939 3423 5012 dictitabantque
3442 4939 3670 5011 gladios

1971 5043 2103 5081 suos
2131 5042 2364 5093 acuere;
2396 5042 2529 5081 eum
2555 5026 2666 5097 ipsi
2693 5042 2879 5098 neque
2909 5027 3096 5083 ablata
3126 5032 3669 5099 repeterent,neque

1972 5115 2145 5171 armis
2170 5131 2293 5170 sese
2330 5115 2455 5170 aliis
2502 5131 2677 5187 quam
2714 5116 3019 5187 Evangelio
3047 5121 3351 5172 tuerentur
3390 5115 3576 5183 (Ibid.,
3606 5130 3665 5168 n.

1976 5208 2088 5274 18).
2132 5205 2197 5259 Et
2242 5219 2377 5260 sane
2423 5204 2662 5260 dubium
2698 5220 2818 5259 non
2848 5208 2950 5273 est,
2984 5205 3123 5277 quin
3141 5205 3250 5260 hoc
3280 5203 3419 5258 illud
3449 5203 3677 5255 instru-

1972 5300 2232 5350 mentum
2262 5293 2352 5361 sit,
2387 5294 2538 5366 quod
2571 5294 2722 5364 apud
2740 5294 3139 5366 magistratum
3159 5290 3679 5362 Carthaginensem-

1972 5382 2209 5438 confecit
2236 5382 2577 5449 Primianus,
2621 5386 2840 5437 scatens
2877 5382 3063 5436 verbis
3095 5381 3156 5435 in
3194 5377 3516 5435 Catholicos
3559 5379 3668 5433 ad-

1972 5471 2211 5527 modum
2238 5471 2587 5539 conviciosis,
2621 5471 2682 5525 in
2706 5472 2911 5543 quibus
2940 5474 2997 5524 et
3022 5470 3141 5523 haec
3173 5465 3509 5537 legebantur
3538 5481 3553 5520 ε
3578 5467 3675 5521 Illi

1974 5563 2230 5627 auferunt
2249 5562 2449 5628 aliena,
2474 5575 2569 5617 nos
2582 5561 2988 5616 intermittimus
3005 5557 3191 5614 ablata
3208 5555 3434 5623 (Contra
3450 5555 3667 5613 Cresco-

2236 5740 2265 5766 ἢ
