4062 6360
400 268 495 315 3‘27
1493 270 1497 273 '
1613 257 1772 312 VlTA
1812 256 1868 311 S.
1910 256 2289 312 AUGUSTINI
2332 257 2659 312 EPISCOPI.

393 390 561 450 nium,
598 386 691 440 lib.
735 387 790 453 4ο,
835 400 891 438 n.
939 383 1047 455 ὅτ).
1080 383 1239 446 Quod
1295 381 1569 452 scriptum
1616 380 1884 436 omnibus
1929 396 2087 435 com—

393 473 685 532 munionis
701 489 817 527 sua:
834 471 1113 543 episcopis
1127 470 1283 525 misit
1297 472 1519 539 (Enarr.
1542 472 1598 523 in
1611 472 1698 524 Ps.
1715 486 1905 537 xxxvr,
1927 486 2085 525 serm.

391 568 446 631 2,
472 581 529 618 η.
562 563 644 631 18)
679 580 692 616 :
723 577 829 615 nec
856 559 1032 627 aliud,
1055 564 1121 613 ut
1140 558 1367 613 credere
1390 557 1540 623 licet,
1563 558 2090 630 continebat,quam

394 651 826 723 responsionem
851 649 918 703 ab
941 665 1006 703 eo
1034 649 1320 719 vulgatam
1348 664 1499 702 anno
1526 647 2090 719 quadringentesimo

394 742 562 796 tertio
580 741 700 811 jam
725 742 964 793 exeunte
996 754 1191 792 mense
1219 736 1529 806 septemhri
1558 753 1571 790 :
1605 752 1723 807 quo
1744 741 2002 806 tempore
2023 735 2091 790 de

393 828 675 900 colloquio
719 844 849 882 cum
898 825 1201 881 Catholicis
1238 824 1492 880 ineundo
1534 822 1931 894 interpellatus
1987 827 2087 877 est.

398 919 630 973 Constat
652 916 805 970 enim
834 930 967 969 eum
990 918 1125 969 tunc
1152 914 1212 968 in
1238 914 1395 968 hunc
1417 912 1655 968 modum
1685 912 2047 983 respondisse
2076 928 2089 966 :

394 1006 683 1073 Indignum
711 1009 807 1071 est,
839 1008 901 1059 ut
928 1006 987 1058 in
1016 1020 1184 1058 unum
1207 1004 1526 1058 conveniant
1552 1003 1659 1070 ﬁlii
1686 1006 2009 1069 martyrum,
2044 1004 2093 1054 et

392 1096 671 1165 progenies
694 1093 1022 1148 traditarum
1040 1092 1253 1161 (Codice
1282 1093 1557 1148 Canonum
1576 1091 1783 1157 Afric.,
1818 1105 1973 1144 cann.
2001 1091 2090 1156 91,

398 1186 487 1250 92,
519 1182 659 1253 etc.).
692 1185 756 1238 In
783 1183 890 1236 hoc
927 1181 1102 1251 igitur
1145 1197 1338 1235 rerum
1380 1184 1530 1235 statu
1566 1178 1941 1251 Augustinus,
1992 1177 2094 1250 qui

397 1272 612 1343 synodo
670 1269 1104 1342 Carthaginensi
1153 1269 1397 1341 septimo
1436 1268 1696 1323 calendas
1754 1266 2092 1339 septembris

391 1360 748 1427 interfuerat,
794 1360 1082 1415 Psalmum
1110 1358 1473 1431 trigesimum
1504 1362 1747 1423 sextum,
1782 1361 2092 1427 antequam

398 1451 718 1522 Hipponem
740 1450 970 1512 rediret,
994 1448 1286 1520 exposuit:
1302 1464 1433 1503 cum
1452 1448 1571 1519 jam
1593 1447 1761 1502 tertio
1796 1446 1942 1501 libro
1961 1462 2091 1501 con-

389 1545 478 1596 tra
520 1538 886 1606 Petilianum,
920 1554 1038 1591 non
1081 1538 1254 1609 longo
1285 1542 1417 1591 ante
1453 1541 1734 1607 tempore,
1763 1551 2091 1605 supremam

392 1643 629 1683 manum
657 1626 1034 1698 imposuisset.
1076 1626 1161 1681 Ad
1195 1625 1315 1680 hate
1356 1625 1492 1680 citat
1519 1624 1872 1695 Augustinus
1900 1640 1965 1679 ex
2016 1623 2089 1678 li-

390 1717 562 1785 bello,
590 1731 758 1787 quem
794 1715 1117 1769 Primianus
1146 1715 1216 1768 ad
1246 1713 1645 1785 magistratum
1678 1713 2090 1784 Carthaginen-

394 1822 514 1861 sem
565 1804 864 1870 detulerat,
919 1803 1018 1857 illa
1066 1803 1236 1857 verba
1295 1820 1309 1857 :
1364 1805 1618 1857 Parentes
1672 1806 1883 1857 nostros
1924 1804 2092 1856 vestri

393 1895 627 1964 majores
652 1895 825 1948 variis
856 1893 1069 1947 exsiliis
1097 1896 1434 1946 vexaverant
1474 1891 1586 1961 (Ad
1614 1893 1926 1945 Donatistas
1967 1895 2092 1959 post

391 1984 607 2052 Collat.,
645 1998 700 2037 η.
751 1982 870 2048 20);
928 1997 1153 2036 necnon
1198 1984 1254 2034 et
1303 1980 1499 2034 isthaac
1543 1979 1653 2033 alia
1686 1995 1698 2032 :
1729 1981 1822 2034 Illi
1842 1983 2087 2048 portant,

388 2072 704 2144 inquiebat,
734 2072 1025 2125 multorum
1053 2072 1440 2139 imperatorum
1462 2083 1667 2135 sacras,
1700 2084 1794 2121 nos
1823 2069 1938 2121 sola
1968 2067 2091 2136 offe-

388 2165 562 2216 rimus
586 2161 886 2228 Evangelia
916 2158 1104 2229 (Ibid.,
1135 2175 1190 2211 n.
1225 2156 1334 2228 53).
1369 2155 1719 2226 Augustinus
1754 2161 1887 2225 post
1910 2156 2090 2209 libros

389 2252 587 2302 contra
614 2244 978 2311 Petilianum,
1010 2260 1109 2297 eos
1137 2242 1393 2313 proxime
1421 2246 1694 2308 recenset,
1726 2241 1827 2312 qui
1867 2242 1928 2294 in
1958 2241 2088 2296 Cre-

390 2336 649 2391 sconium
680 2331 1068 2387 inscribuntur
1101 2332 1355 2399 (Retract.
1387 2331 1481 2384 lib.
1513 2333 1568 2396 2,
1601 2345 1721 2399 cap.
1754 2328 1862 2399 26),
1893 2346 2089 2400 quam-

389 2425 472 2478 vis
491 2425 595 2478 hos
623 2420 855 2477 ultimos
887 2436 1005 2474 non
1034 2425 1167 2474 ante
1196 2435 1413 2473 annum
1457 2417 2088 2490 quadringentesimum

391 2512 661 2585 quintum
692 2508 1122 2564 elucubraverit.
1154 2507 1314 2572 Quod
1341 2507 1541 2579 utique
1561 2507 1774 2561 factum
1795 2510 2084 2578 putamus,

393 2602 467 2656 ob
505 2598 830 2672 argumenti
867 2597 1268 2669 cognationem
1300 2613 1316 2652 :
1346 2613 1477 2652 cum
1528 2596 1782 2667 utrisque
1827 2596 2089 2650 Petiliani

391 2689 628 2761 epistola
655 2687 1002 2742 occasionem
1033 2685 1270 2741 dederit.
1306 2687 1417 2740 Nec
1438 2685 1572 2740 hinc
1594 2684 1898 2756 quisquam
1924 2684 2086 2739 facile

388 2777 555 2833 nobis
582 2776 942 2849 persuadeat,
974 2774 1125 2829 inter
1160 2779 1468 2845 utrumque
1498 2791 1640 2845 opus
1677 2774 1901 2829 nullum
1931 2772 2087 2828 aliud

390 2867 643 2922 medium
684 2866 983 2937 prodiisse.
1028 2866 1139 2919 Nec
1177 2880 1279 2918 nos
1324 2868 1517 2918 tamen
1564 2863 1747 2917 ullum
1778 2862 2084 2933 interjicie-

388 2973 537 3024 mus,
565 2955 627 3010 ni
664 2955 808 3010 forte
838 2958 1144 3026 suppetant
1179 2952 1603 3007 evidentissima
1632 2957 1994 3022 argumenta,
2025 2955 2088 3006 ut

386 3041 713 3114 Augustini,
761 3046 1042 3113 quantum
1070 3039 1132 3095 in
1158 3039 1323 3094 nobis
1354 3042 1460 3107 est,
1494 3038 1686 3094 ordini
1715 3037 1966 3093 studiose
1994 3037 2085 3092 in-

388 3132 676 3186 sistamus.

1060 3217 1284 3271 CAPUT
1320 3217 1409 3270 IX.

391 3314 411 3364 l
444 3312 517 3364 De
540 3308 763 3363 statutis
793 3307 1066 3361 nonnullis
1100 3305 1316 3360 concilii
1347 3305 1654 3359 Milevitani
1676 3305 1861 3373 primi.
1890 3306 1924 3358 2
1952 3306 2082 3359 Pro-

452 3399 578 3467 pria
608 3396 982 3451 Maximianus
1016 3395 1337 3462 Bagaiensis
1374 3397 1599 3462 propter
1627 3394 1873 3448 Ecclesiae
1897 3409 2084 3462 pacem

456 3490 506 3539 et
528 3484 857 3539 commodum
881 3478 1068 3552 sponte
1093 3482 1233 3537 cedit
1261 3484 1609 3551 episcopatu:
1639 3484 1697 3536 in
1726 3497 1829 3550 quo
1867 3486 1927 3535 ut
1954 3484 2083 3548 fra-

458 3576 533 3628 tri
559 3589 654 3628 suo
691 3573 959 3635 succedat,
1008 3572 1286 3629 Castorius
1317 3580 1561 3639 urgetur.
1592 3572 1622 3624 3
1652 3571 1994 3638 Augustinus
2021 3587 2082 3625 ac

456 3664 814 3731 Hieronymus
843 3661 941 3716 sub
964 3661 1130 3730 hujus
1156 3662 1290 3714 anni
1305 3663 1463 3730 ﬁnem
1493 3661 1702 3714 litteras
1730 3660 1872 3714 ultro
1915 3662 2083 3715 citro-

457 3767 557 3820 que
588 3752 833 3807 scribunt
853 3751 927 3805 ad
948 3752 1193 3805 invicem.
1217 3750 1251 3804 4
1270 3749 1428 3805 Alias
1447 3764 1657 3819 quoque
1676 3764 1817 3804 anno
1831 3752 2083 3819 proa-imc

454 3841 819 3911 subsequenti.

458 3934 508 3984 1.
550 3932 666 3985 Hoc
712 3946 862 3985 anno
905 3928 1210 3985 concilium
1240 3927 1505 3999 generale
1536 3926 1864 3981 Africanum
1896 3926 2081 3982 Milevi

381 4018 443 4073 in
471 4018 742 4074 Numidia
769 4023 928 4073 sexto
960 4017 1235 4073 kalendas
1263 4015 1601 4087 septembris
1630 4020 1822 4070 actum
1852 4020 1953 4069 est.
1986 4014 2079 4085 Vi-

382 4107 572 4163 dimus
625 4108 846 4178 (Supra,
882 4122 1002 4176 cap.
1034 4106 1083 4176 6)
1115 4121 1268 4160 anno
1296 4104 1598 4175 superiori,
1630 4103 1974 4175 Xantippum
2006 4104 2083 4157 in-

382 4202 470 4251 ter
497 4212 560 4249 ac
586 4195 941 4249 Victorinum
969 4191 1356 4248 intercessisse
1373 4192 1710 4246 nonnullam
1730 4192 1799 4246 de
1827 4191 2081 4262 primatu

385 4282 818 4338 contentionem
852 4299 864 4336 :
895 4280 1247 4352 Xantippum
1270 4284 1462 4334 autem
1479 4280 1600 4351 jam
1630 4284 1762 4334 ante
1792 4279 2082 4350 paschalia

381 4371 682 4444 praesentis
712 4371 847 4425 anni
868 4370 1104 4445 hujusce
1126 4368 1421 4439 dignitatis
1443 4367 1722 4439 potitum;
1754 4367 1968 4439 quippe
1990 4368 2081 4423 cui

383 4477 513 4515 cum
543 4461 777 4515 titulum
815 4459 1017 4514 litteris
1050 4459 1151 4513 hoc
1178 4458 1301 4529 ipso
1344 4461 1603 4528 tempore
1642 4457 1786 4512 datis
1816 4458 2082 4513 detulerit

381 4548 753 4620 Augustinus.
805 4548 980 4618 Atqui
1018 4546 1244 4602 videtur
1290 4547 1492 4602 eadem
1536 4546 1920 4601 controversia
1962 4563 2079 4602 non

380 4637 580 4709 paucis
608 4636 833 4691 concilii
862 4635 1169 4691 Milevitani
1198 4635 1531 4703 canonibus,
1562 4635 1663 4707 qui
1690 4652 1820 4691 cum
1850 4635 1948 4691 illa
1969 4636 2079 4691 ha-

382 4727 523 4782 bent
551 4725 768 4797 aliquid
810 4725 1122 4787 afﬁnitatis,
1165 4724 1521 4780 occasionem
1556 4725 1886 4797 praebuisse.
1936 4726 2079 4780 Nam

379 4813 715 4870 Valentinus
753 4814 1050 4886 episcopus
1089 4814 1147 4869 id
1185 4813 1497 4886 postulavit
1538 4813 1764 4870 decreto
1813 4814 2075 4883 stabiliri,

382 4905 530 4977 quod
564 4904 713 4958 inter
737 4904 1033 4976 episcopos
1059 4920 1358 4976 nunquam
1385 4920 1503 4958 non
1531 4903 1875 4971 obtinuerat,
1905 4903 2077 4958 nimi-

380 5009 512 5048 rum
541 4997 606 5048 ut
626 5009 822 5047 eorum
841 4994 978 5048 ordo
1008 5009 1076 5047 ex
1101 4993 1440 5064 antiquitate
1468 4992 1906 5047 consecrationis
1921 4996 2077 5062 pete-

381 5086 542 5137 retur
572 5080 781 5151 (Codice
810 5082 991 5138 Canon
1019 5083 1227 5148 Afric.,
1279 5098 1399 5136 can.
1452 5083 1564 5150 86).
1606 5082 1673 5135 Et
1698 5081 1805 5135 hoc
1842 5080 2077 5152 quidem

378 5173 737 5242 postulatum
775 5170 1008 5224 Aurelio
1046 5170 1355 5241 probatum
1387 5174 1491 5236 est,
1525 5174 1583 5223 et
1611 5174 1811 5239 postea
1838 5173 2076 5240 rogante

377 5260 659 5331 Xantippo
682 5256 933 5312 universi
962 5256 1190 5312 concilii
1218 5257 1447 5312 calculis
1476 5257 1900 5318 conﬁrmatum,
1925 5256 2076 5311 salvo

377 5350 571 5403 tamen
603 5349 733 5420 jure
756 5345 1038 5402 Numidiae
1053 5361 1118 5401 ac
1137 5345 1490 5401 Mauritaniae
1510 5343 1843 5415 primatum,
1863 5344 1963 5417 qui
1981 5361 2076 5400 re-

377 5435 567 5508 liquos
596 5436 813 5507 forsan,
847 5436 1017 5492 etiam
1042 5435 1393 5507 antiquiores
1416 5432 2074 5505 przecedebantBeperi-

378 5539 506 5599 mus
535 5526 737 5581 saltem
782 5526 1090 5598 primatem
1131 5523 1415 5580 Numidiae
1446 5521 1756 5578 secundum
1785 5538 1819 5577 a
1849 5523 2077 5579 Cartha-

3801 263 3911 317 328

2196 380 2423 452 ginensi
2452 380 2716 452 episcopo
2742 379 3095 435 subscribere
3119 380 3274 435 haud
3294 380 3708 452 infrequenter.
3734 383 3911 439 Cirta!

2194 469 2408 540 pariter
2459 485 2560 523 seu
2607 467 3012 530 Constantinus,
3058 485 3188 540 quae
3232 468 3414 523 civilis
3455 474 3579 524 erat
3619 470 3909 525 Numidia:

2196 558 2553 629 metropolis,
2594 556 2908 611 antistitem
2949 574 3063 612 non
3095 562 3311 612 temere
3349 557 3657 612 credideris
3693 558 3908 629 praeci-

2196 662 2377 716 puum
2404 646 2655 717 aliquem
2689 646 2878 700 locum
2913 645 3020 701 sibi
3050 646 3396 715 vindicasse;
3435 647 3911 719 quandoquidem

2198 737 2259 791 in
2291 736 2544 808 epistolae.
2574 736 2867 806 cujusdam
2896 735 3267 808 inscriptione
3314 738 3514 806 (Epist.
3558 739 3669 807 53),
3715 737 3913 809 Alypii

2201 829 2369 898 atque
2398 824 2705 895 Augustini
2740 825 2977 879 nomina
3017 841 3136 880 non
3174 824 3287 880 nisi
3320 830 3447 896 post
3490 825 3790 880 Fortunati
3818 827 3912 880 le-

2200 919 2444 985 guntur;
2479 914 2548 969 de
2582 930 2697 985 quo
2735 916 2931 968 tamen
2962 913 3355 969 existimamus
3381 913 3774 969 dubitaturum
3806 931 3911 969 ne-

2199 1003 2437 1073 minem,
2469 1003 2607 1075 quin
2644 1002 2737 1057 hic
2776 1003 3123 1058 Fortunatus
3148 1003 3244 1058 ille
3279 1003 3353 1057 sit
3383 1004 3652 1058 Cirtensis
3685 1004 3910 1075 episco-

2200 1109 2328 1164 pus,
2389 1108 2565 1163 quem
2612 1096 2833 1146 constat
2886 1093 3208 1163 Augustino
3253 1096 3511 1164 tempore
3566 1092 3909 1147 inferiorem

2200 1181 2391 1236 fuisse.
2424 1182 2488 1235 In
2518 1181 2717 1235 eodem
2748 1197 2980 1253 quoque
3018 1181 3259 1236 concilio
3292 1181 3667 1237 decreverunt
3686 1184 3910 1249 Patres,

2200 1269 2246 1323 si
2273 1269 2402 1341 quis
2436 1270 2613 1324 semel
2651 1269 2711 1324 in
2744 1270 2977 1324 ecclesia
3014 1270 3207 1341 aliqua
3240 1270 3493 1341 legisset,
3519 1270 3581 1325 id
3615 1270 3906 1336 sufﬁcere,

2198 1362 2263 1412 ut
2306 1359 2429 1429 ejus
2473 1359 2649 1413 lector
2692 1358 2989 1425 habeatur,
3036 1376 3140 1414 nec
3182 1359 3266 1413 illi
3317 1360 3553 1430 posthac
3597 1359 3661 1414 in
3722 1359 3905 1415 aliam

2197 1446 2448 1502 transire
2480 1448 2555 1502 sit
2596 1447 2844 1502 liberum
2876 1448 3092 1514 (Codice
3123 1448 3324 1505 Canon.
3367 1450 3575 1516 Afrum,
3625 1464 3750 1504 can.
3805 1450 3910 1519 ΕΟ)

2199 1537 2303 1593 Cui
2333 1536 2638 1591 sanciendo
2673 1536 2908 1591 forsitan
2947 1537 3171 1591 decreto
3213 1553 3447 1591 causam
3487 1537 3740 1608 przebuit
3778 1544 3907 1591 orta

2199 1626 2349 1680 inter
2384 1624 2767 1696 Augustinum
2799 1628 2855 1679 et
2883 1625 3152 1680 Severum
3181 1624 3568 1679 controversia
3604 1625 3907 1680 occasione

2198 1712 2483 1767 Timothei
2509 1715 2703 1782 (Epist.
2737 1714 2853 1783 63);
2884 1713 2953 1768 de
2979 1730 3093 1785 qua
3124 1714 3386 1784 superius
3417 1712 3582 1785 (Cap.
3614 1715 3690 1783 7).

2268 1803 2322 1855 2.
2355 1800 2513 1855 Idem
2552 1801 2856 1856 concilium
2894 1801 3234 1857 Maximiano
3280 1802 3575 1874 Bagaiensi
3609 1802 3905 1875 episcopo,

2199 1890 2436 1961 ejusque
2465 1889 2620 1960 plebi
2641 1889 2882 1944 scribere
2913 1890 3241 1945 constituit:
3265 1890 3348 1945 illi
3374 1894 3437 1944 ut
3465 1891 3534 1945 ab
3565 1890 3905 1963 episcopatu

2199 1996 2318 2034 sese
2348 1979 2654 2046 abdicaret,
2682 1978 2771 2033 his
2800 1984 2865 2034 ut
2896 1980 2965 2034 de
3003 1980 3114 2035 alio
3142 1980 3249 2034 sibi
3284 1979 3343 2034 in
3394 1979 3727 2051 episcopum
3762 1981 3907 2036 deli-

2198 2067 2382 2138 gendo
2430 2067 2750 2139 cogitarent
2804 2070 3015 2137 (Codice
3071 2070 3272 2125 Conon.
3332 2070 3537 2138 Afric.,
3599 2086 3721 2124 can.
3779 2068 3901 2140 88).

2199 2157 2390 2210 Exstat
2407 2156 2715 2225 Augustini
2745 2156 2985 2228 epistola
3007 2158 3212 2227 (Epist.
3240 2159 3357 2228 69),
3383 2174 3512 2228 quae
3543 2158 3899 2228 planissime,

2196 2247 2261 2299 ut
2284 2245 2404 2315 jam
2439 2243 2509 2298 ab
2540 2244 2665 2298 aliis
2691 2250 2775 2298 est
2803 2244 3188 2312 observatum,
3224 2261 3353 2299 cum
3381 2246 3489 2300 hoc
3519 2262 3739 2300 canone
3765 2263 3900 2301 con-

2197 2333 2368 2387 sentit
2399 2350 2411 2388 :
2447 2333 2730 2404 siquidem
2761 2332 2823 2387 in
2854 2350 2921 2387 ea
2944 2333 3204 2404 legimus,
3242 2334 3645 2389 Maximianum
3678 2334 3901 2405 episco-

2195 2438 2336 2493 pum
2369 2421 2625 2476 Ecclesiaa
2656 2422 2991 2493 Vaginensis
3021 2423 3261 2493 ejusque
3288 2422 3522 2477 fratrem
3557 2423 3902 2492 Castorium,

2197 2511 2417 2581 ejurato
2441 2511 2646 2565 Donati
2672 2511 2928 2577 discidio,
2952 2511 3011 2565 in
3036 2511 3291 2567 Ecclesiae
3315 2512 3599 2582 gremium
3630 2511 3897 2579 rediisse;

2197 2599 2454 2655 laetitiam
2486 2616 2642 2666 vero,
2685 2615 2856 2671 quam
2891 2616 2992 2653 suo
3033 2600 3222 2655 reditu
3256 2600 3583 2666 attulerant,
3627 2600 3899 2654 seandalo

2195 2694 2391 2743 contra
2426 2687 2833 2743 Maximianum
2871 2688 3152 2743 diabolica
3184 2688 3383 2742 fraude
3418 2688 3683 2743 suscitato
3718 2688 3901 2743 inter-

2195 2778 2502 2832 turbatam.
2548 2777 2953 2831 Verumtamen
2999 2777 3148 2831 Deus
3199 2776 3572 2832 offensionem
3615 2777 3775 2832 illam
3817 2778 3905 2833 ita

2196 2865 2431 2932 sedavit,
2461 2869 2525 2920 ut
2554 2865 2687 2920 inde
2708 2866 2839 2936 plus
2866 2865 3171 2937 voluptatis
3190 2870 3417 2937 caperet
3437 2865 3700 2928 Ecclesia.
3721 2882 3903 2938 quam

2196 2959 2325 3010 ante
2372 2971 2440 3009 ex
2500 2955 2763 3009 seandalo
2825 2959 3052 3026 ceperat
3102 2954 3476 3026 aegritudinis.
3543 2955 3687 3010 Cum
3741 2955 3901 3011 enim

2194 3043 2567 3099 Maximianus
2604 3042 2970 3114 intelligeret,
3014 3043 3296 3098 honorem
3336 3043 3718 3115 episcopalem
3759 3044 3901 3098 reti-

2193 3149 2330 3188 nere
2369 3149 2427 3187 se
2471 3149 2589 3187 non
2626 3149 2815 3203 posse,
2856 3133 2999 3204 quin
3033 3132 3279 3187 Ecclesia
3319 3132 3473 3204 turpi
3523 3132 3901 3202 dissensione,

2194 3238 2323 3293 quas
2349 3222 2491 3276 forte
2518 3221 2723 3276 Christi
2744 3221 3017 3276 membris
3041 3237 3313 3291 magnam
3332 3237 3560 3293 quoque
3579 3220 3901 3291 perniciem

2193 3310 2434 3364 allatura
2472 3314 2637 3376 esset,
2669 3309 3004 3380 agitaretur,
3036 3309 3223 3380 posita
3257 3308 3536 3379 dignitate
3566 3309 3897 3379 declaravit,

2194 3415 2251 3452 se
2281 3415 2397 3453 non
2417 3415 2545 3470 quae
2570 3414 2671 3453 sua
2699 3401 2907 3456 essent,
2940 3399 3037 3452 sed
3062 3413 3192 3468 qua;
3212 3399 3343 3453 Jesn
3372 3396 3580 3453 Christi
3598 3412 3891 3467 quaerere;

2194 3488 2263 3543 ab
2293 3487 2779 3542 schismaticorum
2812 3487 3069 3558 partibus
3090 3486 3311 3541 sincero
3332 3485 3623 3541 charitatis
3648 3502 3711 3540 ac
3737 3485 3900 3557 pacis

2193 3576 2381 3631 studio
2430 3575 2835 3647 transfugisse;
2879 3575 2988 3630 sibi
3027 3591 3219 3630 veram
3256 3575 3438 3630 inesse
3485 3574 3896 3643 humilitatem,

2192 3681 2256 3718 ac
2288 3665 2537 3736 denique
2585 3664 2913 3731 aediﬁcium,
2948 3664 3104 3736 quod
3151 3664 3275 3735 ejus
3309 3664 3371 3718 in
3412 3664 3605 3719 animo
3638 3662 3900 3720 Christus

2190 3754 2479 3820 excitarat,
2512 3754 2653 3807 adeo
2678 3753 2912 3808 ﬁrmum
2942 3769 3082 3820 esse,
3106 3758 3172 3809 ut
3189 3759 3307 3808 tam
3337 3753 3592 3809 molesta:
3621 3753 3895 3808 tentatio-

2188 3845 2278 3899 nis
2306 3844 2614 3916 procellam
2643 3843 3045 3899 inconcussum
3065 3843 3391 3899 sustineret.
3425 3845 3556 3898 Post
3585 3843 3709 3914 ejus
3732 3842 3897 3897 abdi-

2190 3934 2473 3989 cationem
2533 3934 2743 3987 electus
2798 3937 2904 4002 est,
2965 3932 3066 4003 qui
3112 3931 3164 3987 ei
3217 3932 3561 4002 succederet,
3610 3931 3899 3987 Castorius

2190 4038 2499 4093 germanus
2540 4021 2662 4090 ejus
2698 4020 2895 4074 frater.
2936 4021 3118 4087 Hunc,
3159 4035 3231 4074 ne
3276 4019 3571 4090 dignitatis
3599 4018 3764 4074 istius
3801 4019 3893 4074 vi-

2187 4107 2377 4162 tandae
2417 4122 2586 4161 causa
2622 4106 2865 4177 fugeret,
2907 4110 3104 4159 tenere
3148 4103 3296 4176 jussi
3339 4108 3475 4159 sunt
3521 4104 3890 4174 Vaginenses.

2187 4196 2424 4267 Alypius
2454 4199 2648 4250 autem
2677 4198 2850 4265 atque
2871 4193 3226 4264 Augustinus
3247 4193 3515 4249 eumdem
3543 4209 3646 4265 per
3672 4193 3894 4248 litteras

2187 4283 2398 4338 hortati
2445 4287 2599 4350 sunt,
2651 4285 2715 4336 ut
2761 4282 3156 4353 episcopatum
3199 4281 3513 4354 susciperet
3559 4280 3894 4337 Maximiani

2186 4371 2378 4427 fratris
2423 4371 2531 4437 sui,
2569 4386 2741 4442 quem
2772 4370 2882 4441 ipsi
2913 4370 3097 4425 filium
3139 4386 3306 4425 suum
3352 4373 3571 4432 vocant,
3602 4373 3776 4440 atque
3816 4369 3891 4424 ob

2188 4460 2571 4516 voluntariam
2600 4458 2824 4530 proprii
2852 4458 3110 4514 muneris
3150 4458 3562 4514 abdicationem
3594 4458 3892 4530 exquisitis

2186 4548 2451 4604 laudibus
2481 4550 2923 4620 prosequuntur.
2957 4549 3111 4602 Hanc
3129 4546 3491 4619 potissimum
3509 4546 3752 4602 habebat
3770 4563 3892 4617 pra:

2188 4637 2368 4693 oculis
2394 4636 2770 4708 Augustinus,
2800 4651 2931 4691 cum
2968 4636 3187 4708 aliquot
3215 4639 3346 4706 post
3374 4634 3539 4690 annis
3570 4634 3890 4690 Donatistas

2188 4728 2576 4799 alloqueretur
2604 4726 2663 4781 in
2685 4726 2808 4781 haec
2843 4726 3011 4781 verba
3034 4742 3047 4779 :
3076 4726 3333 4782 Nonnulli
3360 4728 3549 4779 sancta
3577 4726 3892 4780 humilitate

2180 4815 2409 4885 praediti
2440 4816 2570 4881 viri,
2597 4820 2823 4885 propter
2856 4813 3195 4884 quaedamin
3217 4828 3273 4867 se
3311 4812 3655 4882 offendicula,
3690 4812 3889 4881 quibus

2180 4906 2275 4975 pie
2316 4904 2672 4973 religioseque
2714 4903 3085 4969 movebantur,
3128 4905 3468 4972 episcopatus
3512 4903 3751 4970 ofﬁcium
3780 4917 3891 4956 non

2185 4995 2357 5050 solum
2402 4995 2518 5047 sine
2565 4993 2747 5061 culpa,
2794 5008 2981 5047 verum
3024 4992 3188 5046 etiam
3226 5007 3345 5045 cum
3392 4990 3551 5045 laude
3589 4997 3889 5060 posuerunt

2188 5083 2403 5150 (Contra
2431 5082 2786 5147 Cresconium,
2817 5079 2913 5134 lib.
2941 5081 2995 5147 2,
3027 5094 3081 5133 η.
3119 5078 3222 5147 13).
3258 5076 3443 5132 Visuri
3473 5093 3668 5131 sumus
3692 5078 3761 5133 ad
3787 5094 3889 5134 an-

2185 5186 2329 5225 num
2365 5168 2996 5241 quadringentesimum
3034 5170 3300 5239 quartum
3355 5167 3777 5221 Donatistarum
3825 5167 3889 5222 in

2187 5257 2588 5314 Maximianum
2622 5257 2992 5328 Bagaiensem
3018 5271 3120 5309 seu
3145 5254 3523 5326 Vaginensem
3552 5254 3887 5325 episcopum

2185 5346 2494 5417 stupendae
2535 5346 2917 5401 crudelitates.
2964 5344 3159 5400 Primo
3220 5343 3457 5416 quidem
3508 5343 3661 5397 hunc
3715 5343 3885 5399 illum

2183 5435 2357 5492 fuisse
2386 5435 2807 5501 Maximianum,
2842 5434 2910 5490 de
2937 5450 3049 5506 quo
3086 5433 3180 5489 hic
3217 5433 3428 5505 agitur,
3460 5432 3729 5504 opinatus
3762 5437 3885 5489 erat

2183 5522 2463 5579 Baronius
2495 5540 2507 5577 :
2542 5521 2747 5578 deinde
2778 5538 2912 5577 vero
2954 5521 3211 5578 diversos
3249 5536 3391 5589 esse,
3421 5536 3486 5575 ac
3526 5519 3881 5575 diversarum
