4062 6392
164 344 268 397 329

156 458 376 513 sedium
419 457 702 512 antistites
740 457 1043 512 afﬁrmavit
1065 458 1370 529 (Baronius,
1399 457 1474 512 ad
1501 474 1703 514 annum
1721 461 1846 527 402,

152 565 210 603 n.
243 549 349 618 62).
374 549 544 620 Cujus
573 552 863 618 postrema
892 547 1249 602 sententiain
1269 564 1335 601 eo
1367 564 1597 619 quoque
1629 547 1734 603 niti
1757 565 1850 619 po-

154 641 282 705 test,
335 637 490 709 quod
526 636 879 707 Augustinus
908 636 1255 706 peculiarem
1284 637 1421 705 odii,
1451 653 1563 708 quo
1593 637 1651 691 in
1677 637 1847 692 Maxi-

154 726 414 780 mianum
455 725 834 780 confessorem
883 725 1199 796 ﬂagrabant
1243 725 1570 792 Donatistaa,
1619 741 1846 780 causam

155 814 360 881 refert;
382 830 486 868 nec
508 819 700 868 tamen
723 813 860 868 dicit
888 813 1076 884 ipsum
1106 830 1306 869 eorum
1327 818 1517 884 partes
1540 815 1848 886 aliquando

156 907 438 972 secutum,
465 903 617 974 quod
649 902 847 974 utique
870 902 939 957 ad
966 904 1195 958 eosdem
1220 903 1280 957 in
1299 903 1464 958 illum
1485 901 1848 957 concitandos

157 991 291 1046 satis
321 1007 603 1063 superque
633 990 902 1046 valuisset
932 990 1131 1061 (Epist.
1167 993 1288 1060 185,
1318 1007 1411 1046 nn.
1441 994 1531 1058 27,
1563 992 1677 1062 28).

229 1085 280 1135 3.
335 1082 450 1135 Hoc
495 1080 620 1151 ipso
668 1096 820 1134 anno
850 1077 1413 1152 quadringentesimo
1438 1081 1707 1149 secundo,
1739 1077 1848 1132 nisi

153 1186 260 1225 nos
312 1169 457 1224 fallit
502 1170 846 1240 conjectura,
879 1169 1228 1240 Augustinus
1259 1168 1664 1240 Hieronymum
1719 1167 1852 1223 data

156 1258 398 1329 epistola
439 1259 644 1327 (Epist.
683 1260 774 1330 07)
814 1258 1054 1329 rogavit,
1086 1261 1152 1312 ut
1182 1257 1290 1312 sibi
1335 1257 1406 1312 ad
1449 1257 1664 1312 litteras
1711 1256 1850 1311 alias

156 1347 360 1416 (Epist.
401 1346 509 1418 40),
545 1363 686 1418 quas
716 1346 824 1418 ipsi
846 1347 969 1418 jam
999 1347 1133 1401 inde
1170 1347 1241 1401 ab
1271 1362 1421 1401 anno
1451 1345 1849 1402 trecentesimo

153 1437 524 1506 nonagesimo
557 1435 797 1507 septimo
826 1439 1119 1490 curaverat
1141 1435 1495 1501 deferendas,
1528 1435 1742 1510 aliquid
1762 1451 1844 1488 re-

153 1525 353 1595 sponsi
383 1525 565 1579 daret.
601 1525 666 1579 Et
693 1525 783 1578 ha:
813 1524 1046 1596 quidem
1076 1524 1280 1578 litteras
1308 1527 1518 1594 prmter
1544 1521 1849 1594 Auguslini

149 1611 503 1665 voluntatem
529 1610 627 1665 diu
672 1627 776 1682 per
821 1611 1025 1665 Urbem
1055 1627 1118 1664 ac
1148 1626 1250 1681 per
1276 1609 1497 1664 Italiam
1527 1612 1849 1680 pervagatus

146 1697 712 1770 fuerant,antequam
741 1699 813 1753 ad
844 1698 1253 1770 Hieronymum
1275 1697 1660 1770 pervenirent.
1686 1698 1851 1752 Cum-

149 1803 261 1858 que
301 1787 364 1841 in
393 1787 464 1842 iis
491 1787 796 1842 nonnullas
831 1787 1002 1858 hujus
1045 1786 1367 1860 opiniones,
1397 1787 1494 1842 sed
1539 1786 1599 1840 in
1645 1785 1849 1856 primis

147 1876 217 1931 de
259 1875 416 1930 Petri
464 1892 528 1930 ac
587 1875 750 1930 Pauli
791 1874 1170 1942 contentione,
1215 1875 1396 1930 amice
1451 1875 1607 1930 idem
1651 1877 1848 1946 Augu-

152 1963 336 2019 stinus
393 1964 787 2036 impugnaret;
867 1963 1003 2018 hinc
1062 1964 1299 2035 factum,
1354 1967 1419 2018 ut
1482 1963 1576 2018 hic
1639 1963 1849 2018 librum

148 2053 419 2108 adversus
489 2053 654 2108 illum
723 2051 1112 2122 composuisse
1185 2069 1250 2106 ac
1327 2052 1567 2107 Romam
1623 2051 1846 2106 misisse

145 2142 318 2211 vulgo
361 2140 645 2196 diceretur
698 2141 901 2211 (Epist.
951 2144 1038 2204 67,
1087 2157 1142 2196 η.
1187 2140 1272 2212 2).
1329 2142 1564 2196 Sanctus
1609 2139 1846 2206 Presul,

146 2229 238 2285 cui
262 2230 518 2285 nondum
547 2233 902 2300 compertum
932 2234 1052 2283 erat
1079 2229 1368 2284 undenam
1397 2233 1716 2283 emanasset
1744 2227 1841 2282 ille

146 2335 365 2387 rumor,
397 2317 738 2389 Hieronymo
771 2317 941 2372 etiam
974 2321 1143 2388 atque
1173 2316 1344 2371 etiam
1373 2321 1672 2379 asseverat,
1703 2315 1763 2371 id
1789 2333 1846 2370 se

146 2408 309 2463 nullo
350 2413 514 2478 pacto
558 2406 756 2461 fecisse
798 2406 950 2477 quod
997 2405 1310 2472 dicebatur,
1353 2421 1458 2460 nec
1486 2405 1658 2460 modo
1688 2405 1844 2458 nolle

147 2497 270 2567 ejus
300 2496 363 2550 in
385 2513 444 2550 re
477 2496 593 2550 ulla
616 2495 905 2548 incurrere
933 2491 1336 2560 offensionem;
1371 2493 1469 2547 sed
1498 2493 1844 2563 voluptatem

146 2600 264 2639 non
294 2583 642 2639 mediocrem
668 2586 1096 2653 percepturum,
1129 2580 1178 2635 si
1206 2580 1316 2635 sibi
1345 2597 1466 2635 una
1494 2597 1623 2636 cum
1643 2580 1742 2635 illo
1773 2580 1849 2635 vi-

147 2689 300 2739 vere,
359 2675 457 2727 aut
503 2673 703 2725 saltem
755 2687 888 2726 eum
927 2671 1122 2724 crebro
1164 2685 1268 2740 per
1296 2669 1518 2724 litteras
1555 2670 1847 2724 consulere

145 2761 229 2816 fas
264 2765 436 2816 esset.
470 2762 598 2814 Erat
625 2759 880 2814 Asterius
909 2759 1292 2813 subdiaconus
1322 2757 1382 2812 in
1413 2758 1732 2829 procinctu,
1785 2762 1845 2812 ut

145 2868 175 2905 e
206 2849 516 2905 Palaestina
540 2849 599 2903 in
625 2849 874 2903 Africam
895 2848 1003 2902 iter
1024 2847 1316 2918 arriperet,
1349 2863 1479 2902 cum
1502 2847 1844 2918 Hieronymo

144 2938 373 2994 reddita
401 2941 484 2992 est
503 2937 601 2991 illa
621 2936 902 3008 posterior
925 2934 1230 3006 Augustini
1256 2934 1519 3005 epistola.
1550 2936 1745 3006 Itaque
1777 2935 1843 2989 ad

146 3041 280 3080 eum
350 3024 542 3080 statim
600 3040 703 3096 per
758 3022 1168 3077 subdiaconum
1235 3022 1501 3076 eumdem
1557 3021 1846 3092 rescripsit

147 3117 350 3186 (Epist.
416 3116 507 3185 68)
575 3129 704 3167 cum
771 3111 1156 3183 singularibus
1211 3109 1300 3164 sui
1349 3109 1410 3164 in
1460 3110 1844 3182 Augustinum

145 3202 362 3259 amoris
381 3201 746 3268 testimoniis,
762 3199 867 3255 etsi
891 3216 1004 3255 non
1025 3199 1145 3253 sine
1173 3198 1364 3270 aliqua
1379 3199 1654 3266 stomachi
1674 3198 1846 3270 signi-

145 3291 415 3348 ﬁcatione
445 3293 516 3347 ob
548 3295 890 3346 memoratas
921 3289 1056 3344 anni
1080 3289 1462 3344 trecentesimi
1487 3287 1846 3361 nonagesimi

144 3381 379 3454 septimi
425 3380 674 3448 litteras;
725 3396 866 3452 quas
906 3377 1283 3433 nihilominus
1307 3381 1499 3432 tamen
1525 3377 1676 3432 illius
1701 3393 1841 3444 esse,

142 3473 322 3541 negat
351 3469 535 3524 adhuc
559 3469 794 3524 omnino
826 3467 932 3522 sibi
953 3467 1459 3539 persuasum(Ibid.
1486 3470 1535 3521 et
1551 3468 1728 3536 Epist.
1750 3468 1842 3532 72,

141 3574 200 3613 η.
230 3559 318 3628 2).“
342 3558 527 3623 Quare
572 3556 956 3628 Augustinum
993 3559 1178 3626 rogat,
1209 3556 1293 3611 uti
1322 3571 1381 3610 se
1414 3555 1845 3627 quamprimum

143 3647 268 3718 ejus
325 3645 406 3699 rei
459 3645 626 3700 faciat
682 3645 1004 3700 certiorem.
1063 3644 1273 3700 Eadem
1311 3660 1489 3715 opera
1535 3644 1844 3699 secundam

142 3751 308 3789 suam
330 3734 391 3789 in
419 3734 694 3790 Ruﬁnum
721 3734 1049 3807 apologiam
1077 3738 1272 3789 sancto
1302 3733 1543 3788 Praisuli
1573 3733 1839 3817 deferenf

140 3825 275 3879 dam
311 3828 489 3878 curat.

208 3914 266 3968 4.
321 3913 415 3979 Ea,
448 3928 576 3984 qua:
604 3911 979 3982 Hieronymus
1025 3909 1249 3965 Asterio
1288 3909 1610 3964 crediderat
1652 3910 1846 3979 Augu-

139 4001 292 4056 stino
317 4000 630 4070 reddenda,
647 3999 781 4053 satis
801 3999 982 4053 multo
1008 4002 1136 4069 post
1152 3999 1212 4052 iu
1231 3997 1482 4052 Africam
1505 4011 1837 4068 pervenere.

138 4091 248 4146 Sed
297 4088 531 4143 interim
572 4087 923 4157 Augustinus
971 4087 1041 4142 ad
1081 4086 1490 4157 Hieronymum
1527 4083 1691 4138 binas
1721 4083 1844 4155 epi-

138 4179 321 4234 stolas
369 4175 526 4231 dedit
574 4176 769 4246 (Epist.
817 4177 909 4237 72,
952 4190 1008 4228 n.
1061 4173 1137 4243 1),
1172 4189 1417 4245 quarum
1447 4171 1607 4244 prior
1635 4171 1846 4227 excidit

139 4265 362 4340 injuria
387 4269 746 4336 temporum;
774 4262 1059 4334 posterior
1096 4278 1250 4330 vero,
1281 4262 1443 4333 cujus
1466 4260 1716 4327 initium,
1752 4264 1842 4317 Ea:

140 4372 248 4426 quo
270 4355 410 4425 ccepi
429 4353 503 4408 ad
523 4357 571 4407 te
591 4353 822 4407 scribere
843 4353 1036 4421 (Epist.
1063 4353 1177 4419 7t),
1204 4351 1397 4406 locum
1415 4350 1565 4404 inter
1589 4350 1712 4421 ejus
1729 4349 1847 4421 epi-

141 4445 328 4500 stolas
347 4442 417 4498 ad
446 4457 661 4497 annum
689 4439 1317 4513 quadringentesimum
1346 4438 1580 4494 tertium
1608 4437 1844 4493 obtinet.

144 4535 306 4590 Hanc
336 4530 389 4585 ei
412 4547 517 4602 per
553 4529 900 4602 Cyprianum
932 4528 1236 4584 diaconum
1265 4527 1422 4582 misit
1447 4543 1560 4582 una
1588 4543 1718 4582 cum
1748 4543 1847 4581 su-

139 4622 444 4694 periorum
473 4619 846 4691 epistolarum
875 4633 1108 4680 suarum
1135 4615 1438 4688 exemplis;
1468 4616 1620 4687 quod
1651 4632 1745 4670 eas
1775 4631 1848 4669 an

139 4709 472 4780 accepisset,
503 4725 703 4774 necne,
735 4706 1052 4780 ignorabat.
1085 4707 1150 4760 In
1185 4705 1291 4759 hac
1331 4705 1579 4775 ingenue
1609 4704 1843 4770 fatetur,

145 4798 392 4855 minime
435 4797 541 4852 sibi
595 4796 849 4869 probari,
899 4795 1055 4868 quod
1113 4794 1487 4865 Hieronymus
1531 4791 1849 4863 Scripturas

149 4905 342 4944 sacras
392 4903 460 4941 ex
500 4885 727 4941 hebraao
769 4883 945 4939 latine
988 4885 1359 4938 converteret.
1409 4880 1590 4944 Quam
1635 4880 1697 4934 in
1726 4875 1880 4935 rem'

146 4993 282 5032 eum
333 4974 603 5030 admonet
631 4972 910 5028 tumultus
947 4971 1006 5026 in
1035 4970 1298 5026 Africana
1327 4969 1574 5041 quadam
1606 4969 1851 5023 Ecclesia

149 5063 382 5122 excitati
417 5061 712 5116 occasione
742 5060 896 5115 vocis
921 5060 1167 5128 hederze,
1201 5075 1374 5131 quam
1397 5074 1502 5129 pro
1533 5057 1848 5124 cucurbita,

151 5171 266 5226 qua
295 5151 539 5207 dictione
571 5148 657 5203 usi
687 5153 819 5203 sunt
837 5148 1212 5220 Septuaginta
1239 5147 1602 5218 interpretes,
1626 5145 1686 5200 in
1709 5161 1852 5218 quo-

157 5245 289 5298 dam
319 5242 475 5297 Jonas
506 5240 655 5306 loco,
693 5241 1012 5309 usurparet.
1048 5237 1428 5307 Hieronymus
1457 5233 1560 5301 illi,
1594 5249 1724 5306 quae
1753 5234 1852 5288 de’-

152 5331 455 5397 sideratur,
485 5325 792 5397 Augustini
823 5325 1073 5396 epistolis
1102 5324 1397 5396 respondit
1417 5322 1856 5394 epistola,cujus

154 5419 386 5475 initium
415 5420 520 5484 est,
546 5416 773 5472 Crebras
803 5413 877 5468 ad
904 5429 987 5468 me
1011 5413 1261 5483 epistolas
1283 5413 1481 5480 dirigis
1503 5412 1706 5482 (Epist.
1732 5411 1852 5480 72);

150 5508 214 5564 in
237 5523 353 5582 qua
381 5504 618 5578 quidem
656 5503 830 5575 paulo
869 5500 1073 5572 magis,
1121 5517 1295 5572 quam
1334 5499 1395 5554 in
1437 5498 1722 5571 superiori
1751 5515 1857 5570 per

150 5596 442 5653 Asterium
469 5593 664 5661 missa,
695 5605 995 5663 nunquam
1033 5593 1228 5645 tamen
1257 5587 1378 5646 sine
1410 5586 1622 5644 amoris
1656 5586 1854 5643 obser-

503 5707 779 5775 PATROL.
828 5703 1079 5772 XXXII.

1612 339 1814 395 LIBER
1852 337 2176 404 QUINTUS.

3549 346 3652 399 330

1959 459 2277 529 vantiseque
2332 457 2393 513 in
2441 475 2572 515 eum
2617 477 2734 515 sum
2776 460 3190 531 testiﬁcatione,
3241 467 3648 525 stomachetur.

1957 546 2119 610 Quod
2146 551 2335 601 autem
2365 548 2436 602 ad
2466 549 2768 620 Augustini
2786 550 2958 604 libros
2985 551 3206 620 attinet,
3232 555 3416 608 nullos
3447 561 3649 626 praeter

1957 635 2080 706 ejus
2125 636 2434 708 Soliloquia
2479 641 2535 692 et
2579 640 2856 710 quasdam
2901 639 2964 694 in
3012 642 3263 696 Psalmos
3306 650 3653 700 commenta-

1955 723 2141 779 tiones
2186 724 2294 779 sibi
2341 725 2400 779 in
2447 727 2712 782 manibus
2742 744 2862 783 esse
2911 729 3214 800 signiﬁcat.
3248 732 3459 787 Verum
3506 734 3653 790 hanc

1956 811 2187 867 illorum
2217 815 2659 870 controversiam
2689 817 2861 871 modo
2897 817 3170 873 delibasse
3201 819 3465 888 sufﬁciat,
3499 838 3653 877 eam-

1956 901 2087 956 dem
2108 901 2175 957 ad
2204 903 2340 958 anni
2359 903 2910 982 quadringentesimi
2935 907 3123 978 quarti
3143 908 3319 964 ﬁnem
3342 926 3653 982 proseque-

1956 1006 2107 1045 mur.

2649 1083 2874 1138 CAPUT
2912 1086 2973 1139 X.

1963 1171 1982 1223 1
2019 1170 2312 1224 Donatistae
2327 1170 2710 1238 praedicatione
2733 1175 2979 1227 veritatis
3000 1175 3214 1228 irritati
3229 1177 3398 1230 multa
3415 1192 3517 1246 per
3546 1181 3656 1234 vim

2028 1257 2441 1325 aggrediuntur.
2465 1262 2498 1313 2
2527 1259 2868 1326 Augustinus
2894 1261 3190 1318 deerrando
3218 1265 3278 1317 in
3304 1266 3398 1318 via
3426 1268 3657 1336 eripitur

2027 1360 2094 1398 ea:
2120 1347 2384 1414 periculo.
2426 1350 2455 1401 3
2488 1347 2563 1402 0b
2594 1349 2852 1403 toleratas
2883 1351 2950 1402 ab
2979 1352 3099 1405 istis
3126 1350 3415 1408 violentias
3446 1357 3654 1422 confes-

2026 1446 2207 1486 serum
2243 1448 2431 1487 nomen
2469 1434 2846 1503 adipiscuntur
2878 1439 3142 1492 nonnulli.
3188 1440 3223 1493 4
3257 1442 3515 1512 Episcopi
3549 1445 3656 1500 Ca-

2030 1521 2215 1575 tholici
2245 1524 2557 1578 Donatistas
2595 1527 2867 1580 antistites
2897 1527 2972 1580 ad
3000 1528 3302 1583 habendum
3332 1532 3653 1601 colloquium

2022 1615 2320 1678 provocant
2350 1612 2574 1681 publica
2601 1615 3048 1683 interpellatione.
3083 1620 3112 1670 5
3152 1617 3220 1671 Id
3248 1620 3333 1673 illi
3373 1635 3470 1689 per
3503 1637 3656 1677 arro-

2027 1700 2272 1764 gantiam
2284 1701 2653 1756 recusantzad
2681 1718 2860 1757 eorum
2891 1704 3054 1759 laicos
3073 1706 3265 1759 scribit
3286 1708 3649 1774 Augustinus.

2032 1788 2082 1839 1.
2115 1785 2370 1841 Vidimus
2412 1788 2548 1842 alias
2579 1805 2844 1861 quasnam
2880 1795 3046 1857 esset,
3083 1795 3138 1846 et
3167 1797 3445 1862 quantum
3481 1794 3651 1848 rebus

1958 1873 2216 1928 Ecclesia:
2239 1876 2581 1932 conduceret
2600 1877 3142 1934 Maximianistarum
3162 1880 3402 1936 historia
3422 1883 3648 1952 (Supra,

1957 1961 2052 2016 lib.
2087 1965 2140 2030 3,
2170 1978 2292 2032 cap.
2331 1967 2385 2034 9,
2421 1981 2478 2018 η.
2513 1965 2582 2034 1).
2624 1965 2880 2021 Vidimus
2921 1967 3093 2022 etiam
3131 1968 3271 2040 quid
3313 1986 3464 2024 anno
3505 1987 3653 2042 qua-

1958 2048 2403 2120 dringentesimo
2424 2053 2610 2122 primo
2623 2055 2691 2108 de
2711 2055 3113 2126 perquirendis
3128 2057 3200 2112 ad
3221 2074 3347 2112 eam
3366 2059 3654 2130 pertinen-

1956 2137 2108 2191 tibus
2152 2140 2526 2210 autographis
2568 2142 2829 2198 statuerit
2859 2144 3304 2215 Carthaginense
3345 2147 3653 2204 concilium

1955 2225 2170 2298 (Codice
2220 2228 2492 2284 Canonum
2538 2230 2743 2297 Afric.,
2789 2247 2908 2286 can.
2959 2235 3070 2303 67).
3119 2235 3307 2288 Voluit
3351 2237 3650 2306 nimirum,

1956 2318 2019 2368 ut
2047 2318 2104 2369 et
2126 2314 2482 2371 cohortandis
2504 2319 2573 2372 ad
2597 2335 2796 2389 pacem
2824 2321 3131 2376 Donatistis
3151 2322 3514 2380 mitterentur
3535 2327 3658 2398 epi-

1955 2402 2109 2474 scopi
2142 2420 2154 2458 :
2185 2408 2242 2459 et
2269 2405 2369 2476 qui
2396 2405 2780 2474 mitterentur,
2806 2407 2951 2462 hanc
2969 2408 3332 2479 potissimum
3353 2411 3651 2468 historiam

1954 2491 2317 2563 publicorum
2348 2499 2639 2565 gestorum
2681 2497 2794 2550 ﬁde
2839 2500 3101 2552 testatam
3134 2498 3204 2552 ad
3233 2498 3651 2554 convincendos

1954 2580 2210 2652 ipsorum
2249 2582 2472 2638 animos
2511 2584 2845 2640 adhiberent
2875 2586 3067 2656 (Ibid.,
3110 2603 3230 2643 can.
3272 2588 3382 2658 69).
3418 2588 3652 2644 Concilii

1952 2669 2173 2739 placitis
2196 2671 2430 2742 egregie
2462 2672 2944 2744 obsecundarunt,
2975 2675 3074 2746 qui
3102 2675 3173 2730 ad
3209 2677 3316 2730 hoc
3346 2693 3491 2747 opus
3528 2677 3652 2732 fue-

1952 2759 2090 2810 runt
2127 2757 2306 2811 electi.
2341 2759 2608 2813 Eamdem
2647 2759 2800 2814 enim
2838 2760 3156 2829 historiam,
3190 2779 3649 2834 quaquaversum

1951 2849 2214 2914 potuere,
2268 2844 2512 2900 ferventi
2566 2847 3006 2903 diffamaverunt
3053 2849 3325 2904 instantia
3374 2868 3388 2907 :
3445 2869 3650 2924 resque

1952 2931 2095 2985 adeo
2136 2947 2334 2986 recens
2371 2936 2428 2988 et
2464 2934 2825 2989 manifestata
2867 2939 3006 3002 erat,
3037 2941 3102 2990 ut
3140 2937 3448 2993 Donatistae
3494 2940 3646 3010 quod

1953 3023 2151 3071 contra
2172 3018 2458 3086 afferrent,
2487 3020 2628 3074 nihil
2652 3021 2886 3077 omnino
2908 3021 3246 3077 invenirent.
3273 3026 3470 3096 Itaque
3492 3043 3649 3081 com-
3717 3021 3721 3026 ’

1952 3106 2166 3176 plures,
2198 3106 2433 3161 salutari
2461 3109 2800 3163 verecundia
2837 3109 3071 3180 perfusi,
3118 3127 3356 3183 remque
3395 3117 3513 3167 tam
3552 3131 3648 3168 ex-

1954 3195 2232 3266 ploratam
2262 3211 2472 3266 negare
2510 3197 2696 3264 veriti,
2738 3215 2991 3254 errorem
3024 3216 3191 3254 suum
3228 3201 3558 3271 ejurarunt;
3587 3219 3650 3256 ac

1953 3285 2136 3338 multo
2167 3284 2584 3356 frequentiores
2615 3294 2779 3342 erant
2821 3303 2994 3359 quam
3029 3293 3197 3344 antea
3232 3289 3304 3343 ad
3344 3290 3650 3346 Ecclesiam

1954 3374 2196 3442 reditus;
2229 3375 2326 3429 sed
2364 3375 2614 3430 maxime
2643 3376 2702 3430 in
2741 3376 2809 3431 iis
2848 3378 3003 3444 locis,
3039 3379 3138 3433 ubi
3175 3379 3384 3434 minori
3422 3380 3652 3436 licentia

1954 3462 2219 3518 saeviebat
2247 3463 2782 3520 Circumcellionum
2815 3466 3143 3522 immanitas
3173 3467 3357 3540 (Ibid.,
3390 3473 3440 3523 et
3468 3471 3646 3539 Epist.

1961 3556 2080 3616 185,
2107 3569 2159 3608 n.
2199 3556 2300 3623 17).
2333 3555 2541 3610 Verum
2572 3572 2700 3627 quas
2730 3556 2824 3610 lux
2853 3557 3103 3612 veritatis
3133 3558 3274 3613 alios
3301 3559 3647 3628 illustrabat,

1953 3641 2152 3696 eadem
2191 3641 2436 3696 aliorum
2473 3642 2786 3697 caecitatem
2832 3645 3177 3715 adaugebat.
3235 3646 3457 3700 Etenim
3506 3664 3650 3718 quos

1955 3729 2311 3784 delectabant
2349 3730 2631 3784 mendacii
2668 3732 2939 3797 tenebrae,
2981 3732 3042 3786 hi
3089 3732 3371 3788 rationem
3419 3750 3651 3790 omnem

1954 3816 2300 3871 defensionis
2326 3816 2435 3871 sibi
2469 3818 2813 3874 subtractam
2851 3835 3002 3889 aegre
3042 3819 3307 3886 ferentes,
3353 3823 3508 3876 solito
3539 3839 3652 3878 cre-

1955 3905 2102 3960 brius
2130 3909 2181 3960 et
2209 3905 2491 3973 audacius,
2529 3906 2720 3977 inquit
2746 3907 3120 3978 Augustinus,
3153 3909 3650 3964 Circumcellionum

1951 3995 2220 4048 violentiis
2235 3995 2514 4063 turbisque
2529 3994 2839 4061 furentibus
2859 4011 2953 4050 nos
2967 4012 3000 4050 a
3013 3997 3368 4065 praedicanda
3389 3998 3654 4052 catholica

1951 4083 2199 4149 veritate,
2243 4097 2448 4150 suaque
2493 4083 2724 4149 fallacia
2764 4083 3126 4138 convincenda
3174 4085 3440 4139 deterrere
3486 4101 3654 4156 caepe-

1952 4173 2082 4224 runt
2111 4170 2333 4241 (Contra
2359 4171 2626 4239 Crescon.,
2660 4170 2754 4225 lib.
2793 4174 2843 4237 3,
2877 4187 2934 4226 n.
2977 4172 3088 4241 49).
3126 4171 3278 4226 Nihil
3311 4171 3465 4227 aliud
3489 4179 3652 4244 opta-

1953 4257 2092 4312 bant
2117 4257 2369 4330 episcopi
2397 4257 2681 4327 catholici,
2713 4275 2887 4331 quam
2913 4263 2976 4314 ut
2998 4259 3105 4314 sibi
3133 4259 3328 4316 liceret
3357 4261 3655 4318 veritatem

1953 4346 2288 4418 praedicare,
2320 4363 2434 4418 quo
2472 4347 2680 4419 quibus
2718 4349 2988 4420 placeret,
3021 4365 3149 4404 eam
3188 4349 3363 4405 libere
3403 4367 3466 4405 ac
3497 4351 3658 4406 omni

1954 4439 2177 4490 remota
2217 4435 2509 4490 coactione
2555 4437 3053 4507 amplecterentur.
3097 4439 3169 4493 At
3214 4438 3468 4493 haeretici
3508 4439 3658 4494 hanc

1956 4523 2236 4595 episcopis
2272 4524 2597 4579 facultatem
2626 4525 2980 4596 adimebant,
3011 4541 3327 4598 omnesque
3365 4526 3655 4582 violentiis

1957 4611 2073 4666 suis
2126 4611 2464 4667 territabant
2509 4613 2701 4684 (Epist.
2755 4615 2875 4681 105,
2926 4629 2981 4668 n.
3037 4617 3110 4681 3).
3171 4614 3260 4669 Sic
3308 4620 3655 4683 exarserunt,

1953 4705 2019 4755 ut
2047 4700 2233 4754 verbis
2266 4701 2573 4771 Augustini
2613 4703 2936 4773 loquamur,
2974 4705 3024 4756 et
3062 4705 3230 4757 tantis
3259 4707 3385 4758 sunt
3414 4705 3660 4760 odiorum

1954 4790 2197 4844 stimulis
2234 4791 2473 4857 incitati,
2506 4793 2568 4843 ut
2607 4795 2799 4847 contra
2840 4806 3020 4845 eorum
3056 4791 3292 4847 insidias
3335 4797 3498 4862 atque
3534 4797 3657 4849 vio-

1957 4878 2151 4932 lentius
2179 4881 2230 4931 et
2267 4880 2616 4946 apertissima
2645 4880 2949 4948 latrocinia,
2982 4881 3081 4933 via:
3119 4881 3242 4935 ullae
3277 4886 3474 4936 nostra:
3511 4897 3652 4936 com-

1955 4967 2234 5020 munionis
2280 4967 2530 5021 Ecclesiae
2570 4971 2790 5035 possent
2836 4982 2946 5022 esse
2995 4982 3222 5036 secum;
3259 4971 3356 5023 via:
3403 4971 3517 5024 ulla
3568 4971 3661 5023 via

1958 5056 2098 5120 tuta,
2128 5069 2238 5122 qua
2258 5055 2362 5108 iter
2385 5059 2604 5122 agerent
2622 5057 2943 5126 quicumque
2963 5057 3224 5113 adversus
3254 5073 3434 5113 eorum
3457 5058 3663 5113 rabiem

1950 5159 2142 5214 pacem
2199 5143 2520 5199 catholicam
2580 5144 2959 5214 pradicarent,
2999 5161 3284 5216 eorumque
3339 5145 3661 5200 dementiam

1952 5232 2248 5300 perspicua
2270 5233 2496 5286 veritate
2524 5234 2912 5289 convincerent.
2946 5236 3121 5304 Usque
3148 5235 3279 5290 adeo
3302 5249 3528 5304 prorsus
3555 5249 3662 5288 non

1958 5320 2131 5375 solum
2171 5320 2346 5388 laicis,
2378 5322 2462 5375 vel
2507 5321 2830 5392 quibuslibet
2872 5323 3104 5390 clericis,
3136 5323 3231 5377 sed
3246 5343 3258 5350 ·’
3275 5324 3410 5391 ipsis
3454 5336 3663 5390 quoque

1960 5409 2226 5478 episcopis
2273 5410 2551 5465 catholicis
2591 5410 2827 5479 quodam
2874 5412 3029 5466 modo
3065 5409 3469 5481 proponebatur
3519 5409 3664 5464 dura

1962 5496 2218 5552 conditio.
2249 5497 2364 5552 Aut
2398 5499 2539 5553 enim
2567 5498 2794 5554 tacenda
2820 5503 2937 5554 erat
2965 5501 3188 5564 veritas,
3220 5501 3316 5552 aut
3353 5512 3534 5553 eorum
3561 5499 3662 5552 im-

1962 5587 2203 5642 manitas
2225 5586 2570 5655 perferenda.
2600 5586 2707 5644 Sed
2733 5588 2785 5643 si
2810 5588 3010 5642 veritas
3041 5588 3325 5654 taceretur,
3355 5601 3464 5643 non
3491 5587 3665 5643 solum

3085 5699 3348 5784 (0nze.)
