4062 6378
401 383 495 434 331

394 518 547 561 nemo
566 497 809 567 eratejus
830 491 1042 550 silentio
1061 483 1391 546 liberandus,
1406 478 1500 535 sed
1518 476 1679 531 multi
1697 475 1859 528 etiam
1880 469 2097 523 illorum

398 558 701 650 seductione
715 558 999 656 perdendi.
1016 580 1076 633 Si
1088 580 1263 629 autem
1280 569 1528 626 veritatis
1537 563 1923 636 praedicatione
1941 558 2100 624 furor

398 696 580 739 eorum
618 677 690 732 ad
731 670 1058 730 smiendum
1094 663 1494 734 provocaretur,
1539 651 1814 721 aliquibus
1859 645 2100 701 liberatis

398 770 708 837 nostrisque
734 761 986 833 ﬁrmatis,
1020 767 1210 810 rursus
1240 767 1275 804 a
1303 745 1575 816 sequenda
1610 743 1837 795 veritate
1864 732 2100 804 formido

403 822 692 929 impediret
734 822 980 920 inﬁrmos.
1025 842 1216 912 (Epist.
1283 839 1406 905 185,
1455 850 1511 888 n.
1569 831 1674 899 18).
1733 830 1918 896 Atque
1979 822 2103 874 haec

407 908 655 929 "'u""-‘~
795 908 805 920 .
1035 908 1038 910 η
1087 908 1104 912 _

405 949 639 1005 fuerunt
661 943 722 996 in
759 953 949 1004 causa,
990 948 1091 986 cur
1129 927 1428 992 antistites,
1453 926 1518 976 ut
1547 933 1696 974 anno
1734 910 1992 984 sequenti
2019 908 2102 961 vi-

408 1035 528 1092 suri
547 1047 762 1096 sumus,
778 1018 1142 1094 Imperatoris
1162 1012 1498 1087 praesidium
1518 1006 1911 1077 implorarent.
1937 1002 2102 1052 Anno

407 1141 541 1181 vero
574 1115 854 1191 superiori
885 1111 1125 1167 furiosos
1147 1104 1402 1176 ejusdem
1425 1094 1690 1152 factionis
1711 1093 1946 1145 conatus
1976 1101 2104 1139 san-

409 1219 532 1270 ctus
559 1207 773 1266 Praesul
813 1199 1159 1275 querebatur
1190 1193 1249 1246 in
1289 1192 1412 1245 haec
1451 1185 1618 1240 verba
1654 1198 1666 1236 :
1701 1181 1793 1234 An
1830 1190 1953 1231 vero
1990 1175 2104 1228 vio-

412 1306 567 1362 lentis
612 1295 917 1355 incursibus
967 1283 1459 1346 Circumcellionum
1504 1276 1823 1334 vestrorum,
1868 1266 1965 1334 qui
2009 1262 2106 1317 sub

410 1398 586 1449 vestro
621 1386 936 1460 principatu
972 1375 1196 1446 furiosis
1236 1365 1544 1437 agminibus
1587 1360 1846 1422 militant,
1893 1369 2001 1407 non
2041 1367 2107 1404 ex

414 1483 565 1552 agris
595 1441 835 1544 undique
857 1469 1204 1540 pelleremur;
1227 1459 1338 1512 nisi
1366 1469 1456 1508 vos
1485 1449 1693 1507 obsides
1714 1449 1772 1500 in
1798 1441 2108 1499 civitatibus

1242 1549 1255 1552 -
1338 1548 1348 1552 -
1545 1542 1566 1552 -
1639 1539 1649 1550 .
1781 1533 2028 1552 αλκ-ω
2067 1534 2108 1552 Α,

416 1533 728 1630 timeremus,
763 1563 858 1631 qui
895 1569 1104 1628 quoquo
1133 1549 1286 1604 modo
1326 1548 1505 1614 ipsam
1532 1539 1731 1607 faciem
1760 1533 2032 1604 publicam
2061 1534 2110 1582 et

417 1661 754 1714 honestorum
783 1644 1260 1718 reprehensionem,
1288 1639 1336 1688 et
1355 1635 1404 1687 si
1431 1645 1537 1685 non
1566 1630 1776 1690 timore,
1798 1622 1879 1676 vel
1907 1618 2112 1690 pudore

789 1741 816 1792 ?
837 1704 1062 1804 (Contra
1092 1731 1322 1784 Litteras
1351 1717 1624 1781 Petiliani,
1659 1714 1752 1768 lib.
1786 1713 1838 1775 2,
1874 1725 1930 1762 η.
1969 1704 2108 1775 184).

487 1793 556 1890 ἐξ
708 1828 831 1899 ipso
851 1793 1054 1878 forsan
1082 1822 1337 1885 tempore
1359 1812 1490 1880 post
1519 1801 1919 1860 demandatam
1945 1793 2115 1848 variis

491 1881 542 1890 ’.⁷
577 1881 648 1886 “’“
669 1881 682 1883 Ὗ
731 1881 750 1899 ι
1204 1881 1222 1885 .-

420 1918 718 1996 episcopis,
752 1918 804 1968 et
833 1910 986 1967 haud
1017 1905 1185 1961 dubie
1217 1903 1275 1956 in
1306 1895 1507 1969 primis
1532 1888 1873 1960 Augustino,
1907 1881 2114 1954 pracdi-

1259 1988 1295 1996 ’⁸
1602 1978 1810 1996 ¹¹¹λ1ξ⁶ΑΑ
1845 1975 2113 1996 Πμ-μ-ι.-.υ.μκ

419 1975 613 2068 caudae
635 1997 1004 2061 schismaticis
1032 1988 1351 2048 concordiae
1372 1997 1567 2039 curam
1599 1978 1813 2050 (Codice
1842 1975 2116 2030 Canonum

668 2109 789 2150 can.
821 2089 928 2156 69),
969 2085 1117 2140 idem
1161 2081 1385 2133 sanctus
1415 2070 1659 2127 Antistes
1698 2066 1759 2119 in
1796 2061 2118 2135 periculum

422 2147 628 2168 ⁵⁵1⁷⁷⁷⁷7
677 2147 687 2150 τ
893 2147 925 2156 ιν

422 2187 663 2244 minime
693 2177 916 2236 silentio
935 2163 1495 2246 praetermittendum
1518 2154 1774 2212 incurrit.
1804 2147 2119 2206 Catholicos

421 2275 619 2348 plebes
647 2284 766 2324 non
803 2263 1216 2333 infrequenter,
1241 2258 1305 2308 ut
1342 2267 1436 2305 eas
1463 2247 1769 2302 instrueret
1807 2245 1978 2310 atque
2021 2235 2119 2289 ad-

1293 2345 1299 2348 Α
1401 2339 1411 2348 ·
1498 2335 1507 2346 ·
1581 2335 1593 2348 ι
1658 2337 1666 2348 -
1723 2330 1832 2348 rx»-
1872 2323 2094 2348 _-:_i-I

422 2323 707 2419 {tertendo
736 2323 1118 2413 confirmaret,
1147 2323 1376 2413 rogatus
1397 2335 1694 2392 iuvisebat.
1721 2330 1843 2393 Qua
1872 2342 1932 2380 re
1960 2323 2124 2378 intel-

421 2451 570 2505 lecta
601 2438 1093 2500 Circumcelliones
1115 2427 1320 2486 armati
1348 2425 1464 2479 vias
1498 2419 1820 2476 obsidentes
1851 2413 1969 2482 ejus
1994 2412 2122 2464 cha-

606 2529 910 2604 aliquoties
939 2518 1189 2579 insidiati
1218 2518 1369 2571 sunt.
1402 2514 1474 2565 At
1501 2524 1630 2562 cum
1659 2502 1964 2574 aliquando
1993 2514 2125 2553 eum

426 2628 507 2681 ita
534 2597 793 2678 instructi
833 2611 1221 2686 exspectarent
1259 2604 1389 2657 illac
1426 2597 1823 2656 transiturum,
1866 2605 1980 2660 qua
2022 2603 2126 2640 nec

429 2715 552 2786 ipse
575 2727 678 2765 nec
702 2706 798 2763 alii
826 2701 1048 2759 itineris
1068 2695 1305 2752 comites
1325 2690 1561 2743 illorum
1576 2698 1782 2737 manus
1808 2679 1926 2734 ullo
1957 2676 2125 2730 modo

427 2769 660 2858 vitaturi
691 2798 897 2859 essent,
937 2782 1215 2857 singulari
1251 2779 1353 2834 Dei
1391 2772 1745 2847 providentia
1776 2769 1990 2822 factum
2021 2769 2124 2830 est,

431 2895 496 2944 ut
526 2887 650 2943 falsi
676 2885 736 2938 in
764 2880 915 2937 bivio
944 2855 1194 2931 ductoris
1226 2882 1415 2922 errore
1454 2863 1521 2917 de
1551 2864 1705 2915 recta
1731 2856 1823 2910 via
1860 2855 2126 2908 deflecte-

429 2941 792 3043 rent.Atque
821 2967 890 3022 ad
919 2979 1050 3019 eum
1080 2958 1318 3014 modum
1349 2952 1698 3012 deerrantes,
1731 2961 1845 3016 quo
1877 2941 2128 2996 destina-

429 3067 591 3130 bant,
623 3077 727 3134 per
767 3055 994 3112 devium
1025 3051 1132 3104 iter
1173 3056 1502 3118 pervenere,
1546 3054 1607 3090 ac
1647 3034 1994 3089 furiosorum
2033 3029 2133 3082 ho-

433 3154 658 3209 minum
674 3145 908 3203 insidias
930 3153 1175 3195 evasere.
1191 3132 1482 3189 Intellecto
1493 3130 1691 3196 postea
1708 3120 2131 3176 Donatistarum

435 3239 694 3304 consilio,
725 3232 841 3290 liBti
887 3231 957 3284 ob
996 3233 1116 3281 tam
1155 3225 1546 3293 Opportunum
1585 3225 1861 3276 errorem,
1910 3208 2022 3260 Deo
2064 3205 2132 3257 de

435 3294 693 3402 periculo
725 3323 794 3376 ab
821 3309 960 3389 ipsis
987 3311 1322 3386 pr0pulsato
1350 3303 1560 3377 gratias
1585 3297 1957 3353 reddiderunt
1983 3294 2132 3361 (Pos-

436 3383 638 3483 sidius,
681 3413 742 3466 in
804 3383 933 3465 Vita
988 3383 1311 3468 Augustini,
1360 3411 1401 3449 c.
1450 3394 1543 3457 l2;
1592 3385 1903 3450 Enchirid.,
1951 3399 2006 3436 n.
2058 3383 2132 3450 5).

439 3509 644 3563 Contra
680 3515 814 3555 vero
857 3487 1354 3551 Circumcelliones
1395 3482 1454 3536 in
1497 3477 1727 3533 clericos
1769 3473 2006 3528 laicosve
2042 3486 2136 3523 ca-

438 3594 680 3651 tholicos
709 3587 872 3643 solita
901 3599 1001 3638 sua
1031 3576 1364 3634 crudelitate
1396 3571 1542 3624 iram
1571 3580 1800 3620 omnem
1843 3563 2138 3616 converte-

436 3687 590 3740 runt.
625 3683 697 3735 Ex
728 3692 840 3749 quo
871 3670 1079 3735 evenit,
1101 3671 1166 3722 ut
1195 3665 1255 3719 in
1284 3677 1411 3716 eam
1440 3674 1564 3713 rem
1591 3651 1964 3726 inquisitione
1993 3648 2139 3702 facta

437 3770 732 3845 publicum
787 3759 1238 3819 instrumentum
1295 3751 1562 3804 adversus
1611 3760 1708 3798 eos
1763 3739 2139 3795 conﬁceretur

440 3837 753 3934 (Possidius,
782 3857 841 3908 in
877 3853 1005 3906 Vita
1032 3841 1352 3912 Augustini,
1386 3854 1429 3892 c.
1469 3837 1578 3903 l2).

510 3953 566 4005 3.
606 3947 1000 4018 Hipponenses
1039 3932 1246 3996 clerici,
1297 3943 1426 3999 quae
1469 3926 1603 3976 ante
1654 3915 1888 3974 Honorii
1935 3913 2137 3978 edicta,

440 4043 496 4094 et
523 4039 668 4092 forte
699 4032 870 4088 etiam
910 4033 1042 4082 ante
1080 4023 1251 4090 hujus
1280 4013 1419 4069 anni
1453 4008 1777 4073 concilium,
1811 4022 1845 4059 a
1885 4003 2139 4057 Circum-

441 4123 778 4182 cellionibus
807 4118 1027 4189 patrata
1053 4089 1282 4164 fuerant
1307 4101 1728 4157 memorantes:
1763 4092 2018 4158 Insidias,
2044 4089 2140 4142 in-

443 4215 668 4288 quiunt,
701 4212 760 4262 in
788 4202 1073 4259 itineribus
1099 4196 1301 4251 nostris
1336 4189 1600 4258 episcopis
1629 4182 1981 4245 tetenderunt,
2014 4192 2140 4231 con-

1131 4287 1138 4288 ’
1337 4281 1346 4288 '
1415 4280 1425 4288 ·
1494 4278 1503 4288 ο
1673 4287 1707 4288 κγ
1774 4271 1946 4288 γμμ-η-Α
1993 4267 2140 4288 I_:-:-

443 4267 658 4358 glericos
685 4298 894 4350 nostros
917 4288 1098 4358 plagis
1119 4278 1526 4337 immanissimis
1551 4271 1964 4342 quassaverant,
1988 4267 2141 4320 laicis

447 4403 656 4461 quoque
683 4389 734 4440 et
766 4357 961 4452 plagas
992 4372 1346 4444 gravissimas
1384 4365 1722 4433 inﬂizcerunt,
1754 4363 1803 4412 et
1841 4357 2143 4411 intulerunt

446 4445 627 4534 eorum
663 4445 909 4540 aedi-ﬁciis
938 4461 1188 4520 incendia
1221 4457 1418 4528 (Epist.
1453 4455 1543 4520 88,
1571 4467 1626 4504 n.
1665 4448 1737 4517 6).
1772 4445 1867 4500 His
1889 4445 2145 4514 jungunt

446 4532 727 4622 celebrem
757 4532 908 4629 apud
937 4548 1320 4622 Augustinum
1340 4538 1605 4597 Restituti
1625 4533 1943 4608 presbyteri
1974 4532 2146 4587 histo-

663 4621 977 4704 Restitutus
1024 4621 1120 4694 ille
1171 4637 1240 4691 de
1291 4636 1442 4687 secta
1473 4625 1892 4683 Donatistarum
1936 4621 2140 4688 fuerat,

444 4709 780 4798 Victorianus
807 4735 867 4789 in
898 4723 1250 4801 Hipponensi
1281 4717 1506 4776 dioecesi
1537 4716 1656 4770 sitae
1687 4713 2013 4785 presbyter;
2044 4709 2144 4781 qui

447 4828 700 4887 veritatis
727 4825 781 4878 vi
808 4823 1123 4894 permotus,
1147 4810 1421 4867 electione
1450 4804 1687 4860 omnino
1714 4799 2056 4865 voluntaria,
2080 4815 2143 4852 ac

449 4921 571 4975 sine
614 4915 732 4971 ulla
770 4912 1106 4982 cujusquam
1143 4899 1432 4956 coactione
1474 4893 1755 4950 unitatem
1805 4887 2144 4942 catholicam

448 5011 572 5062 erat
601 4975 922 5073 amplexus;
948 4975 1069 5066 quo
1105 4996 1363 5059 tempore
1401 4986 1575 5053 leges,
1605 4980 1813 5052 quibus
1839 4975 1985 5047 jussi
2012 4979 2146 5030 sunt

449 5092 758 5151 Donatistae
788 5065 1078 5140 schismati
1106 5076 1397 5132 remittere
1418 5070 1703 5129 nuntium,
1725 5066 1972 5120 necdum
1997 5065 2144 5117 tule-

446 5190 537 5240 rat
577 5177 858 5238 Honorius
909 5174 1128 5242 (Contra
1178 5163 1536 5224 Crcsconium,
1583 5157 1673 5210 lib.
1719 5157 1780 5218 3;
1823 5153 2001 5220 Epist.
2052 5151 2140 5214 88,

445 5239 598 5338 6;
632 5269 807 5338 Epist.
852 5239 993 5331 10.5).
1039 5258 1179 5311 Cum
1227 5251 1403 5323 igitur
1449 5241 1721 5302 Restituti
1765 5239 2145 5293 mutationem

444 5361 681 5431 indigne
708 5355 922 5410 ferrent
958 5347 1132 5401 iidem
1161 5337 1436 5404 haeretici,
1469 5348 1669 5389 eorum
1707 5327 1896 5383 clerici
1927 5342 1990 5380 ac
2019 5326 2146 5380 Cir-

445 5413 846 5506 cumcelliones
883 5440 1036 5494 hunc
1076 5433 1247 5487 domo
1287 5427 1634 5482 abstractum
1671 5415 1923 5472 interdiu
1965 5414 2025 5468 in
2061 5413 2144 5467 vi-

446 5504 638 5596 cinum
668 5533 983 5595 castellum,
1016 5525 1305 5597 spectante
1341 5511 1733 5573 multitudine,
1764 5523 1952 5578 neque
1993 5504 2144 5561 obsi-

451 5634 598 5683 stere
635 5625 897 5683 audente,
938 5613 1202 5680 fustibus,
1237 5606 1426 5680 quoad
1475 5601 1828 5659 exsaturatus
1869 5598 2018 5650 esset
2055 5608 2144 5648 eo-

1604 348 1776 406 VITA
1833 345 1888 399 S.
1957 335 2341 397 AUGUSTINI
2397 329 2734 389 EPISCOPI.

3802 306 3913 360 332

2209 476 2339 514 rum
2364 458 2545 525 furor,
2560 446 3017 514 verberarunt,in
3037 440 3319 497 lutulenta
3332 436 3537 491 lacuna
3555 431 3923 493 volutarum,

2211 566 2274 604 ac
2299 553 2452 603 veste
2478 547 2705 617 juncea,
2736 553 2910 611 quam
2950 533 3163 589 budam
3204 527 3502 589 vocabant,
3544 521 3872 576 induerunt
3905 532 3920 568 :

2211 653 2453 708 cumque
2478 604 2647 688 illum
2675 604 2785 684 hoc
2816 629 3023 682 ornatu
3052 616 3467 690 aliquantisper
3512 611 3760 666 aliorum
3792 604 3927 677 qui-

2212 727 2342 781 dem
2368 725 2532 797 jocis,
2576 720 2822 775 aliorum
2869 729 3002 768 vero
3046 707 3228 764 dolori
3275 701 3681 774 exposuissent,
3715 711 3929 768 quem-

2213 783 2464 870 damuin
2520 783 2710 864 locum
2759 803 3136 862 abduxerunt,
3191 794 3352 864 cujus
3402 790 3559 844 aditu
3613 783 3932 842 Catholicis

2213 903 2480 958 omnibus
2521 895 2883 953 interdictum
2930 892 3068 952 erat,
3121 889 3178 939 et
3225 883 3318 936 vix
3346 883 3478 952 post
3507 874 3930 932 duodecimum

2215 993 2367 1046 diem
2419 987 2761 1042 dimiserunt
2801 983 3018 1052 (Contra
3060 973 3420 1036 Cresconium,
3464 966 3556 1021 lib.
3615 967 3669 1031 3,
3711 979 3770 1016 η.
3808 960 3927 1028 53).

2217 1083 2408 1150 Neque
2439 1077 2611 1131 etiam
2652 1074 2797 1127 forte
2842 1070 3008 1123 illum
3055 1061 3292 1118 omnino
3330 1057 3490 1112 abire
3517 1053 3672 1125 passi
3703 1053 3926 1114 essent,

2214 1170 2276 1224 ni
2322 1164 2729 1222 Proculcianus
2783 1173 2981 1213 eorum
3035 1154 3295 1224 Hippone
3352 1146 3650 1216 episcopus
3700 1139 3930 1194 veritus

2215 1257 2431 1321 fuisset,
2462 1269 2534 1309 ne
2564 1269 2630 1307 ea
2659 1251 2726 1305 de
2757 1264 2925 1302 causa
2966 1245 3026 1298 in
3063 1245 3156 1313 jus
3185 1239 3508 1293 traheretur
3542 1233 3740 1302 (Epist.
3796 1229 3929 1294 105,

2215 1363 2271 1401 n.
2306 1346 2381 1415 3).
2415 1319 2490 1398 De
2520 1343 2626 1396 hac
2655 1335 2946 1402 violentia,
2979 1333 3164 1401 deque
3195 1332 3279 1382 tot
3309 1325 3455 1390 aliis,
3489 1321 3700 1393 quibus
3731 1319 3931 1371 Dona-

2217 1406 2366 1490 tista:
2408 1429 2726 1487 Catholicos
2772 1441 2889 1479 suae
2937 1419 3190 1478 dioecesis
3228 1414 3526 1478 vexabant,
3558 1406 3930 1480 expostulare

2220 1523 2373 1594 apud
2405 1523 2682 1577 Caesarem
2730 1513 2919 1569 noluit
2947 1507 3300 1580 Augustinus
3328 1505 3529 1572 (Epist.
3579 1501 3667 1564 88,
3705 1512 3765 1550 η.
3811 1494 3870 1564 7)
3913 1509 3928 1546 :

2222 1627 2419 1667 verum
2460 1611 2692 1680 questus
2724 1607 2807 1658 est
2839 1597 3233 1655 tantummodo
3274 1591 3426 1664 apud
3456 1585 3930 1650 Proculeianum,

2222 1701 2333 1767 cui,
2383 1715 2454 1752 ne
2501 1692 2882 1767 ignorantiam
2913 1686 3212 1743 ostendere
3263 1684 3475 1752 posset,
3507 1677 3634 1730 illas
3676 1671 3931 1727 authen-

2223 1792 2333 1846 tico
2377 1791 2525 1855 actu,
2557 1799 2670 1856 quo
2711 1781 2779 1836 de
2810 1783 2968 1834 tanta
3011 1772 3306 1829 sarcienda
3345 1766 3559 1838 injuria
3589 1778 3722 1818 eum
3763 1775 3931 1813 com-

2224 1878 2493 1950 pellabat,
2513 1847 2855 1943 Isiguiticavit
2879 1868 3099 1938 (Contra
3129 1861 3486 1923 Cresconium,
3513 1854 3606 1908 lib.
3637 1855 3688 1918 3,
3719 1866 3778 1904 n.
3819 1847 3932 1912 53).

2227 1967 2447 2037 Scripto
2478 1962 2748 2017 mandata
2768 1961 2851 2012 est
2870 1949 3230 2010 Proculeiani
3255 1944 3546 2018 responsio
3581 1958 3594 1996 :
3628 1937 3819 2011 qualis
3839 1950 3939 1988 au-

2226 2027 2368 2110 tem.
2392 2071 2458 2107 ea
2504 2049 2695 2115 fuerit,
2740 2059 3022 2116 nusquam
3072 2039 3333 2110 legimus.
3378 2034 3440 2088 Id
3470 2033 3655 2086 solum
3684 2027 3936 2088 constat,

2230 2145 2314 2199 illi
2342 2143 2500 2197 nullo
2545 2137 2714 2193 modo
2749 2132 3078 2188 violentiam
3124 2130 3272 2182 hanc
3308 2121 3502 2178 ulcisci
3552 2133 3702 2172 curre
3733 2115 3937 2180 fuisse,

2233 2233 2347 2286 imo
2387 2235 2442 2284 et
2488 2228 2558 2282 ab
2589 2245 2655 2282 ea
2698 2220 3038 2296 inquirenda
3068 2232 3302 2290 prorsus
3349 2209 3758 2266 dissimulasse.
3811 2204 3940 2266 Qua

2234 2336 2400 2374 causa
2431 2333 2562 2371 cum
2590 2312 2944 2383 Augustinus
2975 2309 3047 2363 ad
3076 2305 3402 2361 iterandum
3431 2299 3625 2354 statim
3653 2293 3929 2350 eumdem

2235 2412 2422 2462 actum
2453 2382 2736 2475 impulsus
2781 2400 2998 2464 fuisset,
3044 2396 3140 2450 ille
3172 2391 3313 2448 nihil
3345 2386 3590 2460 amplius
3639 2401 3698 2438 se
3744 2382 3940 2436 dictu-

2235 2513 2365 2551 rum
2408 2511 2528 2549 esse
2575 2491 2754 2547 Gestis
2799 2485 3120 2544 declaravit.
3179 2485 3257 2537 Ac
3293 2483 3494 2550 postea
3518 2473 3744 2529 sceleris
3770 2470 3940 2524 istius

2239 2602 2360 2640 reos
2399 2584 2460 2637 in
2497 2581 2962 2653 presbyterorum
2992 2573 3187 2628 ordine
3217 2569 3407 2624 videre
3435 2568 3576 2625 erat,
3604 2560 3704 2633 qui
3734 2559 3942 2614 Catho-

2239 2674 2359 2728 licis
2390 2669 2642 2742 quotidie
2667 2667 2850 2721 minas
2877 2665 3246 2725 intentarent,
3280 2670 3488 2726 eosque
3512 2666 3745 2724 quoquo
3776 2651 3939 2718 pote-

2239 2765 2366 2817 rant
2406 2737 2578 2813 inodo
2610 2757 2876 2811 vexarent
2906 2752 3112 2820 (Epist.
3151 2750 3240 2813 88,
3279 2762 3374 2800 nn.
3419 2746 3468 2807 6,
3515 2743 3587 2808 '7).
3622 2737 3941 2794 Restitutus

2239 2853 2343 2906 hac
2371 2849 2432 2902 in
2463 2846 2754 2902 occasione
2801 2841 3055 2913 primum
3084 2837 3316 2909 quidem
3349 2829 3703 2894 confessoris,
3734 2827 3796 2880 in
3827 2825 3940 2877 alia

2242 2942 2430 2992 autem
2462 2933 2724 3005 martyris
2747 2945 2977 3003 quoque
2994 2927 3227 2982 titulum
3251 2919 3564 2994 promeruit
3582 2918 3780 2989 (Epist.
3815 2916 3940 2978 133,
4011 2939 4016 2944 -

2239 3044 2297 3083 n.
2335 3028 2387 3096 1)
2418 3042 2431 3078 :
2463 3039 2663 3078 verum
2693 3021 2752 3076 id
2780 3035 2896 3073 non
2926 3014 3184 3086 contigit,
3218 3012 3326 3066 nisi
3357 3009 3571 3080 aliquot
3599 3009 3727 3076 post
3754 3002 3942 3069 annis,

2243 3112 2725 3187 quemadmodum
2750 3125 2852 3162 suo
2881 3109 2999 3160 loco
3018 3100 3305 3158 narraturi
3325 3096 3834 3153 sumus.Cteterum
3856 3106 3947 3144 ex-

2243 3204 2532 3274 ploratum
2555 3215 2672 3253 non
2690 3197 2987 3258 habemus,
3013 3208 3150 3246 num
3172 3189 3437 3261 quaedam
3450 3201 3554 3256 per
3571 3183 3688 3237 vim
3709 3198 3742 3234 a
3764 3182 3948 3234 Dona-

2243 3268 2388 3346 tistis
2417 3291 2585 3359 facta,
2617 3303 2884 3360 quorum,
2919 3284 3063 3338 sicut
3092 3286 3148 3336 et
3177 3277 3447 3335 Restituti
3486 3274 3845 3330 mentionem
3879 3268 3948 3322 si-

2245 3381 2366 3435 mul
2396 3379 2528 3434 facit
2556 3357 2926 3447 Augustinus,
2962 3372 3034 3427 ad
3072 3371 3178 3425 hoc
3209 3373 3432 3438 tempus
3462 3360 3759 3417 referenda
3810 3357 3944 3412 sint.

2247 3470 2487 3534 Quidam
2531 3461 3025 3536 Casphalianensis
3067 3458 3384 3530 presbyter,
3427 3451 3663 3507 nomine
3704 3449 3944 3510 Marcus,

2248 3575 2348 3613 sua
2367 3562 2570 3628 sponte
2600 3571 2663 3609 ac
2690 3553 2921 3608 nemine
2949 3553 3185 3621 cogente
3207 3546 3278 3601 ad
3301 3543 3638 3599 catholicam
3664 3537 3946 3593 unitatem

2247 3647 2496 3701 redierat
2529 3662 2541 3699 :
2575 3660 2708 3699 eum
2745 3643 2885 3696 adeo
2927 3635 3212 3710 persecuti
3237 3637 3369 3688 sunt
3399 3629 3729 3695 Donatistae,
3759 3630 3829 3681 ut
3853 3624 3948 3679 ali-

2246 3735 2477 3807 quando
2521 3733 2758 3805 jamjam
2804 3731 3037 3783 illorum
3075 3723 3343 3780 manibus
3383 3724 3527 3774 esset
3556 3715 3946 3779 trucidandus,

2249 3823 2311 3877 ni
2344 3824 2489 3876 Deus
2514 3821 2774 3892 ipsorum
2800 3817 2916 3870 vim
2938 3814 3352 3870 nonnullorum
3373 3807 3674 3864 hominum
3697 3804 3952 3858 adventu

2250 3909 2677 3980 compressisset
2723 3906 2920 3977 (Epist.
2961 3906 3080 3968 105,
3127 3919 3182 3956 n.
3227 3900 3300 3970 3).
3343 3893 3690 3954 Marcianum
3721 3906 3952 3964 quoque

2252 4000 2564 4068 Urgensem
2589 3997 2701 4050 sive
2730 3995 3150 4065 presbyterum,
3184 3989 3299 4043 sive
3331 3988 3684 4058 episcopum,
3715 3997 3846 4036 cum
3879 3979 3953 4033 ad

2250 4087 2586 4141 catholicam
2643 4081 3110 4138 communionem
3166 4095 3224 4133 se
3275 4075 3596 4147 recepisset,
3652 4071 3788 4142 fuga
3845 4067 3954 4123 sibi

2251 4177 2548 4230 consulere
2589 4175 2933 4242 coegerunt;
2963 4185 3027 4224 ac
3061 4173 3186 4223 tum
3225 4166 3456 4220 illorum
3488 4159 3678 4216 clerici
3705 4160 3952 4213 interce—

2252 4269 2414 4336 ptum
2444 4263 2621 4334 ipsius
2650 4260 3082 4324 subdiaconum,
3118 4261 3175 4310 et
3196 4270 3374 4326 prope
3403 4267 3585 4323 usque
3611 4249 3680 4304 ad
3709 4251 3953 4301 mortem

2253 4369 2462 4407 caesum
2497 4350 2733 4422 ingestis
2781 4349 2931 4403 saxis
2979 4348 3296 4402 obruerunt
3348 4359 3362 4397 :
3413 4355 3659 4413 quorum
3707 4337 3857 4391 sedes
3893 4334 3953 4388 in

2252 4441 2487 4496 admissi
2515 4438 2769 4494 criminis
2800 4453 3026 4510 poenam
3058 4435 3177 4490 solo
3211 4435 3450 4504 aequata:
3474 4435 3610 4484 sunt
3639 4426 3844 4497 (Ibid.).

2323 4533 2376 4586 4.
2425 4531 2499 4584 Ex
2539 4529 2607 4583 iis
2655 4543 2797 4599 quos
2840 4525 3266 4581 Donatistarum
3310 4535 3530 4576 errores
3577 4515 3850 4570 tenebant
3875 4511 3953 4565 ir-

2251 4619 2470 4688 retitos,
2521 4633 2636 4672 non
2685 4615 2854 4687 pauci
2910 4630 3016 4669 nec
3081 4606 3646 4667 Circumcellionibns
3702 4599 3955 4671 nequitia

2251 4724 2418 4780 pares
2449 4711 2635 4774 erant,
2683 4721 2789 4760 nec
2824 4720 2930 4776 per
2959 4719 3017 4757 se
3049 4702 3183 4756 satis
3209 4699 3473 4754 valebant
3496 4693 3734 4766 judicio,
3769 4694 3830 4745 ut
3860 4706 3956 4743 ex-

2251 4796 2468 4866 templo
2500 4794 2794 4849 veritatem
2823 4791 3335 4862 amplecterentur;
3362 4790 3612 4840 attamen
3641 4781 3712 4835 ab
3740 4794 3808 4833 ea
3836 4793 3954 4831 non

2255 4885 2486 4940 omnino
2515 4900 2572 4938 se
2602 4882 2934 4954 praebebant
2956 4879 3177 4933 alienos
3208 4893 3222 4931 :
3257 4875 3354 4930 sed
3393 4872 3615 4945 quoties
3646 4887 3678 4924 a
3709 4867 3952 4923 Catholi-

2255 4975 2333 5029 cis
2353 4973 2729 5044 urgebantur,
2759 4968 3094 5026 dictitabant
3113 4982 3179 5022 ea
3203 4965 3271 5021 de
3289 4980 3350 5019 re
3372 4979 3504 5017 cum
3539 4959 3654 5015 suis
3677 4955 3956 5029 episcopis

2256 5078 2375 5117 esse
2419 5060 2857 5131 disputandum;
2904 5073 2963 5111 se
3003 5072 3138 5110 vero
3184 5055 3243 5108 in
3282 5052 3425 5107 votis
3455 5050 3686 5115 habere,
3719 5049 3784 5099 ut
3813 5045 3954 5099 inito

2254 5152 2405 5232 inter
2432 5155 2737 5220 utramque
2760 5150 2984 5217 partem
3013 5142 3320 5214 colloquio,
3349 5138 3664 5195 rationibus
3695 5137 3847 5189 ultro
3880 5134 3958 5187 ci-

2255 5245 2458 5310 troque
2489 5236 2803 5309 perpensis,
2834 5233 3017 5288 utrius
3033 5232 3211 5303 partis
3240 5233 3388 5284 esset
3409 5226 3634 5291 veritas,
3657 5222 3955 5293 dijudicari

2253 5333 2446 5398 posset
2485 5328 2708 5397 (Contra
2758 5325 3114 5388 Cresconium,
3171 5321 3266 5375 lib.
3318 5322 3371 5382 3,
3423 5333 3479 5370 n.
3533 5315 3647 5384 49);
3701 5313 3954 5376 Quorum

2257 5415 2478 5469 animos
2522 5428 2654 5467 cum
2701 5410 2780 5464 ita
2817 5412 3176 5479 comparatos
3208 5404 3600 5474 intelligerent
3639 5398 3952 5460 orthodoxi,

2255 5503 2326 5556 ad
2342 5500 2659 5556 coeundam
2688 5496 3167 5550 concertationem
3197 5493 3355 5546 illam
3387 5489 3720 5552 incubuere,
3744 5501 3806 5538 ac
3821 5483 3956 5555 -qui-

2252 5591 2358 5646 bus
2387 5589 2492 5645 viis
2523 5588 2580 5643 id
2606 5585 2962 5641 commodius
2979 5585 3162 5650 ﬁeret,
3183 5582 3244 5636 in
3267 5577 3519 5651 generali
3551 5574 3791 5631 concilio
3822 5574 3950 5629 Car-
