4062 6420
177 365 274 418 333

171 482 398 552 thagine
439 479 498 535 in
528 481 756 536 basilica
787 479 1047 536 secundae
1086 479 1334 550 regionis
1365 483 1561 534 octavo
1593 478 1859 532 kalendas

171 571 513 642 septembres
532 571 668 624 anni
698 569 992 640 praesentis
1019 568 1566 640 quadringentesimi
1585 568 1737 622 tertii
1757 569 1861 620 ha-

172 660 288 716 bito
317 659 647 714 discussere.
689 659 941 712 Adeeant
967 659 1116 713 inter
1144 659 1283 712 alios
1310 658 1566 729 Alypius,
1596 655 1863 726 Augusti-

170 765 274 805 nus
297 753 352 802 et
382 747 683 802 Possidius.
715 749 920 802 Eorum
941 765 1069 818 quae
1087 749 1192 801 hoc
1224 747 1281 801 in
1313 747 1548 801 concilio
1575 749 1700 818 post
1729 761 1856 799 exa-

172 838 413 892 minatos
441 837 660 906 legatos
682 840 804 890 acta
834 840 988 902 sunt,
1013 836 1154 890 nihil
1179 837 1299 907 jam
1331 840 1529 901 exstat,
1562 834 1716 906 quod
1746 849 1863 887 non

169 925 452 997 pertineat
475 925 547 978 ad
570 925 909 978 Donatistas.
938 926 1016 978 De
1044 925 1131 978 his
1153 925 1332 995 pridie
1354 925 1476 994 ejus
1498 923 1611 978 diei
1635 922 1864 977 habitus

170 1028 354 1068 sermo
384 1012 590 1078 fuerat,
618 1017 1009 1084 statutumque
1051 1028 1164 1066 uno
1187 1012 1448 1066 omnium
1469 1027 1770 1076 consensu,
1805 1013 1867 1064 ut

170 1100 559 1171 unusquisque
581 1100 994 1172 episcoporum,
1028 1102 1113 1155 vel
1143 1102 1318 1170 solus,
1349 1100 1434 1154 vel
1458 1099 1565 1154 sibi
1601 1099 1865 1170 adjuncto

177 1189 360 1243 vicino
392 1189 677 1260 episcopo,
701 1205 804 1259 per
831 1190 1196 1258 magistratus
1225 1193 1323 1243 aut
1342 1189 1599 1243 locorum
1616 1187 1868 1242 seniores

174 1279 496 1348 interpellet
534 1278 955 1332 Donatistarum
988 1277 1316 1345 antistitem,
1349 1282 1412 1332 ut
1441 1282 1564 1332 acto
1603 1294 1731 1332 cum
1761 1277 1870 1332 col-

177 1367 317 1436 legis
339 1370 616 1420 conventu
646 1367 971 1437 deligantur
993 1367 1062 1422 ab
1093 1367 1229 1438 ipsis
1272 1367 1491 1438 aliquot
1527 1383 1557 1421 e
1601 1383 1702 1421 suo
1759 1382 1867 1420 nu-

175 1474 356 1523 mero,
385 1457 482 1529 qui
507 1475 635 1511 cum
665 1458 1082 1526 Catholicorum
1107 1459 1306 1529 legatis
1327 1459 1637 1512 constituto
1669 1459 1790 1512 loco
1815 1462 1872 1512 et

175 1552 433 1617 tempore
473 1546 695 1601 discidii
725 1547 1168 1602 controversiam
1209 1564 1337 1602 cum
1367 1563 1504 1618 pace
1543 1547 1867 1614 discutiant,

175 1637 496 1706 faciantque
534 1640 592 1690 ut
630 1636 1030 1691 molestissima
1055 1637 1150 1691 illa
1198 1637 1491 1700 dissensio,
1527 1652 1641 1708 qua
1677 1636 1871 1706 plebes

175 1740 374 1779 omnes
404 1725 827 1793 scindebantur,
879 1726 1112 1782 tandem
1161 1726 1468 1798 aliquando
1517 1730 1708 1796 optato
1757 1726 1870 1780 ﬁne

174 1813 516 1868 terminetur
545 1814 752 1884 (Codice
789 1816 1062 1871 Canonum
1107 1817 1311 1885 Arria,
1339 1831 1456 1870 can.
1511 1818 1570 1869 91
1600 1832 1614 1883 ;
1673 1817 1873 1872 Contra

175 1905 534 1970 Cresconium,
557 1905 652 1959 lib.
687 1905 736 1971 3,
765 1921 827 1960 η.
853 1906 960 1968 49).
993 1904 1265 1960 Catholici
1285 1921 1404 1959 suae
1432 1903 1489 1958 in
1518 1920 1716 1975 pacem
1747 1921 1873 1975 pro-

174 1991 468 2062 pensionis
487 1992 879 2047 testimonium
902 1993 1009 2048 hoc
1028 1993 1162 2048 dare
1183 1994 1521 2064 gestiebant,
1548 1993 1874 2064 sperabant-

174 2097 286 2151 que
317 2082 578 2136 futurum
607 2085 668 2136 ut
708 2082 1035 2146 Donatistas,
1070 2081 1117 2136 si
1147 2081 1382 2152 quidem
1408 2082 1757 2152 colloquium
1787 2095 1875 2134 ac-

175 2170 452 2240 ciperent,
491 2171 649 2224 nullo
701 2170 932 2241 negotio
971 2170 1179 2224 erroris
1218 2170 1727 2237 convincerentur;
1780 2168 1869 2222 sin

177 2263 372 2314 autem
403 2258 544 2313 illud
569 2262 917 2325 recusarent,
947 2257 1006 2312 id
1037 2261 1373 2328 argumento
1402 2258 1544 2324 fore,
1568 2272 1740 2329 quam
1779 2273 1876 2327 pa-

175 2362 306 2400 rum
329 2363 512 2401 causas
543 2363 660 2401 suae
690 2347 930 2401 ﬁderent
957 2345 1232 2417 aequitati.
1284 2346 1419 2410 Quae
1464 2362 1552 2399 res
1582 2346 1652 2399 ad
1699 2345 1874 2399 abdu-

177 2435 390 2489 cendos
417 2435 488 2490 ab
528 2451 719 2489 errore
749 2436 991 2506 populos
1021 2451 1220 2489 eorum
1261 2451 1530 2506 sequaces
1577 2433 1874 2489 commode

179 2523 439 2578 adhiberi
470 2528 684 2594 posset.
717 2525 892 2577 Porro
922 2527 986 2578 ut
1013 2523 1292 2594 episcopis
1316 2523 1582 2578 omnibus
1615 2522 1872 2576 eamdem

175 2611 239 2665 in
268 2629 337 2667 eo
367 2611 651 2667 rationem
680 2611 842 2682 sequi
869 2611 1088 2666 facilius
1132 2617 1298 2678 esset,
1340 2610 1604 2666 Aurelius
1633 2627 1874 2664 conven-

176 2701 376 2768 tionis,
412 2718 524 2772 qua
553 2705 870 2768 uterentur,
911 2700 1219 2754 formulam
1260 2699 1513 2768 obtulit;
1561 2715 1688 2770 qua:
1735 2699 1878 2752 lecta

177 2791 395 2862 pariter
422 2790 490 2844 ab
518 2790 784 2844 omnibus
809 2789 1179 2860 comprobata
1217 2793 1319 2844 est.
1380 2790 1454 2843 Ea
1485 2787 1734 2842 Concilio
1781 2787 1875 2840 in-

178 2884 330 2934 serta
360 2879 530 2934 hodie
559 2879 785 2948 legitur.
828 2879 891 2932 In
922 2879 1044 2949 ejus
1083 2881 1272 2932 autem
1311 2877 1494 2932 fronte
1539 2875 1876 2946 supplicatio

175 2968 552 3039 prmmittitur
596 2969 869 3037 cujusque
924 2966 1081 3020 urbis
1145 2963 1500 3036 magistratui
1553 2963 1874 3018 deferenda.

179 3057 292 3120 Qui
323 3057 383 3111 in
415 3073 481 3111 ea
510 3055 767 3126 loquitur
796 3055 1107 3109 catholicus
1135 3054 1452 3125 episcopus,
1481 3053 1549 3107 ad
1585 3052 1640 3107 id
1667 3067 1726 3106 se
1755 3067 1880 3122 pro-

178 3147 379 3200 fitetur
447 3147 766 3200 auctoritate
802 3145 948 3197 illius
991 3143 1341 3212 amplissima:
1385 3141 1528 3196 sedis
1564 3139 1882 3211 jussionem

178 3235 332 3289 hanc
355 3232 668 3288 obtinuisse
693 3248 706 3299 ;
740 3247 868 3302 quas
895 3231 955 3285 in
986 3235 1173 3285 actum
1203 3229 1496 3285 referenda
1527 3233 1650 3284 erat
1677 3228 1883 3299 (Codice

179 3326 460 3381 Canonum
478 3320 686 3390 Afric.,
717 3337 834 3376 can.
870 3322 982 3390 92).
1017 3321 1127 3374 Nec
1156 3335 1290 3373 sane
1323 3317 1431 3372 alia
1461 3318 1530 3372 de
1555 3333 1742 3382 causa,
1771 3315 1884 3369 nisi

181 3417 249 3468 ut
279 3412 728 3483 impetrarentur
751 3408 1144 3480 hujuscemodi
1160 3408 1456 3479 jussiones,
1480 3406 1781 3462 concilium
1814 3405 1884 3460 ad

179 3502 408 3573 judices
439 3500 554 3555 sive
583 3499 993 3570 gubernatores
1020 3499 1236 3552 litteras
1263 3498 1389 3552 illas
1419 3496 1645 3551 mittere
1676 3499 1885 3550 statue-

179 3596 294 3658 rat,
325 3607 466 3662 quas
491 3588 717 3644 concilii
745 3587 979 3643 nomine
1006 3586 1295 3658 obsignari
1333 3587 1403 3640 ab
1452 3576 1718 3657 episcopo
1751 3584 1884 3637 Car-

177 3677 512 3750 thaginensi
541 3677 715 3748 cupit.
751 3678 942 3731 Exstat
969 3676 1155 3731 adhuc
1183 3674 1417 3746 supplex
1448 3673 1672 3728 libellus
1699 3670 1888 3726 idibus

180 3783 284 3838 sep
292 3766 526 3822 tembris
539 3765 673 3820 anni
687 3765 836 3836 quad
844 3765 930 3818 rin
937 3763 1240 3834 gentesimi
1252 3761 1405 3816 tertii
1419 3760 1736 3832 Septimino
1749 3758 1888 3814 Afri-

177 3873 263 3912 cae
296 3854 626 3928 proconsuli
654 3852 879 3908 concilii
895 3849 1356 3922 Carthaginensis
1379 3850 1611 3904 nomine
1633 3849 1883 3903 oblatus:

176 3962 301 4018 quo
333 3945 624 4000 declarant
652 3941 932 3996 antistites
961 3957 1038 4008 se,
1073 3939 1301 3995 tametsi
1321 3939 1598 3993 violenter
1633 3953 1665 3990 a
1695 3938 1888 3991 Dona-

175 4033 334 4091 tistis
355 4034 522 4100 facta,
550 4031 603 4085 vi
631 4031 824 4101 legum
845 4045 971 4083 eam
999 4029 1069 4082 ob
1089 4043 1319 4086 causam
1349 4027 1419 4081 ab
1444 4024 1887 4095 imperatoribus

173 4124 435 4178 latarum
471 4117 848 4188 comprimere
892 4121 1144 4188 possent,
1196 4114 1678 4186 quemadmodum
1723 4113 1776 4167 ei
1805 4113 1888 4166 illi

156 4209 294 4284 "ipsi
329 4209 532 4263 iisdem
561 4198 782 4276 legibus
796 4206 867 4260 ad
887 4205 1229 4259 coercendos
1256 4201 1693 4258 Maximianistas
1723 4201 1886 4256 abusi

175 4301 453 4367 fuerant;
486 4296 653 4350 malle
683 4300 874 4349 tamen
903 4294 1032 4348 illos
1067 4309 1202 4348 cum
1241 4290 1677 4346 mansuetudine
1727 4306 1888 4344 com-

177 4388 570 4454 monefacere,
593 4389 658 4440 ut
685 4386 770 4439 vel
789 4383 1087 4440 discidium
1107 4399 1274 4437 suum
1294 4380 1616 4452 repudient,
1639 4380 1727 4436 vel
1749 4379 1890 4435 illud

177 4495 308 4535 non
352 4474 882 4531 Circumcellionum
911 4471 1286 4537 immanitate,
1323 4469 1420 4524 sed
1443 4468 1678 4541 pacifica
1710 4468 1802 4523 via
1830 4469 1892 4524 in

179 4565 452 4638 legitima
476 4561 912 4630 concertatione,
944 4560 990 4614 si
1017 4559 1251 4631 quidem
1299 4558 1356 4613 id
1405 4574 1463 4613 se
1502 4573 1668 4628 posse
1713 4557 1891 4612 conﬁ-

180 4657 353 4717 dant,
383 4657 650 4707 tueantur
676 4668 690 4706 :
717 4654 890 4721 atque
940 4665 1066 4703 eam
1097 4648 1169 4703 ob
1207 4663 1330 4701 rem
1358 4646 1670 4716 postulant,
1706 4648 1768 4699 ut
1795 4661 1891 4698 eos

182 4760 299 4817 per
319 4743 570 4796 locorum
591 4739 976 4808 magistratus,
999 4740 1174 4808 prout
1192 4751 1418 4790 necesse
1439 4733 1743 4800 videbitur,
1759 4749 1891 4787 con-

181 4832 388 4888 venire
417 4829 524 4884 sibi
571 4829 735 4884 liceat
782 4828 989 4894 (Collat.
1023 4826 1280 4891 Carthag.
1327 4826 1376 4891 3,
1409 4837 1535 4890 cap.
1602 4821 1743 4892 174).
1791 4819 1892 4876 Cui

184 4919 463 4994 petitioni
482 4917 779 4973 confestim
811 4931 1073 4970 assensus
1104 4917 1189 4967 est
1224 4910 1591 4982 Septiminus.

265 5014 324 5065 5.
355 5009 554 5078 Itaque
581 5005 897 5060 Donatistas
925 5004 1071 5058 hanc
1099 5001 1161 5056 in
1179 5017 1299 5056 rem
1322 4997 1620 5054 convenire
1634 5012 1749 5051 non
1766 4996 1900 5051 omi-

187 5101 400 5154 serunt
422 5093 692 5150 Catholici
720 5093 847 5147 :sed
868 5092 950 5146 illi
971 5088 1320 5161 colloquium
1349 5086 1648 5142 obfirmato
1675 5100 1900 5156 semper

189 5186 395 5243 animo
418 5184 808 5238 detrectarunt
827 5185 883 5235 et
898 5183 1257 5246 recusarunt;
1281 5177 1476 5248 quibus
1491 5175 1689 5241 verbis,
1713 5172 1902 5244 inquit

194 5273 580 5345 Augustinus,
606 5285 708 5339 quo
739 5268 882 5338 dolo,
900 5269 1288 5334 maledictione,
1311 5264 1681 5320 amaritudine
1705 5264 1899 5332 plenis,

190 5379 344 5420 stunc
372 5364 593 5430 longum
614 5363 693 5414 est
711 5359 1075 5413 demonstrare
1096 5358 1263 5427 (Cont.
1298 5357 1493 5420 Cresa,
1523 5352 1618 5408 lib.
1643 5354 1695 5418 3,
1712 5367 1766 5406 η.
1787 5353 1900 5420 49).

194 5449 613 5510 Obtendebant
640 5449 830 5502 autem
861 5443 1386 5499 manifestissimum
1410 5439 1786 5496 intolerandae
1816 5456 1905 5493 su-

191 5540 418 5614 perbize
438 5539 862 5608 argumentum,
885 5532 1145 5588 videlicet
1160 5532 1312 5602 quod
1333 5531 1441 5586 sibi
1461 5546 1590 5584 cum
1611 5527 1908 5601 peccatori-

193 5632 311 5686 bus
335 5628 398 5685 in
416 5625 759 5699 colloquium
787 5623 979 5680 venire
1009 5621 1166 5677 nefas
1181 5622 1328 5676 esset
1346 5618 1539 5690 (Epist.
1567 5620 1690 5689 105,
1710 5632 1766 5672 n.
1799 5616 1904 5688 t3).

998 5820 1030 5852 κ

1638 355 1850 412 LIBER
1887 351 2215 423 QUINTUS.

3563 359 3664 422 334

1969 477 2147 532 Testis
2176 478 2346 550 hujus
2389 480 2472 534 rei
2499 480 2771 536 Primiani
2819 483 3278 554 Carthaginensis
3327 483 3662 558 arrogantiae

1968 566 2140 636 plena
2164 569 2488 638 responsio:
2516 570 2796 641 siquidem
2813 572 2882 626 de
2901 573 3202 628 collatione
3221 573 3479 630 habenda
3508 593 3662 631 com-

1968 655 2232 726 pellatus,
2268 659 2550 725 Indignum
2570 665 2667 727 est,
2701 660 2797 728 ait,
2828 667 2886 716 ut
2913 665 2973 716 in
2998 678 3164 717 unum
3203 668 3517 720 conveniant
3562 668 3665 735 ﬁlii

1970 750 2274 815 martyrum
2301 757 2351 802 et
2365 751 2642 817 progenies
2684 751 3010 806 traditorum
3038 751 3154 824 (Ad
3191 757 3504 809 Donatistas
3539 760 3661 824 post

1973 835 2188 905 Collat.,
2233 852 2291 890 η.
2327 836 2398 903 1).
2445 838 2603 901 Quod
2652 855 2986 909 responsum
3045 841 3255 913 scripto
3305 843 3662 914 magistratui

1957 923 2330 995 Carthaginis
2359 925 2534 992 dedit,
2579 943 2642 982 ac
2678 943 2782 998 per
2809 927 3115 985 diaconum
3143 947 3308 985 suum
3339 932 3488 1001 apud
3529 931 3663 985 scri-

1973 1013 2095 1080 bas,
2127 1014 2261 1082 sive,
2294 1019 2355 1069 ut
2374 1016 2629 1087 loquitur
2655 1019 3189 1091 Augustinus,apud
3207 1009 3330 1076 acta
3358 1021 3662 1076 dicendum

1975 1103 2281 1159 mandavit.
2315 1105 2585 1175 Superius
2617 1113 2808 1162 autem
2838 1111 2994 1179 (Cap.
3037 1112 3092 1179 8,
3123 1127 3176 1164 η.
3208 1111 3256 1178 6)
3289 1111 3460 1164 verba
3500 1126 3662 1181 quaa-

1977 1190 2108 1246 dam
2139 1192 2382 1248 vidimus
2411 1211 2440 1248 e
2459 1195 2666 1265 scripto
2682 1195 3134 1269 decerpta,quod
3159 1197 3314 1252 idem
3346 1198 3667 1253 Primianus

1977 1280 2046 1334 ad
2081 1281 2325 1353 reliquos
2358 1284 2779 1338 Donatistarum
2809 1285 3106 1356 episcopos
3138 1286 3314 1354 misit,
3347 1290 3402 1341 et
3431 1303 3578 1358 quae,
3609 1293 3673 1341 ut

1978 1369 2211 1439 quidem
2249 1372 2656 1439 existimamus,
2703 1373 2976 1444 praedicta
3000 1376 3366 1445 responsione
3413 1374 3669 1430 contine-

1980 1459 2206 1515 bantur.
2243 1460 2494 1514 Diximus
2524 1476 2751 1532 quoque
2781 1478 3147 1534 nequaquam
3176 1481 3296 1518 esse
3329 1481 3360 1517 a
3392 1463 3502 1518 ﬁde
3534 1464 3667 1518 alie-

1979 1565 2139 1615 num,
2164 1565 2279 1604 non
2310 1549 2387 1603 ita
2414 1549 2596 1603 multo
2627 1555 2756 1620 post
2783 1551 3189 1623 Augustinum,
3221 1552 3482 1623 proxime
3513 1557 3670 1608 ante-

1980 1656 2153 1710 quam
2177 1638 2494 1710 Hipponem
2522 1639 2750 1706 rediret,
2783 1640 3194 1710 expositionem
3223 1657 3386 1695 suam
3418 1640 3478 1694 in
3513 1641 3668 1695 Psal-

1979 1745 2140 1783 mum
2168 1727 2526 1798 trigesimum
2556 1731 2778 1782 sextum
2810 1729 2962 1798 apud
3000 1729 3228 1799 plebem
3259 1728 3674 1799 Carthaginen—

1981 1833 2100 1871 sem
2129 1816 2543 1887 pronuntiasse.
2570 1817 2622 1870 Is
2645 1815 2717 1870 ad
2747 1816 2939 1869 sedem
2971 1832 3132 1870 suam
3173 1832 3453 1885 reversus,
3483 1831 3548 1869 ex
3579 1831 3673 1884 sy-

1981 1905 2116 1959 nodi
2142 1905 2471 1975 praescripto
2504 1903 2942 1958 Proculeianum
2973 1904 3265 1958 conveniri
3293 1904 3524 1958 curavit.
3561 1905 3671 1958 Re-

1982 1993 2214 2064 spondit
2243 1993 2338 2047 ille
2367 2009 2601 2046 suarum
2630 1992 2880 2063 partium
2912 1996 3166 2047 coactum
3213 1992 3285 2047 iri
3331 1991 3674 2058 concilium;

1982 2082 2043 2136 in
2070 2099 2182 2153 quo
2215 2081 2353 2153 quid
2384 2085 2530 2136 esset
2554 2081 2969 2152 reponendum,
2999 2081 3056 2136 in
3079 2081 3371 2136 communi
3400 2085 3676 2136 statuere-

1983 2175 2076 2226 tur
2105 2171 2303 2243 (Epist.
2350 2173 2438 2237 83,
2489 2186 2545 2225 n.
2576 2170 2652 2242 7).
2686 2171 2811 2224 Non
2852 2170 3092 2225 dubium
3140 2175 3224 2226 est
3262 2170 3402 2242 quin
3449 2169 3676 2225 habitus

1984 2260 2157 2316 fuerit
2180 2259 2272 2314 hic
2299 2259 2530 2313 illorum
2557 2263 2870 2313 conventus
2893 2275 2908 2326 ;
2937 2276 3135 2314 verum
3165 2275 3281 2314 non
3309 2259 3421 2313 alia
3458 2263 3672 2326 mente,

1985 2365 2159 2421 quam
2203 2353 2264 2403 ut
2303 2348 2652 2419 colloquium
2706 2349 3085 2404 recusandum
3127 2365 3247 2404 esse
3288 2349 3678 2404 decernerent.

1986 2436 2390 2492 Proculeianus
2411 2436 2696 2507 siquidem
2725 2437 2936 2492 iterum
2975 2438 3044 2493 de
3070 2443 3262 2492 mente
3292 2455 3412 2505 sua,
3437 2437 3525 2492 uti
3552 2453 3682 2507 pro-

1985 2528 2240 2593 miserat,
2290 2524 2598 2597 aperienda
2639 2527 3033 2596 compellatus,
3082 2543 3312 2581 omnem
3366 2525 3682 2581 collationis

1985 2614 2262 2669 habenda:
2291 2613 2739 2686 spemprtecidit.
2761 2615 2916 2679 Quod
2935 2631 3270 2686 responsum
3301 2614 3435 2670 satis
3463 2613 3682 2686 liquido

1987 2707 2209 2758 constat
2237 2719 2304 2757 ex
2332 2707 2642 2758 conventus
2669 2703 2902 2757 illorum
2932 2703 3138 2774 placito
3183 2703 3474 2758 redditum
3515 2717 3635 2757 esse
3661 2718 3674 2756 :

1986 2793 2134 2847 hanc
2154 2792 2307 2846 enim
2332 2807 2453 2846 rem
2475 2792 2616 2846 illud
2631 2791 2936 2862 Augustini
2960 2809 3077 2846 non
3097 2791 3332 2847 obscure
3359 2791 3670 2862 signiﬁcat:

1989 2882 2051 2937 Si
2078 2882 2195 2950 lupi
2220 2881 2520 2945 concilium,
2555 2879 2765 2951 inquit,
2803 2882 3067 2948 fecerunt,
3113 2885 3175 2935 ut
3214 2881 3529 2950 pastoribus
3570 2893 3677 2933 non

1985 2968 2341 3037 respondeant
2394 2968 2590 3039 (Epist.
2639 2971 2730 3036 76,
2756 2984 2814 3024 η.
2869 2969 2923 3038 4)
2951 2984 2964 3034 ;
2997 2984 3127 3039 quas
3154 2969 3326 3023 verba
3353 2985 3420 3022 ex
3452 2966 3682 3033 litteris,

1989 3071 2130 3126 quas
2158 3055 2347 3109 forsan
2376 3055 2481 3108 hoc
2502 3055 2625 3126 ipso
2652 3059 2911 3126 tempore
2942 3055 3010 3110 de
3036 3060 3292 3110 recusato
3322 3072 3355 3109 a
3383 3053 3690 3109 Donatistis

1989 3142 2272 3215 colloquio
2302 3143 2540 3214 scripsit,
2565 3146 2852 3214 petuntur.
2889 3145 2997 3198 Has
3025 3160 3194 3215 porro
3232 3142 3510 3197 universis
3534 3141 3688 3196 illius

1992 3231 2308 3288 schismatis
2347 3232 2719 3286 sectatoribus
2748 3231 3028 3303 inscribit,
3066 3232 3166 3287 ubi
3194 3236 3565 3303 posteaquam
3587 3232 3686 3284 Ec-

1991 3321 2176 3377 clesia:
2200 3321 2494 3376 catholica:
2527 3321 2822 3376 veritatem
2853 3320 2990 3392 ipsis
3020 3320 3450 3388 demonstravit,
3493 3319 3682 3390 primo

1993 3410 2228 3482 quidem
2251 3409 2387 3464 locis
2405 3425 2434 3464 e
2457 3409 2649 3464 divina
2660 3410 2952 3480 Scriptura
2971 3409 3220 3464 collectis
3245 3426 3258 3464 :
3283 3408 3489 3463 deinde
3508 3407 3689 3462 tribus

1994 3498 2285 3553 sententiis
2304 3499 2616 3558 secundum
2636 3498 3000 3553 Caecilianum
3021 3498 3149 3552 latis
3170 3515 3183 3553 :
3203 3503 3327 3552 tum
3353 3495 3692 3552 criminibus

1995 3587 2184 3658 Optati
2211 3603 2409 3641 eorum
2425 3586 2708 3657 martyris,
2723 3603 2896 3658 quem
2917 3604 2950 3640 a
2976 3586 3378 3641 communione
3407 3602 3510 3640 sua
3528 3585 3692 3639 mini-

1996 3693 2088 3731 me
2127 3675 2656 3744 resecarant(1bid.,
2685 3691 2740 3730 η.
2774 3676 2861 3744 3):
2913 3679 3202 3744 postremo
3246 3674 3485 3728 historia
3523 3673 3692 3729 Maxi-

1997 3763 2414 3828 mianistarum,
2461 3777 2683 3816 necnon
2739 3761 3117 3830 indulgentia,
3171 3777 3287 3832 qua
3343 3760 3690 3815 Felicianum

1997 3850 2348 3906 Mustitatum
2381 3849 2508 3917 (nec
2537 3848 2692 3912 enim
2723 3848 3048 3902 Praetextati
3086 3847 3367 3918 meminit)
3402 3865 3518 3902 una
3559 3865 3690 3905 cum

1997 3939 2109 3994 illis
2140 3954 2283 4009 quos
2313 3941 2468 3991 extra
2499 3951 2700 3991 eorum
2731 3935 3032 3990 Ecclesiam
3079 3937 3412 4007 baptizarat,
3463 3953 3694 4008 excepe-

1997 4031 2143 4083 rant.
2164 4025 2482 4080 Donatistas
2508 4023 2679 4078 laicos
2706 4027 2900 4095 rogat;
2929 4023 3009 4078 uti
3038 4025 3308 4095 prassules
3331 4041 3484 4091 suos,
3509 4042 3684 4097 quan-

1997 4115 2304 4188 doquidem
2350 4130 2479 4168 cum
2519 4112 2822 4168 Catholicis
2851 4113 3071 4168 nollent
3117 4111 3179 4168 in
3199 4112 3544 4184 colloquium
3593 4129 3691 4168 ve-

1997 4205 2142 4270 nire,
2169 4203 2235 4257 ad
2257 4202 2548 4256 solvendas
2573 4201 2738 4256 hasce
2765 4201 3122 4256 difﬁcultates
3143 4205 3418 4272 urgeant;
3444 4201 3688 4256 videant-

2000 4309 2110 4364 que
2154 4291 2213 4345 in
2257 4291 2362 4346 hac
2399 4289 2524 4361 ipsa
2566 4289 2919 4344 recusatione
2956 4289 3340 4344 indubitatum
3389 4289 3694 4344 debilitatis

1997 4378 2391 4436 testimonium
2417 4377 2715 4432 contineri.
2741 4379 2866 4432 Haec
2895 4381 3086 4432 autem
3110 4378 3350 4450 epistola
3367 4379 3559 4451 legum
3580 4380 3686 4433 Ho-

1998 4469 2148 4525 norii
2179 4467 2532 4523 mentionem
2555 4467 2790 4521 omnino
2814 4466 3030 4520 nullam
3050 4467 3203 4522 facit.

2672 4555 2891 4610 CAPUT
2930 4555 3018 4610 XI.

2004 4649 2055 4700 1.
2095 4643 2376 4714 Crispinus
2406 4640 2480 4695 ad
2507 4640 2825 4710 colloquium
2849 4643 3172 4708 provocatus
3200 4640 3377 4697 verbis
3414 4637 3698 4708 respondet

2072 4733 2278 4783 amaris
2308 4733 2358 4782 et
2385 4727 2682 4782 maledicis.
2713 4730 2747 4780 2
2775 4729 3070 4782 Donatista:
3105 4715 3374 4782 invadunt
3410 4730 3470 4782 in
3516 4729 3697 4782 Possi-

2073 4816 2248 4873 dium.
2285 4820 2315 4872 3
2352 4819 2483 4870 Tum
2528 4816 2774 4870 Ecclesiae
2808 4816 3056 4883 defensor
3083 4818 3293 4871 mulctra.v
3321 4818 3558 4871 aurariw
3599 4817 3702 4871 hav-

2073 4907 2256 4960 reticis
2286 4907 2540 4970 irrogata:
2587 4903 2843 4957 damnari
2879 4905 3188 4974 Crispinum
3225 4911 3402 4974 curat,
3455 4921 3610 4974 quem
3651 4910 3700 4960 et

2076 4993 2302 5050 subinde
2346 4991 2622 5047 Possidius
2675 4992 2869 5061 probat
2923 4993 3248 5049 haereticum.
3291 4995 3326 5048 4
3381 4995 3471 5049 Illi
3525 4999 3701 5048 tamen

2073 5086 2262 5151 postea
2314 5080 2476 5150 hujus
2500 5095 2670 5149 paena:
2693 5079 3131 5137 condonationem
3172 5081 3467 5151 impetrant
3501 5083 3701 5138 Catho—

2079 5173 2190 5225 lici.
2221 5173 2250 5223 5
2282 5168 2510 5226 Concilii
2537 5170 2979 5236 Carthaginensis
3007 5170 3201 5239 legatio
3231 5170 3304 5226 ad
3331 5169 3586 5239 petendas
3632 5168 3700 5221 ab
3747 5175 3756 5182 '

2080 5261 2406 5328 Imperatore
2466 5258 2602 5325 leges
2669 5259 2726 5311 in
2781 5259 3169 5326 schismaticos,
3228 5257 3322 5312 sed
3375 5255 3700 5310 moderatas.

2083 5350 2114 5402 6
2142 5348 2364 5416 Legatio
2393 5346 2500 5400 hac
2546 5347 2768 5400 Theasio
2801 5349 2852 5400 et
2881 5349 3080 5401 Evasio
3108 5343 3484 5400 demandatur.
3524 5346 3554 5394 7
3601 5343 3732 5395 Ilo--

2083 5438 2413 5491 natistarum
2459 5437 2520 5489 in
2559 5435 2958 5490 Mamimianum
2993 5434 3322 5488 immanitas.
3347 5433 3378 5485 8
3399 5432 3461 5486 In
3481 5430 3706 5486 Servum

2085 5540 2294 5595 quoque
2318 5526 2624 5594 episcopum
2651 5522 2938 5578 invadunt.

2091 5617 2148 5670 1.
2197 5614 2267 5669 Ut
2293 5612 2366 5668 ad
2394 5611 2849 5677 conventionem,
2873 5626 2986 5681 qua
3012 5607 3329 5664 Donatistas
3349 5624 3378 5664 a
3409 5607 3713 5665 Catholicis
