4062 6378
391 349 492 401 335

386 466 680 542 provacari
723 465 1040 537 oportebat,
1098 466 1426 521 redeamus:
1473 481 1604 520 cum
1650 480 1778 520 eam
1837 464 2086 517 curasset

391 557 678 613 Possidius
725 555 1070 610 Calamensis
1119 556 1418 628 episcopus
1465 554 1724 625 Crispino
1781 550 2086 623 signiﬁcari

389 645 814 702 Donatistarum
837 645 1091 715 ejusdem
1107 645 1264 698 urbis
1293 645 1578 714 episcopo,
1611 642 1711 713 qui
1733 645 1787 695 et
1816 641 2085 711 antiquus

389 742 530 804 erat,
561 741 614 791 et
646 735 796 806 apud
833 751 965 788 suos
994 751 1200 804 magno
1233 733 1292 787 in
1322 749 1562 786 numero
1603 732 1923 786 habebatur
1949 746 1962 796 ;
1995 727 2086 782 hic

387 823 808 896 compellationi
820 824 1072 895 reposuit
1102 839 1179 890 se,
1203 821 1340 894 quid
1363 819 1623 892 responsi
1647 819 1900 874 dandum
1918 820 2084 885 esset,

387 916 644 969 visurum
671 931 800 968 cum
821 912 1072 983 collegis.
1106 911 1252 966 Satis
1273 912 1444 982 longo
1473 914 1602 980 post
1620 914 1899 979 tempore,
1933 922 2084 960 anno

383 1001 503 1072 jam
533 997 742 1053 Christi
770 995 1343 1068 quadringentesimo
1392 1001 1620 1066 quarto,
1658 994 1809 1048 idem
1843 991 2086 1062 repetita

389 1086 766 1142 conventione
793 1085 1206 1156 interpellatus,
1235 1085 1385 1138 istud
1409 1085 1560 1154 apud
1581 1085 1720 1137 Acta
1748 1096 2085 1152 responsum

387 1177 580 1232 dedit:
615 1175 832 1231 «Verba
867 1176 981 1229 viri
1003 1175 1300 1243 peccatoris
1319 1189 1384 1227 ne
1429 1174 1705 1227 timueris»
1748 1172 1786 1240 (Ι
1834 1170 2080 1224 Machab.

389 1284 450 1334 ιι,
483 1266 594 1336 62).
629 1265 694 1319 Et
723 1264 970 1319 iterum:
1013 1265 1075 1318 In
1122 1277 1279 1316 aures
1328 1261 1689 1330 imprudentis
1746 1275 1873 1314 cave
1918 1258 2085 1328 quid-

390 1371 552 1424 quam
583 1354 823 1419 direris;
854 1368 938 1419 ne,
971 1368 1090 1407 cum
1123 1351 1383 1413 audierit,
1417 1350 1651 1404 irrideat
1688 1351 1928 1402 sensatos
1964 1362 2085 1401 ser-

389 1458 567 1498 mones
599 1445 714 1496 tuos
759 1462 781 1491 »
831 1442 1007 1510 (Prov.
1039 1455 1196 1508 mn,
1245 1439 1318 1510 9).
1351 1441 1640 1500 Postremo,
1683 1438 1820 1491 hanc
1859 1451 2084 1504 respon-

389 1533 592 1585 sionem
613 1545 784 1583 meam
809 1528 1181 1599 patr-iarchali
1221 1542 1457 1582 sermone
1487 1527 1713 1596 deﬁnio:
1759 1525 2028 1580 Recedant
2055 1541 2087 1578 α

389 1635 472 1674 me
503 1621 681 1688 impii,
721 1620 840 1672 vias
867 1633 1048 1672 eorum
1080 1633 1236 1672 nosse
1293 1618 1412 1671 nolo
1462 1616 1679 1685 (Contra
1729 1614 2086 1678 Cresconium,

390 1709 488 1762 lib.
530 1712 581 1774 3,
612 1723 673 1761 η.
710 1710 823 1776 50).
865 1709 941 1761 Ea
971 1705 1218 1776 Crispini
1238 1703 1533 1775 responsio
1566 1702 1746 1758 doctis
1777 1698 2088 1755 etindoctis

388 1796 570 1850 risum
599 1795 812 1849 movit:
846 1795 1060 1865 quippe
1101 1793 1202 1864 qui
1240 1808 1298 1848 se
1327 1793 1498 1846 verba
1543 1790 1853 1862 peccatoris
1901 1787 2087 1842 neuti-

389 1901 562 1958 quam
592 1884 794 1938 timere
814 1884 1092 1954 jactaret;
1125 1898 1254 1935 cum
1288 1886 1482 1936 tamen
1521 1880 1571 1934 ei
1599 1878 1943 1950 respondere
1974 1893 2088 1930 non

387 1974 643 2028 auderet.
675 1971 818 2027 Satis
851 1971 1086 2042 quidem
1115 1969 1651 2038 eratfmanifestum,
1687 1967 1787 2038 qui
1827 1965 1934 2019 sibi
1972 1965 2086 2018 vel-

385 2061 644 2131 let::nec
673 2058 1041 2130 deeraut'qui
1097 2059 1571 2120 demonstrarent,
1639 2071 1813 2126 quam
1869 2053 2089 2108 inutilis

390 2151 654 2206 essetista
671 2147 988 2220 responsio,
1007 2163 1297 2218 quamque
1322 2149 1558 2217 propter
1594 2145 1897 2198 verborum
1928 2159 2086 2196 acer-

389 2240 647 2306 bitatem,
671 2237 780 2308 ipsi
811 2235 1181 2306 respondenti
1210 2233 1599 2304 noxia;atque
1617 2232 1752 2286 hinc
1765 2231 1935 2285 simul
1959 2231 2086 2284 uni-

391 2327 566 2380 versis
584 2324 828 2396 Crispini
846 2322 1099 2394 episcopi
1129 2321 1474 2390 doctissima,
1507 2325 1569 2374 ut
1587 2319 1741 2390 apud
1767 2319 2088 2373 Donatistas

388 2414 726 2480 habebatur,
758 2412 1051 2467 annositas
1083 2415 1279 2464 contra.
1306 2414 1492 2464 stante
1533 2407 1728 2480 juveni
1771 2424 1834 2462 ac
1881 2408 2084 2474 tirone,

391 2504 577 2576 qualis
604 2501 890 2557 Possidius
916 2505 1054 2567 erat,
1089 2500 1233 2554 nihil
1263 2500 1561 2554 adversum
1590 2497 1888 2552 veritatem
1923 2513 2087 2568 posse

390 2593 756 2664 probabatur.

463 2685 516 2736 2.
545 2682 903 2752 Quapropter
944 2678 1172 2751 quando
1211 2678 1316 2732 hac
1353 2693 1473 2731 non
1507 2675 1790 2742 successit,
1845 2675 1954 2729 alia
1999 2674 2089 2730 via

393 2770 845 2842 aggrediendum
877 2769 1015 2822 fuit:
1045 2769 1167 2822 haec
1195 2783 1327 2822 vero
1354 2766 1472 2819 visa
1503 2769 1587 2819 est
1613 2765 1872 2819 omnium
1909 2764 2086 2834 potis-

391 2860 552 2914 sima.
573 2858 825 2929 Contigit
844 2857 1037 2928 paucis
1065 2860 1196 2926 post
1224 2855 1443 2920 diebus,
1465 2859 1530 2908 ut
1550 2853 1832 2908 Possidius
1861 2853 2089 2909 Calama

391 2949 460 3003 ad
487 2948 848 3002 invisendum
887 2945 950 3000 in
979 2961 1082 2999 sua
1109 2943 1338 2999 dioecesi
1377 2943 1804 3013 Figulinensem
1844 2942 2087 2996 fundum

388 3036 848 3107 proﬁcisceretur
875 3051 941 3089 eo
973 3033 1238 3100 consilio,
1294 3037 1358 3087 ut
1397 3032 1737 3097 Catholicos,
1779 3032 1879 3102 qui
1920 3031 2088 3102 pauci

387 3124 505 3178 illic
534 3129 715 3187 erant,
737 3124 1119 3188 conﬁrmaret,
1151 3123 1293 3175 alios
1320 3126 1512 3175 autem
1529 3122 1600 3175 ad
1622 3120 2083 3190 amplexandam,

389 3213 436 3266 si
483 3215 712 3279 vellent,
761 3212 1042 3266 unitatem
1097 3211 1506 3275 cohortaretur,
1540 3225 1603 3262 ac
1633 3209 1880 3278 denique
1935 3207 2088 3278 pacis

391 3300 732 3366 doctrinam,
765 3316 939 3370 quam
978 3300 1037 3352 in
1095 3297 1401 3368 Augustini
1449 3295 1790 3350 monasterio
1830 3301 1886 3349 et
1915 3297 2086 3366 clero,

390 3389 544 3445 unde
592 3388 780 3442 fuerat
831 3387 901 3441 ad
957 3386 1347 3456 episcopatum
1399 3389 1740 3455 assumptus,
1794 3384 2084 3450 didicerat,

391 3477 658 3531 omnibus
686 3476 936 3530 traderet
974 3475 1290 3545 (Possidius,
1337 3477 1395 3527 in
1440 3476 1569 3530 Vita
1609 3474 1867 3540 August,
1900 3489 1946 3527 c.
1983 3476 2082 3541 l2;

391 3568 590 3623 Contra
625 3567 979 3630 Cresconium,
1026 3564 1120 3618 lib.
1156 3567 1206 3625 3,
1228 3579 1283 3618 η.
1335 3565 1436 3629 50;
1480 3565 1661 3632 Epist.
1723 3565 1842 3628 105,
1899 3579 1956 3616 n.
2009 3565 2081 3626 4).

389 3656 533 3708 Tum
556 3669 685 3707 vero
709 3652 1042 3707 Donastistze
1071 3651 1183 3705 alio
1202 3650 1461 3720 Crispino
1495 3651 1747 3721 episcopi
1795 3651 2086 3705 Calamen-

390 3744 467 3796 sis
496 3742 845 3813 presbytero,
879 3745 1049 3810 atque
1096 3741 1237 3810 ejus,
1287 3744 1351 3794 ut
1378 3740 1681 3805 ferebatur,
1736 3739 2081 3811 propinquo,

389 3833 622 3886 ductore
663 3830 780 3884 vias
809 3830 1014 3884 armati
1050 3829 1341 3882 latronum
1380 3844 1540 3882 more
1588 3829 1866 3895 obsidere,
1914 3836 2084 3900 atque

387 3920 624 3974 insidias
652 3935 886 3989 ponere.
913 3920 977 3972 In
1008 3935 1100 3972 eas
1126 3919 1262 3989 jam'
1275 3935 1421 3988 pene
1458 3918 1737 3972 inciderat
1778 3919 2080 3986 Possidius,

384 4025 516 4062 cum
543 4008 714 4077 hujus
743 4007 827 4060 rei
857 4005 1065 4060 certior
1082 4007 1262 4059 factus
1292 4005 1403 4059 alio
1427 4006 1674 4065 divertit,
1702 4021 1875 4076 seque
1904 4006 1961 4059 in
1998 4007 2080 4059 lo-

384 4113 515 4150 cum
543 4096 777 4150 nomine
806 4096 1058 4148 Livetum
1083 4094 1329 4163 recepit;
1366 4094 1462 4148 ubi
1491 4094 1767 4148 nimirum
1817 4095 1912 4148 ille
1956 4095 2081 4150 Cri-

381 4185 582 4254 spinus
611 4184 755 4238 nihil
785 4183 1038 4246 auderet,
1072 4184 1161 4236 vel
1187 4199 1302 4235 non
1331 4183 1689 4252 przevaleret,
1731 4183 1818 4236 vel
1865 4183 1914 4237 si
1943 4184 2083 4254 quid

385 4274 560 4327 etiam
606 4272 850 4340 fecisset,
890 4287 1099 4340 negare
1143 4287 1258 4324 non
1299 4275 1513 4340 posset.
1571 4275 1707 4324 Tum
1750 4272 1984 4339 domum,
2024 4275 2082 4326 in

385 4378 493 4429 qua
524 4377 642 4415 cum
670 4362 784 4414 suis
827 4374 881 4413 se
924 4359 1202 4413 Possidius
1244 4360 1558 4422 incluserat,
1607 4361 1781 4428 sepire
1833 4364 2078 4429 armatis,

385 4446 665 4514 lapidibus
711 4447 1157 4509 circumtundere,
1213 4447 1417 4501 ambire
1467 4450 1720 4516 ﬂammis,
1772 4449 1984 4504 aditum
2015 4467 2082 4505 ea:

383 4535 528 4587 omni
554 4537 710 4602 parte
739 4535 938 4588 moliri.
982 4537 1112 4600 Quae
1139 4550 1261 4589 vero
1291 4536 1482 4590 aderat
1513 4538 1856 4592 incolentium
1890 4540 2078 4593 multi-

384 4621 533 4681 tudo,
561 4630 761 4677 memor
780 4625 1016 4692 periculi
1042 4625 1150 4689 sui,
1190 4625 1240 4678 si
1285 4627 1426 4678 ineo
1470 4627 1579 4680 loco
1618 4641 1930 4692 aggressum
1952 4633 2080 4682 tan-

383 4711 495 4762 tum
518 4710 734 4774 facinus
762 4712 1088 4779 impleretur,
1130 4711 1341 4779 partim
1386 4713 1539 4766 illum
1579 4712 1968 4782 deprecabatur
2019 4720 2081 4770 ut

375 4801 643 4866 parceret,
666 4814 820 4867 quem
840 4799 1133 4854 resistendo
1171 4815 1276 4854 non
1297 4801 1530 4856 audebat
1559 4803 1842 4871 offendere,
1874 4807 2079 4874 partim

379 4901 503 4940 vero
536 4888 685 4952 ignes
714 4891 1020 4956 suppositos
1049 4889 1452 4955 exstinguebat.
1490 4891 1725 4945 Eosdem
1766 4909 1944 4963 usque
1971 4898 2078 4947 ter-

377 4975 460 5028 tio
491 4977 866 5046 compressit;
900 4978 1052 5048 quod
1082 4977 1141 5030 ni
1190 4978 1430 5046 fecisset,
1466 4979 1749 5035 Possidius
1796 4998 1910 5035 una
1947 4998 2077 5036 cum

379 5062 549 5116 domo
580 5069 638 5117 et
657 5063 893 5132 reliquis
924 5065 984 5117 in
1010 5081 1076 5118 ea
1095 5065 1329 5119 inclusis
1349 5066 1509 5120 vivus
1540 5067 1872 5122 combustus
1908 5072 2071 5122 esset.

303 5153 306 5156 ’
375 5151 506 5207 Cum
533 5156 722 5206 atatem
750 5153 840 5205 ille
867 5151 1204 5223 (Crispinus)
1233 5156 1404 5209 nihilo
1431 5158 1647 5222 segnius
1677 5159 1860 5225 captis
1900 5158 2076 5222 fervi-

373 5241 475 5296 dus
499 5247 662 5311 atque
696 5244 1009 5296 inemoratus
1040 5246 1290 5310 instaret,
1327 5248 1481 5300 cessit
1523 5246 1824 5314 aliquando
1875 5247 2074 5301 ictibus

362 5329 561 5399 janua,
599 5333 832 5398 ingressi
857 5335 1002 5398 sunt,
1039 5335 1408 5402 sauciatisque
1441 5335 1581 5388 ccede
1612 5335 1899 5402 jumentis,
1952 5351 2072 5404 quae

370 5419 430 5471 in
460 5420 716 5486 inferiore
735 5419 922 5473 domus
962 5423 1124 5488 parte
1157 5425 1555 5490 compererant;
1601 5421 1666 5474 de
1703 5423 2073 5490 superioribus

368 5509 673 5575 episcopum
699 5508 1077 5578 deposuerunt,
1097 5508 1397 5577 afﬁcientes
1425 5510 1608 5578 plagis
1636 5513 1687 5563 et
1701 5512 2060 5565 contumeliis.

372 5594 473 5647 Ubi
499 5610 564 5648 ne
587 5599 809 5663 gravius
827 5599 1098 5662 saevirent,
1135 5600 1433 5654 intercessit
1459 5599 1572 5668 ipse
1593 5599 1896 5668 Crispinus,
1927 5601 2071 5655 velut

1565 340 1739 399 VITA
1792 339 1846 394 S.
1904 336 2291 395 AUGUSTINI
2349 340 2686 396 EPISCOPI.

3795 336 3895 389 336

2193 465 2321 519 aliis
2338 463 2656 532 rogantibus
2671 465 2865 531 ﬂemus,
2887 475 3117 530 quorum
3132 474 3237 514 non
3258 462 3369 513 tam
3383 457 3673 512 videbatur
3699 459 3762 511 in
3806 459 3894 510 ira

2193 568 2292 607 sua
2321 568 2509 608 curare
2531 552 2973 620 deprecationem,
2998 565 3161 618 quam
3181 551 3240 602 in
3259 549 3503 614 facinore
3532 549 3894 601 testimonium

2192 640 2728 712 formidare(Contra
2758 641 3121 705 Cresconium,
3151 637 3250 690 lib.
3281 640 3333 701 3,
3361 653 3424 692 η.
3462 637 3570 705 50).
3608 635 3896 689 Possidius

2194 730 2313 801 ipse
2342 729 2831 799 eumdemxcasum
2888 727 3147 797 perinde,
3198 724 3362 796 quasi
3391 723 3555 778 alteri
3594 723 3896 787 evenisset,

2193 819 2462 886 referens,
2495 818 2629 872 satis
2666 818 2840 871 habet
2888 816 3095 882 dicere,
3147 813 3487 879 Donatistas,
3523 813 3621 867 ubi
3641 812 3806 866 illum
3837 810 3899 864 in

2191 907 2398 962 itinere
2425 906 2605 962 adorti
2628 910 2835 970 essent,
2859 906 3122 975 jumeuta
3154 909 3211 958 et
3226 919 3315 958 res
3343 902 3523 973 ipsius
3567 901 3896 970 diripuisse,

2192 1012 2415 1050 necnon
2458 996 2648 1066 ipsum
2678 995 2905 1065 injuriis
2947 997 3003 1048 et
3044 993 3196 1046 crede
3240 991 3575 1062 gravissima
3621 989 3894 1055 affecisse,

2195 1085 2516 1154 (Possidius,
2549 1086 2608 1138 in
2641 1086 2769 1140 Vita
2794 1084 3053 1152 August,
3085 1097 3130 1136 c.
3168 1081 3270 1150 l2).

2264 1175 2316 1228 3.
2356 1176 2477 1228 Haec
2503 1178 2878 1243 posteaquam,
2917 1171 3108 1242 pergit
3145 1169 3520 1240 Augustinus,
3565 1172 3697 1222 nota
3743 1169 3898 1234 facta

2192 1266 2320 1317 sunt
2348 1263 2406 1316 in
2435 1262 2634 1331 Oppido
2664 1262 2986 1327 Calamensi,
3018 1259 3434 1328 exspectabatur
3462 1259 3752 1327 Crispinus
3775 1259 3899 1326 epi-

2194 1365 2385 1419 scopus
2411 1353 2584 1404 vester
2616 1348 2954 1416 (Donatistas
2983 1346 3317 1419 alloquitur)
3351 1345 3804 1415 quemadmodum
3833 1347 3893 1399 in

2193 1452 2350 1492 suum
2370 1438 2742 1507 presbyterum
2760 1437 3083 1491 vindicaret.
3117 1436 3358 1490 Accessit
3379 1437 3545 1490 etiam
3569 1435 3892 1504 protestatio

2192 1526 2616 1596 municipalibus
2640 1526 2803 1592 gestis
2833 1526 3116 1594 cmpressa;
3139 1524 3294 1592 cujus
3313 1526 3395 1578 vel
3426 1525 3636 1591 timore,
3666 1523 3752 1577 vel
3786 1538 3891 1591 pu-

2197 1616 2345 1683 dore,
2376 1620 2652 1683 cogeretur
2667 1631 2907 1668 emercere
2936 1616 3354 1668 ecclesiasticam
3372 1613 3702 1668 vindictam.
3743 1611 3899 1677 Quod

2196 1721 2316 1760 cum
2372 1707 2584 1759 omnino
2629 1706 3003 1766 contemneret,
3049 1707 3338 1770 tantusque
3390 1704 3541 1770 ﬁeret
3591 1704 3894 1755 vestrorum

2196 1794 2479 1860 tumultus,
2513 1797 2575 1847 ut
2600 1795 2824 1847 veritati
2848 1791 3232 1862 praedicanda,
3281 1793 3369 1845 cui
3412 1789 3736 1859 respondere
3789 1805 3896 1843 non

2189 1886 2462 1951 poterant,
2481 1883 2681 1935 itinera
2701 1883 2942 1936 clausuri
2951 1885 3299 1950 putarentur,
3332 1881 3438 1934 imo
3459 1894 3582 1933 vero
3593 1879 3717 1948 jam
3733 1879 3897 1932 etiam

2197 1976 2538 2026 cernerentur
2561 1972 2779 2041 (Contra
2809 1968 3178 2035 Cresconium,
3208 1968 3302 2022 lib.
3336 1970 3388 2035 3,
3419 1983 3476 2022 η.
3498 1967 3586 2038 51)
3611 1983 3625 2021 :
3659 1967 3898 2021 demum

2195 2076 2268 2114 ne
2323 2059 2646 2113 istiusmodi
2683 2059 2969 2112 violentiae
3021 2057 3174 2129 pacis
3217 2056 3609 2111 ecclesiasticae
3659 2071 3895 2110 cursum

2195 2148 2584 2220 prohiberent,
2631 2148 2888 2202 Ecclesiae
2921 2147 3183 2202 defensor
3210 2162 3278 2200 ea
3305 2146 3373 2200 de
3405 2161 3468 2200 re
3497 2145 3891 2216 querimonias

2195 2239 2264 2292 ad
2295 2237 2690 2309 magistratum
2720 2240 2938 2291 servato
2961 2235 3109 2307 juris
3139 2251 3299 2290 more
3333 2235 3536 2290 detulit
3566 2233 3893 2306 (Possidius,

2203 2326 2332 2378 Vita
2384 2327 2642 2394 August,
2687 2341 2733 2380 c.
2785 2329 2892 2395 12).
2954 2324 3439 2395 impetratumque
3469 2329 3558 2378 est
3607 2324 3828 2394 (forsan
3865 2339 3898 2377 a

2198 2413 2593 2468 Proconsulari
2636 2413 2938 2484 Numidiae)
2969 2416 3033 2468 ut
3075 2413 3370 2484 episcopus
3414 2411 3708 2483 Crispinus
3741 2411 3892 2466 mul-

2195 2505 2344 2554 ctam
2362 2501 2586 2570 legibus
2605 2501 2667 2554 in
2690 2502 2984 2555 haereticos
3003 2500 3387 2566 constitutam,
3402 2499 3676 2554 nimirum
3699 2500 3898 2554 decem

2195 2589 2320 2642 auri
2349 2590 2561 2660 pondo,
2593 2590 2834 2644 solveret
2862 2591 3054 2660 (Epist.
3095 2593 3213 2655 105,
3259 2605 3315 2643 n.
3352 2591 3416 2656 4;
3438 2591 3635 2646 Contra
3677 2589 3898 2645 Cresco-

2195 2679 2364 2745 nium,
2411 2694 2456 2732 η.
2492 2679 2578 2749 51)
2611 2679 2816 2748 Legem
2844 2679 2992 2732 hanc
3023 2677 3372 2732 Theodosius
3403 2678 3528 2748 jam
3576 2677 3708 2732 inde
3739 2693 3773 2730 a
3804 2678 3900 2733 de-

2196 2766 2345 2820 cimo
2377 2768 2621 2838 septimo
2663 2767 2936 2822 kalendas
2959 2767 3094 2839 julii
3125 2768 3260 2821 anni
3290 2767 3676 2822 trecentesimi
3707 2784 3894 2822 nona-

2197 2855 2400 2925 gesimi
2421 2857 2651 2911 secundi
2682 2858 3145 2927 promulgaverat
3169 2857 3228 2910 in
3252 2857 3547 2911 haereticos
3575 2873 3796 2925 omnes,
3828 2863 3898 2912 ut

2195 2944 2297 3015 qui
2324 2945 2476 3015 apud
2508 2962 2602 2999 eos
2632 2946 2718 2999 vel
2749 2946 3073 3000 conferrent
3100 2946 3190 3000 vel
3224 2946 3544 3016 acciperent
3571 2946 3896 3000 clericalem

2196 3033 2555 3103 dignitatem,
2577 3035 2738 3089 denis
2760 3035 2883 3089 auri
2912 3034 3070 3089 libris
3099 3035 3550 3103 mulctarentur;
3577 3039 3636 3090 et
3680 3034 3900 3106 quaevis

2195 3122 2340 3192 loca,
2363 3123 2424 3176 in
2453 3139 2582 3194 quae
2625 3125 2857 3178 domino
2887 3124 3121 3196 quidem
3175 3124 3566 3178 consentiente
3620 3125 3898 3178 conveni-

2194 3213 2341 3276 rent,
2378 3211 2512 3265 ﬁsco
2543 3212 2981 3279 addicerentur;
3029 3212 3118 3265 sin
3149 3215 3339 3266 autem
3369 3211 3469 3266 illo
3500 3210 3681 3266 inscio
3707 3213 3797 3266 vel
3833 3211 3897 3266 in

2196 3298 2334 3352 locis
2359 3299 2479 3369 jam
2509 3299 2643 3353 ﬁsco
2674 3300 2914 3356 addictis
2943 3300 3001 3355 id
3049 3301 3230 3367 fieret,
3266 3300 3440 3354 denas
3486 3316 3717 3372 quoque
3761 3299 3891 3354 auri

2194 3385 2368 3440 libras
2396 3387 2558 3441 fundi
2586 3388 2920 3442 conductori
2949 3387 3270 3458 imperabat
3321 3389 3534 3458 (Codice
3588 3389 3785 3443 Theod.
3818 3389 3886 3443 de

2197 3476 2408 3542 Haeret,
2428 3477 2550 3546 lege
2573 3475 2681 3547 21).
2717 3478 2986 3548 Ejusdem
3016 3477 3158 3549 legis
3201 3478 3464 3532 meminit
3512 3478 3729 3548 passim
3780 3480 3898 3533 Au-

2195 3562 2456 3632 gustinus
2515 3566 2729 3633 (Contra
2781 3567 2961 3634 Epist.
3009 3568 3378 3634 Parmeniani,
3414 3566 3505 3620 lib.
3555 3569 3604 3632 1,
3646 3583 3708 3621 η.
3768 3567 3895 3637 l9):

2194 3656 2404 3720 praeter
2429 3669 2602 3722 quam
2632 3654 2756 3707 alia:
2788 3671 2907 3708 non
2927 3671 3122 3725 paucae
3153 3654 3555 3725 suppetebant,
3579 3671 3648 3709 ex
3683 3655 3899 3726 quibus

2196 3740 2454 3794 Ecclesiae
2483 3757 2614 3795 cum
2652 3742 2934 3796 haereticis
2974 3741 3141 3814 agere
3179 3743 3406 3800 licebat.
3437 3745 3646 3798 Verum
3687 3760 3897 3815 quam-

2192 3829 2401 3882 tumvis
2431 3830 2687 3900 aequitati
2718 3831 3102 3887 consentirent
3130 3833 3265 3901 illas,
3296 3836 3454 3886 tanta
3481 3832 3666 3888 inerat
3695 3834 3900 3888 Catho-

2195 3917 2312 3970 licis
2342 3920 2738 3987 mansuetudo,
2787 3925 2847 3974 ut
2877 3936 2970 3974 eas
3006 3921 3382 3992 negligerent,
3413 3938 3477 3975 ac
3525 3921 3800 3989 dormire,
3845 3923 3892 3976 si

2190 4006 2272 4059 fas
2284 4007 2459 4061 estita
2476 4008 2654 4078 loqui,
2675 4008 2944 4075 sinentes,
2975 4027 3172 4064 earum
3194 4010 3476 4081 imperata
3502 4011 3627 4064 ﬁeri
3649 4010 3897 4065 minime

2189 4097 2757 4168 postularent(Epist.
2782 4100 2869 4166 88,
2903 4114 2958 4152 η.
2989 4104 3055 4168 7;
3084 4101 3282 4155 Contra
3306 4101 3663 4167 Cresconium,
3702 4100 3801 4154 lib.
3838 4103 3892 4169 3,

2187 4199 2241 4238 n.
2277 4185 2392 4255 51).
2433 4187 2545 4240 Nec
2573 4202 2707 4240 sane
2737 4185 2849 4240 alia
2877 4203 2967 4241 res
3004 4188 3075 4242 ad
3105 4203 3301 4242 earum
3329 4189 3523 4259 legum
3543 4188 3895 4243 recordatio-

2191 4289 2318 4326 nem
2348 4274 2615 4329 excitavit
2645 4275 3062 4330 Catholicorum
3092 4276 3333 4344 animos,
3366 4293 3541 4348 quam
3585 4278 3897 4332 necessitas

2189 4363 2564 4432 propulsandi
2628 4379 2770 4434 quas
2827 4364 3324 4420 Circumcelliones
3381 4365 3520 4437 ipsis
3589 4365 3898 4421 violentias

2188 4451 2519 4505 afferebant.
2553 4452 2680 4506 Istis
2708 4453 2964 4524 primum
2993 4454 3212 4526 legibus
3243 4455 3329 4509 usi
3353 4454 3586 4509 fuerunt
3614 4454 3898 4510 Catholici

2188 4540 2258 4594 ad
2289 4541 2684 4605 coercendam,
2718 4543 2765 4596 si
2795 4559 2908 4614 qua
2937 4548 3186 4614 possent,
3219 4543 3410 4614 Optati
3447 4543 3769 4599 Gildoniani
3798 4549 3894 4616 ty-

2187 4630 2501 4700 rannydem
2523 4632 2737 4700 (Contra
2765 4634 2954 4687 Littcr.
2985 4634 3259 4693 Petiliam,
3297 4633 3391 4687 lib.
3422 4635 3475 4699 3,
3506 4649 3562 4688 η.
3597 4633 3742 4703 184).
3778 4634 3892 4688 Eas

2187 4718 2358 4771 etiam
2395 4719 2637 4774 subinde
2677 4721 2949 4775 adversus
2979 4721 3305 4791 Crispinum
3333 4720 3670 4792 episcopum
3711 4721 3890 4775 adhi-

2185 4807 2468 4862 buerunt:
2498 4812 2554 4862 at
2590 4810 2770 4864 multo
2801 4810 2993 4864 minus
3036 4814 3102 4863 ut
3139 4811 3208 4864 de
3253 4809 3490 4881 patratis
3532 4808 3891 4864 facinoribus

2185 4899 2510 4964 repeterent
2538 4913 2754 4966 pcenas,
2790 4914 2962 4968 quam
3002 4901 3066 4952 ut
3095 4897 3434 4953 documenta
3478 4898 3726 4952 lenitatis
3765 4915 3895 4953 sua:

2185 4982 2545 5052 praeberent;
2587 4985 2940 5056 planumque
2985 4985 3238 5040 facerent
3285 4986 3610 5052 Ecclesiam,
3660 4986 3884 5042 nedum

2184 5072 2295 5126 sibi
2323 5073 2521 5140 ullam,
2556 5073 3091 5130 Circumcellionum
3121 5075 3320 5145 instar,
3349 5079 3693 5146 potestatem
3720 5091 3897 5150 usur-

2183 5165 2346 5230 paret
2373 5162 2689 5233 tyrannice,
2722 5181 2787 5218 ea
2816 5165 2986 5218 etiarn
3013 5165 3164 5218 nolle
3184 5165 3270 5219 uti
3289 5165 3575 5230 facultate,
3608 5181 3786 5236 quam
3814 5165 3894 5220 ab

2181 5248 2437 5318 legitima
2471 5252 2808 5306 auctoritate
2839 5252 2946 5306 sibi
2968 5252 3131 5322 juxta
3161 5253 3551 5323 propheticam
3582 5253 3891 5308 veritatem

2178 5337 2491 5394 famulante
2532 5340 3080 5412 accepisset(Contra
3110 5343 3582 5412 Cresconium,lib.
3609 5344 3731 5409 3,n.
3768 5345 3884 5405 5|).

2176 5426 2395 5480 iudicio
2427 5427 2485 5481 in
2513 5445 2571 5482 se
2609 5429 2722 5483 lato
2752 5446 2954 5500 parere
2994 5431 3179 5485 noluit
3207 5431 3535 5501 Crispinus:
3589 5431 3747 5485 stetit
3784 5448 3887 5486 co-

2177 5529 2301 5568 ram
2329 5517 2690 5585 proconsule,
2723 5517 2947 5589 sibique
2978 5519 3196 5574 crimen
3225 5520 3510 5574 haereseos
3538 5519 3888 5590 neutiquam

2179 5602 2398 5660 haerere
2425 5603 2718 5661 contendit
2757 5606 3080 5678 (Possidius,
3110 5611 3170 5663 in
3211 5610 3340 5664 Vita
3367 5609 3634 5678 August,
3680 5623 3728 5663 c.
3774 5612 3884 5663 t2:
