4062 6362
206 309 328 363 337

205 433 427 488 Contra
465 435 822 503 Cresconium,
853 435 946 490 lib.
990 437 1042 503 3,
1072 451 1128 490 η.
1157 438 1265 503 51).
1309 436 1467 492 Haud
1505 441 1626 493 erat
1664 438 1922 494 Ecclesiae

204 521 560 591 defensoris,
591 540 760 595 quem
801 540 903 578 nos
942 524 1174 595 quidem
1205 525 1388 580 virum
1419 543 1487 581 ex
1525 527 1718 582 ordine
1756 528 1922 583 laico-

202 626 354 666 rum
384 612 555 667 fuisse
577 613 901 684 opinamur,
923 612 978 666 id
1001 614 1265 684 probare.
1288 615 1390 668 Illo
1409 614 1584 686 igitur
1602 617 1917 684 recedente,

200 699 272 754 in
307 717 436 756 eam
481 702 873 756 necessitatem
909 702 1183 756 adductus
1231 708 1316 756 est
1354 703 1663 768 Possidius,
1705 709 1764 759 ut
1807 706 1922 760 Cri-

202 789 389 860 spino
421 790 726 852 resisteret,
751 806 997 862 eumque
1026 807 1221 844 revera
1247 792 1453 846 haeresi
1483 793 1768 847 irretitum
1801 811 1919 849 esse

202 879 586 933 ostenderet:
620 879 834 951 quippe
873 895 1003 933 cum
1038 880 1293 951 alioquin
1331 881 1736 936 oﬁ'endiculum
1776 899 1920 954 prae-

199 965 454 1022 beretur
480 967 742 1034 inﬁrmis,
775 985 838 1022 ac
867 968 1185 1039 periculum
1216 973 1384 1038 esset,
1417 987 1486 1025 ne
1513 971 1632 1042 ipse
1659 971 1728 1025 ab
1758 971 1918 1042 igno-

201 1056 484 1110 rantibus
540 1056 846 1111 haereticus
901 1058 1244 1112 crederetur.
1305 1059 1430 1113 Non
1489 1059 1656 1131 longe
1723 1061 1919 1114 aberat

201 1145 601 1215 Augustinus;
639 1146 738 1217 qui
779 1163 882 1217 pro
922 1163 1024 1201 sua
1061 1147 1210 1201 virili
1251 1147 1504 1219 urgebat,
1535 1154 1595 1202 ut
1631 1153 1916 1204 concerta-

200 1233 437 1289 tionem
479 1234 631 1288 intcr
668 1251 726 1289 se
765 1235 1040 1290 haberent
1086 1237 1196 1290 duo
1241 1237 1596 1291 Calamenses
1644 1238 1914 1309 episcopi.

201 1321 424 1376 Tribus
465 1338 599 1394 ergo
629 1323 716 1377 illi
765 1323 982 1379 vicibus
1019 1323 1081 1378 in
1124 1328 1413 1379 certamen
1442 1326 1802 1380 devenientes
1847 1328 1916 1382 de

198 1409 340 1481 ipsa
371 1411 588 1466 diversa
616 1413 1039 1480 communione,
1072 1430 1184 1485 qua
1212 1414 1425 1469 scilicet
1455 1432 1485 1468 a
1513 1432 1643 1469 vera
1673 1416 1915 1471 Ecclesia

199 1500 400 1554 avulsi
445 1504 607 1555 erant
655 1501 980 1570 Donatistae,
1025 1502 1414 1572 disceptarunt
1455 1520 1467 1558 :
1520 1520 1650 1557 cum
1696 1503 1915 1558 interea

199 1604 528 1644 numerosa
557 1589 859 1645 hominum
888 1591 1192 1645 multitudo
1231 1596 1352 1646 tum
1393 1592 1755 1663 Carthagine,
1782 1608 1912 1647 cum

196 1675 268 1731 in
301 1678 526 1750 reliqua
551 1678 739 1733 Africa
767 1679 850 1733 rei
879 1680 1089 1734 exitum
1124 1679 1344 1733 intenta
1373 1684 1741 1751 exspectaret.
1766 1681 1912 1735 Tan-

200 1765 348 1819 dem
396 1767 547 1821 haud
590 1783 740 1838 aegre
785 1767 1072 1822 convictus
1122 1767 1229 1822 fuit
1266 1769 1547 1823 haereseos
1595 1768 1908 1840 Crispinus,

199 1859 390 1925 atque
419 1872 452 1908 a
470 1856 810 1926 proconsule
839 1856 1117 1910 sententia
1136 1857 1348 1927 scripto
1373 1856 1620 1912 libellari
1647 1858 1764 1912 lata
1782 1858 1911 1912 talis

197 1943 536 1998 declaratus
565 1945 887 2014 (Possidius,
919 1948 977 2000 in
1012 1948 1140 2002 Vita
1170 1947 1437 2013 August.,
1470 1962 1516 2000 c.
1555 1945 1660 2016 12).

276 2034 338 2087 4.
374 2033 642 2088 Attamen
680 2049 746 2086 ea
789 2033 897 2088 fuit
936 2033 1178 2089 Possidii
1218 2034 1618 2101 mansuetudo,
1659 2037 1723 2088 ut
1751 2050 1912 2088 suam

197 2121 364 2192 apud
406 2122 809 2192 proconsulem
850 2121 1260 2193 interposuerit
1297 2122 1563 2193 gratiam,
1604 2121 1909 2193 quominus

198 2209 412 2264 decem
442 2210 568 2264 auri
599 2211 795 2281 pondo
819 2210 1112 2281 Crispinus
1135 2211 1524 2275 mulctaretur,
1546 2210 1803 2280 hancque
1824 2209 1910 2264 illi

199 2297 639 2353 immunitatem
661 2299 848 2369 reipsa
869 2298 1178 2353 obtinuerit
1199 2298 1393 2370 (Epist.
1431 2300 1551 2364 105,
1582 2315 1638 2353 η.
1671 2301 1731 2365 4;
1769 2300 1905 2356 Con-

199 2392 296 2443 tra
330 2389 692 2455 Cresconium,
717 2389 811 2443 lib.
837 2391 888 2454 3,
914 2403 969 2443 η.
993 2391 1089 2454 52;
1112 2387 1470 2453 Possidius,in
1496 2389 1625 2442 Vita
1645 2387 1903 2456 August,

200 2492 251 2531 ο.
311 2478 422 2538 12).
470 2477 680 2530 Verum
727 2475 1092 2546 quantumvis
1132 2474 1497 2530 mitissimum
1548 2479 1693 2529 esset
1737 2476 1905 2530 hocce

191 2564 511 2635 judicium,
551 2563 604 2618 ei
648 2569 840 2618 tamen
881 2580 1100 2618 morem
1139 2579 1336 2634 gerere
1377 2563 1563 2617 noluit
1610 2563 1902 2634 Crispinus

195 2654 432 2723 (Contra
475 2654 834 2719 Cresconium,
875 2653 968 2706 lib.
1021 2655 1072 2719 3,
1112 2668 1167 2706 η.
1219 2653 1337 2722 51);
1381 2652 1476 2706 sed
1524 2652 1797 2722 majorem
1844 2652 1903 2706 in

195 2739 446 2794 modum
478 2755 598 2794 sese
628 2739 919 2810 ingratum
951 2740 1226 2810 praebens,
1262 2740 1669 2810 Imperatorem
1700 2741 1900 2810 appel-

196 2827 342 2883 lavit
370 2828 570 2898 (Epist.
613 2830 702 2894 88,
732 2844 786 2882 η.
827 2833 881 2896 ’7,
915 2833 965 2882 et
1010 2831 1184 2898 Epist.
1223 2831 1342 2891 105,
1383 2844 1438 2882 η.
1467 2828 1540 2896 4).
1599 2829 1904 2883 Ferebatur

196 2917 257 2971 id
290 2916 516 2971 caeteris
543 2916 898 2987 displicuisse
928 2917 1349 2971 Donatistarum
1378 2916 1655 2986 episcopis
1687 2918 1902 2986 (Contra

197 3003 567 3073 Cresconium,
589 3004 690 3059 lib.
724 3007 776 3073 3,
800 3021 852 3059 η.
887 3003 996 3074 51),
1025 3020 1128 3058 nec
1149 3020 1283 3058 sane
1308 3004 1625 3072 immerito;
1649 3006 1902 3076 quando-

195 3091 436 3161 quidem
464 3092 694 3146 nonnisi
723 3109 1044 3147 suceessum
1075 3093 1375 3147 adversum
1397 3093 1528 3148 inde
1550 3109 1776 3164 sperare
1797 3111 1897 3164 po-

121 3203 142 3218 -
194 3185 409 3234 terant.
435 3182 500 3234 Et
523 3181 754 3252 quidem
783 3181 1029 3236 admissa
1049 3181 1156 3236 fuit
1176 3180 1480 3252 appellatio
1501 3202 1514 3249 ;
1535 3198 1898 3253 responsum-

195 3284 315 3340 que
345 3268 503 3323 dedit
529 3271 860 3341 Imperator,
895 3270 1230 3337 Donatistas,
1261 3269 1609 3342 ubicumque
1640 3271 1896 3325 locorum

195 3357 433 3428 degant,
457 3357 518 3411 in
547 3359 758 3413 mulcta
789 3359 985 3413 decem
1015 3359 1138 3413 auri
1165 3359 1438 3414 librarum
1470 3360 1894 3430 comprehendi,

196 3461 320 3500 non
349 3462 508 3500 secus
539 3463 600 3501 ac
629 3447 690 3500 in
729 3447 1074 3519 quibuslibet
1103 3448 1228 3502 aliis
1266 3448 1511 3519 legibus,
1544 3465 1672 3520 quae
1701 3452 1897 3503 contra

195 3534 503 3590 haereticos
533 3538 912 3608 promulgatae
943 3537 1198 3605 fuerant;
1233 3553 1326 3592 eas
1357 3538 1598 3609 proinde
1627 3537 1895 3592 adversus

195 3622 332 3678 illos
379 3625 726 3679 exsecutioni
772 3626 1124 3680 mandandas
1174 3642 1187 3681 :
1238 3642 1352 3680 non
1399 3627 1585 3681 selum
1623 3631 1816 3680 autem
1865 3643 1896 3680 a

195 3712 464 3783 Crispino
495 3714 792 3768 solvendas
823 3731 942 3769 esse
981 3715 1178 3769 decem
1208 3715 1330 3769 auri
1367 3715 1560 3783 libras,
1593 3715 1691 3770 sed
1723 3715 1894 3770 etiam

194 3801 269 3855 ab
300 3801 424 3872 ipso
457 3802 672 3872 judice,
705 3803 805 3874 qui
842 3803 925 3857 illi
956 3803 1198 3875 gratiam
1238 3804 1358 3874 ejus
1386 3805 1613 3858 mulctae
1651 3803 1891 3869 fecisset,

193 3905 427 3944 necnon
457 3891 527 3945 ab
557 3891 777 3958 Ofﬁcio,
808 3891 914 3945 hoc
943 3896 1026 3946 est
1049 3908 1080 3944 a
1111 3892 1329 3946 caeteris
1358 3892 1678 3946 forensibus
1705 3892 1766 3944 in
1795 3892 1892 3944 illo

185 3979 413 4049 judicio
453 3979 820 4046 administris,
853 3979 1156 4050 exigendas
1185 3981 1394 4051 (Codice
1427 3981 1647 4045 Theod.,
1681 3982 1746 4035 de
1773 3984 1892 4036 Hae-

190 4070 405 4136 reticis,
437 4069 546 4135 lege
583 4071 683 4134 39;
714 4073 763 4122 et
801 4068 1098 4135 Possidius,
1129 4072 1186 4123 in
1231 4071 1358 4122 Vita
1394 4070 1666 4138 August.,
1693 4085 1738 4124 c.
1776 4070 1885 4139 1‘2).

191 4155 389 4224 Atque
419 4151 497 4205 ita
527 4151 731 4205 maluit
761 4151 1049 4222 Crispinus
1087 4152 1424 4224 periculum,
1458 4154 1611 4223 quod
1641 4153 1748 4208 sibi
1786 4153 1892 4208 soli

192 4240 586 4312 impendebat,
621 4244 678 4294 et
716 4241 866 4312 quod
906 4240 1096 4311 ipsum
1137 4259 1166 4295 a
1205 4257 1262 4294 se
1303 4242 1457 4295 nullo
1495 4242 1724 4312 negotio
1761 4259 1893 4313 pro-

194 4331 428 4400 pulsare
467 4328 758 4400 potuisset.
799 4329 859 4383 in
900 4345 1128 4383 omnem
1175 4330 1550 4383 Donatianam
1590 4330 1892 4385 factionem

197 4423 550 4488 convertere,
575 4434 748 4490 quam
778 4418 838 4472 in
859 4418 1255 4489 presbyterum
1284 4433 1451 4472 suum
1481 4419 1684 4473 atrocis
1705 4419 1894 4474 delicti

195 4524 367 4562 reum
393 4506 799 4578 degradatione
822 4507 1020 4560 saltem
1048 4506 1497 4561 animadvertere
1523 4508 1747 4578 (Contra
1776 4509 1895 4564 Cre-

197 4597 458 4658 sconium,
496 4595 592 4650 lib.
634 4598 687 4662 3,
725 4611 781 4650 η.
826 4595 934 4665 52).
977 4595 1362 4650 Nihilominus
1401 4600 1595 4650 tamen
1629 4597 1894 4652 catholici

197 4681 498 4748 antistites,
531 4699 595 4737 ac
631 4683 691 4737 in
724 4683 924 4754 primis
951 4685 1324 4754 Augustinus,
1352 4685 1636 4755 praedictae
1665 4687 1893 4740 mulctae

197 4769 623 4826 immunitatem
652 4771 764 4827 illis
794 4773 864 4828 ab
895 4774 1256 4842 Imperatoris
1285 4774 1587 4827 clementia
1615 4774 1892 4845 impetra-

199 4865 336 4915 runt
363 4877 376 4915 :
401 4860 480 4916 ita
500 4866 564 4916 ut
583 4877 780 4916 eorum
807 4861 1090 4932 praesidio,
1109 4878 1179 4916 ne
1201 4861 1492 4933 Crispinus
1511 4861 1743 4933 quidem
1766 4879 1892 4918 eam

199 4950 449 5019 pendere
488 4955 714 5004 coactus
761 4950 933 5005 fuerit
979 4950 1296 5022 (Possidius,
1344 4953 1402 5004 in
1455 4951 1583 5004 Vita
1628 4952 1889 5019 August,

200 5038 398 5110 c.1212).
442 5040 568 5093 Haec
614 5056 784 5110 porro
826 5039 1220 5110 episcoporum
1264 5038 1618 5110 indulgentia
1656 5056 1893 5110 magnas

203 5125 462 5182 Ecclesiae
487 5127 829 5181 accessiones
851 5127 1138 5182 afferebat.
1162 5131 1236 5182 At
1263 5127 1613 5199 Augustinus
1642 5129 1890 5199 palmam

204 5231 426 5287 semper
455 5215 588 5269 hinc
611 5216 961 5286 reportabat,
989 5217 1049 5271 in
1075 5217 1341 5271 omnibus
1369 5233 1496 5287 quae
1526 5216 1682 5286 pacis
1710 5217 1892 5271 conci-

205 5301 405 5358 liandae
437 5320 604 5357 causa
637 5303 1005 5374 gerebantur,
1039 5304 1251 5374 primas
1289 5305 1603 5358 concedens
1633 5304 1888 5371 nemini;

205 5395 260 5444 et
295 5391 374 5445 sic
398 5391 635 5462 justitiae
664 5407 948 5452 coronam,
976 5409 1105 5463 quae
1145 5393 1253 5464 ipsi
1278 5393 1339 5446 in
1369 5393 1523 5447 caelis
1553 5410 1585 5447 a
1625 5394 1740 5447 Deo
1774 5410 1889 5448 ser-

206 5478 459 5551 vabatur,
487 5478 669 5550 magis
696 5478 990 5550 magisque
1020 5479 1079 5533 in
1107 5479 1226 5534 dies
1252 5479 1652 5552 ampliﬁcabat.

276 5572 324 5622 5.
360 5568 490 5622 Post
517 5567 673 5623 illam
705 5567 949 5638 Crispini
979 5567 1273 5623 historiam
1316 5568 1596 5624 subnectit
1625 5569 1892 5638 Augusti-

1682 315 1888 372 LIBER
1925 313 2244 382 QUINTUS.

3579 345 3583 350 ‘
3621 331 3724 386 338

2031 456 2139 495 nus
2165 441 2513 496 mentionem
2535 443 3041 515 legationis,quam
3062 443 3365 501 concilium
3385 447 3724 520 Carthagine

2031 532 2183 582 sexto
2221 529 2496 584 kalendas
2529 531 2702 602 julias
2738 531 2973 603 hujusce
3008 532 3144 586 anni
3173 534 3722 604 quadringentesimi

2032 616 2219 686 quarti
2248 616 2308 670 in
2339 616 2568 672 basilica
2594 621 2855 675 secundae
2881 622 3129 691 regionis
3158 623 3415 676 habitum
3449 625 3518 678 ad
3548 626 3723 695 Impe-

2030 708 2272 760 ratorem
2305 707 2458 761 misit
2497 711 2689 778 (Epist.
2734 712 2822 776 88,
2863 726 2898 763 η
2935 711 3011 780 7).
3049 712 3203 765 Tunc
3240 712 3515 782 temporis
3551 729 3721 767 vexa-

2030 794 2196 848 batur
2226 795 2414 850 dirum
2445 796 2505 849 in
2535 797 2769 852 modum
2803 799 3064 853 Ecclesia.
3100 800 3407 854 Donatistae
3437 800 3720 872 siquidem

2028 881 2264 953 indigne
2287 883 2553 951 ferentes,
2578 886 2733 955 quod
2753 886 2914 940 toties
2937 887 3006 941 ad
3034 887 3383 959 colloquium
3404 890 3717 959 provocati,

2029 972 2165 1042 quid
2219 975 2651 1044 responderent,
2709 992 3072 1047 nequaquam
3133 977 3474 1045 invenirent,
3534 980 3714 1035 vicem

2027 1078 2188 1117 suam
2215 1064 2374 1117 novis
2403 1080 2466 1118 ac
2492 1081 2722 1135 prorsus
2752 1065 3021 1120 inauditis
3051 1066 3505 1123 immanitatibus
3527 1069 3719 1125 ulcisci

2027 1151 2214 1204 conati
2252 1156 2383 1206 sunt
2423 1153 2615 1223 (Epist.
2664 1157 2783 1215 185,
2815 1171 2870 1208 η.
2918 1156 3020 1224 18).
3056 1157 3176 1210 Non
3218 1157 3385 1228 pauci
3421 1162 3620 1212 tamen
3649 1176 3718 1214 ex.

2026 1254 2222 1292 eorum
2247 1241 2652 1295 communione
2672 1242 2845 1296 talem
2866 1243 3368 1314 agendirationem
3384 1247 3715 1318 horrebant,

2025 1328 2294 1399 quodque
2334 1346 2458 1383 eam
2499 1344 2726 1384 exesam
2764 1330 3062 1402 haberent,
3093 1349 3214 1386 sese
3253 1335 3419 1404 culpa
3448 1335 3604 1390 omni
3635 1354 3719 1391 so-

2025 1413 2172 1468 lutos
2202 1415 2600 1471 existimabant
2629 1418 2822 1489 (Ibid.,
2856 1435 2910 1473 η.
2954 1421 3056 1488 16).
3095 1420 3275 1484 Quam
3312 1421 3372 1476 in
3408 1438 3533 1477 rem
3571 1425 3715 1496 obji-

2023 1502 2246 1557 ciebant
2275 1504 2354 1558 eis
2399 1505 2689 1573 Catholici,
2733 1507 2781 1560 si
2812 1523 2868 1561 se
2909 1524 2942 1561 a
2977 1507 3314 1563 criminibus
3357 1509 3418 1564 in
3457 1527 3716 1566 commu-

2023 1590 2192 1645 nione
2241 1608 2340 1647 sua
2380 1595 2617 1664 patratis
2658 1595 2945 1650 immunes
2993 1613 3112 1651 esse
3157 1614 3325 1668 posse
3367 1599 3712 1668 judicarent,

2024 1697 2138 1735 non
2175 1680 2344 1736 licere
2382 1682 2520 1752 ipsis
2567 1682 2873 1750 afﬁrmare,
2922 1684 3253 1740 universum
3299 1687 3497 1742 orbem
3543 1689 3714 1744 fuisse

2023 1769 2305 1824 Caeciliani
2333 1769 2686 1836 criminibus,
2723 1773 2810 1826 vel
2839 1772 2994 1826 falsis
3023 1773 3110 1826 vel
3135 1778 3288 1827 certe
3316 1773 3548 1845 ignotis,
3578 1793 3713 1831 con-

2018 1857 2382 1912 taminatum.
2399 1860 2472 1913 Ea
2494 1859 2636 1913 ratio
2663 1860 2969 1913 nonnullos
2991 1860 3070 1914 ita
3082 1862 3466 1931 permovebat,
3482 1873 3546 1916 ut
3566 1864 3711 1918 schi-

2020 1960 2144 1998 sma
2172 1945 2450 2009 deserere,
2484 1960 2797 2015 omnesque
2831 1945 3086 2016 injurias,
3121 1962 3260 2016 quas
3300 1964 3332 2001 a
3359 1948 3553 2004 furore
3588 1951 3713 2006 Cir-

2019 2032 2458 2087 cumcellionum
2484 2032 2688 2087 timere
2725 2037 3009 2103 poterant,
3038 2035 3290 2105 perferre
3328 2039 3480 2108 apud
3509 2055 3566 2092 se
3596 2043 3711 2094 sta-

2018 2125 2264 2178 tuerent.
2306 2123 2379 2176 At
2418 2137 2640 2191 eorum,
2681 2122 2886 2193 quibus
2939 2123 3217 2178 redeundi
3263 2125 3334 2179 ad
3373 2126 3708 2182 catholicam

2019 2209 2296 2264 unitatem
2333 2209 2681 2265 desiderium
2719 2215 2860 2276 erat,
2901 2227 3030 2282 pars
3069 2212 3239 2283 longe
3277 2214 3526 2268 maxima
3562 2215 3708 2270 iram

2017 2296 2316 2352 hominum
2345 2298 2702 2369 perditorum
2732 2299 3004 2353 adversus
3045 2315 3103 2353 se
3145 2300 3427 2354 concitare
3459 2318 3576 2356 non
3607 2319 3708 2356 au-

2015 2386 2242 2448 debant,
2276 2387 2654 2457 quorumdam
2697 2387 2954 2458 exemplo
2986 2388 3260 2455 deterriti,
3290 2390 3388 2460 qui
3418 2390 3489 2444 ob
3527 2407 3706 2461 repu-

2015 2474 2233 2529 diatum
2261 2475 2564 2529 discidium
2597 2475 2805 2529 atrocia
2840 2475 3098 2546 perpessi
3126 2476 3370 2532 fuerant.
3399 2479 3464 2532 In
3493 2479 3580 2532 his
3611 2496 3709 2533 an-

2017 2563 2218 2634 gustiis
2248 2579 2362 2618 non
2392 2564 2690 2618 laudandae
2719 2563 3030 2634 patientiae,
3065 2564 3162 2618 sed
3193 2566 3491 2635 culpandae
3521 2567 3706 2639 negli-

2015 2651 2221 2724 gentiae
2251 2657 2447 2707 notam
2476 2651 2848 2706 incurrissent
2883 2652 3145 2706 catholici
3183 2656 3476 2723 praesules,
3510 2655 3558 2709 si
3585 2656 3708 2725 pati

2013 2740 2439 2812 oppressionem
2464 2742 2630 2807 hanc,
2657 2757 2830 2812 quam
2857 2741 2926 2794 ad
2949 2741 3282 2812 praesidium
3306 2743 3415 2797 sibi
3441 2743 3705 2798 divinitas

2011 2831 2070 2882 in
2107 2829 2392 2898 imperiali
2431 2829 2762 2884 auctoritate
2802 2830 3056 2884 oblatum
3094 2831 3399 2901 confugere
3445 2833 3700 2899 mallent,

2010 2934 2195 2989 neque
2227 2918 2662 2973 christianorum
2695 2918 3016 2990 principum
3049 2919 3440 2974 defensionem
3472 2921 3580 2991 ipsi
3611 2924 3704 2976 Ec-

2009 3008 2212 3074 clesiae,
2246 3008 2404 3078 cujus
2435 3011 2490 3060 et
2518 3007 2601 3061 illi
2632 3007 2737 3060 ﬁlii
2767 3011 2947 3076 erant,
2978 3007 3371 3077 implorarent,
3401 3014 3465 3062 ut
3492 3026 3566 3063 ne
3596 3011 3700 3064 sub

2009 3112 2208 3150 eorum
2232 3096 2474 3167 imperio
2498 3095 2693 3150 liceret
2721 3095 2995 3166 improbis
3024 3095 3330 3151 debiliores
3354 3101 3698 3166 perterrere,

2008 3201 2220 3256 eosque
2251 3185 2321 3238 ad
2350 3183 2409 3239 id
2439 3187 2596 3238 metu
2624 3184 2985 3254 compellere,
3011 3185 3161 3256 quod
3191 3184 3302 3238 illis
3331 3185 3548 3240 ratione
3575 3203 3700 3257 per-

2008 3273 2233 3329 suaderi
2261 3290 2426 3344 posse
2454 3273 2830 3344 desperabant
2860 3274 3039 3343 (Ibid.,
3070 3290 3124 3328 n.
3163 3272 3271 3343 18).
3304 3275 3575 3328 Permulti
3602 3292 3698 3330 an-

2005 3362 2231 3432 tistites,
2262 3366 2318 3417 et
2355 3361 2396 3416 ii
2435 3362 2666 3435 quidem
2708 3365 2874 3415 aetate
2913 3361 3222 3432 graviores,
3264 3363 3538 3432 petendas
3577 3381 3698 3420 esse

2007 3450 2161 3520 leges
2207 3450 2532 3516 censebant,
2579 3449 2786 3519 quibus
2845 3465 3042 3503 omnes
3102 3449 3338 3504 omnino
3397 3451 3698 3508 Donatistae

1999 3537 2340 3608 juberentur
2363 3538 2828 3592 communionem
2855 3537 3188 3591 catholicam
3219 3538 3487 3608 amplecti
3508 3538 3695 3608 (lbid.,

2005 3643 2060 3680 η.
2093 3626 2181 3698 25)
2219 3642 2231 3680 :
2261 3627 2520 3696 exempla
2555 3625 2958 3695 proponebant
2982 3625 3295 3678 multarum
3325 3625 3615 3680 civitatum
3643 3630 3698 3681 et

2005 3715 2282 3781 locorum,
2315 3731 2443 3784 quae
2472 3729 2592 3782 prae
2620 3714 2828 3768 timore
2857 3714 3051 3782 legum
3083 3714 3440 3768 Constantini
3470 3731 3532 3768 ac
3562 3715 3695 3769 sub-

2005 3801 2370 3872 sequentium
2409 3801 2818 3870 imperatorum
2859 3805 3176 3870 susceptam
3210 3802 3296 3854 vel
3335 3801 3510 3856 invite
3539 3819 3697 3857 com-

2006 3889 2339 3943 munionem
2352 3888 2686 3942 catholicam
2702 3903 2924 3941 summa
2936 3888 2996 3940 in
3008 3891 3296 3958 posterum
3311 3888 3628 3943 sinceritate
3642 3894 3698 3945 et

2005 3976 2322 4031 constantia
2352 3975 2713 4029 retinuerunt
2745 3975 2944 4045 (Epist.
2990 3978 3110 4042 185,
3151 3991 3208 4028 π.
3240 3978 3336 4040 25;
3378 3977 3558 4044 Epist.
3603 3980 3692 4042 93,

2002 4081 2058 4120 η.
2080 4065 2181 4138 16).
2200 4064 2583 4119 Memorabant
2595 4079 2705 4134 que
2719 4062 3061 4117 nominatim
3081 4065 3398 4133 Tagastam,
3414 4079 3542 4134 quae
3563 4080 3694 4119 cum

2005 4154 2143 4208 olim
2173 4157 2292 4207 tota
2319 4170 2352 4207 a
2378 4155 2598 4207 Donato
2640 4152 2899 4218 stetisset,
2934 4152 3004 4206 ab
3033 4167 3099 4206 eo
3130 4155 3330 4221 postea
3367 4152 3559 4222 legum
3585 4152 3693 4206 im-

2003 4242 2305 4314 perialium
2332 4246 2546 4296 terrore
2576 4240 2886 4306 defecerat;
2927 4244 2984 4294 et
3011 4239 3289 4294 unitatem
3319 4239 3534 4294 sincere
3573 4257 3693 4294 am-

2003 4333 2191 4403 plexa,
2212 4330 2272 4384 in
2295 4330 2712 4384 Donatistarum
2735 4332 2945 4383 sectam
2967 4329 3160 4382 odium
3183 4332 3404 4382 tantum
3427 4344 3696 4399 concepe-

2004 4425 2110 4483 rat,
2140 4418 2291 4473 utin
2330 4420 2434 4473 hac
2468 4433 2766 4490 nunquam
2810 4416 2983 4472 fuisse
3029 4417 3374 4471 crederetur.
3406 4418 3480 4470 Eo
3527 4421 3693 4487 pacto

2004 4524 2105 4562 sua
2133 4507 2451 4580 Augustino
2482 4523 2600 4578 prae
2628 4505 2846 4560 caeteris
2875 4507 3304 4576 proponebatur
3333 4505 3546 4571 civitas,
3579 4521 3693 4576 quo

2003 4595 2220 4651 facilius
2262 4595 2333 4648 ad
2363 4594 2606 4648 aliorum
2647 4593 2918 4665 placitum
2958 4593 3334 4647 adduceretur
3363 4593 3556 4662 (Epist.
3603 4597 3692 4661 93,

2003 4703 2057 4740 η.
2123 4685 2226 4756 17).
2279 4685 2420 4737 Nam
2464 4683 2620 4736 illius
2665 4681 2932 4752 primitus
2982 4681 3265 4736 sententia
3320 4682 3461 4749 erat,
3514 4682 3694 4737 nemi-

2002 4788 2136 4826 nem
2163 4772 2232 4826 ad
2263 4772 2541 4826 unitatem
2581 4772 2786 4826 Christi
2817 4788 2935 4826 esse
2968 4771 3289 4842 cogendum
3320 4791 3337 4825 :
3372 4772 3543 4826 verbo
3574 4788 3694 4827 esse

2003 4861 2311 4932 agendum,
2351 4859 2736 4930 disputatione
2771 4859 3168 4931 pugnandum,
3200 4859 3422 4915 ratione
3459 4861 3694 4915 vincen-

2004 4951 2172 5016 dum;
2203 4965 2274 5002 ne
2304 4946 2421 5001 ﬁcti
2453 4946 2727 5002 Catholici
2755 4947 2815 5001 in
2855 4947 3097 5001 Ecclesia
3134 4952 3343 5016 essent,
3375 4948 3471 5020 qui
3511 4949 3694 5020 aperti

2002 5037 2162 5110 prius
2205 5035 2441 5107 notique
2471 5040 2634 5090 erant
2677 5035 2947 5092 haeretici.
2994 5037 3167 5108 Atqui
3213 5053 3416 5091 manus
3462 5037 3693 5092 tandem

2002 5126 2178 5196 dedit,
2208 5126 2554 5196 collegarum
2584 5139 2814 5178 suorum
2841 5128 2966 5178 tum
2991 5124 3324 5192 rationibus,
3352 5128 3471 5178 tum
3505 5140 3693 5178 exem-

2002 5214 2111 5286 plis
2154 5214 2334 5269 victus
2368 5231 2381 5269 :
2409 5213 2505 5268 sed
2538 5212 2828 5268 mitiorem
2857 5213 3007 5268 viam
3038 5213 3223 5268 adhuc
3251 5211 3485 5283 aggredi
3515 5212 3690 5266 satius

2003 5319 2121 5356 esse
2185 5302 2526 5357 existimavit
2580 5302 2776 5373 (lbid.,
2840 5319 2897 5356 η.
2969 5302 3074 5373 19).
3139 5300 3426 5358 Nonnullis
3489 5299 3688 5364 fratri-

2005 5392 2122 5460 bus,
2147 5391 2355 5464 inquit,
2382 5392 2685 5459 uidebatur,
2724 5393 2782 5445 in
2811 5392 3005 5460 quibus
3032 5395 3081 5445 et
3122 5405 3215 5459 ego
3244 5403 3407 5454 eram,
3442 5389 3691 5455 quamvis

2005 5484 2412 5537 Donatistarum
2442 5483 2619 5536 rabies
2650 5495 3031 5550 usquequaque
3065 5480 3292 5541 smiret,
3323 5491 3429 5529 non
3459 5490 3567 5530 essc
3591 5491 3688 5546 pe-

2007 5571 2224 5626 tendum
2270 5572 2337 5626 ab
2368 5571 2805 5642 lmperatoribus,
2838 5574 2898 5623 ut
2938 5571 3115 5638 ipsum
3162 5565 3403 5620 haeresim
3438 5565 3691 5634 juberent
