4062 6350
335 311 438 365 339

331 429 545 484 omnino
584 443 693 484 non
729 444 858 498 esse,
910 445 1126 499 panum
1174 429 1543 487 constituendo
1571 431 1665 499 eis,
1699 428 1797 498 qui
1836 427 1896 481 in
1931 426 2031 481 illa

331 533 442 574 esse
468 519 796 587 voluissent;
828 518 924 573 sed
965 520 1061 574 hoc
1092 520 1276 590 potius
1314 520 1716 584 constituerent,
1752 520 1813 571 ut
1850 530 2028 571 eorum

332 608 574 674 furiosus
602 608 883 663 violentias
910 623 1016 662 non
1041 611 1373 677 paterentur,
1398 609 1496 679 qui
1513 608 1793 662 veritatem
1812 604 2033 661 catholi-

335 711 453 751 cam
478 697 564 751 vel
586 695 949 767 pradicarent
974 697 1256 767 loquendo,
1276 698 1360 752 vel
1381 699 1611 765 legerent
1640 693 2030 752 constituendo.

335 784 490 855 Quod
515 799 572 839 eo
611 784 766 840 modo
797 784 925 856 ﬁeri
951 786 1295 854 aliquatenus
1318 800 1477 857 posse
1517 785 1944 852 arbitrabamur,
1985 783 2036 838 si

337 873 502 940 legem
525 874 793 944 piissima
818 873 1083 929 memoria
1114 873 1421 942 Theodosii,
1447 890 1610 944 quam
1627 873 1949 943 generaliter
1976 873 2035 927 in

334 976 511 1016 omnes
550 962 822 1017 hareticos
853 964 1245 1032 promulgavit.
1283 965 1351 1019 Ut
1390 964 1639 1033 quisquis
1687 977 1870 1018 eorum
1913 962 2036 1031 epi-

335 1065 524 1121 scopus
553 1051 639 1106 vel
667 1052 887 1106 clericus
917 1051 1145 1106 ubilibet
1175 1056 1310 1107 esset
1339 1053 1606 1119 inventus,
1660 1051 1837 1106 decem
1881 1050 2034 1104 libris

334 1139 464 1193 auri
489 1138 862 1208 mulctaretur,
893 1142 1204 1209 expressius
1233 1142 1293 1195 in
1322 1142 1655 1207 Donatistas,
1680 1141 1777 1209 qui
1795 1154 1850 1194 se
1876 1154 2038 1207 nega-

339 1227 467 1281 bant
493 1227 787 1294 hareticos,
818 1229 899 1283 ita
928 1226 1329 1299 conﬁrmarent,
1352 1233 1413 1283 ut
1429 1243 1536 1283 non
1564 1243 1740 1284 omnes
1760 1243 1823 1283 ea
1838 1229 2039 1286 mulcta

336 1316 655 1383 ferirentur,
678 1315 773 1370 sed
800 1316 859 1371 in
887 1331 1115 1385 quorum
1137 1315 1444 1385 regionibus
1465 1318 1680 1386 aliquas
1699 1317 1984 1372 violentias
2005 1332 2039 1370 a

338 1405 564 1467 clericis,
598 1404 681 1458 vel
716 1419 749 1459 a
781 1405 1326 1473 Circumcellionibus,
1355 1405 1439 1459 vel
1471 1405 1691 1475 populis
1719 1420 1899 1459 eorum
1934 1406 2036 1459 Ec-

339 1494 502 1549 clesia
531 1494 796 1549 catholica
808 1499 1088 1564 pateretur
1109 1513 1126 1551 :
1148 1497 1209 1549 ut
1232 1495 1435 1549 scilicet
1457 1498 1578 1564 post
1599 1496 2041 1564 protestationcm

343 1583 759 1650 Catholicorum,
791 1584 889 1652 qui
913 1585 1149 1650 fuissent
1174 1585 1285 1637 ista
1325 1584 1593 1653 perpessi,
1619 1583 1742 1653 jam
1769 1598 1902 1639 cura
1940 1583 2040 1639 0r-

341 1671 531 1725 dinum
558 1671 634 1725 ad
654 1671 1069 1740 persolvendam
1096 1673 1352 1726 mulctam
1381 1674 1622 1743 episcopi
1649 1675 1761 1727 sive
1801 1674 2043 1727 ministri

341 1758 520 1812 calori
546 1762 867 1814 tenerentur.
894 1760 982 1814 Ita
1002 1760 1142 1813 enim
1161 1759 1609 1814 eaistimabamus
1636 1760 1711 1814 eis
1744 1761 1968 1827 territis,
1991 1763 2043 1814 et

341 1846 482 1901 nihil
511 1846 617 1900 tale
640 1847 822 1913 facere
849 1846 1190 1912 audentibus,
1219 1862 1373 1917 posse
1402 1848 1566 1902 libero
1588 1848 1768 1904 doceri
1795 1852 1846 1904 et
1874 1850 2044 1904 teneri

342 1934 662 1989 catholicam
688 1937 1006 2003 veritatem;
1035 1940 1096 1991 ut
1141 1934 1215 1991 ad
1255 1952 1371 1991 eam
1409 1942 1686 2004 cogeretur
1726 1952 1899 2006 nemo,
1948 1937 2043 1994 sed

343 2037 460 2076 cam
490 2025 586 2092 qui
611 2024 727 2077 sine
770 2024 1066 2091 formidine
1110 2026 1265 2079 vellet
1307 2029 1638 2097 sequeretur,
1663 2041 1730 2082 ne
1778 2026 1948 2095 falsos
1994 2030 2043 2081 et

342 2110 682 2166 simulatores
702 2112 1002 2181 Catholicos
1027 2113 1338 2169 haberemus
1350 2115 1554 2185 (Epist.
1575 2118 1698 2186 185,
1714 2131 1761 2171 c.
1784 2121 1839 2184 7,
1855 2132 1909 2172 η.
1925 2116 2039 2186 25).

346 2196 488 2252 Huic
525 2198 761 2254 consilio
801 2200 1048 2270 aliorum
1085 2200 1483 2273 episcoporum
1522 2203 1823 2259 sententia
1860 2219 2042 2259 cesse-

346 2288 501 2352 runt,
535 2302 598 2340 ac
645 2286 941 2343 decretum
968 2288 1032 2343 in
1079 2288 1318 2360 synodo,
1352 2288 1422 2344 de
1449 2306 1566 2361 qua
1601 2290 1916 2362 loquimur,
1959 2292 2044 2347 fa-

347 2375 502 2426 ctum
529 2375 635 2440 est,
667 2373 913 2446 lectique
958 2375 1154 2447 legati,
1190 2375 1290 2448 qui
1336 2378 1530 2432 aulam
1558 2378 1831 2434 adeuntes
1858 2380 2046 2452 legem

349 2459 630 2529 Ecclesia,
662 2465 728 2516 ut
769 2461 1127 2531 credebatur,
1170 2465 1550 2521 necessariam
1587 2466 1657 2521 ab
1696 2468 2046 2540 Imperatore

350 2547 683 2620 suppliciter
718 2554 1040 2620 poscerent.
1075 2552 1343 2609 Exstabat
1370 2553 1485 2609 alia
1512 2555 1621 2624 lex,
1652 2572 1782 2628 qua
1819 2558 2046 2613 hareti-

351 2633 429 2689 cis
459 2635 548 2691 vel
568 2635 813 2694 faciendi
842 2632 1203 2703 testamenta,
1224 2642 1313 2696 vel
1338 2658 1439 2712 per
1470 2642 1804 2700 donationes
1833 2646 2047 2719 aliquid

352 2720 703 2794 conferendi,
742 2725 832 2781 vel
871 2742 941 2781 ex
976 2727 1384 2784 donationibus
1420 2736 1518 2785 aut
1557 2734 1908 2789 testamentis
1944 2735 2048 2790 ali-

350 2809 488 2881 quid
518 2811 779 2884 capiendi
805 2814 1133 2871 facultatem
1163 2816 1470 2873 adimebat.
1499 2819 1685 2891 Atque
1715 2820 1786 2875 ob
1817 2837 1943 2877 eam
1972 2822 2049 2877 le-

352 2915 501 2971 gem,
537 2916 667 2972 qua
710 2902 954 2958 nuncin
994 2902 1195 2958 Codice
1239 2903 1619 2974 desideratur,
1651 2912 1784 2963 ante
1833 2925 2049 2965 annum

351 2988 977 3062 quadringentesimum
1008 2993 1326 3064 Imperator
1348 2993 1580 3050 femina
1605 2996 1903 3067 cujusdam
1939 2998 2048 3053 Do-

349 3078 575 3135 natista
594 3083 998 3137 testamentum
1021 3081 1329 3138 resciderat
1352 3081 1559 3150 edicto,
1581 3082 1641 3137 in
1662 3099 1776 3154 quo
1796 3084 2049 3141 furorem

352 3166 526 3223 etiam
556 3168 1091 3225 Circumcellionum
1121 3171 1407 3242 tangebat.
1434 3171 1742 3227 Constituit
1760 3172 1938 3243 igitur
1964 3191 2050 3246 sy-

352 3255 534 3309 nodus
554 3255 1035 3327 Carthaginensis,
1061 3261 1122 3313 ut
1142 3258 1379 3330 hujusce
1396 3258 1537 3330 legis
1553 3259 2050 3316 confirmationem

352 3346 653 3414 rogaretur
676 3345 1021 3415 Imperator;
1048 3345 1148 3401 sed
1175 3351 1367 3401 tamen
1391 3363 1520 3403 cum
1542 3364 1610 3403 ea
1632 3349 2047 3419 moderatione,

356 3436 418 3488 ut
435 3432 499 3488 in
515 3432 642 3488 illos
663 3437 886 3490 tantum
906 3435 1140 3504 valeret,
1166 3436 1265 3508 qui
1289 3436 1657 3509 pertinaciter
1686 3438 1748 3494 in
1776 3441 2050 3497 schisma-

352 3521 462 3576 tica
489 3520 731 3578 factione
761 3527 1192 3595 perseverarent
1220 3539 1235 3579 :
1266 3522 1368 3596 qui
1397 3540 1528 3580 vero
1556 3524 1619 3580 in
1647 3526 1891 3597 gratiam
1920 3544 2051 3583 cum

357 3611 602 3667 Ecclesia
636 3612 911 3681 redirent,
942 3612 1011 3668 iis
1033 3613 1129 3685 jus
1164 3611 1362 3685 fasque
1401 3615 1549 3668 esset
1585 3629 1652 3668 ea
1687 3629 2049 3687 recuperare,

288 3776 291 3779 ἢ
355 3714 485 3770 qua
504 3699 611 3755 sibi
631 3704 762 3756 ante
784 3700 1304 3756 reconciliationem
1325 3699 1691 3758 obvenissent
1709 3718 1722 3771 ;
1737 3702 2050 3760 dummodo

356 3804 472 3843 non
508 3793 640 3860 post
674 3793 889 3844 motam
929 3790 999 3845 de
1036 3789 1221 3858 bonis,
1253 3806 1382 3862 qua
1419 3788 1529 3845 sibi
1566 3789 1950 3862 vindicabant,
1992 3795 2054 3849 li-

354 3880 470 3932 tem.
494 3877 567 3932 ad
597 3877 876 3933 unitatem
903 3877 1239 3933 catholicam
1265 3876 1593 3934 transirent.
1619 3880 1777 3935 Tunc
1802 3880 1957 3936 enim
1983 3882 2054 3938 ad

357 3964 413 4021 id
442 3966 654 4021 terreni
682 3966 879 4038 potius
903 3967 1209 4035 commodi,
1258 3983 1434 4040 quam
1479 3968 1581 4023 Dei
1627 3974 1786 4025 metu
1831 3970 2053 4028 inducti

356 4058 743 4110 censerentur.
793 4054 1044 4110 Concilio
1093 4072 1324 4127 quoque
1369 4054 1557 4110 visum
1601 4061 1707 4125 est,
1755 4064 1951 4128 petere
1989 4063 2056 4115 ut

358 4142 590 4197 urbium
627 4141 887 4206 Ordines,
919 4145 978 4197 et
1013 4141 1079 4213 ii,
1111 4142 1320 4214 quibus
1364 4142 1549 4197 vicina
1585 4147 1774 4198 essent
1814 4145 2050 4217 praedia,

360 4228 661 4284 tuitionem
694 4227 954 4283 Ecclesiis
982 4232 1176 4284 contra
1215 4229 1752 4287 Circumcellionum
1778 4232 2050 4302 furorem,

356 4313 804 4387 imperatoribus
833 4315 969 4370 satis
1013 4319 1237 4385 notum,
1269 4333 1334 4372 ac
1380 4334 1532 4391 sape
1580 4319 1802 4391 legibus
1844 4323 2055 4379 conde-

359 4408 643 4473 mnatum,
675 4403 933 4476 prabere
953 4407 1290 4460 tenerentur
1311 4421 1325 4461 :
1349 4409 1519 4478 atque
1538 4405 1790 4477 interim,
1814 4409 1952 4465 dum
1970 4427 2055 4466 re-

360 4492 551 4548 dirent
578 4492 772 4565 legati,
796 4511 826 4548 a
849 4492 1273 4565 provinciarum
1293 4494 1575 4566 prafectis
1594 4495 1748 4551 idem
1766 4498 2053 4569 postulare

360 4581 505 4653 (Cod.
540 4582 739 4639 Conon.
771 4582 979 4651 Afric.,
1011 4597 1130 4638 can.
1166 4583 1273 4654 93).

432 4672 483 4725 6.
520 4670 597 4725 Ea
623 4669 831 4741 legatio
876 4670 1114 4727 Theasio
1155 4674 1211 4726 et
1250 4670 1456 4728 Evodio
1495 4672 1773 4747 episcopis
1818 4675 2054 4731 deman-

362 4757 495 4814 data
529 4756 640 4813 fuit
669 4757 874 4830 (Ibid).
908 4758 1134 4815 Theasii
1172 4760 1467 4834 cujusdam
1494 4762 1963 4820 Memblositensis
1991 4764 2053 4822 in

359 4846 752 4918 proconsulari
807 4847 1060 4920 episcopi
1115 4854 1294 4905 exstat
1352 4848 1413 4905 in
1470 4850 1780 4908 Collatione
1835 4852 2051 4910 mentio

358 4935 570 5007 (Collat.
601 4935 859 5004 Carthag.
900 4939 950 5001 1,
979 4952 1099 5008 cap.
1146 4938 1290 5010 133).
1340 4939 1582 4996 Evodius
1610 4940 1757 4997 forte
1786 4941 1942 4998 idem
1971 4946 2055 4998 est

358 5040 421 5080 ac
453 5022 758 5092 Uzalensis,
794 5024 893 5097 qui
938 5024 1000 5080 in
1030 5025 1268 5096 epistola
1307 5027 1375 5083 ad
1405 5028 1789 5100 Augustinum
1829 5029 2053 5086 Theasii

357 5112 612 5186 episcOpi
638 5111 922 5182 meminit,
951 5129 1121 5184 quem
1152 5131 1346 5170 senem
1379 5116 1606 5186 vocitat,
1638 5122 1808 5189 atque
1838 5118 1900 5174 in
1927 5135 2051 5174 mo-

360 5201 608 5258 nasterio
631 5200 818 5257 vivere
838 5201 1088 5273 quodam
1112 5204 1278 5259 modo
1299 5203 1490 5259 innuit
1510 5204 1709 5275 (Epist.
1736 5209 1854 5276 158,
1868 5223 1925 5263 n.
1944 5207 2051 5280 10).

356 5292 424 5347 In
456 5295 766 5363 utrumque
796 5289 1109 5346 Petilianus
1146 5291 1235 5346 his
1265 5292 1644 5348 debacchatur
1671 5295 1856 5349 verbis
1883 5312 1897 5350 :
1926 5297 2053 5352 Illos

358 5382 577 5450 scilicet,
611 5396 743 5451 quos
768 5396 1127 5451 pracursores
1157 5396 1219 5435 ac
1246 5383 1592 5450 navigatores
1616 5398 1821 5453 semper
1836 5384 2052 5453 habent,

356 5471 631 5540 furiaeque
657 5485 768 5526 sua
798 5470 1020 5540 legatos,
1042 5472 1139 5540 qui
1157 5475 1414 5541 eapetant
1435 5474 1775 5542 sanguinem,
1801 5479 2056 5544 eapetant

356 5562 799 5630 proscriptiones,
840 5561 1108 5616 incutiant
1148 5565 1340 5632 metus,
1365 5563 1610 5633 pericula
1650 5565 1921 5632 ingerunt,
1963 5564 2056 5618 ho-

1541 303 1717 366 VITA
1754 302 1808 360 S.
1850 298 2238 359 AUGUSTINI
2287 300 2627 361 EPISCOPI.

3739 298 3858 354 340

2137 427 2307 482 mines
2320 442 2422 497 per
2426 424 2738 497 provincias
2758 425 2999 481 diversas
3014 421 3485 493 occidunt(Collat.
3506 421 3774 490 Carthag.
3794 423 3855 488 3,

2139 530 2259 584 cap.
2298 516 2436 586 141).
2463 516 2645 572 Ambo
2674 518 2908 588 propter
2950 512 3298 579 vexationes,
3332 527 3475 583 quas
3515 527 3667 567 anno
3699 526 3856 582 qna-

2140 603 2587 675 dringentesimo
2614 610 2811 661 octavo
2841 603 2976 659 ﬁdei
3003 618 3174 658 causa
3205 601 3512 672 pertulere,
3554 600 3856 655 confesso-

2140 693 2219 748 ris
2250 694 2481 750 titulum
2507 694 2791 750 consecuti
2822 696 2955 748 sunt
2984 691 3135 764 (Cod.
3177 692 3349 749 Cann.
3378 690 3586 765 Afric.,
3617 692 3679 745 in
3709 704 3856 744 con-

2142 784 2227 839 cil.
2264 785 2521 855 Carthag.
2555 787 2689 840 anni
2718 786 2843 852 408,
2885 787 3010 854 post
3038 798 3158 837 can.
3214 780 3358 852 106).
3406 780 3703 852 Hodieque
3749 795 3858 834 su—

2141 877 2379 943 persunt
2406 874 2674 928 mandata
2701 872 2815 927 illis
2851 871 2921 926 de
2951 869 3237 942 legatione
3271 885 3305 923 a
3333 868 3575 924 concilio
3608 867 3855 936 tradita,

2143 961 2374 1034 quibus,
2401 963 2541 1036 quid
2570 963 2640 1018 ab
2669 964 3019 1035 Imperatore
3045 977 3113 1016 ex
3144 961 3375 1015 Patrum
3400 959 3612 1030 placito
3640 963 3857 1030 peten-

2145 1051 2281 1106 dum
2313 1051 2404 1119 sit,
2434 1054 2513 1108 ita
2532 1052 2943 1124 prascribitur,
2969 1055 3031 1106 ut
3057 1054 3253 1127 tamen
3277 1048 3414 1121 ipsis
3441 1048 3725 1121 quidquid
3746 1049 3855 1103 Ec-

2143 1140 2329 1195 clesia
2359 1140 2591 1196 utilitati
2618 1141 2934 1196 conducere
2956 1137 3363 1212 judicaverint,
3396 1138 3627 1210 petendi
3666 1138 3855 1209 plena

2144 1229 2376 1285 libertas
2407 1229 2767 1301 relinquatur
2797 1229 2977 1299 (lbid.,
3026 1243 3145 1283 can.
3179 1226 3289 1299 93).
3337 1227 3553 1283 Placuit
3592 1242 3856 1299 quoque,

2144 1322 2211 1374 ut
2235 1319 2490 1374 Romano
2514 1318 2773 1385 antistiti,
2807 1322 2863 1373 et
2887 1318 3141 1373 locorum
3170 1316 3230 1371 in
3250 1315 3461 1389 quibus
3487 1316 3634 1372 forte
3662 1332 3860 1370 versa-

2145 1413 2305 1463 retur
2335 1408 2668 1479 Imperator,
2696 1405 2976 1479 episcopis
3003 1421 3109 1478 per
3137 1405 3354 1460 litteras
3382 1404 3860 1460 commendaren-

2146 1501 2259 1552 tur.
2295 1496 2520 1552 Eisdem
2550 1496 2725 1551 etiam
2754 1495 2956 1568 legatis
2984 1495 3207 1550 tradita
3238 1497 3373 1549 sunt
3400 1493 3526 1549 alia
3555 1493 3628 1549 ad
3659 1494 3857 1565 Impe-

2148 1590 2398 1641 ratorem
2425 1601 2489 1640 ac
2516 1585 2835 1656 pracipuos
2856 1585 3009 1640 illius
3031 1582 3325 1639 ministros
3351 1582 3626 1654 epistola,
3651 1582 3802 1637 datis
3821 1599 3859 1637 a

2151 1675 2368 1746 syno’do
2420 1673 2702 1729 mandatis
2752 1674 2927 1729 ﬁdem
2976 1673 3340 1744 adrogantes,
3394 1688 3536 1744 quas
3583 1671 3860 1727 Aurelius

2150 1765 2383 1818 Patrum
2412 1762 2667 1817 omnium
2700 1762 2931 1817 nomine
2969 1762 3123 1816 solus
3160 1760 3499 1833 obsignavit.
3538 1761 3634 1815 Ha
3672 1759 3857 1815 dubio

2149 1852 2349 1923 procul
2380 1851 2450 1906 ab
2479 1851 2797 1923 Augustino
2826 1850 3156 1923 perscripta
3185 1854 3364 1920 sunt:
3398 1849 3626 1920 quando
3654 1847 3860 1903 Possi-

2152 1940 2281 1995 dius
2309 1940 2370 1995 in
2400 1940 2758 1995 recensendis
2788 1941 2910 2011 ejus
2940 1939 3194 2010 epistolis
3225 1942 3471 2009 quatuor
3497 1937 3625 1991 illas
3665 1935 3858 1990 conti-

2151 2046 2267 2084 nua
2295 2029 2439 2085 serie
2460 2029 2621 2101 ponit
2643 2045 2657 2084 :
2678 2028 3014 2083 Innocentio
3046 2027 3343 2099 episcopo;
3371 2025 3856 2096 lmperatoribus;

2151 2116 2439 2185 Stiliconi;
2498 2117 2784 2173 Prafectis
2837 2116 3034 2172 Italia.
3094 2117 3347 2182 Quarum
3398 2113 3631 2187 quidem
3692 2113 3861 2167 nulla

2153 2205 2318 2261 nobis
2346 2209 2538 2261 restat.

2221 2297 2277 2348 ‘7.
2305 2296 2377 2348 At
2406 2297 2558 2349 certe
2576 2293 2858 2350 habemus
2877 2292 2938 2347 in
2967 2291 3374 2364 superioribus,
3406 2306 3537 2362 qua
3565 2289 3855 2345 Africana

2154 2383 2413 2437 Ecclesia
2467 2382 2705 2438 consilia
2761 2382 3039 2437 afﬂaverit
3086 2379 3393 2453 Augustini
3448 2379 3855 2434 mansuetudo.

2155 2471 2261 2527 Sed
2288 2474 2387 2527 Dei
2411 2472 2586 2541 major
2623 2471 3018 2538 misericordia,
3058 2469 3247 2541 inquit
3284 2469 3432 2525 idem
3474 2473 3722 2532 sanctus,
3757 2470 3861 2537 qui

2153 2560 2337 2627 sciret,
2364 2560 2559 2614 harum
2586 2560 2763 2628 legum
2792 2564 2984 2626 terror,
3016 2563 3066 2614 et
3096 2558 3345 2628 quadam
3372 2557 3713 2612 medicinalis
3738 2572 3857 2611 mo-

2157 2649 2312 2703 lestia
2341 2664 2505 2717 quam
2531 2650 2822 2703 multorum
2844 2653 2977 2703 esset
2992 2650 3185 2717 pravis
3204 2647 3287 2701 vel
3302 2645 3539 2714 frigidis
3555 2646 3758 2700 animis
3772 2660 3861 2699 ne-

2155 2738 2411 2803 cessaria,
2438 2740 2489 2791 et
2515 2737 2602 2791 illi
2628 2735 2847 2791 duritia
2876 2751 2995 2806 qua
3021 2735 3197 2790 verbis
3227 2735 3501 2789 emendari
3528 2748 3635 2789 non
3654 2736 3856 2803 potest,

2155 2824 2249 2878 sed
2274 2830 2450 2879 tamen
2496 2824 2844 2893 aliquantula
2882 2824 3164 2878 severitate
3209 2823 3513 2893 disciplina
3556 2815 3860 2892 potest,'id

2156 2915 2285 2980 egit,
2328 2917 2389 2968 ut
2436 2914 2602 2981 legati
2643 2915 2819 2968 nostri
2864 2912 3010 2983 quod
3057 2916 3423 2982 susceperant,
3476 2911 3713 2966 obtinere
3748 2925 3860 2965 non

2152 3005 2391 3073 possent.
2420 3003 2542 3056 Jam
2569 3003 2711 3057 enim
2737 3016 2832 3057 nos
2865 3005 3239 3072 praverwrant
3268 3017 3335 3055 ea:
3376 3001 3501 3055 aliis
3544 3000 3673 3055 locis
3714 3014 3861 3070 qua-

2158 3090 2285 3143 dam
2309 3091 2677 3159 episcoporum
2702 3093 2926 3160 querela
2953 3093 3310 3159 gravissima,
3343 3092 3440 3162 qui
3457 3091 3603 3145 mala
3629 3091 3861 3157 fuerant

2158 3178 2225 3232 ab
2255 3180 2389 3248 ipsis
2404 3179 2578 3233 multa
2591 3181 2857 3249 perpessi,
2888 3184 2939 3235 et
2962 3197 2997 3235 a
3021 3182 3135 3235 suis
3156 3180 3371 3236 sedibus
3396 3179 3692 3235 eaturbati.
3716 3179 3860 3232 Pra-
3914 3174 3933 3189 ⁶

2157 3269 2312 3337 cipue
2336 3267 2606 3323 horrenda
2634 3273 2686 3323 et
2713 3270 3046 3324 incredibilis
3066 3269 3230 3325 cades
3259 3270 3593 3326 Maximiani
3620 3268 3860 3337 episcopi

2159 3355 2410 3410 catholici
2453 3357 2698 3412 Ecclesia
2737 3359 3056 3425 Bagaiensis
3087 3358 3277 3427 effecit,
3330 3361 3391 3411 ut
3428 3360 3614 3412 nostra
3659 3356 3858 3422 legatio

2152 3443 2274 3513 jam
2303 3444 2439 3513 quid
2466 3449 2665 3514 ageret,
2697 3461 2804 3500 non
2846 3446 3063 3500 haberet
3100 3446 3298 3516 (Epist.
3343 3447 3461 3514 185,
3497 3460 3554 3499 n.
3596 3444 3711 3515 26).
3756 3442 3858 3497 Hic

2161 3532 2310 3587 dicta
2328 3531 2479 3588 inter
2496 3538 2689 3605 partes
2708 3533 3011 3607 judiciaria
3035 3533 3312 3589 sententia
3331 3532 3481 3607 apud
3500 3531 3857 3588 ordinarium

2155 3620 2409 3693 judicem
2435 3622 2729 3678 basilicam
2756 3622 2921 3679 fundi
2963 3622 3347 3679 Calvianensis
3386 3621 3649 3688 evicerat,
3683 3637 3853 3691 quam

2162 3710 2488 3779 Donatista,
2543 3728 2676 3767 cum
2724 3711 3001 3767 catholica
3053 3715 3221 3781 esset,
3278 3710 3475 3766 illicito
3543 3708 3853 3780 aliquando

2161 3802 2595 3869 usurpaverant.
2630 3800 2786 3855 Hanc
2822 3815 2953 3854 cum
2976 3798 3106 3870 jure
3135 3798 3438 3871 perspicuo
3468 3797 3762 3861 retineret,
3798 3796 3860 3852 in

2162 3902 2230 3941 ea
2256 3885 2381 3957 ipsa
2409 3890 2656 3942 stantem
2686 3886 2759 3942 ad
2789 3887 2966 3943 altare
3002 3886 3361 3954 invaserunt,
3399 3887 3683 3942 irruentes
3720 3885 3858 3941 lior-

2159 3972 2339 4028 rendo
2365 3972 2589 4045 impetu
2610 3977 2667 4029 et
2693 3974 2886 4029 furore
2911 3973 3150 4042 crudeli,
3173 3976 3238 4028 ut
3267 3973 3372 4028 sub
3402 3972 3570 4029 altari
3594 3989 3709 4045 quo
3730 3988 3859 4026 con-

2160 4061 2402 4133 fugerat,
2434 4061 2638 4117 eodem
2668 4077 2841 4133 supra
2864 4076 2923 4116 se
2961 4060 3160 4129 fracto,
3193 4061 3432 4133 ejusque
3477 4058 3670 4133 lignis,
3701 4059 3860 4114 aliis-

2161 4167 2274 4223 que
2310 4150 2577 4217 fustibus,
2607 4150 2759 4206 ferro
2801 4150 2976 4205 etiam
3016 4149 3319 4205 crudeliter
3359 4164 3558 4217 casus,
3584 4151 3765 4203 totum
3797 4147 3863 4202 il-

2158 4239 2282 4294 lum
2314 4238 2506 4294 locum
2544 4237 2829 4309 sanguine
2873 4236 3206 4309 oppleverit.
3233 4238 3543 4308 Acceperat
3579 4239 3773 4292 autem
3805 4239 3864 4291 et

2160 4328 2376 4400 grande
2403 4328 2613 4383 vulnus
2649 4327 2712 4383 in
2755 4327 2995 4399 inguine
3036 4327 3292 4400 pugione
3338 4341 3660 4399 percussus,
3703 4324 3859 4380 unde

2159 4432 2363 4472 cruore
2391 4415 2605 4489 largius
2629 4416 2898 4472 efﬂuente
2925 4416 3200 4471 continuo
3229 4418 3569 4481 moreretur,
3601 4412 3712 4469 nisi
3740 4429 3861 4468 ma-

2153 4504 2249 4577 jor
2276 4519 2477 4559 eorum
2507 4503 2811 4560 crudelitas
2839 4520 2942 4577 per
2969 4505 3248 4560 occultam
3279 4503 3379 4559 Dei
3409 4502 3859 4559 misericordiam

2157 4591 2480 4664 profuisset.
2510 4591 2652 4647 Nam
2682 4607 2813 4647 cum
2833 4591 3107 4647 membris
3132 4608 3201 4646 ex
3231 4608 3297 4647 ea
3324 4592 3485 4663 parte
3512 4589 3745 4646 nudatis
3774 4605 3859 4644 se-

2158 4678 2403 4736 mivivus
2446 4678 2702 4751 insuper,
2746 4695 3078 4751 pronusque
3123 4680 3467 4746 traheretur,
3500 4678 3856 4734 exundantes

2158 4784 2330 4824 venas
2353 4768 2599 4824 latenter
2622 4767 2809 4841 pulvis
2837 4767 3129 4824 obstrusit.
3165 4767 3377 4824 Deinde
3405 4783 3536 4823 cum
3565 4766 3637 4821 ab
3667 4764 3748 4821 eis
3769 4778 3859 4820 re-

2158 4856 2357 4913 lictum
2398 4855 2671 4913 Catholici
2716 4873 2848 4912 cum
2895 4856 3131 4929 psalmis
3167 4856 3392 4912 auferre
3428 4857 3733 4921 tentarent,
3772 4852 3858 4908 illi

2158 4946 2246 5001 ira
2273 4945 2605 5002 ardentiore
2634 4946 2891 5002 succensi
2920 4961 3054 5001 eum
3084 4946 3154 5002 de
3191 4945 3548 5017 portantium
3588 4942 3857 4999 manibus

2159 5033 2535 5109 abstulerunt,
2592 5034 2741 5089 male
2805 5034 3095 5090 mulctatis
3149 5034 3475 5107 fugatisque
3531 5028 3856 5096 Catholicis,

2159 5137 2304 5194 quos
2345 5120 2567 5193 ingenti
2613 5122 2985 5177 multitudine
3033 5122 3398 5194 superabant,
3451 5124 3510 5176 et
3549 5119 3713 5175 facile
3750 5133 3856 5172 sa-

2157 5209 2363 5266 viendo
2382 5210 2692 5266 terrebant.
2725 5209 2813 5266 Sic
2832 5210 2946 5265 illis
2970 5208 3251 5265 violenter
3270 5213 3579 5274 extortum,
3606 5206 3858 5280 gravius-

2161 5316 2273 5371 que
2319 5299 2659 5355 mulctatum
2698 5299 2833 5355 inde
2860 5300 2924 5354 in
2970 5300 3276 5371 quamdam
3315 5303 3533 5354 turrem
3577 5297 3856 5352 excelsam

2161 5387 2434 5455 levatum,
2458 5386 2580 5458 jam
2628 5386 2898 5443 defecisse
2950 5387 3311 5454 arbitrantes,
3361 5402 3493 5441 cum
3534 5383 3632 5439 ille
3674 5383 3857 5439 adhuc

2162 5474 2397 5545 viveret,
2436 5475 2781 5546 abjecerunt.
2815 5475 2915 5531 Ille
2956 5473 3151 5529 subter
3189 5473 3379 5529 cinere
3419 5471 3684 5528 stercoris
3712 5471 3855 5526 mol-

2165 5561 2297 5618 liter
2336 5561 2562 5634 jacebat
2603 5564 2890 5633 exceptus,
2939 5577 3105 5616 sensu
3155 5559 3361 5616 amisso
3405 5559 3493 5615 vix
3534 5562 3854 5614 extremum
