4062 6360
161 285 269 340 341

160 404 437 476 spiritum
468 407 691 460 tenens.
715 402 800 459 Ibi
820 419 952 460 eum
976 406 1258 461 transiens
1277 405 1513 478 quidam
1536 421 1756 479 pauper
1782 404 1867 461 in-

158 494 339 560 venit,
384 509 516 548 cum
555 493 770 549 ventris
812 494 1151 549 exonerandi
1191 512 1361 550 causa
1404 495 1477 551 ad
1512 512 1645 550 eum
1687 495 1865 550 diver-

157 584 324 639 tisset
351 584 564 640 locum.
597 582 840 655 Agnovit
864 588 1076 652 autem,
1109 600 1239 639 cum
1281 584 1520 656 pavidus
1549 601 1710 639 suam
1736 600 1866 640 con-

151 674 359 745 jugem
390 671 664 740 accersiit,
698 688 871 742 quam
918 674 1119 743 procul
1152 673 1490 728 verecundia
1530 672 1861 740 dimoverat,

156 761 458 816 lucernam
479 760 780 816 ferentem.
826 762 982 815 Tunc
1011 777 1144 816 eum
1176 761 1342 816 ambo
1370 765 1750 832 pervexerunt
1768 761 1864 816 do-

158 864 347 916 mum,
395 848 483 901 vel
532 846 883 914 miserando,
934 848 1023 902 vel
1064 847 1283 919 aliquid
1317 848 1488 903 etiam
1518 847 1709 903 lucelli
1734 864 1861 919 spe-

156 937 379 1003 rando;
412 952 543 991 cum
580 935 695 991 sive
741 935 921 1003 vivus,
969 936 1085 991 sive
1125 940 1407 1004 mortuus,
1459 937 1726 992 collectus
1770 940 1862 992 ta-

158 1042 300 1081 men
314 1024 524 1081 nostris
545 1024 957 1080 ostenderetur.
979 1024 1124 1090 Quid
1146 1026 1313 1097 plura
1326 1025 1635 1081 ?Adhibita
1653 1041 1862 1097 magna

157 1130 321 1183 cura,
356 1113 604 1169 mirabili
633 1112 925 1169 curatione
968 1118 1099 1185 post
1126 1115 1338 1169 multos
1368 1113 1488 1169 dies
1530 1114 1599 1168 ab
1634 1113 1734 1168 illa
1762 1115 1859 1169 de-

155 1203 488 1275 speratione
534 1206 820 1258 recreatus
867 1206 950 1259 est
988 1207 1044 1258 et
1088 1207 1336 1258 sanatus.
1389 1205 1549 1258 Hunc
1578 1204 1648 1259 ad
1676 1206 1859 1258 trans-

156 1291 413 1347 marinas
459 1295 639 1347 terras
699 1291 950 1347 occisum
1000 1293 1153 1346 fama
1212 1291 1593 1359 nuntiaverat,
1640 1295 1696 1346 et
1741 1292 1861 1362 ejus

156 1379 429 1434 facinoris
456 1378 782 1433 immanitas
809 1378 1125 1451 gravisque
1147 1377 1477 1450 indignitas,
1513 1394 1860 1450 quaquaver-

156 1484 291 1523 sum
339 1467 525 1523 audiri
568 1467 779 1540 potuit,
829 1468 1025 1523 dolore
1055 1467 1341 1522 horrendo
1372 1471 1577 1521 cuncta
1604 1483 1855 1522 commo-

154 1561 337 1613 verat.
365 1556 487 1623 Quo
516 1560 713 1627 postea
740 1572 915 1628 quam
954 1555 1077 1627 ipse
1107 1560 1333 1611 secutus
1362 1559 1465 1623 est,
1499 1559 1556 1610 et
1584 1555 1701 1610 vita
1737 1556 1858 1627 ejus

152 1645 614 1718 inopinatissima
651 1645 938 1717 apparuit,
978 1644 1333 1699 cicatricibus
1374 1643 1489 1699 suis
1514 1648 1631 1698 tam
1660 1643 1858 1716 ingen-

153 1737 331 1803 tibus,
364 1740 483 1791 tam
513 1735 727 1804 multis,
760 1739 879 1790 tam
899 1734 1243 1803 recentibus,
1272 1750 1389 1788 non
1410 1734 1624 1788 frustra
1642 1734 1855 1789 famam

151 1828 454 1879 mortuum
484 1840 542 1879 se
570 1823 864 1878 nuntiasse
893 1821 1254 1878 monstravit.
1309 1822 1454 1876 Nam
1501 1838 1675 1893 quem
1720 1826 1858 1877 tunc

152 1910 526 1983 inspicientes
570 1911 661 1967 vix
712 1911 1009 1967 crederent
1066 1911 1280 1980 vivum,
1327 1927 1444 1966 non
1488 1915 1705 1967 temere
1757 1911 1858 1967 illa

152 1999 392 2069 iactasse
421 1998 716 2055 videbatur
752 1999 1019 2056 occisum.
1053 2000 1345 2055 Auxilium
1386 2015 1523 2071 ergo
1553 1999 1757 2071 petivit
1784 2000 1853 2055 ab

156 2087 507 2159 Imperatore
537 2087 881 2155 Christiano,
913 2104 1032 2142 non
1056 2092 1173 2142 tam
1200 2086 1286 2142 sui
1316 2086 1628 2142 ulciscendi
1665 2104 1851 2155 causa,

154 2193 333 2249 quam
366 2177 593 2233 tuenda
623 2177 883 2232 Ecclesia
931 2176 1038 2231 sibi
1077 2176 1305 2231 credita
1350 2175 1513 2241 Quod
1542 2175 1590 2230 si
1616 2181 1854 2247 prater-

156 2264 425 2333 misisset,
458 2282 575 2320 non
604 2265 724 2336 ejus
752 2265 952 2320 fuisset
978 2265 1266 2320 laudanda
1294 2263 1592 2335 patientia,
1625 2264 1725 2320 sed
1755 2281 1856 2320 ne-

154 2353 435 2425 gligentia
475 2353 680 2410 merito
712 2354 993 2425 culpanda
1023 2354 1246 2424 (Contra
1284 2355 1641 2423 Cresconium,
1672 2353 1766 2410 lib.
1800 2357 1853 2422 3,

154 2459 209 2497 η.
262 2446 364 2512 52;
393 2446 571 2515 Epist.
629 2447 745 2506 185,
791 2461 848 2499 η.
882 2442 1100 2513 26-28).
1149 2444 1224 2497 Ex
1269 2441 1576 2513 Augustini
1623 2441 1854 2514 quidem

157 2532 342 2587 verbis
374 2532 565 2604 colligi
604 2549 769 2604 posse
810 2531 1055 2599 videtur,
1099 2531 1263 2585 illum
1297 2532 1536 2585 Romam
1566 2531 1637 2585 ad
1668 2532 1853 2602 Impe-

156 2626 409 2676 ratorem
465 2620 671 2676 adiisse
717 2619 915 2691 (Epist.
975 2622 1065 2686 88,
1120 2636 1176 2674 η.
1224 2618 1280 2690 7)
1328 2634 1341 2673 :
1395 2622 1646 2673 attamen
1700 2620 1855 2691 leges

157 2725 356 2764 mense
381 2708 672 2765 februario
689 2724 839 2764 anno
865 2707 1428 2780 quadringentesimo
1454 2706 1653 2779 quinto
1673 2707 1854 2779 ipsius

155 2814 327 2853 causa
356 2798 486 2852 lata
517 2799 801 2853 Ravenna
827 2796 957 2852 data
986 2801 1119 2850 sunt
1148 2795 1359 2867 (Codice
1389 2795 1609 2865 Theod.,
1635 2796 1701 2851 de
1730 2799 1853 2852 Ha-

155 2888 363 2949 reticis,
396 2887 506 2953 lege
536 2884 649 2956 58).
685 2887 851 2940 Anno
881 2883 1143 2956 proximo
1173 2884 1262 2939 vel
1291 2883 1571 2961 sequenti,
1597 2901 1711 2955 quo
1743 2884 1853 2939 sci-

157 2975 291 3031 licet
325 2978 551 3030 sanctus
594 2976 800 3030 Doctor
841 2974 1108 3029 adversus
1138 2972 1500 3028 Cresconium
1552 2973 1853 3041 scribebat,

157 3064 348 3126 adhuc
376 3064 472 3119 ille
501 3065 562 3118 in
590 3063 730 3117 vivis
759 3062 984 3135 agebat,
1024 3078 1088 3117 ac
1118 3062 1311 3133 plures
1353 3060 1414 3116 in
1456 3060 1577 3132 ejus
1618 3077 1855 3132 corpore

154 3152 468 3221 cicatrices,
501 3167 673 3225 quam
704 3150 965 3205 membra
998 3148 1451 3205 numerabantur
1480 3148 1709 3221 (Contra
1738 3151 1856 3208 Cre-

154 3244 418 3309 sconium,
450 3242 542 3297 lib.
574 3244 626 3308 3,
657 3256 713 3295 η.
736 3240 844 3311 47).
869 3241 933 3294 In
955 3237 1257 3293 collatione
1282 3238 1715 3310 Carthaginensi
1737 3255 1856 3294 non

158 3329 447 3401 reperitur
487 3329 609 3401 ejus
655 3342 868 3382 nomen
918 3343 931 3382 :
965 3330 1021 3382 at
1048 3326 1110 3381 in
1158 3327 1419 3391 Romano
1458 3327 1855 3399 Martyrologio

157 3419 363 3474 sanctis
383 3416 800 3473 confessoribus
822 3416 1024 3488 quinto
1045 3430 1226 3470 nonas
1246 3413 1489 3469 octobris
1506 3414 1570 3469 ad
1571 3415 1593 3487 j
1603 3415 1850 3486 ungitur.

230 3510 285 3565 8.
308 3509 363 3562 Is
384 3507 443 3562 in
465 3507 654 3562 aulam
677 3504 1004 3571 adveniens,
1028 3502 1109 3559 ibi
1129 3520 1246 3558 non
1266 3519 1480 3573 paucos
1499 3502 1734 3570 invenit,
1754 3502 1854 3575 qui

156 3596 292 3652 illuc
308 3595 694 3669 perfugerant,
718 3594 917 3649 eadem
937 3609 1051 3667 qua
1069 3592 1314 3665 ipse,aut
1332 3595 1481 3646 certe
1496 3591 1649 3647 haud
1671 3594 1852 3647 multo

156 3683 488 3739 humaniori
506 3683 727 3738 ratione
751 3699 785 3737 a
804 3680 1110 3737 Donatistis
1130 3679 1351 3751 excepti
1373 3678 1573 3751 (Ibid).
1594 3680 1744 3745 Quos
1764 3680 1862 3755 in-_

156 3776 244 3827 ter
257 3773 455 3828 aderat
467 3772 695 3843 episcop
703 3787 768 3825 us
778 3768 1346 3841 Thubursica,quam
1358 3767 1850 3836 Buramdicebant,

156 3866 212 3916 et
230 3860 404 3916 unico
418 3861 689 3916 vocabulo
705 3856 1262 3914 Thubursicaburam
1277 3874 1289 3911 :
1308 3872 1437 3928 qua
1448 3856 1670 3911 videtur
1680 3857 1852 3911 fuisse

155 3949 215 4005 in
248 3948 648 4006 Proconsulari
675 3947 877 4019 posita.
912 3946 1053 4001 Huic
1081 3950 1273 4001 autem
1302 3943 1534 4017 prasuli
1554 3944 1854 4011 Servo,seu

154 4037 483 4104 Servo-Dei,
532 4052 747 4091 nomen
784 4038 925 4091 erat.
958 4036 1123 4089 Anno
1155 4032 1719 4105 quadringentesimo
1750 4049 1855 4088 un-

157 4123 382 4178 decimo
422 4118 858 4191 Carthaginensi
882 4118 1171 4173 collationi
1198 4117 1459 4172 interfuit
1483 4116 1695 4188 (Collat.
1725 4118 1852 4175 Car-

157 4214 308 4280 thag.
348 4215 397 4280 1,
429 4226 549 4280 cap.
604 4207 742 4278 121).
779 4207 879 4262 Hic
906 4206 1093 4261 locum
1131 4205 1424 4277 repetebat
1452 4208 1791 4276 occupatum
1821 4224 1854 4262 a

158 4298 468 4356 Donatistis
509 4298 726 4369 (Contra
754 4296 1109 4361 Cresconium,
1138 4295 1239 4351 lib.
1279 4297 1330 4362 3,
1360 4309 1415 4349 n.
1450 4294 1557 4364 37),
1588 4309 1694 4365 pro
1725 4294 1851 4369 qui-

159 4389 263 4444 bus
280 4392 415 4443 tuuc
436 4368 733 4458 temporis,
753 4385 901 4440 forte
921 4387 1049 4455 post
1060 4382 1406 4455 Cyprianum
1427 4382 1501 4437 ob
1523 4383 1733 4438 scelera
1752 4368 1855 4439 siia

158 4480 600 4535 condemnatum
629 4476 857 4546 (Contra
882 4477 1114 4531 Litteras
1138 4475 1412 4541 Petiliani,
1446 4474 1540 4529 lib.
1573 4477 1625 4542 3,
1656 4490 1711 4529 n.
1743 4478 1850 4545 38),

164 4570 414 4623 Donatus
434 4567 667 4640 quidam
686 4565 983 4637 episcopus
1004 4563 1349 4634 erat(Collat.
1371 4562 1629 4631 Carthag.
1658 4565 1704 4627 1,
1730 4578 1853 4632 cap.

166 4657 303 4727 121).
328 4656 470 4711 Cum
483 4654 657 4726 igitur
679 4653 747 4708 de
768 4653 890 4708 loco
914 4649 999 4705 illi
1012 4649 1075 4705 hi
1096 4651 1209 4706 duo
1241 4650 1513 4721 prasules
1541 4648 1851 4720 litigarent,

163 4744 527 4817 partiumque
553 4744 949 4816 procuratores
967 4739 1367 4811 proconsulare
1386 4738 1854 4810 praestolarentur

164 4849 422 4900 examen,
467 4830 670 4887 armati
702 4829 1006 4886 Donatista
1033 4827 1095 4883 in
1124 4831 1442 4882 memorato
1471 4826 1852 4881 Thubursicu-

163 4921 303 4978 bure
329 4920 541 4994 oppido
570 4924 805 4992 repente
834 4919 896 4974 in
942 4918 1175 4973 Servum
1217 4915 1529 4984 irruerunt,
1560 4913 1640 4969 ita
1667 4918 1734 4970 ut
1760 4914 1855 4969 vix

164 5009 316 5065 vivus
344 5010 650 5082 aufugerit.
689 5010 858 5064 Pater
887 5010 1076 5062 autem
1107 5005 1229 5076 ejus
1257 5004 1571 5075 presbyter,
1605 5005 1768 5057 atate
1790 5018 1855 5058 ac

167 5097 418 5154 moribus
446 5097 656 5170 gravis,
695 5112 763 5152 ea
806 5096 980 5164 caede,
1011 5111 1124 5166 qua
1153 5094 1222 5149 ab
1248 5093 1451 5148 iisdem
1490 5091 1855 5147 vehementer

168 5187 410 5244 afﬂictus
453 5192 557 5255 est,
601 5191 728 5258 post
774 5185 894 5241 dies
922 5200 1135 5256 paucos
1173 5182 1409 5238 excessit
1434 5197 1465 5236 e
1495 5181 1607 5236 vita
1637 5180 1856 5253 (Contra

170 5276 526 5344 Cresconium,
576 5276 670 5331 lib.
721 5276 772 5342 3,
803 5290 848 5329 c.
881 5274 994 5343 43).
1050 5273 1265 5337 Quibus
1304 5288 1479 5343 porro
1527 5270 1748 5342 legibus
1795 5270 1856 5325 in

173 5370 345 5422 semet
371 5364 620 5422 ferendis
640 5379 869 5419 causam
896 5365 982 5417 tot
1001 5362 1119 5416 suis
1143 5361 1487 5417 facinoribus
1501 5360 1858 5433 praebuerint

175 5454 498 5524 Donatista,
529 5470 682 5510 anno
712 5449 974 5525 proximo
1005 5450 1439 5508 declarabimus.

1644 284 1859 341 LIBER
1919 282 2248 352 QUINTUS.

3572 289 3676 346 342

2629 409 2855 465 CAPUT
2891 410 3009 465 XII.

1974 499 1994 551 1
2032 497 2360 553 Scandalum
2388 500 2635 568 Hippone
2671 502 2896 570 propter
2924 500 3267 565 Bonifacinm
3291 501 3666 569 presbyterum

2041 591 2091 641 et
2117 587 2275 657 Spem
2312 593 2578 644 emortum.
2621 591 2653 641 2
2698 589 2999 656 Augustini
3039 586 3140 643 hac
3188 587 3254 642 de
3289 604 3347 642 re
3376 589 3451 643 ad
3478 593 3666 658 conﬁr-

2038 676 2263 731 mandos
2290 678 2655 747 Hipponenses
2702 677 2912 732 littera.
2961 679 2991 731 3
3041 676 3265 731 Felicem
3308 678 3665 734 Manicheum

2039 766 2301 819 convincit
2336 769 2387 819 et
2427 765 2495 819 ab
2542 780 2719 820 errore
2760 768 2990 820 revocat.
3032 766 3067 820 4
3093 765 3319 819 Librum
3348 766 3415 820 de
3443 768 3664 824 Natura

2041 853 2165 908 boni
2208 854 2398 909 scribit
2438 858 2625 909 contra
2665 855 3084 910 Manichaeorum
3128 853 3393 909 haeresim.
3446 858 3477 908 5
3510 856 3664 911 Hanc

2039 942 2176 998 libro
2203 944 2506 1011 praesertim
2551 943 2810 997 adversus
2838 941 3205 996 Secundinum
3233 942 3376 996 edito
3404 943 3661 1010 funditus

2038 1034 2249 1088 evertit.
2276 1035 2306 1086 6
2326 1033 2725 1086 Ewacerbatum
2750 1030 3067 1101 Hieronymi
3092 1032 3334 1085 animum
3356 1032 3664 1088 humilitate

2037 1133 2138 1172 sua
2177 1119 2413 1185 mitigat.
2444 1122 2474 1172 7
2512 1120 2710 1173 Eorum
2737 1118 2974 1187 epistola
3010 1118 3152 1171 ultro
3194 1119 3433 1186 citroque
3459 1120 3659 1174 missae.

2042 1209 2090 1260 1.
2122 1206 2229 1259 Per
2257 1209 2484 1276 tempus
2512 1204 2664 1259 illius
2694 1204 2953 1271 forsitan,
2999 1203 3068 1258 de
3099 1220 3213 1275 quo
3253 1204 3659 1275 loquebamur,

1968 1291 2427 1363 Carthaginensis
2450 1293 2696 1361 concilii,
2720 1294 2851 1349 data
2871 1293 2980 1349 fuit
3005 1293 3074 1347 ab
3095 1296 3413 1363 Augustino
3434 1293 3502 1347 ad
3528 1310 3661 1349 suos

1967 1380 2356 1452 Hipponenses
2403 1398 2573 1453 super
2610 1381 2884 1437 Bonifacii
2912 1386 2967 1437 et
2995 1381 3125 1452 Spei
3161 1381 3392 1453 negotio
3422 1381 3663 1453 epistola

1967 1470 2171 1541 (Epist.
2198 1472 2291 1542 78)
2323 1489 2339 1525 :
2373 1487 2501 1542 qua
2531 1475 2681 1526 certe
2711 1470 2938 1542 quidem
2970 1470 3178 1540 scripta
3207 1475 3290 1524 est
3316 1474 3445 1541 post
3472 1471 3663 1526 decre-

1964 1562 2088 1612 tum
2117 1557 2185 1613 de
2213 1558 2555 1629 recipiendis
2593 1558 2653 1613 in
2688 1575 2789 1614 suo
2819 1560 3036 1614 honore
3081 1559 3391 1614 Donatistis
3420 1559 3658 1628 clericis,

1962 1645 2023 1700 in
2046 1647 2476 1718 Carthaginensi
2506 1647 2744 1703 concilio
2775 1664 2924 1702 anno
2955 1646 3517 1719 quadringentesimo
3546 1647 3662 1718 pri-

1962 1751 2058 1789 mo
2086 1735 2334 1803 editum;
2374 1735 2474 1790 sed
2511 1740 2707 1791 tamen
2743 1752 2874 1790 cum
2919 1736 3103 1790 adhuc
3151 1734 3557 1789 Proculeianus
3595 1735 3659 1789 in

1961 1823 2101 1878 vivis
2148 1828 2360 1896 ageret.
2394 1825 2523 1879 Erat
2551 1824 2612 1879 in
2639 1823 2944 1898 Augustini
2981 1822 3200 1877 familia
3228 1822 3525 1893 presbyter
3554 1839 3657 1877 no-

1963 1912 2116 1966 mine
2148 1911 2486 1979 Bonifacius,
2519 1928 2636 1966 una
2664 1928 2795 1965 cum
2827 1910 2971 1965 laico
3003 1910 3257 1982 quodam
3288 1926 3459 1981 quem
3485 1909 3659 1981 Spem

1960 2000 2233 2055 vocabant
2260 2000 2462 2070 (Epist.
2494 1999 2585 2067 7’7,
2615 2015 2670 2053 n.
2702 1999 2777 2071 2).
2812 2000 2990 2070 Hujus
3017 1999 3091 2053 ad
3132 1998 3520 2069 Augustinum
3550 1999 3657 2053 de-

1962 2087 2095 2143 tulit
2124 2088 2443 2142 Bonifacius
2472 2104 2530 2142 se
2559 2091 2782 2142 motum
2811 2086 3053 2142 sensisse
3081 2087 3438 2159 impudicum
3468 2103 3532 2141 ac
3555 2087 3660 2142 im-

1964 2177 2266 2246 mundum,
2291 2177 2383 2230 cui
2416 2193 2520 2232 nec
2550 2192 2844 2231 assensum
2870 2180 3144 2247 prastare
3168 2176 3291 2247 ipse
3320 2177 3508 2242 vellet,
3554 2192 3660 2231 nec

1962 2264 2272 2320 silentium.
2328 2266 2466 2336 Spes
2509 2269 2704 2320 contra
2750 2264 3128 2319 contendebat
3175 2280 3233 2318 se
3290 2280 3323 2317 a
3374 2262 3658 2318 Bonifacio

1964 2353 2330 2409 sollicitatum
2379 2354 2451 2408 ad
2498 2352 2937 2425 impudicitiam,
2970 2356 3140 2424 atque
3164 2351 3328 2406 illum
3356 2352 3657 2423 proprium

1963 2442 2184 2497 crimen
2208 2441 2271 2496 in
2301 2458 2379 2507 se,
2405 2458 2576 2512 quem
2608 2441 2677 2495 ad
2707 2440 2990 2511 ﬂagitium
3015 2441 3281 2512 pellicere
3301 2440 3657 2512 nequiverat,

1963 2531 2223 2585 conferre
2268 2530 2552 2585 statuisse.
2601 2529 2857 2585 Graviter
2885 2528 3199 2584 admodum
3227 2528 3445 2583 ferebat
3469 2530 3667 2600 Augum

1963 2621 2164 2688 stinus,
2211 2619 2458 2674 duorum
2506 2635 2536 2673 e
2575 2618 2691 2673 suis
2742 2617 3066 2673 domesticis
3114 2621 3169 2672 et
3222 2616 3658 2686 convictoribus,

1964 2710 2210 2763 alterum
2234 2707 2553 2762 necessario
2581 2706 2820 2778 perdita
2847 2706 2979 2761 vita
3009 2705 3322 2760 existimari
3348 2705 3661 2772 debere,al-

1964 2800 2152 2851 terum
2191 2796 2290 2868 qui
2328 2796 2568 2851 essetab
2599 2795 2808 2850 scelere
2837 2793 3078 2856 alienus,
3110 2797 3303 2847 tamen
3334 2793 3487 2863 apud
3517 2792 3658 2846 alio-

1962 2900 2091 2939 rum
2122 2884 2345 2939 animos
2389 2884 2745 2944 sceleratum.
2780 2882 2928 2953 apud
2957 2881 3196 2935 aliorum
3237 2880 3437 2935 saltem
3465 2895 3659 2952 suspe-

1964 2975 2120 3026 ctum
2145 2970 2365 3027 haberi.
2391 2972 2516 3041 Ipse
2534 2969 2766 3042 quidem
2786 2967 3136 3023 Bonifacium
3156 2966 3394 3021 crimine
3417 2983 3658 3022 vacuum

1962 3059 2284 3131 reputabat,
2326 3074 2457 3113 cum
2500 3058 2571 3114 de
2618 3057 2725 3127 Spe
2768 3055 2913 3110 nihil
2950 3054 3087 3110 boni
3116 3054 3500 3125 suspicaretur
3539 3070 3552 3109 :
3602 3057 3661 3109 et

1962 3152 2111 3202 certe
2141 3146 2576 3219 prajudicatam
2595 3146 2741 3201 hanc
2763 3144 3093 3216 opinionem
3124 3142 3424 3214 utriusque
3450 3140 3658 3213 agendi

1963 3237 2106 3292 ratio
2137 3236 2529 3290 confirmabat.
2557 3235 2839 3290 Caeterum
2870 3231 3143 3304 quoniam
3172 3231 3426 3298 deerant,
3450 3230 3658 3301 quibus

1964 3342 2094 3381 reus
2121 3324 2377 3380 convinci
2405 3326 2617 3394 posset,
2649 3319 3044 3394 probationes;
3072 3336 3134 3375 re
3166 3319 3266 3374 diu
3297 3318 3659 3390 multumque

1962 3430 2264 3487 perpensa,
2308 3411 2602 3468 constituit
2639 3410 2799 3466 illam
2819 3408 3040 3481 judicio
3077 3407 3269 3463 divino
3300 3406 3656 3478 permittere,

1962 3504 2101 3559 dum
2131 3519 2303 3575 quem
2330 3505 2655 3573 suspectum
2675 3499 2944 3566 habebat,
2969 3497 3038 3553 de
3069 3513 3172 3551 sua
3197 3496 3366 3551 domo
3391 3495 3660 3567 ejiciendi

1954 3593 2109 3664 justa
2138 3591 2332 3662 aliqua
2359 3588 2774 3659 manifestaque
2803 3586 2912 3642 sibi
2949 3602 3119 3640 causa
3146 3585 3519 3656 praberetur.
3562 3586 3654 3639 In-

1960 3685 2117 3735 terea
2143 3678 2297 3733 haud
2339 3693 2628 3749 quaquam
2662 3676 2856 3730 animo
2886 3680 3008 3729 erat
3048 3674 3130 3729 ita
3167 3678 3547 3745 comparatus,
3594 3677 3659 3729 ut

1962 3783 2116 3834 eum,
2148 3766 2248 3838 qui
2279 3766 2431 3836 apud
2463 3780 2522 3819 se
2570 3764 2715 3819 tanti
2752 3762 2957 3832 ﬂagitii
2985 3761 3304 3833 suspicione
3334 3762 3654 3832 laborabat,

1960 3855 2020 3909 in
2051 3855 2265 3908 clerum
2289 3851 2655 3921 allegendum
2672 3854 2902 3921 putaret
2932 3865 2946 3905 :
2977 3853 3036 3903 at
3063 3849 3180 3915 ille,
3206 3849 3321 3903 sive
3342 3848 3649 3919 Augustini

1960 3939 2021 3994 in
2051 3956 2109 3993 se
2132 3938 2390 3993 animum
2411 3934 2656 4007 experiri
2680 3936 2867 4001 vellet,
2898 3932 3013 3988 sive
3039 3932 3235 3988 innata
3259 3933 3506 4005 quadam
3536 3950 3653 3988 am-

1958 4028 2176 4083 bitione
2207 4027 2528 4091 duceretur,
2561 4038 2790 4079 omnem
2828 4022 3150 4077 machinam
3176 4021 3453 4089 adhibuit,
3480 4025 3541 4077 ut
3568 4023 3659 4078 vel

1960 4133 2063 4188 per
2092 4120 2351 4171 sanctum
2383 4112 2709 4168 Antistitem
2739 4112 3045 4166 referretur
3074 4110 3133 4165 in
3157 4110 3280 4182 ejus
3311 4111 3546 4178 clerum,
3568 4111 3658 4166 vel

1960 4204 2205 4275 acceptis
2251 4204 2322 4258 ab
2364 4203 2489 4274 ipso
2535 4199 3012 4257 commendatitiis
3060 4198 3266 4254 litteris
3317 4197 3425 4253 sibi
3460 4198 3659 4254 liceret

1959 4294 2096 4349 alibi
2126 4291 2547 4348 ordinationem
2588 4289 2893 4361 suscipere.
2942 4290 3015 4343 At
3057 4287 3409 4360 Augustinus
3442 4286 3660 4342 adduci

1960 4384 2118 4437 nullo
2166 4381 2333 4437 modo
2379 4378 2590 4452 potuit,
2637 4382 2703 4434 ut
2744 4381 2844 4432 aut
2868 4376 2920 4431 ei
2946 4392 3154 4431 manus
3183 4374 3527 4446 imponeret,
3563 4377 3661 4428 aut

1959 4471 2063 4527 ulli
2083 4487 2113 4526 e
2134 4468 2482 4542 coepiscopis
2505 4467 2623 4523 suis
2638 4483 2741 4538 per
2765 4464 3316 4521 commendationem
3338 4478 3499 4517 suam
3526 4477 3659 4517 eum

1959 4559 2477 4615 subintroduceret.
2510 4555 2692 4621 Quam
2723 4555 2797 4609 ob
2829 4553 3116 4625 repulsam
3146 4550 3241 4605 ille
3270 4547 3657 4605 turbulentius

1959 4664 2150 4720 agere,
2198 4646 2592 4717 dictitareque,
2625 4642 2671 4698 si
2720 4642 2831 4697 sibi
2868 4640 2941 4696 ad
2970 4641 3186 4695 clerum
3216 4637 3660 4710 pracluderetur

1961 4736 2174 4804 aditus,
2206 4732 2561 4789 Bonifacium
2582 4730 2798 4802 pariter
2817 4730 2886 4784 de
2908 4728 3089 4800 gradu
3107 4726 3492 4798 dejiciendum
3513 4741 3657 4781 esse.

1961 4826 2075 4880 Hoc
2104 4821 2396 4894 proposito
2419 4820 2563 4875 nihil
2584 4824 2706 4874 erat
2726 4818 2998 4890 iniquius.
3027 4817 3436 4871 Verumtamen
3452 4813 3503 4870 ei
3520 4829 3657 4869 con—

1960 4912 2168 4968 sentire
2198 4913 2461 4983 paratum
2504 4924 2563 4963 se
2607 4906 2984 4980 profitebatur
3032 4903 3375 4971 Bonifacius,
3405 4919 3473 4957 eo
3504 4901 3659 4975 quod

1961 5001 2157 5057 mallet
2172 5000 2389 5055 honore
2410 4995 2746 5070 presbyterii
2777 4995 2928 5068 apud
2951 4994 3216 5050 homines
3237 4992 3468 5065 privari,
3484 5006 3658 5063 quam

1964 5092 2139 5146 ullam
2176 5087 2310 5160 Spei
2356 5103 2554 5143 ansam
2599 5084 2854 5158 prabere
2894 5083 3199 5140 Ecclesiam
3250 5078 3647 5154 perturbandi.

1964 5181 2039 5235 Ea
2060 5166 2128 5233 in
2153 5194 2215 5233 re
2246 5177 2497 5233 mediam
2529 5175 2837 5247 quamdam
2866 5173 3017 5229 viam
3045 5172 3153 5227 sibi
3193 5169 3500 5226 iucundam
3533 5182 3655 5222 esse

1963 5266 2305 5323 existimavit
2343 5265 2720 5337 Augustinus,
2764 5262 3024 5318 videlicet
3071 5266 3131 5316 ut
3174 5263 3411 5329 uterque
3450 5258 3656 5327 scripto

1962 5354 2169 5428 placito
2202 5354 2632 5427 pollicerentur,
2667 5369 2726 5407 se
2755 5353 2944 5407 locum
2977 5351 3225 5422 aliquem
3252 5343 3541 5401 miraculis
3570 5360 3657 5400 ce-

1964 5446 2179 5500 lebrem
2218 5444 2516 5516 petituros,
2564 5441 2663 5496 ubi
2700 5458 2861 5497 reum
2892 5441 3009 5494 sive
3050 5442 3255 5503 metus,
3300 5433 3415 5488 sive
3466 5432 3657 5489 divina

1964 5533 2109 5589 ultio
2158 5533 2227 5589 ad
2256 5532 2637 5589 conﬁtendam
2668 5530 2893 5601 culpam
2941 5527 3207 5598 adigeret.
3254 5520 3527 5587 Quocirca
3557 5537 3655 5577 eos
