4062 6352
377 292 479 348 343

375 413 578 471 Nolam
595 413 664 469 ad
689 414 865 468 sancti
887 412 1083 469 Felicis
1107 413 1396 470 tumulum
1415 414 1499 469 ire
1513 414 1717 486 jussit;
1765 417 2073 487 propterea

376 503 530 575 quod
560 502 641 558 ibi
669 503 900 573 certius,
928 519 1102 574 quam
1141 519 1403 575 usquam,
1444 519 1548 574 per
1576 503 1880 559 Paulinum
1908 504 2075 558 resci-

375 595 552 658 retur,
587 589 721 661 quid
742 590 1018 644 ambobus
1041 589 1384 662 contigisset.
1406 591 1474 645 Et
1489 608 1555 645 ea
1574 591 1809 663 quidem
1831 591 1938 646 fuit
1967 592 2073 645 Bo-

375 678 568 734 nifacii
597 678 893 744 modestia,
929 682 990 732 ut
1028 679 1262 748 litteras,
1294 697 1422 751 quae
1461 696 1622 734 suam
1661 680 1720 735 in
1771 682 2070 737 Ecclesiam

377 767 717 840 dignitatem
771 767 1232 837 testificarentur,
1289 770 1476 823 nullas
1511 769 1853 840 postularet;
1915 772 2072 826 Nola:

377 874 509 912 cum
558 857 670 912 alio
713 857 876 928 juxta
912 856 1111 912 haberi
1153 873 1268 912 non
1311 874 1598 927 recusans,
1639 875 1754 931 quo
1784 859 1982 932 utique
2012 859 2071 914 in

377 947 504 1001 loco
522 946 686 1018 juxta
715 949 878 1000 erant
904 943 1204 1018 incogniti.

449 1036 502 1089 2.
555 1035 664 1089 Res
693 1034 792 1089 illa
821 1035 1142 1107 usquedum
1169 1039 1314 1090 tecta
1338 1040 1706 1105 remanserat,
1739 1037 1791 1092 ei
1820 1037 2073 1093 remedia

379 1123 573 1179 omnia
602 1123 680 1179 sic
707 1124 981 1180 adbibere
1001 1125 1351 1196 Augustinus
1373 1125 1602 1192 studuit,
1637 1131 1700 1181 ut
1724 1130 1916 1182 tamen
1947 1143 2076 1200 gra-

378 1211 640 1267 vissimus
663 1212 848 1268 cordis
878 1214 1001 1284 ejus
1043 1214 1206 1268 dolor
1234 1213 1293 1268 in
1318 1214 1502 1286 plebis
1532 1213 1795 1269 notitiam
1826 1231 1939 1270 non
1971 1231 2074 1270 ve-

377 1301 554 1369 niret;
611 1301 748 1374 quia
784 1301 991 1356 merito
1020 1302 1336 1369 verebatur,
1382 1319 1454 1358 ne
1504 1303 1638 1358 hinc
1685 1303 1856 1358 simul
1897 1307 1954 1359 et
1977 1303 2070 1358 in-

378 1389 664 1445 fructuose
689 1390 1076 1445 cruciarentur
1096 1390 1267 1459 firmi,
1292 1397 1349 1446 et
1368 1391 1684 1462 periculose
1703 1393 2076 1448 turbarentur

379 1476 626 1544 inﬁrmi;
671 1494 734 1532 ac
780 1477 917 1549 ipsis
973 1476 1202 1550 quoq'ue
1255 1479 1624 1534 schismaticis
1665 1496 1804 1534 ansa
1844 1481 2076 1536 daretur

379 1567 656 1621 catholico
693 1568 908 1637 populo
959 1567 1258 1624 illudendi.
1293 1570 1523 1624 Factum
1573 1567 1951 1624 nihilominus
1984 1569 2073 1624 in-

380 1655 494 1710 vito
525 1655 624 1710 illo
661 1655 956 1727 vulgatum
1005 1661 1108 1722 est,
1147 1673 1437 1730 quamque
1466 1657 1657 1712 animo
1686 1663 2074 1730 prospexerat,

379 1743 752 1798 offensionem
782 1744 1039 1815 peperit;
1073 1749 1129 1799 et
1158 1762 1224 1800 eo
1250 1747 1486 1818 quidem
1515 1746 1888 1814 acerbiorem,
1921 1748 2076 1819 quod

379 1835 549 1887 antea
588 1832 866 1904 jactatum
894 1831 1101 1899 fuerat,
1133 1833 1439 1905 Augustini
1482 1834 1715 1890 clericos
1743 1834 1804 1890 in
1835 1835 2078 1891 crimina

378 1937 742 1993 nequaquam
779 1920 896 1975 labi
954 1921 1170 1988 solitos,
1221 1922 1704 1993 quemadmodum
1749 1922 1811 1990 ii,
1869 1924 2077 1996 quibus

379 2025 586 2064 manus
612 2008 965 2079 imposuerat
993 2010 1414 2066 Proculeianus.
1444 2008 1622 2066 Fuere
1654 2011 1826 2068 etiam
1857 2013 1958 2086 qui
1981 2029 2078 2085 pe-

378 2101 586 2165 terent,
609 2103 676 2153 ut
689 2097 961 2153 Bonifacii
985 2115 1194 2154 nomen
1211 2115 1277 2154 ex
1290 2100 1417 2156 albo
1433 2101 1918 2171 presbyterorum,
1933 2119 2078 2175 quos

379 2187 554 2242 moris
583 2191 707 2242 erat
731 2188 802 2243 ad
841 2189 1020 2243 altare
1063 2189 1310 2256 recitari,
1359 2195 1784 2260 expungeretur
1815 2208 1828 2246 :
1863 2208 1935 2246 ne
1965 2192 2076 2247 sci-

380 2275 510 2330 licet
535 2276 654 2331 ulla
683 2276 991 2332 Donatistis
1012 2277 1435 2348 relinqueretur
1465 2279 1681 2333 occasio
1703 2273 2074 2351 praedicandi,

381 2365 595 2420 scelera
642 2364 795 2436 apud
843 2365 1158 2420 Catholicos
1187 2365 1472 2436 impunita
1500 2380 1814 2422 remanere.
1850 2369 1912 2423 Id
1943 2386 2076 2426 vero

381 2453 646 2507 noluerat
673 2453 1027 2524 Augustinus
1057 2470 1070 2509 :
1111 2471 1182 2509 ne
1211 2455 1317 2509 hoc
1346 2459 1508 2526 pacto
1532 2455 1651 2523 Dei,
1683 2456 1844 2527 cujus
1873 2457 1946 2513 ad
1975 2458 2079 2513 tri-

381 2540 557 2595 bunal
585 2554 755 2596 causa
781 2540 1056 2596 Bonifacii
1092 2544 1366 2597 translata
1385 2543 1590 2611 fuerat,
1615 2543 1899 2614 judicium
1928 2551 2076 2618 prae-

382 2633 726 2697 verteretur;
745 2645 887 2686 neve
908 2630 1216 2686 violaretur
1234 2631 1461 2686 concilii
1481 2637 1778 2701 statutum,
1801 2649 1906 2705 per
1925 2637 2077 2708 quod

389 2734 507 2772 non
542 2717 754 2774 licebat
800 2719 1090 2787 clericum,
1134 2719 1235 2791 qui
1281 2721 1540 2776 nondum
1582 2722 1872 2777 convictus
1919 2724 2013 2793 sit,
2045 2741 2080 2780 a

380 2806 788 2862 communione
819 2809 1110 2880 suspendi,
1154 2808 1264 2862 nisi
1303 2809 1522 2880 judicio
1567 2827 1626 2864 se
1671 2809 1868 2866 sistere
1914 2828 2073 2868 recu-

381 2899 557 2950 sasset
584 2896 807 2967 (Concil.
838 2898 1097 2966 Carthag.
1131 2900 1160 2952 3
1192 2899 1326 2952 anni
1355 2901 1476 2965 397,
1509 2914 1667 2954 cann.
1739 2904 1793 2967 7,
1827 2900 1897 2971 8).
1933 2901 2080 2958 Cleri

381 2988 573 3040 tamen
602 2985 919 3058 populique
935 2985 1150 3058 judicio
1178 2987 1284 3042 hoc
1314 2987 1486 3042 etiam
1511 2986 1794 3060 permisit,
1825 2989 1871 3044 si
1898 2989 1978 3045 ita
1999 2991 2079 3046 eis

382 3073 566 3129 visum
608 3074 808 3130 fuisset
846 3075 1137 3146 expedire,
1177 3092 1250 3131 ne
1280 3075 1349 3130 iis
1385 3076 1642 3147 quicum
1672 3077 1742 3132 ad
1773 3078 2078 3134 Ecclesiam

382 3163 598 3218 nollent
621 3164 905 3231 accedere,
932 3165 1266 3235 quaerebant
1284 3165 1477 3220 saltem
1497 3167 1648 3232 quod
1673 3171 2076 3238 praetexerent,

383 3251 647 3321 quaedam
682 3252 814 3306 inde
844 3253 1202 3322 praeberetur
1228 3253 1543 3324 probabilis
1573 3255 1860 3310 excusatio
1892 3272 1905 3312 :
1941 3262 2078 3312 tunc

381 3355 514 3394 vero
542 3356 661 3394 non
687 3339 946 3411 ipsorum
991 3342 1251 3396 futurum
1300 3357 1419 3396 esse
1446 3341 1555 3397 hoc
1591 3342 1828 3412 factum,
1857 3346 1953 3401 sed
1979 3363 2078 3402 eo-

286 3442 294 3448 ·
383 3443 513 3482 rum
555 3443 805 3500 quorum
835 3445 1003 3484 causa
1030 3430 1203 3485 fuerit
1228 3430 1473 3498 factum;
1504 3447 1692 3503 neque
1717 3433 1890 3488 etiam
1919 3434 2080 3490 illinc

382 3515 628 3586 homini,
677 3533 850 3588 quem
893 3535 1010 3573 non
1040 3518 1238 3590 iniqua
1267 3519 1612 3574 conscientia
1637 3520 1708 3575 de
1748 3521 1892 3576 libro
1920 3523 2078 3578 vivo-

382 3621 510 3660 rum
561 3606 851 3673 deleverit,
902 3607 1098 3663 damni
1149 3608 1461 3680 quidquam
1507 3625 1884 3667 accessurum.
1932 3613 2078 3670 Dum

381 3690 504 3747 haec
521 3692 600 3747 ita
630 3697 982 3765 gererentur,
1016 3694 1276 3765 Hippone
1300 3695 1495 3751 aberat
1521 3696 1895 3767 Augustinus.
1927 3699 2078 3765 Qua-

381 3785 618 3852 propter
649 3782 798 3836 clero
844 3799 967 3853 suo,
999 3783 1340 3850 senioribus,
1388 3787 1445 3840 et
1477 3784 1756 3841 universe
1793 3787 1946 3858 plebi
1977 3790 2078 3844 Ec-

382 3869 566 3926 clesia:
609 3870 986 3943 Hipponensis
1025 3871 1326 3942 epistolam
1355 3873 1527 3940 misit,
1573 3889 1687 3945 qua
1724 3891 1821 3930 eos
1861 3876 1962 3948 qui
1991 3893 2077 3932 se-

381 3975 513 4014 cum
541 3959 826 4016 infelicem
870 3961 1035 4017 illum
1061 3978 1255 4017 casum
1285 3963 1521 4018 moleste
1546 3962 1823 4031 ferebant,
1873 3981 2077 4036 quam-

381 4049 462 4103 vis
500 4048 634 4105 inde
680 4051 862 4104 multo
902 4051 1097 4105 minus
1139 4067 1311 4122 quam
1358 4050 1481 4122 ipse
1538 4051 1752 4106 doloris
1789 4059 2076 4124 caperent,

381 4138 554 4192 solari
583 4139 798 4206 studet;
835 4139 1112 4211 docetque
1151 4140 1276 4210 jam
1319 4139 1546 4211 pridem
1593 4157 1628 4195 a
1678 4141 1899 4196 Christo
1929 4159 2078 4214 prae-

383 4227 535 4281 dicta
559 4225 732 4280 fuisse
767 4227 1051 4296 ejusmodi
1086 4227 1351 4282 scandala
1395 4243 1408 4282 :
1451 4228 1588 4298 ipsis
1617 4229 1791 4284 etiam
1821 4246 2077 4286 summo-

383 4329 515 4384 pere
541 4313 856 4368 cavendum
900 4329 1045 4381 esse,
1076 4329 1150 4367 ne
1193 4313 1426 4367 fratrem
1456 4329 1523 4368 ex
1553 4313 1709 4379 falsis
1738 4315 2076 4387 suspicioni-

382 4401 488 4456 bus
521 4400 844 4473 judicantes
888 4400 947 4455 in
991 4400 1204 4455 diaboli
1247 4401 1479 4473 laqueos
1506 4400 1791 4471 incidant;
1824 4404 1981 4474 quod
2015 4404 2078 4460 in

384 4489 659 4545 Bonifacii
705 4488 947 4561 gratiam
999 4488 1155 4545 dicit.
1204 4491 1309 4545 Eos
1355 4489 1689 4558 obtestatur,
1722 4507 1794 4546 ne
1842 4493 2078 4548 vulnera

383 4579 499 4634 suis
529 4578 706 4651 ipsius
734 4578 1068 4634 vulneribus
1094 4595 1242 4634 nova
1261 4578 1668 4650 superaddant,
1696 4595 1768 4635 ne
1795 4581 2076 4636 cruciatus

384 4673 648 4740 augeant,
681 4685 754 4724 ne
785 4669 1032 4742 denique
1073 4669 1329 4725 dolorem
1373 4667 1568 4724 dolore
1598 4669 1910 4736 cumulent,
1943 4669 2078 4724 deﬁ-

383 4753 582 4810 cieudo
612 4757 700 4812 vel
729 4756 791 4812 in
819 4757 1239 4830 suspicionibus
1269 4757 1446 4826 falsis,
1473 4759 1564 4814 vel
1591 4757 1652 4812 in
1680 4759 1924 4830 peccatis
1943 4760 2078 4815 alie-

382 4844 500 4913 nis;
533 4845 644 4918 ipsi
663 4846 941 4915 videlicet,
969 4847 1070 4920 qui
1089 4863 1251 4920 spem
1271 4847 1523 4919 aliquam
1542 4847 1755 4903 habent
1777 4848 1849 4904 ad
1872 4849 2073 4918 Deum,

381 4949 487 5007 pro
508 4935 716 5006 quibus
735 4935 856 5006 ipse
877 4936 1159 4991 continuis
1181 4936 1447 5009 periculis
1467 4941 1637 5008 caput
1665 4936 1858 5008 objicit
1882 4953 1894 4992 :
1920 4937 2076 5008 quod

381 5023 538 5079 enim
567 5024 638 5080 ad
666 5023 1049 5080 schismaticos
1079 5025 1302 5094 attinet,
1334 5026 1434 5098 qui
1460 5025 1720 5097 nequitia
1756 5027 1926 5097 plane
1955 5026 2077 5082 dia-

380 5113 565 5170 bolica
594 5112 870 5184 gaudium
899 5129 930 5167 e
958 5118 1075 5168 tam
1105 5113 1376 5168 luctuosis
1405 5113 1625 5168 casibus
1654 5113 2072 5186 percipiebant;

381 5207 554 5275 atque
596 5202 658 5258 in
703 5201 964 5257 Ecclesiae
1009 5201 1282 5268 membris
1311 5202 1445 5256 vitia
1476 5203 1739 5273 quaedam
1768 5202 2074 5274 investiga-

379 5290 538 5360 bant,
571 5291 723 5347 unde
768 5291 872 5345 toti
913 5289 1066 5344 illius
1094 5288 1322 5360 corpori
1349 5289 1678 5360 illuderent,
1708 5289 1816 5361 ipsi
1845 5290 2077 5362 quidem

381 5380 699 5452 expeditius
753 5379 1074 5446 videbatur,
1125 5394 1220 5432 eos
1258 5382 1641 5439 contemnere,
1687 5381 1745 5433 et
1785 5393 2014 5445 canum,
2043 5396 2077 5434 a

382 5470 592 5542 quibus
629 5471 866 5526 vulnera
896 5469 1090 5526 Lazari
1119 5467 1506 5538 liugebantur,
1536 5467 1660 5522 loco
1687 5467 1916 5523 habere.
1961 5469 2074 5524 Mo-

383 5565 481 5615 net
525 5561 936 5634 Hipponenses,
987 5561 1166 5616 Deum
1213 5556 1464 5615 fortassis
1499 5556 1626 5614 ideo
1671 5558 1918 5614 noluisse
1967 5559 2075 5614 hoc

1573 291 1746 349 VITA
1800 291 1856 348 S.
1917 286 2304 349 AUGUSTINI
2361 283 2700 344 EPISCOPl.

3783 280 3905 336 344

2181 428 2278 468 eos
2306 410 2634 466 scandalum
2660 409 2854 475 latere,
2899 409 2960 462 ut
2984 421 3176 462 secum
3207 404 3512 460 instantius
3539 401 3903 460 incumbant

2182 501 2554 568 orationibus,
2601 502 2666 553 ut
2708 497 2840 553 facti
2882 495 3089 552 veritas
3119 493 3311 550 divina
3337 493 3684 549 revelatione
3714 509 3898 547 corn—

2180 590 2453 660 periatur.
2503 587 2738 643 Eosdem
2791 586 3160 640 vehementer
3199 584 3362 654 juxta
3408 599 3472 637 ac
3519 581 3767 637 demisse
3799 597 3899 635 re—

2178 677 2500 748 prehendit,
2553 676 2708 748 quod
2758 675 3023 730 adversus
3071 672 3506 728 Proculeianum
3553 671 3615 725 in
3663 687 3721 725 se
3753 671 3897 742 ipso

2178 767 2389 837 potius,
2423 781 2595 837 quam
2643 764 2703 819 in
2749 765 2862 818 Deo
2910 761 3138 832 gloriati
3184 761 3413 816 fuerant
3460 776 3474 816 :
3515 776 3656 815 neve
3705 761 3896 814 etiam

2179 853 2527 909 monasteria
2549 869 2615 908 eo
2645 852 2876 907 nomine
2915 850 3311 916 criminentur,
3343 849 3500 922 quod
3529 850 3588 903 in
3617 849 3730 904 illis
3779 849 3902 903 im-

2179 944 2389 1016 probos
2435 943 2656 1015 aliquos
2697 939 2948 1012 reperire
2995 939 3086 1002 sit,
3137 939 3488 994 adhortatur.
3543 938 3684 993 Cum
3726 937 3897 993 Felix

2181 1032 2416 1104 quidam
2448 1037 2617 1103 atque
2649 1030 2935 1085 Hilarinus
2955 1029 3024 1084 de
3044 1029 3151 1083 hac
3171 1045 3231 1082 re
3253 1027 3324 1082 ad
3347 1043 3478 1082 eum
3503 1026 3897 1098 scripsissent,

2179 1119 2475 1192 respondit
2503 1121 2570 1174 ad
2601 1135 2803 1174 eorum
2835 1118 3073 1185 litteras,
3105 1117 3343 1172 minime
3373 1116 3587 1170 mirum
3635 1131 3780 1182 esse,
3840 1113 3896 1168 si

2181 1210 2316 1265 talia
2359 1214 2666 1264 nascantur
2711 1207 3072 1277 offendicula,
3104 1212 3201 1261 aut
3237 1210 3436 1261 contra
3465 1204 3565 1260 Dei
3589 1221 3784 1260 servos
3818 1203 3899 1258 si-

2181 1298 2348 1353 nistri
2377 1315 2634 1354 rumores
2655 1298 2714 1352 in
2733 1298 2933 1369 vulgus
2951 1299 3291 1369 spargantur
3324 1311 3338 1350 :
3369 1311 3540 1366 porro
3569 1310 3627 1348 se
3656 1309 3764 1349 nec
3779 1294 3894 1348 fla-

2182 1386 2375 1459 gitiosi
2405 1387 2718 1459 quidquam
2743 1374 3183 1458 deprehendisse
3212 1385 3274 1439 in
3305 1383 3736 1452 Bonifacio,nec
3762 1399 3896 1438 cre-

2181 1476 2419 1544 didisse;
2468 1476 2661 1548 itaque
2703 1491 2819 1530 non
2858 1474 3094 1546 jussisse
3135 1477 3195 1528 ut
3223 1473 3344 1544 ejus
3372 1488 3582 1528 nomen
3621 1472 3691 1526 de
3731 1488 3890 1544 pra:-

2185 1565 2539 1636 sbyterorum
2579 1579 2819 1619 numero
2871 1564 3210 1629 auferretur,
3255 1562 3391 1634 quia
3433 1561 3693 1616 divinum
3737 1560 3895 1632 judi-

2183 1653 2357 1721 cium,
2415 1653 2487 1708 ad
2543 1653 2697 1726 quid
2734 1652 3050 1724 presbyteri
3091 1652 3262 1723 hujus
3309 1666 3477 1705 causa
3520 1651 3698 1704 relata
3741 1654 3886 1716 erat,

2185 1745 2539 1797 antevertere
2585 1759 2698 1796 non
2745 1741 3007 1797 audebat.
3055 1740 3176 1806 Quo
3203 1745 3462 1811 tempore
3494 1739 3721 1810 scriptas
3753 1743 3898 1792 sunt

2186 1847 2219 1884 a
2272 1830 2438 1886 beato
2484 1829 2614 1884 Viro
2672 1829 2784 1884 illa
2824 1829 3097 1902 epistolas,
3139 1829 3262 1900 jam
3305 1828 3415 1882 iter
3463 1827 3786 1882 Bonifacius
3827 1843 3894 1881 ac

2186 1921 2324 1992 Spes
2356 1921 2551 1976 Nolam
2583 1924 2968 1993 susceperant,
2998 1924 3095 1974 aut
3125 1919 3322 1974 saltem
3349 1919 3415 1973 ad
3448 1918 3588 1973 illud
3630 1922 3800 1972 erant
3826 1917 3889 1972 in

2186 2010 2504 2082 procinctu.
2542 2010 2721 2075 Quem
2752 2027 2883 2064 vero
2915 2009 3127 2063 exitum
3167 2024 3365 2063 eorum
3397 2024 3564 2062 causa
3594 2007 3892 2074 habuerit,

2186 2099 2534 2169 ignoramus.
2561 2099 2627 2153 Et
2657 2115 2760 2152 nos
2787 2098 3019 2169 quidem
3050 2097 3197 2151 infra
3227 2097 3296 2152 de
3324 2096 3573 2168 quodam
3596 2094 3892 2150 Bonifacio

2183 2186 2305 2242 viro
2339 2187 2579 2258 optimo,
2629 2191 2684 2240 et
2713 2186 2893 2241 sancti
2935 2186 3200 2241 Prmsulis
3247 2184 3613 2250 amicissimo,
3655 2183 3756 2255 qui
3791 2185 3892 2238 Ca-

2183 2276 2474 2348 taquensis
2513 2277 2814 2347 episcopus
2863 2292 3011 2330 anno
3050 2275 3272 2330 circiter
3314 2273 3889 2347 quadringentesimo

2186 2370 2382 2420 octavo
2409 2370 2765 2420 consecratus
2795 2369 2897 2432 est,
2929 2365 3134 2419 dicturi
3165 2381 3380 2418 sumus.
3414 2363 3662 2418 Tametsi
3694 2367 3891 2416 autem

2186 2458 2242 2509 et
2268 2453 2590 2508 humilitate
2623 2453 2941 2524 presbyteri
2984 2469 3098 2506 non
3128 2457 3342 2507 temere
3381 2451 3668 2523 conjicias,
3705 2452 3893 2505 Deum

2188 2547 2245 2599 et
2271 2543 2426 2599 illius
2455 2543 2841 2598 innocentiam
2862 2541 3080 2615 liquido
3104 2543 3434 2608 declarasse,
3469 2545 3525 2596 et
3552 2541 3717 2596 illum
3736 2545 3897 2612 post-

2191 2649 2365 2705 quam
2407 2632 2544 2687 ﬁdei
2583 2633 2706 2704 ejus
2753 2648 2818 2686 ac
2861 2631 3154 2703 patientiae
3192 2631 3508 2704 periculum
3538 2628 3782 2695 fecisset,
3815 2629 3891 2684 ad

2188 2720 2570 2792 episcopalem
2613 2718 2950 2791 dignitatem
2981 2718 3228 2773 evexisse
3259 2733 3272 2772 :
3304 2723 3554 2773 attamen
3581 2732 3765 2772 unum
3795 2721 3890 2772 at-

2189 2825 2300 2882 que
2330 2810 2598 2864 eumdem
2625 2809 2798 2864 fuisse
2839 2808 2996 2862 nulla
3025 2807 3291 2862 evincunt
3319 2811 3679 2878 argumenta.

2259 2900 2311 2953 3.
2359 2897 2504 2952 Ante
2540 2896 2712 2969 hujus
2758 2897 2897 2951 anni
2944 2896 3120 2951 tinem
3149 2895 3389 2967 contigit
3415 2893 3723 2967 Augustini
3752 2910 3891 2949 cum

2190 2987 2368 3041 Felice
2395 2985 2727 3057 disputatio.
2766 2985 2894 3040 Erat
2925 2985 2970 3039 is
2995 3001 3140 3038 unus
3165 3001 3194 3038 e
3213 2984 3655 3040 Manichaeorum
3682 2982 3895 3038 Electis

2189 3075 2439 3147 (Possid.,
2467 3077 2524 3129 in
2559 3077 2689 3130 Vita
2712 3075 2968 3142 August.,
3001 3088 3046 3128 c.
3077 3073 3156 3142 16)
3185 3090 3249 3128 ac
3276 3073 3530 3143 ipsorum
3558 3072 3894 3129 doctoribus

2188 3164 2446 3232 (Retract.
2469 3165 2506 3219 ι.
2528 3167 2585 3234 2,
2608 3179 2728 3234 cap.
2753 3164 2829 3234 8),
2853 3162 3176 3218 liberalium
3199 3162 3431 3235 quidem
3453 3161 3893 3234 disciplinarum

2188 3251 2516 3323 imperitus;
2547 3257 2799 3307 attamen
2839 3253 3167 3321 Fortunato,
3200 3268 3373 3324 quem
3401 3251 3757 3323 Augustinus
3787 3251 3893 3306 ad-

2187 3341 2296 3396 huc
2323 3342 2617 3412 presbyter
2643 3341 2702 3396 in
2730 3341 2960 3412 publica
2992 3340 3399 3412 disceptatione
3429 3357 3579 3395 anno
3610 3343 3894 3394 trecente-

2185 3431 2329 3486 simo
2367 3431 2740 3501 nonagesimo
2778 3430 2943 3484 tertio
2984 3429 3320 3498 convicerat,
3372 3431 3539 3500 longe
3571 3428 3882 3484 versutior.

2192 3521 2515 3591 Hipponem
2543 3524 2776 3573 venerat
2821 3535 3040 3573 errores
3070 3536 3203 3573 suos
3235 3519 3726 3574 disseminaturus.
3796 3520 3892 3572 An

2185 3614 2378 3663 autem
2407 3608 2453 3662 is
2485 3608 2637 3664 idem
2668 3607 2821 3662 Felix
2849 3607 3039 3674 fuerit,
3071 3607 3142 3663 ad
3170 3623 3341 3679 quem
3371 3611 3555 3662 exstat
3579 3605 3890 3676 Augustini

2187 3697 2430 3769 epistola
2458 3697 2662 3768 (Epist.
2688 3699 2782 3766 79)
2812 3713 2941 3768 quae
2961 3696 3290 3767 presbytero
3321 3695 3628 3750 Manichaso
3661 3701 3891 3769 tantum

2185 3786 2530 3850 inscribitur,
2563 3785 2716 3840 haud
2744 3789 2896 3840 certo
2924 3785 3153 3840 scimus.
3188 3785 3263 3838 Ex
3297 3799 3364 3839 ea
3393 3783 3756 3855 intelligitur,
3790 3784 3890 3838 ho-

2186 3875 2403 3930 minem
2423 3875 2587 3930 illum
2611 3873 2794 3946 qualis
2811 3878 2958 3929 esset
2975 3873 3334 3928 dissimulare
3353 3877 3650 3939 conatum;
3675 3878 3733 3928 at
3753 3889 3891 3928 cum

2187 3963 2534 4035 colloquium
2564 3979 2693 4018 cum
2725 3963 3066 4035 quibusdam
3093 3962 3397 4018 Catholicis
3424 3961 3737 4030 habuisset,
3771 3967 3890 4018 sta-

2186 4052 2288 4107 tim
2327 4052 2397 4107 ab
2443 4052 2556 4107 illis
2600 4051 3018 4122 deprehensum
3051 4051 3246 4118 fuisse,
3287 4067 3352 4106 ac
3382 4055 3574 4106 sancto
3624 4050 3892 4106 Antistiti

2185 4141 2459 4197 delatum.
2494 4143 2728 4196 Mortem
2772 4157 2804 4195 a
2829 4157 2887 4195 se
2927 4140 3138 4212 despici
3168 4140 3532 4211 praedicabat,
3561 4139 3889 4196 dictitabat-

2186 4245 2298 4301 que
2337 4235 2395 4284 se
2447 4230 2597 4301 apud
2624 4229 3008 4301 Augustinum
3059 4246 3265 4301 magno
3296 4229 3359 4283 in
3393 4245 3634 4284 numero
3661 4229 3885 4292 haberi,

2186 4317 2650 4389 quandoquidem
2682 4318 2751 4372 de
2779 4317 2894 4372 suis
2916 4317 3359 4388 comprimendis
3397 4319 3694 4372 conatibus
3725 4317 3890 4373 solli-

2185 4406 2327 4460 citus
2356 4410 2521 4460 esset.
2543 4406 2627 4460 Ad
2657 4420 2789 4460 eum
2819 4422 2956 4477 ergo
2984 4407 3283 4478 epistolam
3314 4406 3470 4461 dedit
3497 4405 3882 4477 Augustinus,

2184 4494 2412 4550 brevem
2459 4493 2616 4549 illam
2658 4495 2913 4566 quidem,
2960 4499 3018 4550 at
3061 4497 3497 4551 vehementem:
3529 4495 3591 4550 in
3619 4511 3732 4566 qua
3754 4495 3883 4565 ejus

2185 4583 2629 4638 ostentationem
2667 4583 2882 4649 irridet,
2934 4584 3311 4655 eamdemque
3364 4582 3881 4650 ratiocinationem,

2185 4689 2358 4743 quam
2382 4671 2598 4727 diluere
2619 4672 2956 4744 nequiverat
2974 4672 3154 4744 ipsius
3175 4689 3485 4744 praecessor
3515 4673 3884 4742 Fortunatus,

2182 4761 2264 4817 illi
2311 4761 2600 4834 proponit,
2633 4760 2978 4816 denuntians
3026 4766 3090 4816 ut
3126 4763 3215 4816 vel
3245 4778 3372 4816 eam
3401 4761 3598 4828 solvat,
3631 4762 3718 4816 vel
3746 4761 3886 4817 inde

2183 4850 2466 4907 abscedat.
2519 4850 2578 4906 Si
2623 4849 2859 4921 quidem
2905 4849 3199 4921 presbyter
3222 4849 3320 4904 ille
3353 4849 3696 4905 Manichacus
3724 4849 3882 4905 idem

2184 4941 2275 5009 sit,
2315 4939 2417 5012 qui
2464 4943 2521 4994 et
2565 4938 2746 5007 Felix;
2809 4939 2932 4994 hac
2983 4939 3068 4993 illi
3114 4937 3418 5011 contigisse
3474 4938 3881 5010 comperimus.

2184 5030 2379 5086 Oblata
2407 5031 2540 5082 sunt
2573 5027 2626 5082 ei
2652 5043 2755 5082 sua
2783 5027 3011 5098 scripta,
3043 5027 3154 5082 hoc
3183 5032 3286 5093 est,
3320 5043 3450 5099 quae
3480 5043 3671 5083 secum
3705 5027 3884 5082 babe-

2181 5117 2280 5172 bat
2327 5116 2651 5172 Manichaee
2696 5116 2972 5171 doctrina:
3021 5115 3312 5170 volumina
3343 5131 3586 5171 numero
3642 5115 3883 5171 forsitan

2183 5205 2459 5278 quinque,
2506 5220 2729 5260 necnon
2783 5205 2888 5260 sub
2943 5203 3172 5276 publico
3219 5203 3404 5276 sigillo
3449 5204 3732 5259 custodita
3787 5203 3886 5274 (De

2183 5296 2335 5350 Actis
2357 5310 2476 5349 cum
2503 5296 2692 5360 Felice,
2718 5295 2811 5348 lib.
2841 5297 2888 5360 l,
2921 5309 3041 5364 cap.
3076 5294 3150 5364 1).
3185 5293 3390 5349 Octavo
3412 5292 3538 5347 idus
3565 5291 3883 5347 decembris

2185 5383 2322 5438 adiit
2350 5384 2682 5440 Curatorem
2711 5399 2813 5437 seu
2841 5383 3107 5453 Majorem
3150 5381 3328 5449 urbis,
3360 5381 3528 5452 eique
3559 5380 3880 5452 supplicem

2183 5470 2442 5525 libellum
2463 5470 2690 5537 obtulit,
2713 5470 2938 5540 publice
2960 5469 3281 5536 clamitans,
3303 5486 3433 5524 cum
3452 5469 3741 5525 codicibus
3763 5469 3881 5524 suis

2187 5575 2244 5614 se
2273 5563 2536 5632 paratum
2563 5576 2686 5616 esse
2725 5558 2971 5626 incendi,
3011 5559 3057 5615 si
3085 5559 3306 5632 aliquid
3329 5559 3465 5615 mali
3493 5564 3789 5630 repertum
3817 5559 3879 5614 in
