4062 6364
153 303 277 359 345

149 425 316 498 ipsis
350 427 551 484 fuisset
577 427 759 498 (Ibid.,
791 443 910 499 cap.
938 426 1047 500 12).
1079 428 1221 484 Cum
1251 444 1318 483 eo
1344 427 1597 484 fortassis
1625 429 1733 483 hoc
1760 429 1887 500 ipso

148 515 649 588 dieIaliquantum
669 517 979 571 collocutus
992 521 1076 571 est
1096 517 1478 588 Augustinus;
1505 518 1730 588 quando
1754 520 1887 572 Pos-

1633 307 1848 366 LIBER
1887 306 2215 380 QUINTUS.

3583 310 3687 366 346

2001 428 2172 498 Felix,
2204 427 2303 484 sed
2333 427 2403 483 iis
2433 428 2618 484 verbis
2645 445 2803 496 usus,
2835 443 2964 500 quae
2994 433 3051 486 et
3095 433 3449 502 perspectam
3476 430 3529 485 ei
3569 431 3693 486 bla-

1997 517 2726 590 sphemiarumistiusmodi
2750 517 3252 586 abominationem,
3283 524 3545 575 etrevera
3569 520 3695 574 hor-

152 604 366 660 sidius
405 606 491 659 bis
521 611 616 661 aut
652 611 738 660 ter
783 622 878 660 eos
924 604 1239 676 disputasse
1266 607 1792 677 afﬁrmat(Possz’d.,
1830 611 1889 662 in
1997 609 2115 663 rori
2163 609 2636 665 esse~declarent.
2689 611 2936 681 Uterque
2980 612 3181 680 postea
3223 609 3534 664 collationis
3570 613 3694 664 acta

166 695 311 748 Vita
336 697 599 762 August,
634 711 659 749 c
726 695 831 765 16),
865 694 1090 748 tametsi
1114 695 1173 749 in
1199 696 1349 751 Actis
1381 713 1446 749 ea
1471 697 1540 750 de
1572 712 1631 750 re
1654 697 1889 767 perscri-

148 783 284 852 ptis
311 784 528 855 duplex
556 787 777 838 tantum
807 783 1126 838 dissertatio
1157 784 1451 838 habeatur.
1481 786 1694 840 Harum
1724 785 1885 856 prior

153 872 429 942 septimo
461 872 588 927 idus
626 873 972 940 decembres,
1005 889 1133 944 quas
1157 878 1361 945 quarta
1387 879 1511 928 erat
1535 874 1698 941 feria,
1731 891 1882 930 anno

153 959 750 1030 quadringentesimo
779 966 984 1032 quarto
1014 967 1136 1017 acta
1163 966 1247 1016 est
1275 963 1336 1017 in
1384 963 1623 1017 ecclesia
1672 963 1885 1034 Hippo-

152 1049 342 1102 nensi
371 1048 465 1120 (Dc
491 1051 611 1104 Act.
640 1066 758 1104 cum
783 1053 917 1118 Fel.,
951 1052 1045 1106 lib.
1086 1055 1135 1117 1,
1163 1067 1283 1121 cap.
1320 1051 1391 1122 1),
1421 1053 1637 1124 populo
1656 1053 1725 1107 ad
1752 1069 1883 1108 can-

151 1137 392 1191 cellum
423 1137 678 1192 adstante
708 1138 894 1208 (Ibid.,
913 1155 1032 1208 cap.
1057 1140 1144 1209 20)
1175 1144 1226 1194 et
1249 1156 1378 1194 cum
1406 1157 1632 1195 summo
1661 1141 1883 1196 silentio

152 1227 216 1279 et
247 1225 542 1279 modestia
571 1225 860 1293 audiente,
881 1242 943 1281 ac
971 1227 1226 1294 notariis,
1257 1227 1358 1299 qui
1388 1229 1558 1283 verba
1586 1230 1883 1302 utriusque

154 1313 525 1384 exciperent,
544 1315 920 1385 praesentibus
939 1315 1129 1384 (1bid,,
1160 1331 1280 1385 cap.
1309 1316 1409 1385 t2).
1446 1317 1496 1370 Is
1513 1317 1620 1372 fuit
1649 1334 1883 1372 concer-

152 1402 412 1457 tationis
433 1403 634 1470 exitus,
659 1407 742 1470 ut,
771 1421 900 1458 cum
919 1404 1003 1458 illi
1024 1405 1374 1474 Augustinus
1394 1404 1547 1459 idem
1571 1422 1879 1476 argumen-

154 1495 320 1560 tum,
341 1493 500 1563 quod
531 1497 700 1548 antea
723 1494 1044 1561 Fortunato,
1078 1493 1396 1564 objecisset,
1433 1493 1708 1549 nimirum
1761 1511 1875 1566 qua

152 1579 401 1634 ratione
433 1581 567 1648 Deo,
603 1580 650 1635 si
697 1581 930 1653 quidem
981 1586 1130 1637 esset
1158 1587 1365 1637 natura
1410 1582 1880 1654 incorruptibilis,

155 1684 383 1724 nocere
410 1685 552 1740 gens
583 1671 950 1726 tenebrarum
987 1672 1233 1738 valeret;
1285 1671 1372 1726 sin
1402 1675 1594 1726 autem
1640 1672 1693 1726 ei
1739 1671 1881 1726 nihil

154 1757 511 1813 detrimenti
559 1759 760 1814 afferre
808 1763 1020 1830 posset,
1081 1759 1220 1831 quid
1247 1764 1368 1814 erat
1415 1761 1569 1832 quod
1615 1761 1881 1816 adversus

155 1845 341 1900 istam
377 1845 460 1900 ita
488 1846 830 1916 dimicasset,
871 1853 936 1901 ut
960 1851 1178 1902 naturae
1206 1865 1318 1902 suae
1343 1853 1564 1920 partem
1603 1850 1715 1903 huc
1745 1849 1880 1903 mis-

154 1949 285 1986 sam
319 1931 426 1986 isti
450 1933 816 1988 tenebrarum
838 1934 996 2006 genti
1020 1934 1266 2002 misceri,
1299 1952 1514 2008 perque
1544 1952 1668 1991 eam
1701 1935 1880 2007 pollui

153 2025 472 2092 pateretur
492 2022 676 2091 (Ibid.,
709 2038 825 2092 cap.
852 2025 928 2090 19)
958 2039 970 2088 ;
1005 2028 1222 2094 peteret
1243 2025 1396 2078 Felix
1427 2024 1534 2078 sibi
1559 2029 1784 2096 tempus
1807 2025 1876 2079 ad

157 2109 665 2181 respondendum,
683 2126 866 2182 usque
888 2111 956 2165 ad
985 2112 1292 2166 secundam
1311 2112 1509 2166 feriam
1533 2113 1876 2183 proximam,

155 2197 360 2269 pridie
379 2199 510 2253 idus
524 2199 782 2268 ejusdem
813 2199 1045 2266 mensis,
1063 2200 1329 2271 quintum
1355 2201 1568 2255 scilicet
1588 2207 1714 2272 post
1731 2201 1880 2256 diem

156 2285 478 2358 prorogari
501 2287 684 2357 (lbid.,
711 2288 804 2342 lib.
827 2290 878 2341 2.
912 2303 1034 2358 cap.
1069 2288 1136 2359 1).
1157 2289 1314 2342 Nota!
1336 2289 1449 2343 illa
1475 2294 1589 2342 tam
1605 2295 1880 2342 accurata).

158 2375 388 2429 erroris
427 2374 577 2428 circa
622 2375 895 2446 colloquii
949 2380 1174 2446 tempus
1221 2376 1602 2447 suspicionem
1649 2393 1878 2431 omnem

161 2467 496 2518 removent.
531 2463 796 2517 Promisit
828 2463 977 2518 Felix
1009 2481 1066 2518 se
1111 2481 1212 2535 per
1240 2464 1384 2519 illud
1429 2465 1699 2536 spatium,
1747 2481 1878 2520 cum

157 2551 487 2606 christiano
517 2551 792 2622 quodam,
819 2568 992 2624 quem
1023 2568 1090 2606 ex
1119 2553 1477 2608 adstantibus
1500 2554 1691 2624 elegit,
1726 2571 1880 2608 man-

160 2655 414 2694 surum:
468 2639 557 2693 sin
602 2656 734 2694 vero
781 2641 1022 2711 fugeret,
1065 2657 1251 2712 neque
1299 2642 1451 2696 enim
1506 2643 1873 2706 retinebatur,

160 2727 486 2797 consensit,
523 2745 637 2782 non
668 2728 902 2800 quidem
933 2733 996 2783 ut
1037 2729 1408 2784 Manichaaum
1452 2731 1870 2796 anathemasse,

161 2833 373 2872 verum
407 2821 474 2872 ut
495 2816 713 2887 judicio
746 2817 976 2888 proprio
1003 2817 1201 2884 victus,
1234 2818 1374 2889 legis
1403 2835 1518 2873 suae
1548 2820 1880 2889 praevarica-

165 2910 277 2972 tor,
303 2910 485 2977 atque
516 2907 575 2960 in
609 2905 1032 2976 Hipponensem
1063 2905 1340 2961 civitatem
1359 2923 1494 2961 reus
1533 2908 1880 2963 existimare-

161 2997 260 3048 tur
278 2994 474 3064 (lbid.,
497 2994 590 3048 lib.
620 2997 670 3062 1,
699 3009 819 3063 cap.
847 2994 956 3063 20).
983 2993 1190 3064 Reipsa
1207 2994 1279 3048 ad
1293 2995 1619 3049 condictum
1643 2995 1795 3050 diem
1817 2995 1878 3049 in

167 3082 476 3136 ecclesiam
503 3081 660 3136 Pacis
685 3082 857 3148 venit,
884 3082 979 3136 ubi
996 3083 1210 3153 populo
1224 3087 1510 3152 praesente
1534 3084 1741 3138 iterum
1762 3101 1877 3138 coe-

163 3176 267 3243 pta
299 3176 391 3226 est
437 3171 742 3242 disputatio
774 3171 961 3243 (Ibid.,
991 3173 1084 3227 lib.
1117 3174 1169 3240 2,
1206 3188 1325 3242 cap.
1366 3173 1434 3242 1.)
1457 3175 1878 3244 Argumentum

167 3275 343 3313 suum
377 3259 686 3331 resumpsit
713 3258 1104 3330 Augustinus:
1137 3277 1267 3314 cum
1297 3277 1429 3315 vero
1460 3262 1606 3316 Felix
1647 3264 1877 3318 eludere

166 3347 344 3402 vellet
375 3347 772 3402 necessitatem
801 3348 1205 3420 respondendi,
1253 3354 1516 3404 causatus
1555 3367 1684 3404 suos
1722 3351 1878 3406 codi-

169 3451 262 3489 ces
293 3435 546 3491 redditos
577 3452 694 3491 non
743 3437 936 3503 fuisse,
990 3437 1119 3492 illos
1159 3454 1216 3492 se
1262 3443 1544 3510 repetere,
1593 3456 1656 3494 ac
1702 3440 1878 3496 biduo

170 3529 302 3594 post
334 3525 409 3579 ad
441 3524 793 3596 colloquium
839 3526 1190 3594 rediturum;
1239 3531 1476 3582 testatus
1524 3532 1607 3582 est
1654 3535 1880 3584 sanctus

173 3613 391 3668 Doctor
419 3613 585 3668 illum
623 3613 848 3668 codices
879 3613 1035 3680 istos,
1069 3615 1117 3669 si
1147 3617 1492 3670 necessarios
1521 3616 1628 3670 sibi
1658 3617 1880 3672 futuros

170 3707 455 3774 putasset,
478 3707 672 3775 petere
705 3703 966 3759 debuisse
989 3711 1133 3772 tum,
1165 3722 1295 3760 cum
1325 3706 1659 3760 dilationem
1689 3712 1880 3778 postu-

170 3791 337 3846 laret.
370 3793 568 3863 Itaque
599 3792 910 3862 disputatio
941 3793 1327 3864 redintegrata
1355 3801 1456 3859 est,
1497 3811 1560 3849 ac
1589 3796 1876 3866 praecipue

169 3879 320 3934 circa
341 3879 590 3935 liberum
612 3879 937 3948 arbitrium,
960 3897 1073 3952 quo
1097 3881 1313 3936 bonum
1343 3883 1628 3936 malumve
1659 3884 1872 3952 agitur,

169 3972 436 4024 versata:
470 3967 540 4022 de
570 3967 752 4039 gratia
783 3971 993 4036 tamen,
1041 3985 1156 4040 qua
1201 3969 1260 4023 in
1291 3969 1611 4024 libertatem
1658 3971 1868 4025 asseri-

169 4073 325 4124 mur,
343 4055 681 4126 neutiquam
694 4059 993 4109 tractatum
1007 4056 1140 4111 fuit:
1157 4057 1369 4127 quippe
1383 4057 1542 4127 cujus
1555 4058 1791 4128 quaestio
1806 4058 1879 4114 ad

172 4144 624 4199 Manichaeorum
646 4144 910 4198 haeresim
934 4144 1076 4199 nihil
1102 4148 1379 4216 spectaret
1409 4145 1663 4216 (Relract.
1683 4147 1777 4201 lib.
1823 4149 1876 4215 2,

172 4249 295 4303 cap.
329 4235 386 4299 8;
420 4231 499 4286 De
526 4233 648 4286 Act.
673 4247 792 4286 cum
817 4233 949 4296 Fel.,
969 4233 1062 4286 lib.
1090 4236 1143 4301 2,
1171 4249 1330 4303 capp.
1356 4237 1410 4300 2,
1443 4236 1495 4300 3,
1521 4236 1602 4302 4).
1629 4235 1693 4288 Et
1725 4235 1878 4289 Felix

169 4321 412 4393 quidem
458 4320 646 4392 primo
687 4319 984 4387 concessit,
1017 4321 1275 4392 quisquis
1311 4323 1490 4376 Deum
1530 4323 1880 4395 corruptioni

172 4407 492 4462 obnoxium
529 4407 762 4476 diceret,
806 4423 939 4462 eum
987 4409 1346 4464 anathemate
1386 4410 1704 4464 feriendum
1758 4428 1877 4465 esse

174 4500 264 4566 (De
292 4498 418 4552 Act.
451 4513 570 4552 cum
597 4498 730 4563 Feb,
755 4497 848 4552 lib.
877 4500 934 4566 2,
963 4513 1084 4567 cap.
1122 4500 1229 4568 14).
1256 4500 1328 4552 At
1359 4515 1490 4553 vero
1518 4515 1647 4552 cum
1673 4502 1877 4571 Augu-

173 4585 358 4640 stinus
388 4585 804 4656 blasphemiam
833 4585 980 4640 hanc
1009 4602 1043 4640 a
1070 4585 1374 4642 Manichazo
1405 4587 1596 4642 doceri
1635 4588 1872 4659 planum

173 4673 417 4740 fecisset,
436 4674 597 4729 illum
615 4691 731 4729 non
743 4673 864 4728 sine
877 4673 1207 4729 difﬁcultate
1221 4691 1286 4729 eo
1307 4676 1601 4747 compulit,
1620 4673 1872 4748 utjquid-

177 4763 312 4832 quid
363 4763 471 4817 sibi
510 4763 856 4835 imperatum
905 4766 1070 4830 esset,
1102 4763 1386 4818 facturum
1425 4781 1482 4819 se
1511 4763 1878 4836 proﬁteretur

177 4850 363 4921 (lbid.,
395 4867 514 4922 cap.
546 4852 656 4923 22).
679 4851 898 4922 Adjecit
935 4855 1163 4906 sanctus
1196 4851 1527 4923 Episcopus,
1562 4852 1668 4924 ipsi
1699 4852 1874 4907 Mani-

177 4940 400 4996 chazum
431 4943 913 4997 anathemandum
941 4958 956 5009 ;
989 4958 1057 4997 ex
1087 4942 1279 4996 animo
1311 4943 1365 4997 id
1398 4942 1652 5014 quidem,
1684 4959 1876 5014 quan-

177 5028 246 5082 do
275 5031 341 5085 ad
374 5031 484 5086 hoc
513 5047 546 5085 a
573 5031 803 5086 nemine
827 5035 1144 5103 cogeretur.
1169 5033 1349 5086 Deum
1371 5037 1575 5087 testem
1594 5031 1867 5086 invocavit

184 5118 353 5186 Felix,
395 5136 455 5174 se
505 5119 697 5174 animo
741 5119 811 5174 ad
855 5120 964 5175 hoc
1019 5122 1406 5192 praestandum
1447 5120 1872 5193 paratissimum

186 5220 301 5259 esse
328 5223 340 5261 :
370 5201 467 5262 sed
499 5208 607 5262 hoc
631 5223 854 5278 rogare,
887 5211 950 5262 ut
977 5208 1084 5263 sibi
1127 5209 1317 5278 Felici,
1347 5226 1462 5280 quo
1513 5209 1696 5280 magis
1737 5225 1872 5264 con-

186 5292 529 5363 ﬁrmaretur,
561 5295 790 5368 praeiret
818 5296 1190 5367 Augustinus,
1223 5315 1287 5352 ac
1313 5297 1702 5358 Manichzrum,
1734 5313 1872 5352 nec-

182 5395 294 5437 non
322 5390 377 5439 et
406 5385 690 5457 spiritum,
726 5385 826 5456 qui
855 5385 914 5438 in
945 5401 1010 5438 eo
1055 5387 1276 5441 locutus
1306 5388 1510 5457 fuerat,
1555 5387 1710 5457 prior
1738 5403 1872 5441 ana-

182 5470 474 5529 themaret.
529 5475 794 5531 Chartam
843 5477 1067 5529 sanctus
1123 5477 1336 5531 Praesul
1383 5475 1574 5531 statim
1634 5475 1869 5546 accepit,

188 5561 351 5632 atque
388 5563 926 5622 anathematismum
979 5563 1263 5621 exaravit:
1310 5563 1462 5622 idem
1503 5564 1766 5638 praestitit
1817 5569 1873 5621 et

1995 697 2333 768 obsignavit,
2363 715 2491 769 qua:
2515 699 2644 768 jure
2699 699 2906 753 merito
2935 697 3240 770 Augustini
3288 697 3576 768 opusculis
3609 697 3694 752 in-

1994 791 2143 841 serta
2187 791 2359 842 sunt:
2421 787 2887 858 quandoquidem
2943 786 3240 841 victoriam
3300 787 3690 853 testificantur,

1995 891 2169 945 quam
2191 875 2260 930 de
2291 875 2518 942 haeresi,
2555 891 2670 930 non
2696 880 2922 930 tantum
2939 892 3130 930 errore
3161 874 3338 946 ipsius
3361 875 3531 930 armis
3553 892 3686 929 con-

1992 963 2141 1018 fosso
2175 965 2545 1036 confusoque,
2576 965 2668 1020 sed
2693 964 2863 1019 etiam
2893 964 3026 1031 illis,
3055 981 3089 1018 a
3124 965 3331 1036 quibus
3361 980 3690 1035 propugna-

1990 1051 2177 1118 batur,
2207 1053 2277 1108 ad
2307 1069 2498 1107 veram
2526 1053 2697 1108 ﬁdem
2734 1053 3032 1117 traductis,
3080 1053 3390 1124 reportavit
3428 1052 3684 1124 (Possid.,

1993 1143 2050 1195 in
2076 1143 2203 1196 Vita
2231 1142 2490 1210 August.,
2524 1158 2570 1195 c.
2616 1142 2721 1213 10).

2059 1231 2112 1284 4.
2147 1232 2282 1285 Post
2307 1229 2446 1284 illud
2473 1246 2603 1284 cum
2635 1230 2816 1284 Felice
2859 1227 3228 1302 colloquium,
3259 1229 3469 1283 librum
3517 1245 3688 1284 suum

1992 1317 2060 1371 de
2093 1320 2304 1372 Natura
2330 1318 2468 1372 boni
2517 1319 2752 1373 collocat
2782 1318 3030 1388 (Relract.
3067 1319 3160 1372 lib.
3211 1321 3264 1384 2,
3299 1333 3420 1388 cap.
3453 1319 3522 1387 9).
3572 1319 3688 1372 Hoc

1991 1407 2260 1461 adversus
2281 1407 2619 1462 Manichmos
2641 1407 2906 1475 ostendit,
2943 1409 3120 1462 Deum
3152 1411 3413 1461 naturam
3439 1423 3557 1460 esse
3587 1405 3691 1459 im-

1989 1495 2386 1562 mulitabilem,
2412 1512 2476 1550 ac
2496 1511 2785 1550 summum
2815 1496 3052 1565 bonum,
3085 1500 3139 1550 et
3165 1500 3500 1550 cmterarum
3531 1499 3691 1549 natu-

1989 1601 2184 1639 rarum
2207 1588 2328 1639 tum
2354 1600 2760 1656 corporearum
2781 1588 2903 1639 tum
2926 1585 3329 1656 spiritualium,
3347 1601 3473 1654 qum
3489 1598 3690 1638 omnes

1987 1673 2047 1727 in
2078 1689 2137 1728 se
2168 1673 2304 1744 ipsis
2319 1673 2482 1728 bona:
2509 1678 2659 1742 sunt,
2683 1678 2991 1727 auctorem.
3019 1673 3285 1727 Ihisimul
3309 1672 3684 1740 demonstrat,

1989 1762 2127 1834 quid
2157 1762 2230 1816 sit
2258 1763 2496 1825 malum,
2524 1762 2676 1817 unde
2705 1765 2988 1827 nascatur,
3021 1766 3162 1831 quot
3197 1761 3347 1815 bona
3386 1760 3444 1813 in
3483 1764 3690 1814 natura

1991 1850 2145 1917 mali,
2181 1866 2353 1921 quam
2384 1855 2606 1916 vocant,
2643 1853 2832 1920 quote
2863 1848 3147 1903 contrario
3179 1849 3328 1901 mala
3375 1847 3432 1901 in
3479 1852 3686 1900 natura

1987 1938 2142 2006 boni,
2174 1938 2400 2008 qualem
2431 1953 2557 1991 eam
2588 1937 2697 1991 sibi
2727 1939 2972 2006 ﬁngunt,
3008 1936 3315 1990 involvant.
3362 1935 3682 1990 Horrendas

1990 2042 2219 2097 quoque
2266 2025 2649 2095 turpitudines
2681 2028 2978 2090 memorat,
3012 2039 3138 2094 quae
3164 2023 3390 2078 fuerant
3425 2023 3485 2077 in
3514 2023 3687 2093 hujus

1988 2119 2154 2168 secta:
2181 2113 2494 2178 nonnullis,
2526 2117 2649 2166 tum
2696 2112 2758 2165 in
2789 2110 3197 2182 Paphlagonia,
3226 2116 3350 2165 tum
3381 2110 3442 2164 in
3485 2110 3681 2165 Galliis

1987 2203 2359 2272 deprehensae
2379 2203 2474 2271 (De
2486 2204 2608 2257 Nat.
2629 2201 2772 2267 boni,
2789 2216 2908 2271 cap.
2929 2203 3044 2270 47).
3064 2200 3198 2264 Quae
3217 2205 3408 2254 autem
3424 2199 3482 2253 in
3494 2199 3683 2254 Africa

1988 2291 2252 2346 similiter
2271 2290 2610 2344 exsecranda
2640 2293 2860 2360 patrata
2890 2293 3039 2350 sunt,
3084 2288 3248 2343 silet:
3283 2289 3418 2360 quia
3453 2288 3532 2342 ibi
3569 2303 3690 2341 non

1989 2385 2121 2435 ante
2151 2395 2368 2434 annum
2401 2378 2624 2433 circiter
2669 2376 3299 2448 quadringentesimum
3346 2376 3688 2448 vigesimum

1988 2470 2241 2541 primum
2267 2468 2650 2539 contigerunt.
2680 2470 2752 2522 At
2771 2467 3225 2522 abominationes
3267 2467 3392 2520 illas
3409 2466 3546 2536 ipsis
3569 2468 3688 2522 Ma—

1992 2557 2196 2614 nicbzei
2222 2557 2442 2629 placitis
2467 2556 2573 2610 niti
2591 2560 3002 2610 commonstrat
3025 2555 3207 2625 (lbid.,
3235 2571 3354 2625 cap.
3375 2556 3488 2625 46).
3513 2553 3685 2625 Operi

1989 2649 2164 2702 tinem
2198 2646 2443 2718 imponit
2468 2645 2817 2717 precatione,
2853 2661 2965 2714 qua
2993 2644 3243 2699 divinam
3270 2643 3685 2714 benignitatem

1989 2735 2324 2800 obtestatur,
2357 2738 2420 2789 ut
2443 2750 2546 2805 per
2568 2750 2734 2788 suum
2765 2733 3150 2787 ministerium
3181 2773 3196 2802 ,
3219 2732 3363 2786 sicut
3381 2731 3552 2802 coepit
3565 2733 3685 2801 jam

1989 2840 2106 2876 non
2134 2839 2367 2894 paucos,
2397 2821 2474 2874 ita
2504 2826 2705 2892 pergat
2737 2821 2878 2875 alios
2908 2821 3145 2891 hujusce
3193 2820 3402 2875 erroris
3439 2820 3685 2874 irretitos

1993 2911 2208 2981 laqueis
2229 2910 2515 2963 exsolvere
2546 2909 2732 2978 (lbid.,
2762 2925 2883 2978 cap.
2924 2908 3036 2979 48).

2059 3003 2108 3053 5.
2168 3000 2298 3052 Erat
2351 2996 2502 3050 inter
2531 2996 2965 3051 Manichaeorum
2992 2995 3294 3049 Auditores
3331 2994 3687 3049 Secundinus

1989 3087 2575 3157 (Retractationumlib.
2604 3089 2797 3154 2,cap.
2833 3084 2940 3155 10),
2987 3084 3157 3138 homo
3181 3083 3491 3147 Romanus,
3528 3083 3680 3137 unde

1991 3191 2345 3230 marmorum
2373 3175 2663 3229 Anicianae
2688 3175 2888 3228 domus
2921 3171 3272 3226 mentionem
3301 3171 3434 3226 facit
3466 3172 3682 3240 (Secun-

1989 3267 2108 3319 dini
2136 3266 2335 3334 Epist,
2396 3280 2453 3317 η.
2497 3263 2574 3334 3),
2609 3267 2780 3333 atque
2816 3262 2886 3316 ad
2912 3261 3216 3315 Paulinum
3256 3261 3326 3314 ab
3363 3259 3684 3332 Augustino

1988 3354 2302 3408 remittitur
2354 3354 2570 3423 (Contra
2621 3351 2873 3418 Secund.,
2916 3367 3035 3419 cap.
3092 3349 3194 3419 11).
3242 3351 3292 3404 Is
3339 3365 3469 3404 cum
3509 3348 3687 3403 sancti

1992 3442 2241 3498 Doctoris
2268 3442 2442 3497 libros
2473 3440 2753 3512 quosdam
2783 3440 3049 3493 adversus
3080 3439 3415 3493 Manichaeos
3448 3437 3685 3492 evolvis-

1988 3537 2092 3599 set,
2120 3533 2180 3586 in
2229 3531 2360 3597 illis,
2414 3535 2474 3584 ut
2511 3530 2739 3596 fatetur,
2791 3533 3073 3582 oratorem
3122 3527 3377 3581 numeris
3420 3526 3685 3580 omnibus

1988 3621 2334 3685 absolutum,
2366 3635 2430 3673 ac
2459 3634 2606 3689 pene
2635 3617 2808 3672 totius
2838 3615 3176 3688 eloquentiae
3208 3617 3380 3670 deum
3423 3614 3684 3670 animad-

1987 3709 2156 3762 vertit
2182 3725 2194 3762 :
2225 3713 2282 3762 at
2311 3723 2443 3760 vero
2475 3723 2607 3760 cum
2629 3711 2794 3758 sectas
2828 3721 2944 3758 suae
2979 3720 3201 3757 errores
3231 3719 3402 3773 quam
3446 3719 3688 3773 persua-

1989 3796 2240 3850 sissimos
2313 3794 2568 3859 haberet,
2626 3793 2926 3846 veritatem
2981 3791 3062 3846 ibi
3085 3790 3509 3860 deprehendere
3542 3806 3686 3844 nun-

1989 3899 2160 3954 quam
2194 3881 2382 3953 potuit
2409 3879 2732 3949 (Secundini
2755 3881 2959 3946 Epist.,
2991 3893 3048 3931 η.
3080 3877 3154 3943 3).
3189 3876 3548 3947 Quapropter
3573 3875 3682 3931 sibi

1986 3969 2285 4042 proposuit
2304 3969 2363 4023 in
2394 3985 2516 4022 eam
2551 3982 2672 4020 rem
2689 3965 3037 4036 Augustino,
3059 3963 3151 4018 cui
3178 3979 3249 4018 ne
3281 3964 3350 4018 de
3380 3963 3522 4018 facie
3553 3963 3680 4035 qui-

1987 4057 2119 4111 dem
2150 4061 2318 4111 notus
2349 4059 2490 4124 erat,
2521 4059 2794 4126 tanquam
2824 4054 3006 4107 amico
3057 4051 3303 4107 scribere
3329 4069 3342 4106 :
3377 4052 3456 4108 ita
3487 4057 3684 4108 tamen

1986 4145 2378 4200 uturbanitati
2408 4160 2526 4198 suae
2555 4159 2618 4197 ac
2660 4142 2850 4197 verbis
2893 4141 3157 4196 ofﬁciosis
3207 4141 3451 4197 subinde
3488 4157 3682 4212 repre-

1984 4234 2286 4290 hensiones
2311 4233 2464 4288 haud
2497 4247 2702 4303 parum
2750 4231 2980 4285 acerbas
3027 4229 3320 4296 insereret,
3372 4230 3684 4301 objurgans

1985 4324 2136 4396 quod
2160 4322 2596 4378 Manichaeorum
2625 4319 2834 4391 placita
2866 4319 3089 4391 scriptis
3135 4320 3252 4374 suis
3283 4319 3678 4374 insectaretur.

1985 4412 2071 4466 Ah
2110 4427 2177 4466 ea
2203 4426 2264 4465 re
2293 4415 2359 4465 ut
2385 4409 2700 4475 desisteret,
2735 4413 2906 4480 atque
2954 4408 3125 4462 etiam
3166 4408 3237 4462 ad
3280 4408 3546 4463 eamdem
3593 4424 3680 4463 se-

1985 4505 2136 4555 ctam
2178 4499 2408 4563 rediret,
2458 4498 2802 4554 admonebat
2847 4499 3113 4565 (Relract.
3165 4498 3258 4552 lib.
3309 4499 3361 4563 2,
3405 4512 3525 4567 cap.
3566 4495 3674 4566 10).

1987 4591 2169 4654 Quam
2197 4589 2270 4643 ob
2291 4604 2519 4642 causam
2549 4591 2604 4642 et
2632 4586 2836 4640 iisdem
2866 4586 2961 4639 ille
3006 4585 3228 4656 placitis
3271 4585 3446 4640 ﬁdem
3495 4584 3678 4639 conci-

1985 4677 2144 4746 liare,
2178 4681 2234 4731 et
2251 4675 2542 4731 catholicae
2572 4674 2845 4730 doctrinas
2866 4675 3286 4739 auctoritatem,
3310 4679 3590 4744 quantum
3619 4673 3682 4728 in

1985 4782 2043 4820 se
2087 4769 2226 4831 erat,
2281 4765 2578 4820 detrahere
2647 4762 3004 4817 moliebatur.
3053 4762 3314 4833 Epistolas
3377 4760 3682 4817 Secundini

1984 4853 2156 4908 aliam
2195 4853 2377 4907 multo
2404 4851 2770 4923 prolixiorem
2815 4850 3065 4905 reddidit
3111 4850 3501 4922 Augustinus:
3550 4867 3681 4922 quae

1982 4943 2045 4999 in
2074 4943 2195 5014 ejus
2225 4941 2384 4996 libris
2409 4940 2614 4995 idcirco
2645 4943 2942 4993 numerata
2986 4943 3090 5004 est,
3125 4938 3260 5010 quia
3305 4939 3508 4994 usitata
3555 4938 3680 5010 epi-

1985 5033 2261 5087 stolarum
2291 5028 2658 5099 inscriptione
2699 5043 2826 5082 eam
2866 5043 2982 5081 non
3012 5031 3447 5098 prmnotaverat,
3497 5027 3596 5082 sed
3626 5026 3681 5081 ei

1983 5126 2207 5177 tantum
2236 5116 2545 5175 Secundini
2573 5117 2808 5183 litteras,
2842 5131 2982 5187 quas
3010 5116 3225 5171 ibidem
3251 5117 3566 5172 etiamnum
3596 5130 3682 5168 re-

1983 5210 2170 5283 perire
2197 5211 2301 5276 est,
2333 5205 2713 5278 praemiserat.
2756 5206 2818 5260 In
2846 5205 2952 5259 hac
3000 5205 3366 5276 responsione
3414 5202 3677 5256 crimina-

1981 5299 2165 5354 tiones
2194 5295 2460 5369 privatim
2487 5294 2592 5349 sibi
2615 5312 2646 5349 a
2675 5293 2994 5350 Secundino
3022 5293 3206 5348 illatas
3226 5291 3421 5363 paucis
3443 5289 3674 5360 quidem

1982 5387 2102 5459 ipse
2157 5385 2342 5441 verbis
2379 5389 2435 5440 et
2481 5401 2610 5440 cum
2655 5399 2878 5438 summa
2919 5383 3212 5437 modestia:
3260 5378 3675 5450 significatione

1981 5476 2201 5547 depulit
2223 5477 2447 5546 (Contra
2482 5473 2734 5540 Sccund.,
2763 5489 2921 5543 capp.
2959 5476 3006 5537 t,
3037 5476 3088 5539 2)
3117 5487 3129 5525 :
3174 5470 3234 5524 in
3275 5467 3516 5524 Ecclesia
3544 5484 3677 5524 vero

1984 5564 2336 5621 defendenda
2365 5562 2591 5634 longior
2609 5565 2665 5618 et
2682 5559 3071 5617 vehementior
3091 5557 3216 5624 fuit,
3247 5574 3308 5612 ac
3341 5556 3676 5617 Manicheo-
