4062 6372
371 239 470 293 347

369 375 496 415 rum
522 357 755 414 haeresis
783 357 1065 431 principia
1083 359 1224 414 adeo
1257 358 1458 415 evertit
1481 357 1894 432 confregitque,
1920 361 1984 412 ut
2011 372 2070 412 se

367 448 547 520 pluris
579 449 761 504 facere
800 449 1137 520 opusculum
1169 447 1344 516 istud,
1371 464 1544 520 quam
1579 448 1732 504 aliud
1765 448 2073 520 quodcum-

373 556 484 610 que
515 537 781 592 adversus
821 538 976 592 illam
1019 541 1238 608 pestem
1287 554 1318 591 a
1366 553 1425 592 se
1467 537 1684 593 editum
1737 536 2074 610 proﬁteatur

372 627 884 697 (Rectractationum
916 627 1008 681 lib.
1041 629 1095 693 2,
1128 641 1248 696 cap.
1288 628 1394 694 l0).

442 719 492 772 6.
522 715 775 771 Asterius
804 715 1202 782 subdiaconus,
1237 715 1329 770 cui
1349 715 1564 770 litteras
1583 715 1655 770 ad
1682 713 2070 786 Augustinum

373 808 566 876 (Epist.
598 809 683 871 68)
707 821 821 859 una
869 821 998 860 cum
1033 805 1280 860 secunda
1325 820 1428 859 sua
1473 805 1740 860 adversus
1795 797 2069 860 Ruﬁnum

371 894 649 966 Apologia
677 893 1046 964 perferendas
1087 894 1469 965 Hieronymus
1500 894 1754 963 dederat,
1793 897 2068 961 extremo,

373 989 436 1039 ut
465 984 698 1056 quidem
728 983 968 1050 videtur,
1003 998 1152 1036 anno
1184 982 1747 1054 quadringentesimo
1793 981 1962 1037 tertio
2010 982 2070 1036 in

373 1071 619 1126 Africam
644 1070 936 1143 pervenit:
967 1086 1031 1124 ac
1061 1086 1175 1124 non
1213 1071 1397 1126 multo
1442 1075 1568 1142 post
1610 1071 1817 1126 ascitus
1865 1074 1950 1125 est
1997 1069 2067 1125 ad

373 1161 757 1233 episcopatum
793 1161 986 1232 (Epist.
1021 1162 1108 1226 82,
1140 1175 1195 1214 n.
1243 1160 1308 1230 1).
1341 1161 1484 1215 Tum
1527 1160 1759 1214 demum
1807 1157 2066 1230 perlectis

375 1249 703 1322 Hieronymi
749 1248 973 1315 litteris,
1007 1249 1127 1320 ejus
1156 1264 1190 1302 a
1234 1265 1292 1302 se
1315 1248 1385 1302 ob
1419 1248 1720 1319 epistolam
1750 1264 1934 1314 suam,
1969 1264 2067 1302 cu-

365 1340 460 1411 jus
489 1338 717 1394 initium
749 1342 851 1405 est,
872 1338 1072 1393 ‘Habeo
1092 1339 1332 1405 gratiam
1371 1336 1567 1409 (Epist.
1620 1337 1733 1410 40),
1783 1337 2068 1392 abaliena-

375 1433 494 1484 tum
521 1427 780 1483 animum
809 1426 1160 1498 Augustinus
1182 1426 1476 1482 intellexit.
1500 1427 1861 1498 Quapropter
1882 1425 2069 1498 prima

373 1518 504 1573 data
534 1517 852 1586 occasione,
883 1533 987 1588 per
1017 1516 1300 1588 quosdam
1321 1533 1385 1571 ex
1415 1516 1636 1582 amicis,
1672 1516 1878 1588 quibus
1919 1531 2068 1570 anno

371 1607 517 1662 forte
557 1605 1120 1678 quadringentesimo
1179 1610 1382 1677 quarto
1440 1604 1500 1659 in
1557 1605 1916 1660 Palaestinam
1967 1603 2075 1659 iter

371 1701 513 1765 erat,
547 1695 763 1750 litteras
789 1694 842 1749 ei
880 1694 1241 1749 demissionis
1284 1709 1348 1748 ac
1393 1693 1805 1748 benevolentiae
1851 1693 2072 1766 plenas,

371 1784 578 1856 quibus
608 1784 862 1854 ejusdem
895 1783 1152 1836 animum
1183 1783 1551 1850 demulceret,
1602 1781 1826 1852 scripsit
1875 1782 2069 1852 (Epist.

367 1872 479 1944 73).
513 1875 576 1927 In
604 1872 692 1927 his
721 1872 789 1927 de
828 1871 1138 1937 simultate,
1173 1886 1287 1941 qua
1318 1870 1699 1940 Hieronymus
1731 1886 1794 1924 ac
1833 1869 2073 1924 Ruﬁnus

275 1987 284 1995 -
370 1961 520 2016 inter
549 1978 606 2016 se
632 1960 1002 2029 dissidebant,
1035 1959 1245 2013 mirum
1276 1959 1337 2012 .in
1365 1959 1600 2013 modum
1639 1958 1912 2030 loquitur.
1947 1959 2070 2014 Non

371 2054 592 2106 tantum
619 2048 725 2104 sibi
755 2052 999 2120 arrogat,
1028 2048 1168 2102 utin
1200 2049 1537 2102 alterutrum
1566 2047 1908 2103 sententiam
1937 2064 2069 2120 pro-

370 2138 634 2193 nuntiet:
666 2142 891 2192 tantum
928 2136 991 2191 in
1020 2135 1318 2209 utriusque
1337 2135 1703 2209 praesentiam
1751 2137 2066 2209 suspirans,

369 2227 617 2282 declarat
646 2226 781 2298 quid
814 2226 981 2292 forte,
1015 2224 1063 2279 si
1090 2225 1212 2280 haec
1250 2223 1358 2280 sibi
1389 2225 1640 2293 daretur,
1684 2230 1878 2296 ageret
1916 2225 2067 2280 dice-

377 2320 550 2384 retve,
579 2333 693 2387 quo
725 2331 822 2370 eos
878 2315 939 2370 in
987 2315 1345 2370 concordiam
1387 2327 1649 2370 revocare
1701 2315 1808 2370 sibi
1851 2315 2064 2370 liceret.

371 2407 510 2470 Quae
548 2408 742 2458 tamen
784 2403 851 2457 ad
883 2419 940 2458 se
985 2402 1046 2457 in
1091 2402 1198 2457 hoc
1241 2406 1645 2474 argumentum
1693 2402 2070 2472 Hieronymus

371 2492 790 2562 transmiserat,
830 2492 1005 2563 legit:
1049 2491 1202 2564 quod
1231 2507 1365 2546 vero
1407 2492 1475 2546 ad
1514 2491 1721 2562 scripta
1771 2490 1965 2546 Ruﬁni
2009 2490 2068 2544 in

373 2582 804 2653 Hieronymum,
837 2580 1096 2653 quamvis
1128 2580 1187 2635 in
1225 2579 1473 2636 Africam
1522 2580 1710 2635 delata
1753 2584 1959 2645 essent,
2011 2595 2069 2634 se

371 2688 687 2744 numquam
721 2687 786 2726 ea
815 2671 1108 2737 evolvisse,
1141 2669 1258 2725 imo
1301 2686 1405 2725 nec
1453 2686 1638 2738 nosse,
1673 2669 1808 2724 satis
1851 2668 2070 2740 liquido

370 2761 670 2832 signiﬁcat.
718 2759 1057 2815 Praesidium
1097 2759 1446 2830 episcopum,
1483 2775 1655 2831 quem
1702 2758 1754 2813 ei
1780 2757 2068 2830 quondam

371 2849 750 2921 Hieronymus
776 2853 1052 2920 tanquam
1073 2847 1348 2920 singulari
1367 2848 1784 2904 necessitudine
1808 2847 1914 2902 sibi
1943 2864 2069 2902 con-

365 2941 630 3012 junctum
658 2939 1089 2994 commendarat
1120 2937 1382 3009 (Hieron.,
1410 2938 1561 3010 apud
1594 2939 1740 3008 Aug.
1772 2940 1952 3008 Epist.
1981 2940 2068 3006 39,

369 3045 427 3084 n.
465 3027 542 3100 1),
574 3029 761 3082 verbis
811 3027 1014 3094 oravit,
1060 3031 1125 3082 ut
1178 3027 1475 3098 epistolam
1530 3045 1691 3082 suam
1740 3027 1934 3097 (Epist.
1978 3025 2068 3097 74)

377 3117 563 3172 eidem
595 3117 940 3188 Hieronymo
968 3115 1333 3171 deferendam
1365 3121 1605 3184 curaret,
1656 3116 1935 3188 illumque
1975 3115 2071 3170 ad-

372 3205 503 3261 ditis
537 3205 661 3259 aliis
687 3205 893 3260 litteris
921 3209 1269 3276 precaretur,
1302 3209 1364 3259 ut
1394 3205 1515 3275 ejus
1543 3204 1930 3260 excusationes
1970 3204 2072 3258 ad-

370 3293 644 3348 mitteret.
678 3293 763 3347 Ad
801 3293 1066 3348 eumdem
1119 3293 1453 3347 Praesidium
1485 3297 1680 3363 postea
1730 3291 2062 3364 Hieronymi

369 3379 672 3451 epistolam
703 3396 834 3435 cum
859 3397 976 3434 sua:
1017 3380 1274 3450 exemplo
1306 3379 1478 3445 misit,
1510 3382 1574 3434 ut
1603 3396 1714 3450 qua
1740 3381 1956 3434 ratione
1997 3380 2067 3434 ad

369 3471 629 3522 sanctum
658 3466 824 3521 illum
851 3467 1251 3540 presbyterum
1280 3467 1525 3522 scribere
1571 3467 1822 3535 deberet,
1852 3466 2075 3522 facilius

1574 235 1747 293 VITA
1799 235 1855 292 S.
1897 231 2282 292 AUGUSTINI
2339 235 2678 293 EPISCOPI.

3779 239 3896 294 348

2184 361 2407 414 nosset:
2440 358 2592 414 hunc
2619 357 2795 414 etiam
2823 357 2991 414 simul
3020 357 3352 421 obsecravit,
3386 361 3450 413 ut
3483 357 3530 412 si
3585 359 3725 430 quid
3775 359 3894 414 mi-

2183 462 2291 500 nus
2315 447 2581 518 probaret
2609 448 2668 502 in
2708 464 2809 503 sua
2839 448 2908 503 ad
2949 447 3361 518 Hieronymum
3402 447 3642 518 epistola
3681 450 3891 520 (Epist.

2181 535 2295 605 '73),
2325 535 2380 591 id
2411 537 2538 604 sibi,
2574 554 2688 608 quo
2710 541 2899 609 posset
2928 537 3254 607 emendare,
3287 536 3652 608 signiﬁcaret.

2251 628 2304 679 7.
2338 625 2645 696 Augustini
2676 626 2996 697 epistolam,
3029 627 3190 697 cujus
3221 627 3521 681 exordium
3561 630 3642 681 est
3672 630 3892 696 Quam-

2180 713 2264 767 uis
2311 716 2612 769 existimem
2671 714 2873 785 (Ibid.),
2935 715 3181 769 necdum
3253 719 3547 786 acceperat
3599 716 3892 789 Hierony-

2181 817 2330 873 mus,
2361 819 2490 858 cum
2522 820 2552 859 e
2583 803 2697 858 suis
2728 803 2884 858 illam
2917 820 3045 876 quae
3070 803 3288 875 incipit,
3326 807 3451 858 Tres
3489 806 3652 859 simul
3681 807 3890 875 episto-

2181 895 2261 948 las
2293 893 2481 963 (Apud
2507 893 2768 961 August,
2799 895 2975 964 Epist.
3000 897 3110 958 75),
3145 893 3214 948 ad
3243 909 3398 962 eum,
3420 893 3540 964 jam
3581 894 3885 949 exturbato

2177 997 2207 1035 e
2235 981 2366 1036 sede
2397 982 2820 1053 Chrysostomo,
2853 985 2909 1036 et
2938 981 3180 1052 proinde
3209 981 3472 1051 subanni
3491 982 3884 1054 quadringen-

2176 1069 2364 1125 tesimi
2406 1070 2594 1143 quarti
2622 1070 2819 1141 ﬁnem,
2852 1070 3102 1142 scripsit.
3148 1072 3213 1126 In
3261 1087 3326 1125 ea
3377 1071 3543 1125 variis
3574 1071 3887 1143 Augustini

2179 1159 2593 1232 quaestionibus
2620 1159 2994 1231 respondere,
3027 1175 3254 1214 necnon
3299 1159 3361 1214 in
3390 1159 3590 1232 primis
3639 1161 3762 1232 ejus
3813 1161 3886 1217 de

2179 1248 2466 1304 mendatio
2500 1248 2771 1316 ofﬁcioso,
2806 1249 2991 1320 deque
3023 1247 3174 1303 Petri
3203 1263 3268 1303 ac
3303 1247 3466 1303 Pauli
3495 1249 3887 1305 controversia

2182 1337 2416 1409 objectis
2448 1337 2769 1393 satisfacere
2800 1337 3020 1392 nititur.
3052 1336 3166 1408 Ipsi
3207 1340 3334 1408 post
3370 1337 3492 1391 haec
3539 1337 3763 1393 reddita
3795 1343 3883 1394 est

2181 1443 2354 1499 supra
2382 1430 2698 1482 memorata
2727 1425 3031 1498 Augustini
3060 1425 3297 1496 epistola
3333 1425 3530 1496 (Epist.
3579 1426 3691 1497 '73),
3745 1443 3877 1499 quae

2181 1516 2378 1587 procul
2409 1515 2580 1571 dubio
2613 1520 2954 1569 commotam
2975 1514 3095 1586 ejus
3114 1518 3366 1569 mentem
3398 1513 3650 1569 sedavit:
3675 1531 3884 1587 quam-

2182 1600 2266 1655 vis
2291 1601 2397 1655 hac
2423 1599 2509 1654 illi
2538 1599 2828 1654 occasione
2853 1599 3280 1654 rescribendum
3300 1615 3415 1653 non
3435 1601 3740 1670 putaverit.
3773 1600 3886 1655 Sed

2183 1689 2571 1761 responsionis
2595 1690 2738 1757 loco,
2760 1705 2888 1743 cum
2921 1688 3143 1744 Firmus
3174 1688 3350 1743 sancti
3379 1688 3645 1743 Prtesulis
3688 1705 3886 1744 neces-

2186 1780 2366 1834 sarius
2396 1795 2464 1833 ex
2495 1777 2683 1833 Africa
2710 1778 2828 1832 sine
2859 1777 2990 1832 ullis
3021 1777 3298 1846 ejusdem,
3331 1777 3428 1848 qui
3458 1776 3670 1832 scilicet
3714 1778 3890 1832 amici

2188 1867 2595 1942 profectionem
2622 1867 3003 1939 ignoraverat,
3048 1867 3252 1921 litteris
3295 1866 3355 1920 in
3402 1866 3750 1922 Palestinam
3789 1884 3888 1922 ve-

2181 1957 2378 2026 nisset,
2411 1957 2542 2012 huic
2570 1956 2832 2013 redeunti
2863 1955 3159 2027 epistolam
3189 1955 3380 2026 (Apud
3409 1959 3672 2026 August.,
3700 1959 3885 2026 Epist.

2177 2047 2265 2119 81)
2297 2047 2366 2101 ad
2393 2045 2778 2117 Augustinum
2804 2043 3012 2099 amoris
3041 2043 3572 2116 benevolentiaeque
3612 2045 3888 2100 suavissi-

2180 2153 2272 2191 ma
2300 2135 2627 2190 testimonia
2656 2134 3056 2206 praeferentem
3097 2133 3293 2201 dedit;
3326 2133 3383 2188 in
3417 2150 3533 2206 qua
3577 2133 3883 2206 epistolam

2178 2241 2339 2280 suam
2371 2225 2440 2280 ad
2487 2223 2676 2296 ipsum
2716 2223 2977 2278 ultimam
3021 2221 3224 2294 (Epist.
3284 2223 3372 2292 75)
3420 2223 3746 2292 excusabat,
3794 2227 3886 2278 at-

2178 2328 2288 2385 que
2317 2313 2378 2367 in
2405 2316 2700 2383 posterum
2730 2311 2800 2366 ab
2829 2309 3109 2381 ejusmodi
3141 2310 3550 2381 qumstionibus
3596 2311 3886 2366 abstinere

2179 2418 2236 2457 se
2266 2400 2750 2456 velletestabatur.
2775 2398 3043 2470 Alypium
3074 2415 3300 2471 quoque
3326 2399 3406 2453 ibi
3435 2399 3735 2454 salutabat.
3771 2402 3885 2454 Hoc

2176 2494 2368 2544 tamen
2398 2488 2784 2560 Augustinum
2802 2505 2918 2542 non
2933 2487 3231 2560 prohibuit
3252 2488 3558 2559 quominus
3580 2505 3685 2558 per
3715 2505 3885 2560 quos-

2176 2580 2360 2635 dame
2391 2578 2506 2632 suis
2553 2577 2950 2647 familiaribus,
3002 2578 3284 2648 prolixam
3329 2577 3634 2648 epistolam
3680 2583 3883 2650 postea

2180 2669 2525 2740 Hieronymo
2551 2667 2820 2721 scriberet
2846 2667 3051 2736 (Epist.
3077 2670 3186 2735 82),
3230 2666 3290 2720 in
3317 2683 3429 2738 qua
3456 2667 3581 2721 fuse
3599 2667 3666 2722 de
3683 2668 3885 2723 eadem

2182 2755 2333 2812 Petri
2362 2760 2418 2811 et
2447 2755 2608 2811 Pauli
2649 2755 3008 2810 contentione
3054 2755 3337 2826 disputat;
3388 2771 3743 2827 magnopere
3786 2773 3880 2810 ca-

2178 2861 2334 2907 vens,
2364 2845 2517 2900 salva
2547 2848 2740 2899 tamen
2763 2859 2868 2916 pro
2896 2860 3009 2916 qua
3038 2845 3290 2899 certabat
3318 2844 3574 2912 veritate,
3636 2862 3709 2899 ne
3743 2845 3879 2900 Hie-

2177 2935 2405 3008 ronymi
2435 2936 2692 2990 animum
2724 2939 3081 3007 exasperaret
3104 2953 3117 2991 :
3141 2936 3425 3008 simulque
3454 2936 3528 2991 ad
3557 2953 3689 2991 eum
3721 2954 3884 2992 suam

2179 3025 2240 3080 in
2272 3027 2538 3080 Faustum
2568 3024 3055 3080 elucubrationem
3073 3024 3252 3080 misit.
3292 3027 3474 3097 Atque
3495 3025 3650 3080 hunc
3680 3026 3882 3081 habuit

2179 3114 2354 3168 ﬁnem
2376 3112 2612 3168 celebris
2642 3113 2740 3167 illa
2770 3113 3080 3184 disputatio
3109 3113 3413 3185 Augustini
3442 3131 3570 3168 cum
3603 3114 3880 3186 Hierony-

2179 3218 2310 3257 mo:
2345 3202 2444 3274 qui
2483 3200 2718 3272 quidem
2775 3205 2830 3256 et
2886 3201 3007 3272 ipse
3062 3201 3122 3256 in
3174 3201 3478 3273 Augustini
3537 3203 3884 3258 sententiam

2181 3291 2456 3360 discessit,
2483 3307 2613 3345 cum
2642 3291 2908 3346 adversus
2937 3290 3272 3362 Pelagianos
3310 3308 3460 3347 anno
3491 3292 3882 3364 quadringen-

2181 3381 2383 3436 tesimo
2413 3380 2631 3437 decimo
2660 3381 2862 3453 quinto
2887 3380 3273 3436 dimicandum
3294 3381 3427 3438 fuit.

1485 3734 2001 3858 LIBER
2101 3733 2769 3859 SEXTUS.

463 3919 523 3968 ln
554 3935 654 3984 quo
679 3927 959 3972 narrantur
981 3935 1098 3986 quae
1126 3920 1450 3986 Augustinus
1479 3919 1643 3986 gessit
1671 3935 1702 3968 a
1726 3918 1860 3969 datis
1887 3934 2023 3969 anno
2053 3918 2567 3984 quadringentesimo
2592 3918 2771 3982 quinto
2801 3918 2949 3967 novis
2973 3916 3176 3982 legibus
3204 3917 3256 3966 in
3283 3916 3599 3979 Donatistas,
3629 3932 3792 3982 usque

1278 4001 1344 4050 ad
1374 3999 1718 4050 Collationem
1749 4015 1864 4049 cum
1894 3999 2082 4049 iisdem
2113 3999 2459 4049 schismaticis
2488 3997 2975 4062 Carthaginensem.

948 4185 1170 4240 CAPUT
1207 4185 1503 4242 PRIMUM.

439 4272 634 4328 Severa
663 4272 748 4327 lea:
777 4272 845 4326 ab
870 4274 1105 4327 Honorio
1135 4274 1251 4328 lata
1283 4280 1466 4329 contra
1504 4274 1836 4329 Donatistas.
1867 4274 1900 4327 2
1927 4273 2070 4328 Aliae

439 4363 495 4414 in
525 4360 730 4415 eosdem
777 4362 934 4429 leges.
969 4365 998 4417 3
1024 4363 1327 4431 Augustini
1381 4362 1455 4418 ad
1507 4364 1799 4419 Paulinum
1856 4363 2066 4418 litterae.

437 4450 470 4504 4
497 4452 753 4504 Fructum
783 4466 946 4518 quam
977 4453 1275 4506 maximum
1303 4469 1370 4507 eae
1403 4453 1633 4509 Honorii
1669 4452 1872 4519 legibus
1923 4455 2071 4522 capit

438 4537 696 4591 Ecclesia.
721 4540 750 4592 5
773 4539 1066 4594 Concilium
1085 4540 1415 4610 Carthagine
1438 4544 1565 4611 post
1592 4542 1811 4596 restitui
1843 4545 2069 4612 emptam

440 4625 521 4680 ibi
550 4629 812 4682 unitatem
841 4627 1156 4683 celebratur.

442 4717 488 4768 l.
524 4713 772 4786 Digressi
817 4733 1131 4788 parumper
1177 4733 1211 4771 a
1239 4733 1408 4773 causa
1453 4717 1900 4790 Donatistarum,
1946 4718 2067 4791 jam

367 4818 520 4858 nunc
547 4802 672 4874 ipso
700 4805 970 4860 narrandi
998 4805 1197 4861 ordine
1241 4806 1313 4862 ad
1353 4822 1480 4863 eam
1529 4823 1880 4864 revocamur.
1927 4809 2069 4865 Cum

365 4890 437 4945 ad
461 4891 792 4948 comitatum
822 4893 1182 4950 devenissent
1234 4895 1483 4968 episcopi
1534 4897 1731 4970 legati,
1773 4897 1981 4970 quibus
2038 4914 2071 4951 a

367 4979 799 5052 Carthaginensi
817 4983 1058 5040 concilio
1074 4987 1471 5042 commendata
1487 4991 1626 5055 erat,
1646 4987 1790 5042 nihil
1811 4990 1934 5042 tum
1955 4987 2071 5041 illic

365 5085 401 5125 a
435 5070 898 5142 sefprzestandum
921 5089 1041 5128 esse
1069 5080 1470 5148 compererunt
1495 5075 1693 5147 (Epist.
1733 5080 1852 5144 185,
1871 5092 1927 5131 n.
1953 5078 2066 5148 26).

365 5158 590 5214 Etenim
619 5159 709 5215 lex
729 5160 999 5217 adversus
1027 5163 1230 5218 Donati
1248 5164 1552 5220 factionem
1563 5165 1684 5236 jam
1710 5169 1839 5220 ante
1870 5181 2069 5221 eorum

366 5247 674 5304 adventum
702 5250 835 5318 lata,
869 5252 1348 5326 promulgataque
1377 5253 1583 5310 fuerat.
1617 5253 1740 5308 Toti
1771 5270 1866 5308 eos
1895 5253 2072 5310 homi-

367 5353 509 5392 num
525 5339 795 5410 querelas,
812 5339 912 5412 qui
932 5341 1080 5396 male
1099 5342 1356 5398 mulctati
1372 5343 1607 5398 domum
1628 5341 1813 5397 redire
1834 5359 1948 5398 non
1971 5360 2070 5398 au-

367 5425 596 5498 debant,
635 5445 700 5483 ac
728 5427 790 5483 in
818 5427 1022 5500 primis
1050 5431 1380 5502 Bagaiensis
1397 5430 1651 5503 episcopi
1674 5431 1977 5488 horrendw
2007 5449 2071 5487 ac

367 5516 777 5574 recentissimae
809 5517 1524 5592 cicatriceslmperatorem
1545 5525 1987 5578 commoverant.
2009 5523 2074 5578 Et

2185 4187 2339 4258 quia,
2362 4192 2425 4242 ut
2454 4185 2706 4258 loquitur
2719 4185 3093 4257 Augustinus,
3115 4184 3652 4242 Circumcellionum
3674 4187 3885 4244 nobilis

2182 4276 2342 4332 furor
2366 4276 2718 4331 horrendum
2737 4275 2998 4346 praebens
3028 4274 3145 4329 suis
3173 4274 3390 4330 clericis
3419 4275 3769 4344 satellitium,
3797 4293 3886 4332 us-

2185 4379 2526 4436 quequaque
2558 4363 2909 4420 odiosissime
2922 4364 3268 4432 innotuerat,
3283 4363 3485 4436 ingens
3497 4364 3557 4419 in
3572 4365 3884 4421 Donstistas

2184 4453 2631 4524 conﬂagraverat
2659 4452 2910 4508 invidia:
2944 4457 3114 4524 atque
3145 4452 3273 4507 inde
3310 4453 3524 4508 factum
3567 4457 3706 4523 erat,
3738 4459 3805 4509 ut
3828 4458 3885 4510 et

2183 4541 2491 4613 praeteritas
2530 4558 2730 4597 omnes
2775 4546 2971 4598 contra
3021 4557 3116 4597 eos
3165 4542 3317 4613 leges
3372 4542 3776 4612 excitarentur,
3829 4548 3888 4598 et

2184 4631 2566 4687 conderentur
2593 4648 2756 4686 novze
2781 4631 3001 4703 (Contra
3029 4632 3294 4698 Crescon.,
3319 4631 3411 4686 lib.
3441 4634 3492 4697 3,
3510 4647 3566 4686 η.
3599 4632 3709 4704 47).
3740 4632 3884 4687 Nam

2184 4723 2503 4792 Imperator
2523 4720 2835 4793 religiosus
2852 4720 3067 4792 etpius,
3084 4719 3316 4792 perlatis
3343 4720 3404 4776 in
3430 4719 3692 4776 notitiam
3721 4738 3886 4775 suam

2183 4809 2392 4866 talibus
2429 4809 2632 4879 causis,
2665 4809 2868 4865 maluit
2900 4809 3140 4882 piisimis
3181 4809 3403 4881 legibus
3443 4809 3753 4881 impietatis
3794 4825 3885 4864 er-

2184 4915 2374 4954 rorem
2399 4899 2629 4955 omnino
2659 4899 2964 4972 corrigere,
2995 4903 3052 4954 et
3078 4915 3174 4953 eos
3221 4898 3320 4970 qui
3353 4902 3548 4954 contra
3596 4897 3885 4954 Christum

2186 4988 2392 5048 Christi
2421 4988 2584 5061 signa
2617 4993 2930 5062 portarent,
2967 4988 3038 5044 ad
3078 4988 3352 5044 unitatem
3391 4987 3731 5043 catholicam
3775 4991 3888 5042 ter-

2186 5078 2362 5133 rendo
2386 5081 2443 5132 et
2471 5077 2781 5133 coercendo
2811 5077 3094 5149 redigere,
3127 5093 3301 5149 quam
3330 5076 3602 5132 saeviendi
3631 5080 3888 5131 tantum—

2186 5168 2357 5222 modo
2389 5167 2611 5222 auferre
2628 5167 2940 5237 licentiam,
2975 5171 3031 5222 et
3059 5166 3287 5222 errandi
3317 5182 3382 5220 ac
3409 5165 3689 5236 pereundi
3719 5166 3887 5220 relin-

2186 5270 2382 5325 quere.
2408 5257 2552 5326 Ergo
2582 5256 2671 5310 lex
2683 5244 3050 5327 promulgata
3067 5255 3195 5323 fuit,
3225 5258 3292 5310 ut
3309 5260 3483 5310 tanta:
3512 5254 3887 5310 immanitatis

2187 5343 2420 5398 heresis
2449 5344 2894 5415 Donatistarum,
2918 5345 3010 5400 cui
3040 5344 3324 5400 crudelius
3351 5343 3529 5416 {parci
3565 5344 3884 5412 videbatur,

2187 5449 2362 5505 quam
2390 5433 2514 5504 ipsa
2543 5433 2829 5502 saeviebat,
2885 5451 3000 5489 non
3037 5438 3260 5490 tantum
3303 5433 3554 5490 violenta
3589 5451 3735 5503 esse,
3783 5433 3882 5489 sed

2188 5521 2424 5577 omnino
2457 5539 2580 5579 esse
2608 5539 2724 5579 non
2754 5523 3036 5582 sineretur
3064 5523 3335 5596 impune:
3370 5540 3487 5580 non
3513 5527 3707 5580 tamen
3750 5541 3886 5596 sup-
