4062 6346
107 302 219 356 340

105 424 285 496 plicio
309 423 560 496 capitali,
575 429 809 498 propter
829 427 1164 483 servandam
1185 425 1358 482 etiam
1379 427 1525 482 circa
1547 426 1812 498 indignos

106 515 618 569 mansuetudinem
659 515 1042 580 Christianam,
1075 517 1172 571 sed
1211 517 1552 587 pecuniariis
1592 514 1814 571 damnis

106 603 446 674 propositis,
489 607 544 657 et
572 605 629 658 in
661 605 953 676 episcopos
981 606 1069 660 vel
1108 605 1394 660 ministros
1432 622 1630 660 eorum
1671 603 1811 660 exsi-

106 694 184 746 lio
235 693 572 748 constituto.
625 694 906 748 Habemus
953 680 1132 764 igitur
1171 695 1418 749 edictum
1447 696 1518 749 ab
1562 693 1812 749 Honorio

103 783 312 836 datum
343 799 492 836 anno
525 783 1090 854 quadringentesimo
1131 784 1330 855 quinto
1359 785 1540 856 pridie
1568 784 1694 838 idus
1724 783 1810 837 fe-

105 869 356 938 bruarii,
414 887 526 942 quo
584 872 818 942 quidem
871 872 1122 928 declarat
1168 875 1504 944 Imperator,
1556 873 1705 928 nolle
1754 889 1812 926 se

106 975 316 1013 eorum
346 959 446 1030 qui
472 960 826 1030 Baptismuin
856 961 1156 1030 iterabant,
1188 979 1406 1017 errores
1435 961 1648 1017 diutius
1682 963 1814 1016 tole-

107 1063 260 1114 rare,
292 1053 393 1102 aut
420 1065 627 1103 nomen
663 1050 1083 1106 Donatistarum
1114 1051 1360 1122 amplius
1389 1051 1584 1106 audire
1611 1067 1624 1105 :
1652 1051 1814 1121 jubet

115 1152 274 1202 vero,
306 1140 372 1190 ut
403 1153 597 1191 omnes
619 1138 950 1193 catholicam
981 1140 1257 1195 unitatem
1287 1144 1614 1212 sequantur.
1638 1141 1813 1212 Siqui

113 1224 317 1279 illicita
347 1231 677 1297 perpetrare
704 1232 966 1298 pergant,
998 1245 1061 1282 ex
1102 1234 1299 1284 tenore
1331 1229 1705 1300 superiorum-
1731 1230 1814 1284 1e-

109 1330 272 1384 gum,
298 1331 521 1369 necnon
546 1315 700 1369 illius
720 1333 847 1388 quin
881 1334 995 1372 non
1018 1317 1239 1389 pridem
1261 1317 1518 1389 (forsitan
1547 1319 1811 1373 adversus

107 1402 465 1475 Crispinum)
498 1405 803 1460 constituta
823 1407 1025 1474 fuerat,
1049 1423 1244 1477 pcenas
1270 1407 1429 1461 luant
1458 1424 1470 1462 :
1496 1407 1596 1478 qui
1620 1411 1813 1462 autem

106 1491 414 1546 seditiosos
444 1499 757 1549 conventus
787 1495 936 1550 coire
979 1496 1467 1567 prtesumpserint,
1507 1496 1693 1551 acrius
1723 1513 1810 1552 se-

106 1577 420 1650 veriusque
449 1587 837 1639 coerceantur.
875 1586 938 1638 Et
974 1584 1096 1638 haec
1126 1584 1360 1639 omnino
1399 1589 1552 1651 sunt,
1586 1601 1713 1656 quae
1743 1601 1809 1638 ex

105 1665 203 1719 illo
234 1666 424 1720 edicto
455 1667 626 1722 scisso
674 1685 828 1724 nunc
858 1669 916 1724 in
965 1671 1124 1738 duas,
1155 1677 1218 1726 ut
1264 1671 1592 1739 minimum,
1622 1676 1811 1743 partes

105 1753 364 1824 reperire
388 1759 474 1810 est
501 1755 561 1809 in
591 1756 804 1827 duplici
824 1758 1044 1813 Codicis
1067 1759 1208 1813 loco.
1236 1760 1378 1813 Nam
1396 1761 1518 1830 ejus
1544 1777 1659 1815 una
1680 1777 1810 1832 pars

105 1845 189 1893 est
217 1840 392 1910 tituli,
434 1844 514 1899 Ne
541 1849 784 1899 sanctum
816 1848 1098 1916 Baptisma
1152 1849 1393 1915 iteretur,
1449 1849 1574 1920 lege
1615 1850 1810 1918 tertia;

106 1927 304 1995 altera,
341 1929 518 1998 tituli,
550 1935 624 1986 De
653 1933 934 1999 Iwreticis,
967 1934 1089 2003 lege
1119 1933 1413 2004 trigesima
1442 1942 1656 1991 octava.
1693 1937 1812 1991 Exi-

107 2014 301 2069 stimat
331 2032 454 2070 non
482 2034 650 2072 nemo
693 2019 774 2089 (In
806 2021 931 2076 Cod.
979 2022 1195 2088 Theod.,
1239 2028 1363 2077 tom.
1398 2027 1450 2090 6,
1488 2041 1546 2094 ρ.
1584 2027 1698 2092 196)
1741 2024 1809 2078 ad

109 2106 212 2159 hoc
249 2105 448 2176 ipsum
499 2108 748 2162 edictum
790 2109 991 2164 referri
1035 2111 1260 2178 debere,
1296 2130 1437 2183 quas
1481 2114 1550 2167 ad
1594 2130 1808 2168 annum

107 2194 334 2248 circiter
365 2195 1002 2268 quadringentesimum
1043 2216 1260 2254 nonum
1289 2201 1424 2254 citat
1459 2202 1810 2271 Augustinus

108 2301 175 2337 ex
205 2284 462 2355 quadam
493 2285 618 2356 lege
648 2287 1062 2356 pulcherrimas
1103 2287 1228 2342 illas
1263 2305 1426 2343 voces
1463 2308 1479 2342 :
1512 2292 1652 2344 Nam
1676 2293 1725 2344 si
1752 2293 1809 2344 in

108 2388 201 2437 eis,
237 2375 337 2442 qui
364 2376 546 2443 primo
576 2377 790 2429 initiati
816 2380 960 2442 sunt,
992 2377 1194 2431 idcirco
1237 2378 1426 2445 religio
1455 2381 1810 2448 Baptismatis

102 2462 394 2530 judicatur
425 2465 662 2531 inﬁrma,
696 2465 840 2534 quod
860 2467 904 2518 ii
921 2482 954 2518 a
975 2466 1170 2534 quibus
1199 2469 1485 2536 accipitur,
1509 2472 1809 2536 peccatores

109 2555 384 2618 putentur,
423 2554 576 2606 toties
598 2555 850 2607 renovari
867 2570 1070 2609 necesse
1091 2558 1194 2609 erit
1215 2555 1478 2609 traditum
1497 2572 1810 2611 sacramen—

112 2643 242 2704 tum,
267 2641 480 2708 quoties
512 2640 771 2709 indignus
794 2644 962 2708 fuerit
983 2645 1228 2698 inventus
1255 2645 1436 2698 collati
1454 2647 1807 2714 Baptismatis

107 2727 531 2784 administrator
565 2743 576 2782 :
609 2734 658 2784 et
681 2730 816 2800 ﬁdes
845 2736 1031 2785 nostra
1058 2747 1164 2786 non
1193 2748 1258 2785 ea:
1285 2737 1484 2787 nostrae
1514 2735 1808 2788 voluntatis

109 2816 362 2882 arbitrio,
400 2833 570 2886 neque
598 2835 664 2872 ea:
694 2820 870 2874 divini
895 2822 1128 2874 muneris
1158 2823 1360 2887 gratia,
1393 2821 1486 2874 sed
1508 2837 1574 2874 ea:
1601 2825 1809 2878 meritis

107 2903 450 2959 sacerdotum
479 2910 527 2959 et
555 2907 865 2961 clericorum
895 2909 1160 2976 qualitate
1181 2907 1450 2978 pendebit.
1476 2909 1607 2962 Post
1635 2924 1808 2978 quam

111 2992 484 3061 Imperatoris
513 2981 851 3050 sententiam
891 2996 970 3050 ita
1007 3001 1231 3050 sanctus
1268 2996 1481 3050 Praesul
1517 3012 1530 3049 :
1561 2999 1805 3064 Faciant,

113 3077 318 3149 inquit,
351 3083 500 3135 mille
528 3084 755 3136 concilia
786 3085 1021 3154 episcopi
1043 3087 1230 3151 vestri,
1265 3085 1388 3139 huic
1418 3087 1514 3138 uni
1540 3088 1809 3140 sententiae

111 3169 501 3236 respondeant,-
529 3174 579 3224 ct
617 3170 690 3224 ad
738 3172 880 3239 quod
920 3173 1217 3239 volueritis,
1263 3177 1616 3230 consentimus
1660 3175 1807 3229 vobis

112 3253 321 3323 (Epist.
369 3259 488 3322 105,
522 3273 577 3310 η.
616 3261 718 3320 l2).
754 3257 1010 3313 Edictum
1036 3259 1143 3313 hoc
1162 3261 1423 3315 nonnulli
1450 3262 1678 3317 Unionis
1709 3279 1810 3316 seu

114 3343 454 3400 Henoticum
485 3347 777 3417 appellant
807 3363 819 3401 :
855 3349 1007 3419 quod
1039 3348 1193 3403 idem
1223 3367 1256 3404 a
1293 3350 1530 3405 concilio
1570 3353 1807 3406 Cartha-

115 3431 338 3500 ginensi
383 3434 519 3488 anni
561 3434 1111 3507 quadringentesimi
1155 3439 1383 3508 septimi
1429 3441 1518 3494 lex
1567 3440 1808 3495 Unitatis

115 3520 342 3578 dicitur.
379 3524 562 3593 Atque
592 3525 734 3580 adeo
766 3525 1050 3580 Honorius
1069 3527 1191 3597 ipse
1223 3528 1473 3583 edictum
1501 3529 1568 3583 de
1592 3529 1807 3583 unitate

115 3613 396 3665 testatura
429 3628 486 3666 se
518 3612 755 3668 missum
777 3614 835 3668 in
856 3615 1124 3683 Africam,
1151 3620 1214 3671 ut
1230 3617 1497 3672 omnibus
1519 3615 1806 3688 signiﬁca-

114 3703 196 3753 ret
227 3716 403 3755 unam
435 3705 492 3756 et
521 3719 708 3758 veram
736 3704 906 3758 ﬁdem
937 3706 1272 3760 catholicam
1301 3721 1421 3760 esse
1451 3705 1808 3761 retinendam

115 3785 260 3855 (Cod.
299 3791 522 3858 Theod.,
553 3792 618 3846 de
643 3794 838 3860 Rclig.,
873 3794 982 3862 lege
1004 3794 1080 3864 εὶ).

182 3881 234 3932 2.
270 3879 484 3933 Eodem
517 3880 629 3947 die,
659 3880 921 3936 videlicet
945 3881 1129 3952 pridie
1160 3881 1287 3937 idus
1325 3881 1657 3948 februarias,
1691 3882 1806 3935 Ho-

111 3965 306 4019 norius
333 3966 586 4020 Adriano
612 3968 866 4036 praetorii
897 3969 1166 4040 priefecto
1188 3970 1374 4039 legem
1396 3969 1570 4036 misit,
1595 3984 1708 4039 qua
1739 3969 1807 4024 de

111 4053 361 4107 tollenda
391 4052 651 4108 funditus
675 4057 1098 4111 Donatistarum
1124 4058 1328 4112 haeresi
1356 4057 1508 4128 apud
1530 4073 1587 4110 se
1607 4057 1810 4111 consti-

113 4145 303 4196 tutum
335 4159 459 4197 esse
491 4142 742 4198 afﬁrmat
773 4160 785 4198 :
824 4144 995 4216 idque
1033 4144 1282 4199 maxime
1317 4146 1387 4200 ob
1423 4145 1664 4200 iterandi
1697 4147 1806 4200 Ba-

112 4229 395 4296 ptismatis
425 4230 812 4302 sacrilegium,
835 4233 903 4288 ad
933 4233 1084 4304 quod
1107 4233 1394 4304 mancipia
1413 4233 1668 4304 aliosque
1698 4233 1806 4288 sibi

112 4319 362 4373 subditos
394 4319 447 4373 vi
467 4321 885 4391 compellebant
915 4322 1112 4392 (Ibid.,
1144 4323 1222 4378 Ne
1248 4327 1492 4377 sanctum
1521 4325 1681 4391 Bapt.
1715 4325 1808 4377 ite-

113 4411 276 4474 retur,
301 4409 414 4475 lege
442 4410 475 4464 4
495 4416 545 4464 et
566 4411 674 4475 lege
695 4410 769 4480 ὅ).
803 4411 961 4474 Quod
983 4410 1215 4482 quidem
1236 4413 1303 4466 ad
1327 4410 1572 4482 Crispini
1592 4411 1808 4464 facinus

114 4495 403 4566 praecipuo
432 4497 681 4568 quodam
721 4499 890 4552 modo
920 4503 1171 4570 spectare
1210 4499 1517 4570 judicatur.
1552 4499 1602 4552 Is
1632 4497 1808 4570 igitur

115 4579 364 4651 decernit
395 4583 541 4651 illos,
570 4585 670 4656 qui
698 4585 767 4640 ab
794 4586 1029 4656 hujusce
1059 4586 1200 4656 legis
1224 4587 1685 4657 promulgatione
1709 4587 1807 4640 Ba-

115 4669 389 4738 ptismum
419 4675 662 4730 secundo
693 4675 996 4730 contulisse
1022 4675 1542 4746 deprehendcntur,
1565 4675 1808 4730 fortunis

117 4757 228 4811 suis
273 4762 540 4818 omnibus
587 4763 850 4835 spoliari;
883 4780 1013 4836 qua:
1043 4768 1236 4818 tamen
1279 4780 1476 4818 eorum
1514 4763 1726 4832 liberis,
1760 4763 1808 4818 si

117 4848 389 4905 redierint
435 4852 507 4906 ad
554 4851 876 4920 Ecclesiam,
928 4852 1366 4908 restituerentur
1414 4869 1427 4907 :
1478 4852 1713 4923 prmdia,
1747 4852 1807 4908 in

118 4937 319 5006 quibus
343 4941 733 5009 convenerint,
753 4942 800 4997 si
815 4943 1025 4998 factum
1047 4942 1117 4997 sit
1137 4941 1372 4996 consciis
1388 4941 1658 5013 dominis,
1673 4943 1806 4998 fisco

118 5025 328 5095 addici;
359 5028 406 5082 si
435 5045 614 5090 secus,
645 5047 740 5084 eos
771 5049 805 5086 a
834 5032 1042 5102 quibus
1070 5031 1393 5086 istiusmodi
1417 5036 1592 5086 cretus
1629 5032 1805 5087 habe-

121 5119 333 5183 rentur,
365 5117 675 5187 plumbatis
694 5119 992 5189 ﬁagellari,
1017 5137 1080 5175 ac
1105 5124 1446 5192 perpetuum
1463 5121 1523 5174 in
1545 5121 1805 5176 exsilium

121 5206 409 5260 amandari
465 5223 479 5260 :
521 5223 719 5262 eorum
760 5208 1014 5278 clientes,
1056 5211 1140 5263 vel
1181 5226 1389 5277 servos,
1439 5226 1579 5281 quos
1617 5211 1804 5265 denuo

121 5289 400 5360 baptizare
431 5295 732 5362 voluerint,
763 5297 823 5350 in
861 5298 1120 5352 ecclesias
1158 5299 1570 5354 Catholicorum
1611 5299 1804 5354 confu-

123 5393 248 5447 gere
291 5398 470 5452 posse,
513 5389 684 5455 atque
720 5385 790 5440 ab
833 5385 966 5440 hinc
1000 5386 1274 5442 libertatis
1315 5389 1448 5459 jura
1489 5387 1746 5443 obtinere
1789 5405 1802 5443 :

128 5471 408 5536 repetendi
461 5473 730 5544 Baptismi
779 5477 1036 5529 auctores
1081 5475 1423 5541 consciosve,
1457 5494 1574 5532 non
1619 5478 1803 5532 solum

128 5555 380 5627 testandi,
411 5577 606 5618 verum
635 5563 806 5619 etiam
843 5563 1190 5637 adipiscendi
1220 5564 1438 5637 aliquid
1482 5565 1585 5622 sub
1617 5565 1801 5637 specie

1607 302 1820 358 LIBER
1859 299 2154 357 SEXTUS.
3521 307 3624 361 350

1927 423 2266 491 donationis,
2301 439 2521 478 necnon
2551 425 2872 478 contractus
2904 423 3112 494 agendi
3139 423 3625 496 facultate,donec

1924 513 2187 567 haeresim
2213 512 2615 578 abdicaverint,
2643 513 2855 584 privari
2882 529 2894 568 :
2920 513 3267 585 quicumque
3293 515 3405 570 illis
3435 516 3623 586 opitu-

1924 599 2024 653 lati
2051 599 2283 668 fuerint,
2315 601 2496 655 eidem
2527 618 2711 672 poenae
2742 602 2944 674 subjici
2972 622 2989 657 :
3022 603 3447 674 provinciarum
3476 621 3622 675 prae-

1922 687 2118 756 fectos,
2159 689 2259 760 qui
2295 705 2632 744 consensum
2681 707 2963 763 opemque
3003 691 3085 746 eis
3126 692 3382 761 tulerint,
3422 692 3622 764 viginti

1923 777 2047 830 auri
2075 779 2264 848 pondo
2294 779 2538 846 solvere;
2574 795 2889 851 eorumque
2921 779 3137 847 Ofﬁcia,
3169 779 3276 835 hoc
3296 784 3390 836 test
3426 781 3619 836 foren-

1925 882 2011 920 ses
2035 866 2420 936 administros,
2446 867 2688 922 totidem
2721 885 2733 923 :
2766 869 2994 923 urbium
3034 868 3280 940 denique
3321 870 3620 939 magistra-

1923 959 2013 1009 tus
2041 972 2105 1010 ac
2135 956 2482 1025 defensores,
2515 957 2562 1011 si
2590 958 2676 1011 vel
2705 973 2771 1011 ea
2801 959 3067 1012 mandata
3099 974 3320 1012 servare
3351 959 3622 1028 neglexe-

1922 1043 2056 1111 rint,
2088 1045 2176 1099 vel
2204 1045 2475 1100 Ecclesias
2503 1045 2642 1116 ipsis
2671 1046 3046 1117 praesentibus
3085 1046 3277 1101 vexari
3311 1047 3463 1118 passi
3491 1047 3618 1102 fue-

1922 1133 2056 1196 rint,
2089 1134 2287 1188 eadem
2316 1136 2528 1189 mulcta
2555 1135 2834 1189 damnari.
2877 1136 3038 1200 Quod
3075 1136 3344 1190 ultimum
3373 1137 3445 1190 ad
3485 1151 3613 1190 eam

1922 1238 2057 1276 sane
2086 1222 2337 1292 pertinet
2375 1223 2837 1294 Carthaginensis
2881 1225 3104 1278 concilii
3153 1225 3619 1295 postulationem,

1923 1325 2034 1380 qua
2078 1311 2328 1366 civitates
2369 1313 2440 1367 ad
2483 1313 2900 1384 suscipiendam
2954 1313 3327 1368 Ecclesiarum
3381 1314 3620 1369 tutelam

1922 1399 2160 1469 obligari
2176 1400 2436 1471 petierat.
2466 1402 2538 1455 Ea
2554 1403 2642 1456 lex
2657 1403 2874 1456 nullam
2898 1402 3178 1456 universa:
3197 1403 3618 1458 Donatistarum

1922 1493 2088 1543 sectae
2116 1505 2344 1559 poenam
2377 1490 2610 1560 irrogat,
2633 1507 2737 1545 nec
2767 1507 2964 1546 omnes
2995 1508 3190 1546 eorum
3223 1492 3454 1546 clericos
3482 1490 3622 1546 exsi-

1921 1576 2021 1639 lio,
2055 1579 2544 1648 quemadmodum
2572 1580 2642 1633 ab
2672 1580 2919 1634 Honorio
2949 1584 3222 1636 statutum
3255 1581 3427 1635 fuisse
3457 1580 3623 1634 docet

1920 1667 2291 1736 Augustinus,
2328 1667 2524 1723 afﬁcit.
2567 1669 2767 1723 Utrum
2797 1670 2918 1723 haec
2948 1669 3008 1723 in
3047 1669 3228 1723 edicto
3265 1668 3375 1722 alio
3416 1667 3618 1738 praeci-

1921 1770 2056 1824 pere
2088 1761 2171 1810 sat
2199 1756 2483 1823 habuerit,
2518 1773 2591 1810 an
2620 1773 2752 1811 vero
2783 1773 2910 1826 qua:
2943 1760 3122 1811 exstat
3161 1755 3513 1824 constitutio,
3544 1756 3618 1810 ad

1922 1847 2176 1897 nostram
2221 1848 2448 1898 aetatem
2478 1860 2593 1898 non
2642 1843 2864 1914 integra
2913 1842 3259 1914 pervenerit,
3305 1842 3472 1896 nobis
3504 1859 3620 1896 non

1922 1935 2154 1986 constat.
2190 1934 2402 1986 Praeter
2433 1934 2586 2002 leges
2617 1932 2800 2002 pridie
2827 1932 2956 1986 idus
2985 1931 3256 1986 februarii
3291 1947 3440 1984 anno
3471 1947 3616 2002 qua-

1920 2019 2366 2091 dringentesimo
2398 2021 2597 2092 quinto
2628 2022 2807 2089 datas,
2839 2037 2980 2092 quas
3001 2037 3117 2075 non
3145 2021 3382 2075 obscure
3408 2019 3621 2074 indica-

1922 2109 2017 2163 bat
2049 2109 2348 2177 Honorius,
2375 2126 2504 2164 cum
2527 2110 2774 2164 secundo
2793 2114 2920 2180 post
2946 2125 3096 2163 anno
3123 2109 3261 2180 quid
3285 2109 3354 2164 de
3374 2107 3620 2163 factione

1924 2197 2124 2251 Donati
2141 2198 2395 2266 sentiret,
2419 2215 2476 2252 se
2499 2215 2685 2268 nuper
2705 2198 3019 2253 ostendisse
3032 2198 3407 2269 proﬁtebatur
3428 2197 3617 2266 (lbid.,

1920 2285 1986 2339 de
2018 2288 2236 2354 Haeret,
2270 2289 2380 2354 lege
2405 2289 2497 2359 40)
2517 2305 2529 2356 ;
2552 2287 2724 2342 aliam
2747 2303 2975 2359 quoque
3005 2287 3171 2342 tertio
3193 2302 3368 2341 nonas
3389 2285 3620 2340 martias

1924 2376 2176 2446 ejusdem
2209 2376 2344 2432 anni
2375 2377 2928 2449 quadringentesimi
2959 2376 3146 2448 quinti
3184 2376 3255 2430 ad
3286 2375 3620 2430 Diotimium

1919 2466 2123 2520 Africa;
2153 2467 2552 2536 proconsulem
2586 2466 2761 2528 misit,
2794 2482 2906 2537 qua
2944 2467 2997 2520 ei
3027 2465 3355 2532 mandabat,
3387 2468 3452 2518 ut
3481 2464 3620 2518 mis-

1923 2571 2046 2608 sum
2079 2572 2112 2609 a
2143 2570 2201 2608 se
2231 2554 2290 2608 in
2320 2555 2566 2609 Africam
2602 2555 2839 2610 Unitatis
2884 2555 3156 2621 edictum,
3205 2570 3318 2625 quo
3351 2553 3620 2608 omnibus

1921 2643 2318 2712 innotesceret,
2335 2643 2658 2697 variislocis
2680 2643 2836 2714 afﬁgi
2859 2647 3083 2698 curaret
3105 2643 3292 2714 (Ibid.,
3321 2642 3386 2696 de
3413 2643 3610 2709 Relig.,

1920 2733 2031 2799 lege
2084 2732 2159 2802 2).
2220 2732 2490 2803 Idemque
2537 2732 2854 2802 imperator
2903 2737 3058 2786 sexto
3111 2731 3242 2786 idus
3289 2730 3608 2785 decembris

1919 2819 2178 2890 proxime
2209 2821 2496 2890 sequentis
2519 2821 2789 2874 Diotimio
2816 2820 3063 2883 nuntiat,
3096 2819 3165 2874 ab
3192 2819 3482 2887 omnibus,
3516 2817 3619 2888 qui

1919 2908 1978 2961 in
2010 2907 2213 2961 haeresi
2245 2908 2673 2962 Donatistarum
2703 2907 3044 2978 deprehensi
3073 2906 3306 2972 fuerint,
3339 2906 3614 2960 mulctam

1919 2997 2045 3068 lege
2099 2995 2462 3050 constitutam
2519 2997 2641 3050 sine
2690 2997 2806 3050 ulla
2844 2994 3449 3066 comperendinatione
3495 3009 3616 3048 esse

1918 3070 2257 3155 exigendam
2287 3085 2468 3152 (Ibid.,
2503 3085 2568 3138 de
2594 3087 2820 3150 Haeret,
2854 3085 2964 3152 lege
2990 3082 3099 3154 39).

1990 3177 2040 3228 3.
2088 3172 2310 3227 Theasii
2341 3177 2510 3242 atque
2540 3171 2750 3239 Evodii,
2785 3189 2926 3242 quos
2956 3175 3153 3226 contra
3183 3168 3608 3225 Donatistarum

1918 3261 2225 3317 factionem
2255 3277 2405 3314 anno
2437 3261 2729 3331 superiore
2769 3261 2842 3315 ad
2871 3259 3191 3315 Honorium
3221 3257 3454 3313 miserat
3483 3258 3616 3314 Car-

1918 3351 2250 3422 thaginense
2264 3350 2588 3417 concilium,
2604 3350 2818 3404 reditus
2839 3351 2896 3404 in
2919 3349 3166 3404 Africam
3179 3349 3300 3419 jam
3321 3347 3618 3419 proximus

1917 3440 2243 3512 putabatur,
2275 3455 2406 3493 cum
2438 3437 2674 3493 Paulino
2712 3455 2816 3509 per
2853 3439 3078 3494 Celsum
3119 3437 3422 3509 epistolam
3461 3436 3620 3492 misit

1916 3528 2268 3600 Augustinus
2297 3529 2500 3598 (Epist.
2529 3529 2635 3598 80).
2665 3529 2715 3582 Is
2745 3527 2817 3583 ad
2847 3528 3116 3582 eumdem
3146 3531 3404 3581 sanctum
3433 3541 3618 3597 nuper

1918 3618 2216 3688 epistolam
2239 3617 2408 3671 aliam
2439 3617 2508 3671 de
2539 3617 2787 3688 quadam
2810 3616 3125 3688 quaestione
3153 3615 3407 3682 dederat,
3437 3631 3613 3686 quam

1918 3704 2013 3758 ille
2033 3706 2262 3776 quidem
2277 3704 2448 3758 nimis
2469 3705 2678 3759 cursim
2701 3710 2755 3757 et
2774 3704 3152 3773 breviter,sed
3174 3705 3342 3774 plane
3364 3703 3619 3757 christia-

1918 3809 1991 3846 na
2009 3797 2198 3846 mente
2221 3808 2283 3846 ac
2301 3792 2511 3862 pietate
2532 3792 2884 3858 dissolveret,
2901 3791 3239 3846 afﬁrmando
3262 3790 3342 3844 ita
3353 3807 3412 3844 se
3433 3791 3609 3858 Nolae,

1917 3881 2019 3936 ubi
2039 3881 2298 3950 degebat,
2319 3895 2547 3934 manere
2565 3879 2848 3943 statuisse,
2864 3878 3136 3950 utsiquid
3155 3878 3308 3932 aliud
3333 3894 3366 3932 a
3386 3894 3444 3932 se
3469 3880 3616 3933 Deus

1920 3973 2229 4040 expeteret,
2280 3969 2400 4039 ejus
2438 3969 2788 4022 voluntatem
2832 3983 2949 4022 sua:
2994 3971 3337 4038 anteponere
3383 3970 3616 4036 paratus

1919 4063 2084 4114 esset.
2116 4057 2455 4114 Perbrevem
2494 4056 2704 4111 hancce
2743 4056 3177 4126 responsionem
3216 4054 3440 4110 videtur
3469 4056 3618 4109 Pau-

1917 4147 2070 4201 linus
2099 4147 2259 4201 Celso
2299 4145 2526 4200 cuidam
2565 4145 2890 4213 tradidisse;
2922 4161 3036 4217 qua
3075 4144 3318 4199 necdum
3361 4148 3610 4215 accepta,

1917 4237 1989 4291 ad
2041 4235 2311 4290 eumdem
2358 4251 2555 4290 rursus
2593 4235 2946 4304 Augustinus
2992 4250 3097 4305 per
3140 4233 3616 4288 Fortunatianum

1920 4325 2344 4396 Hipponensem
2368 4324 2764 4395 presbyterum
2793 4325 3028 4378 Romam
3051 4323 3110 4378 id
3130 4323 3402 4394 temporis
3421 4326 3617 4393 peten-

1916 4416 2034 4468 tem
2063 4413 2379 4484 scripserat.
2417 4411 2681 4483 Epistolae
2713 4416 2906 4467 autem
2943 4411 3057 4467 illa:
3094 4416 3227 4478 tres,
3261 4410 3473 4466 scilicet
3501 4427 3618 4465 una

1919 4500 2159 4568 Paulini,
2183 4506 2239 4556 et
2255 4501 2556 4572 Augustini
2578 4503 2726 4568 dute,
2741 4501 3092 4556 exciderunt.
3123 4501 3315 4556 Celsus
3337 4517 3404 4555 ea
3423 4505 3616 4555 mente

1919 4591 2239 4661 Hipponem
2271 4595 2522 4657 venerat,
2554 4595 2619 4646 ut
2645 4590 2704 4644 in
2741 4590 3047 4660 Augustini
3076 4589 3464 4644 familiaritate
3493 4589 3615 4644 dies

1919 4679 2138 4750 aliquot
2166 4679 2507 4734 traduceret.
2541 4680 2745 4733 Verum
2768 4679 3124 4733 occasionem
3149 4677 3362 4748 navigii
3393 4682 3611 4743 nactus,

1917 4771 2176 4822 sanctum
2206 4769 2516 4822 Przesulem
2545 4785 2670 4822 sero
2700 4767 3008 4822 admodum
3041 4767 3287 4830 monuit,
3320 4783 3379 4821 se
3409 4763 3614 4839 postri-

1915 4856 2006 4911 die
2035 4855 2436 4925 discessurum,
2465 4872 2670 4928 rogans
2699 4859 2760 4911 ut
2789 4856 2898 4911 sibi
2933 4856 3006 4911 ad
3034 4855 3339 4911 Paulinum
3372 4871 3615 4927 respon-

1915 4945 2136 4999 sionem
2183 4944 2362 4998 daret.
2412 4944 2719 5014 Epistolam
2767 4961 2902 5015 ergo
2933 4961 3175 5016 propere
3220 4944 3452 5000 dictavit
3493 4946 3610 4998 Au-

1915 5033 2176 5105 gustinus
2199 5049 2212 5088 :
2241 5032 2302 5086 in
2330 5049 2443 5104 qua
2469 5032 2772 5088 Paulinum
2806 5037 2948 5100 orat,
2977 5038 3054 5098 ut,
3085 5049 3200 5105 qua
3226 5033 3446 5089 ratione
3474 5032 3617 5088 divi-

1916 5139 2050 5177 nam
2075 5122 2424 5176 voluntatem
2449 5121 2828 5177 internoscere
2858 5123 3145 5193 possimus
3176 5122 3237 5177 in
3263 5122 3358 5177 illa
3387 5121 3612 5176 actione

1915 5210 2064 5264 inter
2083 5210 2273 5281 plures
2292 5209 2467 5265 bonas
2488 5211 2798 5282 seligenda,
2825 5228 2997 5284 quam
3011 5229 3042 5266 a
3063 5211 3226 5266 nobis
3241 5213 3386 5266 Deus
3405 5213 3611 5278 postu-

1916 5298 2012 5365 let,
2028 5303 2198 5369 atque
2209 5298 2348 5353 adeo
2363 5316 2533 5370 quam
2548 5316 2661 5354 non
2681 5302 2730 5372 ej
2741 5318 2804 5355 us
2821 5300 3097 5356 voluntati
3119 5301 3611 5369 obtemperaturos

1915 5386 2136 5441 caeteris
2157 5388 2424 5457 prteferre
2455 5391 2732 5458 oporteat,
2757 5387 2863 5442 sibi
2893 5387 3172 5458 signiﬁcet
3201 5401 3214 5439 :
3247 5385 3306 5438 in
3328 5385 3434 5438 hoc
3454 5382 3608 5438 enim

1917 5491 2032 5529 non
2062 5474 2202 5542 falli,
2234 5481 2405 5547 atque
2431 5475 2492 5531 in
2517 5480 2759 5547 peccata,
2783 5492 2912 5547 qua:
2944 5476 3294 5547 ignoremus,
3323 5485 3439 5525 non
3469 5471 3606 5540 labi,

1917 5565 2124 5622 fatetur
2152 5566 2404 5624 difﬁcile.
2446 5565 2504 5621 Ei
2541 5582 2599 5621 se
2639 5565 2870 5620 uberius
2900 5563 3243 5634 scripturum
3282 5560 3606 5632 pollicetur,
