4062 6350
431 305 527 362 351

430 427 532 485 ubi
575 425 829 500 primum
875 420 1149 480 Theasius
1189 435 1254 476 ac
1302 417 1567 488 Evodius,
1613 431 1862 489 quorum
1906 415 1969 471 in
2012 415 2134 471 dies

434 517 696 587 singulos
733 511 1165 585 exspectabatur
1205 509 1500 574 adventus,
1531 504 1858 574 rediissent,
1898 503 2134 577 ipseque

435 621 568 662 eum
597 605 656 659 in
683 603 924 658 istorum
953 600 1351 670 episcoporum
1378 594 1666 650 mentibus
1689 610 1754 648 ac
1781 593 1968 648 verbis
1999 608 2135 646 con-

435 693 728 765 spexisset.
763 689 988 746 Reversi
1020 692 1175 756 sunt,
1204 691 1269 740 ut
1305 685 1537 739 credere
1576 683 1725 750 licet,
1754 698 1952 736 mense
1983 697 2134 736 mar-

437 783 541 850 tio,
583 782 671 836 vel
720 775 923 834 saltem
969 776 1157 848 aprili,
1207 775 1436 846 quando
1494 773 1650 845 leges
1695 771 1756 827 in
1814 770 2133 827 Donatistas

435 871 620 944 pridie
649 869 776 924 idus
816 865 1092 922 februarii
1122 865 1246 936 jam
1283 878 1564 919 concessae
1606 865 1778 933 atque
1819 859 2135 933 obsignata:

435 964 620 1016 erant.

506 1049 564 1103 4.
629 1048 897 1114 Jamvero,
957 1045 1156 1097 narrat
1209 1039 1583 1112 Augustinus,
1642 1053 1762 1092 cum
1813 1037 1946 1107 ipsx
1997 1037 2134 1106 leges

434 1139 702 1193 venissent
715 1134 1060 1201 inAfricam,
1079 1132 1352 1202 prxcipue
1362 1130 1447 1183 illi
1465 1129 1562 1197 qui
1581 1127 2134 1197 quxrebantoccasio-

436 1241 576 1293 nem,
608 1227 702 1278 aut
732 1223 997 1278 saevitiam
1025 1221 1326 1288 furentium
1357 1216 1680 1279 metuebant,
1711 1219 1807 1270 aut
1838 1229 1962 1269 suos
1993 1230 2136 1270 vere-

436 1313 819 1369 cundabantur
861 1309 1147 1379 offendere,
1195 1307 1269 1361 ad
1312 1307 1608 1360 Ecclesium
1650 1305 1899 1358 continuo
1947 1306 2138 1358 trans«

437 1404 634 1458 ierunt.
663 1397 821 1457 Multi
855 1400 1040 1464 etiam,
1080 1398 1176 1468 qui
1207 1397 1323 1450 sola
1358 1395 1470 1449 illic
1509 1410 1544 1448 a
1575 1393 1895 1464 parentibus
1926 1393 2137 1447 tradita

437 1489 816 1547 consuetudine
841 1488 1174 1548 tenebantur,
1207 1485 1419 1554 qualem
1456 1497 1577 1537 vero
1622 1497 1841 1537 causam
1868 1483 1992 1550 ipsa
2021 1483 2136 1536 hx-

436 1582 572 1636 resis
616 1578 853 1644 haberet,
891 1590 1172 1644 nunquam
1212 1577 1372 1628 antea
1423 1573 1810 1640 cogitaverant,
1851 1585 2136 1642 nunquam

437 1683 673 1740 quaerere
714 1671 765 1721 et
811 1665 1151 1721 considerare
1197 1664 1509 1728 voluerant;
1561 1677 1688 1715 mox
1727 1661 1823 1715 ubi
1867 1663 2136 1729 cxperunt

436 1757 732 1817 advertere,
766 1758 816 1808 et
843 1754 986 1807 nihil
1014 1754 1073 1806 in
1103 1767 1166 1806 ea
1195 1751 1422 1819 dignum
1459 1751 1718 1814 invenire,
1744 1754 1970 1818 propter
1993 1746 2138 1817 quod

439 1849 594 1900 tanta
631 1843 835 1897 damna
860 1845 1200 1911 paterentur,
1232 1841 1349 1894 sine
1385 1839 1499 1893 ulla
1525 1839 1851 1907 difﬁcultate
1887 1837 2139 1891 catholici

434 1935 576 2002 facti
597 1937 724 1987 sunt
748 1950 764 1986 :
799 1923 979 1984 docuit
1007 1930 1149 1983 enim
1175 1943 1260 1983 eos
1287 1927 1610 1992 sollicitudo,
1649 1941 1782 1996 quos
1811 1928 2136 1994 negligentes

436 2024 695 2077 securitas
724 2023 945 2088 fecerat.
977 2019 1209 2074 Istorum
1254 2020 1433 2071 autem
1461 2017 1696 2070 omnium
1718 2015 2138 2085 prxcedentium

437 2112 812 2165 auctoritatem
849 2112 900 2162 et
928 2108 1327 2176 persuasionem
1354 2107 1523 2159 secuti
1550 2109 1678 2159 sunt
1705 2105 1880 2170 multi,
1911 2105 2009 2174 qui
2029 2106 2135 2159 mi-

437 2213 539 2255 nus
569 2199 752 2254 idonei
783 2201 938 2251 erant
967 2211 1064 2264 per
1095 2209 1150 2249 se
1183 2196 1327 2264 ipsos
1368 2195 1682 2262 intelligere,
1729 2193 1865 2264 quid
1907 2193 2138 2248 distaret

439 2290 580 2344 inter
626 2288 1036 2342 Donatistarum
1073 2299 1326 2349 errorem,
1373 2287 1424 2336 et
1470 2283 1788 2338 catholicam
1833 2283 2132 2338 veritatem.

441 2379 526 2433 Ita
547 2392 668 2432 cum
691 2389 894 2443 magna
921 2375 1142 2442 agmina
1161 2373 1486 2442 populorum
1511 2386 1640 2426 vera
1677 2374 1848 2425 mater
1872 2371 1928 2424 in
1957 2373 2137 2426 sinum

440 2464 681 2533 gaudens
710 2465 988 2532 reciperet,
1019 2464 1393 2516 remanserunt
1437 2461 1606 2515 turbx
1647 2459 1817 2525 dum,
1855 2463 1906 2514 et
1942 2461 2000 2513 in
2037 2459 2138 2513 illa

438 2557 590 2624 peste
617 2553 828 2620 infelici
854 2553 1198 2606 animositate
1223 2552 1490 2604 sistentes.
1524 2551 1611 2604 Ex
1653 2549 1738 2603 his
1773 2563 1981 2617 quoque
2016 2549 2139 2617 plu-

441 2645 573 2698 rimi
600 2643 907 2698 simulando
945 2642 1484 2707 communicaverunt,
1517 2639 1620 2692 alii
1656 2640 1931 2706 paucitate
1961 2639 2138 2691 latue-

442 2737 591 2788 runt.
623 2731 735 2786 Sed
758 2733 844 2786 illi
870 2732 965 2800 qui
1001 2729 1352 2795 simulabant,
1381 2728 1652 2798 paulatim
1690 2726 2056 2792 assuescendo,
2089 2730 2140 2781 et

436 2820 877 2892 praedicationem
911 2821 1156 2873 veritatis
1199 2817 1492 2886 audiendo,
1533 2817 1770 2870 maxime
1811 2818 1936 2885 post
1983 2813 2140 2868 colla-

442 2911 636 2963 tionem
687 2912 737 2961 et
783 2907 1204 2976 disputationem
1259 2921 1376 2976 quae
1421 2907 1561 2960 inter
1615 2919 1709 2959 nos
1765 2907 1815 2958 et
1868 2905 2141 2972 episcopos

441 3012 621 3051 ecrum
650 2995 800 3066 apud
836 2996 1219 3062 Carthaginem
1245 2995 1378 3060 fuit,
1411 3009 1478 3047 ex
1502 3007 1703 3060 magna
1725 2995 1886 3062 parte
1920 2991 2142 3045 correcti

442 3091 587 3142 sunt.
613 3087 676 3140 In
709 3084 1036 3154 quibusdam
1072 3098 1196 3138 vero
1223 3083 1369 3148 locis,
1402 3081 1497 3136 ubi
1521 3081 1853 3150 pertinacior
1881 3085 1930 3134 et
1965 3082 2141 3148 impa-

444 3175 617 3228 catior
639 3173 932 3242 praevaluit
973 3169 1288 3232 multitudo,
1330 3171 1418 3224 cui
1459 3171 1706 3224 resistere
1745 3183 1850 3222 non
1890 3171 2143 3237 poterant

440 3263 745 3331 pauciores,
768 3275 996 3328 quorum
1025 3262 1148 3313 erat
1172 3256 1359 3312 melior
1379 3257 1445 3312 de
1471 3258 1834 3311 communione
1857 3258 2141 3324 sententia,

445 3354 542 3404 aut
580 3349 750 3403 turbx
777 3349 1092 3402 auctoritati
1113 3361 1410 3416 paucorum
1437 3348 1795 3415 potentiorum
1825 3345 2055 3400 subditx
2085 3347 2142 3398 in

445 3439 647 3492 malam
669 3441 885 3507 partem
915 3437 1368 3505 obtemperarunt,
1392 3435 1676 3504 aliquanto
1695 3435 1902 3489 diutius
1928 3434 2141 3489 labora-

447 3531 561 3581 tum
599 3530 678 3580 est
716 3527 909 3596 (Epist.
956 3527 1073 3593 185,
1113 3539 1207 3578 nn.
1242 3524 1329 3592 29,
1363 3525 1472 3589 30).
1521 3523 1587 3577 In
1627 3522 1870 3593 epistola
1913 3538 2142 3593 quoque

443 3613 516 3668 ad
547 3612 906 3668 Vincentium
935 3616 1067 3666 ante
1107 3609 1506 3678 Collationem,
1538 3613 1604 3664 ut
1631 3608 1861 3680 quidem
1897 3607 2139 3675 videtur,

444 3701 672 3773 scripta,
736 3705 964 3755 sanctus
1027 3701 1277 3755 Antistes
1339 3700 1526 3755 adhuc
1588 3699 1820 3755 uberius
1876 3700 2139 3771 explicat,

445 3794 726 3862 quantum
775 3788 1038 3844 utilitatis
1083 3788 1340 3845 Ecclesiae
1389 3788 1659 3845 severitas
1705 3806 1901 3846 earum
1949 3791 2142 3860 legum

443 3878 702 3934 attulerit
755 3893 772 3934 :
810 3879 1075 3950 quaedam
1111 3879 1245 3934 inde
1296 3879 1469 3934 verba
1510 3879 1817 3952 subjecisse
1864 3878 2132 3934 sufﬁciet.

443 3968 516 4020 De
557 3967 870 4033 multorum,
906 3967 1004 4033 ait,
1025 3968 1150 4037 jam
1187 3970 1509 4023 correctione
1547 3968 1865 4037 gaudemus,
1908 3969 2006 4038 qui
2033 3971 2144 4020 tam

440 4058 706 4111 veraciter
734 4057 996 4111 unitatem
1019 4057 1338 4111 catholicam
1361 4061 1536 4111 tenent
1564 4061 1727 4126 atque
1753 4057 2070 4124 defendunt,
2094 4061 2143 4110 et

445 4159 480 4198 a
498 4146 739 4213 pristino
767 4159 946 4199 errore
972 4159 1025 4199 se
1067 4145 1320 4200 liberatos
1349 4160 1460 4200 esse
1498 4146 1769 4212 lxtantur,
1802 4150 1862 4200 ut
1900 4160 1984 4199 eos
2025 4161 2143 4200 cum

443 4247 646 4300 magna
675 4234 1040 4300 gratulatione
1066 4236 1344 4288 miremur.
1378 4234 1445 4287 Et
1468 4233 1642 4303 paulo
1673 4233 1821 4287 infra
1845 4235 1923 4289 :0
1951 4236 2002 4289 si
2015 4248 2140 4303 pos-

445 4335 555 4375 sem
603 4321 704 4375 tibi
745 4321 1039 4388 osteniere,
1087 4337 1154 4376 ex
1199 4323 1336 4392 ipsis
1393 4322 1922 4378 Circumcellionibus
1980 4338 2144 4392 quam

443 4409 638 4463 multos
669 4409 792 4478 jam
817 4409 1102 4463 catholicos
1130 4410 1446 4476 manifestos
1483 4409 1796 4478 habeamus,
1827 4409 2144 4465 damnantes

445 4512 601 4553 suam
624 4498 919 4567 pristinam
959 4499 1132 4553 vitam
1170 4501 1221 4552 et
1257 4497 1618 4553 miserabilem
1659 4513 1912 4567 errorem,
1945 4514 2048 4567 quo
2090 4513 2145 4553 se

447 4586 864 4642 arbitrabantur
880 4602 980 4657 pro
999 4588 1239 4642 Ecclesia
1258 4589 1354 4642 Dei
1386 4589 1586 4655 facere,
1610 4587 1881 4657 quidquid
1902 4589 2145 4656 inquieta

449 4677 746 4730 temeritate
771 4677 1082 4744 faciebant!
1123 4677 1326 4747 (Epist.
1374 4679 1462 4742 93,
1491 4692 1586 4731 nn.
1639 4679 1689 4745 l,
1733 4677 1787 4747 2)
1831 4680 1938 4732 etc.
1986 4677 2150 4732 Multi

447 4753 648 4832 ebrum,
671 4779 898 4832 quorum
918 4764 1040 4834 jam
1068 4766 1128 4820 in
1153 4766 1362 4820 unitate
1390 4765 1612 4830 Christi,
1633 4767 1787 4834 pium
1807 4763 1945 4833 ﬁdei
1970 4766 2146 4831 fervo-

447 4867 562 4907 rem
605 4854 1029 4925 charitatemque
1063 4858 1350 4922 miramur,
1397 4870 1515 4910 cum
1560 4871 1762 4925 magna
1808 4855 1998 4910 lxtitia
2039 4857 2145 4908 Deo

448 4943 662 5008 gratias
690 4948 882 5011 agunt,
912 4943 1056 5014 quod
1085 4945 1179 5000 illo
1207 4960 1385 5001 errore
1413 4950 1722 5012 caruerunt,
1744 4945 1839 4999 ubi
1865 4945 2009 5000 mala
2035 4945 2146 4999 ista

449 5031 590 5087 bona
613 5035 944 5102 puta-verunt
975 5048 988 5087 :
1021 5049 1157 5103 quas
1193 5036 1403 5103 gratias
1428 5033 1582 5088 modo
1620 5035 1851 5088 volentes
1885 5048 1992 5088 non
2017 5049 2144 5101 age-

447 5125 586 5189 rent,
617 5122 731 5176 nisi
763 5123 920 5192 prius
948 5123 1109 5177 etiam
1137 5125 1371 5177 nolentes
1400 5123 1468 5177 ab
1507 5123 1606 5176 illa
1646 5125 1866 5190 nefaria
1898 5123 2147 5177 societate

449 5211 800 5266 discederent.
848 5210 996 5276 Quid
1023 5211 1088 5266 de
1129 5213 1239 5265 illis
1279 5211 1543 5277 dicamus,
1577 5214 1674 5281 qui
1713 5212 1864 5267 nobis
1905 5212 2148 5281 quotidie

447 5300 790 5370 conﬁtentur,
821 5299 966 5368 quod
987 5300 1107 5369 jam
1141 5300 1270 5354 olim
1309 5299 1558 5356 volebant
1600 5314 1708 5354 esse
1740 5301 2022 5368 catholici;
2053 5299 2148 5354 sed

449 5392 590 5444 inter
617 5404 701 5445 eos
746 5389 1086 5456 habitabant,
1117 5390 1260 5443 inter
1296 5402 1427 5458 quos
1455 5388 1516 5442 id
1559 5387 1704 5458 quod
1744 5388 1989 5443 volebant
2039 5403 2148 5443 esse

451 5495 558 5536 non
584 5484 834 5550 poterant
853 5496 954 5551 per
991 5481 1363 5550 inﬁrmitatem
1394 5480 1621 5546 timoris,
1649 5478 1745 5534 ubi
1760 5479 1812 5534 si
1834 5494 1998 5534 unum
2025 5495 2144 5533 ver-

453 5571 580 5626 bum
635 5587 734 5642 pro
776 5571 1050 5629 Catholica
1098 5569 1354 5637 dicerent,
1393 5572 1444 5624 et
1488 5570 1601 5640 ipsi
1642 5572 1693 5624 et
1736 5567 1924 5624 domus
1967 5583 2146 5625 eorum

1634 290 1808 350 VITA
1846 290 1900 348 S.
1951 288 2340 349 AUGUSTINI
2391 288 2728 348 EPISCOPI.
2757 235 2777 247 Β

3844 287 3948 342 352

2239 415 2495 483 funditus
2537 411 2940 469 euerterentur?
2979 411 3179 482 (Epist.
3225 412 3348 480 185,
3385 425 3444 465 n.
3495 408 3673 478 l3).ln
3719 408 3951 464 Cresco-

2241 503 2404 558 nium
2431 504 2604 557 etiam
2633 492 2884 556 scribens
2913 499 3049 554 dicit
3089 499 3393 554 Ecclesiam
3424 497 3765 553 catholicam
3807 513 3947 568 qna-

2243 607 2579 662 quaversum
2600 589 2840 645 diffundi
2862 605 2924 644 ac
2944 588 3188 650 dilatari,
3215 603 3346 642 cum
3373 587 3431 641 in
3462 586 3585 657 ipsa
3603 585 3794 640 Africa
3816 601 3950 656 pars

2245 681 2448 736 Donati
2473 680 2535 734 in
2561 679 2680 734 dies
2711 678 2894 750 magis
2923 677 3222 748 magisque
3251 675 3544 731 minuatur
3574 676 3797 742 (Contra
3829 676 3951 732 Cre-

2240 772 2499 838 sconium,
2531 769 2626 824 lib.
2672 771 2726 837 3,
2766 784 2820 822 η.
2852 766 2966 838 71).
3010 770 3149 824 Nam
3176 768 3227 821 si
3265 781 3450 836 posses
3492 766 3695 832 videre,
3731 764 3947 836 inquit,

2242 876 2406 929 quam
2435 859 2587 927 longe
2621 858 2832 926 lateque
2872 857 3129 924 Africam
3173 872 3324 911 error
3370 858 3469 910 iste
3514 860 3861 925 pervaserat,
3899 859 3951 908 et

2242 964 2405 1018 quam
2429 963 2609 1018 pauca
2644 947 2760 1017 ejus
2806 947 3184 1012 remanserint,
3233 960 3352 1015 quae
3389 944 3632 1001 nondum
3659 946 3718 998 in
3758 959 3951 1013 pacem

2240 1039 2558 1092 catholicam
2585 1039 2821 1091 correcta
2849 1037 3216 1101 transierunt;
3239 1035 3387 1088 nullo
3427 1033 3582 1088 modo
3612 1037 3949 1088 assertorum

2241 1127 2552 1180 Christianae
2579 1127 2734 1195 pacis
2760 1129 2811 1180 et
2835 1126 3064 1179 unitatis
3094 1125 3492 1190 infructuosam
3519 1126 3570 1176 et
3597 1126 3816 1176 inanem
3846 1138 3948 1177 ar-

2243 1215 2527 1270 bitrareris
2552 1215 2872 1269 instantiam
2902 1212 3084 1284 (Ibid.,
3117 1212 3212 1266 lib.
3249 1215 3298 1275 l,
3327 1227 3384 1266 n.
3415 1212 3494 1281 '7).
3521 1211 3607 1266 Ad
3635 1209 3772 1264 anni
3803 1226 3946 1282 qua-

2242 1302 2676 1375 dringentesimi
2717 1301 2899 1357 octavi
2939 1301 3116 1356 finem
3164 1301 3225 1355 in
3263 1299 3386 1355 haec
3421 1299 3596 1355 verba
3639 1298 3944 1370 loquitur:

2241 1393 2471 1447 Multum
2489 1407 2618 1447 sane
2637 1391 2701 1446 de
2729 1391 3107 1461 quorumdam,
3131 1405 3300 1461 neque
3319 1405 3635 1460 paucorum,
3657 1387 3766 1458 fide
3784 1391 3950 1458 ﬁrma

2241 1485 2291 1536 et
2313 1481 2500 1536 stabili
2526 1482 2890 1549 gratulamur,
2923 1481 3022 1550 qui
3056 1495 3124 1535 ex
3165 1480 3436 1534 occasione
3477 1480 3651 1546 legum
3697 1478 3950 1548 ipsarum

2241 1570 2316 1625 ad
2345 1569 2712 1628 Christianam
2729 1571 3040 1637 religionem
3059 1568 3142 1623 vel
3165 1569 3484 1624 catholicam
3501 1582 3685 1636 pacem
3703 1566 3951 1621 conversi

2241 1664 2398 1726 sunt;
2443 1675 2542 1729 pro
2590 1675 2818 1728 quorum
2858 1660 3033 1714 salute
3068 1659 3394 1728 sempiterna
3426 1671 3520 1711 nos
3559 1658 3616 1710 in
3665 1657 3768 1710 hac
3808 1661 3950 1710 tem-

2238 1750 2422 1820 porali
2440 1751 2600 1803 etiam
2621 1749 2928 1818 periclitari
2947 1748 3192 1802 delectat.
3225 1749 3515 1816 Propterea
3534 1746 3678 1800 enim
3704 1746 3951 1799 maxime

2243 1839 2310 1892 ab
2341 1838 2641 1893 hominibus
2671 1839 2900 1892 nimium
2929 1837 3166 1906 dareque
3192 1837 3482 1906 perversis,
3520 1849 3663 1889 nunc
3705 1835 3949 1889 inimici-

2245 1929 2448 1981 tiarum
2510 1929 2786 1995 graviores
2845 1929 3076 1996 impetus
3129 1927 3472 1993 sustinemus,
3519 1939 3651 1994 quos
3697 1925 3953 1978 nonnulli

2243 2032 2422 2070 eorum
2438 2017 2713 2072 nobiscum
2727 2017 3124 2086 patientissime
3143 2016 3409 2070 sustinent
3431 2014 3631 2083 (Epist.
3667 2015 3731 2067 97
3744 2053 3760 2081 ,
3782 2029 3840 2068 η.
3875 2015 3950 2082 4).

2248 2105 2588 2160 Fatebantur
2617 2121 2790 2176 quam
2817 2104 3076 2175 plurimi,
3102 2103 3212 2158 hoc
3241 2103 3350 2158 sibi
3378 2101 3768 2174 gratissimum
3800 2101 3951 2156 acci-

2242 2197 2417 2264 disse,
2438 2201 2502 2250 ut
2525 2195 2595 2250 ad
2621 2195 2977 2251 redeundum
3000 2193 3060 2248 in
3081 2194 3271 2248 sinum
3293 2193 3551 2256 Ecclesiae
3579 2195 3948 2264 cogerentur,

2243 2301 2306 2340 ac
2336 2285 2415 2339 sic
2451 2285 2634 2340 reditu
2668 2301 2770 2340 suo
2811 2283 3349 2339 Circumcellionum
3388 2280 3786 2336 vexationibus
3819 2297 3952 2336 cau-

2243 2392 2364 2430 sam
2389 2375 2607 2430 nullam
2638 2375 2962 2446 praeberent
2993 2374 3188 2444 (Epist.
3234 2375 3360 2439 105,
3391 2387 3446 2426 n.
3480 2373 3556 2438 5).
3588 2370 3740 2435 Quin
3768 2370 3949 2426 etiam

2244 2480 2442 2518 eorum
2476 2463 2575 2534 qui
2605 2479 2721 2517 non
2743 2479 2808 2517 ex
2837 2463 3052 2526 animo,
3080 2461 3176 2516 sed
3203 2477 3268 2515 ex
3291 2476 3451 2515 mero
3480 2460 3689 2514 timore
3718 2464 3949 2531 partem

2249 2553 2447 2608 Donati
2477 2552 2740 2607 abdicare
2769 2551 3128 2614 videbantur,
3151 2567 3266 2604 non
3295 2549 3460 2620 pauci
3491 2549 3548 2602 in
3579 2547 3949 2619 sequentium

2244 2646 2572 2712 temporum
2612 2640 2944 2695 difﬁcultate
2977 2639 3256 2710 majorem
3304 2637 3682 2692 constantiam
3721 2653 3844 2708 pra:
3887 2652 3950 2690 se

2246 2731 2522 2799 tulerunt,
2555 2745 2728 2800 quam
2758 2729 2859 2801 qui
2887 2744 3184 2799 nunquam
3215 2745 3249 2782 a
3277 2726 3555 2782 catholica
3583 2725 3824 2780 veritate
3855 2726 3951 2781 de-

2247 2819 2526 2874 sciverant
2564 2818 2763 2890 (Epist.
2815 2821 2904 2884 89,
2935 2833 2991 2872 n.
3041 2817 3113 2886 '7).
3166 2817 3257 2872 Sic
3301 2817 3478 2883 multi,
3524 2814 3714 2886 inquit
3749 2816 3950 2886 Augu-

2247 2907 2445 2974 stinus,
2471 2922 2570 2976 per
2595 2907 2720 2961 illas
2746 2907 2881 2973 leges
2912 2906 3133 2959 correcti
3157 2909 3302 2971 sunt,
3336 2907 3386 2958 et
3414 2903 3653 2972 quotidie
3675 2905 3952 2970 corrigun-

2249 3002 2372 3062 tur;
2395 2999 2444 3050 et
2473 3011 2526 3050 se
2554 3010 2663 3050 esse
2693 2999 2973 3061 correctos,
3004 2999 3167 3062 atque
3207 2994 3274 3047 ab
3323 2994 3421 3047 illa
3467 2995 3680 3060 furiosa
3705 2995 3950 3062 pernicie

2249 3084 2521 3148 liberatos,
2551 3085 2766 3150 gratias
2794 3086 2984 3148 agunt.
3012 3084 3083 3136 Et
3108 3083 3205 3150 qui
3228 3081 3473 3146 oderant,
3491 3079 3756 3148 “diligunt,
3789 3081 3948 3134 mole-

2247 3177 2464 3242 stasque
2474 3172 2581 3225 sibi
2597 3173 2770 3238 fuisse
2783 3171 3168 3225 saluberrimas
3191 3169 3347 3236 leges,
3369 3174 3631 3237 quantum
3651 3171 3707 3222 in
3726 3170 3952 3222 insania

2249 3262 2672 3329 detestabantur,
2707 3263 2917 3314 tantum
2945 3263 3159 3327 recepta
3198 3259 3439 3312 sanitate
3474 3257 3864 3324 gratulantur;
3897 3262 3952 3311 et

2249 3354 2308 3406 in
2334 3351 2599 3417 residuos,
2631 3365 2750 3404 cum
2779 3349 2974 3419 quibus
3001 3350 3223 3415 fuerant
3249 3348 3502 3415 perituri,
3517 3347 3640 3416 jam
3669 3347 3840 3401 simili
3866 3347 3950 3400 di-

2249 3442 2466 3495 lectione
2501 3439 2796 3506 nobiscum,
2836 3442 2897 3492 ut
2934 3439 3148 3507 pariter
3184 3437 3443 3490 instemus
3479 3451 3545 3489 ne
3569 3435 3668 3494 illi
3694 3439 3948 3504 pereant,

2249 3527 2556 3581 excitantur
2585 3528 2782 3596 (Epist.
2812 3529 2934 3589 l85,
2964 3542 3020 3580 η.
3049 3524 3124 3595 7).
3147 3526 3334 3580 Multis
3355 3526 3516 3578 etiam
3539 3525 3751 3593 profuit
3771 3522 3946 3594 (quod

2249 3615 2654 3686 experimentis
2665 3615 3031 3686 probavimus
3049 3618 3105 3668 et
3119 3613 3471 3686 probamus),
3487 3615 3643 3683 prius
3658 3615 3845 3666 timore
3865 3613 3952 3666 vel

2249 3703 2431 3757 dolore
2459 3705 2592 3770 cogi,
2616 3709 2675 3758 ut
2702 3708 2889 3774 postea
2911 3707 3129 3773 possent
3158 3703 3355 3768 doceri,
3386 3706 3481 3756 aut
3514 3701 3658 3770 quod
3677 3702 3798 3771 jam
3825 3717 3947 3755 ver-

2251 3793 2331 3846 bis
2356 3793 2684 3852 didicerant,
2714 3808 2870 3862 opere
2909 3794 3108 3846 sectari
3153 3790 3334 3859 (Ibid.,
3382 3806 3439 3844 η.
3481 3790 3590 3860 21).
3638 3792 3824 3862 Atque
3862 3789 3949 3843 illi

2248 3885 2381 3934 sunt
2408 3881 2645 3946 fructus,
2679 3896 2822 3951 quos
2859 3879 3086 3950 peperit
3123 3884 3364 3950 paterna
3390 3878 3488 3932 illa
3519 3878 3786 3932 severitas
3816 3894 3948 3932 cum

2250 3986 2317 4024 ea
2363 3970 2720 4024 institutione
2775 3969 3098 4040 conjuncta,
3158 3983 3272 4038 qua
3326 3966 3566 4021 Ecclesia
3619 3966 3945 4033 redeuntes,

2247 4057 2571 4129 praesertim
2599 4057 2904 4128 Augustini
2942 4057 3142 4127 lingua
3179 4060 3236 4110 et
3276 4056 3495 4110 calamo
3535 4055 3852 4110 imbuebat.
3881 4057 3952 4110 Si

2249 4147 2408 4212 enim,
2440 4144 2519 4199 ait
2550 4145 2701 4199 idem
2727 4149 2976 4211 sanctus,
3005 4148 3352 4210 terrerentur,
3383 4147 3433 4197 et
3461 4158 3569 4197 non
3596 4143 3948 4208 docerentur;

2249 4233 2496 4303 improba
2525 4235 2686 4304 quasi
2714 4234 3012 4288 dominatio
3041 4232 3338 4288 videretur.
3371 4235 3578 4288 Rursus
3607 4233 3657 4286 si
3685 4231 3949 4286 doceren-

2251 4327 2357 4388 tur,
2395 4328 2446 4378 et
2483 4339 2590 4377 non
2629 4328 2988 4388 terrerentur;
3030 4326 3295 4378 vetustate
3333 4320 3734 4376 consuetudinis
3775 4319 3946 4374 obdu-

2246 4413 2361 4466 rati
2405 4411 2480 4466 ad
2520 4411 2904 4480 capessendam
2939 4414 3086 4466 viam
3122 4411 3316 4466 salutis
3349 4411 3570 4480 pigrius
3607 4414 3949 4465 moverentur

2251 4500 2448 4572 (Epist.
2481 4504 2567 4568 93,
2598 4517 2655 4555 n.
2690 4503 2759 4570 3).

2321 4592 2371 4643 5.
2408 4591 2533 4644 Non
2561 4588 2741 4661 igitur
2768 4587 2890 4644 sine
2919 4604 3087 4644 causa
3115 4586 3290 4644 Idacii
3327 4586 3457 4643 fasti
3485 4586 3767 4642 unitatem
3797 4586 3953 4642 inter

2250 4678 2565 4733 Catholicos
2592 4695 2655 4732 ac
2691 4677 3012 4734 Donatistas
3037 4677 3144 4732 hoc
3168 4693 3319 4731 anno
3355 4677 3561 4730 factam
3597 4681 3948 4730 memorant.

2250 4769 2446 4839 Coepta
2468 4772 2553 4822 est
2572 4769 2818 4839 primum
2839 4765 3182 4838 Carthagine
3209 4770 3340 4820 ante
3365 4765 3651 4820 decimum
3672 4764 3953 4820 kalendas

2250 4857 2586 4928 septembris
2615 4857 2823 4928 (Codice
2851 4857 3125 4912 Canonum
3152 4856 3355 4923 Afric.,
3389 4870 3509 4909 can.
3544 4856 3654 4924 94),
3677 4869 3796 4908 non
3825 4854 3952 4926 qui-

2251 4947 2383 5002 dem
2425 4946 2684 5002 omnium
2734 4945 3181 5011 Donatistarum,
3222 4961 3353 4999 cum
3392 4959 3618 5015 semper
3660 4943 3953 5015 Carthagi-

2249 5035 2443 5092 nensis
2471 5035 2722 5107 episcopi
2741 5034 2974 5089 titulum
3006 5034 3113 5088 sibi
3143 5033 3466 5088 Primianus
3496 5032 3870 5104 arrogaverit,
3895 5039 3951 5088 at

2251 5131 2404 5182 certe
2428 5142 2543 5181 non
2572 5125 2762 5198 exigui
2802 5141 3001 5179 eorum
3031 5121 3258 5178 numeri
3287 5122 3654 5178 conversione
3687 5138 3701 5177 :
3736 5125 3950 5193 ereptis

2251 5221 2547 5287 prmterea,
2597 5231 2736 5286 quas
2777 5214 3132 5281 obtinebant,
3184 5212 3356 5266 sacris
3403 5212 3644 5282 aedibus,
3687 5228 3818 5283 qua:
3863 5215 3949 5266 vel

2252 5303 2551 5358 Calholicis
2579 5303 2961 5371 traderentur,
2983 5303 3071 5357 vel
3093 5302 3294 5356 saltem
3325 5301 3948 5372 occluderentur,quod

2245 5391 2368 5462 jam
2398 5397 2529 5446 ante
2561 5391 2621 5445 in
2660 5391 3015 5462 Hipponensi
3052 5391 3281 5446 dioecesi
3315 5391 3525 5445 factum
3574 5389 3747 5445 fuisse
3781 5407 3946 5462 repe-

2253 5479 2432 5534 rimus
2477 5482 2674 5551 (Epist.
2713 5484 2832 5546 l39,
2883 5496 2939 5534 η.
2990 5483 3064 5548 2).
3116 5483 3252 5536 Post
3295 5479 3503 5534 factam
3550 5478 3666 5534 sive
3706 5483 3948 5551 coeptam

2254 5568 2532 5624 unitatem
2560 5569 2821 5625 habitum
2852 5568 2962 5624 fuit
2977 5569 3196 5625 decimo
3226 5567 3500 5624 kalendas
3527 5567 3872 5638 septembris
3892 5568 3949 5623 in
