4062 6362
156 328 260 380 353

155 446 392 501 basilica
431 444 702 517 Regionis
748 444 1009 500 secundae
1040 443 1486 513 Carthagiueuse
1516 443 1853 509 concilium;

155 536 313 606 quod
333 535 536 590 Africae
557 536 730 589 totius
755 534 925 588 fuisse
950 534 1032 587 vel
1064 550 1131 587 ex
1157 533 1248 587 die
1267 533 1390 587 solo
1413 533 1547 586 satis
1571 549 1856 604 superque

154 627 480 680 declaratur
529 643 542 679 :
597 641 769 696 quam
801 640 920 678 rem
951 623 1122 678 etiam
1153 623 1359 695 probat
1391 623 1743 694 legationum
1789 640 1857 677 ex

154 716 432 770 omnibus
471 714 774 785 provinciis
817 713 888 766 ad
936 714 1217 783 synodum
1266 713 1676 766 mittendarum
1713 712 1858 766 facta

157 805 400 858 mentio.
430 802 648 858 Placuit
675 818 774 873 per
797 801 1009 855 litteras
1035 817 1239 871 rogare
1270 801 1688 872 provinciarum
1719 816 1860 871 prae-

155 894 359 959 fectos,
392 897 456 946 ut
485 893 554 946 ad
583 891 1040 961 componendam
1088 907 1190 962 per
1219 893 1397 944 totam
1428 889 1694 957 Africam,
1727 906 1857 960 quae

154 981 394 1036 nonnisi
441 979 781 1050 Carthagine
810 984 944 1034 tunc
973 979 1249 1050 temporis
1279 979 1668 1051 redintegrata
1714 983 1853 1045 erat,

153 1067 528 1121 concordiam
557 1067 907 1132 laborarent;
932 1066 1069 1120 item
1090 1067 1160 1121 ad
1185 1067 1552 1134 Comitatum,
1588 1066 1646 1120 id
1679 1066 1856 1130 est,ad

157 1157 575 1226 Imperatorem
606 1155 842 1226 ejusque
881 1155 1191 1225 ministros,
1231 1156 1467 1224 sciberc,
1518 1159 1582 1211 ut
1627 1155 1681 1210 ei
1727 1171 1854 1225 gra-

156 1244 281 1311 tiae,
307 1245 380 1299 ob
400 1246 663 1314 expulsos
691 1244 1035 1314 Douatistas,
1059 1245 1231 1299 totius
1250 1244 1453 1299 Africae
1478 1244 1709 1299 nomine
1729 1261 1855 1315 age-

157 1337 364 1387 rentur
393 1333 600 1404 (Codice
626 1335 900 1390 Canonum
927 1334 1135 1400 Afric.,
1167 1349 1286 1388 can.
1317 1335 1424 1404 94).
1458 1332 1566 1398 Qui
1594 1349 1728 1388 vero
1759 1332 1855 1386 lit-

155 1425 313 1476 teras
359 1421 484 1475 illas
531 1420 837 1486 deferrent,
889 1421 1052 1476 electi
1099 1427 1233 1476 sunt
1280 1422 1415 1488 duo,
1464 1438 1578 1476 nou
1622 1421 1855 1493 quidem

154 1509 435 1580 episcopi,
486 1509 586 1564 sed
614 1513 836 1564 tantum
867 1509 1056 1564 clerici
1089 1526 1103 1564 :
1136 1527 1203 1564 eo
1229 1511 1383 1581 quod
1413 1511 1654 1581 epistola
1684 1512 1855 1564 quo-
1900 1555 1906 1566 ,

154 1599 335 1653 ceutii
382 1615 568 1670 papae,
609 1615 782 1670 quam
813 1599 1011 1670 procul
1043 1599 1216 1653 dubio
1256 1616 1287 1653 a
1315 1599 1515 1670 legatis
1544 1599 1856 1670 superioris

152 1687 386 1742 concilii
414 1687 644 1741 allatam
683 1687 745 1742 iu
791 1688 896 1742 hoc
925 1686 1247 1754 recitarant,
1280 1688 1532 1743 Africani
1577 1688 1856 1742 antistites

154 1777 561 1845 mouebantur,
593 1792 667 1831 ne
697 1777 860 1831 facile
905 1777 1198 1848 episcopos
1229 1777 1288 1831 iu
1321 1777 1544 1832 Italiam
1573 1777 1857 1846 proficisci

152 1870 514 1938 paterentur.
572 1865 694 1930 Qua
740 1867 810 1920 de
840 1881 900 1920 re
943 1867 1215 1936 prtesules
1245 1866 1469 1921 concilii
1516 1866 1630 1921 sive
1661 1868 1852 1938 legati,

152 1955 316 2010 idem
343 1955 514 2025 plane
558 1969 688 2008 cum
737 1955 1070 2009 Innocentio
1121 1959 1438 2010 senserunt.
1473 1957 1548 2010 Ex
1578 1972 1691 2027 quo
1726 1957 1856 2011 licet

154 2044 466 2115 conjicere,
515 2043 918 2114 episcoporum
948 2043 1391 2099 transmarinam
1420 2045 1854 2115 profectionem,

154 2131 390 2189 tametsi
431 2131 516 2186 illi
555 2133 975 2187 Donatistarum
1005 2134 1403 2188 vexatiouibus
1433 2133 1610 2188 coacti
1640 2134 1711 2187 ad
1743 2134 1855 2187 lm-

155 2227 491 2293 peratorem
521 2221 920 2292 perfugissent,
955 2221 1402 2292 reprehensione
1429 2225 1620 2276 tamen
1640 2237 1753 2276 non
1776 2237 1858 2276 ca-

114 2331 120 2340 ·
156 2310 362 2366 ruisse.
398 2310 596 2365 Nullus
624 2314 817 2365 autem
856 2315 942 2365 est
968 2310 1296 2381 ambigendi
1333 2310 1510 2377 locus,
1552 2310 1694 2381 quin
1724 2309 1857 2365 h'uic

155 2400 419 2470 generali
447 2399 686 2454 concilio
713 2398 1092 2471 Augustinus,
1140 2415 1257 2454 non
1287 2415 1448 2454 secus
1478 2415 1542 2454 ac
1570 2399 1857 2471 prioribus

158 2488 314 2557 aliis,
347 2488 692 2544 interfuerit.

847 2571 1070 2626 CAPUT
1109 2571 1180 2625 II.

168 2666 184 2716 2
243 2662 670 2732 Hipponensium
731 2661 1132 2714 Donatistarum
1177 2660 1563 2714 immanitas.2
1585 2661 1861 2717 Caeciliani

227 2751 550 2820 prasidium
565 2750 822 2819 implorat
847 2749 1216 2818 Augustinus.
1253 2753 1283 2804 3
1305 2749 1781 2805 Schismaticorum
1801 2752 1859 2804 in

230 2840 447 2908 reliqua
493 2839 695 2906 Africa
733 2840 912 2905 furor.
952 2840 986 2893 4
1017 2839 1291 2904 Sanguine
1338 2839 1561 2892 illorum
1606 2839 1858 2893 manibus

228 2930 359 2996 fuso
407 2931 557 2996 ﬂoret
605 2928 863 2982 Ecclesia.
911 2930 941 2981 5
971 2928 1197 2994 Legatos
1227 2926 1301 2980 ad
1324 2928 1704 2995 Imperatorem
1732 2929 1858 2982 mit-

233 3021 359 3071 tunt
401 3019 713 3071 Donatista.
755 3019 787 3071 6
828 3018 903 3070 De
942 3016 1160 3069 illorum
1205 3017 1432 3084 injuriis
1463 3015 1615 3085 apud
1640 3014 1859 3070 Janua—

230 3107 380 3160 rium
408 3105 709 3175 queruntur
738 3106 1104 3174 Hipponenses
1127 3105 1328 3158 clerici.

238 3199 288 3249 1.
324 3194 380 3249 Si
408 3193 543 3266 quid
574 3193 798 3248 ﬁduciae
827 3193 884 3246 iu
915 3208 1085 3247 causa
1113 3209 1214 3246 sua
1243 3190 1633 3262 reposuissent
1655 3192 1864 3247 Donati

158 3287 504 3350 sectatores;
553 3299 684 3336 cum
731 3299 790 3336 se
828 3286 1125 3353 tantopere
1153 3281 1206 3335 vi
1250 3281 1444 3351 legum
1471 3281 1859 3352 imperialium

161 3370 362 3442 urgeri
403 3371 687 3436 viderunt,
757 3371 1217 3441 amplectendam
1271 3369 1384 3424 illis
1437 3369 1858 3425 Catholicorum

159 3460 492 3530 exemplum
538 3459 726 3514 fuerat
774 3476 787 3514 :
828 3459 910 3513 ita
934 3463 998 3514 ut
1034 3458 1187 3530 ipsos
1215 3459 1286 3514 ad
1317 3459 1690 3530 colloquium,
1719 3459 1860 3512 veri-

160 3548 298 3602 tatis
327 3548 676 3603 illustrandaa
707 3548 909 3619 gratia,
943 3554 1318 3618 provocarent
1345 3549 1548 3618 (Epist.
1572 3551 1662 3616 88,
1691 3564 1746 3603 η.
1778 3548 1856 3618 7).

160 3639 378 3692 Verum
416 3637 520 3692 hac
551 3636 770 3691 ratione
803 3637 1009 3708 agendi
1040 3637 1320 3708 neglecta,
1350 3637 1502 3692 viam
1529 3639 1700 3707 plane
1729 3653 1861 3691 con-

157 3725 404 3781 trariam
428 3726 695 3788 inierunt,
728 3730 1162 3798 statueruntque
1186 3727 1447 3797 pluribus
1478 3727 1860 3797 adhuc,quam

159 3819 353 3882 antea,
385 3815 732 3870 facinoribus
762 3815 1116 3883 debacchari,
1147 3821 1203 3870 et
1229 3816 1382 3886 leges
1411 3817 1613 3870 eodem
1643 3815 1740 3868 illo
1769 3815 1858 3868 fn-

155 3918 297 3958 rore
344 3905 695 3970 conculcare,
723 3919 838 3975 quo
868 3903 940 3957 iis
963 3903 1211 3958 ferendis
1240 3919 1468 3957 causam
1496 3903 1862 3973 praebuerant

158 3993 368 4062 (Epist.
405 3995 526 4059 108,
571 4009 626 4046 n.
663 3992 772 4061 18).
810 3991 1062 4057 Quotidie
1094 3996 1413 4058 vestrorum,
1445 3991 1633 4062 inquit
1659 3993 1862 4062 Augu—

156 4080 370 4146 stinus,
399 4079 745 4133 incredibilia
780 4081 1028 4148 patimur
1050 4081 1205 4145 facta
1233 4080 1542 4133 clerich
1561 4083 1611 4133 et
1631 4079 1864 4134 Circum-

157 4172 472 4238 cellionum,
501 4171 667 4224 multo
690 4169 884 4238 pejora
907 4184 1071 4238 quam
1095 4169 1454 4238 quorumlibet
1479 4170 1748 4224 latronum
1769 4173 1862 4223 at-

159 4275 272 4329 que
295 4258 631 4327 pradonum.
665 4259 905 4326 Namque
934 4257 1218 4312 horrendis
1245 4260 1450 4312 armati
1476 4258 1736 4328 cujusque
1764 4272 1862 4325 ge-

155 4349 314 4403 neris
345 4349 482 4413 telis,
513 4347 830 4401 terribiliter
858 4347 1125 4415 vagando,
1155 4363 1262 4402 non
1281 4348 1398 4402 dico
1427 4348 1862 4416 ecclesiasticam,

159 4437 264 4492 sed
294 4439 468 4506 ipsam
496 4437 788 4491 humanam
816 4438 1044 4505 quietem
1067 4452 1360 4506 pacemque
1383 4437 1726 4506 perturbant.
1754 4438 1861 4493 Νο-

159 4527 378 4580 cturnis
416 4525 847 4594 aggressionibus
887 4524 1201 4580 clericorum
1231 4525 1612 4580 catholicorum
1640 4527 1862 4579 invasas

161 4615 350 4670 domos
396 4612 573 4667 nudas
628 4617 790 4681 atque
837 4614 1024 4667 inanes
1077 4612 1476 4682 derelinquunt.
1517 4615 1669 4682 Ipsos
1698 4615 1862 4668 etiam

158 4702 374 4768 raptos,
425 4701 476 4751 et
502 4697 745 4763 fustibus
779 4701 981 4764 tunsos,
1011 4698 1265 4765 ﬁrroque
1296 4699 1554 4767 concisos,
1581 4699 1862 4752 semivivos

160 4787 458 4856 abjiciunt.
491 4787 718 4856 Insuper
751 4801 886 4841 novo
915 4790 966 4840 et
994 4785 1220 4840 antehac
1250 4785 1498 4839 inaudito
1525 4787 1736 4840 sceleris
1765 4801 1862 4853 ge-

158 4891 310 4942 nere,
343 4877 510 4930 oculis
539 4891 719 4929 eorum
748 4876 943 4930 calcem
972 4879 1117 4930 aceto
1141 4875 1412 4943 permixto
1436 4874 1783 4940 infundentes
1812 4878 1863 4928 et

160 4967 531 5032 infercientes,
555 4978 685 5032 quos
706 4964 923 5017 evellere
933 4962 1243 5032 compendio
1257 4966 1524 5032 poterant,
1549 4964 1863 5017 excruciare

161 5053 404 5122 amplius
429 5052 657 5120 eligunt,
684 5067 847 5122 quam
876 5053 1037 5106 citius
1066 5065 1350 5106 excaecare.
1382 5052 1519 5106 Nam
1542 5053 1724 5120 primo
1745 5054 1865 5105 tan-

165 5147 285 5197 tum
329 5141 471 5195 calce
515 5140 591 5194 ad
639 5141 732 5194 hoc
759 5142 978 5208 facinus
1015 5141 1333 5206 utebantur;
1377 5139 1472 5194 sed
1510 5144 1864 5209 posteaquam

165 5232 289 5285 illos
321 5229 518 5298 quibus
541 5229 635 5282 hoc
664 5231 922 5296 fecerant,
957 5231 1061 5283 cito
1089 5231 1316 5284 salutem
1343 5243 1626 5299 reparasse
1653 5229 1864 5284 didice-

162 5323 316 5384 runt,
345 5321 551 5372 acetum
576 5316 907 5371 addiderunt
930 5316 1148 5388 (Contra
1167 5319 1431 5384 Crescon.,
1462 5319 1556 5373 lib.
1593 5321 1644 5384 3,
1672 5334 1729 5373 n.
1752 5317 1860 5384 46).

167 5405 460 5476 Praecipue
504 5421 637 5460 vero
666 5404 728 5458 iu
759 5404 1109 5476 Hippoueusi
1136 5405 1363 5460 dimcesi
1389 5405 1674 5460 feritatem
1704 5405 1862 5460 illam

166 5499 566 5562 exercuerunt,
606 5493 862 5550 barbaris
899 5493 1035 5565 ipsis
1084 5493 1435 5565 incognitam
1487 5495 1684 5566 (Epist.
1739 5499 1860 5563 111,

164 5602 222 5641 n.
261 5585 332 5655 1.)
379 5584 741 5656 Quapropter
777 5582 1166 5656 Hipponeuses
1193 5581 1384 5639 clerici
1417 5599 1486 5638 ea
1521 5584 1593 5640 de
1621 5599 1682 5639 re
1711 5599 1861 5640 anno

1595 320 1807 377 LIBER
1847 319 2145 376 SEXTUS.

3559 319 3660 372 354

1963 441 2226 514 sequenti
2243 440 2394 512 apud
2422 439 2728 496 Primatem
2760 439 3184 496 Donatistarum
3202 441 3654 512 expostularuut.

1969 535 2172 588 Vivunt
2210 535 2270 584 ut
2298 533 2550 597 latrones,
2587 531 2748 584 aiunt
2776 529 2880 595 illi,
2911 532 3220 584 moriuntur
3249 535 3309 584 ut
3339 532 3658 586 Circumcelw

1965 621 2150 689 tiones,
2201 622 2534 675 honorantur
2570 625 2630 674 ut
2675 625 2962 687 martyres,
3002 624 3052 674 et
3099 623 3277 673 tamen
3305 635 3395 674 nec
3427 620 3658 674 latrones

1965 712 2262 782 aliquando
2283 712 2613 779 audivimus,
2635 725 2718 765 eos
2740 725 2870 778 quos
2900 709 3200 778 depraedati
3225 713 3371 771 sunt,
3398 725 3658 765 ἀποδείξας-

1965 815 2037 856 se.
2063 801 2273 856 Occisos
2293 803 2553 866 auferunt
2574 800 2700 859 luci,
2723 815 2827 854 non
2845 800 2981 852 vivis
3003 799 3441 865 auferuntlucem
3457 797 3657 867 (Epist.

1966 889 2055 956 88,
2088 905 2144 943 η.
2173 892 2242 957 8).
2279 889 2394 944 Illis
2421 888 2483 942 in
2514 887 2825 943 Collatioue
2864 887 3202 958 exprobrata
3231 890 3316 940 est
3345 902 3412 940 ea
3441 886 3654 951 diritas,

1965 980 2243 1048 tanquam
2273 994 2400 1048 qua:
2431 977 2680 1048 quodam
2721 975 2890 1030 modo
2917 975 3096 1046 ipsius
3125 973 3404 1029 daemonis
3445 974 3507 1028 iu
3555 974 3658 1029 Job

1965 1067 2358 1120 crudelitatem
2411 1069 2704 1137 superaret
2748 1066 2978 1136 (Brevis.
3025 1066 3215 1120 Collat.
3269 1067 3325 1132 3,
3363 1081 3417 1118 η.
3468 1066 3556 1130 22,
3609 1067 3660 1117 et

1966 1155 2156 1212 Collat.
2205 1156 2465 1224 Carthag.
2516 1158 2564 1219 3,
2615 1170 2735 1224 cap.
2783 1154 2930 1223 298).
2978 1153 3220 1208 Membra
3265 1154 3427 1207 etiam
3467 1157 3660 1206 caetera

1961 1243 2147 1312 plagis
2185 1243 2473 1298 horrendis
2514 1243 2827 1297 vulneribus
2877 1243 3215 1296 sauciarunt.
3271 1239 3660 1309 Depmdantur

1963 1334 2124 1386 etiam
2155 1332 2336 1387 domos
2356 1333 2596 1400 aliquas,
2629 1335 2679 1385 et
2706 1330 3000 1385 incendunt
3029 1345 3043 1384 :
3073 1331 3288 1397 fructus
3308 1329 3492 1383 aridos
3522 1328 3662 1382 diri-

1961 1421 2142 1488 piunt,
2175 1420 2423 1475 humidos
2458 1419 2702 1486 fundunt
2742 1421 2938 1489 (Epist.
2991 1422 3111 1486 111,
3160 1435 3216 1472 n.
3254 1418 3318 1488 1).
3348 1418 3522 1472 Arma
3554 1418 3662 1472 sibi

1961 1510 2204 1575 ingentia
2227 1513 2277 1563 et
2307 1509 2579 1564 terribilia
2600 1509 2966 1575 fabricarum,
2991 1507 3186 1576 quibus
3215 1509 3418 1561 armati
3443 1522 3546 1576 per
3572 1507 3660 1560 di-

1961 1613 2119 1652 versa
2147 1599 2482 1664 discurrunt,
2515 1599 2893 1652 comminantes
2940 1601 3103 1665 atque
3131 1597 3441 1651 anhelantes
3471 1596 3659 1664 cades,

1962 1689 2214 1757 rapinas,
2241 1687 2513 1754 incendia,
2551 1689 2814 1742 cacitates
2852 1685 3050 1758 (Epist.
3082 1688 3172 1755 88,
3197 1701 3254 1739 η.
3286 1684 3360 1754 8).
3392 1685 3516 1748 Quo
3545 1688 3659 1739 ter-

1963 1791 2092 1830 rore
2140 1775 2202 1829 in
2242 1775 2467 1830 animos
2518 1775 2821 1829 hominum
2858 1774 3091 1844 injecto,
3137 1773 3460 1842 complures
3512 1771 3656 1826 adeo

1963 1863 2371 1935 percellebant,
2401 1866 2463 1917 ut
2491 1879 2549 1916 se
2578 1866 2912 1933 paterentur
2952 1861 3154 1914 iterato
3197 1859 3538 1930 Baptismate
3569 1859 3663 1913 fu-

1961 1950 2175 2006 nestari
2204 1953 2398 2020 (Epist.
2435 1953 2556 2016 111,
2587 1966 2643 2004 n.
2677 1949 2748 2019 8).
2786 1950 2868 2003 Ita
2896 1948 3088 2015 ﬁebat,
3123 1951 3185 2001 ut
3213 1947 3363 2001 inter
3386 1945 3660 2018 gravissi-

1966 2039 2138 2094 simas
2167 2039 2360 2110 leges,
2407 2054 2536 2109 quae
2583 2037 2808 2091 fuerant
2845 2036 2906 2091 in
2946 2052 3040 2090 eos
3067 2035 3466 2106 promulgatae,
3498 2051 3562 2089 ac
3591 2034 3661 2088 de

1965 2127 2173 2198 quibus
2201 2127 2439 2198 perinde
2461 2143 2524 2180 ac
2540 2126 2609 2181 de
2631 2125 2923 2180 vexatione
2947 2124 3230 2180 dirissima
3247 2123 3654 2196 querebantur,

1966 2233 2082 2271 non
2113 2216 2285 2271 modo
2331 2216 2391 2269 in
2434 2214 2890 2285 possessionibus
2919 2218 2976 2268 et
3005 2213 3122 2267 suis
3152 2217 3208 2268 et
3243 2213 3444 2267 alienis
3476 2211 3662 2267 securi

1965 2306 2248 2374 sederent,
2268 2320 2465 2358 verum
2493 2309 2551 2358 et
2579 2303 2941 2370 orthodoxos,
2964 2319 3136 2374 supra
3160 2319 3334 2374 quam
3354 2302 3507 2356 credi
3528 2318 3660 2374 pos-

1966 2394 2058 2461 sit,
2106 2393 2461 2450 afﬂictarent.
2506 2395 2728 2462 Insuper
2769 2395 2952 2459 etiam,
2995 2395 3230 2446 narrant
3271 2391 3662 2462 Hippoueuses

1967 2481 2180 2550 clerici,
2213 2484 2262 2538 si
2299 2497 2435 2551 quas
2467 2487 2661 2537 mortes
2692 2482 2800 2536 sibi
2826 2483 2969 2536 ultro
2997 2483 3274 2550 ingerunt,
3297 2481 3449 2534 nobis
3477 2481 3665 2534 volunt

1966 2587 2077 2627 esse
2105 2571 2425 2637 invidiosus,
2453 2571 2602 2626 vobis
2623 2573 2907 2639 gloriosas.
2936 2570 3088 2636 Quod
3113 2570 3267 2624 nobis
3288 2571 3521 2638 faciunt,
3559 2570 3666 2623 sibi

1965 2677 2071 2716 non
2123 2663 2431 2730 imputant;
2483 2665 2532 2714 et
2577 2659 2721 2728 quod
2765 2661 2871 2714 sibi
2909 2661 3146 2729 faciunt,
3185 2659 3339 2713 nobis
3389 2661 3664 2728 imputant

1970 2750 2166 2819 (Epist.
2219 2751 2310 2815 88,
2339 2765 2395 2803 η.
2442 2748 2516 2818 8).
2552 2749 2747 2802 Tanta:
2793 2752 3026 2818 tamque
3080 2747 3351 2802 inauditae
3402 2746 3663 2814 feritatis,

1968 2854 2082 2909 qua
2109 2838 2199 2891 vel
2229 2836 2384 2908 apud
2412 2836 2566 2903 ipsos
2587 2835 2840 2906 partium
2865 2851 3098 2890 suarum
3130 2838 3430 2890 sectatores
3446 2833 3506 2887 iu
3532 2833 3665 2888 iuvi-

1971 2926 2123 2981 diam
2169 2925 2535 2992 vocabantur,
2578 2926 2769 2994 legum
2817 2924 2989 2978 timor
3016 2940 3132 2979 non
3160 2927 3278 2977 tam
3317 2939 3488 2977 causa
3517 2926 3658 2990 erat,

1968 3029 2142 3086 quam
2186 3013 2352 3068 dolor
2405 3028 2475 3066 ex
2524 3011 2782 3082 profectu
2833 3011 3124 3065 catholicae
3169 3009 3446 3075 Ecclesia,
3489 3026 3662 3080 quam

1967 3100 2273 3173 Augustini
2298 3101 2616 3172 praasertim
2637 3099 2938 3155 conciones
2959 3099 3199 3154 assiduae
3219 3099 3430 3152 mirum
3457 3098 3516 3151 in
3541 3114 3663 3152 mo-

1969 3191 2107 3246 dum
2185 3189 2628 3260 ampliiicabaut.
2682 3192 2821 3244 Dum
2873 3191 3036 3256 enim,
3103 3187 3298 3242 scribit
3351 3187 3660 3254 Possidius,

1966 3280 2185 3334 verbum
2230 3280 2328 3333 Dei
2371 3278 2552 3333 sedulo
2586 3278 3000 3348 praedicaretur,
3045 3280 3095 3331 et
3142 3292 3263 3331 cum
3292 3276 3376 3330 his
3415 3276 3513 3343 qui
3539 3274 3664 3328 ode—

1966 3373 2096 3424 rant
2115 3383 2324 3439 pacem,
2352 3367 2506 3438 pacis
2536 3369 2679 3421 ratio
2709 3366 3025 3434 haberetur;
3055 3367 3142 3420 illi
3171 3366 3466 3433 loquentem
3495 3363 3667 3417 debel-

1969 3459 2157 3513 labant
2192 3457 2392 3526 gratis.
2427 3459 2497 3514 Et
2549 3471 2668 3511 cum
2713 3455 2972 3510 adversus
3001 3470 3181 3510 eorum
3222 3454 3419 3523 dogma
3458 3452 3666 3508 veritas

1967 3549 2332 3615 innotesceret,
2367 3547 2462 3614 qui
2489 3545 2755 3610 volebant,
2787 3549 2837 3599 et
2859 3548 3134 3614 poterant,
3166 3558 3277 3598 sese
3305 3541 3432 3596 inde
3460 3542 3543 3595 vel
3563 3542 3666 3595 eri-

1964 3635 2206 3704 piebant,
2238 3635 2321 3688 vel
2341 3633 2726 3699 subducebant,
2750 3637 2800 3686 et
2823 3634 2952 3702 paci
2973 3638 3134 3700 atque
3165 3633 3368 3686 unitati
3395 3631 3662 3696 Ecclesia,

1968 3738 2087 3777 cum
2115 3726 2230 3777 suis
2260 3722 2455 3790 quibus
2476 3726 2748 3790 poterant,
2781 3721 3134 3774 cohwrebant.
3165 3719 3312 3774 Unde
3336 3719 3428 3774 illi
3454 3721 3544 3774 sui
3588 3734 3668 3773 er-

1967 3815 2108 3867 roris
2133 3814 2568 3878 congregationes
2596 3813 2771 3864 minui
2793 3811 3225 3878 videntes,atque
3246 3811 3551 3879 augmentis
3573 3811 3671 3864 Ec-

1968 3903 2140 3956 clesia
2168 3900 2488 3965 invidentes,
2519 3901 2728 3953 accensi
2747 3898 3166 3952 emardescebant
3201 3899 3289 3952 ira
3315 3897 3667 3964 gravissima,

1968 3993 2018 4042 et
2065 3988 2428 4042 intolerabiles
2469 3990 2859 4057 persecutiones
2898 3989 3104 4041 unitati
3131 3987 3380 4040 Ecclesia
3403 3986 3668 4054 compacti

1963 4077 2241 4143 faciebant
2269 4075 2591 4148 (Possidius,
2618 4077 2678 4129 in
2712 4077 2845 4130 Vita
2872 4075 3107 4143 August.
3136 4089 3184 4130 c.
3221 4073 3333 4145 10).

2038 4167 2091 4220 2.
2137 4165 2294 4220 Tunc
2337 4164 2613 4234 temporis
2659 4181 2790 4219 cum
2837 4180 2942 4235 per
2970 4179 3136 4234 agros
3175 4161 3424 4234 Hippoui
3451 4161 3666 4216 vicinos

1968 4255 2247 4309 acerrima
2269 4254 2486 4309 fureret
2510 4254 2911 4309 haereticorum
2937 4252 3194 4318 audacia,
3229 4251 3374 4306 datae
3397 4256 3530 4305 sunt
3551 4250 3666 4304 illa:

1969 4343 2039 4398 ad
2068 4343 2438 4400 Caecilianum
2486 4343 2691 4398 litterae
2734 4345 2930 4412 (Epist.
2961 4345 3067 4408 86),
3099 4341 3309 4413 quibus
3339 4357 3470 4396 eum
3499 4342 3666 4410 rogat

1967 4432 2341 4502 Augustinus,
2373 4437 2439 4487 ut
2463 4449 2610 4498 eam,
2643 4448 2756 4502 qua
2787 4431 2846 4484 iu
2871 4431 3054 4485 Africa
3075 4430 3343 4501 pollebat,
3366 4429 3669 4483 auctorita-

1968 4526 2106 4589 tem,
2139 4538 2254 4577 uou
2283 4521 2515 4593 quidem
2545 4521 2615 4576 ad
2646 4519 2996 4575 ulciscendas
3036 4519 3191 4589 justa
3233 4517 3532 4574 severitate
3571 4517 3664 4571 iu-

1961 4611 2165 4682 jurias,
2209 4627 2407 4664 verum
2455 4610 2525 4664 ad
2578 4609 2856 4663 sanandos
2887 4624 3084 4662 earum
3115 4611 3374 4661 auctores
3403 4606 3662 4661 adhibito

1969 4703 2188 4754 terrore
2217 4699 2525 4754 conferret.
2573 4698 2672 4752 Hic
2699 4697 2795 4750 ille
2829 4695 3161 4752 Creeiliauus
3206 4711 3358 4750 auuo
3389 4694 3663 4766 quadrin-

1969 4786 2286 4858 gentesimo
2313 4802 2467 4840 nouo
2499 4785 2769 4856 praetorio
2801 4783 3101 4854 praefectus
3128 4783 3256 4838 fuit.
3283 4785 3367 4838 Ad
3397 4784 3664 4839 eumdem

1967 4875 2320 4946 Augustinus
2346 4873 2452 4929 sub
2479 4873 2654 4928 finem
2693 4871 2830 4927 anui
2870 4871 3425 4943 quadringentesimi
3456 4871 3664 4927 decimi

1968 4963 2125 5019 tertii
2153 4961 2400 5033 scripsit,
2444 4966 2721 5032 tauquam
2768 4961 2840 5015 ad
2877 4960 3064 5015 virum
3094 4961 3243 5032 apud
3273 4977 3331 5015 se
3363 4977 3573 5032 magno
3604 4961 3664 5014 iu

1968 5052 2186 5107 honore
2200 5051 2480 5114 habitum,
2499 5050 2720 5122 sibique
2740 5049 3135 5106 benevolentia
3153 5049 3475 5106 devinctum
3491 5051 3662 5120 plane

1969 5139 2247 5211 singulari
2289 5141 2486 5211 (Epist.
2533 5139 2672 5211 151).
2709 5138 3088 5194 Christianam
3131 5139 3472 5210 religionem
3513 5137 3664 5191 inter

1969 5230 2408 5284 catechumenos
2446 5228 2839 5301 proﬁtebatur,
2878 5245 2943 5283 ac
2993 5227 3102 5283 sibi
3149 5227 3553 5282 demandatum
3601 5224 3661 5278 in

1971 5318 2156 5373 Africa
2180 5335 2389 5373 munus
2417 5335 2549 5374 cum
2573 5335 2691 5373 non
2719 5318 2992 5374 mediocri
3013 5317 3325 5389 diligentiae
3347 5332 3409 5368 ac
3435 5313 3663 5383 pietatis

1969 5407 2120 5461 fama
2141 5407 2394 5478 gerebat.
2420 5407 2678 5463 Edictum
2699 5408 2821 5478 jam
2843 5407 3049 5461 tulerat
3063 5419 3321 5459 severum
3346 5400 3660 5455 admodum

1969 5495 2033 5550 in
2064 5496 2407 5564 Douatistas,
2441 5513 2556 5569 quo
2585 5496 2756 5552 variis
2781 5495 2840 5549 iu
2869 5494 3074 5550 Africae
3099 5491 3236 5546 locis
3265 5488 3662 5544 schismatico-

1973 5600 2104 5640 rum
2131 5601 2264 5642 cum
2291 5585 2535 5642 Ecclesia
2553 5582 3079 5642 reconciliationem
3099 5577 3327 5651 egregie
3349 5576 3660 5651 promovit.
