4062 6350
419 305 520 357 355

415 425 489 478 At
524 422 764 494 hujusce
815 419 986 474 edicti
1028 418 1243 474 fructus
1277 418 1535 474 nondum
1564 418 1897 491 Hipponem
1925 433 2029 472 nec
2053 416 2115 472 in

417 511 531 566 alia
556 511 680 565 loca
707 508 990 564 Numidia;
1017 507 1265 579 Hipponi
1291 507 1540 562 conﬁnia
1556 508 2114 579 pervenerat.ltaque

419 602 644 654 sanctus
674 597 887 652 Prassul
915 596 1119 651 nolens
1145 594 1208 650 in
1248 611 1310 650 re
1343 595 1489 650 tanti
1517 596 1797 650 momenti
1824 595 2119 667 negligen-

417 687 515 743 tiae
543 685 886 749 insimulari,
911 684 1076 756 petiit
1106 700 1210 756 per
1237 684 1453 739 litteras
1482 700 1516 739 a
1543 685 1862 754 Caeciliano,
1894 688 1960 739 ut
1988 700 2116 739 eam

420 791 650 848 quoque
675 773 969 845 regionem
992 774 1219 844 juvaret
1257 789 1271 827 :
1305 773 1814 846 presbyterumque
1846 773 2017 839 misit,
2050 789 2116 827 ex

421 880 536 937 quo
567 868 920 933 quantopere
946 865 1176 932 urgeret
1202 862 1527 929 necessitas,
1558 862 1766 917 certior
1788 862 2118 917 ﬁeret.Eum

421 954 615 1008 autem
644 950 978 1022 alloquitur,
1007 949 1170 1021 quasi
1199 950 1297 1022 qui
1329 951 1581 1006 nondum
1604 951 1664 1005 in
1693 951 1740 1022 ej
1752 967 1816 1005 us
1844 950 2119 1021 cognitio-

422 1056 558 1096 nem
603 1038 939 1095 devenisset.
975 1038 1245 1093 Dubitare
1276 1055 1443 1093 nemo
1474 1038 1674 1110 possit,
1705 1039 1843 1111 quin
1874 1055 1941 1093 ea
1968 1042 2116 1093 tem-

388 1133 640 1201 ,pestate
671 1128 731 1183 in
758 1127 946 1182 Africa
973 1132 1313 1196 versaretur,
1347 1134 1515 1199 atque
1563 1128 1722 1182 illam
1767 1127 2119 1199 provinciam

422 1216 851 1273 administraret
878 1215 1211 1271 Caecilianus
1254 1232 1269 1271 :
1303 1215 1457 1269 unde
1486 1216 1719 1286 colligas
1746 1214 1806 1270 id
1835 1232 1938 1270 nec
1966 1231 2118 1270 anno

423 1304 992 1378 quadringentesimo
1012 1320 1164 1358 nono
1192 1303 1582 1372 tribuendum,
1606 1319 1719 1374 quo
1748 1303 1899 1358 idem
1918 1304 2038 1375 ipse
2058 1303 2121 1359 in

421 1394 585 1450 Italia
621 1394 893 1465 praetorio
921 1393 1222 1464 praefectus
1251 1397 1390 1459 erat,
1423 1408 1528 1447 nec
1552 1408 1702 1446 anno
1731 1392 2120 1464 quadringen-

422 1484 626 1538 tesimo
657 1483 878 1538 decimo
906 1481 1097 1551 tertio,
1128 1498 1241 1553 quo
1270 1498 1481 1536 munus
1503 1481 1735 1552 aliquod
1752 1480 1833 1535 ibi
1855 1497 1986 1535 eum
2020 1481 2122 1536 ob-

423 1573 664 1628 tinuisse
710 1571 951 1626 minime
987 1570 1387 1642 comperimus.
1439 1570 1661 1625 Etenim
1688 1570 1994 1625 verisimile
2031 1570 2121 1625 vix

421 1661 692 1731 cuiquam
722 1659 1003 1726 videatur,
1038 1659 1229 1729 ipsum
1258 1664 1389 1729 post
1407 1659 1673 1729 adeptam
1697 1658 1952 1730 praefecti
1979 1675 2123 1730 pras-

420 1747 567 1803 torio
594 1747 933 1817 dignitatem
954 1746 1257 1817 provinciae
1290 1746 1391 1801 ulli
1411 1746 1723 1819 praefuisse.
1751 1748 1826 1801 At
1855 1747 2122 1802 eumdem

420 1851 573 1890 anno
592 1835 1157 1906 quadringentesimo
1186 1839 1389 1906 quarto
1412 1835 1651 1906 gessisse
1677 1835 1953 1890 honorem
1974 1836 2121 1889 vica-

424 1923 498 1979 rii
523 1923 985 1978 animadvertunt
1004 1924 1276 1995 (Gothofr.
1300 1924 1428 1980 Cod.
1452 1924 1651 1979 Theod.
1678 1927 1764 1978 tit.
1788 1926 1841 1990 6,
1871 1939 1927 1993 p.
1963 1924 2113 1993 354).

425 2012 582 2068 Unde
608 2026 761 2068 anno
788 2011 1355 2084 quadringentesimo
1384 2012 1583 2083 quinto
1613 2029 1732 2067 non
1757 2012 2000 2067 absurde
2030 2029 2123 2066 co-

424 2102 557 2157 dem
603 2100 788 2155 ofﬁcio
817 2100 880 2155 in
905 2100 1093 2155 Africa
1128 2101 1356 2156 functus
1401 2101 1713 2156 existimari
1739 2105 1952 2171 potest.
1997 2102 2122 2156 Non

423 2190 579 2245 enim
606 2189 905 2260 epistolam
934 2189 1093 2243 illam
1121 2206 1271 2244 anno
1302 2188 1868 2261 quadringentesimo
1891 2196 2120 2261 quarto,

425 2283 557 2335 ante
588 2277 822 2333 Honorii
854 2278 1008 2347 leges
1036 2293 1249 2349 ponere
1280 2278 1430 2333 licet.
1840 2330 1843 2331 ν

497 2370 549 2422 3.
581 2366 1005 2421 Donatistarum
1036 2365 1343 2420 etfrenatus
1371 2366 1530 2420 furor
1557 2365 1713 2421 haud
1743 2365 2123 2436 Hipponensis

316 2479 323 2485 ·
424 2455 682 2527 regionis
711 2454 922 2510 ﬁnibus
968 2454 1536 2509 circumscribebatur
1574 2471 1588 2509 :
1620 2456 1742 2526 ejus
1771 2471 2001 2526 quoque
2030 2472 2123 2510 ne—

426 2541 572 2597 faria
610 2540 851 2611 vestigia
896 2556 999 2612 per
1037 2540 1178 2594 alios
1205 2540 1409 2595 Africae
1437 2546 1647 2596 tractus
1677 2542 1993 2597 exstabant.
2039 2543 2122 2597 Si-

429 2629 667 2702 quidem
697 2628 849 2700 apud
880 2628 1176 2700 Bagaium,
1207 2629 1368 2699 cujus
1397 2629 1574 2697 urbis,
1607 2634 1673 2684 ut
1697 2629 1863 2685 nobis
1888 2630 2123 2702 quidem

426 2718 671 2785 videtur,
695 2717 1070 2773 Maximianus
1088 2718 1184 2773 ille
1204 2718 1275 2772 ab
1296 2717 1434 2789 ipsis
1454 2719 1596 2773 adeo
1623 2720 1772 2774 male
1793 2720 2120 2787 mulctatus,

426 2806 728 2878 episcopus
775 2811 914 2874 erat,
950 2806 1105 2861 dictu
1138 2806 1425 2861 horrenda
1454 2812 1858 2879 perpetrarunt
1885 2810 2116 2881 (Brevic.

425 2895 616 2951 Collat.
653 2896 704 2957 3,
736 2909 792 2949 η.
824 2896 937 2964 23).
972 2893 1092 2948 Illic
1120 2893 1349 2948 basilica
1375 2895 1445 2948 ab
1473 2895 1611 2965 ipsis
1632 2896 1860 2951 incensa
1887 2901 2125 2967 est,ncc—

423 2997 542 3036 non
564 2981 627 3035 in
669 2980 864 3052 ignem
911 2981 1150 3052 conjecti
1180 2980 1324 3036 sacri
1362 2982 1607 3046 codices,
1639 3000 1805 3055 quos,
1828 2989 2122 3055 grassante

426 3070 760 3126 Diocletiani
783 3070 1196 3142 persecutione,
1227 3071 1299 3125 ab
1321 3087 1380 3125 se
1410 3076 1660 3126 servatos
1687 3076 1986 3145 tantopere
2008 3075 2125 3144 glo-

424 3160 720 3215 ria’nantur
744 3159 951 3230 :judex
974 3158 1118 3230 ipse,
1140 3159 1279 3214 dum
1307 3175 1507 3215 eorum
1535 3160 1653 3214 vim
1675 3165 1846 3233 atque
1876 3162 2124 3233 impetus

424 3263 787 3318 compescere
813 3248 1110 3319 niteretur,
1136 3247 1194 3301 in
1215 3247 1467 3319 propriae
1486 3249 1685 3303 salutis
1704 3249 2010 3305 discrimen
2029 3252 2126 3306 ad-
2148 3266 2155 3271 '

425 3336 628 3391 ductus
671 3340 784 3402 est;
815 3335 894 3391 ita
916 3340 1002 3405 ut,
1041 3352 1172 3391 cum
1200 3336 1296 3390 ille
1327 3341 1550 3392 coactus
1576 3342 1724 3393 esset
1760 3338 1979 3395 illatam
2007 3341 2125 3395 vim

423 3425 480 3479 vi
506 3428 676 3497 atque
692 3423 865 3479 armis
883 3425 1184 3495 repellere,
1209 3424 1474 3480 nonnulli
1503 3425 1659 3480 exiis
1684 3426 1970 3482 interfecti
1989 3428 2119 3487 sint.

426 3515 583 3580 Quod
598 3530 730 3569 cum
746 3514 806 3568 in
819 3513 1131 3569 Collatione
1144 3518 1554 3585 exaggerarent
1567 3513 1780 3583 (Collat.
1802 3516 2057 3585 Carthag.
2070 3519 2121 3585 3,

426 3619 549 3673 cap.
572 3604 725 3673 258),
743 3601 1082 3665 dictitantes,
1107 3601 1423 3657 Catholicos
1439 3618 1665 3657 causam
1686 3603 2126 3673 praebuisse,cur

427 3691 740 3747 multorum
775 3689 1228 3746 Christianorum
1265 3690 1495 3762 sanguis
1521 3690 1860 3747 funderetur
1890 3692 2119 3762 (Brevic.

428 3781 620 3838 Collat.
645 3783 696 3848 3,
723 3796 780 3835 n.
808 3780 909 3850 13),
933 3779 1193 3852 quamvis
1211 3780 1366 3851 leges
1384 3784 1571 3835 essent
1594 3779 1919 3836 istiusmodi
1942 3798 2124 3853 poema

423 3886 543 3942 pra:
573 3869 815 3937 damnis,
849 3885 977 3941 quas
1006 3869 1113 3940 ipsi
1144 3868 1362 3940 priores
1398 3869 1714 3925 intulerant
1744 3886 1757 3925 :
1788 3887 2124 3942 responsum

425 3962 509 4015 est
533 3975 567 4013 a
597 3958 918 4029 Catholicis,
950 3975 1043 4013 eos
1072 3958 1179 4013 hoc
1206 3974 1403 4029 passos
1428 3974 1571 4025 esse,
1605 3958 1743 4014 dum
1773 3975 1972 4014 eorum
1999 3961 2121 4014 vio-

422 4048 617 4104 lentias
643 4048 1022 4116 resisteretur,
1048 4063 1220 4118 quam
1251 4051 1307 4101 et
1320 4046 1499 4118 judici
1518 4046 1730 4102 inferre
1750 4048 1942 4103 conati
1961 4054 2126 4104 erant

424 4136 614 4208 (Ibid.,
630 4151 687 4191 η.
710 4138 819 4206 23).
844 4137 929 4190 Ad
953 4132 1298 4206 Bagaianam
1318 4136 1532 4190 hancce
1546 4136 1868 4191 vastitatem
1888 4139 2125 4208 possunt

424 4228 680 4294 spectare
710 4224 808 4277 illa
836 4223 1140 4293 Augustini
1182 4224 1354 4277 verba
1393 4240 1406 4278 :
1438 4227 1575 4280 Nam
1612 4230 1818 4292 quanta
1849 4226 1994 4280 mala
2022 4242 2124 4281 no-

425 4313 555 4367 stris
573 4313 801 4379 fecerint
818 4312 1186 4377 fur‘iosissimi
1204 4312 1385 4365 clerici
1399 4317 1448 4366 et
1476 4312 1934 4369 Circumcelliones
1949 4317 2126 4383 partis

428 4401 643 4466 Donati,
681 4401 854 4455 nostis
897 4402 948 4453 et
991 4413 1100 4454 vos.
1142 4401 1374 4454 Incensae
1416 4404 1544 4455 sunt
1588 4403 1835 4468 ecclesia,
1879 4405 2034 4457 missi
2069 4405 2126 4458 in

424 4492 675 4559 ﬂammas
720 4487 924 4542 codices
958 4490 1156 4554 sancti,
1197 4490 1425 4544 incensa:
1464 4490 1629 4544 etiam
1652 4492 1889 4560 privatas
1916 4491 2123 4560 domus,

424 4579 579 4646 rapti
603 4577 838 4631 homines
884 4576 951 4631 de
978 4576 1196 4631 sedibus
1243 4579 1380 4640 suis,
1413 4582 1464 4632 et
1495 4579 1739 4633 omnibus
1768 4595 1887 4649 qua
1911 4582 2128 4637 inerant

425 4665 648 4734 ablatis,
678 4670 774 4721 aut
793 4666 1048 4737 perditis,
1071 4668 1184 4736 ipsi
1202 4668 1342 4734 ensi,
1372 4667 1588 4733 laniati,
1611 4671 1866 4724 ewcwcati
1897 4684 1910 4723 :
1943 4685 2037 4724 nec
2057 4671 2125 4724 ab

427 4753 716 4808 homicidio
737 4756 917 4823 potuit
939 4756 1257 4824 temperari;
1287 4757 1536 4824 quamvis
1564 4757 1639 4811 sit
1657 4757 1847 4812 mitius
1869 4758 1993 4812 huic
2019 4759 2127 4814 luci

424 4845 757 4909 morientem,
789 4859 952 4912 quam
978 4845 1142 4899 istam
1170 4845 1338 4899 lucem
1377 4846 1597 4912 auferre
1623 4847 1845 4901 viventi.
1898 4849 2126 4904 Ventum

424 4934 505 4986 est
531 4929 607 4984 ad
635 4930 891 4998 homines,
937 4947 1043 4987 non
1080 4937 1143 4987 ut
1188 4935 1384 4988 retenti
1413 4935 1610 5003 aliquo
1659 4934 2000 5003 ducerentur,
2031 4936 2126 4991 sed

426 5023 637 5074 tantum
662 5022 725 5074 ut
750 5020 859 5075 ista
877 5025 1215 5089 paterentur.
1239 5023 1343 5079 Nec
1372 5025 1549 5078 tamen
1578 5028 1792 5079 nostros
1820 5024 1940 5079 ideo
1958 5024 2127 5094 justi-

421 5110 668 5178 ﬁcamus,
691 5111 824 5178 quia
847 5110 958 5163 ista
983 5111 1226 5179 perpessi
1252 5114 1408 5178 sunt;
1434 5111 1529 5165 sed
1557 5114 1688 5179 quia
1702 5128 1804 5181 pro
1825 5114 2126 5169 christiana

422 5200 679 5264 veritate,
705 5213 808 5268 pro
838 5198 1043 5255 Christi
1067 5214 1218 5267 pace,
1244 5214 1348 5268 pro
1373 5201 1623 5255 Ecclesiae
1651 5203 1859 5256 unitate
1881 5205 2128 5273 perpessi

430 5290 558 5342 sunt
582 5286 703 5357 (Ad
730 5289 945 5355 Donat.,
968 5290 1092 5355 post
1120 5287 1335 5350 Coilat.,
1365 5303 1421 5342 η.
1447 5289 1560 5358 22).
1593 5289 1910 5361 Gorgonius
1945 5291 2126 5363 plebis

432 5374 831 5430 Liberaliensis
874 5373 1177 5446 episcopus
1204 5374 1265 5429 in
1295 5374 1606 5431 Collatione
1637 5382 1868 5448 questus
1896 5384 2002 5448 est,
2034 5396 2128 5436 ec-

425 5463 657 5518 clesiam
676 5480 839 5519 suam
865 5463 935 5518 ab
953 5461 1239 5519 haereticis
1267 5463 1389 5518 solo
1410 5467 1694 5536 aequatam
1712 5464 1886 5521 fuisse
1907 5468 2122 5538 (Collat.

433 5551 694 5622 Carthag.
728 5555 780 5621 1,
812 5568 933 5623 cap.
970 5553 1111 5625 133).
1142 5551 1383 5618 Questus
1411 5557 1498 5610 est
1525 5568 1756 5626 quoque
1786 5541 2129 5614 Fortunatus

1678 294 1853 352 VITA
1890 292 1946 350 S.
1987 290 2376 350 AUGUSTINI
2414 290 2752 349 EPISCOPI.

2225 415 2512 483 Cirtensis,
2554 415 2757 471 altaria
2804 414 2999 470 omnia
3034 414 3095 471 in
3133 415 3357 471 civitate
3404 415 3475 472 ab
3521 415 3736 472 iisdem
3770 415 3960 472 fuisse

2224 506 2509 560 confracta
2551 504 2734 576 (1bid.,
2783 520 2905 576 cap.
2957 502 3107 575 139).
3154 504 3418 560 Aurelius
3456 503 3959 560 Macomadiensis

2224 593 2469 649 occisum
2512 594 2907 650 Rotariensem
2947 593 3299 665 episcopum,
3341 593 3580 666 ejusque
3632 593 3961 650 ecclesiam

2225 683 2295 739 ab
2337 684 2476 755 ipsis
2523 700 2627 755 per
2664 683 2782 738 vim
2827 688 3161 754 occupatam
3205 699 3326 738 esse
3365 683 3686 755 deploravit
3744 683 3957 753 (Ibid,

2225 788 2346 844 mp.
2397 772 2545 843 187).
2597 772 2737 829 Cum
2782 770 2984 844 populi
3014 772 3350 829 Caesarianae
3387 766 3520 844 pars
3546 773 3836 845 quaedam
3883 772 3959 827 ab

2224 860 2508 917 haereticis
2539 861 2852 928 defecisset,
2887 861 3220 917 Cresconius
3240 861 3321 916 ibi
3354 860 3791 916 Donatistarum
3824 861 3960 932 epi-

2226 965 2435 1022 scopus
2462 951 2858 1023 presbyterum
2896 950 3262 1019 catholicum,
3302 966 3336 1005 a
3384 966 3498 1022 quo
3537 950 3740 1006 ﬁdeles
3775 966 3958 1021 rege.

2225 1039 2455 1109 bantur,
2497 1038 2669 1095 variis
2712 1038 3006 1110 suppliciis
3055 1039 3260 1107 affecit,
3303 1055 3687 1111 quaecumque
3713 1039 3815 1094 vel
3848 1038 3954 1093 ille

2226 1128 2314 1183 vel
2343 1127 2499 1183 illius
2538 1127 2772 1184 ecclesia
2796 1127 3141 1200 possidebat,
3172 1127 3428 1199 diripuit,
3459 1128 3773 1199 pecuniam
3801 1144 3951 1201 quo-

2227 1233 2339 1289 que
2369 1233 2433 1271 ac
2468 1217 2827 1273 frumentum
2871 1216 3128 1272 Ecclesiae
3157 1217 3409 1285 abstulit,
3457 1221 3517 1273 et
3551 1218 3822 1288 plaustra
3854 1217 3947 1273 his

2226 1305 2681 1378 praedationibus
2702 1310 2908 1361 onusta
2926 1305 3161 1362 deduxit
3179 1304 3503 1377 (Ibid.,cap.
3531 1305 3682 1378 188).
3708 1306 3949 1361 Puden-

2227 1395 2400 1449 tiauas
2420 1410 2606 1449 sacras
2630 1394 3051 1450 Catholicorum
3074 1394 3223 1451 uides
3243 1398 3589 1463 everterunt,
3613 1408 3947 1465 earumque

2230 1488 2569 1538 ornamenta
2604 1481 2800 1538 omnia
2831 1483 3192 1539 abstulerunt
3220 1499 3234 1539 :
3269 1487 3325 1538 et
3354 1482 3691 1538 Cresconius
3716 1482 3945 1538 ibidem

2228 1570 2462 1626 illorum
2492 1572 2810 1643 episcopus,
2842 1588 2961 1626 uno
2982 1575 3154 1643 atque
3178 1570 3378 1627 eodem
3406 1572 3527 1626 loco
3554 1574 3815 1642 quatuor
3838 1570 3945 1624 ba-

2230 1660 2415 1714 silicas
2443 1660 2636 1715 diruit.
2669 1661 2811 1715 Cum
2841 1663 3032 1715 autem
3066 1659 3347 1730 compulsi
3373 1659 3606 1715 illorum
3640 1659 3846 1713 furore
3880 1675 3947 1712 ac

2228 1749 2497 1803 violentia
2512 1748 2783 1804 Catholici
2795 1748 3129 1821 praesidium
3145 1748 3585 1820 magistratuum
3598 1747 3947 1813 frangendis

2231 1854 2433 1892 eorum
2470 1838 2764 1892 conatibus
2794 1838 3225 1908 implorassent;
3268 1837 3399 1892 inde
3429 1837 3693 1908 quaedam
3738 1850 3947 1890 neces-

2231 1926 2381 1981 sario
2402 1927 2691 1997 contigere
2713 1927 2955 1981 molesta
2975 1929 3030 1981 et
3050 1926 3266 1996 odiosa,
3291 1926 3363 1981 ob
3384 1942 3515 1998 qua:
3533 1926 3596 1981 in
3612 1925 3943 1982 Collatione

2232 2015 2480 2086 graviter
2525 2015 2824 2087 conquesti
2870 2019 3005 2070 sunt
3053 2014 3363 2070 Donatista:
3393 2014 3576 2085 (Ibid,
3615 2030 3745 2084 cap.
3786 2013 3941 2084 20l).

2232 2106 2362 2159 Haec
2403 2104 2658 2176 profecto
2705 2103 3045 2159 eveniebant
3092 2108 3303 2174 praeter
3341 2104 3698 2158 voluntatem
3746 2103 3943 2158 consi-

2230 2193 2489 2264 liumque
2530 2193 2814 2247 bonorum
2872 2209 2936 2247 ac
2988 2191 3415 2263 praecipuorum
3467 2208 3497 2246 e
3552 2190 3867 2247 Catholicis
3924 2207 3940 2245 :

2232 2282 2445 2353 quippe
2471 2282 2572 2353 qui
2596 2283 2770 2353 leges,
2803 2282 3013 2352 quibus
3034 2286 3216 2335 semet
3241 2285 3560 2350 tuerentur,
3581 2296 3701 2334 non
3723 2279 3942 2352 quibus

2231 2373 2581 2428 adversarios
2624 2376 3125 2444 persequerentur,
3155 2372 3608 2440 postulaverant.
3645 2373 3758 2429 Nos
3788 2374 3936 2427 inte-

2229 2464 2357 2532 rim,
2388 2462 2549 2516 aiunt
2603 2461 3014 2532 Hipponenses,
3051 2462 3103 2516 si
3148 2460 3366 2531 quando
3411 2464 3613 2515 vestros
3672 2463 3936 2522 tenemus,

2231 2567 2348 2607 cum
2378 2566 2578 2617 magna
2616 2551 2896 2604 dilectione
2923 2565 3198 2605 servamus
3225 2552 3419 2606 illaesos
3451 2566 3465 2605 :
3494 2551 3772 2620 loquimur
3795 2552 3937 2615 illis,

2232 2644 2282 2695 et
2312 2641 2535 2708 legimus
2563 2641 2764 2707 omnia,
2796 2640 2991 2709 quibus
3020 2641 3306 2708 erroripse
3325 2640 3682 2705 convincitur,
3701 2641 3802 2704 qui
3819 2639 3942 2704 fra-

2233 2731 2340 2781 tres
2377 2743 2412 2782 a
2438 2728 2710 2795 fratribus
2738 2732 2979 2798 separat.
3008 2728 3089 2783 Ac
3117 2729 3194 2783 sic
3223 2728 3435 2796 aliquos
3463 2741 3672 2795 eorum,
3694 2727 3939 2782 conside-

2231 2820 2413 2870 rantes
2455 2814 2779 2869 evidentiam
2806 2817 3055 2870 veritatis
3084 2821 3134 2870 et
3156 2816 3597 2886 pulchrtudinem
3617 2817 3797 2885 pacis,
3828 2831 3936 2869 non

2231 2906 2528 2974 Baptismo,
2552 2921 2707 2973 quem
2722 2905 2842 2974 jam
2863 2908 3003 2960 sicut
3020 2906 3256 2971 regalem
3273 2905 3649 2959 characterem"
3664 2909 3933 2973 tanquam

2232 2992 2523 3047 desertores
2559 2997 2894 3063 acceperant,
2922 2994 3017 3048 sed
3047 2994 3178 3063 ﬁdei
3214 3009 3333 3064 qua
3360 2994 3470 3048 illis
3499 2994 3697 3061 defuit,
3724 2998 3775 3047 et
3803 2993 3932 3063 Spi-

2230 3082 2372 3135 ritus
2400 3084 2577 3136 sancti
2603 3083 2865 3136 charitati
2889 3085 2939 3136 et
2962 3084 3168 3138 Christi
3188 3085 3403 3152 corpori
3425 3084 3712 3137 sociemus.
3740 3083 3805 3138 Si
3831 3099 3929 3136 au-

2237 3174 2337 3225 tem
2376 3171 2459 3225 vel
2503 3172 2677 3225 nimia
2724 3171 2954 3237 duritia,
2986 3171 3069 3225 vel
3092 3170 3320 3241 pudore,
3352 3186 3457 3226 non
3484 3173 3716 3238 ferentes
3749 3186 3931 3224 eorum

2232 3259 2653 3325 insultationem,
2695 3274 2813 3314 cum
2852 3260 3045 3329 quibus
3083 3264 3271 3315 contra
3311 3274 3408 3315 nos
3445 3266 3556 3314 tam
3583 3260 3757 3314 multa
3780 3260 3931 3326 falsa

2227 3347 2536 3417 jactabant,
2552 3353 2602 3402 et
2624 3352 2735 3403 tam
2757 3349 2930 3403 multa
2957 3350 3105 3403 mala
3119 3348 3519 3418 emcogitabant,
3550 3349 3633 3402 vel
3658 3350 3835 3416 magis
3857 3350 3929 3402 ti-

2232 3451 2395 3503 more,
2417 3451 2482 3491 ne
2500 3438 2690 3505 qualia
2708 3437 2862 3491 nobis
2885 3441 3046 3491 antea
3062 3437 3501 3506 faciebant,talia
3523 3437 3795 3492 nobiscum
3806 3438 3929 3507 jam

2229 3526 2538 3595 patiantur,
2570 3528 2777 3580 unitati
2805 3527 3016 3583 Christi
3037 3529 3334 3583 consentire
3356 3528 3660 3593 noluerint;
3686 3527 3829 3581 sicut
3855 3527 3927 3580 il-

2235 3615 2348 3668 laesi
2386 3617 2581 3669 retenti
2621 3618 2769 3678 sunt,
2811 3618 2890 3670 sic
2937 3631 2972 3670 a
3023 3616 3176 3671 nobis
3205 3615 3559 3670 dimittuntur
3584 3615 3762 3670 illaesi.
3794 3616 3923 3681 Hoc,

2233 3707 2496 3782 quantum
2536 3718 2839 3773 possumus,
2888 3719 3159 3759 monemus
3196 3706 3362 3759 etiam
3412 3705 3577 3759 laicos
3604 3706 3835 3769 nostros,
3866 3709 3926 3757 ut

2233 3806 2317 3845 eos
2344 3793 2536 3847 illaesos
2567 3797 2797 3861 teneant,
2829 3797 2880 3847 et
2906 3793 3059 3848 nobis
3088 3792 3456 3863 corripiendos
3480 3792 3926 3860 instruendosque

2231 3880 2557 3949 perducant.
2582 3880 2688 3935 Sed
2715 3881 2892 3949 aliqui
2913 3895 3010 3935 nos
3028 3881 3283 3948 audiunt,
3311 3886 3361 3935 et
3382 3882 3434 3936 si
3445 3884 3674 3951 possunt
3693 3882 3920 3947 faciunt.

2234 3970 2354 4024 Alii
2384 3985 2501 4024 cum
2528 3970 2642 4024 illis
2661 3970 3110 4039 quemadmodum
3135 3985 3255 4026 cum
3276 3970 3577 4025 latronibus
3603 3971 3925 4037 agunt,quia

2233 4074 2317 4113 eos
2348 4074 2534 4112 revera
2549 4060 2681 4112 tales
2695 4061 3005 4128 patiuntur.
3024 4060 3220 4129 Aliqui
3238 4060 3379 4115 ictus
3400 4073 3580 4113 eorum
3609 4060 3724 4112 suis
3744 4072 3923 4126 corpo-

2231 4146 2384 4200 ribus
2412 4148 2749 4202 imminentes
2775 4147 3020 4215 feriendo
3057 4149 3345 4218 repellunt,
3372 4162 3441 4202 ne
3482 4147 3551 4201 ab
3573 4148 3651 4201 eis
3679 4149 3803 4200 ante
3833 4147 3922 4212 fe-

2232 4237 2451 4289 riantur
2479 4252 2492 4291 :
2518 4237 2695 4306 aliqui
2716 4238 3074 4306 apprehensos
3088 4237 3368 4307 judicibus
3390 4236 3642 4305 offerunt,
3664 4250 3757 4289 nec
3774 4233 3919 4289 nobis

2234 4323 2683 4378 intercedentibus
2721 4326 2796 4379 eis
2838 4329 3097 4394 parcunt,
3138 4325 3269 4380 dum
3296 4326 3365 4378 ab
3394 4326 3472 4379 eis
3502 4324 3629 4394 pati
3654 4323 3801 4376 mala
3827 4324 3918 4375 im-

2232 4415 2418 4466 mania
2440 4415 2839 4481 pertimescunt.
2864 4417 2924 4469 In
2945 4414 3143 4483 quibus
3163 4415 3409 4470 omnibus
3427 4413 3516 4468 illi
3527 4428 3635 4467 non
3653 4411 3920 4481 deponunt

2231 4501 2385 4567 facta
2440 4501 2729 4568 latronum,
2781 4507 2833 4557 et
2887 4504 3136 4559 honorem
3185 4504 3293 4558 sibi
3346 4505 3575 4571 exigunt
3621 4505 3922 4570 martyrum

2234 4589 2432 4661 (Epist.
2464 4592 2551 4658 88,
2580 4606 2637 4645 n.
2666 4590 2750 4662 9).

2303 4677 2356 4731 4.
2391 4676 2673 4733 Caeterum
2704 4680 2855 4733 Deus
2884 4679 3056 4734 etiam
3087 4683 3213 4735 tum
3231 4679 3304 4734 iis
3323 4679 3564 4749 damnis,
3598 4695 3726 4751 quia
3747 4680 3922 4735 Dona-

2233 4763 2494 4819 tistarum
2519 4766 2681 4821 furor
2708 4767 3011 4823 Catholicis
3039 4768 3354 4840 inﬂigebat,
3385 4785 3581 4823 vocem
3609 4768 3766 4823 illam
3793 4769 3918 4839 plu-

2232 4852 2391 4909 ribus
2418 4858 2551 4910 ante
2581 4856 2745 4911 annis
2772 4857 3201 4928 pronuntiatam
3247 4857 3658 4931 comprobavit,
3697 4857 3919 4928 sangui-

2234 4958 2366 4997 nem
2408 4943 2674 5000 videlicet
2718 4950 3036 5019 martyrum
3076 4962 3273 5001 semen
3302 4962 3422 5002 esse
3453 4945 3913 5002 Christianorum.

2234 5026 2395 5092 Quod
2429 5032 2485 5083 et
2512 5030 2869 5101 Augustinus
2896 5035 3137 5086 testatur
3179 5030 3270 5087 his
3308 5031 3497 5087 verbis
3528 5047 3543 5086 :
3587 5033 3693 5088 Nos
3728 5031 3918 5100 hujus-

2231 5116 2381 5171 modi
2417 5120 2653 5186 afﬂictos
2700 5120 2859 5175 malis
2904 5135 3226 5191 consequens
3254 5121 3557 5176 consolatus
3584 5124 3663 5176 est
3688 5122 3914 5188 fructus.
3948 5134 3951 5137 '

2232 5206 2375 5262 Nam
2401 5207 2723 5278 ubicumque
2762 5224 2798 5265 α
2829 5209 3060 5279 perditis
3087 5212 3195 5264 ista
3222 5211 3507 5265 commissa
3532 5213 3679 5279 sunt,
3707 5209 3784 5262 ibi
3808 5210 3915 5276 fer-

2232 5297 2443 5350 ventius
2477 5300 2640 5365 atque
2688 5300 2980 5366 perfectius
3024 5299 3210 5353 unitas
3251 5299 3558 5353 christiana
3581 5298 3840 5367 profecit;
3870 5302 3917 5352 et

2233 5383 2451 5439 uberius
2495 5385 2757 5441 laudatur
2782 5388 3063 5457 Dominus,
3097 5388 3196 5457 qui
3221 5387 3424 5442 donare
3450 5387 3711 5457 dignatus
3739 5391 3830 5450 est,
3859 5390 3917 5441 ut

2233 5475 2377 5528 servi
2404 5474 2525 5543 ejus
2562 5476 2912 5544 passionibus
2954 5479 3069 5531 suis
3107 5477 3449 5543 lucrarentur
3473 5477 3678 5543 fratres
3706 5490 3840 5543 suos,
3869 5480 3916 5530 et

2232 5574 2352 5617 oves
2398 5562 2516 5631 ejus
2557 5565 2836 5632 mortifero
2876 5580 3055 5623 errore
3099 5564 3376 5636 dispersas
3416 5566 3476 5621 in
3521 5579 3711 5635 pacem
3736 5565 3917 5620 salutis

3460 5690 3494 5729 1

3850 294 3960 348 356
4033 294 4035 345 ἲ
