4062 6360
180 334 280 386 357
1639 337 1850 394 LIBER
1908 339 2204 398 SEXTUS.
3585 333 3686 398 359

180 461 396 512 eterna:
426 473 523 513 suo
563 460 827 526 sanguine
855 463 1239 528 congregarent
1269 459 1472 532 (Epist.
1518 463 1637 530 l85,
1671 478 1728 517 η.
1763 461 1876 534 31).

181 545 245 599 Id
279 551 432 602 certe
462 548 782 617 praesertim
803 547 1097 602 laboribus
1126 549 1705 618 Augustini,membri
1733 551 1883 605 inter

181 635 294 690 alia
326 638 542 704 omnia,
577 639 786 716 quibus
819 638 1122 709 mysticum
1165 639 1390 694 Domini
1420 657 1626 711 corpus
1658 645 1880 695 consta-

179 724 301 792 bat,
335 726 610 797 praecipui
635 727 884 797 contigit.
925 729 973 780 ls
1002 727 1282 782 indefessa
1312 745 1447 782 cura
1477 729 1882 800 promovendis

181 814 443 868 Ecclesiae
491 815 656 868 rebus
696 815 1050 886 invigilabat,
1101 832 1341 888 eamque
1388 817 1646 872 laetitiam
1691 817 1882 872 divina

177 901 533 972 benignitate
579 903 818 974 adeptus
856 909 957 969 est,
991 908 1055 958 ut
1085 910 1367 975 superstes
1395 907 1578 960 adhuc
1609 907 1882 961 sudorum

178 1006 417 1044 suorum
466 991 682 1046 fructus
725 991 1066 1062 perciperet,
1108 1009 1170 1046 ac
1205 1009 1403 1064 pacem
1443 999 1611 1065 atque
1642 1010 1880 1048 concor-

177 1079 334 1133 diam
382 1080 634 1150 primum
685 1081 966 1152 Hippone,
1011 1082 1172 1152 cujus
1210 1083 1368 1139 urbis
1399 1099 1460 1137 ac
1491 1083 1798 1139 dioeceseos
1829 1084 1882 1138 ci

176 1167 470 1240 praecipue
490 1169 830 1224 demandata
859 1175 981 1224 erat
1010 1187 1164 1237 cura,
1198 1171 1564 1226 constitutam
1592 1179 1876 1238 cerneret;

179 1257 390 1312 deinde
416 1273 519 1328 per
547 1262 725 1312 totam
746 1258 1014 1325 Africam,
1039 1259 1140 1314 ubi
1170 1277 1296 1314 cum
1331 1277 1432 1332 per
1459 1276 1517 1315 se
1543 1261 1881 1332 ipsum,tum

179 1362 286 1417 per
314 1346 628 1417 episcopos,
669 1363 813 1418 quos
861 1364 926 1401 ex
973 1365 1075 1402 sua
1105 1347 1464 1403 institutione
1493 1366 1556 1403 ac
1584 1349 1882 1420 disciplina

179 1434 235 1488 ei
291 1436 543 1494 dederat.
585 1436 844 1489 Ecclesia:
899 1452 1172 1507 magnum
1219 1436 1636 1492 incrementum
1697 1438 1884 1492 attulit

182 1521 440 1593 (Possid.,
463 1525 522 1577 in
547 1525 675 1579 Vita
696 1525 956 1593 August,
975 1540 1021 1579 c.
1053 1525 1156 1595 18).
1186 1526 1302 1578 Hoc
1322 1530 1514 1580 tamen
1535 1542 1678 1596 Opus
1697 1526 1756 1580 in
1781 1543 1882 1580 sua

178 1611 412 1666 dimcesi
460 1627 577 1666 non
624 1612 736 1666 nisi
778 1612 974 1666 multis
1016 1617 1148 1683 post
1189 1613 1353 1667 annis
1392 1614 1676 1669 absolvit:
1710 1631 1772 1668 ac
1811 1615 1880 1670 de

176 1700 456 1772 praesenti
500 1700 558 1755 id
603 1702 1000 1756 tantummodo
1042 1717 1380 1772 cognoscere
1433 1708 1536 1770 est,
1588 1704 1880 1759 basilicam

178 1805 311 1860 quae
342 1789 456 1843 illic
488 1789 912 1844 Donatistarum
941 1790 1144 1856 fuerat,
1175 1790 1286 1844 illis
1305 1795 1441 1845 tunc
1467 1795 1564 1845 aut
1584 1796 1710 1862 post
1736 1809 1878 1862 pau-

178 1878 304 1932 lum
336 1881 591 1949 ereptam
639 1893 758 1932 esse
805 1878 1062 1947 (Retract.
1110 1879 1243 1933 libro
1272 1883 1325 1947 2,
1359 1895 1479 1949 cap.
1520 1883 1631 1948 27).
1667 1881 1882 1935 Cirten-

177 1967 258 2020 sis
291 1967 558 2037 Ecclesia,
590 1971 708 2021 tam
741 1967 930 2021 dirum
963 1968 1021 2022 in
1042 1968 1276 2022 modum
1308 1968 1378 2022 ab
1407 1968 1689 2023 haereticis
1721 1985 1881 2023 vexa-

175 2061 261 2124 ta,
290 2055 507 2126 pariter
536 2061 875 2127 argumento
915 2056 1021 2110 fuit
1049 2055 1364 2126 plurimum
1391 2057 1541 2127 apud
1572 2058 1752 2111 Deum
1781 2075 1877 2110 va-

175 2143 354 2198 luisse
393 2160 687 2197 servorum
727 2160 960 2198 suorum
988 2161 1203 2215 poenas,
1238 2161 1482 2216 quarum
1513 2146 1664 2200 haud
1707 2145 1878 2200 dubie

175 2232 397 2287 intuitu
440 2248 504 2287 ac
542 2233 748 2287 merito
781 2234 1098 2288 Donatistas
1129 2234 1282 2288 illius
1313 2233 1420 2287 loci
1445 2235 1516 2288 ad
1546 2234 1879 2288 catholicam

174 2322 458 2378 unitatem
506 2322 736 2376 demum
777 2321 999 2376 reduxit
1043 2325 1236 2391 (Epist.
1285 2322 1425 2392 144).
1473 2325 1543 2376 At
1582 2322 1724 2377 illud
1749 2327 1879 2377 ante

177 2428 394 2466 annum
458 2411 1091 2482 quadringentesimum
1139 2407 1539 2466 duodecimum
1578 2412 1880 2482 contigisse

176 2518 300 2556 non
331 2501 572 2555 videtur.
605 2502 682 2554 Ex
709 2500 1016 2555 Collatione
1047 2517 1278 2572 quoque
1307 2500 1596 2568 discimus,
1644 2501 1878 2556 Liberti-

177 2607 271 2645 nae
317 2589 704 2644 schismaticos
753 2605 973 2656 omnes,
1015 2589 1243 2644 nemine
1286 2594 1538 2659 excepto,
1585 2589 1656 2644 ad
1698 2591 1880 2644 Eccle-

177 2679 330 2732 siam
363 2678 600 2732 rediisse
630 2679 842 2747 (Collat.
878 2679 1134 2746 Carthag.
1174 2682 1224 2747 1,
1254 2694 1374 2747 cap.
1409 2678 1550 2748 116).
1583 2678 1740 2732 Idem
1764 2678 1881 2732 fue-

175 2773 327 2822 rata
357 2767 525 2838 plebe
558 2767 888 2820 Bazaritana
917 2766 1156 2834 factum;
1199 2767 1278 2820 ita
1323 2770 1383 2820 ut
1429 2766 1738 2836 Calipotius
1781 2783 1877 2820 eo-

177 2873 310 2909 rum
345 2855 644 2926 episcopus
674 2871 803 2909 cum
833 2871 1029 2910 omnes
1058 2871 1091 2908 a
1120 2871 1178 2908 se
1212 2855 1477 2909 defecisse
1503 2854 1876 2925 conspiceret,

177 2945 297 2998 alio
329 2943 710 3015 commigrare
739 2945 910 2998 fuerit
937 2948 1163 2998 coactus
1197 2943 1379 3012 (Ibid.,
1410 2958 1528 3012 cap.
1562 2945 1699 3006 129).

253 3037 304 3088 5.
340 3034 464 3087 Non
485 3033 595 3087 alia
624 3049 757 3086 sane
778 3034 846 3086 de
875 3049 1041 3086 causa
1069 3048 1222 3086 mare
1243 3031 1673 3101 trajecerunt,et
1690 3045 1879 3084 coram

176 3122 448 3194 prtefecto
477 3121 731 3192 praztorii
769 3121 1173 3175 sisteruntsese
1195 3119 1458 3173 nonnulli
1479 3135 1546 3173 ex
1570 3118 1883 3172 Donatista-

176 3227 313 3265 rum
329 3211 812 3282 episcOpis,quam
826 3214 889 3264 ut
911 3211 1100 3281 legum
1117 3210 1360 3263 latarum
1378 3208 1437 3262 in
1455 3207 1608 3278 ipsos
1630 3206 1880 3277 mitigari

177 3299 540 3354 severitatem
578 3303 848 3370 rogarent
881 3299 1081 3369 (Epist.
1113 3301 1200 3366 88,
1233 3314 1286 3353 η.
1322 3299 1428 3368 10).
1462 3298 1673 3350 Horum
1703 3311 1733 3349 e
1773 3312 1879 3348 nu-

177 3405 342 3443 mero
374 3387 743 3444 Maximinum
774 3387 1116 3443 Sinitensem
1155 3385 1327 3440 fuisse
1357 3385 1680 3456 opinamur.
1713 3386 1881 3438 Ante-

178 3493 356 3549 quam
389 3481 578 3531 autem
608 3477 656 3530 is
683 3492 748 3531 ex
775 3475 1158 3530 transmarina
1188 3474 1648 3546 peregrinatione
1675 3473 1878 3527 rediis-

178 3569 287 3632 set,
319 3565 670 3636 Augustinus
691 3565 1086 3635 presbyterum
1116 3563 1362 3619 Sinitum
1387 3562 1562 3631 misit,
1596 3567 1657 3616 ut
1678 3562 1884 3617 Catho-

178 3653 425 3709 licorum
465 3655 586 3725 ejus
635 3653 743 3708 loci
785 3669 978 3708 curam
1027 3656 1270 3724 gereret,
1327 3656 1496 3722 atque
1542 3651 1656 3704 illic
1693 3649 1755 3704 in
1793 3649 1881 3702 sui

170 3742 329 3813 juris
358 3743 527 3798 domo
548 3743 767 3815 positus
789 3742 1000 3813 injuria
1022 3741 1240 3796 nemini
1257 3741 1412 3795 illata
1433 3739 1765 3794 catholicam
1789 3756 1882 3810 pa-

178 3847 308 3886 cem
338 3832 706 3886 annuntiaret
735 3831 824 3896 iis,
847 3848 990 3902 quos
1012 3847 1136 3884 eam
1168 3830 1365 3884 audire
1391 3830 1698 3884 delectaret
1727 3845 1740 3882 :
1781 3844 1877 3880 ve-

180 3936 316 3975 rum
365 3921 620 3975 haeretici
664 3920 1062 3990 presbyterum
1109 3918 1413 3972 crudeliter
1459 3917 1719 3971 habitum
1748 3916 1882 3970 hinc

174 4008 422 4063 tandem
469 4009 763 4078 eiecerunt
810 4008 1012 4076 (Epist.
1068 4008 1188 4072 105,
1219 4021 1275 4060 η.
1308 4005 1380 4074 4).
1418 4003 1673 4076 Episcopi
1703 4005 1886 4057 Dona-

175 4097 355 4164 tistas,
385 4095 483 4166 qui
513 4095 583 4150 ad
612 4094 958 4150 Comitatum
988 4098 1282 4163 venerant,
1307 4093 1372 4147 ad
1397 4092 1644 4146 tribunal
1674 4097 1881 4162 praeto-

175 4186 259 4240 ris
290 4184 578 4252 adierunt,
609 4188 786 4255 utque
816 4181 1170 4248 audirentur,
1195 4185 1249 4235 et
1269 4180 1501 4252 quidem
1523 4179 1580 4234 in
1601 4179 1882 4251 colloquio

177 4289 313 4329 cum
357 4272 654 4327 Valentino
701 4271 979 4325 catholico
1023 4269 1290 4341 episcopo
1336 4267 1416 4322 ibi
1462 4272 1596 4322 tunc
1634 4271 1879 4338 reperto,

180 4377 530 4433 magnopere
576 4361 930 4431 flagitarunt,
964 4375 1022 4412 se
1053 4374 1166 4412 non
1207 4357 1377 4412 aliam
1410 4357 1482 4411 ob
1512 4372 1634 4410 rem
1665 4355 1882 4410 venisse

178 4451 531 4505 afﬁrmantes
566 4450 776 4521 (Collat.
823 4449 1080 4515 Carthag.
1133 4449 1187 4516 3,
1231 4463 1352 4516 cap.
1409 4447 1548 4514 124).
1599 4445 1763 4499 Gesta
1813 4444 1882 4499 de

178 4540 293 4595 hoc
338 4539 570 4609 negotio
621 4537 876 4592 confecta
919 4540 1051 4590 sunt
1094 4537 1380 4590 Ravenna:
1410 4534 1580 4588 tertio
1610 4532 1884 4588 kalendas

179 4627 500 4683 februarias
547 4643 695 4682 anno
744 4623 1309 4697 quadringentesimo
1350 4627 1506 4677 sexto
1543 4622 1725 4693 (Ibid.,
1758 4637 1878 4691 cap.

186 4714 335 4786 141).
380 4716 588 4769 Eorum
639 4714 960 4785 exemplum
1007 4729 1072 4767 ex
1109 4711 1352 4766 archivis
1390 4710 1882 4765 transcribendum

179 4807 459 4859 curarunt
487 4802 779 4870 Catholici,
825 4801 978 4873 quod
1008 4801 1067 4854 in
1099 4798 1528 4870 Carthaginensi
1557 4797 1880 4863 collatione,

178 4896 246 4947 ut
272 4891 418 4946 hanc
450 4891 736 4962 utrimque
767 4890 1003 4962 petitam
1033 4889 1204 4945 fuisse
1235 4887 1619 4950 ostenderent,
1652 4885 1883 4940 recitari

180 4981 568 5053 postularunt.
627 4981 983 5051 Quapropter
1038 4978 1172 5032 huic
1219 4975 1465 5048 tempori
1513 4973 1882 5030 adscribenda

179 5073 316 5124 sunt
343 5069 443 5124 illa
470 5067 775 5138 Augustini
801 5067 951 5138 apud
973 5067 1348 5122 Collationem
1375 5064 1548 5118 verba
1581 5080 1595 5118 :
1628 5065 1757 5120 Cum
1786 5077 1884 5116 nu-

174 5175 278 5231 per
305 5161 364 5212 in
394 5159 717 5214 Comitatum
759 5159 1026 5211 venissent
1057 5157 1282 5226 quidam
1318 5155 1557 5223 illorum,
1587 5152 1737 5222 apud
1761 5157 1882 5206 acta

179 5250 346 5304 etiam
373 5247 720 5316 praefectoria
749 5245 1028 5311 dixerunt,
1051 5245 1240 5299 audiri
1267 5259 1322 5298 se
1345 5244 1496 5311 velle,
1527 5243 1728 5296 discuti
1753 5241 1884 5294 velle

177 5337 372 5406 (Ibid.,
411 5351 530 5404 cap.
570 5334 712 5405 110).
741 5334 896 5387 Tunc
925 5332 1102 5403 igitur
1125 5333 1413 5388 instabant
1440 5331 1544 5398 illi,
1573 5335 1640 5384 ut
1679 5329 1881 5382 Valen-

177 5425 337 5478 tinus
363 5421 674 5477 catholicus
706 5421 960 5487 antistes,
993 5421 1093 5492 qui
1125 5426 1248 5475 tum
1280 5419 1430 5490 apud
1470 5419 1882 5488 Imperatorem

177 5513 399 5580 aderat,
441 5526 634 5565 secum
664 5509 1007 5580 disceptaret
1044 5509 1242 5580 (Epist.
1275 5510 1364 5574 88,
1416 5524 1471 5591 η.
1519 5508 1627 5575 10).
1659 5507 1733 5560 At
1761 5504 1882 5575 epi-

179 5616 386 5672 scopus
415 5599 512 5655 ille
543 5615 662 5655 non
691 5616 758 5655 eo
787 5597 1024 5655 consilio
1045 5597 1156 5654 huc
1176 5599 1421 5665 venerat,
1445 5598 1508 5651 ut
1526 5610 1654 5651 cum
1675 5593 1744 5650 iis
1764 5609 1882 5648 ser-

1989 480 2223 520 monem
2251 465 2554 532 conferret,
2579 477 2765 534 neque
2793 477 2826 516 a
2850 461 3196 532 coepiscopis
3227 462 3342 516 suis
3373 463 3554 520 ullum
3581 467 3684 521 har

1991 553 2060 607 de
2090 571 2151 609 re
2176 554 2511 609 mandatum
2540 554 2833 623 acceperat
2863 567 2876 605 :
2909 549 3144 622 ipseque
3185 550 3326 605 adeo
3364 553 3684 623 praefectus,

1991 657 2105 712 quo
2129 642 2319 714 judice
2347 642 2468 696 haec
2498 641 2830 713 agebantur,
2855 640 3011 694 nulla
3036 639 3474 707 auctoritate-ad
3504 643 3682 697 collo-

1992 730 2194 802 quium
2223 731 2364 786 illud
2388 731 2813 786 concedendum
2843 729 3124 802 pollebat;
3149 729 3336 800 eique,
3369 735 3433 785 ut
3456 747 3523 786 ex
3550 731 3689 802 legi-

1991 819 2097 874 bus
2143 820 2408 875 adversus
2458 821 2778 875 Donatistas
2818 819 2943 874 latis
2991 818 3412 889 pronuntiaret,
3456 836 3682 874 necesse

1992 911 2128 962 erat.
2184 910 2406 963 Interea
2449 925 2710 963 assensus
2752 907 2846 961 ille
2877 906 3154 961 habenda:
3183 907 3470 962 collationi
3509 907 3587 962 sic
3618 908 3685 962 ab

1990 995 2129 1067 ipsis
2158 997 2449 1069 praebitus,
2499 996 2558 1051 in
2592 1011 2712 1050 rem
2747 994 3166 1050 Catholicorum
3211 996 3406 1062 cessit;
3436 995 3537 1066 qui
3578 995 3682 1050 hoc

1991 1085 2156 1139 titulo
2184 1085 2254 1140 ad
2285 1085 2440 1139 illam
2470 1085 2541 1139 ab
2573 1086 2918 1156 Imperatore
2947 1083 3340 1152 obtinendam,
3372 1085 3505 1138 licet
3541 1101 3684 1140 non-

1992 1173 2101 1228 nisi
2131 1177 2379 1246 quatuor
2405 1173 2612 1228 abhinc
2641 1173 2821 1232 annis.
2853 1176 3176 1243 opportune
3209 1172 3295 1226 usi
3318 1176 3451 1226 sunt
3471 1173 3682 1242 (Collat.

1991 1263 2246 1331 Carthag.
2297 1265 2347 1324 3,
2399 1278 2518 1332 cap.
2573 1264 2690 1331 HO,
2739 1266 2789 1315 et
2817 1262 3022 1316 Brevia.
3070 1261 3284 1328 Collat.,
3315 1276 3473 1331 capp.
3506 1262 3558 1329 4,
3611 1263 3680 1330 5).

1994 1349 2136 1402 Nam
2158 1353 2214 1403 et
2237 1349 2588 1403 Marcellinus
2618 1348 2677 1402 in
2706 1349 2908 1411 edicto,
2934 1348 3087 1418 quod
3115 1347 3348 1402 ineunte
3373 1364 3522 1402 anno
3545 1364 3682 1419 qua-

1991 1435 2437 1507 dringentesimo
2467 1435 2767 1491 undecimo
2800 1435 3173 1490 convocanda:
3205 1435 3531 1491 Collationis
3551 1452 3684 1490 cau-

1991 1541 2052 1578 sa
2108 1524 2514 1595 promulgavit,
2564 1524 2880 1579 Donatistas
2928 1540 3054 1578 eam
3111 1528 3242 1579 ante
3285 1524 3682 1580 brevissimum

1990 1617 2216 1684 tempus
2244 1614 2397 1685 apud
2426 1613 2831 1668 Praefectorum
2861 1612 3110 1668 tribunal
3141 1613 3370 1684 petiisse
3400 1617 3638 1668 testatur
3667 1631 3680 1668 :

1992 1707 2048 1757 et
2075 1707 2268 1757 narrat
2291 1702 2661 1775 Augustinus,
2697 1702 2826 1757 illos
2856 1719 3040 1756 causa:
3068 1701 3315 1772 propria:
3347 1703 3496 1772 apud
3527 1705 3681 1772 gesta

1990 1791 2346 1862 praefectoria
2383 1791 2718 1846 inconsultis
2757 1807 2822 1844 ac
2857 1789 3174 1845 temerariis
3213 1789 3557 1860 quibusdam
3590 1805 3679 1844 re-

1992 1880 2212 1949 sponsis
2239 1880 2519 1945 nocuisse,
2551 1894 2791 1950 eamque
2818 1879 2890 1932 ob
2922 1894 3040 1932 rem
3074 1893 3300 1932 summa
3328 1893 3483 1944 cura,
3517 1894 3589 1932 ne
3620 1877 3681 1931 in

1991 1966 2303 2021 Collatione
2345 1965 2733 2028 recitarentur,
2775 1965 2986 2020 cavisse
3028 1964 3251 2036 (Brevia.
3299 1966 3489 2022 Collat.
3526 1968 3580 2035 3,
3623 1982 3680 2021 η.

1991 2055 2062 2124 5).
2097 2055 2159 2108 In
2201 2055 2404 2110 iisdem
2429 2054 2602 2126 gestis
2647 2054 3069 2109 Donatistarum
3118 2055 3480 2123 vocabulum,
3527 2057 3680 2126 quod

1990 2143 2074 2198 illi
2111 2149 2307 2215 postea
2344 2144 2736 2216 repudiarunt,
2780 2143 3009 2198 sibimet
3053 2143 3426 2215 imponebant
3473 2146 3679 2216 (Collat.

1991 2233 2250 2300 Carthag.
2280 2236 2332 2299 3,
2360 2249 2478 2303 cap.
2514 2235 2618 2302 3|).

2062 2325 2113 2376 6.
2160 2324 2334 2376 Porro
2381 2321 2716 2376 Maximinus
2759 2319 3053 2376 Sinitensis
3095 2325 3228 2391 post
3275 2321 3381 2375 hoc
3422 2321 3532 2376 iter
3557 2321 3681 2376 uni.

1991 2413 2166 2465 tatem
2199 2411 2531 2465 catholicam
2564 2411 2857 2482 amplexus
2887 2414 2986 2474 est,
3031 2409 3186 2480 quod
3217 2426 3390 2481 supra
3419 2410 3681 2465 observa-

1988 2499 2174 2554 vimus
2205 2500 2342 2568 (Lib.
2377 2502 2429 2566 3,
2471 2514 2591 2568 cap.
2627 2502 2678 2559 9,
2719 2515 2776 2554 η.
2810 2498 2888 2568 6).
2923 2499 3055 2552 Post
3093 2497 3249 2550 illam
3297 2514 3524 2570 quoque
3571 2499 3684 2552 Do-

1990 2589 2324 2642 natistarum
2356 2588 2700 2660 legationem
2731 2588 2942 2641 factum
2973 2589 3078 2655 est,
3101 2589 3164 2640 ut
3191 2586 3259 2640 de
3290 2586 3684 2641 vexationibus

1990 2676 2527 2732 Circumcellionum
2567 2680 2945 2747 quererentur
2983 2675 3135 2746 apud
3177 2676 3497 2730 Donatistas
3534 2676 3686 2747 ipsos

1989 2764 2178 2818 clerici
2209 2765 2615 2834 Hipponenses,
2649 2763 2884 2834 epistola
2922 2763 3069 2817 hanc
3111 2762 3170 2816 in
3210 2779 3332 2817 rem
3365 2763 3436 2818 ad
3482 2765 3685 2819 Janua-

1987 2851 2142 2905 rium
2167 2851 2398 2905 illorum
2429 2851 2487 2904 in
2519 2849 2784 2905 Numidia
2821 2849 3123 2920 primatem
3155 2849 3286 2903 data
3317 2852 3510 2919 (Epist.
3545 2851 3633 2922 88)
3669 2867 3682 2904 :

1989 2940 2149 3011 cujus
2177 2948 2466 2994 auctorem
2493 2939 2869 3009 Augustinum
2901 2938 3062 2992 stilus
3091 2937 3325 3001 indicat.
3360 2940 3422 2992 In
3445 2939 3548 2992 hac
3572 2940 3686 3010 pri—

1990 3044 2084 3082 mo
2116 3027 2438 3082 ostenditur
2475 3043 2541 3082 ex
2572 3025 2807 3080 historia
2851 3024 3134 3079 Caeciliani
3176 3024 3236 3078 in
3274 3026 3680 3095 compendium

1989 3117 2234 3182 redacta,
2273 3114 2714 3171 controversiam
2746 3113 2902 3168 illam
2934 3113 3000 3167 ad
3042 3112 3416 3183 imperatores
3463 3113 3622 3184 prius
3655 3129 3686 3166 a

1993 3203 2322 3270 Donatistis,
2356 3220 2528 3274 quam
2559 3220 2592 3257 a
2631 3201 2932 3257 Catholicis
2961 3201 3236 3268 delatam;
3268 3207 3437 3272 atque
3475 3201 3685 3255 idcirco

1921 3287 1932 3297 ’
1992 3292 2134 3346 nihil
2165 3308 2286 3347 esse
2317 3307 2417 3346 cur
2443 3291 2642 3345 iisdem
2673 3289 2996 3356 Catholicis,
3039 3289 3193 3360 quod
3241 3288 3474 3343 Honorii
3518 3305 3686 3360 opem

1990 3380 2375 3451 implorarint,
2415 3379 2549 3434 vitio
2578 3382 2801 3433 vertant
2835 3393 2850 3432 :
2891 3378 3161 3443 secundo,
3193 3377 3442 3432 ferendis
3482 3377 3682 3430 adver-

1991 3485 2085 3523 sus
2114 3485 2210 3524 eos
2255 3467 2477 3538 legibus
2523 3482 2751 3521 causam
2791 3465 3100 3538 praebuisse
3147 3465 3686 3519 Circumcellionum

1991 3555 2376 3610 immanitates
2410 3571 2422 3608 :
2458 3554 2644 3614 tertio,
2691 3554 2793 3607 has
2825 3553 3048 3608 easdem
3082 3553 3236 3623 leges
3273 3550 3686 3623 impedimento

1992 3661 2108 3698 non
2134 3660 2275 3710 esse,
2309 3642 2618 3712 quominus
2650 3641 2954 3696 Donatistas
2986 3639 3418 3711 perhumaniter
3445 3639 3692 3694 habean-

1990 3736 2086 3786 tur
2113 3749 2146 3786 a
2175 3731 2499 3794 Catholicis,
2533 3747 2663 3784 cum
2693 3729 2796 3783 hos
2845 3733 3043 3782 contra
3090 3727 3174 3781 illi
3203 3727 3552 3798 quibuslibet
3589 3728 3688 3782 da-

1994 3819 2142 3874 mnis
2172 3818 2441 3883 afficiant,
2469 3819 2683 3871 malum
2708 3833 2811 3885 pro
2837 3816 2987 3868 bono
3019 3815 3413 3884 rependentes.
3441 3815 3520 3868 lbi
3553 3831 3693 3885 quo-

1993 3922 2103 3978 que
2147 3907 2312 3960 calcis
2361 3909 2531 3976 atque
2575 3904 2736 3969 aceti,
2784 3908 3238 3973 ceterarumque
3284 3902 3689 3957 crudelitatum

1992 3994 2209 4049 mentio
2235 3993 2318 4048 ﬁt.
2363 3993 2581 4057 Quibus
2611 3992 2990 4063 subjungunt,
3022 3991 3128 4045 hoc
3166 3989 3273 4044 sibi
3304 3991 3362 4044 in
3410 3989 3691 4045 desiderio

1994 4101 2138 4148 esse,
2184 4087 2250 4137 ut
2291 4098 2422 4136 cum
2468 4081 2747 4151 episcopis
2791 4078 3081 4134 catholicis
3123 4078 3355 4149 paciﬁce
3400 4078 3694 4134 conferant

1994 4172 2327 4238 Donatistaa,
2355 4187 2468 4242 quo
2497 4169 2797 4225 discidium
2823 4169 3078 4237 tollatur,
3110 4183 3227 4221 non
3265 4167 3563 4235 homines;
3593 4184 3694 4221 seu

1994 4278 2109 4334 quo
2148 4262 2412 4315 homines
2457 4275 2570 4314 non
2619 4258 2953 4328 puniantur,
2986 4257 3085 4311 sed
3128 4256 3492 4328 corrigantur
3523 4272 3536 4310 :
3565 4256 3693 4310 illos

1995 4349 2226 4422 quidem
2255 4364 2416 4403 suam
2445 4347 2514 4402 de
2561 4346 2842 4418 colloquio
2890 4345 3243 4400 voluntatem
3293 4345 3443 4416 apud
3479 4345 3690 4416 praefe-

1993 4445 2112 4494 ctos
2143 4437 2530 4509 nequidquam
2561 4436 2842 4508 professos
2872 4451 3015 4503 esse,
3047 4433 3183 4505 quia
3212 4435 3318 4488 hoc
3349 4434 3428 4488 eis
3459 4437 3694 4505 propter

1991 4528 2148 4599 leges
2172 4528 2292 4599 jam
2318 4527 2460 4580 latas
2484 4525 2656 4595 iudex
2678 4524 2985 4579 concedere
3005 4539 3118 4576 non
3142 4526 3393 4593 poterat;
3415 4522 3510 4577 sed
3540 4523 3692 4593 apud

1993 4618 2404 4687 Imperatorem
2444 4630 2558 4668 non
2595 4613 2806 4668 frustra
2837 4612 2894 4666 id
2931 4615 3270 4681 tentaturos,
3302 4611 3400 4682 qui
3439 4628 3560 4665 non
3598 4611 3694 4666 ob-

1992 4705 2223 4760 strictus
2249 4704 2462 4758 eisdem
2491 4702 2733 4772 legibus,
2767 4700 2907 4754 alias
2935 4699 3084 4754 ferre
3114 4698 3174 4752 in
3204 4703 3483 4770 potestate
3514 4699 3690 4753 habe-

1993 4797 2081 4848 ret
2111 4807 2125 4849 :
2150 4796 2420 4847 caeterum
2441 4790 2802 4845 collationem
2833 4789 2979 4842 hanc
3008 4803 3065 4841 se
3085 4791 3386 4858 tantopere
3408 4787 3690 4859 ﬂagitare,
3797 4862 3799 4864 η

1993 4897 2109 4936 non
2136 4883 2201 4934 ut
2227 4895 2397 4934 causa
2420 4878 2540 4948 jam
2572 4877 2711 4932 olim
2741 4875 3048 4931 terminata
3078 4876 3287 4930 iterum
3317 4875 3572 4942 ﬁniatur,
3596 4875 3692 4929 sed

1991 4973 2058 5023 ut
2085 4968 2164 5023 eis
2193 4966 2294 5038 qui
2315 4965 2600 5034 nesciunt,
2623 4965 2744 5036 jam
2783 4963 2946 5018 finita
2973 4967 3341 5019 monstretur.
3375 4963 3472 5018 Sin
3511 4963 3686 5017 talem

1993 5054 2348 5127 disceptandi
2377 5053 2657 5108 rationem
2679 5053 2871 5108 minus
2888 5052 3157 5124 probent,
3181 5056 3382 5123 rogant
3405 5057 3470 5106 ut
3489 5053 3686 5105 saltem

1995 5145 2387 5216 Hipponenses
2427 5142 2658 5198 clericos
2695 5158 2884 5197 coram
2930 5158 2988 5196 se
3026 5158 3157 5197 cum
3198 5139 3505 5195 Donatistis
3542 5139 3688 5208 ejus-

1994 5235 2126 5290 dem
2155 5233 2262 5287 loci
2299 5233 2652 5304 disputantes
2686 5233 2942 5301 audiant,
2984 5248 3066 5296 ac,
3109 5230 3154 5284 si
3194 5229 3333 5300 quid
3376 5245 3407 5281 a
3444 5226 3682 5280 veritate

1993 5323 2300 5379 abhorrere
2340 5321 2662 5388 videantur,
2695 5338 2791 5376 eos
2835 5321 3102 5385 doceant;
3134 5321 3232 5372 aut
3277 5315 3524 5384 denique
3572 5315 3687 5368 sive

1992 5429 2096 5484 per
2120 5428 2179 5466 se
2207 5411 2382 5482 ipsos,
2414 5412 2528 5465 sive
2555 5427 2658 5482 per
2684 5410 2825 5464 alios
2851 5410 2909 5464 in
2942 5407 3158 5462 nefaria
3194 5403 3466 5471 facinora,
3493 5418 3622 5473 qua!
3654 5420 3687 5456 a

1993 5517 2226 5557 suorum
2257 5499 2792 5555 Circumcellionum
2835 5496 3082 5552 exercitu
3121 5495 3546 5564 perpetrantur,
3589 5491 3684 5544 in-

1993 5591 2225 5663 quirant
2256 5605 2270 5646 :
2302 5605 2367 5644 ac
2412 5589 2566 5660 ipsos
2595 5605 2628 5643 a
2674 5585 2943 5652 caedibus,
2975 5599 3009 5638 a
3046 5579 3288 5651 rapinis,
3321 5579 3391 5635 ab
3441 5594 3688 5634 excaeca-
