4062 6350
380 299 482 352 359

347 416 551 483 -tione,
582 413 629 467 si
661 412 894 484 quidem
933 411 1003 464 ab
1041 410 1267 464 illorum
1309 407 1676 462 damnatione
1708 407 1817 462 sibi
1856 412 2080 478 tempe-

377 505 622 560 randum
652 505 875 573 putent,
920 503 1117 555 saltem
1156 498 1515 570 prohibeant.
1549 497 1644 551 His
1681 513 1854 567 porro
1894 498 2081 551 verbis

379 594 680 666 epistolam
711 591 1018 645 claudunt:
1047 590 1107 645 Si
1135 593 1311 642 autem
1342 588 1584 656 querelas
1613 591 1827 640 nostras
1849 591 2078 641 contem-

374 683 618 751 pseritis,
647 693 744 734 nos
781 681 999 733 minime
1021 678 1298 748 pccnitebit
1326 677 1515 730 ordine
1540 678 1765 745 paciﬁca
1795 692 1952 742 agere
1981 691 2081 730 vo-

381 771 562 826 luisse.
595 769 792 824 Aderit
820 770 1074 823 Dominus
1112 767 1360 822 Ecclesia:
1398 781 1527 832 suae,
1561 769 1621 819 ut
1649 781 1740 820 vos
1767 767 1950 834 potius
1979 765 2080 818 hu-

381 861 667 914 militatem
690 862 931 912 nostram
958 858 1332 925 contempsisse
1358 858 1637 925 poeniteat.
1663 854 1846 923 (Ibid.,
1876 869 1939 908 n.
1979 853 2081 924 12).

1047 945 1270 999 CAPUT
1311 945 1408 998 Ill.

394 1041 408 1092 1
447 1039 510 1092 In
543 1036 880 1092 Cresconium
917 1034 1107 1090 scribit
1152 1035 1510 1102 Augustinus.
1561 1035 1593 1085 2
1640 1032 1870 1086 Paulum
1921 1031 2081 1086 Cata-

458 1141 707 1197 quenscm
736 1125 810 1179 ad
838 1124 1056 1179 vivendi
1094 1126 1352 1177 rationem
1384 1125 1625 1191 episcopo
1654 1120 1880 1187 dignam
1921 1119 2083 1172 redu-

457 1230 571 1268 cere
611 1216 825 1281 frustra
865 1214 1092 1279 satagit.
1141 1214 1171 1265 3
1221 1210 1423 1266 Scribit
1452 1209 1526 1262 ad
1554 1211 1872 1272 Emeritam,
1903 1207 2084 1261 dolens

457 1318 574 1356 eum
603 1303 888 1357 schismate
917 1301 1260 1370 implicitum.
1287 1301 1310 1352 4
1337 1297 1606 1366 Opuscula
1629 1299 1756 1349 tunc
1782 1297 1925 1361 forte
1943 1294 2085 1347 edito

458 1396 646 1445 contra
702 1391 1015 1444 Donatistas
1046 1390 1173 1442 tria.
1213 1390 1242 1440 5
1292 1387 1452 1441 Liber
1493 1385 1558 1439 de
1599 1385 1939 1439 Divinatione
1982 1382 2087 1436 d2-

457 1495 698 1535 monum.
750 1481 779 1532 6
810 1479 917 1533 Sea:
953 1479 1268 1546 quaestiones
1307 1476 1564 1543 emposita:
1605 1477 1791 1527 contra
1837 1473 2086 1540 Paganos

457 1568 533 1622 ad
557 1568 932 1638 presbyterum
965 1567 1298 1632 Deogratias.
1330 1569 1360 1617 7
1395 1565 1680 1632 Earpositio
1709 1562 1964 1630 Episton
1991 1562 2086 1613 Ja-

456 1657 572 1710 cobi
599 1656 674 1710 ad
711 1655 989 1709 duodecim
1023 1655 1214 1708 tribus.
1248 1657 1279 1708 8
1308 1653 1471 1708 Liber
1499 1652 1564 1706 de
1595 1653 1756 1706 Unico
1786 1652 2085 1720 Baptismo,

453 1745 529 1800 ad
554 1745 985 1801 Constantinum.
1346 1812 1355 1819 '

460 1838 508 1887 1.
559 1834 822 1887 Testatur
877 1846 1107 1903 quoque
1155 1827 1507 1899 Augustinus
1547 1827 1610 1881 in
1653 1826 1771 1881 suis
1817 1826 2087 1881 adversus

385 1921 752 1977 Cresconium
788 1919 950 1974 libris
999 1917 1313 1972 Catholicos
1362 1915 1684 1986 expetiisse,
1718 1920 1784 1970 ut
1821 1915 1882 1969 in
1921 1916 2088 1969 collo-

386 2009 588 2080 quium
617 2008 880 2062 venirent
909 2022 1099 2060 secum
1128 2005 1434 2059 Donatistae
1461 2005 1679 2075 (Contra
1699 2004 1965 2067 Crescon.,
1990 2003 2083 2058 lib.

387 2099 442 2163 4,
485 2113 548 2151 η.
589 2097 700 2168 83),
752 2095 962 2167 quibus
985 2095 1105 2164 jam
1150 2093 1372 2148 ﬁnitam
1418 2108 1538 2146 esse
1584 2107 1814 2145 causam
1853 2091 2090 2144 demon-

388 2188 635 2238 strarent
662 2183 834 2252 (Ibid.
874 2183 974 2236 lib.
1032 2185 1081 2248 1,
1111 2196 1166 2235 n.
1216 2183 1288 2250 6).
1323 2181 1497 2250 Leges
1538 2179 1807 2233 adversus
1848 2179 2087 2232 haereti-

387 2289 479 2326 cos
508 2272 635 2326 illos
663 2272 732 2326 ab
760 2270 1011 2326 Honorio
1035 2269 1155 2339 jam
1186 2268 1420 2339 quidem
1450 2269 1577 2321 latae
1606 2269 1869 2337 (Retract.
1902 2268 1994 2321 lib.
2030 2271 2084 2334 2,

389 2375 510 2429 cap.
560 2359 674 2430 26),
731 2361 1128 2411 verumtamen
1179 2357 1365 2410 adhuc
1408 2360 1666 2409 recentes
1718 2357 1900 2416 erant,
1956 2367 2086 2406 cum

388 2461 534 2518 opus
562 2447 672 2500 hoc
710 2442 1061 2499 elucubravit
1093 2445 1308 2512 (Contra
1347 2444 1612 2508 Crescon.,
1645 2442 1737 2497 lib.
1785 2444 1836 2504 3,
1872 2457 1928 2496 η.
1964 2443 2085 2509 51);

383 2536 621 2606 jamque
664 2532 748 2587 illi
791 2531 1108 2587 Catholicos
1138 2531 1209 2585 ob
1240 2548 1333 2584 eas
1365 2531 1516 2601 leges
1546 2546 1663 2584 non
1707 2529 1900 2582 minus
1938 2529 2086 2582 calce

389 2628 446 2678 et
474 2627 654 2692 aceto,
687 2638 860 2694 quam
889 2621 1039 2675 ferro
1070 2624 1128 2674 et
1155 2619 1286 2688 igne
1318 2619 1656 2674 divexabant
1685 2618 1869 2688 (Ibid,
1898 2635 1952 2672 n.
1977 2617 2083 2687 46).

389 2709 724 2765 Cresconius
762 2709 857 2764 ille
885 2708 954 2762 de
994 2712 1145 2762 secta
1185 2707 1608 2761 Donatistarum
1639 2711 1779 2774 erat,
1812 2723 1875 2760 ex
1915 2705 2085 2760 laico-

388 2813 520 2851 rum
551 2796 751 2850 ordine
782 2793 965 2865 (lbid.,
996 2795 1096 2850 lib.
1152 2797 1200 2860 1,
1226 2811 1281 2850 n.
1316 2796 1384 2863 1),
1415 2794 1766 2864 professione
1798 2809 2087 2864 gramma-

390 2883 531 2938 ticus
572 2884 833 2954 (Retract.
880 2883 974 2936 lib.
1023 2885 1078 2950 2,
1111 2899 1230 2951 cap.
1264 2883 1369 2950 '26).
1406 2884 1454 2935 Is
1500 2899 1627 2936 cum
1675 2882 1979 2953 Augustini
2029 2882 2089 2935 li-

388 2972 555 3027 brum
587 2971 646 3025 in
676 2970 939 3025 Petiliani
983 2970 1202 3025 litteras
1242 2971 1493 3042 primum
1532 2970 1844 3038 evolvisset,
1879 2988 1944 3025 ea
1973 2987 2088 3042 qua

387 3059 754 3116 mediocriter
777 3059 1080 3112 instructus
1110 3065 1249 3125 erat,
1279 3058 1561 3114 scribendi
1585 3059 1850 3114 facultate
1882 3059 2082 3124 fretus,

385 3153 578 3222 partes
609 3165 739 3204 suas
768 3148 1038 3202 adversus
1075 3147 1462 3218 Augustinum
1506 3148 1885 3202 defendendas
1928 3149 2088 3218 (Con-

388 3242 476 3292 tra
496 3239 760 3304 Crescon.,
779 3238 874 3291 lib.
893 3241 911 3291 1
928 3253 1010 3303 ,η.
1031 3240 1100 3303 2),
1116 3253 1338 3291 necnon
1355 3237 1832 3308 propugnandam
1859 3235 2086 3290 Petilia-

388 3326 448 3380 ni
481 3325 780 3397 epistolam
817 3325 1065 3396 suscepit
1107 3326 1290 3396 (lbid.,
1342 3326 1437 3380 lib.
1489 3329 1543 3394 4,
1589 3341 1644 3380 η.
1701 3329 1768 3390 1).
1819 3323 2086 3389 Quamvis

392 3419 583 3468 autem
612 3413 942 3468 Cresconius
972 3415 1311 3484 opusculum
1343 3430 1511 3468 suum
1541 3413 1860 3484 Augustino
1886 3413 2086 3468 inscri-

389 3503 616 3574 psisset,
641 3503 709 3556 ad
734 3502 921 3572 ipsum
949 3507 1140 3558 tamen
1171 3503 1399 3557 nonnisi
1429 3503 1610 3557 multo
1627 3507 1932 3574 postquam
1964 3502 2088 3557 fue-

389 3595 476 3644 rat
522 3593 815 3663 vulgatum
862 3592 1122 3662 pervenit
1184 3593 1370 3663 (Ibid,
1424 3592 1519 3649 lib.
1588 3595 1637 3658 1,
1689 3608 1744 3646 n.
1807 3591 1875 3663 1).
1942 3592 2084 3646 Tum

386 3680 610 3750 putavit
677 3681 1028 3751 Augustinus
1105 3696 1226 3734 esse
1297 3685 1354 3734 et
1421 3679 1785 3748 urbanitatis,
1867 3679 2085 3734 auctori

386 3769 727 3840 rescribere;
762 3775 819 3824 et
845 3769 1020 3824 ofﬁcii
1051 3785 1112 3824 ac
1137 3769 1391 3824 muneris
1423 3770 1529 3835 sui,
1567 3769 1957 3824 defensionem
1990 3785 2083 3823 ve-

385 3858 571 3912 ritatis
592 3875 707 3913 non
728 3859 1062 3914 detrectare.
1092 3860 1235 3930 Ergo
1261 3859 1628 3916 Cresconium
1652 3863 1900 3930 quatuor
1923 3857 2085 3912 libris

385 3947 695 4002 confutavit
725 3965 738 4002 :
765 3964 1008 4019 quorum
1033 3948 1090 4001 in
1117 3948 1306 4018 primo
1329 3947 1567 4002 minime
1587 3948 1941 4018 probandam
1964 3963 2084 4001 esse

386 4037 553 4091 docet
581 4036 908 4091 simulatam
939 4037 1096 4090 illam
1130 4037 1552 4091 Donatistarum
1582 4036 1940 4102 modestiam,
1971 4052 2085 4106 qua

384 4141 514 4179 cum
545 4124 847 4178 Catholicis
876 4123 1190 4194 disceptare
1223 4125 1290 4179 de
1329 4123 1553 4178 discidii
1578 4141 1746 4178 causa
1775 4125 2082 4191 nolebant;

383 4218 508 4268 tum
548 4212 778 4278 deinde,
817 4211 1032 4265 nullius
1077 4212 1166 4266 vel
1213 4212 1520 4266 adversarii
1563 4212 1952 4284 eloquentiam
1997 4214 2085 4268 vel

385 4301 738 4356 dialecticam
786 4299 1162 4354 assertoribus
1209 4300 1460 4354 veritatis
1518 4317 1639 4355 esse
1688 4302 2078 4357 metuendam.

386 4389 648 4444 Ostendit
695 4392 994 4459 praeterea,
1043 4387 1270 4442 tametsi
1323 4388 1747 4443 Donatistarum
1798 4390 2086 4461 Baptisma

386 4493 586 4532 verum
625 4493 750 4531 esse
795 4475 1070 4531 Catholici
1110 4477 1441 4545 concedant,
1482 4478 1614 4532 hinc
1660 4482 1854 4533 tamen
1895 4480 2086 4551 colligi

383 4581 502 4621 non
543 4581 726 4636 posse,
760 4565 905 4620 illud
947 4570 1094 4621 recte
1123 4567 1303 4638 accipi
1341 4567 1412 4621 ab
1451 4566 1651 4622 iisdem
1692 4567 2082 4624 schismaticis.

383 4655 450 4710 In
478 4654 721 4709 secundo
749 4655 1124 4722 demonstrat,
1152 4655 1295 4710 nihil
1320 4673 1350 4710 a
1382 4655 1681 4711 Cresconio
1714 4657 1949 4723 dictum,
1970 4675 2083 4729 quo

388 4759 525 4798 suus
574 4744 840 4798 adversus
885 4745 1228 4800 Petilianum
1273 4744 1420 4800 liber
1460 4746 1772 4814 refellatur,
1823 4748 2084 4818 quamvis

383 4833 530 4888 forte
560 4834 628 4888 ab
656 4833 754 4888 illo
787 4835 1044 4890 didicerit
1072 4852 1187 4890 non
1227 4835 1550 4890 Donatistas
1587 4853 1652 4890 ex
1684 4837 1903 4892 Donato
1933 4843 2085 4894 recte

385 4921 518 4990 dici,
543 4922 641 4976 sed
673 4923 1019 4978 Donatianos
1041 4943 1055 4991 ;
1077 4929 1134 4978 et
1157 4924 1296 4978 alias
1327 4925 1599 4996 quasdam
1630 4927 2085 4997 grammaticales

385 5027 592 5082 nugas,
624 5011 834 5082 quibus
870 5012 966 5066 ille
996 5013 1410 5069 immorabatur
1453 5014 1642 5085 (Ibid.,
1683 5016 1777 5071 lib.
1809 5018 1865 5086 2,
1903 5033 1958 5072 η.
2004 5018 2080 5088 2).

385 5099 492 5156 Ubi
521 5100 592 5154 iis
631 5100 916 5154 Cresconii
959 5096 1144 5168 dictis,
1177 5118 1306 5173 quae
1350 5104 1585 5174 majoris
1623 5106 1899 5159 momenti
1930 5105 2084 5162 vide-

385 5189 616 5256 bantur,
651 5187 949 5256 satisfecit;
987 5206 1056 5244 ne
1095 5191 1477 5261 imperitiores
1506 5191 1723 5263 aliquid
1754 5193 1823 5248 ab
1862 5211 1928 5248 eo
1962 5194 2085 5250 sine

384 5278 758 5350 responsione
797 5279 1249 5348 praetermissum
1278 5285 1580 5352 putarent;
1610 5281 1845 5336 tertium
1876 5283 2086 5354 adjecit

384 5367 598 5422 librum
635 5367 697 5422 in
725 5367 949 5439 reliqua
986 5369 1172 5438 capita
1209 5369 1468 5440 opusculi
1506 5370 1578 5424 ab
1617 5369 1715 5424 illo
1755 5372 2080 5443 conscripti.

381 5455 449 5510 In
475 5461 679 5528 quarto
707 5457 940 5512 demum
970 5457 1114 5512 libro
1144 5457 1286 5513 illud
1315 5459 1386 5513 de
1414 5458 1637 5530 integro
1668 5475 1738 5514 ex
1765 5460 1886 5514 sola
1915 5461 2084 5516 Maxi-

387 5543 786 5600 mianistarum
827 5545 1064 5603 historia
1114 5562 1146 5602 a
1192 5546 1377 5616 capite
1425 5545 1498 5601 ad
1542 5547 1752 5602 calcem
1803 5547 2079 5605 dissolvit.

1588 284 1761 340 VITA
1800 285 1861 340 S.
1907 280 2295 340 AUGUSTINI
2337 276 2674 333 EPISCOPI.

3797 271 3909 324 360

2255 407 2310 461 2.
2354 401 2663 473 Epistolam
2715 397 2783 452 ad
2824 397 3062 451 Paulum
3096 395 3427 466 episcopum
3469 411 3584 448 non
3613 397 3754 449 ante
3785 393 3904 448 hoc

2187 493 2412 562 tempus
2435 489 2703 560 scriptam
2741 486 2914 540 fuisse
2943 487 3028 539 vel
3058 485 3192 539 inde
3219 484 3475 554 colligas,
3507 483 3665 554 quod
3711 483 3764 537 is
3807 482 3906 536 cui

2187 579 2537 642 inscribitur,
2571 577 2784 632 multos
2823 575 2892 631 ad
2923 574 3226 630 Ecclesiam
3259 573 3598 628 catholicam
3628 571 3902 627 reduxis-

2189 682 2248 723 se
2279 668 2544 723 laudatur
2569 667 2766 737 (Epist.
2795 668 2884 729 85,
2918 681 2974 718 η.
3015 664 3084 735 1).
3103 662 3246 728 Quia
3265 677 3437 734 porro
3459 662 3701 717 Paulum
3729 659 3906 717 Chri-

2190 759 2275 811 sto
2325 759 2603 827 genuerat
2640 751 3015 824 Augustinus,
3057 751 3267 806 idcirco
3305 750 3458 805 illius
3503 749 3710 821 agendi
3750 748 3905 804 ratio

2189 844 2478 917 praecipuo
2501 841 2750 915 quodam
2768 843 2897 912 jure
2917 841 2986 895 ad
3008 857 3169 894 suam
3195 839 3688 912 Hipponensisque
3712 837 3907 892 Eccle-

2192 935 2290 989 sia:
2331 949 2528 988 curam
2583 936 2838 1002 spectare
2881 930 3138 998 putabat.
3185 931 3236 983 Is
3281 928 3350 996 si,
3401 927 3902 1000 quemadmodum

2191 1027 2382 1077 censet
2434 1020 2780 1084 Holstenius,
2823 1036 2887 1074 ac
2943 1035 3031 1073 res
3088 1019 3210 1090 ipsa
3263 1017 3487 1072 videtur
3525 1016 3900 1088 persuadere,

2191 1110 2344 1166 idem
2391 1109 2482 1172 sit,
2530 1113 2702 1180 atque
2735 1108 2831 1162 ille
2876 1108 3082 1162 Paulus
3123 1107 3192 1161 de
3231 1122 3346 1177 quo
3375 1103 3729 1160 mentionem
3760 1101 3902 1158 facit

2191 1199 2252 1252 in
2291 1197 2533 1270 epistola
2562 1198 2627 1252 ad
2661 1196 2991 1268 Olympium
3023 1196 3221 1268 (Epist.
3265 1198 3352 1263 96,
3392 1211 3448 1249 η.
3498 1197 3574 1264 2),
3628 1193 3902 1264 Cataquas

2192 1287 2252 1342 in
2311 1287 2579 1343 Numidia
2635 1285 3017 1356 episcOpalem
3070 1283 3406 1355 dignitatem
3463 1281 3638 1355 gessit
3692 1281 3895 1352 (Epist.

2194 1381 2282 1444 97,
2322 1393 2376 1432 η.
2431 1378 2503 1446 3).
2555 1377 2707 1430 Hanc
2734 1379 2925 1429 autem
2956 1377 3259 1446 postquam
3291 1376 3374 1427 est
3401 1376 3664 1442 adeptus,
3696 1373 3898 1440 Augu-

2194 1466 2343 1520 stino
2372 1466 2554 1520 multo
2579 1465 2707 1536 plus
2738 1462 2950 1518 doloris
2979 1462 3188 1528 attulit,
3223 1477 3398 1533 quam
3427 1459 3637 1514 solatii.
3671 1458 3899 1514 Etenim

2195 1558 2243 1612 si
2271 1575 2387 1612 non
2414 1573 2626 1628 paucos
2651 1573 2682 1610 e
2713 1553 3020 1610 Donatistis
3049 1553 3110 1607 in
3136 1552 3395 1608 Ecclesia:
3425 1552 3615 1606 sinum
3642 1550 3898 1620 collegit,

2195 1647 2379 1702 adhuc
2407 1647 2571 1716 longe
2605 1645 2798 1716 plures
2826 1643 2960 1699 inde
2999 1642 3364 1713 corruptione
3409 1655 3638 1694 morum
3666 1639 3899 1709 disper-

2196 1736 2294 1792 sit.
2355 1738 2437 1790 lta
2479 1734 2705 1789 vivebat
2744 1731 3053 1788 mundanis
3082 1730 3327 1802 negotiis
3356 1727 3700 1800 implicatus,
3731 1731 3798 1780 ut
3827 1725 3900 1780 ab

2193 1824 2294 1879 illo
2327 1823 2718 1895 episcopatum
2738 1827 3077 1894 quaestuosa:
3109 1819 3245 1875 artis
3276 1821 3397 1873 loco
3427 1817 3627 1872 haberi
3658 1815 3902 1870 dixisses

2198 1913 2399 1982 (Epist.
2449 1915 2538 1978 85,
2587 1928 2681 1966 nn.
2735 1915 2786 1981 1,
2837 1911 2906 1979 2).
2956 1912 3032 1965 Ac
3081 1910 3226 1963 Deus
3266 1908 3502 1980 quidem
3529 1910 3592 1961 ut
3621 1907 3820 1972 Paulo,
3854 1905 3903 1959 si

2195 2005 2387 2055 tamen
2418 2001 2535 2054 ulla
2565 2000 2626 2054 in
2651 2017 2720 2054 eo
2746 1998 3126 2069 intelligentia
3149 1997 3366 2064 fuisset,
3399 1999 3900 2061 commonstraret,

2194 2094 2406 2160 praeter
2434 2089 2614 2143 animi
2637 2089 2882 2156 divitias,
2914 2103 3159 2159 quarum
3177 2103 3343 2141 causa
3361 2086 3547 2140 fuerat
3576 2085 3646 2139 ad
3671 2083 3902 2156 episco-

2195 2183 2395 2248 patum
2444 2177 2769 2248 adoptatus,
2819 2177 3006 2231 nullas
3047 2175 3185 2229 alias
3221 2173 3560 2246 quaerendas
3587 2188 3730 2238 esse,
3763 2171 3902 2226 fecit

2197 2271 2260 2321 ut
2307 2283 2379 2321 ne
2428 2283 2600 2338 quem
2641 2283 2671 2320 e
2721 2265 3036 2338 quaestibus
3076 2263 3287 2318 odiosis
3336 2264 3588 2318 fructum
3617 2265 3899 2332 caperet:

2198 2355 2338 2410 adeo
2370 2358 2434 2408 ut
2453 2353 2808 2420 nominibus,
2843 2369 2973 2424 quae
3002 2352 3136 2406 ﬁsco
3166 2351 3428 2419 debebat,
3459 2349 3748 2405 solvendis
3781 2349 3898 2402 im-

2195 2459 2318 2515 par,
2351 2442 2521 2497 rebus
2550 2443 2818 2497 omnibus
2847 2442 2961 2496 suis
2990 2441 3190 2496 cedere
3219 2446 3443 2494 coactus
3474 2438 3547 2493 sit
3577 2440 3774 2508 (Epist.
3807 2440 3899 2504 96,

2195 2548 2252 2586 η.
2283 2532 2358 2603 2).
2389 2531 2562 2602 Atqui
2608 2531 2790 2586 nihilo
2841 2530 3023 2585 secius
3055 2529 3382 2584 institutum
3414 2532 3582 2583 antea
3609 2542 3899 2581 commer-

2195 2620 2369 2688 cium,
2423 2624 2621 2674 contra
2668 2620 3046 2690 ipsarummet
3089 2619 3475 2674 humanarum
3514 2617 3710 2686 legum
3739 2615 3900 2669 ordi-

2196 2725 2348 2776 nem,
2396 2707 2640 2779 repetiit,
2684 2707 2838 2762 haud
2886 2706 3058 2762 dubie
3109 2706 3406 2778 cujusdam
3453 2709 3588 2760 tunc
3618 2703 3902 2774 temporis

2193 2796 2601 2867 potentissimi,
2653 2797 2843 2850 forsan
2892 2795 3238 2861 Bathanarii,
3278 2793 3545 2866 praesidio
3573 2793 3771 2848 fretus.
3803 2794 3901 2846 At-

2197 2903 2306 2956 que
2340 2885 2418 2939 ita
2447 2883 2630 2955 magis
2658 2884 2956 2956 magisque
2985 2883 3230 2955 negotiis
3257 2900 3377 2937 sese
3403 2881 3707 2948 immersit,
3743 2897 3898 2936 eam-

2196 2989 2307 3045 que
2335 2973 2575 3044 arripuit
2597 2973 2728 3026 vitae
2758 2974 3060 3040 rationem,
3085 2987 3257 3043 quam
3289 2971 3547 3026 Ecclesia:
3568 2986 3688 3024 sua:
3709 2969 3897 3024 tenui-

2195 3066 2282 3116 tas
2323 3062 2602 3116 sustinere
2633 3061 2792 3116 nullo
2824 3061 2991 3115 modo
3032 3064 3275 3132 poterat.
3306 3059 3630 3114 Arbitratus
3659 3063 3746 3113 est
3767 3062 3888 3112 Au-

2196 3150 2458 3221 gustinus
2512 3167 2634 3204 sese
2682 3149 2754 3216 ei,
2802 3166 2975 3221 quem
3013 3149 3075 3203 in
3118 3147 3339 3205 Christo
3370 3163 3472 3220 per
3516 3146 3893 3218 Evangelium

2195 3242 2512 3310 pepererat,
2541 3238 2723 3309 magis
2752 3254 2926 3309 quam
2973 3237 3066 3292 alii
3111 3237 3315 3292 debere
3347 3235 3629 3291 salubrem
3662 3235 3892 3290 morda-

2195 3329 2424 3382 citatem
2473 3327 2780 3393 charitatis,
2831 3326 3105 3381 veraciter
3156 3324 3514 3396 objurganda
3565 3323 3762 3394 (Epist.
3800 3325 3892 3391 85,

2194 3433 2251 3474 η.
2292 3415 2361 3488 1).
2395 3417 2666 3482 Quocirca
2707 3432 2840 3472 eum
2887 3415 3119 3470 monitis
3159 3413 3444 3480 omnibus,
3477 3428 3606 3484 quas
3650 3428 3718 3466 eo
3745 3427 3892 3465 con-

2197 3507 2402 3561 ducere
2435 3505 2674 3576 putavit,
2699 3521 2898 3560 sanare
2919 3509 3156 3559 conatus
3173 3508 3278 3558 est.
3302 3503 3510 3556 Verum
3532 3501 3740 3556 frustra
3759 3500 3892 3555 fuit.

2195 3595 2390 3666 Itaque
2421 3595 2492 3649 ab
2531 3595 2676 3665 ejus,
2721 3594 2851 3648 licet
2886 3611 2920 3648 a
2961 3593 3119 3648 nullo
3149 3589 3528 3646 ecclesiastico
3565 3589 3756 3659 judice
3795 3589 3893 3643 da-

2195 3683 2396 3752 mnati,
2423 3683 2823 3737 communione
2841 3686 3022 3737 semet
3041 3685 3265 3735 sanctus
3286 3678 3383 3733 Vir
3404 3677 3897 3750 segregavit,tam-

2195 3771 2299 3825 etsi
2347 3771 2398 3826 ei
2446 3771 2655 3840 fratris,
2713 3771 2969 3842 collegas,
3019 3775 3187 3842 atque
3231 3768 3480 3840 episcopi
3505 3767 3740 3823 titulum
3789 3765 3898 3820 mi-

2193 3861 2348 3916 nime
2388 3860 2618 3915 ademit.
2675 3859 2980 3931 Augustini
3027 3858 3495 3914 communionem
3534 3872 3636 3928 per
3675 3855 3896 3910 litteras

2188 3949 2447 4021 poposcit
2484 3950 2711 4015 Paulus,
2757 3953 2928 4021 atque
2949 3948 3116 4002 simul
3141 3951 3373 4019 questus
3393 3945 3893 4017 est,ipsum,quem

2193 4039 2366 4093 etiam
2397 4037 2808 4092 inexorabilem
2836 4041 3021 4106 vocat,
3050 4035 3120 4090 iis
3148 4036 3278 4106 plus
3311 4050 3478 4105 aequo
3509 4031 3760 4098 credere,
3792 4029 3895 4102 qui

2193 4145 2383 4184 secum
2411 4133 2636 4200 apertas
2659 4127 2991 4182 inimicitias
3017 4142 3243 4198 semper
3274 4126 3580 4196 gesserant.
3627 4123 3739 4176 Hac
3766 4120 3897 4190 ipsa

2192 4217 2260 4271 de
2284 4233 2453 4271 causa
2479 4217 2801 4288 epistolam,
2833 4233 2946 4288 qua
2968 4217 3037 4271 de
3067 4215 3276 4287 agitur,
3309 4210 3625 4268 severitatis
3645 4211 3812 4281 juxta
3837 4213 3899 4263 et

2193 4305 2481 4360 charitatis
2510 4299 2743 4376 plenam
2765 4305 2836 4360 ad
2863 4321 2996 4360 eum
3023 4303 3376 4375 Augustinus
3407 4299 3802 4372 scripsit.Cum
3825 4313 3896 4351 eo

2193 4411 2250 4449 se
2300 4393 2506 4448 idcirco
2549 4393 2972 4448 communicare
3022 4393 3171 4448 nolle
3209 4391 3532 4463 proﬁtetur,
3573 4387 3710 4460 quia
3748 4390 3812 4441 ut
3840 4384 3896 4440 ei

2193 4482 2477 4549 adulatur,
2511 4481 2714 4538 adduci
2743 4499 2855 4537 non
2887 4485 3071 4554 potest
3109 4498 3123 4536 ε
3156 4496 3287 4535 cum
3317 4494 3547 4534 necesse
3582 4477 3655 4531 sit
3678 4475 3893 4548 ipsum,

2193 4571 2241 4625 si
2271 4570 2506 4643 quidem
2533 4571 2885 4638 vulneribus,
2910 4587 3040 4642 quas
3072 4567 3424 4641 Hipponensi
3455 4564 3713 4621 Ecclesiae
3743 4562 3898 4617 inﬂi-

2190 4661 2293 4727 xit,
2325 4660 2545 4714 mederi
2581 4661 2736 4728 velit,
2782 4677 2815 4714 a
2863 4660 3103 4715 Domino
3133 4657 3284 4713 curis
3313 4661 3369 4711 et
3397 4653 3632 4710 sarcinis
3657 4653 3895 4707 saecula-

2192 4749 2350 4804 ribus
2395 4748 2666 4820 expediri,
2711 4752 2882 4820 atque
2931 4748 3002 4803 ad
3046 4747 3221 4801 vitam
3264 4745 3590 4814 victumque
3640 4740 3895 4795 revocari

2193 4838 2502 4909 episcopali
2545 4837 2733 4893 ordini
2781 4836 3240 4892 convenientem.
3291 4833 3495 4889 Procul
3552 4830 3725 4886 dubio
3775 4845 3895 4883 non

2191 4929 2441 4982 multum
2470 4928 2688 4982 fructus
2717 4927 2895 4982 edidit
2921 4926 3043 4980 haec
3064 4924 3334 4997 epistola;
3367 4919 3596 4994 quando
3624 4917 3897 4989 Augusti-

2194 5033 2302 5071 nus
2330 5017 2398 5072 de
2431 5017 2539 5072 hoc
2573 5017 2836 5089 praesule,
2880 5016 3050 5071 etiam
3079 5015 3194 5069 vita
3227 5013 3442 5078 functo,
3474 5025 3680 5082 parum
3707 5009 3894 5062 hono-

2191 5106 2349 5160 rifice
2378 5106 2653 5177 loquitur.
2687 5107 2892 5161 Narrat
2920 5121 3073 5172 eum,
3104 5120 3220 5176 quo
3251 5107 3508 5172 tempore
3538 5099 3738 5153 cedere
3785 5097 3892 5151 bo-

2192 5193 2280 5247 nis
2311 5198 2538 5248 coactus
2569 5199 2676 5262 est,
2708 5195 3000 5266 aliquanta
3019 5192 3418 5265 pecunia,quaa
3441 5188 3524 5243 illi
3553 5186 3892 5248 debebatur,

2191 5285 2441 5352 recepta,
2472 5299 2540 5337 ex
2569 5283 2766 5354 agellis
2803 5282 3082 5354 praeconis
3113 5297 3244 5335 voce
3275 5277 3540 5350 subjectis
3583 5274 3894 5329 nonnullos

2191 5376 2466 5442 tanquam
2498 5374 2759 5428 Ecclesiae
2797 5390 2913 5428 suae
2944 5373 3049 5428 sub
3079 5373 3285 5427 domus
3312 5374 3438 5424 tum
3477 5364 3894 5438 potentissima:

2192 5461 2428 5518 nomine
2456 5479 2845 5534 comparasse;
2878 5467 2942 5518 ut
2965 5463 3138 5518 etiam
3160 5478 3225 5517 ex
3253 5459 3411 5533 ipsis,
3445 5473 3576 5513 cum
3601 5471 3760 5511 more
3790 5471 3894 5510 suo

2195 5549 2278 5605 nil
2305 5549 2441 5607 ﬁsco
2469 5552 2735 5621 solveret,
2768 5552 2954 5609 nullas
2984 5555 3313 5607 exactorum
3349 5545 3644 5604 molestias
3673 5547 3896 5616 patere-
