4062 6396
151 334 235 388 1161
1643 339 1829 395 LIBER

2018 342 2165 396 TUS.

149 464 235 512 tur
256 457 458 528 (Epist.
505 461 594 524 96,
625 475 680 512 η.
712 460 782 527 2).
837 460 965 513 llaec
1006 457 1212 513 deinde
1257 459 1473 529 praedia
1518 463 1824 516 successori

147 546 290 600 illius
321 545 602 599 Bonifacio
632 546 839 600 relicta.
877 546 1012 610 Quae
1043 546 1274 617 quidem
1302 548 1396 602 ille
1424 549 1544 603 sine
1573 551 1691 604 ulla
1720 551 1826 604 for-

147 634 284 687 sitan
315 634 695 687 controversia
723 635 970 689 retinere
1010 639 1267 705 poterat:
1302 637 1396 691 sed
1440 641 1505 691 ut
1553 642 1672 692 erat
1709 639 1825 692 sin-

101 717 116 724 ”
147 721 368 776 cerioris
397 721 568 776 homo
597 721 751 788 ﬁdei,
780 722 974 776 timuit
1002 739 1074 778 ne
1120 740 1308 779 coram
1362 727 1477 780 Deo
1524 726 1741 780 fraudis
1774 732 1828 780 et

150 810 431 881 injustitia:
459 810 744 880 particeps
773 811 1096 866 haberetur.
1126 814 1489 883 Quapropter
1520 814 1720 868 maluit
1740 814 1826 868 in-

137 914 324 969 genue
355 903 412 952 et
435 902 628 967 aperte
651 897 832 963 fateri,
867 899 1090 953 relictos
1121 900 1229 953 sibi
1258 917 1288 954 a
1317 917 1658 970 praecessore
1699 903 1827 956 fun-

151 989 246 1040 dos
274 985 514 1056 pecunia
544 986 744 1039 aerario
782 986 972 1041 debita
1002 992 1223 1059 emptos
1270 989 1464 1044 fuisse.
1510 991 1830 1044 Bonifacius

150 1079 328 1130 autem
354 1074 475 1143 jam
508 1073 638 1128 inde
669 1091 702 1128 a
730 1090 926 1128 mense
956 1081 1198 1146 augusto
1230 1077 1827 1148 anniquadringente-

151 1163 270 1217 simi
312 1161 491 1215 octavi
547 1161 615 1215 ad
659 1161 1070 1232 episcopatum,
1122 1166 1187 1217 ut
1230 1179 1334 1218 suo
1384 1163 1508 1218 loco
1556 1165 1828 1234 dicemus,

149 1251 344 1306 ascitus
373 1249 576 1303 fuerat.

213 1343 260 1394 3.
303 1337 454 1393 Nihil
484 1341 567 1392 est
594 1337 776 1406 dubii,
818 1338 960 1410 quin
988 1339 1296 1394 severiores
1341 1339 1466 1394 illas
1514 1341 1649 1395 anni
1689 1357 1829 1412 qua-

147 1422 568 1492 dringentesimi
599 1425 786 1495 quinti
812 1426 968 1496 leges
989 1426 1050 1480 in
1081 1428 1404 1482 Donatistas
1422 1429 1541 1498 jam
1572 1434 1693 1483 tum
1725 1431 1832 1484 Ho-

146 1511 332 1564 norius
369 1511 615 1579 tulisset,
648 1529 778 1566 cum
803 1514 1154 1584 Augustinus
1183 1515 1483 1586 epistolam
1514 1517 1583 1570 ad
1615 1517 1828 1570 Emeri-

151 1603 262 1653 tum
290 1600 713 1656 Donatistarum
756 1603 1171 1658 Casareensem
1221 1603 1555 1674 episcopum
1608 1604 1832 1674 scripsit

148 1689 335 1756 (Epist.
381 1691 472 1756 87,
511 1705 566 1744 η.
600 1691 670 1756 8).
727 1691 922 1762 Neque
967 1692 1160 1746 minus
1220 1696 1437 1746 constat
1493 1708 1618 1746 eam
1670 1692 1829 1762 prius

146 1775 404 1846 scriptam
436 1793 578 1846 esse,
610 1795 784 1848 quam
813 1779 1091 1833 habeatur
1120 1779 1372 1844 Collatio,
1409 1779 1505 1832 ubi
1551 1781 1829 1834 Emeritus

147 1864 235 1918 ille
260 1864 435 1935 partis
462 1883 577 1919 suae
610 1881 836 1920 causam
884 1872 1002 1921 tam
1032 1867 1255 1932 acriter,
1302 1883 1474 1938 quam
1523 1867 1827 1938 quisquam

148 1953 299 2018 alius,
328 1953 582 2008 defendit
607 1971 620 2020 ;
655 1955 1117 2026 quandoquidem
1143 1971 1274 2010 eum
1305 1956 1654 2026 Augustinus
1681 1972 1828 2010 non-

145 2041 247 2094 nisi
273 2057 334 2095 ex
365 2042 521 2096 fama
551 2043 845 2112 cognitum
877 2044 982 2097 sibi
1013 2060 1155 2112 esse,
1195 2045 1255 2097 in
1300 2043 1570 2115 praedicta
1617 2044 1830 2114 episto-

144 2129 194 2183 la
243 2134 483 2184 testatur
530 2132 712 2200 (Ibid.,
757 2148 813 2185 n.
860 2134 942 2201 1).
982 2133 1186 2186 Fuerat
1237 2133 1388 2202 apud
1445 2132 1830 2187 schismaticos

149 2218 424 2288 Baptismo
454 2218 733 2287 initiatus,
755 2236 858 2274 nec
879 2236 1134 2291 unquam
1164 2219 1224 2273 in
1249 2220 1508 2274 Ecclesim
1536 2219 1830 2273 catholica:

143 2307 350 2375 gremio
379 2307 722 2362 constitutus
753 2308 1078 2380 (Sermmone
1105 2308 1179 2362 ad
1207 2309 1410 2364 Caesar.
1444 2310 1688 2362 Ecclesia
1715 2309 1829 2376 ple-

143 2395 266 2460 bem,
310 2412 363 2451 η.
425 2396 498 2465 2).
551 2397 626 2449 Ea
677 2399 799 2450 erat
844 2396 998 2450 illius
1035 2396 1185 2465 apud
1236 2412 1364 2449 suos
1403 2397 1722 2459 auctoritas,
1769 2400 1832 2449 ut

142 2484 303 2538 etiam
335 2485 622 2538 celebrem
661 2485 818 2538 illam
860 2484 1184 2554 Bagaiensis
1222 2484 1444 2537 concilii
1492 2483 1830 2537 sententiam

141 2577 326 2626 contra
357 2571 804 2627 Maximianistas
834 2588 984 2626 anno
1029 2588 1202 2641 supra
1229 2571 1690 2625 trecentesimum
1721 2588 1831 2624 no-

140 2660 433 2730 nagesimo
464 2664 670 2730 quarto
700 2660 1082 2730 composuisse
1132 2660 1376 2713 creditus
1417 2659 1490 2712 sit
1537 2660 1631 2729 (De
1661 2660 1831 2715 Gestis

140 2763 251 2801 cum
301 2751 557 2814 Emerita,
600 2765 653 2803 n.
698 2751 807 2813 10).
871 2748 1191 2802 Habebatur
1236 2747 1383 2802 felici
1423 2748 1696 2816 praeditus
1743 2746 1830 2800 in-

140 2836 320 2906 genio,
352 2837 608 2890 honestis
631 2836 945 2906 disciplinis
977 2837 1254 2902 excultus,
1284 2835 1598 2890 liberaliter
1635 2836 1832 2888 educa-

139 2929 223 2978 tus
255 2926 451 2994 (Epist.
502 2928 589 2992 85,
628 2941 720 2978 nn.
774 2929 822 2993 l,
872 2926 973 2992 10).
1024 2923 1293 2978 Violentis
1335 2939 1567 2977 suorum
1616 2923 1829 2976 conati-

143 3013 242 3067 bus
271 3013 525 3068 inl‘ensus
556 3017 693 3078 erat,
724 3030 786 3065 ac
816 3017 990 3066 tantae
1023 3012 1272 3082 denique
1300 3011 1620 3082 probitatis,
1649 3027 1828 3081 quan-

142 3107 196 3154 ta
226 3101 278 3154 in
310 3101 670 3156 schismatico
720 3099 905 3154 inesse
934 3104 1145 3169 posset.
1170 3099 1521 3170 Augustinus
1569 3097 1658 3164 iis,
1701 3115 1830 3169 quae

143 3189 206 3244 de
239 3190 331 3243 illo
378 3205 510 3243 cum
552 3189 722 3243 laude
763 3190 1193 3259 spargebantur,
1243 3187 1418 3242 ﬁdem
1456 3202 1572 3240 non
1621 3185 1831 3240 invitus

144 3277 369 3344 habuit;
402 3277 664 3348 quinimo
696 3281 758 3330 ut
787 3293 853 3330 ea
885 3275 1107 3330 veritati
1155 3279 1552 3346 congruerent,
1598 3275 1828 3345 optavit.

145 3366 356 3420 Etenim
381 3365 672 3436 praecipuo
699 3365 948 3436 quodam
978 3364 1166 3418 studio
1202 3364 1260 3417 in
1293 3381 1390 3417 eos
1419 3363 1830 3434 propendebat,

147 3455 240 3526 qui
266 3455 408 3509 tales
440 3458 646 3520 essent,
680 3453 865 3524 qualis
895 3453 1046 3524 apud
1075 3469 1132 3506 se
1172 3452 1586 3523 depingebatur
1619 3453 1834 3506 Emeri-

145 3548 267 3596 tus:
301 3559 546 3614 cumque
577 3543 704 3596 illos
730 3559 918 3596 crasso
947 3541 1220 3613 quopiam
1266 3557 1457 3595 errore
1501 3540 1836 3594 constrictos

144 3631 424 3695 cernebat,
450 3647 562 3701 quo
593 3629 910 3684 mirabatur
937 3629 1138 3700 magis,
1157 3629 1265 3683 hoc
1294 3628 1474 3698 magis
1504 3628 1564 3682 in
1607 3627 1834 3681 illorum

143 3717 523 3788 cognitionem
548 3717 1081 3788 atquecolloquium
1111 3716 1304 3770 venire
1319 3715 1602 3786 cupiebat,
1634 3718 1702 3768 ut
1739 3731 1836 3768 eos

144 3806 209 3860 ab
237 3807 408 3861 hocce
431 3806 570 3860 vitio
589 3807 873 3860 liberaret.
899 3805 1063 3869 Quod
1092 3804 1281 3874 ipsum
1310 3802 1368 3856 in
1390 3819 1558 3856 causa
1578 3801 1707 3868 fuit,
1737 3817 1837 3854 cur

146 3895 316 3948 semel
365 3910 430 3948 ac
475 3894 685 3948 iterum
731 3893 802 3947 ad
855 3893 1117 3946 eumdem
1187 3891 1500 3946 Emeritum
1545 3889 1834 3955 scriberet,

144 3982 404 4054 quamvis
434 3997 644 4051 magno
668 3981 922 4034 locorum
954 3979 1252 4033 intervallo
1293 3978 1676 4048 disjunctum:
1707 3991 1835 4028 cum

142 4087 172 4124 a
200 4069 337 4123 viris
360 4068 472 4122 ﬁde
505 4067 692 4136 dignis
723 4066 1050 4136 accepisset,
1076 4066 1196 4119 fore
1227 4069 1289 4118 ut
1311 4065 1405 4118 ille
1435 4063 1540 4118 sibi
1569 4063 1838 4117 rescribe-

139 4163 220 4212 ret
254 4154 445 4225 (lbid.,
476 4171 532 4208 η.
567 4156 642 4224 6).
676 4153 962 4208 Possidius
991 4168 1218 4224 quoque
1246 4152 1407 4206 binas
1437 4151 1508 4205 ad
1536 4151 1688 4204 hunc
1710 4150 1836 4220 epi-

140 4260 374 4317 scopum
395 4243 610 4297 litteras
639 4246 796 4296 notat
825 4242 1078 4313 (Possid.,
1106 4244 1165 4295 in
1193 4241 1389 4306 Indic.,
1419 4256 1536 4308 cap.
1573 4239 1625 4310 3)
1651 4255 1664 4293 :
1697 4256 1836 4309 qua-

145 4349 269 4387 rum
302 4330 542 4404 quidem
572 4329 776 4402 prima;
804 4329 1149 4384 exciderunt.
1195 4330 1334 4383 Cum
1372 4328 1589 4382 nullam
1630 4327 1700 4381 ad
1738 4328 1839 4381 has

145 4421 575 4492 responsionem
616 4417 922 4488 accepisset
949 4416 1319 4488 Augustinus,
1358 4416 1721 4485 incertusque
1754 4432 1838 4468 es-

145 4515 242 4577 set,
272 4524 450 4563 suane
477 4507 732 4577 epistola,
756 4522 828 4559 an
860 4504 1402 4576 Emeritinesponsio
1431 4503 1731 4574 periisset;
1760 4519 1842 4558 se-

148 4598 391 4653 cundam
435 4596 616 4664 illam,
649 4611 777 4665 qua:
822 4595 1003 4648 adhuc
1043 4597 1322 4663 superest,
1354 4592 1584 4662 adjecit.
1635 4593 1701 4646 In
1733 4593 1842 4646 hac

149 4685 416 4751 ostendit,
446 4701 617 4755 quam
637 4682 850 4736 nullius
879 4681 1099 4736 roboris
1127 4686 1332 4747 essent,
1357 4696 1486 4751 quae
1510 4680 1570 4733 in
1597 4680 1841 4749 gratiam

149 4773 478 4828 secessionis
520 4771 708 4825 afferri
769 4773 1071 4842 poterant:
1126 4774 1183 4823 et
1232 4774 1604 4840 posteaquam
1652 4769 1842 4839 Optati

149 4861 471 4918 Gildoniani
502 4860 761 4929 exemplo
791 4861 1026 4930 planum
1057 4857 1208 4924 fecit,
1239 4857 1325 4912 vel
1361 4857 1840 4922 manifestissima,

149 4967 274 5022 qua).
307 4951 365 5004 in
389 4949 581 5019 aliqua
604 4947 1008 5002 communione
1033 4945 1685 5017 perpetrantur:sce|era,
1714 4960 1843 4997 cum

151 5039 418 5110 legitimis
433 5038 502 5092 de
529 5037 709 5091 causis
729 5037 1065 5101 tolerantur,
1082 5051 1199 5088 non
1221 5033 1368 5099 aliis,
1400 5047 1573 5103 quam
1603 5033 1847 5102 prOpriis

153 5124 801 5190 auctoribus,maculam
829 5123 1056 5178 inurere
1081 5140 1096 5188 ;
1131 5138 1258 5176 cum
1275 5125 1337 5175 ut
1365 5119 1473 5174 sibi
1503 5121 1848 5190 respondaat

154 5217 482 5271 obtestatur.
521 5214 722 5267 Utrum
750 5211 855 5264 hac
885 5211 944 5264 in
982 5227 1044 5265 re
1071 5214 1262 5264 sancto
1294 5209 1527 5263 Praasuli
1560 5208 1848 5262 satisfece-

156 5304 246 5370 rit,
278 5317 564 5373 nusquam
593 5298 857 5369 legimus:
909 5314 1108 5353 verum
1139 5302 1337 5369 postea
1382 5296 1667 5367 insignem
1721 5312 1849 5366 per-

155 5392 418 5446 vicaciam
451 5393 506 5443 et
535 5388 895 5442 obﬁrmatam
926 5385 988 5439 in
1018 5402 1212 5441 errore
1252 5389 1502 5440 mentem
1538 5400 1656 5455 prie
1686 5387 1848 5438 caete-

156 5479 232 5533 ris
258 5477 554 5534 donatistis
584 5475 868 5531 exhibuit.

226 5569 278 5621 4.
321 5566 501 5622 [.ibris
531 5565 590 5619 in
613 5563 977 5619 Cresconium
1007 5563 1118 5618 alia
1142 5562 1417 5617 nonnulla
1446 5559 1712 5616 adversus
1754 5560 1854 5613 Do-

475 5664 749 5727 PATROL.
801 5661 1046 5726 XXXII.

3531 355 3634 408 36'2

1937 463 2171 518 natistas
2209 480 2404 535 opera,
2435 481 2562 537 qum
2591 470 2783 521 nostra
2820 471 2982 522 aetate
3031 469 3446 542 desiderantur,
3496 477 3635 530 sub-

1932 553 2127 622 jungit
2166 553 2540 623 Augustinus.
2603 555 2855 609 Primum
2922 557 3153 626 quidem
3198 559 3268 612 ad
3316 561 3635 616 Donatistas

1937 641 2196 694 libellum
2217 641 2441 706 direxit,
2470 652 2582 712 quo
2613 643 2891 714 quidquid
2911 644 2977 698 ad
2996 645 3364 700 decidendam
3380 649 3637 706 secessio.

1939 728 2026 782 nis
2055 745 2279 783 causam
2304 729 2530 796 faceret,
2565 737 2686 785 acta
2718 731 2930 786 scilicet
2960 733 3172 800 omnia,
3215 738 3334 788 tum
3373 737 3632 790 ecclesia-

1940 816 2099 882 stica,
2138 821 2262 871 tum
2303 817 2512 884 civilia,
2555 835 2779 873 necnon
2807 835 3004 874 omnes
3045 838 3333 876 sacrorum
3375 824 3634 878 codicum

1941 905 2090 958 locos
2120 905 2201 959 eis
2232 922 2289 960 se
2337 907 2678 961 traditurum
2731 908 3138 978 pollicebatur;
3181 915 3246 963 ut
3291 927 3383 964 eos
3424 913 3494 966 ad
3541 913 3638 966 illa

1940 994 2289 1062 exposcenda
2309 995 2655 1064 impelleret.
2699 997 2771 1048 Ex
2797 996 2884 1061 iis,
2920 1013 3165 1067 quorum
3190 998 3247 1050 in
3279 1015 3481 1052 manus
3508 1016 3638 1070 pro-

1941 1080 2174 1134 missum
2205 1082 2343 1135 illud
2370 1081 2568 1136 incidit
2609 1083 2866 1144 (Retract.
2902 1085 3038 1138 libro
3081 1087 3132 1145 2,
3179 1102 3299 1154 cap.
3343 1089 3459 1156 ‘27),
3509 1089 3636 1159 qui-

1939 1168 2068 1222 dam
2096 1169 2444 1224 contrarium
2491 1171 2782 1241 scriptum,
2816 1171 2875 1225 in
2909 1189 3022 1243 quo
3055 1177 3277 1228 tantum
3323 1192 3379 1228 se
3414 1177 3639 1230 Donati-

1940 1261 2083 1310 stam
2122 1259 2511 1327 nuncupabat,
2553 1260 2749 1314 edidit.
2781 1260 3054 1324 Quocirca
3084 1278 3250 1315 suum
3290 1265 3639 1334 Augustinus

1938 1344 2172 1410 librum,
2204 1362 2316 1418 quo
2353 1347 2535 1400 eidem
2568 1349 2882 1417 respondit,
2915 1351 3111 1403 Contra
3135 1353 3308 1404 nescio
3338 1368 3492 1419 quem
3531 1355 3639 1406 Do-

1937 1435 2218 1498 natistam,
2251 1433 2541 1503 inscripsit
2569 1436 2764 1504 (Ibid.,
2791 1452 2910 1505 cap.
2945 1437 3056 1504 28).
3110 1439 3246 1501 Qum
3279 1443 3470 1493 autem
3501 1455 3634 1510 pro-

1940 1521 2193 1587 miserat,
2223 1538 2340 1576 una
2366 1539 2495 1576 cum
2537 1524 2752 1586 libello,
2803 1541 2916 1595 quo
2948 1527 3198 1596 primum
3246 1544 3312 1580 ea
3356 1529 3635 1598 promissa

1938 1609 2186 1675 fuerant,
2219 1611 2511 1682 evulgans,
2545 1612 2740 1666 totum'
2757 1613 2866 1666 hoc
2897 1630 3039 1685 opus
3067 1615 3450 1669 Probationum
3479 1621 3528 1670 et
3560 1621 3635 1670 te-

1938 1701 2307 1753 stimoniorum
2366 1704 2550 1753 contra
2599 1703 2908 1755 Donatistas
2953 1703 3118 1755 titulo
3175 1703 3404 1757 donavit
3450 1704 3635 1772 (Ibid.,

1938 1798 2058 1852 cap.
2082 1788 2146 1838 27
2167 1787 2392 1856 ;)utque
2418 1787 2597 1856 magis
2616 1789 2784 1858 vulgo
2806 1788 3201 1850 innotesceret,
3225 1790 3365 1843 illud
3388 1790 3635 1844 basilicae

1940 1872 2245 1926 Donatistis
2276 1890 2389 1926 non
2418 1874 2643 1942 pridem
2673 1875 2874 1928 ablatae
2905 1875 3219 1944 parietibus
3262 1877 3458 1930 aflixit.
3495 1877 3637 1932 Cum

1938 1975 2071 2013 vero
2096 1960 2520 2014 lucubrationes
2550 1963 2720 2031 paulo
2751 1963 2989 2016 fusiores
3023 1980 3055 2016 a
3084 1964 3370 2035 plerisque
3401 1981 3503 2018 nec
3525 1965 3636 2036 legi

1941 2045 2175 2116 quidem
2218 2046 2620 2101 intellexisset:
2657 2065 2829 2101 unam
2874 2049 3185 2103 admodum
3231 2051 3486 2118 brevem,
3533 2068 3639 2122 pro

1940 2131 2135 2186 innata
2161 2133 2268 2186 sibi
2296 2133 2590 2200 charitate,
2626 2134 2685 2188 in
2726 2136 2913 2190 lucem
2943 2136 3151 2204 emisit,
3183 2153 3297 2207 quo
3349 2138 3502 2191 illius
3549 2155 3634 2192 ex-

1940 2218 2251 2272 scribendas
2319 2219 2559 2272 facilitas
2618 2237 2744 2274 eam
2800 2239 2904 2292 per
2966 2223 3219 2292 plurium
3271 2241 3472 2278 manus
3524 2229 3638 2278 tra-

1941 2306 2187 2372 duceret,
2257 2307 2618 2378 efﬁceretque
2700 2313 2766 2362 ut
2820 2310 3111 2363 memorizn
3182 2313 3340 2365 nullo
3407 2313 3637 2382 negotio

1940 2395 2324 2450 mandaretur.
2362 2396 2538 2464 Hujus
2581 2397 2840 2466 opusculi
2886 2397 3083 2451 titulus
3125 2403 3265 2465 erat,
3323 2400 3639 2454 Admonitio

1941 2485 2347 2536 Donatistarum
2371 2484 2435 2536 de
2476 2486 2941 2540 Mamimianistis:
2983 2488 3136 2557 quod
3166 2487 3377 2541 scilicet
3423 2505 3488 2542 ex
3520 2490 3640 2542 sola

1943 2571 2487 2625 Maximianistarum
2536 2573 2771 2626 historia
2810 2574 3256 2641 demonstrabat,
3310 2577 3515 2630 Donati
3563 2577 3640 2631 fa-

1941 2659 2184 2712 ctionem
2232 2659 2393 2714 nullo
2424 2660 2818 2727 fundamento,
2851 2663 3010 2716 nulla
3036 2663 3274 2717 veritate
3305 2665 3408 2718 niti
3454 2665 3638 2733 (lbid.,

1941 2763 2061 2816 cap.
2094 2751 2214 2814 29).

2013 2840 2063 2889 5.
2108 2837 2315 2889 Eadem
2338 2841 2671 2907 tempestate
2706 2838 2924 2892 librum
2964 2855 3130 2893 suum
3162 2840 3231 2893 de
3281 2840 3638 2895 Divinatione

1941 2939 2036 2976 seu
2078 2923 2443 2993 praedictione
2493 2925 2818 2979 diemonum
2868 2926 3090 2996 scripsit
3136 2927 3442 2997 (Ibid..cap.
3502 2931 3635 2999 30):

1941 3011 2031 3064 cui
2063 3011 2414 3065 occasionem
2445 3013 2603 3066 dedit
2632 3013 2752 3083 ejus
2782 3029 2912 3067 cum
2942 3013 3096 3067 laicis
3123 3015 3464 3084 quibusdam
3493 3015 3640 3069 chri-

1941 3098 2158 3167 stianis,
2194 3099 2292 3170 qui
2320 3100 2468 3170 apud
2499 3116 2632 3154 eum
2669 3116 2878 3171 magno
2908 3117 3151 3155 numero
3183 3103 3414 3157 aderant
3436 3103 3494 3156 in
3517 3103 3638 3157 die-

1940 3185 2046 3240 bus
2086 3187 2291 3240 sanctis
2321 3191 2667 3254 octavarum,
2715 3188 2963 3258 quodam
3005 3189 3093 3242 die
3133 3205 3302 3244 mane
3341 3206 3404 3243 ac
3449 3191 3637 3262 prius-

1943 3291 2116 3345 quam
2147 3273 2337 3328 divina
2365 3277 2632 3346 mysteria
2649 3275 3094 3343 celebrarentur,
3127 3277 3322 3331 habita
3339 3279 3640 3334 collocutio

1946 3365 2040 3432 (De
2078 3365 2419 3418 Divinatione
2467 3365 2783 3430 daemonum,
2827 3381 2920 3419 nn.
2973 3369 3021 3431 1,
3071 3369 3149 3434 6).
3199 3367 3405 3420 Natum
3434 3372 3520 3421 est
3549 3384 3638 3422 ar-

1944 3455 2285 3522 gumentum
2314 3468 2380 3506 ex
2411 3468 2662 3522 rumore,
2703 3469 2816 3524 quo
2843 3453 3148 3507 destructio
3176 3454 3465 3524 Serapidis
3503 3459 3644 3509 tem-

1943 3539 2046 3609 pli,
2079 3540 2233 3610 quod
2263 3557 2412 3594 anno
2441 3541 2664 3595 circiter
2689 3543 3085 3596 trecentesimo
3116 3545 3462 3614 octogesimo
3491 3560 3644 3599 nono

1943 3628 2260 3681 Theodosio
2293 3628 2630 3698 imperante,
2665 3630 3020 3683 Alexandriae
3052 3647 3308 3685 eversum
3361 3637 3467 3700 est,
3497 3649 3646 3702 prae-

1947 3714 2098 3768 dicta
2127 3731 2160 3767 a
2189 3731 2357 3784 mago
2379 3715 2626 3784 quodam
2656 3716 2961 3770 ferebatur.
2998 3718 3113 3770 Hoc
3153 3723 3342 3772 autem
3376 3719 3434 3771 in
3468 3720 3644 3774 collo-

1948 3801 2084 3872 quio
2139 3801 2492 3870 Augustinus
2540 3803 2824 3871 praedicta:
2864 3793 3238 3858 divinationis
3284 3806 3644 3878 aliarumque

1948 3888 2246 3953 similium,
2279 3905 2406 3959 qua:
2427 3889 2802 3958 praenuntiari
2829 3907 2862 3943 a
2881 3891 3240 3944 daemonibus
3270 3897 3528 3962 possunt,
3563 3910 3646 3946 ra-

1949 3977 2167 4030 tionem
2190 3976 2392 4030 afferre
2414 3977 2571 4030 nisus
2600 3981 2702 4030 est.
2737 3978 2878 4032 Cum
2896 3979 3147 4048 primum
3169 3995 3302 4032 vero
3336 3995 3441 4049 per
3465 3980 3644 4034 otium

1949 4063 2128 4130 licuit,
2162 4081 2291 4132 quin
2321 4070 2455 4119 tunc
2478 4065 2753 4136 temporis
2783 4066 2935 4120 dicta
2963 4067 3206 4132 fuerant,
3240 4068 3448 4121 chartis
3487 4084 3646 4122 man-

1949 4152 2124 4207 davit.
2192 4153 2256 4206 In
2309 4158 2563 4207 extremo
2604 4153 2804 4207 eodem
2849 4155 2992 4208 libro
3044 4154 3346 4224 promittit,
3405 4155 3452 4209 si
3509 4156 3646 4226 quid

1951 4241 2175 4295 Ethnici
2201 4241 2290 4309 iis,
2333 4259 2460 4313 qua}
2499 4243 2711 4297 ibidem
2744 4243 3072 4314 disputavit,
3093 4244 3305 4298 vellent
3335 4260 3648 4314 opponere,

1950 4346 2008 4382 se
2071 4346 2175 4399 pro
2241 4347 2343 4384 sua
2406 4331 2555 4384 virili
2619 4347 3052 4402 responsurum.
3135 4333 3299 4385 Prius
3365 4333 3647 4397 observat,

1952 4416 2239 4473 idolorum
2290 4418 2509 4472 cultum
2541 4417 2602 4472 in
2644 4418 2764 4492 dies
2817 4419 3075 4490 singulos
3122 4418 3410 4484 imminui,
3461 4435 3649 4490 neque

1951 4505 2134 4560 ullum
2194 4523 2313 4560 esse
2341 4523 2577 4572 annum,
2632 4507 2692 4560 in
2737 4523 2850 4578 quo
2916 4523 3034 4562 non
3081 4506 3269 4560 minor
3329 4507 3648 4562 infidelium

1953 4609 2250 4661 numerus,
2286 4611 2458 4665 quam
2507 4595 2566 4648 in
2616 4593 2905 4665 superiore
2953 4592 3410 4664 deprehendatur
3450 4594 3648 4664 (Ibid.,

1953 4698 2010 4736 n.
2056 4684 2163 4748 14).
3135 4737 3144 4746 .

2024 4772 2076 4822 6.
2118 4770 2381 4823 Proximo
2411 4773 2607 4840 postea
2646 4771 2766 4823 loco
2815 4769 2873 4823 in
2905 4769 3183 4823 librorum
3228 4785 3462 4824 suorum
3506 4770 3650 4824 serie

1953 4856 2120 4926 ponit
2147 4857 2499 4926 Augustinus
2531 4873 2622 4910 sex
2663 4856 3020 4920 Qumstiones
3051 4861 3249 4911 contra
3277 4859 3533 4928 Paganos
3562 4874 3652 4911 ex-

1953 4943 2166 5014 positas
2199 4945 2455 5010 (Retract.
2501 4945 2592 4998 lib.
2636 4948 2689 5010 2,
2739 4961 2860 5013 cap.
2907 4946 3033 5012 31);
3083 4945 3235 5014 quod
3282 4945 3652 4998 nihilominus

1958 5032 2368 5102 opusculumin
2383 5032 2600 5086 excusis
2629 5032 2919 5086 codicibus
2935 5033 3177 5086 relatum
3205 5034 3449 5088 estinter
3476 5033 3652 5102 ipsius

1960 5119 2229 5190 epistolas
2255 5121 2446 5189 (Epist.
2483 5123 2626 5190 102).
2653 5121 2797 5175 lllud
2838 5121 3119 5174 scribendi
3162 5123 3514 5176 occasionem
3545 5120 3653 5190 ipsi

1957 5205 2208 5277 praebuit
2235 5223 2493 5277 paganus
2519 5207 2776 5278 quidam,
2819 5224 2990 5278 quem
3023 5225 3153 5263 cum
3186 5209 3390 5263 eximie
3420 5208 3650 5260 charum

1958 5295 2102 5350 habe
2112 5298 2213 5359 ret,
2228 5295 2599 5350 christianum
2617 5296 2741 5351 ﬁeri
2755 5313 3102 5368 magnopere
3122 5298 3387 5367 cupiebat
3401 5298 3650 5364 (Retract.

1962 5383 2057 5438 lib.
2090 5385 2279 5452 2,cap.
2301 5384 2707 5453 31).Quasdam
2731 5385 2903 5439 etiam
2933 5386 3002 5439 ad
3030 5402 3160 5438 eum
3182 5385 3395 5438 litteras
3425 5381 3658 5436 dederat

1965 5485 2068 5524 nec
2091 5473 2283 5525 tamen
2313 5472 2383 5526 ab
2413 5489 2479 5526 eo
2507 5473 2820 5544 quidquam
2845 5473 2911 5526 ad
2936 5473 3061 5526 illas
3081 5470 3336 5540 responsi
3367 5475 3656 5538 acceperat

1966 5559 2171 5629 (Epist.
2204 5561 2323 5623 l02,
2348 5578 2401 5614 n.
2440 5561 2778 5630 l):perinde
2800 5561 2962 5630 quasi
3003 5559 3297 5612 hominem
3353 5558 3656 5627 Augustini

3049 5656 3348 5736 (Dousa)
