4062 6356
447 287 547 343 363

447 411 786 463 sectatorem
822 420 942 459 esse
970 401 1284 474 puduisset.
1329 401 1379 454 Is
1405 400 1637 454 demum
1676 400 2006 470 presbytero
2031 399 2143 451 Deo

449 496 677 569 gratias,
702 510 795 548 sex
823 494 892 548 de
919 491 1202 561 religione
1247 489 1592 559 qumstiones
1629 487 1951 559 proposuit,
2003 503 2144 556 quas

447 583 656 656 partim
685 599 742 636 se
768 580 1048 650 accepisse
1077 597 1110 632 a
1139 577 1456 648 Porphyrio
1496 576 1834 648 philosopho
1871 576 2140 645 jactabat.

447 667 828 738 Porphyrium
856 683 988 720 vero
1019 665 1213 730 istum,
1262 681 1295 717 a
1324 663 1696 716 celeberrimo
1747 663 1865 728 illo,
1916 660 2143 715 natione

449 757 656 823 Siculo,
692 756 792 826 qui
831 755 934 808 sub
965 753 1138 807 tinem
1168 752 1322 806 tertii
1347 752 1540 805 saeculi
1568 751 1814 816 vivebat,
1857 750 2143 804 diversum

445 849 610 917 putat
649 842 1001 912 Augustinus
1042 845 1292 911 (Retract.
1346 841 1442 894 lib.
1492 843 1547 908 2,
1578 855 1698 908 cap.
1731 841 1841 908 31).
1890 835 2146 906 Proposi-

445 939 531 988 tas
556 932 894 1002 quaestiones
924 930 1222 999 presbyter
1251 926 1440 981 statim
1483 944 1516 980 a
1545 925 1886 996 Carthagine
1921 924 1992 977 ad
2023 925 2145 976 Au-

445 1019 741 1092 gustinum
771 1018 947 1083 misit,
979 1033 1043 1070 ex
1075 1018 1236 1086 cujus
1259 1031 1356 1069 ore
1387 1014 1725 1068 solutionem
1755 1013 1986 1066 illarum
2007 1009 2148 1063 acci-

444 1122 602 1177 pere,
627 1121 800 1177 quam
829 1105 1073 1175 ipsemet
1090 1121 1215 1157 eam
1240 1104 1460 1156 tradere
1489 1102 1755 1154 malebat.
1783 1099 1882 1154 Cui
1911 1097 2147 1168 quidem

446 1196 552 1249 hac
580 1194 641 1248 in
669 1210 730 1248 re
759 1198 986 1247 sanctus
1034 1194 1239 1246 Doctor
1278 1206 1495 1244 morem
1523 1189 1716 1258 gessit,
1768 1187 1895 1240 licet
1941 1202 2044 1256 per
2089 1184 2148 1238 id

447 1282 719 1353 temporis
740 1280 1209 1350 occupatissimus
1229 1296 1242 1333 :
1272 1279 1367 1332 sed
1382 1293 1513 1332 eum
1528 1283 1720 1330 tamen
1747 1273 1988 1345 epistola
2003 1289 2146 1343 opu-

446 1372 600 1425 sculo
624 1387 726 1424 suo
737 1371 976 1440 praefixa
987 1373 1170 1439 rogat,
1186 1372 1248 1421 ut
1265 1367 1386 1438 ipse
1402 1365 1628 1420 ethnico
1651 1365 1732 1417 illi
1753 1365 1823 1417 ad
1837 1362 2032 1416 omnia
2052 1377 2146 1414 re-

447 1455 728 1524 spondere
760 1469 831 1507 ne
871 1457 1177 1523 gravetur;
1211 1451 1549 1520 opusculum
1595 1452 1787 1502 autem
1837 1447 1990 1516 quod
2033 1444 2144 1515 ipsi

448 1541 644 1606 mittit,
663 1540 976 1594 nonnisiiis
996 1539 1204 1610 quibus
1223 1553 1540 1607 congruum
1567 1535 1924 1606 judicaverit,
1957 1539 2148 1587 osten-

447 1631 560 1684 dat.
587 1631 650 1682 In
681 1633 934 1682 extrema
964 1632 1144 1697 parte,
1177 1643 1307 1680 cum
1353 1625 1706 1696 prmsentiret
1751 1623 1968 1687 animo,
2017 1637 2148 1674 eum

449 1717 549 1786 qui
576 1716 919 1786 quaestiones
947 1715 1071 1767 illas
1093 1713 1502 1784 proposuisset.
1525 1713 1644 1781 jam
1672 1711 1903 1782 quidem
1929 1710 1996 1763 de
2028 1725 2148 1762 am-

448 1803 746 1874 plectenda
775 1802 982 1857 Christi
1013 1803 1122 1855 tide
1151 1801 1422 1871 cogitare,
1453 1801 1548 1853 sed
1588 1800 1744 1870 prius
1766 1815 1894 1869 quas
1921 1798 1978 1850 in
2009 1795 2150 1851 Scri-

446 1891 630 1964 pturis
661 1891 900 1945 obscura
931 1895 1065 1943 sunt
1091 1890 1235 1942 velle
1265 1888 1370 1942 sibi
1394 1887 1666 1958 explicari
1692 1903 1704 1940 :
1748 1887 1912 1940 illum
1953 1885 2148 1938 sedulo

448 1980 796 2034 monendum
823 1979 1000 2045 duxit,
1025 1982 1090 2031 ut
1109 1977 1346 2047 jamjam
1377 1976 1717 2029 christianus
1746 1976 1866 2038 ﬁat,
1898 1990 2002 2027 nec
2028 1973 2152 2027 diu-

447 2067 794 2138 tiuslhzereat
814 2067 873 2120 in
887 2064 1324 2136 quaestionibus,
1341 2065 1536 2134 quales
1550 2063 1825 2134 quasdam
1838 2077 2151 2131 proposue-

450 2160 564 2210 rat:
586 2158 665 2210 Ne
683 2158 842 2222 forte,
860 2153 1066 2224 inquit,
1087 2168 1202 2205 cum
1216 2157 1488 2220 exspectat
1505 2157 1629 2204 ante
1643 2151 1930 2204 Librorum
1949 2154 2153 2202 sancto-

447 2244 748 2312 rum/inire
771 2244 1110 2312 quastiones,
1140 2256 1310 2310 quam
1326 2237 1781 2302 sitChristianus,
1814 2239 1969 2306 prius
1994 2239 2151 2305 ﬁniat

449 2334 620 2385 vitam
631 2333 815 2392 istam,
832 2345 995 2398 quam
1012 2333 1252 2381 transeat
1265 2344 1296 2380 a
1309 2331 1474 2380 morte
1485 2326 1558 2378 ad
1574 2328 1761 2380 vitam.
1780 2327 1914 2380 Sunt
1927 2327 2065 2377 enim
2079 2326 2153 2376 in-

449 2419 827 2482 numerabiles,
845 2433 963 2485 qua:
975 2432 1078 2470 non
1093 2421 1217 2468 sunt
1230 2415 1483 2484 ﬁnienda:
1505 2419 1627 2467 ante
1646 2414 1823 2480 ﬁdem,
1840 2428 1904 2465 ne
1924 2414 2151 2480 ﬁniatur

451 2509 570 2560 vita
597 2509 712 2560 sine
729 2505 853 2573 ﬁde.
879 2505 983 2559 Sed
1000 2507 1162 2572 plane
1188 2508 1395 2556 retenta
1411 2503 1532 2570 jam
1562 2502 1688 2569 ﬁde,
1713 2501 1786 2553 ad
1801 2499 2151 2554 exercendam

446 2597 600 2663 piam
629 2594 1025 2646 delectationem
1053 2593 1311 2644 mentium
1347 2591 1589 2658 ﬁdelium
1619 2589 2010 2642 studiosissime
2057 2603 2150 2641 re-

453 2681 752 2751 quirendre,
783 2685 832 2733 et
854 2680 998 2748 quod
1022 2682 1081 2732 in
1110 2682 1185 2732 eis
1215 2680 1468 2746 elumerit,
1494 2679 1610 2730 sine
1637 2678 1802 2746 typho
1822 2679 2153 2743 arrogantiae

452 2769 990 2832 communicandum;
1019 2767 1163 2836 quod
1192 2771 1369 2819 autem
1400 2767 1633 2825 latuerit,
1663 2768 1776 2818 sine
1804 2765 1998 2818 salutis
2031 2765 2152 2818 dis-

446 2858 646 2927 pendeo
700 2857 1036 2910 tolerandum
1109 2856 1300 2924 (Epist.
1381 2857 1515 2917 102,
1582 2869 1637 2906 η.
1695 2854 1805 2922 38).
1879 2852 2154 2922 Scriptio-

451 2963 583 3000 nem
609 2945 766 2998 illam
797 2945 1162 3015 proferebant
1210 2941 1522 3011 Pelagiani,
1576 2941 1680 2995 hoc
1729 2941 1788 2994 in
1823 2957 1946 2994 rem
1989 2956 2151 2994 suam

451 3034 703 3088 converti
734 3049 895 3103 posse
927 3032 1245 3102 opinantes,
1289 3030 1442 3100 quod
1475 3029 1686 3084 ibidem
1724 3029 1956 3098 legitur,
1991 3028 2151 3084 Chri-

451 3127 603 3176 stum
631 3126 767 3175 tunc
807 3121 1049 3174 voluisse
1088 3119 1418 3172 hominibus
1449 3133 1748 3188 apparere,
1779 3122 1833 3170 et
1871 3117 2019 3186 apud
2055 3133 2149 3169 eos

452 3209 748 3280 prazdicari
771 3208 1086 3262 doctrinam
1109 3223 1292 3274 suam,
1325 3207 1552 3276 quando
1581 3205 1792 3258 sciebat
1821 3209 1875 3258 et
1896 3204 1994 3258 ubi
2017 3205 2150 3258 scie-

451 3298 550 3351 bat
579 3313 721 3362 esse,
755 3297 856 3366 qui
886 3296 950 3348 in
977 3311 1106 3348 eum
1139 3295 1368 3348 fuerant
1405 3293 1697 3347 credituri.
1740 3295 1950 3346 Verum
1990 3293 2152 3346 docet

452 3382 824 3455 Augustinus,
849 3382 906 3436 id
935 3398 992 3434 se
1023 3386 1246 3434 tantum
1261 3381 1328 3433 de
1359 3380 1716 3450 prmscientia
1729 3381 1938 3434 Christi
1961 3381 2149 3435 dicere

451 3472 713 3536 voluisse,
747 3470 900 3540 quod
946 3467 1345 3522 convincendaa
1394 3470 1755 3537 Paganorum
1805 3468 2147 3534 intidelitati,

452 3561 553 3632 qui
583 3562 728 3614 hanc
757 3559 1081 3628 objecerant
1109 3556 1507 3628 quaestionem,
1541 3555 1799 3609 sufficere
1831 3557 2145 3623 videretur;

452 3665 583 3703 eum
603 3647 854 3715 aliunde,
878 3645 1159 3716 quidquid
1186 3644 1244 3696 in
1276 3659 1401 3696 eam
1423 3660 1543 3696 rem
1574 3643 1757 3698 facere
1787 3649 1997 3714 posset,
2019 3662 2150 3698 enu-

452 3738 750 3792 cleandum
794 3735 1080 3805 suscipere
1118 3734 1324 3786 nollet:
1362 3737 1634 3786 caeterum
1664 3733 1915 3787 ostendit
1959 3735 2147 3788 haud-

452 3843 740 3898 quaquam
774 3825 917 3879 illud
963 3824 1034 3877 ad
1074 3822 1513 3892 Pelagianorum
1559 3837 1788 3875 causam
1840 3823 2146 3892 pertinere.

450 3917 734 3969 Praeterea
764 3913 1069 3968 nonnullas
1107 3911 1362 3981 ejusdem
1397 3910 1506 3964 loci
1545 3910 1840 3975 dictiones,
1882 3911 2147 3981 quamvis

450 4019 544 4058 eas
570 4001 859 4073 Pelagiani
895 4017 1009 4054 non
1040 3999 1396 4071 objecissent,
1443 3999 1709 4069 explanat
1750 3998 1844 4069 (De
1888 3999 2140 4054 Praedest.

447 4097 774 4152 sanctorum,
806 4107 862 4144 n.
896 4091 1106 4155 17-20).

517 4184 572 4232 ‘7.
613 4180 737 4232 Jam
766 4193 898 4230 vero
919 4176 981 4228 in
1009 4175 1124 4228 suis
1146 4173 1660 4229 Retractationibus
1690 4175 1963 4245 opusculo
1982 4191 2149 4246 supe-

448 4266 587 4320 riori
617 4265 805 4319 subdit
835 4262 1254 4333 Expositionem
1300 4261 1564 4332 Epistolas
1593 4262 1786 4316 Jacobi
1817 4262 1886 4316 ad
1923 4263 2144 4316 duode-

447 4353 558 4406 cim
581 4352 763 4406 tribus
795 4354 1046 4421 (Rctract.
1067 4351 1161 4403 lib.
1189 4353 1242 4414 2,
1265 4365 1386 4418 cap.
1419 4353 1502 4416 32)
1528 4365 1542 4402 :
1574 4365 1704 4419 qua:
1735 4348 1969 4419 quidem
2001 4350 2145 4404 nihil

448 4444 572 4494 erat
593 4440 766 4503 aliud,
802 4454 976 4508 quam
1015 4437 1448 4491 adnotationum
1489 4437 1560 4490 ad
1602 4437 1922 4507 marginem
1955 4444 2145 4502 textus

449 4529 520 4581 ab
550 4527 649 4582 illo
681 4525 1114 4596 adscriptarum,
1145 4525 1444 4596 diligentia
1472 4526 1716 4579 fratrum
1749 4543 1989 4581 suorum
2016 4545 2146 4581 cou-

449 4615 674 4669 cinnata
699 4614 953 4669 collectio
983 4635 997 4682 ;
1029 4619 1084 4667 et
1119 4614 1254 4668 hinc
1293 4619 1486 4668 tamen
1518 4615 1588 4668 ad
1630 4615 1934 4670 verborum
1975 4616 2144 4686 hujus

449 4703 703 4775 epistola:
724 4703 1180 4774 intelligentiam,
1205 4703 1272 4756 ad
1273 4703 1522 4773 jumenti
1545 4703 1802 4757 nonnihil
1820 4705 2144 4761 accedebat.

448 4793 658 4846 Verum
698 4793 846 4846 istud
875 4809 1018 4862 opus
1057 4797 1247 4845 nostra
1286 4791 1562 4845 memoria
1593 4808 1711 4845 non
1761 4798 1960 4846 exstat.
2003 4793 2143 4846 Huic

447 4879 654 4933 deinde
683 4883 796 4932 tres
824 4879 958 4932 libri
979 4879 1047 4932 de
1066 4878 1666 4933 Peccatorummeritis
1692 4896 1755 4933 ac
1785 4880 2140 4946 remissione,

447 4967 654 5038 quibus
693 4965 898 5020 Christi
937 4966 1179 5035 gratiam
1221 4973 1417 5021 contra
1466 4967 1832 5037 Pelagianam
1875 4968 2142 5023 haeresim

442 5070 806 5125 propugnare
829 5057 949 5106 tum
977 5054 1229 5123 primum
1261 5071 1522 5124 agressus
1551 5061 1649 5116 est,
1683 5056 1753 5110 ab
1786 5072 1851 5109 eo
1883 5056 2142 5126 proxime

445 5140 1158 5212 subjiciuntur(Ibid.,cap.
1180 5143 1298 5210 33):
1329 5146 1671 5195 cumtamen
1700 5143 1805 5195 hos
1830 5143 2005 5196 libros
2033 5144 2142 5197 nisi

443 5235 572 5302 post
585 5231 918 5285 damnatum
934 5228 1277 5287 Coelestium,
1294 5229 1397 5282 hoc
1425 5233 1528 5293 est,
1547 5230 2036 5298 quemadmodum
2053 5231 2139 5285 in-

442 5320 526 5374 fra
539 5315 1200 5383 demonstrabitur,anno
1214 5315 2137 5387 quadringentesimoduodecimo,

444 5423 562 5462 non
590 5405 896 5478 scripserit.
931 5404 1092 5468 Quod
1124 5419 1252 5458 cum
1276 5402 1355 5457 ita
1380 5403 1470 5470 sit,
1514 5420 1646 5458 eum
1679 5404 1782 5458 hac
1809 5405 1869 5459 in
1898 5422 1960 5460 re
1991 5410 2138 5462 tem-

441 5512 647 5566 porum
678 5495 861 5550 ordini
887 5493 1074 5548 minus
1105 5490 1371 5546 institisse
1405 5496 1649 5557 constat;
1673 5495 2134 5563 quandoquidem

1689 276 1848 329 VITA
1885 275 1940 329 S.
1981 273 2356 328 AUGUSTINI
2403 269 2746 326 EPISCOPI.

3862 263 3963 314 36's

2254 397 2482 451 eosdem
2522 396 2698 449 libros
2733 389 3058 446 Collationis
3083 402 3313 459 quoque
3341 384 3650 449 breviculo,
3688 384 3791 455 qui
3822 399 3964 436 sane

2255 486 2399 538 liber
2422 484 2526 537 sub
2555 482 2692 535 anni
2724 475 3273 550 quadringentesimi
3303 473 3587 528 undecimi
3615 473 3820 537 finem,
3855 477 3966 524 aut

2255 589 2369 625 non
2409 572 2488 624 ita
2518 571 2698 624 multo
2729 573 2878 638 post,
2911 567 3096 620 editus
3117 568 3219 628 est,
3254 565 3422 631 longe
3449 561 3774 631 praemittit.

2325 665 2376 714 8·
2445 658 2603 722 Ουοά
2658 673 2790 710 νεΓο
2847 655 2916 708 ad
2967 670 3108 724 opus
3168 653 3238 705 de
3291 651 3461 704 unico
3527 649 3841 718 Baptismo,
3893 648 3996 700 de"

2255 765 2367 819 quo
2439 764 2567 800 mox
2643 745 2762 814 agit
2815 742 2996 806 (Ibid,
3072 758 3192 810 cap.
3265 741 3381 810 34),
3435 739 3490 792 id
3577 738 3960 791 Collationem

2253 836 2628 907 prmcessisse,
2655 835 2742 886 vel
2783 831 2917 885 hinc
2961 830 3325 883 manifestum
3371 831 3540 896 esset,
3581 825 3736 896 quod
3780 825 3846 878 in
3891 841 3960 877 eo

2254 922 2412 974 nulla
2442 919 2655 973 mentio
2683 917 2939 986 ejusdem
2962 914 3284 969 Collationis
3313 917 3508 965 exstat.
3547 913 3752 964 Verum
3785 925 3962 965 eam-

2255 1011 2382 1064 dem
2424 1025 2542 1062 rem
2566 1009 2622 1062 id
2653 1011 2927 1077 praeterea
2951 1004 3217 1069 declarat,
3262 1000 3416 1073 quod
3449 1000 3768 1054 Donatistas
3810 1015 3961 1067 pro-

2256 1099 2376 1164 bra,
2401 1113 2528 1168 qua:
2559 1095 2878 1150 Marcellino
2900 1097 2956 1146 et
2975 1092 3196 1163 aliquot
3210 1092 3338 1144 aliis
3369 1089 3636 1143 Romanis
3669 1087 3962 1158 episcopis

2255 1185 2619 1256 ingerebant,
2643 1183 2735 1238 hic
2755 1185 2928 1250 negat
2946 1181 3077 1235 ullis
3100 1197 3197 1234 eos
3226 1176 3570 1233 testimoniis
3595 1176 3846 1246 probare
3877 1191 3963 1228 co-

2255 1279 2456 1340 natos;
2517 1272 2614 1343 qui
2657 1277 2851 1326 tamen
2899 1271 2961 1324 in
3008 1268 3322 1323 Collatione
3372 1267 3668 1330 nonnulla,
3730 1265 3960 1317 tametsi

2257 1361 2669 1422 commentitia,
2715 1360 3028 1413 attulerunt
3076 1359 3164 1426 (De
3213 1358 3374 1409 Unico
3412 1356 3710 1423 Baptismo,
3754 1370 3810 1406 η.
3846 1356 3960 1421 27).

2258 1451 2476 1505 Ibidem
2508 1465 2734 1520 quoque
2766 1448 2825 1500 in
2857 1462 3050 1500 errore
3081 1445 3374 1515 cujusdam
3405 1443 3536 1496 facti
3569 1443 3747 1496 haeret
3772 1443 3962 1510 (Ibid,

2256 1556 2312 1593 n.
2345 1539 2455 1608 28),
2487 1538 2649 1607 cujus
2673 1552 2819 1606 pene
2844 1536 2903 1589 in
2923 1533 3182 1588 omnium
3211 1537 3408 1586 contra
3437 1531 3760 1585 Donatistas
3789 1531 3963 1582 libro-

2259 1643 2387 1680 rum
2416 1625 2810 1680 retractatione
2837 1641 2894 1678 se
2933 1623 3054 1693 ipse
3085 1620 3447 1691 reprehendit
3480 1620 3735 1689 (Retract.
3776 1617 3874 1672 lib.
3907 1621 3962 1680 2,

2257 1732 2376 1784 cap.
2400 1717 2511 1783 3i):
2542 1714 2817 1767 nimirum
2831 1712 2980 1783 quod
2997 1710 3192 1764 Felicis
3205 1707 3887 1778 Aptungensisjudicium
3905 1707 3955 1758 ei

2266 1804 2418 1886 quod
2443 1803 2500 1855 in
2523 1801 2764 1872 gratiam
2796 1799 3079 1855 Czeciliani
3103 1798 3508 1853 Constantinus
3537 1797 3688 1863 tulit,
3723 1801 3961 1866 postpo-

2258 1885 2377 1946 nat.
2405 1893 2480 1944 De
2512 1907 2624 1960 quo
2652 1889 2881 1960 quidem
2911 1888 2970 1941 in
2993 1886 3303 1941 Collatione
3333 1886 3574 1940 necdum
3607 1885 3818 1939 certior
3841 1889 3963 1936 erat

2257 1981 2473 2034 factus:
2501 1984 2556 2032 at
2577 1978 2740 2031 illum
2771 1992 2938 2030 suum
2960 1975 3348 2044 erroremjam
3379 1979 3498 2026 tum
3531 1989 3663 2027 eum
3694 1972 3958 2026 eamdem

2260 2066 2700 2122 Collationem'in
2712 2063 3117 2134 compendium
3135 2063 3376 2132 redegit,
3402 2066 3713 2131 agnoverat
3728 2062 3958 2131 (Breric.

2261 2158 2449 2212 Collat.
2477 2159 2528 2220 3,
2551 2170 2607 2208 η.
2636 2155 2747 2221 42),
2777 2158 2832 2206 et
2855 2169 2990 2206 sane
3019 2157 3147 2205 ante
3170 2151 3454 2205 decimum
3478 2154 3742 2203 octavum
3775 2149 3963 2202 kalen-

2261 2245 2360 2298 das
2375 2244 2548 2314 julias
2565 2241 2700 2296 anni
2721 2239 3270 2312 quadringentesimi
3292 2238 3613 2292 duodecimi
3637 2239 3873 2292 Librum
3895 2238 3962 2292 de

2262 2333 2435 2386 Unico
2470 2331 2775 2400 Baptismo,
2812 2331 2949 2394 sive,
2980 2329 3050 2382 de
3084 2328 3305 2382 linitate
3347 2327 3640 2397 Baptismi,
3673 2343 3740 2380 eo
3772 2327 3963 2380 animo

2260 2417 2599 2484 composuit,
2627 2417 2866 2468 utalteri
2899 2415 3151 2485 ejusdem
3172 2415 3556 2485 inscriptionis
3587 2415 3966 2484 responderet

2262 2504 2516 2573 (Retract.
2550 2505 2642 2558 lib.
2677 2509 2729 2563 2.
2764 2520 2884 2573 cap.
2918 2505 3003 2572 34)
3031 2521 3044 2557 :
3073 2505 3235 2573 cujus
3273 2508 3470 2557 auctor
3499 2519 3672 2574 quem
3704 2503 3967 2556 ferebant

2261 2607 2380 2646 esse
2405 2593 2747 2646 Petilianum
2767 2593 3232 2657 Cirtensem,non
3246 2607 3410 2662 posse
3435 2593 3745 2662 Baptisma,
3771 2593 3883 2645 nisi
3910 2593 3963 2644 in

2261 2685 2409 2734 secta
2428 2681 2874 2743 Donatistarum,
2890 2681 3141 2750 legitime
3163 2681 3545 2735 administrari
3560 2681 3960 2734 contendebat.

2264 2770 2375 2822 Hoc
2389 2768 2533 2822 libro
2549 2774 2756 2838 praeter
2769 2770 3080 2839 ampullata
3093 2769 3282 2834 verba,
3301 2774 3357 2822 et
3371 2769 3732 2822 incredibiles
3745 2770 3871 2822 calu
3887 2786 3963 2821 m-

2260 2857 2401 2915 nias.
2418 2856 2562 2910 nihil
2585 2857 3005 2922 continebatur,
3029 2857 3184 2926 quod
3207 2862 3353 2910 esset
3373 2857 3831 2911 consideratione
3863 2859 3963 2909 ali-

2261 2961 2374 3015 qua
2395 2944 2634 3014 dignum
2669 2946 2768 3013 (De
2812 2947 2972 2998 Unico
3011 2947 3308 3014 Baptismo,
3349 2961 3406 2998 η.
3460 2945 3529 3014 1).
3563 2946 3637 2998 Ea
3676 2944 3964 3014 siquidem

2261 3037 2456 3086 auctor
2489 3033 2805 3086 adducebat
2833 3038 3170 3103 argumenta
3206 3049 3269 3086 ac
3306 3032 3650 3097 testimonia,
3693 3049 3824 3103 quae
3858 3036 3959 3087 Ca-

2261 3121 2486 3174 tholicis
2510 3121 2700 3192 potius
2723 3121 2993 3184 faverent,
3013 3138 3182 3192 quam
3199 3121 3516 3191 suis(1bid.,
3538 3138 3591 3174 η.
3627 3124 3732 3188 10).
3765 3123 3964 3176 Plures

2261 3225 2291 3263 e
2313 3210 2582 3264 Romanis
2614 3211 2894 3282 episc0pis
2923 3211 3282 3276 idololatriae,
3317 3212 3409 3266 sed
3437 3212 3556 3265 sine
3579 3212 3697 3266 ulla
3743 3213 3958 3281 proba-

2261 3296 2438 3364 tione,
2465 3299 2779 3352 arcessebat
2805 3298 2987 3368 (Ibid.,
3020 3315 3083 3354 η.
3120 3303 3227 3367 27).
3255 3299 3415 3363 Quod
3443 3303 3635 3353 autem
3649 3300 3964 3353 catholicos

2261 3385 2531 3439 Cirtensis
2582 3386 2838 3441 Ecclesite
2884 3388 3180 3456 praesules,
3225 3388 3402 3458 probe
3448 3387 3729 3458 cognitos,
3781 3389 3965 3441 Mani-

2260 3475 2548 3529 clneorum
2574 3475 2837 3529 haeresim
2867 3476 3027 3546 sequi
3061 3477 3414 3530 asseverabat
3445 3476 3607 3544 (Ibid.
3645 3493 3699 3530 η.
3741 3479 3860 3547 29),
3893 3493 3965 3531 eo

2260 3562 2384 3632 ipso
2407 3563 2741 3617 ostendebat
2754 3564 3102 3634 planissime,
3119 3569 3396 3634 quantum
3426 3564 3562 3618 ﬁdei
3583 3563 3729 3630 aliis,
3752 3565 3967 3635 quibus

2268 3650 2326 3704 in
2345 3650 2572 3720 ignotos
2586 3651 2868 3715 utebatur,
2887 3652 3376 3706 criminationibus
3395 3652 3762 3707 tribuendum
3783 3660 3964 3708 esset:

2259 3740 2485 3810 quando
2515 3741 2884 3793 Profuturum
2923 3741 3237 3795 Cirtensem
3267 3749 3396 3795 ante
3437 3741 3811 3812 paucissimos
3855 3760 3962 3797 an-

2259 3843 2360 3880 nos
2374 3827 2724 3887 defunctum,
2741 3829 2976 3898 ejusque
2991 3845 3369 3883 successorem
3388 3831 3756 3884 Fortunatum
3772 3831 3963 3885 adhuc

2259 3917 2640 3986 superstitem,
2667 3917 2926 3970 homines
2956 3922 3073 3972 tam
3104 3918 3413 3988 exploratae
3436 3923 3667 3989 tamque
3691 3924 3961 3990 spectatze

2257 4003 2612 4070 innocentiae,
2645 4009 2762 4058 tam
2803 4005 3072 4059 atrociter
3109 4005 3512 4060 insectabatur.
3549 4009 3709 4061 Hunc
3742 4008 3957 4062 librum

2255 4092 2551 4162 presbyter
2581 4091 2815 4162 quidam
2838 4093 3127 4146 Donatista
3166 4094 3268 4147 uni
3297 4111 3362 4147 ex
3393 4094 3586 4148 amicis
3623 4096 3960 4165 Augustini,

2255 4180 2486 4234 nomine
2524 4180 2916 4248 Constantino,
2949 4181 3138 4250 dedit;
3163 4198 3196 4236 a
3223 4199 3335 4253 quo
3364 4183 3529 4237 illum
3578 4189 3806 4237 sanctus
3848 4186 3961 4238 Do-

2255 4273 2378 4321 ctor
2395 4269 2631 4322 allatum
2655 4269 2723 4322 ad
2747 4285 2825 4330 se,
2856 4269 2992 4323 dum
3025 4270 3147 4323 ruri
3171 4274 3335 4337 esset,
3369 4271 3607 4342 accepit,
3648 4272 3958 4343 simulque,

2255 4360 2319 4409 ut
2347 4355 2467 4425 ejus
2497 4356 2944 4412 confutationem
2974 4359 3262 4425 scriberet,
3279 4359 3498 4414 obnixis
3510 4361 3774 4431 precibus
3795 4378 3961 4432 roga-

2253 4447 2344 4497 tus
2373 4448 2476 4497 est.
2535 4445 2571 4498 d
2599 4444 2780 4499 amico
2810 4447 3162 4516 negandum,
3195 4449 3419 4503 tametsi
3443 4449 3563 4518 jam
3586 4450 3798 4519 saepius
3832 4467 3958 4504 ma-

2251 4531 2455 4585 teriam
2502 4536 2814 4602 tractasset,
2877 4536 3031 4589 haud
3099 4535 3477 4603 existimavit;
3553 4543 3716 4592 ratus
3776 4539 3958 4594 bono-

2257 4635 2381 4673 rum
2413 4619 2689 4675 librorum
2720 4623 2944 4692 copiam
2972 4624 3172 4694 augeri
3201 4641 3318 4679 non
3352 4625 3472 4680 sine
3508 4626 3714 4692 fructu,
3742 4631 3866 4681 tum
3898 4634 3961 4682 ut

2250 4706 2544 4761 faciliusin
2575 4712 2830 4764 omnium
2846 4713 3420 4780 manusperveniant,
3453 4719 3573 4768 tum
3595 4716 3683 4768 vel
3708 4716 3959 4770 maxime

2252 4801 2314 4848 ut
2331 4795 2438 4848 illis
2452 4796 2816 4866 satisfaciant,
2846 4799 3118 4869 quivetus
3132 4807 3536 4872 argumentum
3564 4819 3709 4858 nova
3730 4805 3956 4858 ratione

2249 4884 2611 4952 propositum
2651 4901 2756 4954 pro
2809 4902 2954 4941 novo
3001 4888 3236 4942 ducunt.
3273 4891 3384 4943 Hoc
3413 4895 3604 4943 autem
3657 4907 3803 4961 opus
3844 4892 3956 4962 ipsi

2252 4971 2621 5026 Constantino
2654 4973 2942 5044 inscripsit
2964 4977 3230 5044 (Ibid.,n.
3285 4980 3352 5044 1).
3408 4979 3604 5033 Libelli
3652 4981 3953 5050 cujusdam

2250 5075 2420 5128 supra
2451 5061 2843 5130 meminimus,
2879 5080 3052 5134 quem
3087 5082 3154 5119 ea
3203 5072 3393 5139 mente
3425 5069 3776 5139 Augustinus
3826 5071 3953 5124 edi-

2251 5146 2412 5201 derat
2439 5154 2504 5202 ut
2545 5149 2616 5204 ad
2665 5152 3031 5207 evertendam
3076 5136 3332 5209 funditus
3381 5136 3809 5212 Donatistarum
3853 5160 3954 5214 ad-

2247 5250 2443 5288 versus
2492 5238 2793 5292 Ecclesiam
2821 5241 3158 5296 catholicam
3201 5242 3445 5314 impium
3493 5260 3556 5297 ac
3604 5247 3956 5315 superbissi-

2249 5337 2409 5376 mum
2433 5340 2710 5390 ~errorem,
2748 5329 2927 5382 solam
2958 5331 3495 5385 Maximianistarum
3529 5332 3828 5388 historiam
3851 5337 3961 5390 suf-

2248 5409 2415 5465 ficere
2455 5413 2690 5482 planum
2720 5415 2949 5473 faceret.
2984 5418 3123 5472 Huic
3155 5424 3346 5474 autem
3373 5424 3429 5474 et
3452 5421 3768 5476 secundum
3801 5424 3956 5494 ejus-

2248 5497 2374 5552 dem
2392 5502 2937 5568 argumentilibrum
2961 5512 3088 5576 post
3105 5507 3322 5578 aliquot
3343 5525 3522 5562 annos
3544 5511 3832 5580 adjunxil,
3859 5516 3953 5569 sed
