4062 6372
169 298 265 351 365
1633 300 1847 358 LIBER

2036 300 2184 357 I‘US.

165 417 351 487 priore
369 416 549 472 multo
572 417 938 489 prolixiorem
960 422 1016 473 et
1031 420 1436 475 accuratiorem
1450 420 1729 491 (Retract.,
1756 424 1852 477 lib.

166 508 218 572 2,
234 521 352 572 cap.
372 504 466 577 35)
488 522 502 560 :
523 505 624 577 qui
641 506 771 561 libri
791 506 1610 578 pariterinterciderunt.Nihil
1623 510 1859 583 quidem

167 593 427 665 suppetit,
457 594 611 649 unde
629 600 800 666 queat
821 596 1148 651 memoratis
1169 597 1440 668 operibus
1460 615 1629 653 suum
1648 599 1855 670 cuique

166 686 386 753 tempus
433 681 711 753 assignari
742 701 757 737 :
791 688 849 736 at
877 700 943 737 ex
976 684 1198 752 ordine,
1243 701 1357 756 quo
1387 685 1446 741 in
1478 687 1854 742 Retractatio-

166 770 329 824 nibus
355 769 758 841 disponuntur,
792 771 958 826 nobis
988 771 1261 827 duntaxat
1284 774 1563 844 suspicari
1590 774 1741 842 licet,
1765 791 1856 829 ea-

166 859 291 914 dem
317 858 389 913 ab
414 875 563 914 anno
594 859 1156 931 quadringentesimo
1181 866 1337 916 sexto
1368 863 1438 917 ad
1466 862 1695 917 initium
1716 880 1859 934 qua-

165 946 920 1021 dringentesimiundecimi
958 948 1129 1002 fuisse
1168 949 1515 1004 elucubrata.
1574 951 1688 1004 Hoc
1732 950 1856 1021 ipso

166 1051 312 1090 anno
356 1034 921 1106 quadringentesimo
967 1040 1144 1105 sexto,
1173 1040 1239 1091 ut
1266 1041 1459 1091 nostra
1487 1038 1722 1107 quidem
1752 1040 1860 1093 fert

165 1123 371 1195 opinio,
421 1123 638 1178 bellum
691 1124 1031 1195 Rhadagaisi
1075 1126 1386 1180 Gothorum
1433 1126 1583 1196 regis
1626 1126 1853 1180 exarsit.

166 1212 304 1265 Tum
327 1226 462 1265 vero
484 1210 852 1281 Augustinus,
876 1228 1007 1265 cum
1032 1211 1372 1283 Carthagine
1390 1217 1555 1281 esset,
1587 1228 1705 1267 non
1734 1213 1855 1267 sine

166 1314 387 1354 summo
417 1298 613 1352 dolore
642 1298 882 1366 audivit,
906 1314 1079 1370 quam
1104 1299 1238 1354 inde
1259 1316 1487 1355 causam
1504 1300 1857 1355 obtrectandi

165 1383 484 1439 christianos
503 1383 773 1454 religioni
794 1389 1088 1456 captarent
1107 1387 1303 1441 Romae
1332 1386 1613 1443 inﬁdeles.
1645 1390 1717 1441 At
1745 1388 1857 1442 cito

165 1470 322 1525 citius
351 1470 581 1529 eosdem
606 1470 929 1541 ignominia
956 1472 1211 1544 perfudit
1234 1472 1402 1544 impii
1423 1474 1595 1544 hujus
1615 1474 1856 1529 convicii

168 1557 426 1613 festinata
452 1557 799 1631 proﬁigatio.

832 1681 1054 1736 CAPUT
1093 1682 1182 1736 IV.

169 1807 187 1858 1
220 1804 665 1872 Carthaginensis
693 1804 907 1857 concilii
930 1806 1064 1858 anni
1093 1804 1614 1874 quadringentesimi
1639 1812 1859 1878 septimi

225 1894 491 1962 placitum
505 1892 571 1945 de
588 1893 832 1961 episcopo
850 1892 1093 1961 plebibus
1115 1908 1182 1946 ea:
1201 1894 1493 1949 schismate
1512 1898 1712 1950 Donati
1730 1912 1857 1951 con-

228 1983 399 2035 versis
433 1980 796 2050 praeﬁciendo.
846 1983 880 2034 2
924 1980 1182 2050 Ejusdem
1211 1982 1285 2035 ad
1311 1985 1687 2051 imperatorem
1716 1986 1858 2053 lega-

231 2070 363 2123 tioni
373 2070 512 2135 leges
527 2068 770 2123 indultae.
794 2070 824 2122 3
837 2071 1244 2134 Rogatistarum
1256 2071 1488 2125 schisma
1502 2073 1860 2129 Cartennensi

230 2156 430 2226 oppido
479 2160 529 2210 et
563 2155 918 2211 vicinioribus
962 2158 1091 2211 locis
1132 2162 1457 2213 contentum.
1506 2161 1541 2213 4
1588 2162 1861 2215 Vincentii

232 2245 379 2315 apud
402 2246 713 2311 Rogatistas
739 2247 975 2315 episcOpi
1000 2246 1265 2314 pracipui
1289 2247 1569 2316 epistolam
1593 2248 1859 2314 Augusti.

229 2348 330 2387 nus
358 2333 577 2400 refellit;

235 2442 283 2494 1.
322 2438 657 2493 Africanum
687 2438 1013 2506 concilium,
1046 2439 1199 2510 quod
1229 2455 1381 2493 anno
1410 2440 1856 2513 quadringente-

167 2527 306 2581 simo
346 2527 591 2598 septimo
621 2527 968 2581 celebratum
997 2531 1082 2582 est
1114 2527 1473 2599 Carthagine,
1503 2530 1763 2600 quaedam
1785 2530 1858 2585 ad

165 2614 470 2687 Augustini
512 2614 1007 2669 Donatistarumve
1053 2615 1352 2670 historiam
1397 2617 1746 2687 pertinentia
1787 2619 1857 2674 ad

170 2718 270 2758 nos
297 2702 635 2757 transmisit.
663 2704 865 2757 Fuerat
889 2721 921 2757 a
951 2702 1339 2775 superioribus
1360 2706 1590 2776 synodis
1606 2707 1861 2777 prohibi-

163 2796 305 2861 tum,
325 2808 399 2847 ne
422 2791 549 2846 novi
576 2791 953 2862 episcopatus,
977 2808 1043 2846 eo
1062 2793 1327 2863 episcopo
1350 2799 1626 2869 renuente
1648 2811 1678 2848 e
1696 2796 1858 2865 cujus

165 2879 389 2936 dimcesi
416 2878 786 2934 distrahenda
818 2883 940 2933 erat
969 2895 1114 2933 nova
1143 2879 1328 2949 sedes,
1354 2881 1855 2935 constituerentur.

164 2969 233 3022 At
254 2972 537 3039 praeterea
567 2967 744 3021 voluit
784 2966 1085 3037 praisentis
1114 2966 1246 3020 anni
1278 2967 1604 3035 concilium,
1637 2974 1701 3022 ut
1727 2985 1854 3022 cum

164 3056 445 3126 primatis,
476 3060 599 3110 tum
628 3054 991 3126 provincialis
1034 3054 1235 3125 synodi
1282 3071 1592 3109 consensus
1640 3057 1859 3112 accede-

164 3148 250 3197 ret
272 3143 491 3214 (Codice
521 3143 794 3199 Canonum
821 3142 1029 3207 Afric.,
1061 3155 1179 3195 can.
1205 3142 1311 3210 98).
1343 3143 1389 3195 A
1416 3157 1529 3212 qua
1558 3147 1751 3197 tamen
1775 3144 1856 3197 le-

164 3246 231 3302 ge
250 3246 343 3285 eas
355 3229 627 3284 Ecclesias
646 3228 861 3299 eximit,
879 3245 1007 3300 quae
1028 3244 1159 3283 cum
1180 3228 1241 3283 in
1260 3229 1682 3285 Donatistarum
1696 3236 1856 3302 parte

165 3319 466 3390 proprium
493 3318 828 3373 habuissent
873 3316 1225 3388 episcopum,
1269 3318 1537 3374 eumdem
1583 3319 1692 3375 sibi
1720 3320 1859 3391 ipsis

164 3406 232 3462 ad
272 3406 555 3462 unitatem
602 3404 843 3460 reversis
885 3405 1204 3460 conservari
1250 3406 1669 3476 postulabunt:
1702 3408 1859 3479 quod

166 3492 245 3547 eis
272 3493 395 3548 sine
423 3493 542 3548 ulla
572 3492 928 3560 difficultate,
958 3508 1064 3547 nec
1091 3497 1412 3565 exspectata
1435 3495 1654 3566 synodo
1683 3495 1858 3551 tribui

160 3580 323 3651 jubet
342 3582 528 3651 (Ibid.,
552 3596 677 3637 can.
713 3582 818 3651 99).
843 3580 941 3636 Sin
964 3586 1156 3637 autem
1178 3582 1411 3638 mortuo
1428 3585 1859 3655 praesule,plebs

164 3670 284 3740 ejus
324 3668 525 3724 vicinas
571 3668 799 3724 dioecesi
838 3670 1158 3740 aggregari,
1192 3685 1366 3741 quam
1396 3671 1449 3724 ei
1478 3687 1858 3727 successorem

163 3762 379 3828 petere,
404 3757 583 3812 satius
612 3761 774 3828 putet
802 3772 815 3811 :
845 3773 1032 3828 neque
1055 3758 1165 3812 hoc
1190 3758 1244 3813 ei
1268 3760 1595 3829 negandum
1620 3776 1740 3814 esse
1766 3761 1858 3814 de-

163 3846 366 3900 cernit.
407 3844 546 3899 Dein
577 3844 752 3898 etiam
778 3845 993 3913 statuit,
1024 3849 1088 3899 ut
1115 3861 1258 3917 quas
1286 3846 1585 3917 episcopus
1613 3846 1857 3918 quisque

163 3934 361 4004 plebes
405 3933 475 3987 ad
524 3930 785 3986 Ecclesiae
833 3932 1161 3986 societatem
1209 3938 1342 3988 ante
1388 3934 1574 4004 legem
1624 3934 1857 3990 Honorii

162 4021 298 4076 anni
329 4018 881 4091 quadringentesimi
911 4019 1098 4089 quinti
1127 4021 1464 4090 reduxisset,
1484 4038 1579 4076 eas
1599 4021 1719 4092 ipse
1740 4027 1864 4075 tan—

160 4126 338 4184 quam
380 4108 763 4180 jurisdictioni
804 4125 922 4163 sua:
969 4109 1221 4173 subditas
1263 4110 1573 4182 episcopali
1593 4112 1724 4181 jure
1753 4128 1859 4183 gu-

159 4200 364 4255 bernet
412 4213 425 4251 :
477 4195 739 4251 Ecclesia:
787 4212 918 4251 vero
948 4213 1165 4260 eorum,
1198 4198 1298 4269 qui
1327 4203 1458 4270 post
1486 4200 1674 4272 legem
1699 4200 1856 4255 illam

162 4288 230 4343 de
260 4286 477 4342 unitate
525 4285 700 4339 latam
740 4283 854 4339 sive
896 4284 1198 4340 rediissent
1233 4285 1303 4340 ad
1340 4287 1709 4355 Catholicam,
1743 4288 1859 4344 sive
1882 4298 1905 4316 θ

162 4376 222 4430 in
262 4373 467 4431 haeresi
511 4373 976 4445 permansissent,
1026 4389 1157 4428 cum
1195 4374 1311 4428 suis
1338 4374 1606 4430 omnibus
1646 4375 1859 4431 instru-

164 4463 376 4520 mentis
399 4478 464 4516 ac
483 4461 714 4537 juribus
744 4460 859 4517 sint
887 4461 946 4515 in
968 4465 1245 4532 potestate
1270 4463 1531 4519 catholici
1558 4463 1710 4519 illius
1738 4465 1861 4535 epi-

164 4551 343 4623 scopi,
376 4551 538 4622 cujus
582 4549 643 4604 iu
683 4549 912 4605 dioecesi
957 4550 1156 4621 posita:
1187 4555 1367 4606 erant.
1401 4552 1644 4606 Planum
1685 4551 1862 4623 igitur

166 4640 251 4706 ﬁt,
285 4638 713 4695 Donatistarum
735 4637 997 4694 ecclesias
1017 4639 1324 4694 constituto
1353 4654 1457 4710 per
1482 4639 1722 4695 Unitatis
1742 4641 1860 4694 edi-

168 4733 325 4783 ctum
367 4728 498 4799 jure
547 4727 618 4781 ad
666 4726 983 4782 Catholicos
1011 4726 1371 4798 pertinuisse.
1403 4729 1558 4781 Tunc
1585 4727 1863 4798 temporis

166 4816 327 4886 plebs
375 4814 896 4870 Germaniae-Novae
944 4830 1075 4869 cum
1119 4814 1432 4869 Maurentio
1472 4806 1737 4886 episcopo
1769 4815 1862 4869 lite

166 4902 547 4958 contendebat
569 4902 760 4973 (Ibid.,
787 4918 908 4957 can.
944 4902 1084 4973 100).
1114 4902 1363 4957 Concilio
1393 4901 1576 4956 visum
1607 4907 1711 4968 est,
1741 4902 1862 4973 epi-

168 5007 366 5063 scopos
416 4989 704 5061 utrimque
752 4990 1087 5061 deligendos
1131 5006 1275 5059 esse,
1323 4989 1423 5062 qui
1451 4990 1863 5045 Thubursicam

170 5078 613 5149 proﬁciscentes,
662 5081 950 5133 maturum
989 5094 1056 5133 ea
1083 5078 1154 5134 de
1196 5095 1259 5134 re
1301 5078 1580 5151 judicium
1618 5079 1855 5133 ferrent.

173 5166 354 5238 Elegit
400 5182 431 5220 e
486 5164 725 5235 vestigio
770 5166 1115 5221 Maurentius
1170 5167 1542 5238 Xantippum,
1600 5165 1866 5237 Augusti-

171 5269 331 5318 num,
398 5252 774 5316 Florentium,
829 5253 1155 5321 Theasium,
1224 5254 1602 5321 Samsucium,
1660 5254 1869 5309 Secun-

892 5357 1038 5411 quos
1083 5346 1141 5397 et
1186 5342 1491 5399 concilium
1528 5341 1866 5413 comproba-

179 5428 273 5497 vit,
302 5431 358 5485 et
377 5427 730 5499 provinciam
751 5428 1032 5499 Xantippo
1057 5429 1234 5498 dedit,
1258 5435 1324 5486 ut
1342 5430 1483 5486 alios
1505 5430 1573 5485 ad
1591 5431 1866 5501 supplen-

179 5516 314 5571 dum
353 5532 661 5572 numerum
703 5516 1047 5572 necessarios
1078 5533 1112 5572 a
1141 5518 1640 5574 Germaniensibus
1678 5516 1866 5572 nomi-

172 5341 308 5396 dum
353 5346 408 5396 et
460 5339 780 5395 Possidium
828 5356 841 5395 :

3558 314 3662 370 366

1968 422 2187 477 nandos
2201 425 2445 477 curaret.
2469 423 2815 479 Maurentius
2839 423 3064 481 delectu
3090 442 3192 482 suo
3221 429 3356 483 satis
3380 431 3664 488 indicabat

1968 510 2412 581 haudquaquam
2431 511 2552 581 juri
2573 528 2676 566 suo
2695 527 2752 566 se
2779 512 3054 568 difﬁdere.
3082 516 3386 586 Reperitur
3409 519 3468 572 in
3490 520 3663 575 Colla-

1966 598 2120 652 tione
2152 598 2497 653 Maurentius
2526 600 2758 671 quidam
2787 601 3255 656 Thubursicensis
3288 605 3497 671 (Collat.
3528 609 3661 664 Car-

1968 687 2131 754 thag.’
2147 689 2167 740 1
2183 728 2196 753 ,
2219 702 2341 755 cap.
2363 686 2502 757 143),
2526 703 2696 758 quem
2719 705 2836 743 non
2863 705 2984 744 asse
3002 690 3177 744 alium
3212 708 3245 744 a
3273 693 3665 749 Germaniensi

1966 777 2157 827 censet
2185 773 2533 827 Holstenius.
2568 776 2647 828 Ac
2677 775 2803 829 ﬁeri
2833 775 3064 846 quidem
3096 777 3303 846 potuit,
3337 783 3403 832 ut
3431 781 3661 834 Germa-

1969 860 2255 913 nia-Nova
2275 860 2565 931 quondam
2585 861 2645 914 in
2659 862 2780 932 ejus
2799 862 3025 917 dioecesi
3044 866 3450 935 comprehensa
3469 867 3660 928 fuerit,

1967 947 2226 1019 quamvis
2271 948 2683 1018 posterioribus
2729 951 3080 1021 temporibus
3124 968 3243 1007 una
3299 953 3556 1009 diaecesis
3594 971 3663 1009 ex

1965 1034 2090 1106 ipsa
2118 1036 2237 1090 sola
2267 1037 2577 1091 constituta
2610 1038 2704 1091 sit.

2036 1126 2097 1178 2.
2136 1124 2292 1177 Idem
2334 1124 2637 1179 concilium
2676 1125 2891 1196 legatos
2939 1126 3008 1181 ad
3055 1129 3465 1197 Imperatorem
3507 1129 3665 1183 misit

1965 1210 2320 1267 Vincentium
2364 1228 2427 1265 ac
2473 1212 2945 1267 Fortunatianum
2993 1214 3291 1285 episcopos
3331 1215 3477 1284 (Cod.
3529 1218 3658 1273 Can.

1964 1298 2169 1365 Afric.,
2215 1314 2335 1353 can.
2371 1303 2482 1367 97),
2526 1300 2675 1354 hunc
2704 1300 2847 1354 forte
2879 1300 3220 1364 Siccensem,
3249 1302 3663 1358 Culusitensem

1963 1385 2149 1451 illum,
2182 1387 2390 1457 quibus
2421 1403 2533 1441 una
2562 1403 2690 1441 cum
2731 1388 2857 1441 aliis
2886 1389 3089 1458 legatis
3119 1390 3378 1444 Ecclesiae
3406 1407 3573 1445 causa
3602 1392 3663 1446 in

1965 1474 2280 1529 Collatione
2327 1475 2684 1530 defendenda
2713 1476 2925 1531 credita
2956 1482 3041 1531 est
3072 1478 3279 1541 (Collat.
3312 1479 3573 1547 Carthag.
3610 1484 3659 1547 1,

1964 1577 2123 1631 capp.
2141 1565 2260 1625 138.
2294 1566 2426 1632 139).
2455 1564 2675 1634 Legatis
2687 1564 2799 1618 illis
2812 1565 3166 1631 mandatum,
3187 1565 3329 1620 utab
3350 1568 3665 1637 Imperato-

1961 1650 2144 1717 ribus,
2175 1651 2348 1706 totius
2375 1651 2684 1722 provincia:
2700 1652 2954 1720 nomine,
2981 1656 3242 1723 peterent
3261 1652 3663 1708 facultatcmin
3755 1696 3767 1705 .

1964 1738 2224 1792 Ecclesiae
2285 1739 2608 1794 defensores
2659 1740 3011 1794 instituendi,
3050 1741 3373 1804 advocatos,
3429 1740 3659 1809 quibus,

1965 1825 2189 1897 quoties
2233 1826 2291 1879 in
2336 1842 2456 1880 rem
2488 1826 2745 1880 Ecclesiae
2775 1827 3110 1897 iudicarent,
3147 1827 3216 1881 ad
3255 1827 3661 1881 Praefectorum

1960 1913 2295 1980 tribunalia,
2338 1930 2467 1986 quae
2491 1914 2751 1984 judicum
2791 1913 3093 1967 secretaria
3135 1919 3296 1968 vocat
3334 1915 3659 1984 concilium,

1965 1999 2153 2055 aditus
2196 2000 2312 2055 sive
2344 2001 2415 2055 ad
2446 2000 2905 2070 supplicandum,
2939 2000 3054 2055 sive
3084 2001 3154 2055 ad
3188 2001 3662 2057 intercedendum

1964 2103 2261 2159 nunquam
2292 2087 2769 2143 intercluderetur
2798 2105 2811 2143 :
2843 2089 2995 2160 quod
3016 2089 3111 2158 jus
3139 2089 3277 2144 olim
3305 2090 3662 2161 provinciali-

1966 2175 2073 2230 bus
2104 2176 2472 2231 Ethnicorum
2504 2176 2892 2232 sacerdotibus
2921 2178 3299 2248 competebat.
3328 2179 3403 2233 De
3434 2183 3657 2247 caetero,

1963 2267 2125 2334 puta,
2158 2268 2221 2318 ut
2246 2264 2512 2318 adversus
2544 2264 2885 2330 Donatistas,
2918 2265 3201 2335 Paganos,
3232 2281 3297 2319 ac
3325 2265 3663 2321 idololatria:

1964 2352 2400 2421 superstitiones
2444 2357 2700 2423 agerent.
2746 2353 2927 2407 libera
2964 2357 3247 2424 potestate
3276 2354 3473 2410 donati
3504 2361 3658 2410 sunt.

1964 2440 2145 2511 Vulgo
2167 2439 2723 2510 opinantur,concilii
2746 2440 2919 2511 hujus
2941 2441 3204 2512 precibus
3228 2441 3475 2497 indultas
3491 2443 3662 2498 fuisse

1967 2526 2107 2582 duas
2150 2527 2277 2581 illas
2317 2528 2491 2599 leges,
2542 2544 2672 2599 qua:
2719 2528 2940 2583 decimo
2988 2530 3231 2599 septimo
3269 2530 3541 2586 kalendas
3569 2548 3663 2586 se-

1965 2615 2241 2687 ptembris
2291 2616 2458 2682 datae,
2506 2615 2566 2669 in
2604 2632 2779 2670 unam
2811 2617 3147 2671 coaluerunt
3188 2618 3334 2685 (Cod.
3371 2619 3565 2673 Theod.
3599 2619 3665 2673 de

1967 2705 2140 2773 Epist.
2166 2708 2217 2757 et
2242 2705 2411 2771 Eccl.,
2436 2705 2547 2771 lege
2572 2706 2686 2773 38).
2723 2706 2969 2776 Utraque
2999 2711 3190 2760 autem
3217 2707 3411 2761 Romae
3440 2708 3553 2761 lat'a
3579 2712 3663 2761 est

1965 2807 2116 2845 anno
2135 2792 2283 2862 quad
2293 2791 2700 2862 ringentesimo
2722 2792 2983 2861 septimo,
3005 2796 3175 2863 atque
3192 2793 3261 2847 ad
3282 2794 3663 2864 Porphyrium

1964 2879 2166 2933 Africae
2207 2880 2608 2949 proconsulem
2659 2880 2850 2933 missa.
2907 2881 3118 2933 Harum
3158 2880 3317 2950 prior
3362 2881 3665 2950 privilegia

1965 2967 2235 3037 quaelibet
2280 2967 2395 3020 sive
2443 2966 2699 3021 Ecclesiae
2746 2967 2863 3021 sive
2893 2967 3108 3020 clericis
3153 2984 3418 3021 concessa
3455 2968 3663 3036 ﬁrmat,

1966 3071 2029 3109 ac
2065 3059 2340 3124 praeterea
2384 3070 2591 3108 novam
2644 3054 2952 3125 quamdam
2993 3054 3323 3109 facultatem
3353 3055 3530 3122 addit,
3564 3057 3663 3110 Ec-

1966 3143 2268 3197 clesiarum
2314 3142 2527 3196 scilicet
2571 3146 2625 3196 et
2670 3141 3180 3197 ecclesiasticorum
3227 3143 3659 3215 privilegiorum

1966 3230 2291 3286 defensores
2314 3229 2642 3285 assumendi
2671 3245 2738 3284 ex
2765 3230 3168 3285 advocatorum
3196 3247 3663 3303 numero,quem-

1967 3321 2271 3375 admodum
2319 3337 2351 3373 a
2393 3318 2634 3373 concilio
2667 3318 2913 3389 petitum
2940 3318 3151 3374 fuerat.
3208 3321 3384 3374 Porro
3414 3322 3664 3376 secunda

1966 3425 2098 3480 pars
2127 3425 2222 3463 eas
2251 3409 2426 3480 leges,
2467 3423 2595 3478 quae
2623 3410 2820 3461 contra
2863 3406 3179 3461 Donatistas
3228 3423 3291 3461 ac
3329 3408 3662 3464 Manichazos

1966 3497 2129 3553 factas
2148 3497 2402 3564 fuerunt,
2420 3500 2569 3549 ratas
2591 3494 2806 3560 haberi,
2832 3500 3005 3566 amne
3025 3494 3084 3549 in
3104 3510 3274 3549 usum
3296 3496 3482 3567 redigi
3501 3513 3661 3550 man-

1967 3585 2063 3640 dat
2093 3585 2251 3655 (Ibid.
2282 3585 2347 3639 de
2370 3586 2591 3652 Haeret,
2623 3585 2733 3651 lege
2759 3585 2864 3644 41).
2905 3584 3144 3654 Insuper
3167 3589 3362 3639 octavo
3391 3585 3665 3640 kalendas

1966 3671 2280 3728 decembris
2303 3672 2559 3742 ejusdem
2575 3671 2710 3724 anni
2733 3671 3285 3742 quadringentesimi
3305 3672 3534 3742 septimi
3555 3674 3664 3727 Ho-

1968 3760 2163 3814 norius
2182 3760 2366 3829 legem
2391 3760 2459 3812 ad
2487 3759 2745 3813 Curtium
2767 3758 3101 3828 praefectum
3123 3759 3392 3829 praetorio
3414 3759 3660 3830 scripsit,

1966 3846 2270 3911 mandatis,
2301 3861 2431 3915 quae
2461 3844 2788 3898 Vincentius
2817 3860 2881 3898 ac
2907 3845 3350 3899 Fortunatianus
3378 3862 3412 3898 a
3440 3846 3660 3916 synodo

1968 3932 2392 4003 Carthaginensi
2414 3934 2771 4000 acceperant,
2794 3931 3052 4002 apprime
3075 3932 3664 3987 convenientemﬂmc

1967 4020 2122 4076 enim
2162 4025 2287 4074 tum
2335 4019 2407 4074 ad
2448 4018 2736 4086 Ethnicos,
2768 4023 2891 4073 tum
2928 4019 2999 4073 ad
3043 4019 3361 4088 haereticos,
3392 4036 3455 4074 ac
3484 4020 3545 4074 in
3575 4020 3667 4075 his

1966 4107 2215 4164 maxime
2260 4107 2329 4162 ad
2378 4106 2721 4172 Donatistas,
2772 4106 3128 4175 Manichaeos,
3186 4107 3663 4176 Priscillianistas,

1968 4197 2368 4268 Caelicolasque
2410 4194 2755 4266 pertinebat.
2785 4194 2912 4249 Fuit
2936 4200 3128 4249 autem
3159 4210 3225 4249 ea
3256 4196 3344 4249 lex
3374 4196 3543 4250 nonis
3567 4198 3667 4267 ju-

1967 4286 2050 4340 nii
2077 4301 2229 4339 anno
2277 4282 2841 4355 quadringentesimo
2889 4287 3085 4337 octavo
3125 4282 3352 4353 publice
3383 4286 3487 4337 sub
3518 4286 3665 4338 Por-

1966 4373 2158 4445 phyrii
2210 4370 2565 4442 proconsulis
2620 4374 3046 4441 programmate
3097 4371 3266 4425 afﬁxa
3321 4372 3666 4442 Carthagine

1970 4461 2268 4534 (Sirmund.
2288 4461 2438 4530 App.
2460 4458 2590 4516 Cod.
2613 4459 2834 4525 Theod.,
2858 4475 2981 4529 cap.
3003 4459 3107 4529 12).
3134 4458 3265 4528 Ejus
3284 4475 3399 4514 non
3424 4459 3665 4515 minima

1967 4565 2100 4622 pars
2130 4548 2354 4604 duobus
2384 4546 2592 4602 codicis
2610 4546 2991 4601 Theodosiani
3009 4546 3146 4600 locis
3165 4546 3381 4601 inserta
3406 4551 3491 4602 est
3509 4549 3663 4617 (Cod.

1971 4637 2193 4706 Theod.,
2237 4637 2303 4691 de
2351 4638 2571 4701 ﬂeret"
2621 4636 2733 4702 lege
2767 4636 2836 4689 43
2884 4640 2935 4689 et
2979 4635 3089 4701 lege
3120 4636 3211 4701 44,
3240 4634 3381 4689 etde
3406 4638 3665 4705 Paganis,

1969 4726 2081 4792 lege
2127 4728 2236 4792 t9),
2288 4727 2345 4777 et
2390 4738 2673 4794 nusquam
2722 4738 2839 4776 non
2888 4737 3039 4775 anno
3096 4720 3666 4793 quadringentesimo

1969 4818 2162 4868 octavo
2193 4816 2248 4866 et
2278 4811 2499 4866 decimo
2522 4809 2765 4880 septimo
2796 4808 3071 4863 kalendas
3099 4808 3417 4864 decembris
3449 4814 3666 4866 notata.

1968 4903 2043 4955 At
2070 4903 2287 4954 certum
2319 4902 2404 4952 est
2433 4899 2649 4963 Romae,
2681 4896 2835 4951 unde
2866 4895 3141 4971 praedicta
3169 4896 3257 4950 lex
3288 4896 3421 4952 data
3445 4898 3667 4967 signiti-

1970 4993 2148 5055 catur,
2173 5002 2323 5041 anno
2344 4983 2910 5057 quadringentesimo
2935 4988 3131 5038 octavo
3154 5000 3349 5040 mense
3372 4986 3666 5039 novembri

1970 5092 2090 5130 non
2109 5076 2280 5130 fuisse
2308 5072 2645 5137 Honorium,
2671 5073 2766 5127 sed
2789 5073 3092 5127 Ravennae.
3120 5073 3314 5144 Neque
3336 5074 3507 5127 etiam
3530 5075 3666 5126 Por-

1969 5162 2173 5236 phyrio
2200 5163 2539 5234 proconsule
2565 5177 2714 5215 anno
2735 5161 3301 5233 quadringentesimo
3332 5177 3481 5215 nono
3509 5159 3667 5230 afﬁgi

1970 5252 2159 5324 potuit
2176 5250 2545 5321 Carthagine;
2569 5248 3036 5321 quandoquidem
3057 5248 3108 5303 ei
3133 5250 3384 5303 Donatus
3405 5246 3507 5299 sub
3530 5246 3669 5299 anni

1973 5337 2527 5411 quadringentesimi
2557 5336 2739 5392 octavi
2787 5337 2962 5391 ﬁnem
2986 5335 3119 5411 _jam
3150 5336 3508 5388 successerat.
3545 5333 3666 5397 Quo

1975 5428 2147 5483 etiam
2174 5432 2413 5483 exeunte
2445 5443 2595 5483 anno
2614 5426 2974 5481 Theodorum
2996 5423 3244 5496 praetorii
3267 5421 3664 5493 prmfecturam

1978 5517 2210 5587 gerebat
2242 5533 2256 5571 :
2285 5516 2388 5570 hac
2420 5530 2550 5570 vero
2572 5514 2847 5585 dignitate
2870 5512 3094 5567 Curtius
3114 5526 3265 5563 anno
3288 5508 3669 5580 quadringen-
