4062 6398
438 338 537 390 367

433 456 641 512 tesimo
687 452 930 526 septimo
972 458 1030 509 et
1080 453 1310 509 ineunte
1341 452 1903 525 quadringentesimo
1934 457 2128 508 octavo

434 546 655 617 potitus
682 549 786 598 est.

506 636 557 687 3.
586 632 702 687 Sub
732 632 840 686 hoc
866 634 1094 701 tempus
1135 629 1463 685 Vincentius
1491 629 1783 701 Rogatista
1822 629 1892 684 de
1922 630 2127 685 Catho-

432 720 557 776 licis
598 736 729 774 cum
769 720 1087 791 Augustino
1133 735 1237 790 per
1281 719 1501 774 litteras
1528 719 1904 790 expostulavit
1935 735 1947 772 :
1977 723 2128 772 certe

433 807 669 879 quidem
697 824 813 862 non
843 808 1023 861 multo
1052 807 1265 875 serius;
1291 823 1426 861 nam
1456 807 1515 861 in
1546 806 1917 878 responsione
1938 809 2130 877 Augu-

432 897 586 962 stini,
635 912 964 967 quanquam
1007 895 1227 966 prolixa
1259 912 1323 949 ac
1363 896 1433 950 de
1464 895 1775 949 secessione
1803 895 2127 949 Donatista-

430 1001 562 1039 rum
588 985 755 1039 unice
784 988 1008 1055 agente,
1040 984 1264 1037 nullum
1292 988 1469 1037 exstat
1496 984 1583 1037 vel
1614 983 1918 1037 minimum
1948 983 2127 1037 colla-

428 1072 605 1127 tionis
646 1072 1111 1142 Carthaginensis
1153 1071 1478 1142 vestigium.
1531 1073 1816 1126 Praeterea
1861 1070 1931 1124 de
1980 1069 2129 1123 facta

430 1160 662 1216 cuilibet
707 1161 811 1216 sub
860 1160 1078 1215 exitum
1124 1160 1261 1214 anni
1309 1159 1780 1231 quadringentesi
1826 1158 1963 1212 noni
2019 1175 2126 1228 po-

427 1253 630 1304 testate
676 1249 993 1319 deligendaa
1040 1249 1332 1319 religionis
1377 1252 1612 1313 tacetur,
1646 1247 1874 1302 tametsi
1918 1248 2126 1301 littera:

427 1338 541 1391 illa:
568 1338 629 1392 in
656 1337 1012 1393 defendenda
1039 1338 1230 1407 legum
1259 1353 1388 1407 quae
1418 1338 1546 1391 latze
1576 1336 1803 1390 fuerant
1828 1335 2123 1390 severitate

427 1430 564 1480 totas
606 1429 920 1481 versentur.
973 1425 1066 1479 His
1098 1425 1240 1480 adde
1271 1425 1423 1496 quod
1453 1424 1599 1479 nihil
1629 1424 1709 1478 ibi
1740 1424 1809 1477 de
1838 1422 2123 1477 Stiliconis

426 1514 704 1570 occisione
746 1514 976 1585 legitur,
1025 1514 1170 1568 nihil
1217 1513 1286 1568 de
1332 1513 1403 1567 iis
1442 1529 1569 1584 quas
1600 1510 1839 1566 subinde
1881 1510 2121 1566 circum-

426 1608 630 1675 agente
662 1619 719 1656 se
749 1619 900 1656 anno
930 1618 1102 1672 supra
1126 1600 1758 1673 quadringentesimum
1779 1604 1973 1654 octavo
2000 1616 2123 1654 eve-

424 1695 652 1746 nerunt.
703 1690 1030 1745 Vincentius
1074 1690 1171 1744 ille
1201 1690 1405 1759 Rogati
1435 1689 1765 1745 Donatianaa
1795 1688 1970 1760 partis
2000 1688 2119 1759 epi-

424 1779 598 1849 scopi,
629 1796 663 1833 a
682 1795 795 1849 quo
825 1779 1144 1848 Rogatense
1172 1779 1417 1831 schisma
1444 1779 1609 1847 (Cont.
1644 1778 1908 1843 Crescon.,
1942 1777 2038 1832 tib.
2062 1779 2116 1841 4,

419 1883 476 1921 n.
507 1871 621 1939 '73),
652 1866 1052 1921 brevissimum
1083 1866 1330 1920 frustum
1361 1865 1430 1919 de
1462 1866 1675 1936 majore
1705 1865 1886 1919 frusto
1916 1865 2117 1935 praeci-

422 1971 550 2009 sum
570 1959 653 2009 est
677 1956 870 2026 (Epist.
890 1958 978 2017 93,
1002 1971 1057 2009 n.
1081 1954 1191 2023 24),
1213 1953 1515 2025 presbyter
1534 1955 1694 2024 prius
1710 1953 1897 2024 (Ibid.,
1914 1969 1976 2009 η.
2001 1955 2112 2021 47),

420 2046 555 2098 tunc
583 2059 716 2097 vero
741 2028 1016 2113 temporis
1047 2058 1338 2096 successor
1365 2045 1487 2097 erat
1511 2042 1699 2113 (Ibid.,
1732 2058 1787 2096 n.
1816 2042 1889 2112 1),
1921 2041 2117 2095 sedem

421 2147 583 2185 suam
626 2130 921 2185 Cartennis
971 2130 1321 2185 Mauritania:
1368 2130 1742 2185 Caesareensis
1771 2130 1982 2201 oppido
2013 2131 2114 2184 ha-

417 2218 558 2273 bens
590 2219 773 2289 (Ibid.,
806 2234 863 2272 n.
895 2219 1008 2286 20).
1038 2219 1105 2272 In
1133 2218 1321 2272 Africa
1346 2217 1474 2289 ipsa
1496 2222 1579 2272 tot
1608 2218 1723 2289 jam
1744 2223 1935 2289 partes
1954 2219 2113 2272 facta;

417 2310 580 2361 erant
619 2307 688 2362 de
734 2311 896 2378 parte
939 2306 1166 2375 Donati,
1196 2312 1258 2360 ut
1284 2323 1378 2360 eas
1406 2323 1524 2360 non
1550 2305 1678 2377 ipsi,
1712 2306 1758 2360 si
1788 2305 2113 2376 interroga-

419 2399 632 2460 rentur,
667 2394 974 2449 Donatista:
1010 2399 1373 2448 recenserent
1393 2394 1659 2462 (Ibid.,n.
1687 2394 1797 2463 25).
1829 2395 2114 2464 Rogaten-

418 2499 505 2537 ses
552 2499 746 2553 porro,
793 2498 925 2537 cum
967 2482 1277 2553 imperium
1324 2481 1623 2552 capessivit
1648 2480 1927 2548 Julianus,
1961 2480 2113 2552 quod

417 2571 522 2626 sub
542 2571 716 2626 tinem
736 2571 871 2625 anni
890 2570 1276 2626 trccentesimi
1303 2570 1637 2641 sexagesimi
1653 2569 1826 2641 primi
1852 2569 2108 2640 contigit,

417 2659 675 2713 nondum
705 2659 1057 2714 desciverant
1085 2676 1118 2713 a
1147 2658 1450 2713 Donatistis
1478 2659 1669 2730 (Ibid.,
1699 2674 1756 2712 η.
1792 2658 1896 2728 i2).
1920 2658 2004 2711 Ab
2024 2657 2111 2711 his

415 2751 608 2802 autem
628 2747 713 2802 illi
736 2748 809 2802 ob
821 2763 982 2801 suam
999 2746 1374 2801 defectionem
1395 2746 1540 2801 dura
1551 2746 1711 2801 valde
1728 2748 1897 2816 atque
1910 2746 2112 2800 acerba

410 2839 718 2908 pertulere.
748 2837 942 2907 Neque
962 2836 1114 2890 enim
1132 2835 1726 2906 jussionibusitantum
1752 2838 2107 2889 terrenarum

410 2928 754 2996 potestatum
784 2924 845 2978 in
873 2924 1167 2978 haereticos
1200 2924 1364 2990 datis,
1392 2924 1487 2979 sed
1516 2924 1689 2978 etiam
1722 2923 1895 2979 Firmi
1926 2922 2105 2991 ducis,

410 3013 509 3084 qui
534 3012 690 3068 ’anno
712 3013 1110 3068 trecentesimo
1133 3011 1555 3084 septuagesimo
1588 3012 1835 3067 secundo
1865 3012 2106 3066 rebella-

406 3103 507 3171 vit,
550 3102 854 3173 tyrannide
905 3101 976 3155 ad
1019 3102 1356 3155 eorumdem
1406 3100 1835 3171 Rogatistarnm
1866 3100 2106 3154 exitium

409 3190 572 3244 abusi
619 3194 754 3243 sunt
808 3188 1111 3243 Donatista:
1165 3190 1333 3259 (Cant.
1391 3189 1523 3242 Litt.
1574 3188 1851 3254 Petiliani,
1909 3188 2003 3241 lib.
2050 3191 2103 3254 2,

406 3292 463 3330 η.
509 3276 625 3347 184)
670 3293 682 3330 :
716 3292 858 3347 quos
886 3277 957 3329 ob
997 3291 1125 3329 eam
1152 3291 1275 3329 rem
1325 3274 1639 3329 Firmianos
1669 3274 1752 3328 illi
1779 3274 2107 3331 vocitabant

408 3366 616 3435 (Epist.
660 3367 747 3432 87,
779 3380 837 3418 n.
872 3366 976 3432 10).
1022 3362 1270 3433 Mitiores
1300 3362 1532 3433 quidem
1578 3362 1759 3417 videri
1804 3363 1917 3434 ipsi
1953 3365 2103 3418 vole-

406 3454 565 3520 bant,
588 3457 760 3524 atque
777 3452 847 3506 ab
864 3457 1203 3506 cmterorum
1226 3450 1650 3505 Donatistarum
1668 3452 1881 3506 saevitia
1902 3452 2106 3507 abhor-

406 3545 625 3596 rentes:
660 3544 717 3595 at
737 3541 846 3595 hoc
869 3555 986 3594 non
1015 3545 1133 3595 tam
1159 3539 1482 3593 christiana:
1508 3540 1962 3595 mansuetudinis
1992 3546 2103 3595 stu-

406 3628 521 3695 dio,
554 3645 729 3700 quam
762 3633 910 3683 nota:
930 3627 1187 3699 ipsorum
1209 3626 1589 3683 imbecillitati
1610 3628 1981 3684 tribuendum
2001 3646 2103 3701 pu-

403 3722 488 3771 tat
524 3718 900 3788 Augustinus,
941 3720 1158 3785 Swvire,
1188 3717 1290 3785 ait,
1318 3732 1410 3771 vos
1438 3718 1577 3771 nolle
1606 3717 1789 3772 dicitis
1825 3734 1838 3772 :
1872 3733 1965 3784 ego
1994 3735 2101 3773 non

399 3821 555 3875 posse
580 3807 836 3861 arbitror.
870 3808 953 3860 Ita
980 3808 1122 3860 enim
1150 3808 1278 3860 estis
1310 3822 1530 3860 numero
1559 3808 1768 3873 exigui,
1800 3812 1862 3861 ut
1894 3823 2101 3861 movere

397 3910 491 3949 vos
518 3899 704 3950 contra
733 3895 1078 3949 adversarius
1100 3895 1247 3949 vobis
1276 3896 1658 3952 multitudines
1686 3911 1793 3950 non
1822 3896 2095 3963 audeatis,

398 3987 501 4038 etsi
555 3986 787 4054 cupiatis
838 3987 1031 4056 (Epist.
1090 3986 1178 4051 93,
1223 4000 1279 4038 n.
1332 3987 1438 4052 11).
1492 3986 1715 4039 Ponens
1757 3990 1951 4039 tamen
1999 4001 2097 4039 eos

397 4073 782 4144 evangelicam
812 4072 1177 4141 sententiam,
1219 4074 1281 4128 Si
1318 4075 1441 4141 quis
1470 4073 1571 4127 tibi
1597 4075 1826 4128 voluerit
1856 4078 2094 4129 tunicam

400 4162 655 4226 tollere,et
671 4160 885 4229 judicio
914 4164 1083 4213 tecum
1103 4159 1430 4222 contendere,
1453 4160 1663 4215 dimitte
1682 4162 1769 4215 illi
1791 4166 1840 4215 et
1863 4163 2096 4230 pallium

398 4248 611 4316 (Matth.
635 4263 693 4316 v,
712 4249 823 4312 40),
844 4246 923 4300 sic
942 4246 1282 4317 intelligere,
1310 4252 1376 4302 ut
1397 4249 1877 4319 persequentibus
1896 4266 1954 4303 se
1982 4266 2097 4305 non

397 4336 583 4389 solum
611 4335 769 4389 nulla
795 4334 1026 4404 injuria,
1058 4350 1258 4389 verum
1286 4335 1460 4390 etiam
1490 4337 1649 4391 nullo
1672 4337 1803 4408 jure
1832 4337 2096 4393 resisten-

395 4424 532 4477 dum
558 4427 788 4493 putent;
811 4422 1106 4477 contendit
1134 4423 1417 4493 Rogatum
1448 4440 1645 4479 eorum
1678 4428 2099 4492 auctorem,aut

395 4527 515 4565 non
541 4511 622 4566 ita
645 4510 1014 4579 intellexisse,
1043 4514 1141 4566 aut
1170 4516 1321 4566 certe
1354 4512 1509 4583 quod
1539 4511 1817 4568 intellexit
1847 4529 1963 4567 non
1989 4512 2093 4568 im-

393 4600 606 4669 plesse;
629 4598 842 4670 quippe
863 4598 962 4669 qui
981 4599 1049 4653 de
1076 4598 1423 4670 quibusdam
1450 4601 1642 4669 rebus,
1675 4617 1815 4673 quas
1845 4618 1975 4656 suas
2005 4601 2089 4656 illi

393 4686 667 4755 dicerent,
715 4688 991 4743 acerrima
1035 4689 1478 4760 perseverantia,
1513 4690 1687 4745 etiam
1723 4690 1938 4746 forensi
1968 4690 2089 4745 dis-

391 4776 710 4845 ceptatione
763 4776 1100 4832 conﬂixerit.
1161 4777 1444 4833 Relictam
1496 4778 1568 4833 ab
1623 4795 1690 4834 eo
1731 4779 2087 4850 gregiculum

390 4864 588 4934 (Epist.
639 4868 726 4932 93,
762 4881 821 4918 η.
867 4865 956 4936 49)
1002 4866 1151 4937 apud
1198 4866 1506 4922 Cartennas
1549 4870 1605 4921 et
1652 4867 1925 4922 viciniora
1963 4870 2088 4923 loca

389 4950 623 5006 curabat
667 4952 1015 5019 Vincentius,
1055 4969 1187 5008 cum
1229 4970 1437 5010 novem
1482 4955 1598 5010 sive
1626 4955 1822 5011 decem
1853 4955 2085 5026 collegis

388 5045 445 5095 et
474 5041 831 5096 consortibus
860 5041 1053 5111 (Ibid.,
1095 5058 1152 5097 η.
1184 5044 1390 5113 20-22).

457 5131 512 5186 4.
545 5130 597 5183 Is
625 5128 1011 5200 Augustinum
1052 5130 1470 5186 adolescentem
1514 5136 1571 5187 et
1599 5133 1940 5205 Carthagine
1969 5138 2083 5189 stu-

384 5217 493 5273 diis
537 5217 986 5284 incumbentem,
1034 5218 1161 5273 vivo
1203 5218 1389 5273 adhuc
1439 5220 1680 5291 Rogato,
1739 5225 2082 5293 cognoverat

385 5304 681 5376 (Ibid.,nn.
702 5308 750 5371 1,
776 5304 885 5375 51).
907 5305 1033 5358 Jam
1056 5308 1193 5359 tunc
1214 5305 1691 5362 animadverterat
1716 5309 1866 5380 pacis
1884 5309 1944 5364 in
1957 5309 2080 5380 ipso

381 5408 447 5447 ac
473 5391 784 5447 honestatis
805 5407 1093 5459 amorem;
1122 5408 1368 5463 cumque
1395 5393 1558 5448 illum
1590 5400 1849 5467 suscepta
1871 5397 2079 5452 Christi

379 5480 661 5552 religione
707 5481 879 5536 sacris
925 5480 1153 5537 Litteris
1199 5498 1408 5537 navare
1452 5498 1689 5554 operam
1737 5485 2074 5553 rescivisset,

380 5567 723 5623 existimavit
769 5569 948 5623 multo
1000 5585 1173 5640 quam
1205 5573 1369 5624 antea
1402 5571 1582 5641 magis
1608 5572 1815 5643 quietis
1845 5574 2072 5629 avidum

1673 330 1836 385 VITA
1874 330 1929 384 S.
1970 329 2346 385 AUGUSTINI
2388 328 2724 385 EPISCOPI.

3839 335 3947 385 368

2240 457 2296 507 et
2321 458 2708 524 appetentem,
2740 468 2959 507 necnon
3002 452 3072 506 ab
3111 452 3271 507 omni
3307 452 3589 509 violenter
3616 455 3831 527 agendi
3865 472 3950 509 ra-

2236 540 2393 595 tione
2421 540 2673 595 alienum
2704 556 2843 594 esse.
2879 539 3153 604 Quocirca
3174 540 3243 594 de
3265 542 3720 613 severitate,quie
3743 542 3805 596 in
3843 544 3947 596 Do-

2238 628 2474 683 natistas
2505 645 2607 700 per
2634 629 2787 699 leges
2811 629 3073 700 precibus
3094 628 3493 699 episcoporum
3521 631 3946 685 catholicorum

2236 716 2396 771 datas
2442 717 2826 778 exercebatur,
2874 716 3096 788 scripsit
3136 718 3205 771 ad
3243 718 3652 789 Augustinum,
3693 725 3945 773 conten-

2236 804 2373 858 dens
2384 806 2451 859 ad
2473 804 2926 875 amplectendam
2936 804 3221 875 justitiam
3244 809 3300 859 et
3316 805 3595 860 unitatem
3615 808 3945 878 cogendum

2237 910 2357 948 esse
2396 894 2686 948 neminem
2720 894 2900 965 (Ibid.,
2938 910 3034 948 nn.
3086 898 3138 959 5,
3177 897 3255 959 14)
3312 914 3329 949 :
3375 896 3641 951 adversus
3672 898 3946 952 inimicos

2235 982 2655 1036 communionis
2670 988 2898 1049 nostrae,
2922 984 3183 1053 querelas
3212 984 3553 1054 Imperatori
3582 986 3791 1040 deferri
3823 987 3940 1040 illi-

2234 1069 2411 1124 citum
2443 1071 2622 1139 (Ibid.,
2653 1087 2709 1124 η.
2738 1071 2818 1137 13)
2857 1086 2869 1124 :
2899 1087 3086 1142 neque
3107 1070 3165 1125 in
3190 1072 3529 1143 Evangeliis,
3561 1090 3750 1146 neque
3782 1076 3940 1145 apud

2234 1159 2535 1229 Apostolos
2550 1158 2683 1229 legi,
2708 1158 3025 1230 quidquam
3045 1175 3077 1213 a
3096 1159 3337 1213 terrenis
3358 1160 3713 1232 principibus
3729 1167 3937 1217 contra

2235 1246 2495 1301 Ecclesim
2533 1247 2883 1301 adversarios
2932 1246 3105 1301 fuisse
3136 1247 3490 1318 postulatum
3518 1250 3713 1322 (Ibid.,
3737 1267 3794 1305 n.
3837 1254 3884 1318 1)
3915 1270 3934 1306 :

2233 1350 2347 1389 non
2395 1335 2696 1406 contigisse
2739 1335 3065 1407 aliquando,
3097 1341 3162 1389 ut
3202 1338 3609 1407 Apostolorum
3640 1339 3933 1411 quispiam

2232 1422 2291 1476 in
2323 1422 2537 1477 alienas
2562 1424 2818 1477 fortunas
2848 1423 2952 1477 sub
2981 1423 3223 1478 obtentu
3247 1424 3382 1479 ﬁdei
3412 1425 3706 1481 invaderet
3732 1428 3931 1498 (Ibid.,

2229 1526 2285 1565 n.
2324 1515 2342 1565 1
2364 1511 2408 1581 1)
2434 1528 2446 1565 :
2471 1515 2527 1565 et
2546 1510 2764 1582 alioqui
2791 1510 3085 1565 violentias
3106 1511 3231 1565 illas
3254 1512 3313 1567 in
3332 1529 3601 1585 magnam
3626 1515 3935 1570 hominum

2229 1603 2451 1669 partem
2496 1597 2781 1653 incassum
2810 1598 3069 1653 adhiberi
3110 1600 3287 1663 (Ibid.,
3321 1617 3377 1655 π.
3412 1604 3493 1671 3);
3525 1618 3588 1656 ac
3615 1603 3803 1657 vereri
3849 1622 3932 1670 se,

2232 1702 2305 1741 ne
2331 1686 2468 1741 hinc
2491 1687 2679 1757 potius
2699 1702 2910 1741 nomen
2930 1687 3030 1741 Dei
3050 1703 3084 1741 a
3099 1687 3307 1743 Iudaeis
3328 1692 3384 1743 et
3403 1690 3648 1760 Paganis
3667 1691 3932 1762 blasphe-

2229 1779 2418 1829 metur
2447 1776 2634 1845 (Ibid.,
2657 1791 2711 1831 η.
2740 1778 2850 1844 26).
2884 1776 3164 1839 Ecclesiaa,
3196 1776 3339 1831 utin
3368 1778 3567 1832 orbem
3599 1779 3932 1835 universum

2229 1878 2456 1933 semper
2485 1868 2761 1917 cresceret
2786 1880 2850 1918 ac
2877 1864 3229 1932 dilataretur,
3260 1865 3457 1921 datum
3485 1867 3761 1938 negabat;
3799 1884 3932 1924 eam

2228 1956 2426 2005 contra
2464 1967 2789 2005 asseverans
2819 1968 2980 2023 posse
3019 1952 3078 2006 in
3109 1953 3331 2024 reliquo
3358 1959 3641 2010 terrarum
3672 1956 3811 2011 orbe
3841 1974 3933 2011 ex-

2228 2038 2512 2103 stinctam,
2546 2055 2661 2093 una
2688 2040 2748 2093 in
2778 2040 3012 2110 regione
3042 2041 3253 2094 servari
3284 2042 3475 2109 (Ibid.,
3506 2060 3560 2098 n.
3586 2044 3673 2111 2t)
3703 2062 3716 2100 :
3749 2062 3929 2116 quam

2225 2126 2287 2180 in
2312 2143 2434 2181 rem
2466 2127 2641 2181 Hilari
2668 2127 3056 2182 testimonium
3082 2129 3430 2199 proferebat,
3461 2132 3698 2187 Asianas
3723 2134 3924 2189 decem

2224 2214 2547 2284 provincias
2586 2232 2653 2269 ex
2692 2216 2896 2286 majori
2932 2221 3092 2287 parte
3130 2234 3259 2271 vere
3305 2220 3486 2273 Deum
3531 2221 3749 2275 nescire
3793 2224 3931 2277 scri-

2224 2304 2409 2358 bentis
2430 2304 2613 2375 (Ibid.,
2629 2321 2723 2360 nn.
2750 2308 2837 2371 31,
2862 2308 2968 2373 3'2).
2998 2307 3315 2377 Pugnabat,
3337 2324 3463 2362 eam
3479 2315 3703 2379 partem
3727 2312 3789 2366 in
3812 2329 3928 2384 qua

2224 2392 2364 2445 fides
2394 2393 2709 2464 religioque
2758 2394 3065 2449 christiana
3096 2396 3279 2462 ﬂoret,
3314 2397 3359 2450 si
3391 2414 3519 2452 cum
3550 2403 3669 2453 toto
3702 2403 3925 2457 mundo

2223 2486 2605 2551 comparetur,
2640 2482 2927 2536 modicam
2973 2482 3152 2537 videri
3184 2484 3367 2555 (Ibid.,
3416 2502 3471 2540 n.
3505 2489 3621 2557 22);
3669 2489 3927 2562 adeoque

2224 2569 2523 2623 Catholicie
2573 2586 2786 2624 nomen
2830 2587 2944 2625 non
2986 2587 3051 2625 ex
3095 2573 3269 2627 totius
3316 2574 3469 2629 orbis
3515 2579 3925 2633 communione

2222 2657 2729 2728 interpretabatur,
2780 2659 2877 2713 sed
2927 2675 2995 2713 ex
3051 2660 3444 2716 observatione
3495 2671 3923 2735 praeceptorum

2222 2746 2485 2800 omnium
2498 2745 2821 2801 divinorum
2836 2751 3006 2819 atque
3020 2749 3923 2827 omniumSacramentorumzquo

2220 2831 2300 2885 sic
2348 2832 2609 2887 videlicet
2650 2834 2956 2903 Rogatensi
2987 2836 3282 2907 particulas
3313 2855 3429 2892 sum
3459 2839 3690 2894 titulum
3720 2843 3924 2898 Catho-

2218 2919 2341 2974 licae
2390 2926 2683 2993 arrogaret
2731 2923 2914 2994 (Ibid.,
2956 2939 3050 2980 nn.
3088 2927 3178 2991 23,
3226 2926 3333 2997 49).
3378 2929 3733 2999 Baptismum
3761 2938 3922 2985 extra

2220 3009 2524 3064 Ecclesiam
2554 3009 3038 3083 administratum,
3069 3015 3295 3069 nullum
3323 3031 3442 3070 esse
3464 3018 3760 3087 arguebat,
3794 3024 3921 3075 tum

2217 3100 2510 3169 martyreC
2511 3116 2549 3170 δ’
2555 3117 2590 3169 ρ
2598 3100 2756 3154 riano
2769 3104 3064 3169 teste,tum
3077 3102 3251 3174 ipsius
3262 3104 3881 3178 decessoreAgrippino
3900 3126 3914 3175 ;

2217 3191 2273 3240 et
2302 3186 2509 3241 debere
2534 3193 2661 3259 post
2688 3189 2985 3243 haereticos
3014 3190 3289 3262 baptizari
3313 3193 3501 3264 (Ibid.,
3534 3212 3629 3250 nn.
3654 3198 3740 3264 35,
3770 3197 3860 3269 36)
3896 3214 3910 3252 :

2215 3275 2356 3329 Nam
2379 3280 2429 3329 et
2443 3280 2562 3344 post
2581 3276 3395 3349 Joannem,aiebat,baptizavit
3415 3284 3617 3337 Paulus
3638 3287 3916 3355 apostolus

2217 3362 2398 3431 (Ibid.,
2429 3380 2482 3418 n.
2516 3365 2625 3434 47).
2652 3364 3070 3434 Sciscitabatur,
3090 3383 3205 3439 qua
3225 3368 3294 3423 de
3315 3386 3502 3437 causa,
3521 3371 3569 3425 si
3589 3372 3792 3427 Donati
3818 3390 3913 3427 se-

2213 3454 2456 3504 ctatores
2478 3467 2729 3523 nequam
2750 3458 2922 3525 atque
2944 3454 3195 3510 haeretici
3216 3462 3563 3525 erant,tanto
3583 3464 3777 3515 tamen
3799 3466 3920 3516 stu-

2212 3538 2307 3593 ἀιο
2328 3545 2726 3611 quaererentur
2748 3560 2781 3596 a
2797 3544 3186 3613 Catholicis,et
3202 3545 3325 3601 sine
3339 3545 3674 3603 difﬁcultate
3685 3550 3803 3603 ulla
3820 3567 3916 3605 re-

2211 3627 2539 3698 ciperentur
2560 3630 2744 3697 (Ibid.,
2775 3646 2827 3685 n.
2856 3631 2972 3702 46).
3011 3634 3139 3687 Hazc
3169 3633 3411 3705 epistola
3432 3636 3503 3691 ad
3521 3636 3913 3707 Augustinum

2209 3731 2315 3785 per
2332 3717 2677 3772 catholicum
2698 3718 2882 3773 virum
2904 3719 3012 3791 ipsi
3032 3720 3211 3792 probe
3232 3724 3524 3793 cognitum
3543 3725 3764 3794 perlata
3782 3731 3871 3779 est
3899 3741 3913 3783 :

2210 3811 2559 3877 quapropter
2577 3824 2707 3861 cum
2725 3809 2916 3862 nullus
2936 3814 3079 3864 esset
3106 3810 3408 3866 dubitandi
3431 3813 3755 3883 locus,quin
3783 3830 3914 3869 eam

2209 3894 2525 3965 scripsisset
2562 3895 2888 3951 Vincentius
2930 3898 3242 3969 Rogatista,
3274 3916 3443 3954 suum
3490 3901 3541 3955 ei
3565 3917 3909 3972 responsum

2207 3981 2361 4037 misit
2386 3983 2577 4052 (Ibid.,
2607 3999 2663 4040 η.
2701 3985 2778 4053 1);
2810 3987 3055 4057 atqueid
3081 3987 3314 4057 quidem
3341 3988 3473 4043 satis
3496 3991 3912 4061 amplum,non

2206 4073 2324 4124 tam
2364 4070 2433 4126 de
2481 4071 2759 4126 Vincentii
2789 4074 2981 4128 animo
3026 4074 3301 4145 cogitans,
3337 4094 3512 4148 quam
3555 4078 3622 4132 de
3655 4079 3907 4135 utilitate

2206 4174 2427 4228 eorum,
2446 4176 2477 4214 a
2498 4161 2706 4232 quibus
2722 4161 2958 4216 forsitan
2979 4179 3111 4218 cum
3129 4164 3229 4218 Dei
3245 4165 3448 4219 timore
3479 4166 3790 4238 legendum
3814 4185 3905 4222 es-

2205 4251 2319 4314 set;
2349 4264 2413 4301 ac
2434 4248 2691 4304 futurum
2708 4266 2959 4321 sperans,
2984 4255 3048 4305 ut
3063 4268 3127 4306 ex
3150 4252 3319 4321 illo,si
3341 4254 3530 4308 minus
3549 4255 3904 4326 Vincentius,

2204 4335 2405 4389 saltem
2435 4336 2530 4390 alii
2558 4336 2805 4393 fructum
2834 4338 3087 4410 aliquem
3114 4340 3475 4413 perciperent
3492 4341 3678 4414 (Ibid.,
3700 4360 3756 4399 n.
3785 4347 3898 4417 53).

2884 4429 3109 4484 CAPUT
3146 4431 3211 4486 V.

2205 4514 2223 4566 1
2257 4514 2493 4567 Melania
2521 4517 2697 4570 senior
2724 4518 2784 4571 in
2808 4517 3063 4586 Africam
3088 4521 3254 4573 venit.
3280 4521 3314 4575 2
3333 4520 3678 4588 Augustinus
3707 4524 3901 4579 scribit

2269 4602 2345 4656 ad
2380 4605 2688 4673 Paulinum,
2720 4621 2756 4659 a
2785 4622 2888 4675 quo
2915 4610 3156 4663 vicissim
3186 4610 3396 4664 litteras
3416 4613 3632 4681 ac.cipit.
3667 4615 3697 4667 3
3729 4613 3891 4668 Cata-

2266 4694 2523 4746 mensium
2547 4693 2962 4750 idololatrarum
2991 4698 3276 4752 insolentia
3305 4702 3356 4751 et
3393 4699 3671 4765 ferocitas.
3701 4701 3736 4754 4
3766 4703 3896 4755 Au-

2265 4783 2543 4847 gustinum
2579 4784 2861 4839 Nectarius
2893 4801 2998 4855 pro
3030 4788 3139 4841 reis
3184 4787 3589 4843 Calamensibus
3614 4791 3729 4843 suis
3758 4792 3898 4844 civi-

2267 4868 2363 4923 bus
2394 4870 2729 4940 deprecatur.
2760 4877 2790 4927 5
2828 4876 3021 4929 Eorum
3038 4875 3102 4930 ob
3124 4878 3293 4931 scelus
3312 4879 3370 4930 in
3393 4877 3576 4931 aulam
3605 4893 3660 4931 se
3679 4880 3892 4945 confert

2263 4958 2561 5014 Possidius.
2594 4963 2624 5014 6
2654 4962 2878 5016 Paulino
2914 4964 3165 5017 rescribit
3203 4966 3568 5033 Augustinus.
3598 4969 3631 5018 '7
3671 4968 3890 5023 Necnon

2263 5048 2487 5101 Memori
2522 5050 2785 5119 episcopo,
2817 5052 2907 5107 cui
2929 5056 3141 5107 sextum
3165 5068 3232 5107 ea:
3266 5053 3421 5110 libris
3447 5056 3562 5109 suis
3589 5053 3655 5108 de
3682 5056 3893 5111 Musica

2263 5136 2454 5190 mittit.

2264 5225 2311 5279 1.
2348 5223 2586 5279 Melania
2616 5226 2807 5282 senior
2830 5243 2931 5283 seu
2961 5228 3104 5296 avia,
3133 5233 3397 5285 matrona
3426 5231 3580 5303 apud
3622 5232 3896 5288 ecclesia-

2188 5310 2356 5365 sticos
2384 5313 2687 5385 scriptores
2734 5315 3197 5384 celebratissima,
3231 5320 3475 5374 Romam
3504 5324 3636 5374 ante
3666 5321 3895 5393 aliquot

2188 5414 2389 5469 annos,
2431 5406 2563 5472 post
2605 5404 2931 5460 traductum
2960 5405 3022 5460 in
3048 5407 3276 5463 Oriente
3315 5408 3717 5479 longissimum
3746 5415 3895 5465 tem-

2187 5487 2341 5556 poris
2382 5489 2651 5560 spatium,
2696 5492 2964 5561 redierat,
3004 5510 3136 5549 cum
3173 5496 3284 5550 iter
3311 5496 3372 5550 in
3400 5496 3649 5551 Africam
3698 5514 3889 5553 susce-

2186 5575 2269 5645 pit
2302 5594 2314 5630 :
2338 5577 2457 5645 ubi,
2480 5594 2592 5648 qua
2623 5581 3011 5637 moderatione
3033 5583 3185 5637 unici
3208 5583 3308 5638 filii
3335 5589 3582 5638 mortem
3604 5587 3892 5643 sustinue-
