4062 6354
170 294 279 344 369

148 413 247 474 rit.
275 412 440 468 testis
461 412 571 468 fuit
587 411 942 483 Augustinus
963 411 1198 481 (Paulin.
1222 411 1372 481 apud
1390 413 1651 480 August.,
1676 415 1855 482 Epist.

153 504 250 572 94,
277 518 340 557 n.
373 505 448 570 2).
478 501 641 557 Haud
678 515 813 554 sane
851 499 1128 566 videmus,
1162 515 1276 571 qua
1302 498 1361 553 id
1398 499 1622 554 ratione
1657 497 1861 554 referri

102 598 111 603 '
149 592 337 661 queat
362 587 425 642 in
462 586 616 642 idem
645 587 832 658 ipsum
864 592 1110 657 tempus,
1144 602 1259 656 quo
1287 586 1496 643 Albina
1532 588 1655 659 ejus
1681 603 1861 642 nurus

151 693 223 732 eo
282 692 417 732 cum
465 676 730 731 universa
772 675 990 730 familia
1043 675 1286 746 trajecit,
1334 680 1604 746 vergente
1652 674 1863 729 scilicet

151 781 313 820 anno
339 762 903 836 quadringentesimo
933 762 1172 818 decimo.
1196 765 1336 818 Nam
1365 763 1412 817 si
1432 763 1584 819 ﬁlius
1603 763 1860 835 ejusdem

156 851 416 909 Melania
453 851 745 906 Publicola
772 850 945 905 etiam
975 854 1099 904 tum
1136 850 1196 905 in
1234 850 1373 904 vivis
1402 850 1628 921 egisset,
1658 849 1861 905 Albina

153 940 317 995 illius
349 955 493 994 uxor
521 955 646 992 eam
676 937 886 1009 potius,
920 954 1093 1010 quam
1136 938 1314 993 ﬁliam
1343 937 1638 993 Melaniam
1661 937 1852 1008 junio-

153 1043 304 1094 rem,
336 1032 436 1082 aut
463 1026 765 1081 Pinianum
792 1042 1067 1097 generum
1098 1026 1366 1080 comitata
1381 1029 1550 1079 esset.
1579 1026 1862 1080 Praterea

155 1115 469 1170 Publicola
516 1113 736 1169 obitum
776 1118 1000 1168 secutus
1047 1119 1132 1168 est
1181 1113 1528 1171 Calamensis
1556 1113 1857 1179 tumultus,

153 1203 250 1257 cui
281 1219 513 1257 causam
542 1206 673 1272 post
696 1218 912 1256 annum
946 1201 1571 1273 quadringentesimum
1598 1205 1860 1255 octavum

153 1292 353 1347 datam
379 1290 597 1345 nullam
630 1290 1131 1360 deprehendimus.
1162 1294 1347 1361 Atque
1378 1288 1487 1343 ista
1511 1288 1745 1360 quidem
1772 1304 1863 1343 ra-

152 1380 236 1434 tio
289 1379 579 1450 prohibet,
625 1377 937 1450 quominus
978 1382 1222 1432 mortem
1266 1377 1572 1432 Publicola
1615 1376 1677 1430 in
1723 1374 1860 1430 anni

152 1466 717 1542 quadringentesimi
745 1465 952 1520 decimi
983 1466 1195 1520 exitum
1225 1464 1550 1536 rejieiamus
1581 1480 1595 1519 :
1629 1468 1685 1542 at
1711 1479 1859 1535 pra-

151 1534 240 1612 ter
269 1534 441 1610 hanc'
455 1554 567 1609 alia
609 1558 695 1609 est
723 1554 907 1609 adhuc
935 1553 1193 1620 validior,
1214 1534 1381 1625 quod
1418 1568 1626 1624 nempe
1657 1534 1861 1606 seditio

153 1642 256 1696 illa
282 1642 632 1697 Calamensis
661 1641 922 1697 kalendis
953 1641 1135 1712 juniis
1163 1646 1219 1696 et
1256 1645 1407 1695 sexto
1438 1640 1567 1695 idus
1606 1639 1859 1710 ejusdem

153 1729 374 1785 mensis
413 1730 667 1785 Possidio
705 1734 989 1801 prasente
1027 1729 1303 1800 contigit:
1336 1746 1453 1783 non
1491 1727 1670 1800 igitur
1707 1743 1858 1782 anno

154 1818 728 1891 quadringentesimo
757 1818 1079 1879 undecimo,
1110 1834 1224 1889 quo
1254 1817 1543 1873 Possidius
1574 1815 1862 1886 Carthagi-

155 1905 325 1962 nensi
369 1905 666 1961 collationi
708 1905 909 1960 iisdem
957 1907 1128 1976 plane
1175 1906 1377 1961 diebus
1425 1905 1716 1960 intererat.
1748 1906 1860 1958 Nec

153 1995 331 2051 etiam
355 1995 673 2050 tumultum
695 1993 858 2048 illum
881 2010 1030 2048 anno
1053 1994 1618 2066 quadringentesimo
1639 1992 1859 2047 decimo

153 2085 437 2138 collocare
468 2082 624 2149 licet;
659 2081 888 2153 quando
918 2097 1022 2153 per
1067 2080 1125 2136 id
1157 2086 1384 2152 tempus
1428 2082 1517 2135 lex
1561 2082 1720 2135 nulla
1755 2080 1860 2135 ad-

153 2188 354 2226 versus
384 2168 650 2226 Ethnicos
677 2185 875 2224 recens
915 2173 1037 2223 erat
1062 2170 1459 2240 promulgata;
1494 2184 1627 2223 cum
1665 2173 1861 2222 tamen

156 2261 343 2314 scelus
373 2263 574 2313 contra
598 2258 1014 2312 recentissimas
1042 2258 1198 2328 leges
1234 2258 1446 2312 factum
1479 2257 1630 2311 dicat
1658 2259 1855 2326 Augu-

154 2349 340 2404 stinus
373 2348 572 2421 (Epist.
608 2350 699 2415 91,
730 2363 784 2402 n.
815 2346 888 2416 8).
921 2348 1000 2400 Ac
1027 2345 1150 2416 ipse
1184 2345 1418 2417 quidem
1445 2344 1707 2416 proxime
1732 2347 1861 2414 post

153 2437 282 2493 illas
322 2436 525 2492 turbas
555 2434 897 2506 Carthagine
934 2433 1209 2488 hiemavit
1235 2434 1436 2504 (Epist.
1482 2436 1602 2501 121,
1642 2448 1761 2503 cap.
1804 2434 1856 2499 3,

152 2544 208 2582 n.
247 2526 329 2596 14)
351 2544 368 2590 ;
393 2541 524 2580 cum
543 2528 739 2578 contra
759 2523 1031 2591 hiemem,
1047 2540 1175 2595 qua
1198 2539 1347 2577 anno
1368 2518 1862 2593 quadringentesi-

152 2630 248 2670 mo
278 2612 506 2669 decimo
529 2611 717 2682 coepit,
749 2610 1006 2683 Hippone
1036 2610 1351 2666 traduxerit
1379 2610 1582 2681 (Epist.
1613 2610 1730 2670 124,
1764 2623 1856 2662 nn.

160 2707 208 2764 1,
238 2702 317 2769 2).
353 2700 500 2766 Quid
527 2700 601 2754 sit
628 2704 831 2766 eausa,
859 2715 961 2754 cur
985 2699 1316 2770 pradictam
1345 2698 1682 2753 seditionem
1707 2711 1859 2750 anno

152 2786 729 2861 quadringentesimo
768 2789 962 2842 octavo
1002 2802 1303 2858 ponamus,
1330 2802 1445 2840 non
1484 2789 1679 2839 autem
1718 2799 1861 2854 qua-

155 2874 612 2947 dringentesimo
630 2891 798 2940 nono,
816 2873 1025 2928 anobis
1050 2879 1245 2944 postea
1266 2872 1656 2942 explicabitur.
1672 2873 1861 2942 Ipsam

154 2982 307 3020 anno
338 2962 740 3019 trecentesimo
769 2960 1142 3034 nonagesimo
1164 2978 1318 3016 nono
1340 2960 1644 3030 contigisse
1665 2963 1862 3013 auctor

157 3058 242 3109 est
272 3051 555 3108 Batonius
586 3068 600 3105 :
635 3055 694 3106 at
716 3056 928 3122 prater
956 3054 1296 3121 argumenta
1316 3048 1526 3120 quibus
1552 3064 1619 3102 ea
1637 3051 1864 3102 senten-

156 3140 644 3206 tialabefactatur,
663 3154 913 3192 asserere
926 3136 1091 3193 nobis
1111 3136 1264 3191 haud
1282 3136 1574 3205 integrum
1591 3136 1697 3202 est,
1713 3148 1862 3185 anno

164 3226 566 3284 trecentesimo
604 3226 977 3297 nonagesimo
1009 3230 1231 3295 octavo,
1258 3224 1320 3279 in
1357 3223 1604 3279 Africam
1641 3221 1861 3276 venisse

164 3317 487 3372 Melaniam.
519 3316 729 3370 Verum
756 3315 847 3372 his
884 3314 1162 3386 majorem
1192 3315 1376 3369 lucem
1408 3312 1582 3368 series
1610 3309 1863 3367 historia

164 3406 409 3461 allatura
444 3408 549 3459 est.

233 3498 288 3549 2.
322 3495 452 3566 Ipsa
474 3491 728 3547 fortassis
757 3491 995 3547 Melania
1024 3490 1084 3545 in
1120 3490 1368 3545 Africam
1397 3489 1631 3543 veniens
1667 3491 1861 3558 Augu-

166 3583 316 3637 stino
347 3598 541 3637 secum
567 3580 756 3635 attulit
776 3580 1002 3634 Paulini
1028 3580 1245 3633 litteras
1270 3579 1488 3649 priores
1509 3577 1633 3631 illas
1657 3575 1864 3646 quibus

166 3674 493 3726 nascentem
531 3668 837 3723 Publicola
873 3666 1141 3722 virtutem
1174 3667 1297 3737 jam
1335 3665 1558 3721 abunde
1596 3664 1863 3720 laudave-

165 3763 276 3826 rat,
331 3762 642 3828 antequam
681 3756 979 3827 epistolam
1018 3754 1204 3809 eidem
1245 3754 1482 3808 ineunte
1521 3768 1673 3808 anno
1721 3768 1863 3823 qua-

167 3845 621 3918 dringentesimo
652 3848 848 3898 octavo
887 3843 1178 3909 scriberet,
1209 3859 1338 3914 qua
1374 3841 1593 3911 incipit,
1626 3842 1867 3895 Lucerna

163 3950 377 4005 semper
404 3938 482 3988 est
504 3932 735 4003 pedibus
772 3932 904 3985 meis
941 3930 1165 3984 verbum
1211 3934 1363 3983 tuum
1402 3929 1599 3997 (Epist.
1649 3927 1759 3996 94).
1801 3926 1869 3980 Et

167 4022 408 4095 quidem
435 4018 788 4074 Publicolam
817 4018 879 4071 in
915 4017 1103 4071 Africa
1140 4015 1439 4070 excessisse
1478 4014 1715 4068 minime
1754 4019 1866 4067 tra-

167 4111 361 4166 ditum
404 4107 679 4173 habetur;
719 4108 940 4160 constat
976 4106 1180 4174 solum,
1222 4103 1300 4170 id,
1340 4103 1478 4157 dum
1527 4105 1711 4156 mater
1748 4101 1870 4172 ejus

168 4198 388 4256 ibidem
407 4199 747 4262 versaretur,
771 4193 1045 4249 evenisse.
1070 4194 1219 4258 Quas
1243 4193 1522 4262 lacrymas
1543 4189 1677 4244 huic
1699 4188 1870 4243 morti

170 4285 397 4342 dederit
441 4284 561 4350 illa,
604 4299 778 4355 quam
807 4281 951 4354 pias,
1001 4296 1289 4352 quamque
1341 4279 1684 4344 moderatas,
1732 4277 1874 4332 vidit

173 4372 555 4447 Augustinus;
588 4388 693 4426 nec
716 4375 1036 4443 temperare
1066 4370 1175 4425 sibi
1203 4368 1410 4441 potuit,
1444 4367 1585 4439 quin
1615 4384 1682 4421 ea
1710 4367 1780 4422 de
1810 4382 1873 4421 re

174 4463 247 4519 ad
293 4459 600 4518 Paulinum
645 4460 933 4526 scriberet,
978 4459 1145 4530 eique
1194 4457 1557 4528 signiﬁcaret,
1602 4455 1711 4510 sibi
1760 4471 1875 4509 non

178 4556 294 4606 tam
324 4549 504 4605 videri
533 4548 834 4605 Melaniam
862 4547 1018 4603 unici
1044 4546 1148 4601 ﬁlii
1176 4550 1421 4601 mortem
1449 4546 1671 4616 lugere,
1702 4559 1875 4614 quam

179 4640 336 4712 quod
364 4638 622 4694 nondum
651 4637 701 4692 is
733 4636 962 4709 penitus
992 4636 1320 4690 sacularem
1340 4649 1617 4705 pompam
1640 4648 1704 4685 ac
1724 4630 1878 4685 vani-

182 4733 355 4783 tatem
389 4727 683 4799 ahjecisset
710 4725 898 4797 (Ibid.,
926 4741 1019 4779 nn.
1048 4727 1102 4791 2,
1126 4725 1195 4792 3).
1222 4722 1403 4777 Simul
1425 4738 1490 4776 ex
1519 4720 1721 4775 eodem
1739 4720 1879 4773 Pau-

180 4817 298 4872 lino
326 4815 733 4883 sciscitabatur,
763 4829 1075 4886 quamnam
1103 4812 1405 4867 beatorum
1435 4813 1563 4881 post
1589 4811 1881 4878 resumpta

183 4922 425 4976 corpora
447 4905 703 4960 futuram
715 4903 773 4958 in
790 4902 931 4957 coelo
951 4900 1236 4956 actionem
1255 4901 1487 4970 putaret
1504 4896 1688 4969 (Ibid.,
1720 4912 1774 4949 n.
1802 4896 1876 4965 4).

186 4991 326 5045 Cum
357 5008 425 5045 eo
456 4990 630 5046 etiam
661 4991 864 5062 agebat
891 4991 960 5045 de
999 4988 1149 5044 felici
1178 4987 1277 5042 illo
1303 4986 1420 5041 otio
1451 4986 1524 5040 ad
1561 4983 1880 5055 percipien-

186 5079 316 5133 dam
353 5080 441 5135 vel
482 5078 874 5134 disserendam
910 5077 1280 5132 ehristianam
1318 5073 1655 5145 sapientiam
1695 5088 1883 5127 neces-

191 5166 358 5230 sario,
386 5183 502 5238 quo
532 5166 855 5231 Paulinum,
887 5167 1050 5237 cujus
1084 5169 1282 5220 tamen
1326 5161 1684 5217 incredibiles
1717 5176 1883 5215 occu-

193 5255 451 5325 pationes
504 5259 705 5327 postea
753 5254 971 5321 didicit,
1023 5257 1149 5308 tum
1212 5251 1464 5323 gaudere
1528 5249 1887 5305 existimabat

198 5341 399 5412 (Epist.
437 5345 524 5409 95,
556 5358 613 5396 n.
655 5341 725 5411 9).
769 5340 1073 5412 Epistolam
1113 5342 1260 5396 hanc
1294 5339 1400 5395 sub
1442 5338 1581 5393 anni
1624 5336 1886 5410 quadrin-

198 5430 499 5494 gentesimi
527 5429 711 5485 octavi
728 5428 960 5483 initium
992 5429 1198 5493 Quinto
1228 5428 1467 5483 diacono
1490 5426 1885 5499 perferendam

1636 281 1849 347 LIBER
1898 288 2172 346 SEXTUS
2184 332 2197 346 .

3560 293 3662 345 370

1968 414 2228 481 Quintus,
2266 428 2398 468 cum
2425 428 2492 467 eo
2521 411 2796 467 Paulinus
2827 412 2897 466 ad
2934 411 3229 471 invisenda
3263 414 3661 483 Apostolorum

1966 506 2398 573 martyrumque
2426 503 2800 556 monumenta
2832 515 3021 554 annuo
3040 514 3200 554 more
3227 503 3357 571 post
3387 499 3529 554 festa
3557 502 3661 555 Pa-

1967 589 2178 644 schatis
2206 590 2533 644 adventavit
2564 589 2755 659 (Ibid.,
2794 605 2851 643 n.
2908 589 2974 658 l).
3024 588 3238 642 Pascha
3280 592 3470 642 autem
3510 604 3661 642 anno

1967 678 2533 750 quadringentesimo
2561 683 2757 732 octavo
2780 677 2839 731 in
2869 681 3137 748 quartum
3167 676 3440 731 kalendas
3467 676 3664 748 aprilis

1966 766 2273 821 incidebat.
2309 767 2464 820 Hanc
2493 765 2671 836 igitur
2709 765 3009 836 epistolam
3033 764 3249 819 ibidem
3278 764 3549 819 Paulinus
3578 781 3664 819 ac-

1968 854 2154 925 cepit;
2188 870 2373 926 neque
2412 858 2607 908 tamen
2636 853 2798 924 prius
2838 869 2963 907 eam
3006 853 3165 924 legit,
3209 868 3384 923 quam
3421 852 3662 907 Formiis

1968 948 2144 1009 esset;
2177 958 2290 1013 quo
2337 942 2395 996 in
2442 943 2566 996 loco
2610 942 2849 996 domum
2879 946 3145 1012 repetens
3173 941 3325 995 diem
3370 940 3661 1010 integrum

1966 1032 2274 1085 subsistere
2299 1034 2609 1084 statuerat:
2633 1046 2700 1083 eo
2732 1029 2885 1101 quod
2902 1045 3008 1099 per
3034 1029 3321 1099 strepitus,
3346 1029 3445 1100 qui
3465 1029 3661 1083 Roma

1966 1119 2130 1174 vitari
2159 1122 2475 1190 nequeunt,
2505 1133 2633 1173 eam
2659 1117 2739 1172 ibi
2768 1133 2886 1171 non
2914 1116 3183 1179 licuisset,
3214 1117 3289 1171 ad
3316 1117 3662 1188 explendum

1966 1207 2335 1276 desiderium,
2366 1205 2725 1261 continenter
2753 1206 2962 1276 legere.
2987 1204 3146 1268 Quod
3170 1220 3306 1259 sane
3326 1209 3665 1276 argumento

1968 1301 2070 1362 est,
2102 1296 2320 1350 litteras
2357 1294 2505 1364 illas,
2538 1310 2666 1365 qua
2709 1310 2863 1348 nunc
2900 1293 3310 1359 desiderantur,
3342 1294 3664 1363 peramplas

1967 1383 2140 1440 fuisse
2168 1389 2339 1455 atque
2370 1400 2404 1438 a
2447 1382 2683 1437 Paulino
2735 1381 2913 1436 libelli
2957 1381 3377 1451 nuncupatione
3399 1381 3533 1451 jure
3561 1381 3662 1436 do-

1965 1475 2130 1528 natas
2159 1472 2363 1543 (Ibid.).
2410 1472 2514 1526 Eas
2541 1486 2662 1525 non
2707 1469 3034 1540 vulgaribus
3075 1468 3275 1541 elogiis
3302 1468 3667 1523 commendat

1965 1560 2027 1614 in
2056 1577 2158 1614 sua
2196 1559 2588 1630 responsione,
2621 1574 2797 1629 quam
2838 1557 2971 1612 satis
3011 1556 3434 1628 praecipitanter
3477 1555 3666 1610 idibus

1967 1648 2132 1702 maiis
2160 1646 2415 1718 scripsit;
2443 1663 2574 1701 cum
2604 1645 2844 1710 Quintus
2874 1661 3006 1699 eum
3026 1643 3208 1715 pridie
3238 1644 3361 1714 ejus
3390 1643 3521 1709 diei,
3549 1660 3663 1714 quo

1965 1737 2155 1807 reipsa
2183 1736 2471 1807 profectus
2501 1738 2605 1801 est,
2637 1733 2914 1789 discessus
2940 1732 3029 1786 sui
3057 1731 3448 1786 admonuisset
3477 1730 3661 1800 (lbid.,

1964 1841 2021 1880 n.
2054 1824 2103 1891 8)
2139 1840 2152 1878 :
2200 1839 2268 1878 ex
2298 1839 2412 1895 quo
2452 1822 2688 1887 factum,
2732 1825 2799 1875 ut
2846 1819 3188 1891 quibusdam
3233 1817 3664 1888 Augustiniana

1966 1912 2224 1982 epistola
2270 1910 2549 1981 capitibus
2592 1908 2913 1963 satisfacere
2957 1906 3167 1961 oblitus
3213 1904 3286 1959 sit
3332 1908 3526 1975 (Epist.
3569 1909 3658 1971 95,

1963 2016 2021 2054 η.
2050 2001 2121 2068 9).
2156 1999 2297 2052 Cum
2335 2012 2560 2051 summo
2590 1994 2947 2050 demissionis
2977 2009 3041 2047 ac
3077 1991 3304 2064 pietatis
3341 2008 3510 2047 sensu
3548 1991 3660 2047 dis-

1965 2086 2104 2141 serit
2133 2086 2204 2140 de
2246 2085 2546 2139 beatorum
2585 2081 2648 2137 in
2685 2082 2876 2137 futuro
2920 2081 3123 2135 saeculo
3166 2079 3385 2133 actione
3418 2084 3546 2150 post
3572 2096 3661 2134 re-

1966 2172 2399 2239 surrectionem,
2440 2187 2623 2243 eoque
2662 2171 2771 2226 loci
2808 2173 3067 2225 sanctum
3104 2168 3433 2234 Prasulem,
3475 2184 3505 2221 a
3544 2184 3659 2238 quo

1966 2278 2129 2316 suam
2156 2260 2262 2314 hac
2289 2259 2358 2314 de
2389 2275 2450 2313 re
2480 2257 2824 2313 sententiam
2852 2260 3088 2327 rogatus
3115 2258 3255 2320 erat,
3284 2253 3507 2325 magnis
3536 2254 3659 2310 lau-

1965 2351 2131 2406 dibus
2159 2356 2395 2405 exornat
2422 2349 2624 2418 (Epist.
2658 2349 2747 2414 94,
2774 2363 2831 2401 n.
2863 2346 2941 2416 6).

2038 2442 2096 2495 3.
2148 2438 2254 2493 Lex
2295 2444 2493 2493 octavo
2528 2436 2801 2491 kalendas
2844 2433 3160 2490 decembris
3193 2450 3343 2488 anno
3383 2432 3660 2504 quadrin-

1966 2526 2284 2599 gentesimo
2309 2525 2552 2597 septimo
2582 2524 2715 2579 data
2742 2523 3102 2594 Carthagine,
3133 2522 3218 2577 uti
3246 2521 3513 2588 diximus,
3545 2536 3661 2575 non

1967 2621 2098 2671 ante
2123 2630 2304 2670 nonas
2326 2613 2520 2685 junias
2547 2613 2684 2667 anni
2717 2610 3271 2683 quadringentesimi
3311 2609 3496 2664 octavi
3527 2624 3658 2680 pro-

1967 2707 2225 2776 mulgata
2249 2707 2336 2758 est
2360 2701 2683 2774 (Sirmund.,
2714 2700 2975 2770 Append.
2996 2699 3129 2756 Cod.
3155 2698 3376 2765 Theod.,
3396 2713 3515 2766 cap.
3552 2697 3657 2764 12).

1965 2793 2202 2847 Videtur
2227 2794 2417 2845 autem
2441 2788 2602 2859 prius
2637 2788 2699 2842 in
2729 2786 2996 2842 Numidia
3025 2787 3145 2857 ejus
3182 2786 3329 2840 facta
3368 2800 3487 2838 esse
3524 2800 3660 2854 pro-

1965 2880 2264 2949 mulgatio,
2313 2879 2361 2932 si
2406 2877 2559 2948 quod
2602 2876 2845 2931 Calama
2897 2874 3154 2929 kalendis
3194 2872 3375 2943 juniis
3421 2871 3663 2943 contigit

1969 2968 2169 3041 (Epist.
2202 2971 2289 3034 91,
2313 2983 2369 3020 n.
2398 2966 2471 3035 8),
2494 2964 2566 3019 ad
2593 2965 2746 3018 hunc
2774 2978 2991 3017 annum
3020 2960 3208 3033 potius
3227 2959 3439 3014 referre
3463 2958 3659 3027 libeat,

1968 3072 2144 3129 quam
2173 3055 2245 3110 ad
2275 3054 2714 3124 subsequentem
2739 3067 2752 3105 :
2776 3065 2949 3121 quam
2969 3049 3030 3103 in
3059 3048 3390 3119 opinionem
3412 3046 3535 3100 hac
3554 3061 3659 3099 nos

1968 3143 2201 3201 adducit
2227 3141 2563 3209 observatio,
2594 3139 2731 3211 quia
2755 3138 3019 3192 videlicet
3056 3140 3317 3190 exortum
3346 3134 3417 3188 de
3445 3134 3543 3187 illa
3572 3148 3658 3188 se-

1970 3234 2186 3290 ditione
2223 3230 2521 3302 negotium
2567 3228 2826 3283 nondum
2874 3224 3192 3280 confectum
3240 3227 3360 3278 erat
3405 3227 3659 3277 extremo

1968 3323 2174 3378 martio
2223 3321 2359 3376 anni
2400 3319 2469 3375 ab
2518 3317 2720 3373 eadem
2767 3313 3016 3387 proximi
3065 3315 3259 3381 (Epist.
3312 3313 3433 3377 104,
3479 3327 3536 3365 η.
3588 3313 3653 3378 1).

1970 3428 2098 3467 eam
2144 3426 2300 3480 ergo,
2333 3408 2382 3463 si
2419 3407 2654 3479 quidem
2702 3420 2853 3459 anno
2899 3400 3465 3474 quadringentesimo
3508 3414 3659 3452 nono

1969 3504 2238 3571 ponatur,
2287 3495 2577 3552 Possidius
2623 3493 2778 3563 apud
2835 3491 3180 3547 Comitatum
3226 3488 3410 3543 adhuc
3466 3502 3661 3541 mense

1970 3586 2137 3658 aprili
2160 3584 2299 3640 anni
2327 3578 2877 3655 quadringentesimi
2895 3577 3100 3632 decimi
3117 3576 3473 3641 versabatur;
3495 3577 3663 3645 atque

1969 3675 2049 3729 ita
2078 3674 2169 3728 vix
2196 3673 2293 3727 ille
2332 3670 2581 3725 redierat
2606 3669 2669 3723 in
2704 3668 2951 3722 Africam
2992 3665 3168 3737 (quod
3204 3663 3453 3735 profecto
3491 3676 3662 3716 nemo

1972 3761 2133 3816 facile
2180 3756 2521 3826 crediderit),
2552 3770 2683 3810 cum
2730 3754 2803 3808 ad
2847 3754 3257 3822 Imperatorem
3297 3766 3331 3802 a
3377 3746 3665 3817 Carthagi-

1973 3847 2137 3903 nensi
2164 3845 2401 3901 concilio
2425 3843 2517 3898 die
2546 3841 2767 3896 decimo
2798 3844 2994 3893 octavo
3020 3836 3295 3891 kalendas
3320 3836 3492 3906 julias
3530 3833 3665 3889 anni

1975 3935 2232 4007 ejusdem
2257 3928 2800 4004 quadringentesimi
2821 3926 3027 3983 decimi
3057 3926 3277 3995 legatus
3306 3928 3410 3978 est.
3433 3925 3524 3985 At,
3548 3922 3665 3977 sive

1976 4028 2193 4089 octavo,
2224 4020 2340 4075 sive
2365 4035 2519 4074 nono
2540 4033 2711 4089 supra
2737 4012 3363 4087 quadringentesimum
3383 4025 3556 4077 anno,
3578 4024 3667 4063 res

1975 4113 2056 4168 ita
2087 4111 2328 4168 Calama
2361 4125 2419 4163 se
2456 4106 2675 4161 habuit.
2718 4106 2917 4161 Contra
2951 4103 3344 4158 recentissimas
3380 4100 3537 4166 leges.
3574 4097 3667 4151 in-

1979 4201 2104 4273 quit
2130 4198 2507 4269 Augustinus,
2537 4194 2780 4250 kalendis
2797 4195 3000 4263 juniis,
3031 4194 3167 4259 festo
3203 4192 3545 4256 Paganorum
3571 4202 3667 4242 sa-

1979 4291 2179 4357 crilega
2205 4289 2512 4343 solsmnitas
2560 4286 2774 4352 agitata
2813 4285 2910 4349 est,
2942 4281 3149 4335 nemine
3191 4277 3527 4347 prohibente,
3560 4279 3671 4328 tam

1979 4379 2231 4435 insolenti
2257 4390 2413 4443 ausu,
2444 4378 2505 4428 ut
2543 4372 2687 4443 quod
2730 4387 2822 4426 nec
2850 4371 3062 4426 Iuliani
3111 4365 3435 4436 temporibus
3463 4365 3671 4431 factum

1981 4472 2079 4534 est,
2102 4464 2543 4536 petulantissima
2571 4460 2732 4515 turba
2779 4458 3101 4513 saltantium
3129 4457 3188 4508 in
3230 4453 3409 4508 eodem
3446 4465 3673 4520 prorsus

1980 4558 2099 4611 vico
2126 4558 2250 4609 ante
2278 4555 2422 4620 fores
2465 4553 2723 4603 transiret
2748 4547 2993 4602 ecclesia.
3024 4545 3201 4610 Quam
3225 4556 3337 4595 rem
3377 4540 3674 4595 illicitissi—

1981 4660 2126 4699 mam
2154 4647 2316 4710 atque
2336 4639 2776 4707 indignissimam
2796 4635 3001 4689 clericis
3016 4632 3301 4702 prohibere
3322 4626 3672 4693 tentantibus,

1982 4733 2203 4788 ecclesia
2231 4730 2483 4800 lapidata
2513 4731 2608 4782 est.
2654 4725 2857 4781 Deinde
2881 4726 3005 4792 post
3045 4721 3160 4775 dies
3187 4721 3357 4786 ferme
3392 4722 3527 4786 octo,
3557 4731 3678 4771 cum

1985 4823 2122 4889 leges
2146 4820 2455 4874 notissimas
2478 4818 2756 4885 episcopus
2787 4812 2975 4866 ordine
3002 4810 3336 4879 replicasset,
3359 4810 3410 4860 et
3448 4806 3579 4860 dum
3616 4819 3678 4858 ea
3779 4859 3783 4864 ,

1986 4925 2105 4979 qua
2126 4908 2288 4977 jussu
2310 4908 2455 4971 sunt,
2476 4905 2621 4957 velut
2646 4902 2866 4970 implere
2892 4900 3205 4979 disponunt,
3235 4899 3432 4950 iterum
3460 4894 3680 4949 ecclesia

1989 4974 2240 5067 lapidata
2266 4999 2362 5049 est.
2406 4991 2672 5048 Postridie
2698 4974 2909 5045 nostris
2929 4988 3004 5043 ad
3033 4985 3413 5056 imponendum
3444 4981 3679 5053 perditis

1987 5090 2205 5152 metum,
2237 5082 2380 5152 quod
2403 5080 2689 5135 videbatur
2704 5077 2853 5147 apud
2876 5076 3017 5131 Acta
3041 5074 3214 5128 dicere
3230 5070 3548 5135 volentibus,
3570 5081 3678 5152 pu-

1991 5173 2131 5227 blica
2143 5151 2282 5240 jura
2304 5172 2501 5236 negata
2529 5169 2674 5221 sunt.
2702 5164 3005 5232 Eodemque
3028 5164 3145 5231 ipso
3167 5160 3273 5225 die,
3295 5162 3354 5213 ut
3382 5157 3464 5211 vel
3482 5151 3683 5207 divini-

1992 5267 2076 5317 tus
2108 5263 2455 5325 terrerentur,
2489 5254 2699 5325 grando
2725 5251 3155 5323 lapidationibus
3178 5247 3396 5303 reddita
3431 5246 3546 5307 est;
3572 5255 3682 5309 qua

1994 5352 2272 5407 transacta
2317 5350 2567 5403 continuo
2619 5345 2835 5398 tertiam
2871 5340 3277 5411 lapidationem,
3321 5337 3371 5386 et
3412 5333 3682 5400 postremo

1993 5443 2145 5509 ignes
2191 5436 2562 5493 ecclesiasticis
2605 5434 2756 5487 tectis
2804 5435 2967 5499 atque
3013 5424 3313 5481 hominibus
3340 5419 3677 5509 intulerunt;

202 5516 353 5572 dedit
383 5519 582 5589 (Epist.
611 5520 702 5586 94,
728 5535 784 5573 n.
818 5518 895 5587 8).
932 5515 1151 5571 Etenim
1186 5515 1737 5586 Romajamdudum
1769 5530 1861 5567 era

1999 5507 2164 5583 unum
2184 5540 2457 5583 servorum
2487 5525 2599 5589 Dei,
2631 5520 2691 5593 id
2715 5523 2820 5585 est,
2853 5514 3285 5578 monachorum,
3307 5509 3404 5580 qui
3429 5507 3684 5562 oberrans
