4062 6346
381 320 476 375 371

378 454 654 496 occurrere
665 439 864 508 potuit,
880 438 1207 502 occiderunt,
1230 440 1434 492 ceteris
1449 436 1657 505 partim
1676 434 1772 488 ubi
1792 438 2079 504 potuerant

375 528 743 592 latitantibus,
765 528 972 594 partim
1002 541 1112 594 qua
1133 529 1427 595 potuerant
1454 524 1814 592 fugientibus,
1840 538 1960 577 cum
1987 524 2081 576 in-

376 621 521 671 terea
550 620 831 670 contrusus
860 618 1023 682 atque
1050 618 1354 669 coarctatus
1386 613 1621 682 quodam
1660 613 1768 666 loco
1797 627 1852 665 se
1876 612 2082 666 occulta

375 709 459 759 ret
498 706 798 773 episcopus,
826 702 921 756 ubi
948 717 1002 758 se
1031 703 1105 756 ad
1145 707 1368 757 mortem
1411 702 1763 771 quaerentium
1791 716 1939 755 voces
1980 715 2079 754 au-

378 793 563 848 diebat
585 792 796 861 sibique
817 792 1235 860 increpantium,
1270 790 1416 861 quod
1441 806 1497 845 eo
1526 805 1633 844 non
1662 792 1878 844 invento
1905 790 2080 856 gratis

384 887 597 937 tantum
634 884 1037 950 perpetrassent
1074 881 1264 935 scelus.
1309 880 1470 936 Gesta
1498 886 1626 934 sunt
1674 880 1782 933 hac
1832 877 1899 930 ab
1946 878 2083 930 hora

378 974 548 1037 ferme
576 969 783 1023 decima
828 983 997 1037 usque
1042 968 1117 1021 ad
1160 970 1330 1022 noctis
1371 972 1588 1036 partem
1625 983 1731 1020 non
1776 966 2078 1020 minimam.

378 1060 543 1115 Nemo
567 1071 911 1126 compescere,
942 1071 1092 1111 nemo
1121 1056 1403 1110 subvenire
1429 1058 1655 1111 tentavit
1683 1055 1920 1120 illorum,
1948 1069 2080 1123 quo-

379 1161 503 1200 rum
532 1159 642 1199 esse
667 1146 853 1212 gravis
870 1148 1052 1213 posset
1079 1146 1397 1210 auctoritas,
1421 1148 1624 1213 prater
1646 1157 1813 1197 unum
1840 1143 2081 1210 peregri-

378 1248 529 1300 num,
563 1246 659 1300 per
685 1246 840 1300 quem
864 1235 914 1284 et
938 1232 1170 1300 plurimi
1193 1233 1338 1285 servi
1363 1233 1479 1297 Dei,
1510 1231 1566 1285 id
1590 1234 1674 1285 est
1702 1228 1986 1295 monachi,
2018 1228 2083 1282 de

380 1321 630 1377 manibus
670 1322 968 1387 interficere
1010 1322 1319 1374 conantium
1366 1319 1583 1373 liberati
1629 1321 1775 1384 sunt,
1816 1322 1867 1372 et
1910 1317 2084 1370 multa

381 1413 596 1464 extorta
614 1407 1017 1476 praedantibus;
1038 1423 1137 1476 per
1162 1422 1318 1477 quem
1336 1408 1545 1461 clarum
1562 1407 1771 1472 factum
1798 1408 1895 1471 est,
1921 1419 2085 1473 quam

377 1498 542 1564 facile
569 1497 668 1551 illa
690 1497 773 1550 vel
801 1498 1014 1550 omnino
1040 1511 1146 1550 non
1174 1494 1385 1565 ﬁerent,
1429 1495 1513 1548 vel
1550 1497 1721 1563 empta
1748 1493 2082 1558 desisterent,

378 1586 430 1639 si
453 1587 590 1638 cives
600 1624 613 1649 ,
627 1586 967 1652 maximeque
974 1585 1238 1653 primates
1258 1599 1321 1638 ea
1332 1585 1453 1653 ﬁeri
1468 1584 1757 1652 perﬁcique
1771 1583 2082 1635 vetuissent.

377 1671 573 1741 (Epist.
607 1674 697 1737 91,
718 1686 772 1725 n.
805 1672 880 1737 8).
908 1670 1057 1725 Dicit
1080 1670 1191 1725 alio
1220 1671 1284 1724 in
1307 1671 1430 1725 loco
1463 1669 1838 1741 Augustinus,
1872 1666 2086 1722 infelici

379 1759 549 1827 vulgo
579 1758 651 1813 ad
677 1757 1065 1830 diripiendum
1097 1758 1354 1830 exposita
1381 1757 1555 1812 fuisse
1587 1774 1677 1826 ea,
1707 1772 1837 1828 quae
1867 1754 2086 1809 alendis

378 1846 732 1918 pauperibus
757 1846 1220 1917 religiosissimis,
1246 1845 1596 1901 monasterio
1619 1844 1831 1899 scilicet
1852 1842 2088 1898 Possidii

380 1951 519 1990 cura
537 1933 819 2001 instituto,
844 1934 1093 2006 reposita
1113 1934 1371 2001 fuerant;
1386 1933 1725 2005 sanguinem
1745 1948 1975 2003 quoque
1996 1946 2087 1985 eo-

379 2037 532 2087 rum,
564 2036 679 2075 uno
709 2037 777 2076 ex
806 2022 921 2076 illis
948 2022 1266 2086 interfecto,
1298 2023 1489 2077 fusum
1516 2021 1690 2076 fuisse
1722 2020 1850 2090 (Ep.
1878 2021 2005 2087 104,
2025 2035 2082 2073 n.

390 2108 462 2179 5).
484 2108 640 2163 Idem
663 2109 963 2181 signiﬁcat,
976 2111 1292 2164 tumultum
1306 2110 1471 2165 illum
1490 2126 1604 2163 non
1620 2108 1851 2163 aliunde
1871 2112 2081 2173 ortum,

387 2212 561 2267 quam
591 2211 655 2251 ex
685 2197 1027 2267 quibusdam
1058 2197 1375 2252 simulacris
1403 2196 1710 2267 argenteis,
1736 2213 1867 2266 quas
1898 2197 1997 2251 abs
2028 2212 2085 2249 se

383 2284 631 2338 conﬂata
657 2286 741 2338 vel
771 2300 1017 2349 servare,
1048 2286 1133 2338 vel
1166 2286 1425 2353 adorare,
1449 2286 1537 2339 vel
1567 2285 1726 2338 cultu
1755 2300 1819 2338 ac
1849 2284 2081 2338 honori-

383 2371 490 2425 bus
517 2371 808 2442 sacrilegis
836 2372 1065 2442 publice
1096 2372 1368 2443 prosequi
1397 2371 1798 2442 peroptabant.
1824 2371 1954 2424 Erat
1980 2368 2084 2439 igi-

385 2464 482 2511 tur
509 2458 570 2511 in
599 2460 767 2528 culpa
794 2463 913 2512 tota
937 2459 1151 2525 civitas,
1177 2476 1308 2513 cum
1336 2459 1378 2513 ii
1408 2459 1514 2513 soli
1541 2458 1735 2513 minus
1759 2457 1980 2513 caeteris
2004 2457 2087 2512 rei

387 2549 593 2610 essent,
628 2546 727 2616 qui
756 2562 828 2600 ne
868 2546 928 2599 in
977 2547 1239 2602 inimicos
1272 2547 1553 2615 Ecclesiae,
1586 2563 1730 2618 quos
1760 2546 1821 2600 in
1852 2546 1952 2601 illo
1981 2562 2087 2617 op-

387 2632 524 2703 pido
554 2633 868 2704 plurimum
891 2650 1056 2704 posse
1077 2640 1374 2702 noverant,
1408 2635 1467 2689 in
1494 2651 1553 2689 se
1573 2634 1944 2701 concitarent,
1970 2635 2086 2689 Deo

388 2720 716 2791 episcOpum
743 2725 799 2775 et
821 2724 1132 2777 monachos
1157 2723 1419 2794 precibus
1446 2723 1846 2777 commendare
1875 2727 1961 2777 sat
1983 2723 2085 2776 ha-

387 2809 635 2863 buerunt
663 2808 857 2879 (Epist.
901 2813 990 2878 91,
1018 2827 1075 2864 η.
1108 2814 1159 2879 9,
1192 2816 1241 2865 et
1278 2813 1456 2881 Epist.
1512 2813 1631 2877 104,
1660 2827 1717 2865 n.
1771 2812 1873 2879 17).
1927 2810 2087 2865 Unde

383 2896 620 2966 ignavos
648 2896 785 2951 istos
815 2902 871 2951 et
898 2898 1261 2953 meticulosos
1290 2899 1555 2954 homines
1581 2916 1610 2953 e
1642 2898 2088 2954 Christianorum

385 2988 578 3037 tamen
605 3000 846 3038 numero
866 2984 1042 3039 fuisse
1067 3002 1184 3039 non
1213 2986 1353 3040 levis
1383 2987 1712 3057 conjectura
1739 2990 1843 3041 est.
1865 2988 1932 3041 Et
1959 3002 2088 3040 sane

380 3071 734 3140 Augustinus
781 3072 842 3125 in
884 3073 1181 3142 publicum
1230 3072 1370 3128 illud
1401 3079 1698 3144 peccatum
1737 3090 1804 3127 ex
1854 3073 1942 3127 his
1975 3089 2090 3126 non

385 3174 595 3228 paucos
633 3158 900 3212 incidisse
940 3165 1240 3224 memorat,
1275 3160 1391 3214 sive
1430 3161 1585 3231 quod
1624 3176 1795 3231 opem
1833 3161 2084 3215 ecclesiae

385 3244 761 3314 conflagranti
786 3262 901 3299 non
929 3246 1212 3313 tulissent,
1245 3247 1360 3300 sive
1391 3247 1566 3302 etiam
1596 3248 1745 3318 quod
1779 3264 1846 3301 ex
1875 3248 1974 3303 illa
1997 3265 2086 3302 sa-

388 3330 599 3402 crilega
626 3334 988 3402 Paganorum
1021 3334 1219 3404 praeda
1243 3334 1507 3388 nonnihil
1538 3334 1904 3389 abstulissent
1944 3351 1957 3389 :
1991 3335 2091 3406 qui

388 3423 582 3472 tamen
619 3424 819 3488 postea
857 3420 1081 3490 culpam
1111 3437 1274 3475 suam
1312 3422 1686 3489 confessione,
1727 3422 1989 3494 precibus
2026 3438 2090 3476 ac

386 3506 739 3576 poenitentia;
782 3507 936 3561 luctu
985 3508 1251 3563 aluerunt
1288 3509 1490 3582 (Epist.
1541 3512 1662 3576 104,
1710 3527 1766 3564 η.
1817 3510 1891 3580 9).
1936 3510 2090 3563 Hanc

386 3594 681 3648 historiam
707 3597 776 3648 ad
802 3610 1019 3650 annum
1037 3596 1502 3651 trecentesimum
1523 3598 1956 3670 nonagesimum
1986 3614 2087 3651 no-

386 3696 528 3733 num
558 3684 684 3750 post
718 3680 860 3734 latas
891 3682 960 3736 ab
1002 3682 1255 3737 Honorio
1282 3683 1437 3754 leges
1463 3684 1732 3738 adversus
1758 3684 2088 3739 idololatras

387 3767 559 3822 refert
588 3768 862 3823 Baronius
891 3771 1196 3840 (Baronius,
1235 3770 1311 3825 ad
1337 3787 1542 3826 annum
1572 3775 1697 3839 399,
1728 3788 1785 3827 η.
1824 3772 1939 3842 78).
1990 3772 2084 3826 Ni-

387 3855 696 3910 hilominus
725 3857 1090 3928 Paganorum
1123 3858 1266 3912 festa
1294 3860 1515 3931 legibus
1542 3858 1677 3913 anni
1705 3858 2087 3915 trecentesimi

384 3943 741 4015 nonagesimi
786 3945 928 3999 noni
968 3945 1205 4001 minime
1250 3947 1783 4018 proscribebantur;
1827 3948 2086 4019 quinimo

385 4034 511 4104 lege
540 4033 761 4088 decimo
794 4035 965 4088 tertio
1007 4034 1284 4090 kalendas
1313 4036 1666 4107 septembres
1696 4036 1834 4090 anni
1863 4042 2084 4091 trecen-

384 4120 577 4176 tesimi
639 4121 998 4192 nonagesimi
1052 4123 1190 4176 noni
1246 4123 1379 4178 data
1429 4123 1809 4178 ﬁrmabantur
1874 4124 2087 4192 (Codice

387 4207 609 4272 Themi,
636 4208 702 4261 de
721 4210 982 4274 Paganis,
1012 4209 1123 4276 lege
1157 4207 1266 4279 17).
1298 4209 1419 4272 Qua
1443 4209 1842 4264 observatione
1866 4210 2087 4265 inducti

383 4293 638 4364 quidam,
670 4309 870 4347 eorum
918 4294 1399 4364 proscriptionem
1450 4295 1567 4366 legi
1603 4297 1673 4350 ad
1705 4296 1960 4352 Curtium
2001 4297 2086 4351 in~

383 4381 607 4451 scriptae
639 4379 822 4450 (Ibid.,
854 4382 966 4449 lege
999 4380 1107 4451 l9),
1132 4386 1409 4454 tanquam
1429 4382 1688 4437 omnium
1717 4384 1778 4438 in
1808 4400 1933 4439 eam
1962 4402 2081 4440 rem

381 4468 605 4539 primas,
636 4467 987 4523 adscribunt.

452 4558 505 4612 4.
530 4556 816 4611 Calamam
840 4573 955 4611 non
977 4557 1057 4611 ita
1089 4558 1267 4612 multo
1287 4563 1420 4628 post
1447 4564 1563 4614 tam
1590 4557 1837 4630 impium
1864 4560 2085 4616 facinus

381 4643 737 4713 Augustinus
783 4646 1188 4715 proﬁciscitur.
1254 4649 1321 4702 Ut
1365 4651 1559 4718 nostri,
1604 4647 1813 4719 inquit,
1859 4652 1917 4704 in
1972 4655 2083 4706 tam

380 4733 542 4800 gravi
565 4731 743 4786 dolore
769 4734 851 4787 vel
880 4737 1283 4791 consolarentur
1301 4739 1520 4806 afﬂicti,
1541 4739 1625 4792 vel
1643 4739 1963 4794 sedarentur
1992 4756 2080 4796 ac-

381 4820 552 4881 censi;
595 4824 865 4887 quantum
894 4826 1190 4891 potuimus,
1234 4825 1378 4894 quod
1415 4828 1473 4880 in
1513 4830 1745 4896 tempore
1782 4830 2083 4896 oportuisse

380 4908 832 4974 emistimavimus,
873 4925 992 4964 cum
1032 4913 1361 4968 Christianis
1405 4917 1631 4982 egimus.
1676 4916 1879 4970 Deinde
1916 4918 2080 4971 etiam

380 4997 524 5063 ipsos
550 4996 816 5063 Paganos,
860 4999 996 5051 mali
1040 5003 1182 5053 tanti
1221 5006 1384 5071 caput
1413 5006 1464 5057 et
1491 5018 1730 5070 causam,
1756 5009 1990 5073 petentes
2018 5010 2080 5059 ut

381 5083 449 5137 ab
478 5084 554 5137 eis
580 5084 909 5153 videremur,
938 5087 1275 5154 admisimus,
1307 5095 1368 5144 ut
1397 5090 1497 5144 hac
1524 5094 1797 5146 occasione
1826 5093 2077 5148 admone-

378 5187 556 5227 remus
585 5187 690 5234 eos,
716 5173 852 5241 quid
866 5176 1046 5241 facere
1073 5176 1342 5244 deberent,
1372 5180 1423 5231 si
1440 5184 1709 5247 saperent,
1739 5195 1845 5235 non
1866 5187 2078 5238 tantum
2183 5181 2335 5237 rium
2377 5183 2730 5255 Augustinus
2758 5185 2984 5256 scripsit
3029 5187 3220 5257 (Ibid.)

371 5278 476 5332 pro
504 5263 824 5318 removenda
850 5267 1106 5333 presenti
1132 5267 1515 5333 sollicitudine,
1546 5268 1826 5339 siquidem
1852 5287 1971 5326 non
1999 5271 2077 5327 in-

1590 312 1759 368 VlTA
1810 311 1867 367 S.
1912 308 2299 367 AUGUSTINI
2341 305 2682 363 EPISCOPI.

3795 305 3904 357 37?.

2192 432 2546 498 rogaverunt;
2579 426 2673 481 sed
2701 425 2864 485 absit,
2905 428 2965 478 ut
2994 425 3127 478 tates
3163 425 3307 477 servi
3333 425 3521 489 simus,
3555 437 3689 492 quos
3718 423 3794 476 ab
3830 425 3909 476 eis

2190 520 2379 584 rogari
2423 517 2661 579 delectet,
2694 530 2729 568 a
2768 513 2965 583 quibus
3011 515 3192 566 noster
3227 513 3477 565 Dominus
3518 525 3625 566 non
3671 516 3911 581 rogatur

2191 607 2397 677 (Epist.
2459 609 2544 668 91,
2596 621 2651 657 n.
2703 603 2811 674 10).
2865 600 3179 667 Nectarius,
3234 600 3396 670 cujus
3446 600 3684 654 fecimus
3727 617 3912 671 supra

2191 694 2568 760 mentionem,
2600 692 2753 746 inter
2788 690 3111 761 praecipuos
3137 687 3285 743 cives
3315 688 3569 764 ejusdem
3602 688 3759 743 urbis
3796 706 3907 742 nu-

2194 782 2520 845 merandus,
2566 776 2827 834 ethnicus
2874 777 2995 849 ipse
3026 777 3224 847 (Epist.
3260 779 3371 844 90),
3423 775 3554 830 licet
3581 781 3744 847 patre
3799 779 3909 830 sal-

2191 876 2310 925 tem
2353 875 2486 924 ante
2535 868 2758 923 obitum
2807 865 3116 921 christiano
3164 864 3362 934 (Epist.
3415 868 3503 932 9|,
3548 881 3603 917 η.
3646 864 3721 934 2),
3766 881 3906 919 cum

2191 958 2441 1028 patriam
2458 973 2618 1011 suam
2644 957 2716 1011 ob
2734 956 2893 1009 illam
2923 953 3289 1021 seditionem,
3319 952 3480 1023 cujus
3505 952 3738 1023 quidem
3763 970 3839 1024 pa
3850 970 3907 1006 r-

2191 1046 2425 1117 ticipem
2456 1061 2587 1099 eum
2632 1060 2748 1098 non
2795 1043 2967 1098 fuisse
2997 1041 3267 1096 credibile
3297 1046 3402 1107 est,
3436 1045 3592 1094 tanto
3631 1041 3898 1112 periculo

2192 1135 2497 1189 obnoxiam
2525 1135 2805 1199 cerneret,
2852 1130 2923 1186 ad
2964 1129 3374 1200 Augustinum,
3407 1128 3596 1182 fratris
3624 1146 3757 1183 eum
3789 1146 3899 1183 γοα

2193 1223 2392 1277 cabulo
2420 1220 2792 1291 compellans,
2822 1218 3080 1289 scripsit:
3109 1218 3408 1288 fassusque
3432 1217 3722 1272 Calamam
3736 1219 3907 1289 juxta

2193 1312 2349 1381 leges
2381 1308 2753 1364 severissima:
2784 1324 2971 1379 poenas
3003 1323 3159 1360 ream
3190 1306 3402 1373 teneri;
3434 1306 3621 1375 illum,
3654 1313 3719 1361 ut
3748 1323 3912 1361 amo-

2192 1415 2317 1453 rem
2348 1397 2802 1452 mansuetudinis
2826 1396 3099 1466 episcopo
3136 1398 3436 1465 tantopere
3464 1395 3921 1450 convenientem

2193 1503 2314 1559 prae
2346 1500 2415 1540 se
2434 1486 2598 1552 ferat,
2631 1485 2967 1539 obtestatur.
3013 1484 3247 1552 lterum,
3276 1499 3406 1555 qua:
3436 1483 3746 1555 perierant,
3776 1485 3906 1555 ple-

2196 1591 2332 1631 nam
2362 1574 2528 1628 oﬁ‘ert
2570 1578 2741 1644 atque
2780 1572 3064 1643 integram
3099 1571 3520 1642 reparationem
3555 1587 3569 1625 :
3602 1588 3666 1627 ac
3693 1588 3768 1626 ne
3818 1573 3907 1627 in-

2196 1668 2462 1717 nocentes
2487 1674 2617 1714 cam
2648 1659 2983 1714 nocentibus
3014 1658 3399 1725 involvantur,
3438 1675 3580 1713 neve
3619 1660 3911 1730 supplicia

2195 1751 2600 1816 adhibeantur,
2634 1747 2889 1820 exposcit
2930 1747 3128 1819 (Epist.
3177 1748 3289 1815 90).
3332 1748 3572 1818 Arrepta
3607 1750 3910 1804 occasione

2197 1856 2266 1895 ex
2296 1856 2388 1909 eo,
2412 1839 2567 1909 quod
2606 1837 2667 1891 in
2704 1838 2952 1908 patriam
2982 1836 3336 1904 ostendebat,
3368 1836 3570 1903 studio,
3602 1837 3765 1891 illum
3807 1838 3911 1892 ad-

2196 1929 2462 1983 hortatur
2488 1926 2547 1981 in
2574 1942 2677 1980 sua
2703 1924 3075 1996 responsione
3114 1924 3485 1996 Augustinus,
3518 1929 3584 1979 ut
3622 1930 3679 1979 et
3708 1941 3911 1981 veram

2194 2015 2441 2087 patriam
2462 2013 2681 2085 diligat,
2697 2012 3131 2068 etchristianam
3144 2012 3485 2083 religionem
3506 2016 3623 2067 tam
3647 2018 3912 2069 sanctam

2195 2110 2429 2175 tamque
2456 2103 2764 2157 salutarem
2786 2101 3183 2171 amplectatur.
3213 2101 3291 2155 De
3316 2100 3631 2155 Calamensi
3652 2118 3786 2156 vero
3819 2119 3911 2158 se-

2197 2191 2415 2247 ditione
2459 2190 2787 2260 respondet,
2833 2188 3095 2243 statuisse
3141 2188 3436 2260 episcopos
3467 2205 3592 2243 eam
3641 2189 3909 2246 animad-

2194 2280 2516 2334 versionem
2545 2276 2841 2349 prosequi,
2875 2293 3002 2347 qua:
3036 2276 3285 2347 reliquas
3317 2277 3486 2331 urbes
3526 2277 3594 2332 ab
3625 2278 3909 2334 imitando

2195 2368 2366 2422 hocce
2397 2366 2692 2421 teterrimo
2725 2366 2984 2436 exemplo
3017 2365 3350 2433 deterreret,
3382 2381 3568 2437 neque
3600 2370 3793 2421 tamen
3829 2369 3901 2422 li-

2196 2455 2365 2510 mites
2406 2454 2720 2509 transiliret
2762 2453 3011 2508 lenitatis
3061 2452 3383 2507 christiana:
3430 2469 3496 2508 ac
3540 2455 3906 2526 episcopalis,

2197 2542 2290 2597 cui
2319 2542 2555 2614 quidem
2586 2558 2704 2595 non
2747 2540 2988 2612 injurias
3022 2540 3216 2596 ulcisci
3257 2542 3618 2612 propositum
3660 2548 3764 2610 est,
3806 2546 3907 2600 sed

2196 2630 2557 2703 peccantium
2587 2629 2929 2684 correctioni
2958 2630 3241 2700 salutique
3261 2631 3556 2684 consulere
3587 2634 3783 2701 (Epist.
3811 2636 3903 2699 91,

2196 2736 2252 2774 n.
2286 2717 2368 2789 6);
2401 2718 2635 2773 demum
2668 2718 2778 2772 reis
2827 2718 3022 2781 vitam,
3070 2717 3317 2788 vitaeque
3367 2720 3764 2773 conservandae
3813 2736 3911 2774 ne-

2198 2806 2443 2861 cessaria
2489 2805 2762 2872 subsidia,
2803 2804 3032 2860 tametsi
3080 2805 3412 2875 resipiscere
3458 2805 3695 2866 nollent,
3737 2805 3909 2858 relin-

2201 2910 2397 2966 quere,
2431 2894 2501 2948 iis
2529 2897 2751 2948 tantum
2783 2892 3065 2963 ademptis
3093 2892 3303 2963 quibus
3332 2892 3402 2946 ad
3434 2892 3731 2946 malefacta
3760 2893 3907 2947 abu-

2199 2983 2503 3049 tebantur;
2526 2981 2643 3036 imo
2665 2981 2819 3052 quod
2845 2980 3356 3052 adinquisitionem
3376 2979 3726 3051 pertinebat,
3743 2979 3909 3052 quid-

2198 3069 2338 3141 quid
2366 3087 2483 3124 non
2509 3073 2704 3141 posset
2750 3068 2863 3123 nisi
2907 3068 2962 3122 vi
3001 3073 3419 3122 tormentorum
3466 3068 3731 3140 exprimi,
3760 3073 3907 3138 puta

2201 3158 2440 3229 quinam
2467 3157 2641 3228 primi
2691 3156 2982 3211 seditionis
3017 3161 3277 3211 auctores
3318 3155 3572 3217 fuissent,
3605 3156 3896 3210 omittere.

2197 3248 2269 3300 At
2296 3261 2428 3300 vero
2461 3261 2591 3299 cum
2637 3244 2696 3299 id
2742 3243 3104 3316 Imperatoris
3134 3248 3189 3297 et
3236 3243 3488 3297 civilium
3528 3244 3792 3314 judicum
3842 3243 3904 3297 in

2196 3334 2466 3389 manibus
2493 3338 2549 3388 et
2576 3333 2813 3388 arbitrio
2841 3338 3013 3399 esset;
3046 3332 3257 3399 subdit,
3289 3333 3338 3386 si
3367 3334 3480 3387 Deo
3513 3332 3813 3403 placuerit,
3843 3338 3907 3386 ut

2197 3422 2340 3477 illud
2367 3421 2584 3476 crimen
2612 3422 2699 3476 vel
2742 3421 2992 3475 severius
3018 3421 3312 3491 puniatur,
3344 3422 3430 3475 vel
3458 3421 3517 3475 in
3562 3420 3897 3492 praisentia-

2200 3526 2330 3564 rum
2359 3526 2461 3581 per
2488 3508 2808 3581 graviorem
2831 3508 3010 3580 ipsius
3034 3508 3178 3563 iram
3200 3508 3548 3579 impunitum
3583 3514 3900 3573 remaneat,

2196 3604 2323 3654 tum
2353 3597 2634 3668 episcopis
2661 3597 2804 3651 nihil
2834 3597 2988 3651 aliud
3013 3597 3355 3668 permissum
3387 3597 3479 3662 iri,
3506 3613 3676 3668 quam
3709 3597 3907 3653 divino

2197 3685 2433 3740 consilio
2465 3688 2715 3739 mentem
2746 3684 3111 3750 submittere;
3143 3701 3208 3738 ac
3236 3701 3294 3739 sc
3336 3684 3491 3755 ipsos
3530 3685 3664 3739 inde
3697 3702 3906 3741 conso-

2196 3773 2323 3841 lari,
2357 3774 2505 3845 quod
2538 3788 2664 3827 eam
2698 3789 2818 3826 rem
2847 3773 3072 3826 efﬁcere
3090 3773 3282 3827 conati
3302 3774 3532 3841 fuerint,
3556 3790 3727 3845 quam
3747 3775 3901 3845 opti-

2197 3877 2351 3915 mam
2381 3860 2534 3915 factu
2571 3864 2743 3932 atque
2771 3860 3133 3917 utilissimam
3161 3859 3488 3931 judicarant
3516 3861 3656 3932 (Ibid
3682 3902 3697 3928 ,
3729 3877 3785 3915 n.
3818 3864 3897 3921 9).

2197 3949 2527 4019 Epistolam,
2550 3948 2697 4002 hanc
2727 3953 2855 4002 octo
2886 3948 3004 4003 fere
3039 3948 3334 4002 mensibus
3367 3954 3506 4004 ante
3534 3953 3752 4003 sextum
3794 3950 3902 4003 ka-

2196 4038 2392 4092 lendas
2421 4037 2650 4108 apriles,
2696 4036 2805 4091 hoc
2849 4039 2952 4104 est,
2986 4037 3091 4091 sub
3142 4037 3354 4091 mensis
3383 4037 3609 4107 augusti
3637 4037 3897 4104 initium,

2196 4125 2448 4180 exaravit
2475 4127 2670 4197 (Epist.
2721 4127 2840 4192 104,
2871 4141 2930 4182 η.
2968 4124 3048 4195 1);
3087 4125 3180 4179 cui
3217 4141 3320 4196 per
3354 4130 3537 4180 totum
3579 4126 3718 4180 illud
3756 4132 3901 4181 tem-

2193 4214 2352 4285 poris
2382 4214 2632 4284 spatium
2662 4230 2777 4268 non
2804 4214 3097 4284 respondit
3125 4214 3438 4268 Nectarius.
3471 4214 3634 4279 Quod
3662 4214 3898 4286 quidem

2195 4301 2330 4356 satis
2350 4302 2642 4357 commode
2656 4302 2717 4356 in
2737 4318 2952 4357 annum
2979 4302 3614 4374 quadringentesimum
3635 4309 3899 4359 octavum

2195 4390 2465 4461 quadrat;
2502 4406 2616 4460 quo
2646 4395 2926 4461 tempore,
2957 4397 3024 4446 ut
3068 4391 3406 4459 videbimus,
3452 4393 3624 4462 vulgo
3662 4396 3897 4446 conten-

2194 4477 2406 4533 debant
2433 4478 2937 4550 divulgabantque,
2969 4480 3126 4551 leges
3155 4496 3283 4550 quae
3309 4479 3549 4535 ﬂorente
3581 4481 3895 4537 Stilichone

2195 4566 2342 4621 datas
2374 4566 2619 4633 fuerant,
2653 4566 2723 4621 ab
2756 4567 2878 4638 ejus
2908 4584 3045 4622 nece
3073 4585 3201 4639 qua:
3232 4569 3339 4623 hoc
3368 4585 3519 4625 anno
3560 4558 3756 4624 mense
3786 4587 3896 4624 au-

2192 4657 2357 4724 gusto
2400 4652 2662 4724 contigit,
2694 4653 2868 4708 fuisse
2909 4654 3252 4727 antiquatas.
3300 4657 3662 4727 Quapropter
3696 4657 3894 4711 Necta-

2191 4741 2309 4795 rius
2351 4745 2508 4795 ratus
2551 4743 2808 4809 fortasse,
2858 4747 2981 4797 tum
3038 4760 3162 4797 eam
3214 4744 3285 4798 ob
3342 4761 3592 4812 causam,
3644 4749 3765 4799 tun:
3824 4746 3898 4800 ob

2188 4829 2384 4884 turbas
2414 4829 2520 4884 hoc
2557 4829 2683 4900 ipso
2726 4836 2983 4901 tempore
3025 4838 3270 4900 exortes,
3318 4833 3577 4887 futurum
3621 4839 3683 4887 ut
3732 4834 3894 4890 Cala-

2188 4918 2402 4973 mensis
2461 4920 2742 4974 tumultus
2798 4919 3100 4989 excideret,
3151 4922 3469 4992 Augustino
3527 4922 3739 4977 instare
3795 4939 3892 4977 su-

2188 5006 2458 5078 persedit.

2257 5098 2308 5149 5.
2339 5096 2469 5149 Erat
2505 5095 2690 5150 adhuc
2727 5096 2789 5150 in
2832 5096 3020 5151 Africa
3062 5098 3368 5166 Possidius,
3414 5114 3547 5153 cum
3587 5097 3660 5153 ad
3688 5099 3891 5153 Necta-

3257 5204 3270 5242 :
3312 5192 3370 5242 at
3408 5191 3608 5258 postea
3648 5188 3892 5258 trajecta

2185 5270 2330 5324 mari
2358 5271 2428 5325 ad
2456 5270 2816 5342 imperialem
2856 5273 3047 5327 aulam
3078 5290 3137 5330 se
3168 5275 3428 5344 contulit,
3461 5290 3693 5329 causam
3726 5292 3894 5332 suam

370 5350 527 5421 juria
562 5351 912 5417 metuebant,
945 5368 1019 5405 ne
1061 5369 1168 5423 pro
1212 5356 1372 5407 tanto
1413 5355 1622 5408 scelere
1662 5372 1859 5425 poenas
1901 5375 2075 5430 quam
2183 5362 2381 5413 contra
2449 5360 2806 5415 Calamenses
2869 5360 3196 5416 idololatras
3275 5368 3527 5429 acturus,
3593 5378 3737 5433 quos
3802 5379 3896 5419 ve-

376 5438 738 5508 gravissimas
766 5439 1178 5505 darent,verum
1205 5442 1369 5494 etiam
1392 5457 1495 5510 pro
1534 5444 1864 5511 inquirenda
1899 5448 2075 5501 salute
2180 5446 2302 5501 rius
2331 5448 2694 5519 sanctiusque
2729 5448 3023 5519 diligebat,
3064 5467 3238 5521 quam
3281 5451 3381 5522 qui
3426 5465 3626 5505 eorum
3668 5450 3893 5505 crimen

370 5531 653 5595 perpetua.
685 5526 864 5583 Multa
890 5542 926 5583 α
961 5528 1116 5584 nobis
1156 5528 1470 5598 audierunt,
1502 5531 1731 5588 multum
1770 5535 1934 5589 etiam
1961 5538 2076 5604 ipsi
2182 5535 2533 5607 impunitum
2562 5552 2684 5592 esse
2711 5538 3038 5592 voluissent.
3073 5540 3447 5603 Quandonam
3468 5539 3614 5594 illud
3636 5540 3749 5593 iter
3770 5556 3893 5595 sus-
