4062 6368
153 314 269 363 ὀῖὃ

150 433 425 502 ceperit,
460 449 578 488 non
617 435 957 505 reperimus.
999 437 1402 492 Verumtamen
1446 455 1575 493 cum
1620 441 1888 511 Augusti-

153 537 283 574 nus
335 526 502 575 sexto
553 522 829 576 kalendas
873 524 1094 594 aprilis,
1142 530 1336 579 utrum
1384 527 1480 580 ille
1532 528 1890 599 impetrasset

153 609 529 681 quidquam,
563 613 818 664 nondum
867 612 1254 683 comperisset,
1304 615 1460 668 credi
1498 632 1612 670 non
1643 617 1886 671 absurde

151 701 393 766 potest,
425 699 655 752 nonnisi
683 699 792 752 hoc
820 705 1078 754 vertente
1109 717 1281 766 anno,
1314 703 1400 755 vel
1423 702 1596 758 etiam
1625 707 1888 774 sequenti

148 785 424 841 ineunte
455 787 768 857 profectum
801 804 944 842 esse.
976 790 1042 842 Et
1063 789 1247 860 reipsa
1275 807 1402 861 quae
1431 808 1534 861 per
1566 793 1884 847 Possidium

149 874 400 944 ipsum,
443 881 542 930 aut
586 893 722 930 sane
751 877 903 930 haud
935 879 1114 931 multo
1155 887 1280 948 post
1320 880 1442 949 ejus
1473 881 1885 950 profectionem

151 962 356 1017 missa
425 968 510 1018 est
562 965 629 1017 ad
678 965 980 1019 Paulinum
1023 966 1260 1036 epistola
1309 968 1509 1036 (Epist.
1556 972 1642 1034 95,
1700 986 1756 1022 η.
1809 973 1880 1039 1),

153 1053 292 1106 hinc
341 1068 452 1123 per
490 1052 759 1114 hiemem.
805 1070 977 1124 quam
1006 1055 1355 1124 Augustinus
1387 1056 1726 1126 Carthagine
1769 1062 1883 1110 tra-

157 1140 342 1194 duxit
396 1142 598 1210 (Epist.
645 1145 765 1208 121,
815 1158 869 1195 η.
925 1144 1038 1210 14),
1070 1143 1280 1213 scripta
1311 1148 1411 1198 est.
1450 1145 1525 1198 Ea
1554 1161 1724 1214 porro
1755 1145 1879 1214 epi-

153 1227 314 1281 stola
372 1227 459 1282 illi
502 1229 829 1298 respondet,
875 1246 1049 1300 quam
1092 1231 1163 1284 ad
1203 1248 1260 1284 se
1310 1248 1342 1284 a
1395 1233 1634 1286 Paulino
1694 1233 1881 1288 idibus

154 1315 343 1369 maiis
375 1317 568 1370 datam
597 1317 872 1371 diaconus
901 1318 1141 1382 Quintus
1173 1319 1472 1386 detulerat,
1505 1321 1878 1390 quemadmo-

150 1405 304 1458 dum
344 1419 420 1458 ex
466 1404 604 1476 ipsis
633 1406 890 1475 ejusdem
923 1406 1146 1460 Paulini
1178 1406 1361 1460 verbis
1390 1407 1450 1460 iu
1481 1423 1547 1460 ea
1576 1407 1761 1461 citatis
1792 1409 1876 1462 in-

149 1492 433 1561 telligere
481 1498 584 1546 est.
619 1495 683 1546 In
709 1493 906 1548 eadem
938 1511 1055 1548 non
1099 1494 1219 1547 sine
1246 1495 1457 1548 doloris
1487 1512 1654 1548 sensu
1685 1512 1876 1549 neces-

150 1581 423 1645 sitatem,
483 1597 595 1650 qua
661 1580 950 1635 Possidius
1014 1581 1072 1634 in
1142 1581 1360 1635 Italiam
1417 1583 1873 1652 pertrahebatur,

153 1668 422 1735 indicat;
474 1686 578 1723 nec
618 1674 809 1722 tamen
850 1669 1015 1722 aliter
1054 1669 1341 1738 exprimit,
1389 1686 1561 1740 quam
1611 1671 1872 1738 dicendo,

150 1756 542 1811 inﬁrmorum
583 1757 793 1810 servire
825 1758 1216 1826 languoribus,
1251 1773 1383 1810 eum
1413 1763 1572 1812 tanto
1601 1757 1874 1828 imperio-

153 1845 281 1899 sius
313 1845 474 1915 cqgi,
502 1849 716 1915 quanto
739 1845 1112 1915 periculosius
1134 1851 1436 1915 mgrotant.
1460 1849 1726 1900 Attamen
1748 1862 1877 1916 pro-

150 1935 366 1987 ﬁtetur
426 1933 536 1987 sibi
603 1933 804 1987 solatio
858 1950 979 1986 esse
1038 1933 1295 1987 lmtitiam
1343 1933 1521 2000 illam,
1581 1951 1753 2004 quam
1807 1950 1874 1987 ex

152 2021 397 2076 Paulini
429 2027 732 2090 conspectu
764 2021 915 2091 capit
952 2021 1265 2075 Possidius.
1309 2023 1381 2075 Ex
1409 2039 1475 2076 eo
1505 2023 1628 2075 loco
1658 2022 1872 2075 intelli-

151 2127 372 2179 gamus
397 2109 552 2173 licet,
577 2125 689 2180 quo
719 2109 911 2162 animo
934 2115 1050 2163 tam
1074 2110 1402 2180 frequenter
1431 2111 1500 2163 ad
1527 2110 1872 2164 Comitatum

153 2199 348 2252 sancti
380 2197 469 2252 illi
508 2197 756 2252 Africani
792 2197 1070 2250 antistites
1115 2197 1637 2266 proﬁciscebantur.
1686 2199 1873 2250 Testa-

155 2292 254 2339 tur
285 2287 511 2340 ibidem
556 2285 924 2355 Augustinus,
958 2301 1015 2338 se
1045 2285 1208 2338 facile
1240 2286 1358 2338 solo
1387 2285 1613 2338 vivendi
1650 2285 1873 2338 Paulini

153 2374 456 2429 desiderio
511 2374 580 2426 ad
640 2372 1029 2443 navigandum
1075 2372 1135 2426 in
1178 2372 1398 2426 Italiam
1443 2371 1740 2426 inductum
1778 2373 1868 2437 iri,

154 2463 220 2517 ni
266 2461 536 2516 muneris
579 2461 667 2514 sui
715 2461 918 2514 ofﬁciis
961 2460 1332 2514 detineretur.
1379 2461 1522 2514 Dum
1571 2465 1762 2514 autem
1803 2461 1872 2515 de

155 2551 363 2616 rebus,
417 2567 546 2620 quae
579 2549 895 2603 Possidium
925 2548 995 2600 ad
1028 2547 1437 2617 profectionem
1469 2548 1722 2601 Italicam
1761 2547 1870 2601 im-

157 2637 485 2707 pellebant,
539 2636 793 2706 loquitur
839 2651 852 2688 :
903 2637 1090 2688 Utrum
1137 2651 1478 2688 exerceamur
1525 2636 1631 2700 his,
1664 2635 1868 2705 inquit,

155 2741 231 2778 an
277 2727 476 2793 potius
517 2726 838 2793 plectamur,
879 2726 1080 2788 nescio;
1131 2725 1240 2776 nisi
1278 2723 1422 2791 quod
1450 2739 1554 2776 non
1583 2725 1872 2777 secundum

152 2819 391 2881 peccata
421 2817 608 2866 nostra
638 2813 778 2877 facit
822 2812 996 2874 nobis,
1027 2826 1195 2878 neque
1224 2811 1511 2864 secundum
1556 2813 1870 2878 iniquitates

157 2906 384 2953 nostras
409 2900 660 2953 retribuit
679 2900 850 2963 nobis,
874 2901 971 2967 qui
983 2903 1137 2952 tanta
1157 2900 1354 2951 solatia
1375 2898 1645 2951 doloribus
1667 2901 1867 2962 miscet,

158 2991 391 3057 agitque
421 2989 664 3042 mirabili
692 2987 978 3050 medic-ina,
1011 3004 1076 3040 ne
1105 3001 1341 3042 amemus
1370 2986 1648 3054 mundum,
1681 3001 1745 3040 ne
1782 2987 1870 3038 de-

159 3079 421 3146 ﬁciamus
451 3078 509 3130 in
536 3075 735 3130 mundo
765 3077 966 3143 (Epist.
997 3080 1088 3141 95,
1115 3091 1170 3128 n.
1209 3075 1274 3139 l).

236 3169 290 3219 6.
310 3164 530 3219 Deinde
550 3163 752 3218 litteris
773 3163 994 3218 Paulini
1013 3163 1318 3232 respondet
1334 3162 1519 3232 (Ibid.,
1540 3178 1595 3216 η.
1611 3164 1643 3214 2
1659 3164 1833 3231 seqq.)
1852 3177 1865 3215 :

162 3270 422 3324 cumque
453 3252 604 3306 idem
655 3257 883 3307 sanctus
921 3252 1172 3317 dixisset,
1205 3252 1378 3304 satius
1407 3267 1526 3304 esse
1558 3267 1671 3320 quo
1702 3256 1867 3320 pacto

162 3340 259 3393 hic
292 3341 481 3394 vivere
507 3340 721 3406 deceat,
740 3356 911 3410 quam
937 3340 1064 3409 quis
1095 3344 1286 3393 noster
1311 3339 1538 3392 futurus
1557 3338 1629 3392 sit
1648 3338 1708 3392 in
1730 3339 1869 3392 cwlo

164 3433 352 3481 status
365 3469 377 3487 .
408 3428 734 3500 inquirere;
758 3429 904 3482 hanc
923 3428 1275 3497 Augustinus
1295 3427 1497 3498 arripit
1516 3426 1867 3480 occasionem

161 3517 569 3588 proponenda
618 3516 969 3586 quaestionis,
1020 3517 1171 3570 haud
1214 3515 1371 3581 levis,
1406 3519 1467 3569 ut
1495 3515 1606 3585 ipsi
1634 3514 1868 3586 quidem

163 3605 496 3669 videbatur,
527 3604 824 3672 momenti,
855 3621 965 3675 qua
988 3604 1199 3657 scilicet
1227 3603 1446 3657 ratione
1473 3603 1774 3656 vivendum
1800 3603 1870 3656 sit

165 3693 321 3747 inter
351 3709 449 3747 eos
477 3709 541 3746 ac
571 3698 808 3763 propter
844 3709 960 3758 eos,
991 3693 1090 3762 qui
1119 3693 1374 3746 nondum
1401 3708 1435 3745 a
1470 3691 1869 3760 cupiditatibus

166 3781 350 3836 soluti
381 3782 494 3835 sint
537 3786 594 3835 et
639 3780 806 3834 liberi
839 3797 851 3834 :
899 3786 1068 3851 atque
1107 3779 1239 3833 hinc
1267 3779 1444 3833 animi
1471 3778 1558 3832 sui
1588 3779 1645 3832 in
1676 3779 1868 3832 multis

165 3871 302 3924 vita:
360 3869 562 3924 officiis
606 3869 1068 3933 sollicitudinem,
1117 3867 1460 3922 anxietatem
1503 3883 1566 3920 ac
1604 3865 1868 3920 timorem

166 3958 484 4027 professus,
527 3961 692 4026 rogat
739 3960 803 4009 ut
845 3973 912 4009 ea
949 3956 1019 4009 de
1063 3972 1122 4009 re
1169 3954 1552 4010 communicet
1580 3970 1708 4008 cum
1747 3953 1868 4007 viro

164 4045 450 4117 quopiam
488 4060 616 4097 vere
661 4043 774 4113 pio,
803 4060 900 4096 seu
933 4048 1248 4108 mansueto,
1288 4048 1352 4096 ut
1380 4041 1654 4112 loquitur,
1686 4041 1871 4095 cordis

165 4133 420 4195 medico,
453 4148 625 4204 quem
650 4135 748 4184 aut
775 4132 926 4185 Nolae
950 4131 1051 4185 ubi
1073 4131 1247 4201 degit,
1280 4135 1381 4184 aut
1402 4132 1598 4184 Romae
1621 4146 1732 4200 quo
1761 4129 1869 4183 sin-

167 4221 326 4294 gulis
356 4220 518 4274 aunis
559 4219 762 4290 pergit,
796 4219 1100 4290 repererit;
1148 4218 1419 4289 quodque
1457 4218 1567 4289 ipsi
1603 4217 1871 4271 Dominus

169 4309 490 4380 aperuerit,
542 4308 749 4361 scribat
793 4307 918 4362 sibi.
962 4309 1163 4361 Postea
1192 4322 1322 4360 vero
1353 4306 1636 4362 delabitur
1665 4305 1736 4358 ad
1767 4309 1873 4358 sta-

171 4404 299 4452 tum
330 4395 780 4459 resurrectionis,
806 4395 865 4448 in
886 4395 954 4448 iis
983 4394 1223 4448 maxime
1254 4410 1383 4465 quae
1412 4394 1481 4448 ad
1514 4409 1719 4463 corpus
1749 4410 1873 4463 per-

171 4486 381 4539 tinent.
428 4488 612 4555 Atque
641 4482 814 4537 etiam
845 4481 1221 4554 quasstionem
1259 4482 1456 4551 agitat,
1488 4497 1628 4534 num
1673 4481 1874 4550 Angeli

174 4573 430 4627 habeant
449 4587 687 4644 corpora
707 4573 824 4624 suis
851 4569 1053 4625 ofﬁciis
1074 4569 1525 4634 accommodata;
1549 4569 1701 4639 quod
1725 4571 1870 4622 Pau-

177 4661 332 4714 linus
381 4677 476 4714 eos
515 4677 636 4714 esse
686 4663 972 4713 creaturas
1010 4657 1345 4728 simpliciter
1373 4657 1718 4726 spirituales,
1747 4660 1868 4710 tan-

180 4765 360 4820 quam
395 4765 518 4802 rem
547 4753 761 4802 certam
791 4747 1090 4818 posuisset.
1141 4747 1278 4801 Orat
1322 4745 1520 4815 igitur,
1567 4749 1633 4798 ut
1677 4745 1874 4798 beatus

180 4837 278 4891 ille
307 4837 394 4890 vir
418 4836 524 4890 sibi
553 4841 675 4890 tum
709 4852 775 4888 ea
805 4835 874 4889 de
905 4851 986 4900 re,
1018 4839 1140 4887 tum
1170 4833 1238 4887 de
1266 4832 1376 4886 alio
1403 4832 1586 4902 capite
1617 4832 1676 4884 in
1706 4847 1872 4901 supe-

182 4925 317 4979 riori
362 4941 463 4979 sua
501 4924 743 4995 epistola
787 4923 933 4977 circa
961 4921 1333 4976 christianum
1371 4921 1550 4974 otium
1581 4920 1654 4973 ad
1681 4935 1874 4989 capes-

183 5014 418 5068 sendam
451 5011 787 5081 sapientiam
820 5010 1110 5081 proposito
1142 5009 1446 5064 satisfaciat
1474 5025 1486 5062 :
1521 5007 1874 5079 quandoqui-

187 5099 320 5154 dem
352 5099 589 5154 Paulino
610 5115 712 5168 per
727 5103 1076 5152 maturatum
1097 5097 1294 5162 Quinti
1315 5097 1565 5150 reditum
1583 5097 1652 5150 ad
1682 5096 1877 5150 omnia

187 5187 528 5256 respondere
569 5184 902 5253 neutiquam
944 5184 1195 5238 licuerat.
1243 5186 1456 5238 Putant
1492 5183 1638 5238 hanc
1695 5183 1876 5253 ipsam

186 5289 306 5328 esse
358 5275 427 5328 de
476 5273 661 5327 forma
707 5272 1135 5326 resurrectionis
1178 5273 1480 5342 epistolam
1521 5271 1720 5340 (Epist.
1756 5273 1874 5338 l2l,

187 5377 242 5416 η.
287 5364 390 5432 14),
433 5378 604 5432 quam
652 5361 722 5414 ad
771 5361 1077 5414 secundam
1135 5360 1356 5414 Paulini
1403 5360 1876 5414 consultationem

192 5449 553 5519 rescripserat
581 5446 952 5516 Augustinus,
987 5447 1045 5499 in
1087 5464 1198 5516 qua
1230 5452 1566 5500 tractaverat
1593 5448 1661 5500 de
1694 5463 1878 5500 mem-

197 5536 427 5592 brorum
459 5553 593 5602 usu;
627 5541 682 5590 et
721 5551 896 5606 quam
927 5535 1034 5589 sibi
1063 5535 1270 5588 iterum
1305 5540 1364 5589 ut
1395 5535 1605 5602 mittat,
1637 5535 1782 5605 petit
1811 5536 1880 5588 ab

1682 321 1887 375 LIBER
1926 320 2190 376 SEXTUS.

3591 341 3693 392 374

1997 442 2199 495 eodem
2231 442 2503 497 Paulinus
2543 461 2557 498 :
2605 448 2863 515 quamvis
2901 463 3027 501 eam
3056 449 3285 504 brevem
3316 453 3487 506 fuisse
3515 455 3692 524 signi-

1998 529 2127 582 ﬁcet
2162 529 2369 598 (Epist.
2405 535 2492 596 95,
2525 549 2578 586 η.
2616 537 2680 601 7;
2714 537 2889 603 Epist.
2929 537 3046 602 149,
3079 552 3135 590 η.
3161 541 3234 600 2).
3277 539 3495 610 Quippe
3534 541 3693 596 illam

1999 633 2114 670 non
2157 617 2322 670 aliter
2366 618 2599 672 brevem
2641 620 2710 674 ab
2751 638 2816 674 eo
2848 621 2958 675 dici
2989 624 3354 678 manifestum
3387 630 3488 691 est,
3520 644 3691 697 quam

1995 710 2317 776 comparate
2351 707 2420 760 ad
2469 723 2535 760 ea
2565 709 2772 778 scripta
2817 726 2944 780 qua:
2986 711 3164 765 libros
3193 713 3521 768 conficiunt.
3558 717 3690 768 Bre-

1996 809 2120 846 vem
2151 809 2404 864 quoque,
2450 811 2554 865 pro
2602 799 2881 866 dogmatis
2911 798 3045 853 ﬁdei
3075 799 3283 869 quibus
3311 805 3433 855 erat
3462 803 3687 871 referta,

1997 880 2182 933 dicere
2205 880 2357 934 haud
2385 881 2556 935 dubie
2586 882 2814 938 licebat.

2062 972 2117 1022 7.
2153 969 2308 1022 Inter
2339 969 2574 1023 antistes
2613 972 2930 1041 Augustino
2962 973 3277 1029 litterarum
3320 977 3520 1032 ofﬁciis
3553 997 3692 1035 con-

1987 1055 2377 1125 junctissimos
2407 1063 2528 1111 erat
2555 1059 2786 1124 Memor,
2821 1077 2919 1114 seu
2945 1061 3267 1130 Memorius,
3297 1065 3508 1120 Iuliani
3537 1068 3690 1122 illius

1991 1150 2173 1213 pater,
2226 1146 2324 1216 qui
2366 1152 2562 1215 postea
2609 1148 2669 1201 in
2713 1150 3153 1218 Pelagianorum
3185 1153 3448 1209 haeresim
3479 1157 3688 1212 misere

1989 1234 2285 1303 prolapsus
2333 1239 2418 1287 cst
2467 1237 2689 1301 (Contra
2729 1239 3032 1304 Julianum,
3076 1241 3171 1293 lib.
3220 1246 3270 1310 1,
3305 1259 3360 1297 n.
3421 1247 3516 1304 12).
3577 1247 3685 1300 Sed

1991 1319 2183 1374 infelix
2210 1320 2314 1374 lilii
2346 1338 2507 1374 casus
2539 1338 2901 1393 nequaquam
2945 1326 3356 1394 impedimento
3385 1331 3511 1397 fuit,
3544 1349 3683 1402 quo-

1988 1406 2180 1460 minus
2229 1408 2349 1476 ejus
2396 1414 2663 1478 parentes
2694 1415 2968 1480 tanquam
3000 1415 3305 1469 catholicos
3347 1418 3685 1474 christianos

1988 1509 2214 1563 semper
2242 1495 2602 1550 honorabiles
2632 1500 2987 1576 Augustinus
3003 1502 3285 1568 habuerit,
3305 1509 3681 1576 reputaverit-

1987 1595 2098 1649 que
2129 1580 2187 1634 in
2218 1582 2322 1635 hoc
2355 1573 2879 1657 fortunatos-quod
2912 1595 3043 1644 ante
3075 1591 3326 1646 defuncti
3356 1573 3486 1660 sint,
3511 1613 3684 1666 quam

1985 1668 2318 1723 hazreticum
2361 1671 2545 1725 tilium
2598 1673 2855 1729 viderent
2897 1679 3106 1746 (Operis
3144 1682 3446 1749 imperfecti
3491 1685 3582 1736 lib.
3632 1689 3680 1746 1,

1984 1771 2102 1824 cap.
2156 1759 2264 1824 68).
2300 1759 2515 1813 Memor
2561 1761 2739 1831 igitur
2766 1763 2982 1816 litteras
3012 1767 3081 1819 ad
3122 1769 3502 1836 Augustinum
3544 1771 3680 1824 scri-

1984 1849 2176 1913 pserat
2218 1846 2426 1898 amoris
2467 1847 2629 1914 juxta
2669 1853 2726 1900 et
2764 1849 2998 1903 honoris
3027 1852 3246 1920 plenas,
3278 1861 3474 1922 petens
3503 1856 3680 1910 libros

1983 1931 2055 1984 ab
2083 1947 2152 1984 eo
2182 1933 2525 2002 compositos
2558 1935 2626 1987 de
2658 1935 2865 1988 Musica
2896 1937 3092 2005 (Epist.
3133 1941 3273 2010 101).
3306 1943 3416 1995 Hos
3446 1945 3683 2014 castiga-

1984 2023 2180 2072 turum
2225 2036 2305 2086 se,
2352 2036 2577 2074 necnon
2613 2021 2699 2074 illi
2731 2022 3062 2090 missurum,
3094 2033 3320 2081 sanctus
3350 2031 3556 2084 Doctor
3585 2048 3676 2087 re-

1983 2110 2236 2176 ceperat.
2272 2107 2380 2161 Sed
2411 2123 2540 2162 cum
2571 2114 2718 2163 esset
2755 2111 2997 2179 negotiis
3039 2112 3509 2184 districtissimus,
3563 2135 3679 2172 non

1983 2195 2172 2248 solum
2219 2194 2273 2249 ei
2322 2212 2435 2249 non
2475 2197 2690 2251 vacavit
2728 2197 2861 2251 huic
2890 2201 3278 2256 emendationi
3319 2204 3674 2272 incumbere;

1984 2283 2080 2337 sed
2127 2299 2231 2338 nec
2272 2285 2398 2338 illos
2447 2285 2701 2355 quidem,
2744 2287 2943 2342 saltem
2987 2291 3241 2362 quinque
3290 2294 3523 2362 primos,
3569 2296 3677 2350 nisi

1984 2387 2134 2441 aegre
2163 2371 2413 2441 reperire
2439 2373 2625 2442 potuit
2650 2389 2664 2427 :
2693 2375 2831 2428 adeo
2855 2377 3100 2446 spatium
3127 2379 3460 2451 indulgendi
3484 2384 3677 2453 hujus-

1982 2458 2141 2512 modi
2179 2460 2622 2515 relaxationibus
2671 2462 2722 2515 ei
2769 2479 2886 2517 sua:
2939 2467 3342 2536 occupationes
3370 2473 3672 2540 negabant.

1983 2549 2123 2602 Cum
2167 2552 2360 2602 tamen
2411 2549 2729 2604 Possidium
2774 2553 2836 2606 in
2885 2569 3010 2607 eam
3063 2557 3354 2626 regionem
3395 2561 3676 2630 proﬁcisci

1981 2636 2176 2702 nollet,
2208 2636 2349 2706 quin
2378 2637 2542 2691 illum
2566 2638 2626 2691 in
2657 2640 3041 2710 cognitionem
3073 2645 3336 2698 Memoris
3357 2646 3673 2714 induceret,

1982 2723 2215 2776 abeunti
2241 2729 2464 2778 sextum
2494 2725 2702 2780 librum
2734 2727 2843 2796 ipsi
2873 2728 3246 2785 deferendum
3277 2734 3543 2800 tradidit;
3573 2734 3672 2788 ad-

1975 2810 2112 2880 jecit
2140 2827 2368 2881 quoque
2396 2812 2715 2881 epistolam,
2740 2814 2800 2867 in
2822 2830 2934 2884 qua
2965 2819 3243 2871 nonnulla
3269 2819 3337 2873 de
3363 2820 3674 2890 disciplinis

1981 2899 2260 2963 edisserit,
2293 2915 2421 2969 quae
2440 2901 2579 2953 falso
2611 2902 2970 2972 plerumque,
2995 2920 3123 2956 cum
3148 2906 3292 2959 absit
3319 2924 3449 2960 vera
3470 2910 3670 2976 pictas,

1979 2987 2240 3040 liberales
2269 2987 2589 3040 vocitantur
2616 3004 2629 3041 :
2667 3005 2730 3041 ac
2759 2990 3064 3043 Memorem
3089 2997 3269 3060 rogat,
3301 2998 3364 3046 ut
3393 2994 3462 3047 ad
3494 3011 3552 3047 se
3581 2997 3673 3049 Ju-

1980 3073 2196 3128 lianum
2237 3073 2420 3128 ﬁlium
2449 3079 2583 3128 tunc
2613 3075 2918 3130 diaconum
2947 3078 3138 3132 mittat
3166 3095 3359 3133 secum
3388 3082 3669 3151 tantisper

1978 3167 2480 3217 commoraturum.
2513 3163 2836 3218 Sciscitatus
2875 3166 2945 3220 ab
2975 3182 3040 3219 eo
3067 3167 3251 3221 fuerat
3280 3169 3511 3235 Memor,
3543 3171 3672 3240 qui-

1975 3251 2220 3305 busnam
2249 3251 2502 3306 numeris
2530 3253 2904 3307 consisterent
2945 3254 3190 3309 Davidici
3227 3272 3424 3310 versus
3459 3274 3472 3310 :
3509 3258 3670 3328 inge-

1978 3354 2090 3392 nue
2119 3339 2327 3392 fatetur
2351 3338 2405 3392 id
2440 3339 2546 3392 sibi
2566 3339 2830 3409 ignotum
2851 3356 2992 3407 esse,
3014 3347 3210 3412 utpote
3239 3343 3490 3398 hebraici
3521 3344 3668 3398 idio-

1978 3427 2147 3480 matis
2176 3427 2472 3498 imperito;
2523 3427 2631 3481 sibi
2669 3432 2860 3482 tamen
2887 3429 2958 3482 ab
2989 3430 3223 3499 hujusce
3253 3430 3463 3501 linguae
3493 3431 3694 3493 doctis,

1979 3514 2350 3581 afﬁrmatum,
2385 3514 2513 3569 illos
2543 3516 2779 3570 omnino
2809 3517 2977 3570 certis
3004 3518 3258 3572 numeris
3284 3524 3558 3574 constare.

2648 3604 2870 3659 CAPUT
2908 3607 2996 3660 VI.

1983 3694 2002 3743 1
2039 3692 2101 3744 In
2129 3691 2441 3744 Stilichonis
2473 3693 2848 3746 auctoritatem
2876 3694 3112 3748 succedit
3143 3695 3443 3764 Olympius.
3477 3698 3506 3749 2
3537 3698 3672 3750 Huic

2048 3779 2107 3830 in
2170 3779 2444 3842 Boni/acii
2510 3778 2865 3847 Cataquensis
2914 3783 3153 3849 episcopi
3194 3785 3402 3849 negotio
3461 3782 3671 3837 litteras

2049 3867 2220 3918 mittit
2247 3865 2606 3931 Augustinus.
2640 3869 2670 3919 3
2701 3868 2978 3933 Boni/acii
3003 3870 3242 3937 episcopi
3263 3872 3577 3936 quaestiones
3603 3872 3671 3924 ab

2052 3953 2356 4018 Augustino
2395 3957 2756 4021 exponuntur.
2796 3956 2830 4008 4
2869 3956 2995 4008 Post
3037 3956 3349 4010 Stilichonis
3391 3973 3565 4011 necem
3593 3963 3674 4012 tu-

2050 4039 2440 4094 multuantibus
2473 4041 2717 4094 Ethnicis
2755 4045 2805 4094 et
2850 4043 3124 4096 Hareticis
3172 4044 3524 4110 perturbatur
3567 4046 3671 4098 Ec-

2052 4130 2232 4182 clesia.
2278 4132 2308 4182 5
2356 4130 2514 4184 Novae
2556 4129 2613 4181 in
2655 4144 2738 4183 eos
2787 4130 2923 4197 leges
2963 4129 3031 4182 ab
3077 4131 3402 4199 Imperatore
3429 4131 3670 4185 obtentae.

2054 4219 2084 4269 6
2126 4219 2389 4270 Donatum
2419 4220 2574 4283 rogat
2604 4217 2963 4283 Augusti-nus,
2998 4221 3058 4270 ut
3103 4219 3341 4272 lenitatis
3368 4220 3676 4273 christiana:

2051 4319 2267 4370 memor,
2291 4306 2601 4358 Donatistas
2630 4306 2706 4358 sic
2738 4305 2872 4358 data
2895 4306 3002 4359 sibi
3027 4310 3289 4374 potestate
3333 4310 3584 4371 coerceat,
3615 4312 3676 4361 ut

2054 4407 2158 4445 non
2203 4392 2429 4445 occidat.
2475 4397 2504 4444 ’ἵ
2549 4393 2643 4447 Ad
2686 4395 2932 4448 Italicam
2973 4394 3038 4448 de
3074 4394 3306 4448 videndo
3354 4397 3456 4448 Deo
3503 4410 3564 4448 ac
3611 4395 3677 4448 de

2058 4479 2215 4534 Urbis
2245 4480 2517 4534 obsidione
2547 4481 2754 4534 scribit.

2058 4572 2104 4620 1.
2155 4567 2298 4622 Cum
2337 4568 2620 4622 Honorius
2665 4573 2916 4623 extremo
2969 4569 3118 4623 maio
3171 4571 3348 4624 Roma
3394 4569 3678 4639 profectus

1983 4658 2147 4721 esset,
2179 4660 2408 4725 accepta
2432 4655 2590 4726 prius
2619 4655 2678 4709 in
2707 4656 3138 4710 matrimonium
3171 4657 3540 4710 'I‘hermantia
3569 4657 3678 4711 Sti-

1983 4741 2226 4796 liclionis
2257 4745 2504 4796 secunda
2533 4743 2672 4811 lilia,
2705 4744 3192 4814 quemadmodum
3223 4759 3374 4797 anno
3406 4750 3681 4799 trecente-

1984 4830 2128 4882 simo
2171 4831 2540 4900 nonagesimo
2588 4836 2781 4884 octavo
2821 4831 3056 4885 Mariam
3085 4832 3205 4901 ejus
3241 4837 3372 4885 natu
3407 4835 3680 4903 majorem
3784 4887 3788 4890 .

1986 4918 2225 4972 duxerat
2256 4933 2270 4970 :
2303 4918 2401 4972 ubi
2427 4918 2687 4972 Ticinum
2707 4918 2988 4989 pervenit,
3011 4919 3346 4989 gravissima
3375 4926 3568 4974 coorta
3592 4936 3680 4974 se-

1987 5005 2204 5060 ditione
2233 5005 2439 5059 milites
2469 5006 2774 5076 prmcipuis
2805 5007 3037 5078 Imperii
3065 5007 3347 5078 praefectis
3377 5024 3574 5062 necem
3603 5011 3682 5061 at-

1986 5094 2169 5147 tulere
2202 5109 2216 5146 :
2249 5094 2410 5164 cujus
2440 5094 2673 5164 quidem
2706 5096 2984 5149 tumultus
3015 5096 3108 5149 hic
3148 5097 3334 5150 exitus
3373 5096 3501 5160 fuit,
3533 5099 3595 5148 ut
3622 5094 3681 5148 in

1987 5182 2216 5237 vincula
2244 5183 2620 5253 conjiceretur
2646 5183 2766 5254 ipse
2787 5184 3045 5250 Stilicho,
3070 5188 3126 5239 et
3150 5184 3430 5239 Ravennae
3461 5181 3680 5236 decimo

1989 5271 2261 5325 kalendas
2287 5271 2634 5341 septembres
2659 5271 2795 5326 anni
2826 5271 3373 5343 quadringentesimi
3402 5268 3579 5322 octavi
3592 5270 3684 5338 ju-

1991 5359 2304 5428 gularetur.
2337 5360 2665 5430 Olympium
2687 5359 2988 5415 Stilichoni
3009 5359 3244 5414 exitium
3276 5372 3511 5420 creasse,
3535 5371 3683 5409 com-

1991 5446 2182 5500 munis
2212 5451 2294 5500 est
2318 5448 2719 5502 historicorum
2749 5464 3080 5511 consensus,
3104 5461 3348 5516 quorum
3368 5444 3530 5496 illum
3553 5460 3698 5519 pro-I

1992 5540 2190 5605 ptcrea
2234 5535 2471 5590 laudant
2499 5536 2615 5602 alii,
2647 5535 2746 5590 alii
2783 5535 3072 5588 damnant.
3106 5531 3490 5587 Christianum
3520 5529 3684 5586 illum
