4062 6350
388 279 489 332 3³75

383 397 558 452 fuisse
587 395 762 450 tradit
789 394 1161 465 Augustinus,
1193 393 1293 463 qui
1331 397 1386 446 et
1423 392 1784 448 commendat
1812 393 1934 463 ejus
1961 392 2084 463 pie-

386 489 582 551 tatem,
635 499 876 554 eamque
921 498 1025 552 pro
1075 497 1208 534 vera
1249 497 1312 534 ac
1359 480 1539 535 solida
1567 481 1791 535 videtur
1819 481 2085 535 habuisse

387 575 586 642 (Epist.
624 575 712 636 96,
750 586 806 624 η.
844 574 864 624 1
901 575 951 623 et
977 571 1160 639 Epist.
1201 573 1289 636 97,
1327 585 1383 622 η.
1435 570 1506 639 1).
1557 572 1690 626 Erat
1727 569 1780 623 ei
1827 586 1958 624 cum
1984 570 2083 624 illo

385 659 704 714 litterarum
731 657 1082 712 consuetudo
1117 674 1129 710 :
1163 673 1336 728 quem
1363 657 1508 711 forte
1537 674 1602 712 ex
1631 657 1907 729 episcOpis
1936 657 2087 712 Afri-

385 748 558 814 canis,
599 747 698 818 qui
744 747 909 801 illum
957 746 1018 800 in
1060 746 1190 800 aula
1228 745 1508 811 viderant,
1559 750 1729 816 atque
1761 746 1831 800 ad
1859 761 2086 816 promo-

383 836 566 890 venda
595 839 787 889 sancta
817 849 1017 888 eorum
1050 833 1292 887 concilia
1320 850 1677 904 propensum
1707 834 1926 904 experti
1954 833 2084 888 fue-

384 928 532 990 rant,
582 923 874 993 cognitum
922 921 1186 976 habebat.
1237 921 1485 976 Zosimus
1529 922 1635 989 illi,
1679 923 1725 975 si
1765 938 1896 976 vere
1940 921 2084 974 chri-

385 1011 634 1067 stianum
648 1010 905 1080 putabat,
921 1009 1236 1064 necessario
1254 1009 1529 1077 infensus,
1550 1011 1740 1080 ipsum
1763 1010 2084 1064 christianze

384 1099 612 1170 pietatis
668 1097 866 1152 ofﬁciis
923 1097 1211 1152 assiduam
1273 1098 1493 1152 dedisse
1549 1113 1785 1168 operam
1841 1098 2080 1162 fatetur;

386 1187 645 1260 quamvis
674 1191 965 1240 externam
991 1186 1150 1240 illam
1168 1186 1416 1256 speciem
1429 1187 1733 1240 contendat
1758 1187 1810 1240 ei
1826 1202 2085 1256 personae

387 1279 510 1330 loco
537 1274 731 1341 fuisse,
764 1291 878 1344 qua
908 1278 965 1328 et
1009 1274 1322 1344 nequitiam
1346 1279 1566 1344 tegeret
1594 1290 1777 1342 suam,
1809 1279 1868 1329 et
1898 1275 2082 1344 Impe-

387 1362 592 1418 ratoris
616 1363 969 1415 voluntatem
997 1362 1066 1416 ad
1096 1377 1154 1416 se
1182 1362 1500 1432 pelliceret.
1537 1363 1694 1416 Idem
1726 1363 1918 1429 tradit,
1951 1379 2083 1416 eum

387 1450 562 1505 veluti
592 1450 841 1520 quodam
873 1449 1166 1519 religionis
1205 1449 1391 1504 ofﬁcio
1419 1454 1667 1520 aegrotos
1697 1450 1907 1504 milites
1937 1450 2082 1505 invi-

389 1554 510 1593 sere
537 1538 786 1592 solitum.
820 1537 992 1592 Addit
1031 1543 1335 1607 praeterea,
1363 1533 1688 1593 Honorium
1725 1554 1826 1609 per
1857 1537 2085 1608 Imperii

390 1627 627 1682 discidia
654 1627 712 1680 in
737 1626 1002 1696 precibus
1032 1626 1194 1680 istius
1223 1627 1472 1698 Olympii
1495 1627 1763 1682 ﬁduciam
1789 1643 1950 1680 suam
1981 1627 2086 1680 col-

387 1716 596 1768 locasse
627 1714 907 1784 (Zosimus,
946 1717 1200 1769 Historia:
1238 1716 1372 1769 libro
1403 1716 1477 1785 5).
1513 1715 1745 1770 Vivente
1774 1715 2084 1770 Stilichone

381 1803 503 1873 jam
530 1806 652 1855 tum
675 1801 1054 1870 amplissimos
1073 1801 1317 1856 honores
1346 1802 1586 1872 adeptus
1613 1807 1762 1868 erat;
1796 1819 1862 1856 eo
1893 1806 2085 1856 autem

387 1905 530 1943 caeso
579 1888 838 1958 magistri
877 1888 1217 1956 ofﬁciorum,
1249 1905 1423 1961 quem
1453 1890 1551 1944 alii
1579 1891 1857 1961 majorem
1886 1890 2085 1961 palatii

387 1981 604 2040 vocant,
637 1977 974 2048 dignitatem
1015 1977 1290 2039 obtinuit;
1329 1995 1392 2032 ac
1421 1978 1656 2032 tandem
1693 1978 1918 2049 primus
1969 1978 2083 2032 mi-

387 2065 564 2118 nister
593 2067 648 2117 et
666 2081 859 2119 rerum
887 2065 1201 2118 aulicarum
1231 2065 1442 2120 arbiter
1471 2070 1555 2120 est
1583 2067 1944 2121 constitutus.
1974 2069 2085 2121 Au-

385 2153 645 2224 gustinus
665 2169 797 2206 eum
821 2153 927 2207 hoc
945 2153 1162 2207 honore
1186 2153 1425 2224 dignum
1447 2153 1751 2208 arbitratus
1783 2160 1866 2209 est
1886 2171 1897 2209 :
1923 2171 2084 2209 cum-

387 2257 497 2312 que
529 2257 644 2294 non
673 2240 962 2311 ignoraret
991 2241 1260 2295 divinitus
1290 2241 1481 2310 ipsum
1514 2241 1794 2307 didicisse,
1827 2259 1941 2297 non
1971 2244 2086 2297 alta

389 2344 606 2398 sapere,
653 2329 749 2381 sed
792 2327 1106 2381 humilibus
1149 2328 1472 2382 cinsentire
1514 2331 1710 2397 (Epist.
1759 2333 1848 2396 96,
1896 2346 1951 2384 η.
2013 2330 2083 2401 1),

389 2416 626 2469 minime
657 2415 938 2470 dubitavit
982 2415 1123 2486 quin
1153 2416 1458 2486 temporali
1499 2417 1768 2470 felicitate
1800 2417 2086 2488 sapienter

388 2504 459 2557 ad
490 2509 702 2557 aeterna
726 2503 1107 2574 comparanda
1135 2504 1338 2557 merita
1361 2507 1644 2569 uteretur;
1669 2508 1746 2572 et,
1769 2520 1900 2558 cum
1921 2521 1937 2556 \
1955 2521 2085 2558 erus

393 2596 540 2644 esset
569 2590 825 2645 Ecclesiae
857 2591 1030 2660 ﬁlius,
1079 2591 1131 2644 ei
1163 2607 1326 2644 suam
1355 2607 1588 2661 operam
1626 2592 1734 2645 hoc
1765 2593 1969 2663 majori
1996 2609 2084 2647 se-

394 2679 629 2732 dulitate
675 2679 1052 2750 impenderet,
1099 2695 1211 2749 quo
1258 2680 1388 2748 plus
1425 2679 1485 2732 in
1515 2679 1762 2749 Imperio
1794 2680 2086 2735 obtinebat

392 2767 758 2821 auctoritatis.
791 2769 985 2837 Itaque
1011 2766 1107 2819 ubi
1130 2766 1385 2836 primum
1406 2767 1528 2836 ejus
1546 2767 1835 2836 promotio
1857 2768 1917 2822 in
1935 2768 2084 2822 Afri-

391 2871 515 2908 cam
557 2855 818 2909 nuntiata
863 2860 965 2922 est,
1010 2854 1253 2907 necdum
1300 2853 1473 2908 etiam
1513 2854 1595 2908 rei
1638 2856 1872 2910 veritate
1915 2857 2084 2927 plane

389 2946 701 3012 comperta,
731 2943 838 2995 hoc
859 2945 962 3007 est,
982 2946 1046 2994 ut
1061 2940 1294 3010 quidem
1320 2941 1557 3009 videtur,
1582 2942 1818 2997 ineunte
1840 2949 2088 3014 septem-

389 3029 479 3083 bri
509 3030 592 3084 vel
623 3029 872 3097 circiter,
889 3028 1074 3082 eidem
1097 3029 1369 3084 Bonifacii
1390 3048 1621 3086 causam
1641 3035 2082 3089 commendavit.

459 3121 516 3172 2.
559 3118 657 3171 Hic
685 3115 1005 3170 Bonifacius
1035 3117 1301 3187 Cataqme
1332 3117 1395 3171 in
1425 3118 1692 3173 Numidia
1720 3120 1956 3174 forsitan
1979 3137 2087 3191 po-

388 3204 512 3257 sitae
570 3204 871 3274 episc0pus
896 3245 910 3270 ,
951 3204 1126 3258 Paulo
1173 3204 1256 3258 illi
1299 3211 1661 3275 successerat,
1689 3207 1850 3277 cujus
1880 3209 2086 3279 agendi

388 3291 668 3345 rationem
697 3291 941 3345 vidimus
970 3293 1041 3346 ab
1070 3292 1390 3362 Augustino
1427 3295 1832 3364 reprehensam
1864 3297 2082 3366 (Supra,

388 3395 509 3446 cap.
545 3383 596 3444 3,
628 3395 684 3432 η.
718 3379 791 3450 2).
825 3379 1034 3434 Paulus
1062 3396 1235 3450 porro
1258 3396 1376 3434 non
1397 3381 1581 3436 solum
1612 3383 1892 3453 quosdam
1921 3401 2084 3456 agros

387 3467 632 3537 pecunia
674 3484 702 3520 a
747 3484 805 3522 se
845 3467 978 3522 ﬁsco
1009 3469 1201 3523 debita
1231 3473 1446 3523 emerat
1475 3471 1578 3524 sub
1610 3470 1795 3526 alieno
1828 3475 2081 3543 nomine,

387 3571 581 3608 verum
628 3555 800 3610 etiam
840 3557 1056 3611 fructus
1099 3573 1370 3627 agrorum
1410 3558 1642 3612 illorum
1686 3559 1790 3614 sub
1823 3562 2082 3616 Ecclesiae

388 3643 620 3698 nomine
634 3645 976 3716 percipiens,
999 3647 1444 3716 haudquaquam
1467 3648 1820 3716 pependerat
1851 3650 2078 3713 tributa,

386 3732 592 3802 quibus
610 3733 682 3787 ob
704 3733 934 3787 eosdem
963 3734 1097 3788 ﬁsco
1129 3734 1410 3788 obnoxius
1437 3740 1582 3790 erat.
1624 3738 1701 3790 De
1731 3737 1819 3791 his
1850 3738 2079 3793 tributis

383 3821 774 3890 persolvendis
818 3822 1212 3893 interpellatus
1241 3822 1468 3877 videtur
1503 3840 1790 3879 successor
1820 3827 1942 3896 ejus
1974 3829 2077 3881 Bo-

384 3908 636 3963 nifacius.
673 3912 739 3964 Et
767 3911 861 3964 ille
894 3911 1125 3982 quidem
1157 3927 1286 3964 cum
1315 3916 1504 3981 posset
1533 3912 1963 3970 immunitatem
2009 3917 2078 3970 ab

383 3998 486 4051 hac
517 4015 740 4053 summa
764 4000 1176 4070 Imperatorem
1199 4016 1421 4068 rogare,
1453 4015 1517 4053 ac
1547 4000 1754 4056 deinde
1779 4003 1928 4056 bona
1949 4021 2078 4074 qum

381 4103 690 4156 prazcessor
738 4087 916 4156 ipsius
945 4090 1391 4156 comparaverat,
1436 4092 1493 4140 et
1533 4087 1635 4141 sub
1689 4090 1946 4144 Ecclesiae
1974 4107 2077 4145 no-

383 4174 535 4227 mine
563 4174 856 4244 possidere
871 4174 992 4244 jam
1014 4178 1280 4244 coeperat,
1311 4179 1724 4244 consequenter
1755 4176 1927 4231 etiam
1955 4177 2076 4248 ipse

380 4262 500 4315 sine
533 4263 647 4315 ulla
685 4262 1090 4331 disceptatione
1121 4261 1400 4328 retinere;
1429 4263 1687 4317 fraudem
1718 4268 1912 4318 tamen
1940 4267 2075 4321 ﬁsco

381 4349 585 4402 factam
615 4349 971 4403 dissimulare
1002 4365 1115 4402 non
1144 4348 1431 4413 sustinuit,
1468 4355 1566 4404 aut
1612 4351 1869 4406 animum
1909 4371 2074 4410 suum

379 4437 484 4490 hac
509 4437 788 4507 religione
827 4435 982 4506 angi,
1012 4440 1076 4491 ut
1105 4436 1254 4489 bona
1284 4437 1413 4490 dolo
1445 4438 1595 4492 malo
1627 4447 1956 4511 comparata
1984 4459 2074 4497 re-

380 4523 604 4577 tineret.
638 4525 834 4593 Itaque
864 4540 976 4593 qua
1004 4523 1225 4577 ratione
1250 4540 1339 4577 res
1368 4530 1598 4594 peracta
1630 4531 1798 4597 esset,
1831 4530 2076 4585 declara-

379 4610 492 4676 vit;
523 4615 578 4664 et
620 4612 954 4666 earumdem
986 4628 1257 4682 agrorum
1288 4629 1456 4667 usum
1491 4614 1558 4667 ab
1590 4617 1936 4685 Imperatore
1967 4636 2072 4689 po-

379 4697 591 4766 poscit;
641 4699 815 4752 satius
863 4716 981 4754 esse
1022 4701 1232 4755 ducens
1281 4717 1376 4755 eos
1423 4703 1741 4758 manifestas
1795 4706 2074 4777 Principis

379 4783 741 4854 benignitati,
774 4803 947 4857 quam
978 4788 1209 4841 occultae
1238 4790 1599 4857 praecessoris
1626 4789 1938 4862 iniquitati,
1981 4811 2070 4848 re-

382 4871 519 4924 ferri
547 4876 828 4941 acceptos.
881 4874 1030 4938 Quin
1068 4874 1176 4928 etsi
1203 4874 1574 4945 contingeret,
1597 4881 1663 4930 ut
1691 4879 1977 4947 repulsam
2006 4896 2072 4934 ea

377 4957 440 5011 in
470 4975 530 5013 re
559 4963 868 5030 pateretur,
898 4961 1073 5015 servis
1103 4961 1204 5016 Dei
1231 4962 1436 5017 melius
1480 4979 1600 5018 esse
1626 4964 1914 5034 judicabat
1941 4965 2072 5020 ino-

377 5047 487 5116 piae
517 5047 771 5102 laborem
802 5050 1061 5118 tolerare,
1095 5067 1266 5120 quam
1293 5052 1402 5105 sibi
1433 5053 1747 5106 necessaria
1774 5070 1904 5108 cum
1934 5071 2068 5109 con-

376 5135 612 5190 scientia
631 5137 848 5191 fraudis
869 5139 1145 5193 obtinere.
1169 5140 1292 5193 .lam
1311 5141 1380 5194 ab
1407 5141 1757 5211 Imperatore
1790 5143 2068 5212 quosdam

373 5224 661 5280 codicillos
717 5226 823 5280 hac
869 5227 937 5280 de
985 5244 1045 5281 re
1091 5228 1435 5295 obtinuerat,
1481 5229 1655 5299 idque
1710 5234 1766 5284 ut
1822 5231 2064 5303 videtur,

371 5313 699 5384 Augustini,
729 5330 763 5368 a
794 5331 907 5386 quo
935 5316 1122 5370 fuerat
1151 5317 1412 5388 Olympio
1443 5319 2066 5386 commendatus,bene-

372 5401 500 5455 ﬁcio
533 5419 546 5457 :
580 5404 680 5457 sed
708 5409 901 5460 tamen
934 5422 1023 5460 res
1071 5423 1185 5460 non
1215 5407 1449 5460 omnino
1481 5424 1547 5460 ex
1577 5407 1754 5461 animi
1785 5413 2065 5467 sententia

370 5496 720 5559 processerat
755 5494 936 5564 (Ibid.,
986 5511 1043 5551 η.
1076 5495 1145 5565 3).
1179 5496 1539 5568 Quapropter
1567 5513 1699 5551 eum
1727 5497 1787 5552 hi
1819 5500 2064 5556 codicilli

1626 271 1782 323 Vl'I‘A
1821 272 1876 325 S.
1917 273 2302 328 AUGUSTINI
2349 271 2674 325 EPISCOPI.

3798 272 3901 324 376

2197 393 2433 448 minime
2453 394 2778 448 sufﬁcerent
2799 409 2812 447 :
2830 393 2899 447 iis
2925 393 3032 459 uti,
3055 408 3170 463 quo
3183 397 3375 463 posset
3395 392 3539 445 alios
3559 392 3903 462 impetrare,

2197 481 2381 535 noluit
2409 480 2752 535 Bonifacius.
2791 481 3171 545 Quamobrem
3192 479 3540 550 Augustinus
3566 480 3691 550 ejus
3716 479 3903 550 gratia

2196 568 2454 639 Olympio
2487 568 2730 638 scripsit,
2762 583 3008 639 eumque
3037 568 3274 638 rogavit,
3308 573 3370 622 ut
3400 568 3582 622 eidem
3624 567 3902 637 episcopo

2196 657 2264 710 ad
2294 655 2671 710 obtinendum
2693 655 2798 709 hoc
2814 655 3155 710 beneﬁcium
3176 655 3416 722 faveret;
3440 657 3526 708 vel
3546 655 3653 710 sibi
3673 670 3907 726 posses-

2196 744 2384 798 siones
2415 743 2540 798 illas
2577 743 2700 814 ipse
2741 746 2979 814 peteret,
3026 759 3166 814 quas
3197 748 3395 813 postea
3420 743 3764 814 Cataquensi
3796 744 3902 796 Ec-

2195 833 2378 886 clesiae
2400 833 2547 886 dono
2571 833 2749 886 daret.
2773 831 3075 902 Reperitur
3094 831 3154 885 in
3175 832 3497 886 Collatione
3524 832 3905 902 Cataquensis

2193 921 2347 975 illius
2387 920 2658 974 Bonifacii
2687 920 2901 974 mentio
2946 921 3158 986 (Cotlat.
3203 921 3463 987 Carthag.
3511 923 3562 987 1,
3593 936 3712 990 cap.
3749 923 3898 974 142's.

2195 1010 2272 1062 Ex
2302 1025 2386 1075 ea,
2420 1026 2590 1080 quam
2639 1008 2701 1062 in
2738 1013 2856 1062 toto
2905 1008 3011 1062 hoc
3062 1008 3288 1078 negotio
3330 1025 3450 1078 pra)
3480 1025 3539 1060 se
3568 1009 3721 1070 tulit,
3756 1025 3902 1061 cou-

2194 1096 2442 1150 scientias
2501 1096 2850 1166 integritate,
2897 1096 3048 1150 haud
3096 1112 3397 1167 perperam
3452 1095 3898 1166 augurabimur,

2194 1201 2325 1238 eum
2350 1185 2541 1255 ipsum
2589 1200 2709 1238 esse
2742 1184 3096 1238 Bonifacium
3127 1202 3157 1238 a
3199 1184 3494 1238 mendacio
3525 1184 3900 1238 vehementer

2194 1275 2617 1338 abhorrentem,
2649 1274 2716 1328 ad
2747 1275 2908 1344 cujus
2945 1273 3345 1345 inquisitiones
3374 1274 3679 1345 respondet
3705 1278 3900 1344 Augu—

2196 1362 2376 1416 stinus
2403 1364 2597 1431 (Epist.
2642 1364 2730 1428 98,
2776 1379 2830 1416 η.
2882 1364 2938 1431 7)
2972 1378 2984 1416 :
3018 1361 3118 1433 qui
3150 1363 3317 1416 variis
3344 1362 3407 1416 in
3431 1363 3566 1417 locis
3596 1362 3664 1416 de
3695 1369 3896 1417 sancto

2193 1451 2368 1505 fratre
2407 1467 2506 1504 suo
2539 1449 2826 1504 Bonifacio
2858 1449 3111 1521 loquitur
3153 1453 3346 1520 (Epist.
3379 1453 3468 1516 97,
3501 1468 3558 1505 η.
3593 1455 3680 1520 3);
3722 1469 3788 1505 ac
3818 1457 3902 1505 te-

2196 1544 2374 1594 statur
2399 1538 2624 1604 alicubi,
2669 1538 2821 1608 apud
2845 1539 3008 1592 illum
3034 1555 3154 1592 sese
3183 1554 3332 1592 anno
3359 1539 3585 1593 circiter
3614 1539 3896 1610 quadrin-

2195 1627 2508 1698 gentesimo
2541 1626 2760 1680 decimo
2790 1630 2993 1696 quarto
3021 1625 3194 1680 fuisse
3223 1629 3417 1696 (Epist.
3453 1629 3572 1694 149,
3605 1643 3659 1680 n.
3691 1632 3767 1695 2).
3819 1631 3824 1634 ’

2266 1720 2316 1770 3.
2361 1715 2521 1779 Quod
2562 1731 2694 1768 vero
2744 1718 2960 1784 spectat
2993 1715 3064 1768 ad
3097 1714 3442 1784 quaestiones
3468 1714 3764 1782 Bonifacii,
3797 1716 3896 1770 has

2194 1803 2322 1858 duae
2344 1806 2526 1857 erant.
2557 1803 2748 1856 Prima
2771 1802 3003 1871 scilicet,
3034 1807 3229 1856 utrum
3255 1807 3518 1873 parentes
3547 1803 3743 1857 liberis
3775 1804 3898 1858 suis

2193 1890 2462 1962 parvulis,
2495 1891 2722 1962 quando
2755 1906 2952 1944 eorum
2986 1890 3368 1944 sanandorum
3399 1907 3568 1945 causa
3595 1893 3682 1945 vel
3711 1908 3902 1946 reme-

2195 1978 2710 2049 dia'superstitiosa
2738 1979 2824 2032 vel
2855 1978 3115 2032 inanium
3151 1978 3390 2032 deorum
3418 1978 3692 2034 sacriﬁcia
3723 1981 3898 2035 adhi-

2193 2067 2354 2136 bent,
2382 2065 2716 2121 detrimenti
2741 2066 3036 2138 quidpiam
3061 2066 3302 2121 aﬁ‘erant
3331 2083 3344 2120 :
3377 2083 3507 2122 cum
3537 2074 3774 2140 negaret
3805 2069 3898 2123 in-

2193 2154 2450 2224 telligere
2500 2171 2578 2220 se,
2625 2154 2764 2224 quid
2807 2159 2973 2221 esset,
3005 2155 3162 2225 quod
3189 2154 3502 2210 infantibus
3534 2157 3604 2210 ad
3643 2157 3900 2211 viviticas

2196 2242 2558 2314 Baptismatis
2598 2259 2772 2312 aquas
2819 2243 3021 2296 oblatis
3060 2247 3361 2314 parentum
3403 2244 3540 2298 ﬁdes
3562 2245 3896 2315 prodesset;

2195 2331 2243 2384 si
2261 2331 2493 2401 quidem
2520 2330 2601 2384 eis
2628 2330 2860 2385 illorum
2891 2331 3130 2400 perﬁdia
3154 2331 3297 2385 nihil
3323 2336 3551 2386 noceret
3572 2335 3775 2402 (Epist.
3802 2336 3922 2397 98..

2194 2435 2249 2473 τι.
2303 2420 2371 2489 1).
2428 2419 2689 2472 Defendit
2733 2420 3104 2490 Augustinus,
3144 2420 3396 2490 parvulis
3427 2420 3785 2491 spiritualem
3820 2422 3900 2475 vi-

2194 2511 2313 2561 tam
2359 2506 2504 2577 eripi
2535 2523 2568 2559 a
2596 2506 2927 2576 parentibus
2956 2508 3113 2562 nullo
3145 2508 3316 2562 modo
3346 2525 3510 2579 posse
3546 2525 3560 2563 :
3591 2509 3726 2564 dein
3755 2510 3899 2564 locis

2195 2595 2534 2666 quibusdam
2556 2595 3329 2667 abstrusiorisintelligentiae
3351 2613 3418 2650 ex
3437 2597 3717 2668 Cypriano
3744 2600 3895 2669 peti-

2195 2685 2265 2738 tis
2297 2682 2619 2754 respondet.
2653 2683 2924 2738 Observat
2959 2687 3257 2754 praeterea,
3290 2685 3537 2739 infantes
3565 2687 3635 2741 ab
3664 2687 3735 2740 iis
3763 2687 3896 2758 qui-

2196 2773 2347 2840 dem,
2381 2787 2626 2842 quorum
2655 2776 2952 2843 gestantur
2979 2772 3264 2835 manibus,
3297 2773 3343 2826 si
3377 2789 3506 2826 vere
3530 2774 3726 2828 ﬁdeles
3755 2776 3895 2844 sint,

2196 2858 2385 2912 offerri
2415 2859 2484 2912 ad
2517 2859 2898 2929 Baptismum;
2929 2861 3024 2914 sed
3058 2861 3305 2915 maxime
3325 2865 3519 2915 tamen
3540 2861 3608 2916 ab
3629 2862 3896 2916 universa

2196 2949 2524 2999 sanctorum
2571 2950 2742 3016 atque
2790 2945 3046 3000 ﬁdelium
3094 2948 3378 3000 societate.
3428 2947 3490 3000 Id
3533 2953 3727 3002 autem
3757 2965 3893 3003 cum

2196 3033 2404 3087 sentire
2453 3033 2774 3087 Bonifacius
2815 3034 3126 3102 videretur,
3173 3037 3440 3105 parvulos
3494 3036 3564 3089 ab
3617 3037 3887 3106 originali

2196 3121 2419 3174 macula
2448 3135 2560 3174 non
2591 3121 2828 3192 expiari,
2860 3123 2971 3176 nisi
3002 3122 3070 3176 ab
3104 3127 3346 3194 utroque
3375 3127 3678 3193 parentum
3709 3126 3778 3179 ad
3811 3143 3894 3179 sa-

2194 3207 2450 3262 lutiferas
2484 3224 2662 3278 aquas
2691 3209 2936 3277 delatos,
2988 3210 3042 3263 ci
3086 3211 3440 3281 Augustinus
3469 3228 3631 3282 posse
3661 3229 3895 3284 quoque

2194 3295 2322 3350 illos
2367 3314 2402 3350 a
2448 3297 2796 3368 quibuslibet
2836 3298 3024 3352 offerri
3065 3315 3131 3352 ex
3178 3300 3459 3353 constanti
3489 3301 3748 3355 Ecclesiae
3783 3319 3895 3357 usu

2194 3385 2565 3440 demonstrat.
2587 3387 2779 3440 Altera
2806 3387 3078 3441 Bonifacii
3109 3388 3350 3457 quaestio
3373 3393 3512 3454 erat,
3537 3406 3650 3459 qua
3669 3389 3896 3445 ratione

2192 3475 2546 3544 parentibus,
2589 3474 2726 3528 dum
2776 3475 2846 3529 ad
2901 3491 3085 3529 sacros
3129 3477 3314 3530 fontes
3362 3479 3624 3547 parvulos
3661 3479 3894 3547 sistunt,

2194 3578 2288 3616 eos
2317 3563 2566 3629 credere,
2600 3562 2850 3634 itemque
2877 3565 2948 3618 ad
2974 3563 3132 3630 alias,
3163 3580 3291 3635 qua:
3316 3565 3440 3619 ﬁeri
3471 3566 3675 3632 solent,
3708 3566 3893 3620 inter-

2192 3650 2536 3720 rogationes,
2594 3652 2935 3722 respondere
2985 3653 3152 3707 liceat
3204 3652 3390 3720 (Ibid.,
3432 3670 3488 3707 η.
3542 3656 3613 3722 7).
3669 3656 3797 3708 Haec
3838 3656 3896 3710 ei

2193 3740 2457 3809 quaestio,
2483 3745 2786 3809 propterea
2814 3742 2969 3811 quod
3012 3758 3047 3795 a
3073 3741 3370 3796 mendacio
3399 3744 3647 3798 multum
3677 3744 3892 3798 abhor-

2191 3827 2371 3894 rebat,
2402 3827 2699 3883 videbatur
2729 3829 2992 3885 difﬁcilis.
3043 3830 3427 3900 Augustinum
3465 3831 3528 3885 in
3568 3832 3892 3887 litterarum

2191 3914 2340 3969 calce
2381 3917 2636 3986 rogabat,
2669 3921 2733 3971 ut
2778 3917 2893 3971 suis
2924 3917 3374 3972 dubitationibus
3412 3921 3796 3991 responderet,
3825 3921 3894 3976 in

2189 4003 2247 4059 id
2271 4020 2387 4058 non
2417 4005 2536 4059 sola
2564 4006 2990 4061 consuetudinis
3019 4007 3376 4072 auctoritate,
3404 4009 3506 4062 sed
3534 4010 3892 4078 argumentis

2190 4108 2254 4145 ex
2293 4093 2417 4163 ipsa
2444 4094 2665 4148 ratione
2691 4094 2967 4150 adductis.
2998 4095 3112 4165 Ipsi
3139 4095 3315 4166 igitur
3335 4100 3400 4150 ut
3418 4099 3706 4151 cumulate
3725 4099 3890 4152 satis-

2190 4181 2357 4235 faciat
2394 4182 2768 4252 Augustinus,
2802 4200 2936 4237 usus
2965 4184 3326 4238 ecclesiastici
3356 4186 3659 4249 rationem,
3695 4189 3891 4258 quoad

2189 4273 2310 4322 erat
2341 4285 2655 4336 necessum,
2689 4272 2941 4341 exponit.

2257 4359 2309 4411 4.
2344 4357 2480 4421 Quae
2524 4357 2850 4412 Stilichonis
2900 4375 3094 4414 casum
3142 4359 3202 4413 in
3250 4360 3379 4414 aula
3410 4366 3725 4416 consecutae
3754 4370 3892 4418 sunt

2187 4445 2390 4510 turbae,
2425 4446 2641 4501 eaedem
2672 4447 2811 4501 alias
2845 4464 3075 4519 quoque
3105 4447 3165 4502 in
3193 4449 3459 4504 Africana
3491 4451 3736 4504 Ecclesia
3761 4457 3886 4506 tur-

2187 4533 2286 4586 bas
2307 4533 2576 4588 continuo
2597 4542 2963 4605 pepererunt.
2990 4538 3246 4608 Namque
3268 4539 3482 4609 Pagani
3503 4544 3560 4592 et
3577 4541 3887 4595 Donatistae

2186 4622 2340 4690 leges
2369 4622 2591 4677 vivente
2621 4623 2929 4679 Stilichone
2956 4625 3099 4680 latas
3127 4642 3259 4680 cum
3291 4643 3356 4680 eo
3388 4627 3556 4680 simul
3585 4628 3886 4682 exstinctas

2185 4710 2374 4780 palam
2411 4712 2703 4782 jactabant
2751 4715 2950 4783 (Epist.
2988 4719 3075 4781 97,
3107 4731 3162 4769 τι.
3190 4719 3241 4782 2,
3276 4720 3324 4768 et
3344 4718 3521 4784 Epist.
3560 4719 3677 4781 100,
3710 4733 3766 4770 η.
3797 4718 3882 4786 2);

2184 4803 2382 4867 utpote
2413 4815 2542 4869 qua:
2569 4801 2687 4855 sola
2713 4802 2948 4872 hujusce
2981 4802 3230 4858 ministri
3248 4804 3607 4872 auctoritate,
3640 4806 3887 4875 Impera-

2183 4890 2304 4940 tore
2361 4886 2540 4942 inscio
2587 4893 2686 4944 aut
2721 4889 2896 4945 etiam
2938 4890 3141 4961 invito,
3180 4893 3556 4962 promulgatae
3608 4893 3879 4958 fuissent;

2184 4978 2352 5045 atque
2394 4977 2536 5031 adeo
2575 4977 2696 5046 jam
2736 4977 2882 5033 nihil
2926 4979 3112 5033 valere
3142 4997 3237 5034 eas
3266 4980 3608 5049 sanctiones,
3639 4997 3768 5052 quas
3794 4985 3883 5037 vel

2181 5064 2251 5117 ad
2300 5064 2597 5120 haereticos
2639 5066 3036 5138 reprimendos
3066 5069 3153 5122 vel
3184 5069 3255 5128 ad
3283 5068 3436 5122 idola
3465 5069 3884 5140 contringenda

2179 5151 2535 5220 pertinerent
2565 5169 2576 5206 :
2611 5155 2752 5224 quin
2781 5154 2955 5209 etiam
2981 5157 3208 5226 vulgata
3228 5157 3338 5210 fuit
3359 5172 3391 5209 a
3413 5157 3721 5211 Donatistis
3741 5157 3886 5212 falsa

2180 5241 2444 5309 quaedam
2467 5242 2701 5297 Honorii
2717 5244 2777 5298 in
2807 5260 3009 5299 eorum
3030 5245 3277 5316 gratiam
3298 5245 3658 5315 indulgentia
3679 5248 3881 5316 (Epist.

2180 5331 2300 5394 105,
2341 5346 2396 5384 n.
2444 5332 2513 5398 6).
2554 5332 2695 5386 Vani
2742 5333 3144 5402 hujuscemodi
3187 5350 3450 5389 rumores
3497 5333 3566 5387 ab
3617 5335 3884 5392 Ecclesiae

2178 5415 2510 5471 adversariis
2553 5420 2735 5489 sparsi
2775 5420 3173 5492 dissipatique,
3201 5426 3377 5476 totam
3407 5422 3652 5476 Africam
3688 5423 3884 5479 subito

2175 5511 2562 5574 pervaserunt,
2616 5512 2670 5562 et
2714 5508 2976 5578 ingentes
3021 5511 3232 5582 ubique
3273 5511 3552 5565 tumultus
3591 5511 3784 5578 edere,
3818 5532 3884 5568 ac
