4062 6368
157 292 255 341 377
1646 305 1860 364 LIBER
1899 307 2192 365 SEXTUS.

154 411 376 467 animos
414 413 682 470 adversus
712 417 992 474 antistites
1019 418 1098 474 ita
1125 421 1410 477 concitare
1437 432 1750 495 caperunt,
1785 432 1849 482 ut

155 499 239 554 illi
279 501 348 556 de
386 503 564 557 salute
608 520 711 558 sua
751 521 867 558 non
898 512 1084 562 essent
1112 509 1228 562 ullo
1270 511 1440 565 modo
1470 515 1673 568 securi.
1704 517 1847 571 Tum

151 603 322 657 porro
355 589 538 644 necati
570 597 698 645 sunt
730 608 762 644 a
792 594 1033 664 Paganis
1064 601 1162 649 aut
1198 597 1481 652 hareticis
1518 616 1713 654 mense
1743 601 1846 654 cir-

151 675 293 730 citer
318 679 628 748 septembri
666 680 903 734 Severus
943 688 998 736 et
1023 683 1295 739 Macarius
1325 703 1336 740 :
1366 688 1602 742 Evodius
1632 694 1844 757 autem,

150 764 422 819 Theasius
459 783 523 820 ac
559 768 746 822 Victor
787 771 1037 841 episcopi
1077 773 1406 829 verberibus
1445 793 1508 830 ac
1546 778 1728 848 plagis
1759 796 1849 832 ex-

153 854 301 923 cepti
330 855 489 910 fuere
514 857 728 924 (Codice
749 861 1240 928 CanonumA/‘ric.,
1256 880 1373 918 can.
1400 865 1538 934 t06).
1563 867 1849 936 Appendi-

151 941 228 994 cis
259 942 330 995 ad
369 943 622 999 codicem
659 947 1112 1003 Theodosianum
1153 951 1372 1005 decima
1402 959 1605 1023 quarta
1643 955 1849 1008 consti-

155 1031 293 1085 tutio
325 1032 372 1086 si
406 1038 527 1088 tota
556 1036 629 1089 ad
657 1052 742 1102 ea,
765 1053 892 1107 qua
923 1055 1024 1108 per
1046 1040 1287 1094 Africam
1318 1058 1383 1095 eo
1405 1047 1659 1113 tempore
1690 1050 1850 1115 gesta

151 1124 298 1186 sunt,
342 1127 587 1191 spectat;
624 1124 704 1178 ibi
739 1126 1040 1182 manifesto
1090 1129 1277 1184 videre
1319 1136 1402 1184 est
1450 1131 1846 1203 episcoporum

153 1209 295 1263 alios
321 1226 425 1280 per
452 1211 568 1265 vim
599 1229 667 1292 ei;
694 1215 810 1268 suis
831 1216 1067 1279 adibus,
1088 1217 1204 1272 imo
1230 1219 1402 1273 etiam
1429 1237 1458 1274 e
1480 1223 1708 1292 templis
1727 1223 1848 1277 abs-

151 1303 376 1367 tractos,
408 1316 471 1352 ac
501 1300 737 1355 diversis
766 1303 1000 1373 insuper
1037 1305 1328 1376 suppliciis
1365 1308 1596 1362 affectos
1624 1309 1796 1365 fuisse
1830 1326 1843 1365 :

147 1386 286 1440 alios
309 1403 445 1442 vero
474 1388 661 1442 minus
694 1391 925 1460 quidem
956 1394 1280 1461 crudeliter,
1313 1396 1410 1450 sed
1441 1397 1624 1467 magis
1651 1404 1848 1453 contu-

147 1474 380 1530 meliose
433 1480 726 1546 tractatos;
783 1480 996 1551 quippe
1053 1482 1262 1552 quibus
1313 1485 1649 1553 capillorum
1714 1504 1846 1557 pars

146 1563 357 1630 evulsa,
392 1568 451 1618 et
478 1566 651 1621 varia
676 1567 737 1620 in
766 1568 1088 1623 christiana
1122 1570 1257 1624 ﬁdei
1285 1573 1561 1641 probrum
1590 1591 1653 1628 ac
1679 1575 1846 1630 dede-

146 1668 242 1705 cus
280 1651 459 1706 illata
497 1659 632 1708 sunt
669 1655 896 1725 injuria:
934 1673 946 1709 :
981 1661 1152 1728 atque
1199 1659 1318 1712 hac
1357 1661 1588 1730 scelera,
1618 1663 1846 1718 tametsi

147 1738 348 1793 mediis
372 1739 439 1794 in
471 1741 703 1796 urbibus
731 1748 1050 1820 perpetrata
1080 1746 1518 1816 magistratuum
1558 1751 1846 1820 cognitio-

145 1843 277 1881 nem
316 1829 518 1899 fugere
557 1846 673 1884 non
703 1817 987 1901 poterant,
1022 1835 1193 1887 nullis
1225 1840 1418 1889 tamen
1463 1817 1656 1907 poenis
1687 1855 1844 1892 coer-

147 1914 255 1968 cita
282 1915 353 1969 ab
388 1916 508 1970 illis
547 1934 692 1988 esse,
735 1935 800 1972 ac
844 1936 917 1974 ne
952 1920 1187 1992 quidem
1220 1924 1444 1992 perlata
1483 1925 1544 1979 in
1584 1925 1846 1980 notitiam

149 2005 533 2074 Imperatoris.

215 2096 266 2146 5.
300 2093 401 2146 His
441 2095 684 2165 permoti
709 2095 769 2150 in
809 2097 1238 2168 Carthaginensi
1268 2100 1482 2170 synodo
1511 2101 1783 2172 episcopi,
1816 2118 1847 2156 θ

146 2196 245 2234 suo
266 2181 516 2251 collegio
541 2184 893 2238 Florentium
912 2202 977 2239 ac
997 2187 1340 2240 Restitutum
1363 2189 1532 2241 tertio
1551 2190 1677 2242 idus
1698 2195 1848 2244 octo-

146 2267 258 2322 bris
301 2269 363 2323 in
405 2271 597 2324 aulam
647 2272 917 2326 adversus
961 2273 1290 2328 idololatras
1334 2281 1510 2346 atque
1548 2277 1846 2332 harcticos

145 2356 508 2412 destinarunt
550 2358 758 2428 (Ibid.).
805 2361 915 2414 Nec
958 2361 1182 2416 videtur
1227 2363 1382 2416 aliud
1428 2363 1683 2419 innuisse
1728 2369 1843 2420 Au-

144 2446 428 2515 gustinus,
478 2464 608 2502 cum
647 2449 718 2502 ab
762 2450 1042 2520 episcopis
1088 2451 1155 2506 ad
1208 2453 1619 2521 Imperatorem
1656 2454 1844 2510 missis

145 2532 378 2588 indicari
422 2552 587 2605 posse
623 2537 796 2591 tradit
834 2538 984 2592 viam
1021 2539 1272 2610 aliquam
1314 2540 1403 2594 his
1443 2541 1610 2595 malis
1649 2559 1842 2596 occur-

146 2623 321 2687 rendi,
372 2629 552 2694 prout
600 2626 893 2679 communi
932 2627 1278 2698 collegarum
1319 2629 1553 2683 consilio
1600 2630 1844 2701 diligen-

145 2710 254 2764 tius
291 2711 675 2767 deliberatum
716 2715 921 2779 fuerat,
957 2726 1239 2786 quantum
1284 2717 1558 2787 temporis
1601 2720 1842 2788 permit-

143 2799 294 2854 tebat
349 2802 619 2870 angustia
670 2805 872 2872 (Epist.
921 2808 1113 2870 97,‘n.
1171 2805 1218 2870 3)
1278 2824 1294 2858 :
1353 2805 1460 2858 sibi
1512 2823 1644 2860 vero
1711 2823 1845 2861 cou-

147 2886 332 2941 siﬁum
354 2904 488 2942 cum
510 2889 622 2943 illis
644 2891 1066 2945 communicare
1087 2907 1204 2945 non
1223 2891 1450 2946 licuisse
1476 2894 1664 2962 (Ibid.,
1683 2911 1741 2947 η.
1765 2897 1843 2950 2).

148 2974 359 3038 Quibus
388 2977 576 3032 verbis
597 2979 1027 3050 Carthaginensi
1049 2979 1132 3032 illi
1158 2980 1393 3050 synodo,
1418 2996 1591 3051 quam
1617 2983 1845 3052 provin-

149 3062 342 3119 cialem
377 3070 602 3121 tantum
631 3067 802 3122 fuisse
842 3067 976 3122 satis
1012 3068 1320 3122 verisimile
1359 3073 1461 3135 est,
1495 3069 1682 3140 ipsum
1722 3087 1840 3126 non

152 3151 472 3209 interfuisse
501 3156 837 3210 declaratur.
865 3157 1045 3212 Simul
1068 3157 1241 3212 etiam
1268 3158 1512 3212 afﬁrmat
1537 3159 1682 3213 bene
1703 3162 1848 3213 mul-

155 3247 240 3295 tos
270 3244 552 3297 antistites
571 3243 793 3314 ingenti
822 3245 920 3299 illo
950 3245 1208 3300 Ecclesia
1228 3246 1478 3300 tumultu
1508 3263 1572 3300 ac
1600 3248 1846 3318 trepida-

153 3328 323 3396 tione,
353 3336 417 3385 ut
444 3331 503 3384 in
533 3333 723 3386 aulam
753 3334 1186 3400 contenderent,
1221 3350 1283 3387 ac
1311 3335 1724 3405 propemodum
1755 3336 1864 3395 fu-.

153 3425 373 3488 gerent,
421 3425 639 3473 coactos
690 3422 872 3489 (Ibid)
909 3441 925 3475 :
966 3438 1096 3476 cum
1139 3423 1200 3476 hi
1245 3425 1445 3492 procul
1495 3423 1692 3492 dubio,
1747 3424 1845 3495 qui

154 3507 501 3562 vexabantur
528 3511 795 3580 atrocius,
824 3527 944 3565 sese
968 3511 1168 3581 legatis
1197 3510 1400 3581 synodi
1427 3511 1840 3580 adjunxissent.

153 3593 195 3647 Ii
217 3596 400 3650 Roma
420 3597 660 3652 transire
687 3599 1116 3654 constituerant.
1142 3601 1357 3654 Horum
1381 3601 1614 3670 quidem
1635 3600 1846 3655 incom-

151 3685 456 3740 modorum
482 3687 541 3740 in
572 3687 832 3757 epistola,
862 3704 1035 3758 quam
1064 3689 1133 3742 ad
1164 3688 1490 3759 Olympium
1522 3689 1590 3742 de
1618 3689 1842 3743 Bonifa—

149 3771 232 3825 cio
263 3774 568 3845 scripserat
596 3777 969 3846 Augustinus,
999 3777 1156 3830 nulla
1192 3777 1376 3830 fuerat
1405 3778 1552 3830 facta
1581 3778 1801 3830 mentio
1827 3794 1841 3843 ;

147 3861 391 3916 necdum
422 3864 575 3917 enim
606 3865 704 3918 illa
740 3865 1044 3935 contigisse
1073 3865 1349 3921 audierat.
1382 3865 1491 3918 Sed
1529 3881 1658 3918 cum
1691 3871 1843 3935 post-

147 3965 211 4002 ea
237 3950 460 4005 litteras
489 3953 738 4022 Olympii
776 3952 1104 4022 accepisset,
1146 3970 1279 4006 eum
1313 3954 1461 4006 ultro
1493 3953 1843 4022 compellan-

144 4037 235 4106 tis,
277 4044 343 4091 ut
382 4039 452 4092 de
491 4041 660 4093 rebus
701 4040 960 4096 Ecclesia
999 4041 1294 4094 commodo
1335 4039 1691 4108 necessariis,
1733 4058 1844 4111 quo

147 4127 524 4196 procurandis
562 4128 672 4181 illis
711 4144 945 4199 operam
985 4144 1192 4182 navare
1223 4145 1384 4182 suam
1423 4133 1633 4198 posset,
1669 4129 1738 4182 ab
1778 4145 1844 4184 eo

145 4215 352 4269 certior
371 4216 536 4270 ﬁeret
559 4217 704 4285 (Ibid
712 4257 748 4286 .,
772 4233 824 4270 η.
853 4215 906 4286 1)
930 4233 942 4270 :
970 4221 1355 4288 opportunam
1378 4216 1607 4270 tandem
1631 4215 1846 4287 episco-

146 4319 217 4372 po
243 4305 449 4359 Severo
477 4309 819 4374 procurante
848 4305 1210 4359 occasionem
1240 4308 1438 4359 nactus
1465 4305 1647 4375 (Ibid,
1676 4321 1731 4359 η.
1769 4308 1836 4372 3),

148 4392 451 4447 Milevitani
480 4393 692 4448 scilicet
731 4393 1068 4464 presbyteri,
1102 4393 1202 4465 qui
1231 4398 1471 4464 urgente
1510 4394 1840 4448 necessitate

147 4495 248 4548 pro
293 4482 473 4535 salute
519 4482 653 4535 civis
682 4483 770 4536 sui
807 4483 877 4536 ad
917 4482 1042 4536 illas
1080 4488 1272 4553 partes
1311 4481 1616 4553 proﬁcisci,
1657 4499 1840 4554 quan-

147 4583 319 4637 quam
351 4570 540 4624 media
568 4570 779 4637 hieme,
810 4571 1276 4640 compellebatur,
1303 4587 1368 4625 eo
1398 4587 1532 4625 usus
1559 4575 1642 4624 est
1670 4571 1842 4624 tabel-

148 4655 308 4722 lario,
341 4663 406 4712 ut
431 4659 732 4729 epistolam
762 4661 999 4714 alteram
1021 4660 1286 4730 Olympio
1305 4658 1574 4723 mitteret,
1601 4675 1714 4729 qua
1733 4659 1837 4724 illi,

148 4759 318 4813 quam
366 4749 749 4802 necessarium
795 4754 940 4803 esset
992 4748 1250 4803 Ecclesia
1310 4748 1589 4801 Africana
1651 4747 1839 4817 prasi-

145 4831 322 4900 dium,
355 4836 509 4906 quod
536 4837 720 4891 eidem
751 4837 821 4891 ab
846 4836 970 4907 ipso
1001 4842 1205 4907 sponte
1235 4836 1491 4890 oblatum
1520 4837 1725 4902 fuerat,
1751 4852 1840 4888 ex-

145 4922 325 4988 ponit.
360 4925 426 4978 In
454 4923 553 4978 illo
601 4930 881 4995 quantum
909 4925 1133 4980 ﬁducia
1169 4928 1496 4995 reponeret,
1541 4939 1608 4977 ea
1637 4939 1698 4977 re
1739 4924 1838 4977 de-

146 5015 446 5078 monstrat,
488 5013 640 5082 quod
677 5029 792 5067 non
833 5013 1054 5068 dubitet
1097 5013 1270 5067 simul
1308 5011 1836 5080 commonitorium,

145 5112 253 5166 quo
281 5100 420 5169 quid
447 5101 730 5170 agendum
763 5106 1018 5156 censeret
1045 5102 1382 5172 explicabat,
1408 5101 1476 5156 ad
1499 5117 1632 5155 eum
1651 5102 1840 5170 perfe-

144 5187 382 5242 rendum
414 5191 568 5253 dare,
601 5190 753 5260 quod
799 5190 1096 5260 episcopis,
1138 5195 1517 5261 posteaquam
1556 5189 1617 5243 in
1648 5191 1839 5243 aulam

146 5277 524 5344 pervenerint,
583 5277 784 5332 reddat
839 5279 1025 5349 (Ibid.,
1068 5296 1122 5333 η.
1177 5281 1251 5348 4).
1311 5278 1534 5334 Etenim
1599 5279 1840 5348 putabat

149 5359 286 5428 fore,
316 5369 380 5418 ut
407 5365 492 5419 illi
519 5382 552 5418 a
577 5367 935 5436 presbytero,
957 5383 1286 5438 quanquam
1317 5367 1509 5421 itineri
1539 5366 1760 5437 priores
1780 5382 1838 5419 se

151 5447 451 5522 dedissent,
497 5459 994 5524 praverterentur.
1053 5456 1142 5509 Sic
1206 5460 1400 5510 tamen
1451 5455 1684 5510 consilia
1737 5471 1839 5507 sua

153 5538 384 5607 confert,
425 5547 489 5596 ut
527 5543 732 5613 quibus
765 5541 870 5596 viis
911 5542 1176 5596 Ecclesia
1223 5543 1441 5597 consuli
1476 5541 1837 5598 commodius

3545 316 3646 369 378

1957 430 2156 500 possit,
2189 431 2526 501 prasulibus
2570 431 2773 486 iisdem
2801 431 3086 503 relinquat
3115 433 3539 504 exponendum.
3577 438 3649 488 At

1955 534 2086 572 vero
2118 519 2281 589 petit,
2324 521 2598 590 obsecrat,
2629 521 2868 591 flagitat,
2908 525 2972 574 ut
3007 521 3128 592 ipse
3167 521 3407 592 publicis
3443 538 3644 592 quam-

1955 606 2205 677 primum
2236 606 2590 662 documentis
2615 609 2882 674 declaret,
2920 608 3094 678 leges,
3124 625 3252 678 qua
3278 607 3340 661 in
3370 609 3644 679 Paganos,

1952 694 2364 765 hareticosque
2413 695 2718 766 proposita
2758 696 3004 758 fuerant,
3047 697 3116 750 ab
3157 697 3500 767 lmperatore
3545 711 3646 748 vo-

1955 783 2106 837 lente
2151 800 2212 836 ac
2258 783 2467 837 sciente
2511 783 2683 838 fuisse
2730 783 3031 854 profectas,
3080 800 3185 838 nec
3236 783 3476 854 proinde
3522 782 3647 836 illas

1955 870 2280 925 Stilichonis
2328 876 2510 925 morte
2554 871 2804 942 potuisse
2834 872 3130 942 abrogari;
3165 888 3355 942 opera
3395 872 3647 942 pretium

1956 976 2098 1028 esse,
2129 965 2193 1013 ut
2219 959 2343 1014 sine
2374 961 2490 1014 ulla
2519 960 3026 1030 procrastinatione
3057 961 3112 1014 id
3136 961 3253 1026 ﬁat,
3277 976 3381 1014 nec
3401 961 3647 1014 adventu

1956 1047 2190 1118 quidem
2209 1048 2602 1118 episcoporum
2627 1047 2686 1101 in
2709 1049 2898 1102 aulam
2926 1053 3245 1118 exspectato
3263 1049 3457 1118 (Ibid,
3481 1065 3537 1102 η.
3564 1047 3646 1118 3);

1954 1137 2257 1203 propterea
2278 1134 2429 1204 quod
2462 1150 2528 1187 ea
2548 1133 2799 1202 procella
2827 1133 2884 1186 in
2916 1134 3112 1188 salutis
3133 1134 3450 1204 periculum
3475 1133 3651 1186 addu-

1955 1226 2219 1275 cerentur
2261 1222 2479 1275 inﬁrmi
2517 1223 2858 1292 complures,
2911 1222 3118 1292 quibus
3165 1238 3268 1293 per
3313 1221 3458 1275 vires
3514 1220 3648 1275 ﬁdei

1954 1310 2210 1363 nondum
2231 1311 2434 1364 licebat
2459 1327 2631 1380 supra
2651 1311 2901 1364 humana
2923 1326 3040 1364 sese
3069 1311 3344 1365 attollere.
3372 1312 3496 1380 Ipse
3516 1325 3647 1363 vero

1953 1413 2067 1468 qua
2095 1398 2313 1452 ratione
2339 1398 2691 1452 difﬁcillimis
2720 1399 2871 1452 hisce
2903 1399 3254 1469 temporibus
3284 1399 3473 1452 animo
3501 1413 3650 1451 com-

1951 1492 2184 1557 paratus
2213 1487 2408 1552 fuerit,
2437 1487 2681 1556 explicat
2701 1487 2759 1540 in
2788 1488 2943 1541 hunc
2975 1487 3210 1542 modum
3238 1489 3504 1542 :Multum
3522 1501 3650 1540 sane

1954 1574 2018 1627 de
2062 1574 2437 1642 quorumdam,
2482 1590 2652 1643 neque
2689 1590 2988 1643 paucorum
3027 1576 3134 1643 ﬁde
3173 1579 3331 1642 ﬁrma
3370 1579 3419 1627 et
3462 1573 3650 1628 stabili

1951 1663 2314 1728 gratulamur,
2347 1664 2444 1730 qui
2463 1679 2528 1716 ex
2550 1665 2824 1717 occasione
2844 1665 3017 1732 legum
3038 1666 3285 1732 ipsarum
3305 1662 3379 1716 ad
3397 1661 3650 1716 christia-

1952 1766 2078 1803 uam
2108 1751 2420 1816 religionem
2447 1751 2529 1804 vel
2554 1752 2871 1804 catholicam
2887 1767 3074 1819 pacem
3105 1752 3346 1804 conversi
3373 1754 3648 1816 sunt;pro

1953 1855 2179 1907 quorum
2216 1840 2392 1893 salute
2436 1841 2763 1907 sempiterna
2790 1853 2884 1892 uos
2931 1841 2989 1890 in
3021 1839 3120 1891 hac
3167 1838 3450 1906 temporali
3485 1839 3649 1890 etiam

1947 1928 2255 1996 periclitari
2282 1927 2528 1980 delectat.
2561 1929 2850 1994 Propterea
2887 1928 3029 1979 enim
3056 1927 3292 1979 maxime
3318 1924 3385 1978 ab
3414 1925 3647 1978 homini-

1955 2015 2050 2068 bus
2080 2015 2308 2069 nimium
2341 2014 2577 2082 dareque
2601 2016 2890 2082 perversis,
2916 2029 3054 2067 nunc
3084 2015 3498 2067 inimicitiarum
3518 2029 3648 2080 gra-

1953 2105 2124 2158 viores
2154 2105 2383 2172 impetus
2428 2104 2751 2156 sustinemus
2781 2102 2968 2171 (Ibid.,
3008 2118 3063 2156 η.
3093 2103 3170 2172 4).
3204 2101 3469 2166 Quamvis
3496 2117 3646 2154 asse-

1953 2197 2043 2246 rat
2069 2191 2420 2261 Augustinus
2475 2190 2774 2261 epistolam
2825 2190 2982 2244 illam
3029 2205 3190 2243 suam
3234 2189 3420 2244 media
3457 2189 3648 2243 hieme

1954 2285 2240 2334 exaratam
2277 2280 2458 2346 (Ibid.,
2500 2296 2554 2332 η.
2607 2281 2696 2348 2);
2745 2295 2862 2332 non
2905 2278 3111 2332 desunt
3153 2283 3346 2332 tamen
3385 2278 3485 2348 qui
3525 2277 3649 2347 ejus

1954 2385 2123 2422 causa
2154 2370 2369 2438 (procul
2401 2367 2576 2421 dubio
2608 2373 2823 2437 quanta
2853 2365 3011 2420 licuit
3051 2366 3350 2437 diligentia
3390 2365 3646 2436 perlata)

1953 2458 2166 2511 factum
2192 2461 2478 2523 censeant,
2519 2461 2581 2508 ut
2611 2456 2798 2525 legem
2836 2455 2940 2509 hoc
2969 2455 3091 2526 ipso
3131 2471 3281 2508 anno
3322 2460 3517 2508 octavo
3549 2454 3648 2507 ka-

1954 2545 2152 2599 lendas
2194 2545 2520 2599 decembres
2549 2544 2762 2609 datam,
2812 2561 2876 2597 ac
2909 2546 3127 2597 Donato
3169 2543 3228 2597 id
3275 2541 3551 2612 temporis
3592 2542 3647 2596 in

1953 2633 2140 2688 Africa
2168 2633 2567 2703 proconsulem
2599 2631 2791 2702 agenti
2827 2631 3159 2701 inscriptam
3192 2632 3396 2700 (Codice
3429 2631 3650 2696 Theod.,

1954 2722 2020 2775 dc
2051 2723 2342 2786 Haereticis,
2378 2722 2487 2786 lege
2515 2722 2622 2782 44),
2659 2719 2862 2773 sanciri
2900 2723 3123 2772 curaret
3161 2718 3456 2790 Olympius
3489 2733 3502 2772 ε
3539 2735 3652 2789 qua

1954 2811 2188 2880 quidem
2213 2811 2337 2879 lege
2354 2812 2630 2862 statutum
2655 2807 3016 2878 intelligitur,
3037 2807 3164 2860 utsi
3187 2807 3315 2878 quis
3337 2807 3394 2860 in
3419 2807 3649 2877 religio-

1955 2912 2087 2950 nem
2116 2895 2334 2966 aliquid
2375 2899 2694 2959 attentaret,
2725 2900 3144 2948 sacramentave
3174 2895 3521 2964 profanaret,
3555 2910 3648 2948 ex-

1955 2984 2160 3055 pressis
2190 2983 2534 3037 nominatim
2567 2982 2894 3047 Donatistis,
2925 2981 2983 3034 in
3024 2997 3154 3034 eum
3195 2997 3263 3034 ex
3290 2981 3485 3051 legum
3521 2981 3650 3052 jure

1954 3071 2517 3126 animadverteretur.
2564 3071 2793 3124 Decimo
2841 3074 3035 3123 octavo
3080 3068 3350 3122 kalendas
3395 3067 3653 3139 ejusdem

1954 3161 2167 3216 mensis
2199 3162 2320 3232 jam
2358 3161 2540 3214 fuerat
2581 3161 2650 3214 ab
2699 3159 2945 3214 Honorio
2994 3157 3373 3230 prohibitum,
3405 3173 3476 3211 ne
3523 3157 3651 3229 quis

1953 3250 2062 3321 ipsi
2101 3249 2235 3304 ﬁdei
2273 3249 2679 3320 religionisque
2719 3248 2944 3301 vinculo
2986 3263 3100 3300 non
3138 3246 3493 3316 conjunctus,
3545 3246 3652 3300 hoc

1955 3343 2057 3398 est,
2090 3354 2155 3392 ex
2187 3337 2523 3392 adversariis
2549 3337 2799 3391 veritatis
2838 3335 3148 3404 catholica,
3182 3336 3300 3389 ulla
3337 3333 3650 3405 imperialis

1954 3427 2101 3480 aula
2138 3443 2381 3481 munera
2418 3431 2736 3498 capesseret
2776 3425 2957 3495 (Ibid.,
2991 3427 3101 3494 lege
3137 3426 3243 3492 42).
3283 3423 3419 3476 Hinc
3458 3422 3650 3476 Ethni-

1954 3516 2032 3569 cis
2072 3531 2138 3569 eo
2182 3520 2438 3586 tempore
2485 3513 2883 3585 hujuscemodi
2928 3512 3239 3568 honoribus
3285 3511 3650 3565 interdictum

1953 3602 2126 3656 fuisse
2173 3608 2413 3657 testatur
2463 3604 2720 3657 Zosimus
2787 3604 3072 3671 (Zosimus,
3135 3603 3388 3654 Historia
3427 3600 3519 3652 lib.
3577 3602 3647 3660 5).

1953 3691 2035 3744 Ad
2066 3691 2188 3744 hac
2210 3691 2490 3745 Honorius
2511 3693 2808 3746 Theodoro
2831 3690 3080 3760 pratorii
3113 3689 3378 3758 prafecto
3407 3688 3651 3741 edictum

1954 3777 2157 3848 quinto
2179 3778 2452 3831 kalendas
2473 3779 2730 3847 ejusdem
2753 3777 2966 3830 mensis
2988 3776 3162 3837 dedit,
3188 3792 3301 3845 quo
3328 3775 3652 3829 defensores

1954 3865 2257 3935 caterique
2297 3864 2664 3934 magistratus
2701 3864 2998 3917 universos
3047 3881 3079 3916 a
3115 3862 3518 3916 communione
3558 3880 3649 3916 ca-

1953 3953 2294 4006 tholicorum
2323 3953 2647 4007 antistitum
2677 3953 2894 4007 alienos
2935 3969 2966 4006 a
2997 3950 3196 4022 quavis
3225 3950 3498 4004 concione
3535 3951 3650 4004 sive

1951 4042 2014 4096 in
2051 4042 2287 4096 urbibus
2331 4059 2431 4096 seu
2480 4041 2601 4095 ruri
2649 4041 2912 4096 habenda
2955 4039 3343 4110 prohiberent,
3388 4038 3651 4092 universa

1951 4130 2099 4197 loca,
2126 4129 2187 4182 in
2219 4127 2790 4200 quibus‘istiusmodi
2835 4127 3019 4181 illiciti
3049 4131 3226 4181 catus
3262 4125 3530 4179 celebrati
3562 4143 3646 4179 es-

1952 4222 2096 4283 sent,
2125 4219 2262 4271 tisco
2293 4217 2652 4283 addicerent;
2685 4223 2854 4295 atque
2895 4217 3033 4270 adeo
3061 4216 3191 4269 illos
3229 4214 3652 4285 proscriberent

1950 4311 2335 4377 cogerentque
2367 4306 2435 4360 ad
2467 4306 2654 4360 solum
2697 4304 3058 4374 vertendum,
3090 4304 3190 4374 qui
3231 4303 3549 4358 doctrinam
3579 4304 3649 4357 ab

1951 4411 2037 4461 ca,
2071 4410 2245 4466 quam
2284 4394 2557 4449 divinitus
2600 4393 2944 4464 accepimus,
2991 4393 3427 4447 condemnatam
3462 4392 3649 4446 trade-

1950 4488 2078 4538 rent
2107 4484 2314 4553 (Codice
2349 4484 2569 4552 Theod.,
2603 4484 2668 4537 de
2697 4485 2973 4538 Hareticis
3004 4483 3114 4550 lege
3147 4484 3255 4549 45).
3293 4483 3405 4535 Hoc
3445 4481 3648 4536 eodem

1951 4574 2064 4639 die,
2097 4574 2144 4626 si
2183 4574 2531 4628 credendum
2570 4573 2991 4627 Sirmundiana
3029 4569 3345 4641 Appendici
3377 4570 3644 4638 (Append.

1949 4662 2076 4717 Cod.
2117 4663 2339 4728 Theod.,
2368 4678 2487 4730 cap.
2523 4663 2604 4731 9);
2635 4662 2723 4715 vel
2753 4660 3011 4714 kalendis
3042 4659 3378 4724 decembris,
3403 4659 3449 4711 si
3483 4659 3652 4712 Codi-

1948 4750 2026 4802 cis
2055 4749 2292 4803 editioni
2323 4750 2590 4803 standum
2620 4749 2829 4817 (Codice
2862 4748 3082 4812 Theod.,
3109 4748 3174 4800 de
3201 4748 3507 4815 Episcopis,
3541 4749 3651 4814 lege

1949 4839 2059 4906 39),
2093 4838 2374 4891 Honorius
2405 4837 2766 4891 demandavit
2803 4837 2990 4891 eidem
3033 4835 3327 4889 Theodoro
3375 4835 3650 4889 constitu-

1948 4925 2163 4980 tionem
2204 4926 2396 4991 aliam,
2435 4942 2548 4995 qua
2586 4925 2946 4996 disciplinam
2991 4923 3426 4978 ecclesiasticam
3468 4923 3648 4978 sancit

1949 5027 2011 5063 ac
2039 5010 2248 5075 ﬁrmat,
2271 5009 2562 5075 edicendo,
2598 5015 2661 5064 ut
2689 5010 2789 5079 qui
2819 5009 2888 5064 ab
2915 5009 3194 5080 episcopis
3223 5009 3492 5063 clericatu
3523 5007 3645 5061 fue-

1951 5098 2068 5152 rint
2100 5097 2362 5165 abdicati,
2392 5100 2477 5152 vel
2511 5115 2642 5152 eum
2673 5104 2870 5169 suapte
2900 5104 3100 5170 sponte
3127 5098 3498 5161 deseruerint,
3526 5096 3650 5164 ejus

1948 5187 2118 5240 etiam
2149 5187 2460 5258 privilegiis
2489 5188 2777 5248 caderent,
2811 5188 3024 5242 muniis
3057 5187 3440 5256 oneribusquc
3462 5183 3648 5254 publi-

1947 5275 2026 5328 cis
2057 5275 2330 5330 laicorum
2358 5276 2537 5330 instar
2567 5277 2906 5347 mancipati;
2933 5278 3028 5331 sed
3057 5276 3170 5330 illis
3193 5274 3426 5329 omnino
3457 5270 3646 5325 aditus

1947 5364 2014 5418 ad
2047 5364 2352 5434 dignitates
2403 5365 2677 5420 militares
2721 5366 3213 5420 intercluderetur.
3249 5365 3441 5431 Neque
3485 5359 3644 5414 enim

1945 5453 2277 5506 hominibus
2307 5453 2503 5508 ﬁdeles
2531 5459 2800 5525 prastare
2849 5471 2907 5508 se
2957 5454 3073 5506 ullo
3105 5451 3272 5504 modo
3318 5464 3498 5519 posse,
3536 5448 3636 5520 qui

1945 5542 2117 5596 ﬁdem
2146 5545 2255 5597 Deo
2285 5543 2518 5614 fregisse
2531 5549 2611 5596 nt.
